  <div class='ocr_page' id='page_1' title='image "/cluster/home/n/w/nwhite01/storage/ocr_20150623/141/coo.31924054870468/482.png"; bbox 0 0 3962 6398; ppageno 0'>
   <div class='ocr_carea' id='block_1_1' title="bbox 301 438 408 501">
    <p class='ocr_par' dir='ltr' id='par_1_1' title="bbox 301 438 408 501">
     <span class='ocr_line' id='line_1_1' title="bbox 301 438 408 501; baseline -0.047 1"><span class='ocrx_word' id='word_1_1' title='bbox 301 438 408 501; x_wconf 81' lang='grc' dir='ltr'><strong>95Ἷ</strong></span> 
     </span>
    </p>
   </div>
   <div class='ocr_carea' id='block_1_2' title="bbox 1293 420 2459 491">
    <p class='ocr_par' dir='ltr' id='par_1_2' title="bbox 1293 420 2459 491">
     <span class='ocr_line' id='line_1_2' title="bbox 1293 420 2459 491; baseline -0.009 0"><span class='ocrx_word' id='word_1_2' title='bbox 1293 427 1392 491; x_wconf 90' lang='lat' dir='ltr'><strong>DE</strong></span> <span class='ocrx_word' id='word_1_3' title='bbox 1434 424 1944 491; x_wconf 83' lang='lat' dir='ltr'><strong>DEPOSITIONE</strong></span> <span class='ocrx_word' id='word_1_4' title='bbox 1983 423 2132 488; x_wconf 79' lang='lat' dir='ltr'><strong>SUA</strong></span> <span class='ocrx_word' id='word_1_5' title='bbox 2172 420 2397 485; x_wconf 82' lang='lat' dir='ltr'><strong>ORAT.</strong></span> <span class='ocrx_word' id='word_1_6' title='bbox 2430 420 2459 481; x_wconf 94' lang='grc' dir='ltr'>Ι</span> 
     </span>
    </p>
   </div>
   <div class='ocr_carea' id='block_1_3' title="bbox 3455 407 3560 468">
    <p class='ocr_par' dir='ltr' id='par_1_3' title="bbox 3455 407 3560 468">
     <span class='ocr_line' id='line_1_3' title="bbox 3455 407 3560 468; baseline -0.01 0"><span class='ocrx_word' id='word_1_7' title='bbox 3455 407 3560 468; x_wconf 79' lang='lat'><strong>958</strong></span> 
     </span>
    </p>
   </div>
   <div class='ocr_carea' id='block_1_4' title="bbox 302 522 1891 627">
    <p class='ocr_par' dir='ltr' id='par_1_4' title="bbox 302 540 1877 627">
     <span class='ocr_line' id='line_1_4' title="bbox 302 540 1877 627; baseline -0.008 -16"><span class='ocrx_word' id='word_1_8' title='bbox 302 558 338 627; x_wconf 79' lang='grc' dir='ltr'><strong>ἡ</strong></span> <span class='ocrx_word' id='word_1_9' title='bbox 402 551 633 625; x_wconf 78' lang='grc' dir='ltr'>ἀλήθεια</span> <span class='ocrx_word' id='word_1_10' title='bbox 676 540 949 622; x_wconf 81' lang='grc' dir='ltr'>βούλεται,</span> <span class='ocrx_word' id='word_1_11' title='bbox 1000 551 1116 604; x_wconf 87' lang='grc' dir='ltr'>ἀλλ’</span> <span class='ocrx_word' id='word_1_12' title='bbox 1161 551 1237 613; x_wconf 87' lang='grc' dir='ltr'>ὼς</span> <span class='ocrx_word' id='word_1_13' title='bbox 1296 551 1452 604; x_wconf 75' lang='grc' dir='ltr'>αὐτοὶ</span> <span class='ocrx_word' id='word_1_14' title='bbox 1498 546 1682 603; x_wconf 82' lang='grc' dir='ltr'><strong>νοοῦσι</strong></span> <span class='ocrx_word' id='word_1_15' title='bbox 1738 544 1877 615; x_wconf 82' lang='grc' dir='ltr'>πρὸς</span> 
     </span>
    </p>
   </div>
   <div class='ocr_carea' id='block_1_5' title="bbox 1996 522 3558 627">
    <p class='ocr_par' dir='ltr' id='par_1_5' title="bbox 1996 522 3558 602">
     <span class='ocr_line' id='line_1_5' title="bbox 1996 522 3558 602; baseline -0.013 -6"><span class='ocrx_word' id='word_1_16' title='bbox 1996 558 2079 599; x_wconf 65' lang='lat' dir='ltr'><strong>mes</strong></span> <span class='ocrx_word' id='word_1_17' title='bbox 2132 540 2537 598; x_wconf 73' lang='lat' dir='ltr'><strong>accusationem</strong></span> <span class='ocrx_word' id='word_1_18' title='bbox 2587 531 2791 597; x_wconf 78' lang='lat' dir='ltr'><strong>induci,</strong></span> <span class='ocrx_word' id='word_1_19' title='bbox 2823 530 2942 602; x_wconf 86' lang='lat' dir='ltr'><strong>qui,</strong></span> <span class='ocrx_word' id='word_1_20' title='bbox 2971 541 3081 585; x_wconf 92' lang='lat' dir='ltr'><strong>non</strong></span> <span class='ocrx_word' id='word_1_21' title='bbox 3143 534 3200 582; x_wconf 78' lang='lat' dir='ltr'><strong>at</strong></span> <span class='ocrx_word' id='word_1_22' title='bbox 3232 522 3439 580; x_wconf 89' lang='lat' dir='ltr'><strong>veritas</strong></span> <span class='ocrx_word' id='word_1_23' title='bbox 3467 537 3558 577; x_wconf 46' lang='lat' dir='ltr'><strong>re‘</strong></span> 
     </span>
    </p>
   </div>
   <div class='ocr_carea' id='block_1_6' title="bbox 302 634 1879 715">
    <p class='ocr_par' dir='ltr' id='par_1_6' title="bbox 302 634 1879 715">
     <span class='ocr_line' id='line_1_6' title="bbox 302 634 1879 715; baseline -0.009 -14"><span class='ocrx_word' id='word_1_24' title='bbox 302 647 366 700; x_wconf 81' lang='grc' dir='ltr'>τὸ</span> <span class='ocrx_word' id='word_1_25' title='bbox 395 646 729 715; x_wconf 79' lang='grc' dir='ltr'><strong>κατηγορεῖν</strong></span> <span class='ocrx_word' id='word_1_26' title='bbox 760 642 1114 713; x_wconf 72' lang='grc' dir='ltr'>ἐρχομένους.</span> <span class='ocrx_word' id='word_1_27' title='bbox 1145 641 1209 695; x_wconf 76' lang='lat' dir='ltr'><strong>El</strong></span> <span class='ocrx_word' id='word_1_28' title='bbox 1249 641 1307 694; x_wconf 82' lang='grc' dir='ltr'>δὲ</span> <span class='ocrx_word' id='word_1_29' title='bbox 1329 642 1423 695; x_wconf 70' lang='grc' dir='ltr'>καὶ</span> <span class='ocrx_word' id='word_1_30' title='bbox 1452 641 1529 703; x_wconf 80' lang='grc' dir='ltr'>ὡς</span> <span class='ocrx_word' id='word_1_31' title='bbox 1573 637 1703 707; x_wconf 71' lang='grc' dir='ltr'>περὶ</span> <span class='ocrx_word' id='word_1_32' title='bbox 1743 634 1879 689; x_wconf 87' lang='grc' dir='ltr'>Θεοῦ</span> 
     </span>
    </p>
   </div>
   <div class='ocr_carea' id='block_1_7' title="bbox 303 726 1882 804">
    <p class='ocr_par' dir='ltr' id='par_1_7' title="bbox 303 726 1882 804">
     <span class='ocr_line' id='line_1_7' title="bbox 303 726 1882 804; baseline -0.008 -13"><span class='ocrx_word' id='word_1_33' title='bbox 303 738 402 792; x_wconf 74' lang='grc' dir='ltr'>καὶ</span> <span class='ocrx_word' id='word_1_34' title='bbox 453 735 690 798; x_wconf 89' lang='grc' dir='ltr'>πίστεως</span> <span class='ocrx_word' id='word_1_35' title='bbox 741 734 1107 804; x_wconf 79' lang='grc' dir='ltr'>προφέρονται</span> <span class='ocrx_word' id='word_1_36' title='bbox 1144 732 1213 785; x_wconf 82' lang='grc' dir='ltr'>τὰ</span> <span class='ocrx_word' id='word_1_37' title='bbox 1240 732 1560 801; x_wconf 74' lang='grc' dir='ltr'><strong>αἰτιάματα,</strong></span> <span class='ocrx_word' id='word_1_38' title='bbox 1596 728 1657 782; x_wconf 79' lang='grc' dir='ltr'>οὐ</span> <span class='ocrx_word' id='word_1_39' title='bbox 1694 726 1882 797; x_wconf 82' lang='grc' dir='ltr'>μέτρῳ</span> 
     </span>
    </p>
   </div>
   <div class='ocr_carea' id='block_1_8' title="bbox 300 818 1883 896">
    <p class='ocr_par' dir='ltr' id='par_1_8' title="bbox 300 818 1883 896">
     <span class='ocr_line' id='line_1_8' title="bbox 300 818 1883 896; baseline -0.009 -14"><span class='ocrx_word' id='word_1_40' title='bbox 300 826 412 882; x_wconf 77' lang='grc' dir='ltr'>τινὶ</span> <span class='ocrx_word' id='word_1_41' title='bbox 433 825 570 896; x_wconf 74' lang='grc' dir='ltr'>πρὸς</span> <span class='ocrx_word' id='word_1_42' title='bbox 599 826 771 895; x_wconf 85' lang='grc' dir='ltr'>ὀργήν</span> <span class='ocrx_word' id='word_1_43' title='bbox 798 827 914 877; x_wconf 66' lang='grc' dir='ltr'>ἐστι</span> <span class='ocrx_word' id='word_1_44' title='bbox 940 824 1063 877; x_wconf 87' lang='grc' dir='ltr'>τότε</span> <span class='ocrx_word' id='word_1_45' title='bbox 1094 823 1157 876; x_wconf 81' lang='grc' dir='ltr'>τὸ</span> <span class='ocrx_word' id='word_1_46' title='bbox 1199 821 1510 892; x_wconf 84' lang='grc' dir='ltr'>ἀνθρώποις</span> <span class='ocrx_word' id='word_1_47' title='bbox 1538 818 1883 888; x_wconf 82' lang='grc' dir='ltr'><strong>ἀλογώτερον</strong></span> 
     </span>
    </p>
   </div>
   <div class='ocr_carea' id='block_1_9' title="bbox 302 907 1877 986">
    <p class='ocr_par' dir='ltr' id='par_1_9' title="bbox 302 907 1877 986">
     <span class='ocr_line' id='line_1_9' title="bbox 302 907 1877 986; baseline -0.008 -14"><span class='ocrx_word' id='word_1_48' title='bbox 302 916 700 986; x_wconf 75' lang='grc' dir='ltr'><strong>ἀναπτόμενον.</strong></span> <span class='ocrx_word' id='word_1_49' title='bbox 726 913 884 984; x_wconf 83' lang='grc' dir='ltr'>Τάχα</span> <span class='ocrx_word' id='word_1_50' title='bbox 912 914 1019 985; x_wconf 84' lang='grc' dir='ltr'>γὰρ</span> <span class='ocrx_word' id='word_1_51' title='bbox 1046 915 1074 967; x_wconf 81' lang='grc' dir='ltr'>ὁ</span> <span class='ocrx_word' id='word_1_52' title='bbox 1103 911 1342 986; x_wconf 82' lang='grc' dir='ltr'>τοιοῦτος</span> <span class='ocrx_word' id='word_1_53' title='bbox 1367 911 1436 964; x_wconf 79' lang='grc' dir='ltr'><strong>τὰ</strong></span> <span class='ocrx_word' id='word_1_54' title='bbox 1470 909 1682 981; x_wconf 83' lang='grc' dir='ltr'>μεγάλα</span> <span class='ocrx_word' id='word_1_55' title='bbox 1703 907 1877 962; x_wconf 71' lang='grc' dir='ltr'>οἴεται</span> 
     </span>
    </p>
   </div>
   <div class='ocr_carea' id='block_1_10' title="bbox 302 984 1882 1082">
    <p class='ocr_par' dir='ltr' id='par_1_10' title="bbox 302 984 1882 1082">
     <span class='ocr_line' id='line_1_10' title="bbox 302 984 1882 1082; baseline -0.008 -16"><span class='ocrx_word' id='word_1_56' title='bbox 302 984 629 1082; x_wconf 86' lang='grc' dir='ltr'>θεραπεύειν</span> <span class='ocrx_word' id='word_1_57' title='bbox 649 1007 785 1061; x_wconf 77' lang='grc' dir='ltr'>Θεὸν</span> <span class='ocrx_word' id='word_1_58' title='bbox 807 1048 822 1075; x_wconf 94' lang='grc'><strong>,</strong></span> <span class='ocrx_word' id='word_1_59' title='bbox 867 1009 915 1060; x_wconf 76' lang='grc' dir='ltr'>εἰ</span> <span class='ocrx_word' id='word_1_60' title='bbox 958 984 1118 1077; x_wconf 78' lang='grc' dir='ltr'>μέχρι</span> <span class='ocrx_word' id='word_1_61' title='bbox 1157 984 1375 1074; x_wconf 77' lang='grc' dir='ltr'><strong>σφαγῆς</strong></span> <span class='ocrx_word' id='word_1_62' title='bbox 1413 1006 1505 1057; x_wconf 76' lang='grc' dir='ltr'>καὶ</span> <span class='ocrx_word' id='word_1_63' title='bbox 1539 1003 1769 1073; x_wconf 80' lang='grc' dir='ltr'>αἵματος</span> <span class='ocrx_word' id='word_1_64' title='bbox 1791 1000 1882 1054; x_wconf 79' lang='grc' dir='ltr'>τὸν</span> 
     </span>
    </p>
   </div>
   <div class='ocr_carea' id='block_1_11' title="bbox 298 1092 1881 1171">
    <p class='ocr_par' dir='ltr' id='par_1_11' title="bbox 298 1092 1881 1171">
     <span class='ocr_line' id='line_1_11' title="bbox 298 1092 1881 1171; baseline -0.008 -14"><span class='ocrx_word' id='word_1_65' title='bbox 298 1098 782 1171; x_wconf 76' lang='grc' dir='ltr'>κατηγορούμενον</span> <span class='ocrx_word' id='word_1_66' title='bbox 839 1100 908 1151; x_wconf 86' lang='grc' dir='ltr'>τὰ</span> <span class='ocrx_word' id='word_1_67' title='bbox 940 1094 1464 1169; x_wconf 73' lang='grc' dir='ltr'>τοιαῦταμετέλθῃ,</span> <span class='ocrx_word' id='word_1_68' title='bbox 1514 1096 1591 1158; x_wconf 77' lang='grc' dir='ltr'><strong>εἰς</strong></span> <span class='ocrx_word' id='word_1_69' title='bbox 1631 1095 1768 1157; x_wconf 83' lang='grc' dir='ltr'>ὅπερ</span> <span class='ocrx_word' id='word_1_70' title='bbox 1817 1092 1881 1161; x_wconf 86' lang='grc' dir='ltr'>δὴ</span> 
     </span>
    </p>
   </div>
   <div class='ocr_carea' id='block_1_12' title="bbox 298 1184 1883 1260">
    <p class='ocr_par' dir='ltr' id='par_1_12' title="bbox 298 1184 1883 1260">
     <span class='ocr_line' id='line_1_12' title="bbox 298 1184 1883 1260; baseline -0.005 -15"><span class='ocrx_word' id='word_1_71' title='bbox 298 1190 555 1246; x_wconf 81' lang='grc' dir='ltr'>κινδύνου</span> <span class='ocrx_word' id='word_1_72' title='bbox 614 1190 747 1260; x_wconf 90' lang='grc' dir='ltr'>παρ’</span> <span class='ocrx_word' id='word_1_73' title='bbox 790 1187 969 1256; x_wconf 82' lang='grc' dir='ltr'>ὀλίγον</span> <span class='ocrx_word' id='word_1_74' title='bbox 1010 1186 1244 1259; x_wconf 78' lang='grc' dir='ltr'>ἤλθομεν</span> <span class='ocrx_word' id='word_1_75' title='bbox 1290 1188 1383 1240; x_wconf 70' lang='grc' dir='ltr'>καὶ</span> <span class='ocrx_word' id='word_1_76' title='bbox 1413 1188 1593 1256; x_wconf 81' lang='grc' dir='ltr'><strong>ἡμεῖς.</strong></span> <span class='ocrx_word' id='word_1_77' title='bbox 1627 1185 1751 1238; x_wconf 77' lang='grc' dir='ltr'><strong>Ἐπὶ</strong></span> <span class='ocrx_word' id='word_1_78' title='bbox 1774 1184 1883 1255; x_wconf 84' lang='grc' dir='ltr'><strong>γὰρ</strong></span> 
     </span>
    </p>
   </div>
   <div class='ocr_carea' id='block_1_13' title="bbox 301 1276 1880 1352">
    <p class='ocr_par' dir='ltr' id='par_1_13' title="bbox 301 1276 1880 1352">
     <span class='ocr_line' id='line_1_13' title="bbox 301 1276 1880 1352; baseline -0.004 -17"><span class='ocrx_word' id='word_1_79' title='bbox 301 1282 486 1352; x_wconf 71' lang='grc' dir='ltr'>τρισὶν</span> <span class='ocrx_word' id='word_1_80' title='bbox 532 1280 684 1343; x_wconf 80' lang='grc' dir='ltr'>ὅλαις</span> <span class='ocrx_word' id='word_1_81' title='bbox 707 1280 953 1350; x_wconf 78' lang='grc' dir='ltr'><strong>ἡμέραις</strong></span> <span class='ocrx_word' id='word_1_82' title='bbox 979 1279 1206 1348; x_wconf 74' lang='grc' dir='ltr'>θαρῤεἶν</span> <span class='ocrx_word' id='word_1_83' title='bbox 1235 1279 1336 1331; x_wconf 86' lang='grc' dir='ltr'>οὐκ</span> <span class='ocrx_word' id='word_1_84' title='bbox 1363 1278 1583 1348; x_wconf 81' lang='grc' dir='ltr'>εἴχομεν</span> <span class='ocrx_word' id='word_1_85' title='bbox 1614 1276 1880 1348; x_wconf 85' lang='grc' dir='ltr'>ἀκριϐῶς,</span> 
     </span>
    </p>
   </div>
   <div class='ocr_carea' id='block_1_14' title="bbox 299 1365 1883 1444">
    <p class='ocr_par' dir='ltr' id='par_1_14' title="bbox 299 1365 1883 1444">
     <span class='ocr_line' id='line_1_14' title="bbox 299 1365 1883 1444; baseline -0.006 -17"><span class='ocrx_word' id='word_1_86' title='bbox 299 1367 372 1444; x_wconf 78' lang='grc' dir='ltr'>ἦς</span> <span class='ocrx_word' id='word_1_87' title='bbox 399 1372 616 1442; x_wconf 79' lang='grc' dir='ltr'>ἡμέρας</span> <span class='ocrx_word' id='word_1_88' title='bbox 643 1370 706 1423; x_wconf 85' lang='grc' dir='ltr'>τὸ</span> <span class='ocrx_word' id='word_1_89' title='bbox 740 1369 961 1423; x_wconf 76' lang='grc' dir='ltr'>ἑωθινὸν</span> <span class='ocrx_word' id='word_1_90' title='bbox 995 1370 1207 1439; x_wconf 80' lang='grc' dir='ltr'>εἴδομεν</span> <span class='ocrx_word' id='word_1_91' title='bbox 1261 1368 1487 1433; x_wconf 79' lang='grc' dir='ltr'>ζῶντες,</span> <span class='ocrx_word' id='word_1_92' title='bbox 1530 1365 1737 1436; x_wconf 74' lang='grc' dir='ltr'>ταύτης</span> <span class='ocrx_word' id='word_1_93' title='bbox 1788 1366 1883 1419; x_wconf 73' lang='grc' dir='ltr'><strong>καὶ</strong></span> 
     </span>
    </p>
   </div>
   <div class='ocr_carea' id='block_1_15' title="bbox 303 1461 982 1532">
    <p class='ocr_par' dir='ltr' id='par_1_15' title="bbox 303 1461 982 1532">
     <span class='ocr_line' id='line_1_15' title="bbox 303 1461 982 1532; baseline -0.004 -13"><span class='ocrx_word' id='word_1_94' title='bbox 303 1467 369 1518; x_wconf 74' lang='grc' dir='ltr'>τὸ</span> <span class='ocrx_word' id='word_1_95' title='bbox 396 1464 550 1527; x_wconf 81' lang='grc' dir='ltr'>τέλος</span> <span class='ocrx_word' id='word_1_96' title='bbox 582 1461 788 1532; x_wconf 80' lang='grc' dir='ltr'>ὁμοίως</span> <span class='ocrx_word' id='word_1_97' title='bbox 828 1461 982 1516; x_wconf 77' lang='grc' dir='ltr'>ἰδεῖν.</span> 
     </span>
    </p>
   </div>
   <div class='ocr_carea' id='block_1_16' title="bbox 366 1632 1887 1705">
    <p class='ocr_par' dir='ltr' id='par_1_16' title="bbox 366 1632 1887 1705">
     <span class='ocr_line' id='line_1_16' title="bbox 366 1632 1887 1705; baseline -0.004 -15"><span class='ocrx_word' id='word_1_98' title='bbox 366 1633 441 1699; x_wconf 80' lang='grc' dir='ltr'><strong>ς’.</strong></span> <span class='ocrx_word' id='word_1_99' title='bbox 463 1634 615 1690; x_wconf 83' lang='grc' dir='ltr'><strong>Μετᾶ</strong></span> <span class='ocrx_word' id='word_1_100' title='bbox 637 1633 695 1688; x_wconf 90' lang='grc' dir='ltr'><strong>δε</strong></span> <span class='ocrx_word' id='word_1_101' title='bbox 719 1650 816 1703; x_wconf 89' lang='grc' dir='ltr'><strong>την</strong></span> <span class='ocrx_word' id='word_1_102' title='bbox 841 1634 1020 1688; x_wconf 82' lang='grc' dir='ltr'>αὐτῶν</span> <span class='ocrx_word' id='word_1_103' title='bbox 1049 1635 1259 1705; x_wconf 82' lang='grc' dir='ltr'>τρίτην,</span> <span class='ocrx_word' id='word_1_104' title='bbox 1281 1634 1350 1688; x_wconf 77' lang='grc' dir='ltr'><strong>τὰ</strong></span> <span class='ocrx_word' id='word_1_105' title='bbox 1383 1636 1449 1687; x_wconf 80' lang='grc' dir='ltr'>ὲκ</span> <span class='ocrx_word' id='word_1_106' title='bbox 1482 1634 1587 1687; x_wconf 88' lang='grc' dir='ltr'>τῶν</span> <span class='ocrx_word' id='word_1_107' title='bbox 1610 1632 1887 1705; x_wconf 80' lang='grc' dir='ltr'><strong>ῥηθέντων</strong></span> 
     </span>
    </p>
   </div>
   <div class='ocr_carea' id='block_1_17' title="bbox 298 1721 1885 1797">
    <p class='ocr_par' dir='ltr' id='par_1_17' title="bbox 298 1721 1885 1797">
     <span class='ocr_line' id='line_1_17' title="bbox 298 1721 1885 1797; baseline -0.004 -16"><span class='ocrx_word' id='word_1_108' title='bbox 298 1725 569 1781; x_wconf 77' lang='grc' dir='ltr'>κωδώνων</span> <span class='ocrx_word' id='word_1_109' title='bbox 593 1726 757 1797; x_wconf 78' lang='grc' dir='ltr'>ἦχουν</span> <span class='ocrx_word' id='word_1_110' title='bbox 788 1726 950 1781; x_wconf 84' lang='grc' dir='ltr'>πάλιν</span> <span class='ocrx_word' id='word_1_111' title='bbox 981 1726 1337 1796; x_wconf 84' lang='grc' dir='ltr'>κηρύγματα,</span> <span class='ocrx_word' id='word_1_112' title='bbox 1390 1727 1484 1779; x_wconf 74' lang='grc' dir='ltr'>καὶ</span> <span class='ocrx_word' id='word_1_113' title='bbox 1531 1727 1695 1778; x_wconf 86' lang='grc' dir='ltr'>πάλιν</span> <span class='ocrx_word' id='word_1_114' title='bbox 1748 1721 1885 1776; x_wconf 85' lang='grc' dir='ltr'>ἀτά-</span> 
     </span>
    </p>
   </div>
   <div class='ocr_carea' id='block_1_18' title="bbox 304 1815 1883 1890">
    <p class='ocr_par' dir='ltr' id='par_1_18' title="bbox 304 1815 1883 1890">
     <span class='ocr_line' id='line_1_18' title="bbox 304 1815 1883 1890; baseline -0.004 -17"><span class='ocrx_word' id='word_1_115' title='bbox 304 1836 438 1873; x_wconf 82' lang='grc' dir='ltr'>κτου</span> <span class='ocrx_word' id='word_1_116' title='bbox 463 1817 701 1890; x_wconf 80' lang='grc' dir='ltr'><strong>πλήθους</strong></span> <span class='ocrx_word' id='word_1_117' title='bbox 725 1818 891 1890; x_wconf 79' lang='grc' dir='ltr'>ὁρμὴ,</span> <span class='ocrx_word' id='word_1_118' title='bbox 912 1819 1004 1872; x_wconf 78' lang='grc' dir='ltr'>καὶ</span> <span class='ocrx_word' id='word_1_119' title='bbox 1023 1818 1182 1873; x_wconf 86' lang='grc' dir='ltr'>πάλιν</span> <span class='ocrx_word' id='word_1_120' title='bbox 1202 1819 1430 1887; x_wconf 80' lang='grc' dir='ltr'>ἀνδρῶν,</span> <span class='ocrx_word' id='word_1_121' title='bbox 1452 1818 1512 1871; x_wconf 74' lang='grc' dir='ltr'>οὔ</span> <span class='ocrx_word' id='word_1_122' title='bbox 1530 1819 1747 1873; x_wconf 89' lang='grc' dir='ltr'>πάντων</span> <span class='ocrx_word' id='word_1_123' title='bbox 1763 1815 1883 1885; x_wconf 79' lang='grc' dir='ltr'>μὲν,</span> 
     </span>
    </p>
   </div>
   <div class='ocr_carea' id='block_1_19' title="bbox 307 1881 1959 1982">
    <p class='ocr_par' dir='ltr' id='par_1_19' title="bbox 307 1881 1959 1982">
     <span class='ocr_line' id='line_1_19' title="bbox 307 1881 1959 1982; baseline 0.001 -20"><span class='ocrx_word' id='word_1_124' title='bbox 307 1911 409 1965; x_wconf 81' lang='grc' dir='ltr'>οὐκ</span> <span class='ocrx_word' id='word_1_125' title='bbox 430 1881 629 1978; x_wconf 79' lang='grc' dir='ltr'>ὀλίγων</span> <span class='ocrx_word' id='word_1_126' title='bbox 655 1881 712 1963; x_wconf 64' lang='lat' dir='ltr'><strong>et</strong></span> <span class='ocrx_word' id='word_1_127' title='bbox 741 1881 878 1974; x_wconf 64' lang='grc' dir='ltr'><strong>ἑέωξ</strong></span> <span class='ocrx_word' id='word_1_128' title='bbox 912 1910 1199 1980; x_wconf 84' lang='grc' dir='ltr'>φονώντων</span> <span class='ocrx_word' id='word_1_129' title='bbox 1248 1881 1524 1982; x_wconf 77' lang='grc' dir='ltr'>ἄθροισμα</span> <span class='ocrx_word' id='word_1_130' title='bbox 1556 1881 1866 1981; x_wconf 78' lang='grc' dir='ltr'>παμμιγὲς,</span> <span class='ocrx_word' id='word_1_131' title='bbox 1909 1881 1959 1942; x_wconf 77' lang='grc' dir='ltr'><strong>Β</strong></span> 
     </span>
    </p>
   </div>
   <div class='ocr_carea' id='block_1_20' title="bbox 301 2002 1885 2074">
    <p class='ocr_par' dir='ltr' id='par_1_20' title="bbox 301 2002 1885 2074">
     <span class='ocr_line' id='line_1_20' title="bbox 301 2002 1885 2074; baseline -0.001 -18"><span class='ocrx_word' id='word_1_132' title='bbox 301 2002 467 2065; x_wconf 78' lang='grc' dir='ltr'>ναοὺς</span> <span class='ocrx_word' id='word_1_133' title='bbox 490 2002 750 2073; x_wconf 79' lang='grc' dir='ltr'>ἐπλήρου,</span> <span class='ocrx_word' id='word_1_134' title='bbox 783 2003 878 2056; x_wconf 70' lang='grc' dir='ltr'>καὶ</span> <span class='ocrx_word' id='word_1_135' title='bbox 948 2005 1183 2074; x_wconf 86' lang='grc' dir='ltr'>πρόναα,</span> <span class='ocrx_word' id='word_1_136' title='bbox 1243 2006 1339 2058; x_wconf 74' lang='grc' dir='ltr'>καὶ</span> <span class='ocrx_word' id='word_1_137' title='bbox 1401 2003 1493 2057; x_wconf 87' lang='grc' dir='ltr'><strong>τοῦ</strong></span> <span class='ocrx_word' id='word_1_138' title='bbox 1519 2003 1646 2058; x_wconf 82' lang='grc' dir='ltr'>ναοῦ</span> <span class='ocrx_word' id='word_1_139' title='bbox 1673 2004 1741 2057; x_wconf 83' lang='grc' dir='ltr'>τὰ</span> <span class='ocrx_word' id='word_1_140' title='bbox 1792 2020 1885 2073; x_wconf 76' lang='grc' dir='ltr'>με·</span> 
     </span>
    </p>
   </div>
   <div class='ocr_carea' id='block_1_21' title="bbox 300 2094 1884 2166">
    <p class='ocr_par' dir='ltr' id='par_1_21' title="bbox 300 2094 1884 2166">
     <span class='ocr_line' id='line_1_21' title="bbox 300 2094 1884 2166; baseline 0.001 -21"><span class='ocrx_word' id='word_1_141' title='bbox 300 2094 641 2163; x_wconf 79' lang='grc' dir='ltr'>τεωρότερα,</span> <span class='ocrx_word' id='word_1_142' title='bbox 669 2095 764 2146; x_wconf 75' lang='grc' dir='ltr'>καὶ</span> <span class='ocrx_word' id='word_1_143' title='bbox 793 2095 969 2149; x_wconf 85' lang='grc' dir='ltr'>ταῦτα</span> <span class='ocrx_word' id='word_1_144' title='bbox 1008 2096 1244 2164; x_wconf 76' lang='grc' dir='ltr'>μάλιστα</span> <span class='ocrx_word' id='word_1_145' title='bbox 1275 2095 1400 2150; x_wconf 77' lang='grc' dir='ltr'>κατ’</span> <span class='ocrx_word' id='word_1_146' title='bbox 1452 2096 1756 2166; x_wconf 81' lang='grc' dir='ltr'>ἐξαίρετον,</span> <span class='ocrx_word' id='word_1_147' title='bbox 1806 2095 1884 2158; x_wconf 88' lang='grc' dir='ltr'><strong>ώς</strong></span> 
     </span>
    </p>
   </div>
   <div class='ocr_carea' id='block_1_22' title="bbox 298 2183 1880 2258">
    <p class='ocr_par' dir='ltr' id='par_1_22' title="bbox 298 2183 1880 2258">
     <span class='ocr_line' id='line_1_22' title="bbox 298 2183 1880 2258; baseline 0.004 -24"><span class='ocrx_word' id='word_1_148' title='bbox 298 2183 487 2236; x_wconf 68' lang='grc' dir='ltr'>ἐκεῖσε</span> <span class='ocrx_word' id='word_1_149' title='bbox 520 2186 618 2253; x_wconf 73' lang='grc' dir='ltr'>τῆς</span> <span class='ocrx_word' id='word_1_150' title='bbox 667 2185 776 2237; x_wconf 86' lang='grc' dir='ltr'><strong>τῶν</strong></span> <span class='ocrx_word' id='word_1_151' title='bbox 824 2186 1127 2256; x_wconf 74' lang='grc' dir='ltr'>ἀρχιερέων</span> <span class='ocrx_word' id='word_1_152' title='bbox 1175 2186 1504 2258; x_wconf 87' lang='grc' dir='ltr'>ὁμηγύρεως</span> <span class='ocrx_word' id='word_1_153' title='bbox 1564 2186 1880 2256; x_wconf 79' lang='grc' dir='ltr'>γινομένης,</span> 
     </span>
    </p>
   </div>
   <div class='ocr_carea' id='block_1_23' title="bbox 295 2269 1885 2343">
    <p class='ocr_par' dir='ltr' id='par_1_23' title="bbox 295 2269 1885 2343">
     <span class='ocr_line' id='line_1_23' title="bbox 295 2269 1885 2343; baseline 0.003 -20"><span class='ocrx_word' id='word_1_154' title='bbox 295 2269 392 2323; x_wconf 79' lang='grc' dir='ltr'><strong>διὰ</strong></span> <span class='ocrx_word' id='word_1_155' title='bbox 428 2270 725 2340; x_wconf 75' lang='grc' dir='ltr'>συζήτησιν</span> <span class='ocrx_word' id='word_1_156' title='bbox 746 2271 886 2343; x_wconf 83' lang='grc' dir='ltr'>τάχα</span> <span class='ocrx_word' id='word_1_157' title='bbox 906 2272 1015 2325; x_wconf 88' lang='grc' dir='ltr'><strong>τῶν</strong></span> <span class='ocrx_word' id='word_1_158' title='bbox 1045 2273 1166 2327; x_wconf 85' lang='grc' dir='ltr'>καθ’</span> <span class='ocrx_word' id='word_1_159' title='bbox 1198 2274 1368 2343; x_wconf 79' lang='grc' dir='ltr'>ἡμᾶς.</span> <span class='ocrx_word' id='word_1_160' title='bbox 1406 2273 1546 2342; x_wconf 85' lang='grc' dir='ltr'><strong>Ἐγὼ</strong></span> <span class='ocrx_word' id='word_1_161' title='bbox 1577 2273 1621 2326; x_wconf 90' lang='grc' dir='ltr'>δ’</span> <span class='ocrx_word' id='word_1_162' title='bbox 1650 2272 1885 2327; x_wconf 75' lang='grc' dir='ltr'>ἐνταῦθα</span> 
     </span>
    </p>
   </div>
   <div class='ocr_carea' id='block_1_24' title="bbox 290 2361 1879 2438">
    <p class='ocr_par' dir='ltr' id='par_1_24' title="bbox 290 2361 1879 2438">
     <span class='ocr_line' id='line_1_24' title="bbox 290 2361 1879 2438; baseline 0.003 -25"><span class='ocrx_word' id='word_1_163' title='bbox 290 2361 395 2415; x_wconf 81' lang='grc' dir='ltr'><strong>τοῦ</strong></span> <span class='ocrx_word' id='word_1_164' title='bbox 434 2362 593 2430; x_wconf 81' lang='grc' dir='ltr'>λόγου</span> <span class='ocrx_word' id='word_1_165' title='bbox 632 2365 941 2434; x_wconf 84' lang='grc' dir='ltr'>γενόμενος,</span> <span class='ocrx_word' id='word_1_166' title='bbox 977 2366 1126 2429; x_wconf 84' lang='grc' dir='ltr'>ὅπως</span> <span class='ocrx_word' id='word_1_167' title='bbox 1154 2365 1221 2420; x_wconf 83' lang='grc' dir='ltr'>ἂν</span> <span class='ocrx_word' id='word_1_168' title='bbox 1247 2367 1397 2438; x_wconf 85' lang='grc' dir='ltr'>αὐτῷ</span> <span class='ocrx_word' id='word_1_169' title='bbox 1427 2367 1522 2420; x_wconf 71' lang='grc' dir='ltr'><strong>καὶ</strong></span> <span class='ocrx_word' id='word_1_170' title='bbox 1554 2366 1879 2437; x_wconf 83' lang='grc' dir='ltr'>χρησαίμην</span> 
     </span>
    </p>
   </div>
   <div class='ocr_carea' id='block_1_25' title="bbox 293 2451 1881 2529">
    <p class='ocr_par' dir='ltr' id='par_1_25' title="bbox 293 2451 1881 2529">
     <span class='ocr_line' id='line_1_25' title="bbox 293 2451 1881 2529; baseline 0.003 -23"><span class='ocrx_word' id='word_1_171' title='bbox 293 2453 406 2507; x_wconf 80' lang='grc' dir='ltr'>οὐκ</span> <span class='ocrx_word' id='word_1_172' title='bbox 430 2453 560 2524; x_wconf 76' lang='grc' dir='ltr'>ἔχω.</span> <span class='ocrx_word' id='word_1_173' title='bbox 592 2451 696 2507; x_wconf 80' lang='grc' dir='ltr'><strong>’Ὧν</strong></span> <span class='ocrx_word' id='word_1_174' title='bbox 726 2455 835 2526; x_wconf 84' lang='grc' dir='ltr'>γὰρ</span> <span class='ocrx_word' id='word_1_175' title='bbox 868 2459 1251 2527; x_wconf 84' lang='grc' dir='ltr'>κατηγορῆσαι</span> <span class='ocrx_word' id='word_1_176' title='bbox 1289 2457 1553 2529; x_wconf 84' lang='grc' dir='ltr'>βούλομαι</span> <span class='ocrx_word' id='word_1_177' title='bbox 1584 2457 1881 2522; x_wconf 83' lang='grc' dir='ltr'>δικαστῶν,</span> 
     </span>
    </p>
   </div>
   <div class='ocr_carea' id='block_1_26' title="bbox 297 2543 1884 2621">
    <p class='ocr_par' dir='ltr' id='par_1_26' title="bbox 297 2543 1884 2621">
     <span class='ocr_line' id='line_1_26' title="bbox 297 2543 1884 2621; baseline 0.002 -24"><span class='ocrx_word' id='word_1_178' title='bbox 297 2543 513 2597; x_wconf 76' lang='grc' dir='ltr'>τούτων</span> <span class='ocrx_word' id='word_1_179' title='bbox 562 2545 987 2617; x_wconf 83' lang='grc' dir='ltr'>ὑπερηγορῆσαι</span> <span class='ocrx_word' id='word_1_180' title='bbox 1040 2548 1219 2600; x_wconf 80' lang='grc' dir='ltr'>πείθει</span> <span class='ocrx_word' id='word_1_181' title='bbox 1259 2565 1327 2619; x_wconf 88' lang='grc' dir='ltr'><strong>με</strong></span> <span class='ocrx_word' id='word_1_182' title='bbox 1385 2550 1420 2619; x_wconf 75' lang='grc' dir='ltr'><strong>ἡ</strong></span> <span class='ocrx_word' id='word_1_183' title='bbox 1473 2548 1724 2621; x_wconf 79' lang='grc' dir='ltr'>ἀλήθεια,</span> <span class='ocrx_word' id='word_1_184' title='bbox 1785 2547 1884 2603; x_wconf 81' lang='grc' dir='ltr'><strong>καὶ</strong></span> 
     </span>
    </p>
   </div>
   <div class='ocr_carea' id='block_1_27' title="bbox 299 2629 1883 2710">
    <p class='ocr_par' dir='ltr' id='par_1_27' title="bbox 299 2629 1883 2710">
     <span class='ocr_line' id='line_1_27' title="bbox 299 2629 1883 2710; baseline 0.004 -23"><span class='ocrx_word' id='word_1_185' title='bbox 299 2635 411 2687; x_wconf 79' lang='grc' dir='ltr'>οὐκ</span> <span class='ocrx_word' id='word_1_186' title='bbox 434 2629 533 2687; x_wconf 77' lang='grc' dir='ltr'>οἷδ’</span> <span class='ocrx_word' id='word_1_187' title='bbox 587 2636 902 2706; x_wconf 81' lang='grc' dir='ltr'>ὁποτέρωσε</span> <span class='ocrx_word' id='word_1_188' title='bbox 953 2637 1124 2708; x_wconf 73' lang='grc' dir='ltr'><strong>ρἐω,</strong></span> <span class='ocrx_word' id='word_1_189' title='bbox 1163 2639 1276 2693; x_wconf 79' lang='grc' dir='ltr'>εἴτε</span> <span class='ocrx_word' id='word_1_190' title='bbox 1334 2640 1470 2709; x_wconf 80' lang='grc' dir='ltr'>πρὸς</span> <span class='ocrx_word' id='word_1_191' title='bbox 1526 2639 1883 2710; x_wconf 64' lang='grc' dir='ltr'>κατηγορίανς</span> 
     </span>
    </p>
   </div>
   <div class='ocr_carea' id='block_1_28' title="bbox 301 2723 1885 2803">
    <p class='ocr_par' dir='ltr' id='par_1_28' title="bbox 301 2723 1885 2803">
     <span class='ocr_line' id='line_1_28' title="bbox 301 2723 1885 2803; baseline 0.011 -36"><span class='ocrx_word' id='word_1_192' title='bbox 301 2723 397 2778; x_wconf 74' lang='grc' dir='ltr'>διὰ</span> <span class='ocrx_word' id='word_1_193' title='bbox 426 2726 486 2778; x_wconf 70' lang='grc' dir='ltr'><strong>τὸ</strong></span> <span class='ocrx_word' id='word_1_194' title='bbox 520 2725 707 2779; x_wconf 74' lang='grc' dir='ltr'>ἄδικον</span> <span class='ocrx_word' id='word_1_195' title='bbox 735 2728 833 2794; x_wconf 78' lang='grc' dir='ltr'>τῆς</span> <span class='ocrx_word' id='word_1_196' title='bbox 866 2727 1121 2796; x_wconf 83' lang='grc' dir='ltr'>πράξεως</span> <span class='ocrx_word' id='word_1_197' title='bbox 1147 2729 1322 2794; x_wconf 79' lang='grc' dir='ltr'>τέλος,</span> <span class='ocrx_word' id='word_1_198' title='bbox 1354 2731 1465 2785; x_wconf 71' lang='grc' dir='ltr'>εἴτε</span> <span class='ocrx_word' id='word_1_199' title='bbox 1488 2731 1625 2801; x_wconf 73' lang='grc' dir='ltr'>πρὸς</span> <span class='ocrx_word' id='word_1_200' title='bbox 1674 2732 1885 2803; x_wconf 83' lang='grc' dir='ltr'>ὑπερη-</span> 
     </span>
    </p>
   </div>
   <div class='ocr_carea' id='block_1_29' title="bbox 303 2815 1887 2894">
    <p class='ocr_par' dir='ltr' id='par_1_29' title="bbox 303 2815 1887 2894">
     <span class='ocr_line' id='line_1_29' title="bbox 303 2815 1887 2894; baseline 0.004 -26"><span class='ocrx_word' id='word_1_201' title='bbox 303 2815 505 2887; x_wconf 84' lang='grc' dir='ltr'>γορίαν</span> <span class='ocrx_word' id='word_1_202' title='bbox 527 2817 616 2870; x_wconf 85' lang='grc' dir='ltr'>διὰ</span> <span class='ocrx_word' id='word_1_203' title='bbox 634 2817 694 2871; x_wconf 76' lang='grc' dir='ltr'>τὸ</span> <span class='ocrx_word' id='word_1_204' title='bbox 710 2818 846 2887; x_wconf 72' lang='grc' dir='ltr'>πρὸς</span> <span class='ocrx_word' id='word_1_205' title='bbox 865 2817 964 2889; x_wconf 82' lang='grc' dir='ltr'>τὴν</span> <span class='ocrx_word' id='word_1_206' title='bbox 981 2817 1180 2888; x_wconf 75' lang='grc' dir='ltr'>πρᾶξιν</span> <span class='ocrx_word' id='word_1_207' title='bbox 1205 2821 1480 2875; x_wconf 85' lang='grc' dir='ltr'>ἀκούσιον.</span> <span class='ocrx_word' id='word_1_208' title='bbox 1505 2824 1580 2877; x_wconf 81' lang='grc' dir='ltr'><strong>οὺ</strong></span> <span class='ocrx_word' id='word_1_209' title='bbox 1597 2826 1706 2894; x_wconf 87' lang='grc' dir='ltr'><strong>γάρ</strong></span> <span class='ocrx_word' id='word_1_210' title='bbox 1733 2824 1887 2877; x_wconf 80' lang='grc' dir='ltr'>ἐκόν-</span> 
     </span>
    </p>
   </div>
   <div class='ocr_carea' id='block_1_30' title="bbox 303 2902 1888 2985">
    <p class='ocr_par' dir='ltr' id='par_1_30' title="bbox 303 2902 1888 2985">
     <span class='ocr_line' id='line_1_30' title="bbox 303 2902 1888 2985; baseline 0.006 -25"><span class='ocrx_word' id='word_1_211' title='bbox 303 2924 400 2969; x_wconf 87' lang='grc' dir='ltr'><strong>τες</strong></span> <span class='ocrx_word' id='word_1_212' title='bbox 423 2902 590 2978; x_wconf 80' lang='grc' dir='ltr'>ἦλθον</span> <span class='ocrx_word' id='word_1_213' title='bbox 616 2908 750 2975; x_wconf 79' lang='grc' dir='ltr'>πρὸς</span> <span class='ocrx_word' id='word_1_214' title='bbox 776 2907 1028 2980; x_wconf 79' lang='grc' dir='ltr'>τοῦργον,</span> <span class='ocrx_word' id='word_1_215' title='bbox 1056 2910 1170 2963; x_wconf 80' lang='grc' dir='ltr'>ἀλλ’</span> <span class='ocrx_word' id='word_1_216' title='bbox 1192 2911 1420 2976; x_wconf 76' lang='grc' dir='ltr'>ἄκοντες</span> <span class='ocrx_word' id='word_1_217' title='bbox 1440 2914 1575 2985; x_wconf 84' lang='grc' dir='ltr'>πρὸς</span> <span class='ocrx_word' id='word_1_218' title='bbox 1597 2915 1730 2968; x_wconf 76' lang='grc' dir='ltr'>αὐτὸ</span> <span class='ocrx_word' id='word_1_219' title='bbox 1759 2933 1888 2969; x_wconf 78' lang='grc' dir='ltr'>συν·</span> 
     </span>
    </p>
   </div>
   <div class='ocr_carea' id='block_1_31' title="bbox 302 2995 1885 3077">
    <p class='ocr_par' dir='ltr' id='par_1_31' title="bbox 302 2995 1885 3077">
     <span class='ocr_line' id='line_1_31' title="bbox 302 2995 1885 3077; baseline 0.009 -32"><span class='ocrx_word' id='word_1_220' title='bbox 302 2995 614 3069; x_wconf 83' lang='grc' dir='ltr'>ηλάθησαν,</span> <span class='ocrx_word' id='word_1_221' title='bbox 642 2997 737 3053; x_wconf 78' lang='grc' dir='ltr'>καὶ</span> <span class='ocrx_word' id='word_1_222' title='bbox 749 2999 847 3068; x_wconf 85' lang='grc' dir='ltr'>οὐχ</span> <span class='ocrx_word' id='word_1_223' title='bbox 866 2998 937 3061; x_wconf 74' lang='grc' dir='ltr'>ὡς</span> <span class='ocrx_word' id='word_1_224' title='bbox 956 2999 1212 3055; x_wconf 75' lang='grc' dir='ltr'>δικασταὶ</span> <span class='ocrx_word' id='word_1_225' title='bbox 1234 3004 1406 3055; x_wconf 88' lang='grc' dir='ltr'>ποιεῖν</span> <span class='ocrx_word' id='word_1_226' title='bbox 1441 3006 1885 3077; x_wconf 77' lang='grc' dir='ltr'>συγκεχώρηντο,</span> 
     </span>
    </p>
   </div>
   <div class='ocr_carea' id='block_1_32' title="bbox 304 3086 1889 3164">
    <p class='ocr_par' dir='ltr' id='par_1_32' title="bbox 304 3086 1889 3164">
     <span class='ocr_line' id='line_1_32' title="bbox 304 3086 1889 3164; baseline 0.006 -23"><span class='ocrx_word' id='word_1_227' title='bbox 304 3086 517 3151; x_wconf 81' lang='grc' dir='ltr'>ἀλλ’ὡς</span> <span class='ocrx_word' id='word_1_228' title='bbox 549 3089 838 3142; x_wconf 87' lang='grc' dir='ltr'>κατάδικοι</span> <span class='ocrx_word' id='word_1_229' title='bbox 865 3090 1096 3161; x_wconf 83' lang='grc' dir='ltr'>πάσχειν</span> <span class='ocrx_word' id='word_1_230' title='bbox 1124 3092 1437 3162; x_wconf 78' lang='grc' dir='ltr'>ἡπείληντο,</span> <span class='ocrx_word' id='word_1_231' title='bbox 1470 3093 1518 3146; x_wconf 83' lang='grc' dir='ltr'>εἰ</span> <span class='ocrx_word' id='word_1_232' title='bbox 1550 3095 1625 3164; x_wconf 85' lang='grc' dir='ltr'>μὴ</span> <span class='ocrx_word' id='word_1_233' title='bbox 1654 3097 1720 3148; x_wconf 84' lang='grc' dir='ltr'>τὰ</span> <span class='ocrx_word' id='word_1_234' title='bbox 1741 3096 1889 3163; x_wconf 79' lang='grc' dir='ltr'>ἅπαξ</span> 
     </span>
    </p>
   </div>
   <div class='ocr_carea' id='block_1_33' title="bbox 305 3179 1890 3257">
    <p class='ocr_par' dir='ltr' id='par_1_33' title="bbox 305 3179 1890 3257">
     <span class='ocr_line' id='line_1_33' title="bbox 305 3179 1890 3257; baseline 0.005 -25"><span class='ocrx_word' id='word_1_235' title='bbox 305 3179 568 3247; x_wconf 81' lang='grc' dir='ltr'>ἁθέσμως</span> <span class='ocrx_word' id='word_1_236' title='bbox 593 3180 686 3233; x_wconf 75' lang='grc' dir='ltr'>καὶ</span> <span class='ocrx_word' id='word_1_237' title='bbox 717 3182 1088 3246; x_wconf 84' lang='grc' dir='ltr'>ἀκανονίστως</span> <span class='ocrx_word' id='word_1_238' title='bbox 1135 3184 1522 3252; x_wconf 69' lang='grc' dir='ltr'>ἀποφανθέντα</span> <span class='ocrx_word' id='word_1_239' title='bbox 1559 3186 1682 3239; x_wconf 87' lang='grc' dir='ltr'>καθ’</span> <span class='ocrx_word' id='word_1_240' title='bbox 1732 3186 1890 3257; x_wconf 75' lang='grc' dir='ltr'>ἡμῶν</span> 
     </span>
    </p>
   </div>
   <div class='ocr_carea' id='block_1_34' title="bbox 309 3269 1886 3349">
    <p class='ocr_par' dir='ltr' id='par_1_34' title="bbox 309 3269 1886 3349">
     <span class='ocr_line' id='line_1_34' title="bbox 309 3269 1886 3349; baseline 0.006 -25"><span class='ocrx_word' id='word_1_241' title='bbox 309 3269 805 3326; x_wconf 74' lang='grc' dir='ltr'>ὲπιϐεϐαιώσωσιν.</span> <span class='ocrx_word' id='word_1_242' title='bbox 869 3272 934 3325; x_wconf 81' lang='grc' dir='ltr'><strong>Ἦ</strong></span> <span class='ocrx_word' id='word_1_243' title='bbox 968 3274 1026 3327; x_wconf 81' lang='grc' dir='ltr'>δὲ</span> <span class='ocrx_word' id='word_1_244' title='bbox 1089 3275 1292 3346; x_wconf 80' lang='grc' dir='ltr'>ἀπειλὴ</span> <span class='ocrx_word' id='word_1_245' title='bbox 1342 3277 1402 3329; x_wconf 80' lang='grc' dir='ltr'>οὐ</span> <span class='ocrx_word' id='word_1_246' title='bbox 1456 3279 1784 3349; x_wconf 87' lang='grc' dir='ltr'>χρημάτων,</span> <span class='ocrx_word' id='word_1_247' title='bbox 1825 3282 1886 3333; x_wconf 81' lang='grc' dir='ltr'><strong>ού</strong></span> 
     </span>
    </p>
   </div>
   <div class='ocr_carea' id='block_1_35' title="bbox 310 3362 1887 3437">
    <p class='ocr_par' dir='ltr' id='par_1_35' title="bbox 310 3362 1887 3437">
     <span class='ocr_line' id='line_1_35' title="bbox 310 3362 1887 3437; baseline 0.006 -23"><span class='ocrx_word' id='word_1_248' title='bbox 310 3362 638 3431; x_wconf 77' lang='grc' dir='ltr'>κτημάτων,</span> <span class='ocrx_word' id='word_1_249' title='bbox 683 3363 744 3415; x_wconf 83' lang='grc' dir='ltr'><strong>ού</strong></span> <span class='ocrx_word' id='word_1_250' title='bbox 783 3362 883 3433; x_wconf 82' lang='grc' dir='ltr'>τῆς</span> <span class='ocrx_word' id='word_1_251' title='bbox 920 3365 1337 3436; x_wconf 74' lang='grc' dir='ltr'>ἀρχιερωσύνης</span> <span class='ocrx_word' id='word_1_252' title='bbox 1390 3368 1561 3437; x_wconf 81' lang='grc' dir='ltr'>αὐτῆς</span> <span class='ocrx_word' id='word_1_253' title='bbox 1612 3370 1887 3435; x_wconf 76' lang='grc' dir='ltr'>ἔκπτωσις</span> 
     </span>
    </p>
   </div>
   <div class='ocr_carea' id='block_1_36' title="bbox 310 3449 1888 3532">
    <p class='ocr_par' dir='ltr' id='par_1_36' title="bbox 310 3449 1888 3532">
     <span class='ocr_line' id='line_1_36' title="bbox 310 3449 1888 3532; baseline 0.011 -31"><span class='ocrx_word' id='word_1_254' title='bbox 310 3449 408 3523; x_wconf 79' lang='grc' dir='ltr'>ἦν,</span> <span class='ocrx_word' id='word_1_255' title='bbox 440 3453 574 3509; x_wconf 82' lang='grc' dir='ltr'>ἀλλὰ</span> <span class='ocrx_word' id='word_1_256' title='bbox 601 3452 850 3520; x_wconf 80' lang='grc' dir='ltr'>θάνατος,</span> <span class='ocrx_word' id='word_1_257' title='bbox 876 3458 971 3509; x_wconf 74' lang='grc' dir='ltr'>καὶ</span> <span class='ocrx_word' id='word_1_258' title='bbox 999 3452 1152 3521; x_wconf 72' lang='grc' dir='ltr'>οὗτος</span> <span class='ocrx_word' id='word_1_259' title='bbox 1180 3459 1394 3530; x_wconf 78' lang='grc' dir='ltr'>ἀπηνὴς</span> <span class='ocrx_word' id='word_1_260' title='bbox 1418 3463 1513 3515; x_wconf 75' lang='grc' dir='ltr'>καὶ</span> <span class='ocrx_word' id='word_1_261' title='bbox 1555 3461 1888 3532; x_wconf 79' lang='grc' dir='ltr'>βιαιότατος.</span> 
     </span>
    </p>
   </div>
   <div class='ocr_carea' id='block_1_37' title="bbox 312 3540 1892 3624">
    <p class='ocr_par' dir='ltr' id='par_1_37' title="bbox 312 3540 1892 3624">
     <span class='ocr_line' id='line_1_37' title="bbox 312 3540 1892 3624; baseline 0.007 -26"><span class='ocrx_word' id='word_1_262' title='bbox 312 3540 415 3608; x_wconf 77' lang='grc' dir='ltr'>Οἷς</span> <span class='ocrx_word' id='word_1_263' title='bbox 449 3544 559 3614; x_wconf 87' lang='grc' dir='ltr'><strong>γάρ</strong></span> <span class='ocrx_word' id='word_1_264' title='bbox 589 3545 764 3598; x_wconf 78' lang='grc' dir='ltr'>ἐδόκει</span> <span class='ocrx_word' id='word_1_265' title='bbox 791 3549 930 3616; x_wconf 87' lang='grc' dir='ltr'><strong>μετά</strong></span> <span class='ocrx_word' id='word_1_266' title='bbox 962 3549 1064 3618; x_wconf 77' lang='grc' dir='ltr'>τὴν</span> <span class='ocrx_word' id='word_1_267' title='bbox 1099 3550 1257 3617; x_wconf 81' lang='grc' dir='ltr'>ἡμῶν</span> <span class='ocrx_word' id='word_1_268' title='bbox 1308 3552 1604 3622; x_wconf 82' lang='grc' dir='ltr'>καταδίκην</span> <span class='ocrx_word' id='word_1_269' title='bbox 1638 3553 1738 3624; x_wconf 82' lang='grc' dir='ltr'>τὴν</span> <span class='ocrx_word' id='word_1_270' title='bbox 1783 3556 1892 3609; x_wconf 80' lang='grc' dir='ltr'>πᾶ-</span> 
     </span>
    </p>
   </div>
   <div class='ocr_carea' id='block_1_38' title="bbox 316 3636 1892 3714">
    <p class='ocr_par' dir='ltr' id='par_1_38' title="bbox 316 3636 1892 3714">
     <span class='ocr_line' id='line_1_38' title="bbox 316 3636 1892 3714; baseline 0.007 -26"><span class='ocrx_word' id='word_1_271' title='bbox 316 3652 422 3688; x_wconf 86' lang='grc' dir='ltr'><strong>σαν</strong></span> <span class='ocrx_word' id='word_1_272' title='bbox 454 3636 543 3689; x_wconf 79' lang='grc' dir='ltr'><strong>ἐπ’</strong></span> <span class='ocrx_word' id='word_1_273' title='bbox 574 3636 771 3699; x_wconf 69' lang='grc' dir='ltr'>αὐτοὺς</span> <span class='ocrx_word' id='word_1_274' title='bbox 792 3637 989 3706; x_wconf 76' lang='grc' dir='ltr'>τρέψαι</span> <span class='ocrx_word' id='word_1_275' title='bbox 1020 3641 1246 3704; x_wconf 84' lang='grc' dir='ltr'>κακίαν,</span> <span class='ocrx_word' id='word_1_276' title='bbox 1272 3643 1348 3704; x_wconf 87' lang='grc' dir='ltr'><strong>ὡς</strong></span> <span class='ocrx_word' id='word_1_277' title='bbox 1376 3644 1404 3694; x_wconf 91' lang='grc' dir='ltr'><strong>ό</strong></span> <span class='ocrx_word' id='word_1_278' title='bbox 1428 3643 1620 3712; x_wconf 81' lang='grc' dir='ltr'>χρόνος</span> <span class='ocrx_word' id='word_1_279' title='bbox 1645 3645 1892 3714; x_wconf 84' lang='grc' dir='ltr'>ἀκριϐῶς</span> 
     </span>
    </p>
   </div>
   <div class='ocr_carea' id='block_1_39' title="bbox 315 3726 1892 3807">
    <p class='ocr_par' dir='ltr' id='par_1_39' title="bbox 315 3726 1892 3807">
     <span class='ocr_line' id='line_1_39' title="bbox 315 3726 1892 3807; baseline 0.006 -27"><span class='ocrx_word' id='word_1_280' title='bbox 315 3727 668 3796; x_wconf 70' lang='grc' dir='ltr'>παρέστησεν</span> <span class='ocrx_word' id='word_1_281' title='bbox 690 3726 942 3795; x_wconf 73' lang='grc' dir='ltr'>ὕστερον,</span> <span class='ocrx_word' id='word_1_282' title='bbox 976 3728 1176 3783; x_wconf 79' lang='grc' dir='ltr'>ἐκεῖνοι</span> <span class='ocrx_word' id='word_1_283' title='bbox 1230 3730 1363 3797; x_wconf 80' lang='grc' dir='ltr'>τῶν,</span> <span class='ocrx_word' id='word_1_284' title='bbox 1398 3732 1474 3796; x_wconf 88' lang='grc' dir='ltr'><strong>ώς</strong></span> <span class='ocrx_word' id='word_1_285' title='bbox 1512 3736 1756 3805; x_wconf 77' lang='grc' dir='ltr'>εἴρηται,</span> <span class='ocrx_word' id='word_1_286' title='bbox 1792 3755 1892 3807; x_wconf 90' lang='grc' dir='ltr'>χυ-</span> 
     </span>
    </p>
   </div>
   <div class='ocr_carea' id='block_1_40' title="bbox 320 3820 1895 3899">
    <p class='ocr_par' dir='ltr' id='par_1_40' title="bbox 320 3820 1895 3899">
     <span class='ocr_line' id='line_1_40' title="bbox 320 3820 1895 3899; baseline 0.004 -25"><span class='ocrx_word' id='word_1_287' title='bbox 320 3821 493 3876; x_wconf 89' lang='grc' dir='ltr'>δαίων</span> <span class='ocrx_word' id='word_1_288' title='bbox 546 3822 639 3877; x_wconf 75' lang='grc' dir='ltr'>καὶ</span> <span class='ocrx_word' id='word_1_289' title='bbox 664 3820 902 3888; x_wconf 83' lang='grc' dir='ltr'>φονικῶν</span> <span class='ocrx_word' id='word_1_290' title='bbox 941 3821 1151 3891; x_wconf 82' lang='grc' dir='ltr'>ἀνδρῶν</span> <span class='ocrx_word' id='word_1_291' title='bbox 1181 3823 1279 3885; x_wconf 73' lang='grc' dir='ltr'><strong>τὰς</strong></span> <span class='ocrx_word' id='word_1_292' title='bbox 1326 3827 1654 3894; x_wconf 85' lang='grc' dir='ltr'>συναγωγὰς</span> <span class='ocrx_word' id='word_1_293' title='bbox 1695 3828 1895 3899; x_wconf 85' lang='grc' dir='ltr'>ᾠκονό-</span> 
     </span>
    </p>
   </div>
   <div class='ocr_carea' id='block_1_41' title="bbox 328 3900 1895 3992">
    <p class='ocr_par' dir='ltr' id='par_1_41' title="bbox 328 3900 1895 3992">
     <span class='ocr_line' id='line_1_41' title="bbox 328 3900 1895 3992; baseline 0.005 -26"><span class='ocrx_word' id='word_1_294' title='bbox 328 3930 488 3984; x_wconf 75' lang='grc' dir='ltr'>μουν,</span> <span class='ocrx_word' id='word_1_295' title='bbox 518 3912 594 3978; x_wconf 83' lang='grc' dir='ltr'>ὡς</span> <span class='ocrx_word' id='word_1_296' title='bbox 631 3912 717 3976; x_wconf 83' lang='grc' dir='ltr'>ἂν,</span> <span class='ocrx_word' id='word_1_297' title='bbox 750 3912 806 3965; x_wconf 83' lang='grc' dir='ltr'>εῐ</span> <span class='ocrx_word' id='word_1_298' title='bbox 835 3913 919 3976; x_wconf 86' lang='grc' dir='ltr'><strong>τίς</strong></span> <span class='ocrx_word' id='word_1_299' title='bbox 974 3930 1077 3966; x_wconf 88' lang='grc' dir='ltr'><strong>που</strong></span> <span class='ocrx_word' id='word_1_300' title='bbox 1119 3915 1318 3985; x_wconf 87' lang='grc' dir='ltr'>μικρὸν</span> <span class='ocrx_word' id='word_1_301' title='bbox 1357 3917 1495 3986; x_wconf 82' lang='grc' dir='ltr'>πρὸς</span> <span class='ocrx_word' id='word_1_302' title='bbox 1529 3900 1599 3972; x_wconf 76' lang='grc' dir='ltr'>τὰ</span> <span class='ocrx_word' id='word_1_303' title='bbox 1644 3936 1895 3992; x_wconf 89' lang='grc' dir='ltr'>παρακε-</span> 
     </span>
    </p>
   </div>
   <div class='ocr_carea' id='block_1_42' title="bbox 322 4004 1894 4080">
    <p class='ocr_par' dir='ltr' id='par_1_42' title="bbox 322 4004 1894 4080">
     <span class='ocr_line' id='line_1_42' title="bbox 322 4004 1894 4080; baseline 0.006 -21"><span class='ocrx_word' id='word_1_304' title='bbox 322 4007 596 4076; x_wconf 81' lang='grc' dir='ltr'>λευόμενα</span> <span class='ocrx_word' id='word_1_305' title='bbox 631 4004 980 4074; x_wconf 81' lang='grc' dir='ltr'>ύπογρύξειε,</span> <span class='ocrx_word' id='word_1_306' title='bbox 1032 4006 1261 4061; x_wconf 83' lang='grc' dir='ltr'>θάνατον</span> <span class='ocrx_word' id='word_1_307' title='bbox 1310 4008 1372 4061; x_wconf 82' lang='grc' dir='ltr'>τὸ</span> <span class='ocrx_word' id='word_1_308' title='bbox 1428 4010 1703 4080; x_wconf 79' lang='grc' dir='ltr'>ἐπιτίμιον</span> <span class='ocrx_word' id='word_1_309' title='bbox 1757 4014 1894 4068; x_wconf 81' lang='grc' dir='ltr'>ὐπο-</span> 
     </span>
    </p>
   </div>
   <div class='ocr_carea' id='block_1_43' title="bbox 217 4096 1893 4177">
    <p class='ocr_par' dir='ltr' id='par_1_43' title="bbox 217 4096 1893 4177">
     <span class='ocr_line' id='line_1_43' title="bbox 217 4096 1893 4177; baseline 0.006 -25"><span class='ocrx_word' id='word_1_310' title='bbox 217 4153 221 4157; x_wconf 60' lang='lat'><strong>,</strong></span> <span class='ocrx_word' id='word_1_311' title='bbox 324 4097 510 4166; x_wconf 90' lang='grc' dir='ltr'>σταίη.</span> <span class='ocrx_word' id='word_1_312' title='bbox 540 4097 605 4150; x_wconf 91' lang='grc' dir='ltr'>Τί</span> <span class='ocrx_word' id='word_1_313' title='bbox 629 4098 759 4166; x_wconf 90' lang='grc' dir='ltr'>γοῦν</span> <span class='ocrx_word' id='word_1_314' title='bbox 784 4096 930 4168; x_wconf 73' lang='grc' dir='ltr'>εἶχον</span> <span class='ocrx_word' id='word_1_315' title='bbox 961 4099 1185 4169; x_wconf 76' lang='grc' dir='ltr'>ποιῆσαι</span> <span class='ocrx_word' id='word_1_316' title='bbox 1225 4101 1275 4153; x_wconf 76' lang='lat' dir='ltr'><strong>oi</strong></span> <span class='ocrx_word' id='word_1_317' title='bbox 1300 4101 1436 4174; x_wconf 83' lang='grc' dir='ltr'>πρὸς</span> <span class='ocrx_word' id='word_1_318' title='bbox 1459 4103 1655 4172; x_wconf 82' lang='grc' dir='ltr'>ἄλογον</span> <span class='ocrx_word' id='word_1_319' title='bbox 1692 4109 1893 4177; x_wconf 86' lang='grc' dir='ltr'>μανίαν</span> 
     </span>
    </p>
   </div>
   <div class='ocr_carea' id='block_1_44' title="bbox 327 4187 1898 4264">
    <p class='ocr_par' dir='ltr' id='par_1_44' title="bbox 327 4187 1898 4264">
     <span class='ocr_line' id='line_1_44' title="bbox 327 4187 1898 4264; baseline 0.006 -23"><span class='ocrx_word' id='word_1_320' title='bbox 327 4187 596 4259; x_wconf 86' lang='grc' dir='ltr'>πλήθους,</span> <span class='ocrx_word' id='word_1_321' title='bbox 642 4189 737 4241; x_wconf 74' lang='grc' dir='ltr'>καὶ</span> <span class='ocrx_word' id='word_1_322' title='bbox 776 4189 956 4258; x_wconf 81' lang='grc' dir='ltr'>ὁρμὴν</span> <span class='ocrx_word' id='word_1_323' title='bbox 985 4189 1309 4255; x_wconf 82' lang='grc' dir='ltr'>ἀκάθεκτον,</span> <span class='ocrx_word' id='word_1_324' title='bbox 1346 4192 1597 4264; x_wconf 84' lang='grc' dir='ltr'>ἀντέχειν</span> <span class='ocrx_word' id='word_1_325' title='bbox 1648 4196 1748 4250; x_wconf 81' lang='grc' dir='ltr'>οὐκ</span> <span class='ocrx_word' id='word_1_326' title='bbox 1783 4197 1898 4262; x_wconf 72' lang='grc' dir='ltr'><strong>ὲξι⁸</strong></span> 
     </span>
    </p>
   </div>
   <div class='ocr_carea' id='block_1_45' title="bbox 326 4280 1899 4361">
    <p class='ocr_par' dir='ltr' id='par_1_45' title="bbox 326 4280 1899 4361">
     <span class='ocr_line' id='line_1_45' title="bbox 326 4280 1899 4361; baseline 0.006 -26"><span class='ocrx_word' id='word_1_327' title='bbox 326 4282 619 4353; x_wconf 87' lang='grc' dir='ltr'>σχύοντες;</span> <span class='ocrx_word' id='word_1_328' title='bbox 652 4281 717 4334; x_wconf 88' lang='grc' dir='ltr'>Τί</span> <span class='ocrx_word' id='word_1_329' title='bbox 746 4280 874 4337; x_wconf 83' lang='grc' dir='ltr'>ἄλλο</span> <span class='ocrx_word' id='word_1_330' title='bbox 897 4299 961 4351; x_wconf 91' lang='grc' dir='ltr'><strong>γε</strong></span> <span class='ocrx_word' id='word_1_331' title='bbox 992 4284 1025 4352; x_wconf 73' lang='grc' dir='ltr'><strong>ἢ</strong></span> <span class='ocrx_word' id='word_1_332' title='bbox 1050 4282 1146 4335; x_wconf 87' lang='grc' dir='ltr'><strong>τοῦ</strong></span> <span class='ocrx_word' id='word_1_333' title='bbox 1189 4283 1386 4355; x_wconf 84' lang='grc' dir='ltr'>καιροῦ</span> <span class='ocrx_word' id='word_1_334' title='bbox 1428 4287 1672 4341; x_wconf 75' lang='grc' dir='ltr'>ἐνδοῦναι</span> <span class='ocrx_word' id='word_1_335' title='bbox 1711 4291 1776 4361; x_wconf 79' lang='grc' dir='ltr'>τῇ</span> <span class='ocrx_word' id='word_1_336' title='bbox 1804 4291 1899 4344; x_wconf 82' lang='grc' dir='ltr'>δυ-</span> 
     </span>
    </p>
   </div>
   <div class='ocr_carea' id='block_1_46' title="bbox 322 4376 1900 4452">
    <p class='ocr_par' dir='ltr' id='par_1_46' title="bbox 322 4376 1900 4452">
     <span class='ocr_line' id='line_1_46' title="bbox 322 4376 1900 4452; baseline 0.006 -21"><span class='ocrx_word' id='word_1_337' title='bbox 322 4379 572 4450; x_wconf 68' lang='grc' dir='ltr'>ναστείᾳ,</span> <span class='ocrx_word' id='word_1_338' title='bbox 606 4378 700 4431; x_wconf 68' lang='grc' dir='ltr'><strong>καλ⁵</strong></span> <span class='ocrx_word' id='word_1_339' title='bbox 727 4376 802 4447; x_wconf 83' lang='grc' dir='ltr'>μὴ</span> <span class='ocrx_word' id='word_1_340' title='bbox 831 4380 1132 4449; x_wconf 75' lang='grc' dir='ltr'>ἐπιχειρεῖν</span> <span class='ocrx_word' id='word_1_341' title='bbox 1168 4378 1381 4448; x_wconf 85' lang='grc' dir='ltr'>ὀλίγαις</span> <span class='ocrx_word' id='word_1_342' title='bbox 1438 4383 1650 4451; x_wconf 77' lang='grc' dir='ltr'>ῥανίσιν</span> <span class='ocrx_word' id='word_1_343' title='bbox 1705 4384 1900 4452; x_wconf 78' lang='grc' dir='ltr'>ὓδατος</span> 
     </span>
    </p>
   </div>
   <div class='ocr_carea' id='block_1_47' title="bbox 326 4468 1900 4542">
    <p class='ocr_par' dir='ltr' id='par_1_47' title="bbox 326 4468 1900 4542">
     <span class='ocr_line' id='line_1_47' title="bbox 326 4468 1900 4542; baseline 0.004 -19"><span class='ocrx_word' id='word_1_344' title='bbox 326 4470 501 4540; x_wconf 77' lang='grc' dir='ltr'>φλόγα</span> <span class='ocrx_word' id='word_1_345' title='bbox 519 4472 649 4541; x_wconf 85' lang='grc' dir='ltr'>ὅλην</span> <span class='ocrx_word' id='word_1_346' title='bbox 675 4472 755 4533; x_wconf 83' lang='grc' dir='ltr'><strong>είς</strong></span> <span class='ocrx_word' id='word_1_347' title='bbox 787 4468 1028 4539; x_wconf 75' lang='grc' dir='ltr'>αἰθέριον</span> <span class='ocrx_word' id='word_1_348' title='bbox 1050 4469 1364 4542; x_wconf 75' lang='grc' dir='ltr'>ὑψουμένην</span> <span class='ocrx_word' id='word_1_349' title='bbox 1393 4471 1668 4526; x_wconf 81' lang='grc' dir='ltr'>σϐεννύειν</span> <span class='ocrx_word' id='word_1_350' title='bbox 1702 4491 1718 4539; x_wconf 91' lang='lat'><strong>;</strong></span> <span class='ocrx_word' id='word_1_351' title='bbox 1749 4476 1900 4541; x_wconf 81' lang='grc' dir='ltr'>Τέως</span> 
     </span>
    </p>
   </div>
   <div class='ocr_carea' id='block_1_48' title="bbox 1991 617 3562 704">
    <p class='ocr_par' dir='ltr' id='par_1_48' title="bbox 1991 617 3562 704">
     <span class='ocr_line' id='line_1_48' title="bbox 1991 617 3562 704; baseline -0.013 -16"><span class='ocrx_word' id='word_1_352' title='bbox 1991 634 2181 704; x_wconf 90' lang='lat' dir='ltr'><strong>quirit,</strong></span> <span class='ocrx_word' id='word_1_353' title='bbox 2245 634 2337 690; x_wconf 88' lang='lat' dir='ltr'><strong>sed</strong></span> <span class='ocrx_word' id='word_1_354' title='bbox 2392 641 2452 685; x_wconf 94' lang='lat' dir='ltr'><strong>ut</strong></span> <span class='ocrx_word' id='word_1_355' title='bbox 2486 628 2609 699; x_wconf 71' lang='lat' dir='ltr'><strong>{illis</strong></span> <span class='ocrx_word' id='word_1_356' title='bbox 2668 626 2866 694; x_wconf 85' lang='lat' dir='ltr'><strong>volupe</strong></span> <span class='ocrx_word' id='word_1_357' title='bbox 2911 632 3017 687; x_wconf 88' lang='lat' dir='ltr'><strong>est,</strong></span> <span class='ocrx_word' id='word_1_358' title='bbox 3067 621 3133 676; x_wconf 87' lang='lat' dir='ltr'><strong>ad</strong></span> <span class='ocrx_word' id='word_1_359' title='bbox 3189 617 3562 675; x_wconf 84' lang='lat' dir='ltr'><strong>accusandum</strong></span> 
     </span>
    </p>
   </div>
   <div class='ocr_carea' id='block_1_49' title="bbox 1989 705 3558 786">
    <p class='ocr_par' dir='ltr' id='par_1_49' title="bbox 1989 705 3558 786">
     <span class='ocr_line' id='line_1_49' title="bbox 1989 705 3558 786; baseline -0.013 -9"><span class='ocrx_word' id='word_1_360' title='bbox 1989 721 2274 777; x_wconf 88' lang='lat' dir='ltr'><strong>accedunt.</strong></span> <span class='ocrx_word' id='word_1_361' title='bbox 2308 718 2465 786; x_wconf 82' lang='lat' dir='ltr'><strong>Quod</strong></span> <span class='ocrx_word' id='word_1_362' title='bbox 2497 717 2542 773; x_wconf 89' lang='lat' dir='ltr'><strong>si</strong></span> <span class='ocrx_word' id='word_1_363' title='bbox 2573 715 2640 772; x_wconf 92' lang='lat' dir='ltr'><strong>de</strong></span> <span class='ocrx_word' id='word_1_364' title='bbox 2676 713 2809 778; x_wconf 90' lang='lat' dir='ltr'><strong>Deo,</strong></span> <span class='ocrx_word' id='word_1_365' title='bbox 2840 708 2895 767; x_wconf 78' lang='lat' dir='ltr'><strong>et</strong></span> <span class='ocrx_word' id='word_1_366' title='bbox 2929 711 3033 766; x_wconf 87' lang='lat' dir='ltr'><strong>lide</strong></span> <span class='ocrx_word' id='word_1_367' title='bbox 3064 707 3449 765; x_wconf 83' lang='lat' dir='ltr'><strong>accusationes</strong></span> <span class='ocrx_word' id='word_1_368' title='bbox 3470 705 3558 758; x_wconf 84' lang='lat' dir='ltr'><strong>in-</strong></span> 
     </span>
    </p>
   </div>
   <div class='ocr_carea' id='block_1_50' title="bbox 1984 796 3562 874">
    <p class='ocr_par' dir='ltr' id='par_1_50' title="bbox 1984 796 3562 874">
     <span class='ocr_line' id='line_1_50' title="bbox 1984 796 3562 874; baseline -0.011 -6"><span class='ocrx_word' id='word_1_369' title='bbox 1984 805 2308 874; x_wconf 84' lang='lat' dir='ltr'><strong>stituuntur,</strong></span> <span class='ocrx_word' id='word_1_370' title='bbox 2344 820 2456 864; x_wconf 89' lang='lat' dir='ltr'><strong>tum</strong></span> <span class='ocrx_word' id='word_1_371' title='bbox 2505 820 2764 862; x_wconf 85' lang='lat' dir='ltr'><strong>mensura</strong></span> <span class='ocrx_word' id='word_1_372' title='bbox 2798 804 3005 872; x_wconf 87' lang='lat' dir='ltr'><strong>aliqua,</strong></span> <span class='ocrx_word' id='word_1_373' title='bbox 3040 800 3191 870; x_wconf 89' lang='lat' dir='ltr'><strong>quod</strong></span> <span class='ocrx_word' id='word_1_374' title='bbox 3235 801 3290 853; x_wconf 93' lang='lat' dir='ltr'><strong>in</strong></span> <span class='ocrx_word' id='word_1_375' title='bbox 3332 796 3562 852; x_wconf 92' lang='lat' dir='ltr'><strong>homine</strong></span> 
     </span>
    </p>
   </div>
   <div class='ocr_carea' id='block_1_51' title="bbox 1983 893 3563 974">
    <p class='ocr_par' dir='ltr' id='par_1_51' title="bbox 1983 893 3563 974">
     <span class='ocr_line' id='line_1_51' title="bbox 1983 893 3563 974; baseline -0.013 -13"><span class='ocrx_word' id='word_1_376' title='bbox 1983 913 2067 961; x_wconf 89' lang='lat' dir='ltr'><strong>est</strong></span> <span class='ocrx_word' id='word_1_377' title='bbox 2102 906 2275 974; x_wconf 86' lang='lat' dir='ltr'><strong>magis</strong></span> <span class='ocrx_word' id='word_1_378' title='bbox 2326 901 2558 957; x_wconf 86' lang='lat' dir='ltr'><strong>rationis</strong></span> <span class='ocrx_word' id='word_1_379' title='bbox 2601 911 2839 968; x_wconf 82' lang='lat' dir='ltr'><strong>expers,</strong></span> <span class='ocrx_word' id='word_1_380' title='bbox 2894 893 3208 950; x_wconf 74' lang='lat' dir='ltr'><strong>incenditur</strong></span> <span class='ocrx_word' id='word_1_381' title='bbox 3253 908 3267 946; x_wconf 91' lang='lat'><strong>:</strong></span> <span class='ocrx_word' id='word_1_382' title='bbox 3323 902 3563 958; x_wconf 86' lang='lat' dir='ltr'><strong>namque</strong></span> 
     </span>
    </p>
   </div>
   <div class='ocr_carea' id='block_1_52' title="bbox 1984 978 3562 1057">
    <p class='ocr_par' dir='ltr' id='par_1_52' title="bbox 1984 978 3562 1057">
     <span class='ocr_line' id='line_1_52' title="bbox 1984 978 3562 1057; baseline -0.011 -8"><span class='ocrx_word' id='word_1_383' title='bbox 1984 996 2283 1050; x_wconf 81' lang='lat' dir='ltr'><strong>maximum</strong></span> <span class='ocrx_word' id='word_1_384' title='bbox 2324 1008 2384 1048; x_wconf 91' lang='lat' dir='ltr'><strong>se</strong></span> <span class='ocrx_word' id='word_1_385' title='bbox 2418 992 2627 1047; x_wconf 92' lang='lat' dir='ltr'><strong>cultum</strong></span> <span class='ocrx_word' id='word_1_386' title='bbox 2670 991 2780 1044; x_wconf 91' lang='lat' dir='ltr'><strong>Deo</strong></span> <span class='ocrx_word' id='word_1_387' title='bbox 2833 996 3099 1057; x_wconf 64' lang='lat' dir='ltr'><strong>priestare</strong></span> <span class='ocrx_word' id='word_1_388' title='bbox 3147 982 3468 1045; x_wconf 82' lang='lat' dir='ltr'><strong>existimat,</strong></span> <span class='ocrx_word' id='word_1_389' title='bbox 3516 978 3562 1033; x_wconf 93' lang='lat' dir='ltr'><strong>si</strong></span> 
     </span>
    </p>
   </div>
   <div class='ocr_carea' id='block_1_53' title="bbox 1984 1069 3566 1157">
    <p class='ocr_par' dir='ltr' id='par_1_53' title="bbox 1984 1069 3566 1157">
     <span class='ocr_line' id='line_1_53' title="bbox 1984 1069 3566 1157; baseline -0.013 -14"><span class='ocrx_word' id='word_1_390' title='bbox 1984 1102 2161 1157; x_wconf 89' lang='lat' dir='ltr'><strong>usque</strong></span> <span class='ocrx_word' id='word_1_391' title='bbox 2187 1086 2255 1141; x_wconf 89' lang='lat' dir='ltr'><strong>ad</strong></span> <span class='ocrx_word' id='word_1_392' title='bbox 2287 1100 2503 1151; x_wconf 83' lang='lat' dir='ltr'><strong>necem,</strong></span> <span class='ocrx_word' id='word_1_393' title='bbox 2549 1092 2606 1139; x_wconf 88' lang='lat' dir='ltr'><strong>et</strong></span> <span class='ocrx_word' id='word_1_394' title='bbox 2663 1079 2983 1150; x_wconf 78' lang='lat' dir='ltr'><strong>sanguinem</strong></span> <span class='ocrx_word' id='word_1_395' title='bbox 3040 1084 3359 1131; x_wconf 90' lang='lat' dir='ltr'><strong>accusalum</strong></span> <span class='ocrx_word' id='word_1_396' title='bbox 3397 1073 3464 1127; x_wconf 90' lang='lat' dir='ltr'><strong>de</strong></span> <span class='ocrx_word' id='word_1_397' title='bbox 3492 1069 3566 1124; x_wconf 83' lang='lat' dir='ltr'><strong>si-</strong></span> 
     </span>
    </p>
   </div>
   <div class='ocr_carea' id='block_1_54' title="bbox 1983 1168 3563 1249">
    <p class='ocr_par' dir='ltr' id='par_1_54' title="bbox 1983 1168 3563 1249">
     <span class='ocr_line' id='line_1_54' title="bbox 1983 1168 3563 1249; baseline -0.012 -13"><span class='ocrx_word' id='word_1_398' title='bbox 1983 1180 2204 1237; x_wconf 83' lang='lat' dir='ltr'><strong>milibus</strong></span> <span class='ocrx_word' id='word_1_399' title='bbox 2257 1179 2493 1249; x_wconf 84' lang='lat' dir='ltr'><strong>puniat,</strong></span> <span class='ocrx_word' id='word_1_400' title='bbox 2548 1173 2616 1230; x_wconf 89' lang='lat' dir='ltr'><strong>ad</strong></span> <span class='ocrx_word' id='word_1_401' title='bbox 2668 1172 2814 1244; x_wconf 91' lang='lat' dir='ltr'><strong>quod</strong></span> <span class='ocrx_word' id='word_1_402' title='bbox 2871 1171 3042 1227; x_wconf 83' lang='lat' dir='ltr'><strong>ferme</strong></span> <span class='ocrx_word' id='word_1_403' title='bbox 3099 1168 3406 1240; x_wconf 85' lang='lat' dir='ltr'><strong>periculum</strong></span> <span class='ocrx_word' id='word_1_404' title='bbox 3464 1178 3563 1218; x_wconf 88' lang='lat' dir='ltr'><strong>nos</strong></span> 
     </span>
    </p>
   </div>
   <div class='ocr_carea' id='block_1_55' title="bbox 1983 1258 3565 1330">
    <p class='ocr_par' dir='ltr' id='par_1_55' title="bbox 1983 1258 3565 1330">
     <span class='ocr_line' id='line_1_55' title="bbox 1983 1258 3565 1330; baseline -0.012 0"><span class='ocrx_word' id='word_1_405' title='bbox 1983 1281 2194 1330; x_wconf 87' lang='lat' dir='ltr'><strong>tantum</strong></span> <span class='ocrx_word' id='word_1_406' title='bbox 2247 1285 2354 1324; x_wconf 91' lang='lat' dir='ltr'><strong>non</strong></span> <span class='ocrx_word' id='word_1_407' title='bbox 2415 1268 2758 1323; x_wconf 77' lang='lat' dir='ltr'><strong>devenimus.</strong></span> <span class='ocrx_word' id='word_1_408' title='bbox 2809 1264 2915 1319; x_wconf 88' lang='lat' dir='ltr'><strong>Per</strong></span> <span class='ocrx_word' id='word_1_409' title='bbox 2977 1271 3089 1316; x_wconf 89' lang='lat' dir='ltr'><strong>tres</strong></span> <span class='ocrx_word' id='word_1_410' title='bbox 3132 1261 3277 1314; x_wconf 91' lang='lat' dir='ltr'><strong>enim</strong></span> <span class='ocrx_word' id='word_1_411' title='bbox 3322 1258 3565 1324; x_wconf 80' lang='lat' dir='ltr'><strong>integros</strong></span> 
     </span>
    </p>
   </div>
   <div class='ocr_carea' id='block_1_56' title="bbox 1984 1349 3563 1426">
    <p class='ocr_par' dir='ltr' id='par_1_56' title="bbox 1984 1349 3563 1426">
     <span class='ocr_line' id='line_1_56' title="bbox 1984 1349 3563 1426; baseline -0.015 -5"><span class='ocrx_word' id='word_1_412' title='bbox 1984 1366 2123 1426; x_wconf 89' lang='lat' dir='ltr'><strong>dies,</strong></span> <span class='ocrx_word' id='word_1_413' title='bbox 2171 1372 2231 1417; x_wconf 90' lang='lat' dir='ltr'><strong>ut</strong></span> <span class='ocrx_word' id='word_1_414' title='bbox 2257 1362 2526 1421; x_wconf 83' lang='lat' dir='ltr'><strong>diximus,</strong></span> <span class='ocrx_word' id='word_1_415' title='bbox 2591 1357 2757 1413; x_wconf 89' lang='lat' dir='ltr'><strong>nimis</strong></span> <span class='ocrx_word' id='word_1_416' title='bbox 2819 1355 2967 1409; x_wconf 88' lang='lat' dir='ltr'><strong>male</strong></span> <span class='ocrx_word' id='word_1_417' title='bbox 3012 1349 3432 1410; x_wconf 85' lang='lat' dir='ltr'><strong>metuebamus,</strong></span> <span class='ocrx_word' id='word_1_418' title='bbox 3495 1360 3563 1398; x_wconf 91' lang='lat' dir='ltr'><strong>an</strong></span> 
     </span>
    </p>
   </div>
   <div class='ocr_carea' id='block_1_57' title="bbox 1985 1436 3566 1524">
    <p class='ocr_par' dir='ltr' id='par_1_57' title="bbox 1985 1436 3566 1524">
     <span class='ocr_line' id='line_1_57' title="bbox 1985 1436 3566 1524; baseline -0.015 -13"><span class='ocrx_word' id='word_1_419' title='bbox 1985 1456 2116 1515; x_wconf 85' lang='lat' dir='ltr'><strong>diei,</strong></span> <span class='ocrx_word' id='word_1_420' title='bbox 2151 1459 2309 1524; x_wconf 82' lang='lat' dir='ltr'><strong>cujus</strong></span> <span class='ocrx_word' id='word_1_421' title='bbox 2340 1450 2636 1505; x_wconf 89' lang='lat' dir='ltr'><strong>matutinas</strong></span> <span class='ocrx_word' id='word_1_422' title='bbox 2699 1449 2864 1523; x_wconf 87' lang='lat' dir='ltr'><strong>horas</strong></span> <span class='ocrx_word' id='word_1_423' title='bbox 2894 1443 3004 1500; x_wconf 92' lang='lat' dir='ltr'><strong>vivi</strong></span> <span class='ocrx_word' id='word_1_424' title='bbox 3036 1440 3371 1513; x_wconf 74' lang='lat' dir='ltr'><strong>aspeximus,</strong></span> <span class='ocrx_word' id='word_1_425' title='bbox 3403 1436 3566 1490; x_wconf 86' lang='lat' dir='ltr'><strong>linem</strong></span> 
     </span>
    </p>
   </div>
   <div class='ocr_carea' id='block_1_58' title="bbox 1936 1541 2886 1621">
    <p class='ocr_par' dir='ltr' id='par_1_58' title="bbox 1936 1541 2886 1621">
     <span class='ocr_line' id='line_1_58' title="bbox 1936 1541 2886 1621; baseline -0.013 -18"><span class='ocrx_word' id='word_1_426' title='bbox 1936 1616 1941 1621; x_wconf 19' lang='grc' dir='ltr'><strong>Α</strong></span> <span class='ocrx_word' id='word_1_427' title='bbox 1984 1547 2170 1602; x_wconf 89' lang='lat' dir='ltr'><strong>eadem</strong></span> <span class='ocrx_word' id='word_1_428' title='bbox 2210 1543 2524 1600; x_wconf 87' lang='lat' dir='ltr'><strong>conditione</strong></span> <span class='ocrx_word' id='word_1_429' title='bbox 2553 1541 2886 1595; x_wconf 90' lang='lat' dir='ltr'><strong>videremus.</strong></span> 
     </span>
    </p>
   </div>
   <div class='ocr_carea' id='block_1_59' title="bbox 1986 1626 3560 1703">
    <p class='ocr_par' dir='ltr' id='par_1_59' title="bbox 1986 1626 3560 1703">
     <span class='ocr_line' id='line_1_59' title="bbox 1986 1626 3560 1703; baseline -0.015 -10"><span class='ocrx_word' id='word_1_430' title='bbox 1986 1662 1990 1666; x_wconf 69' lang='lat'><strong><em>~</em></strong></span> <span class='ocrx_word' id='word_1_431' title='bbox 2054 1637 2108 1692; x_wconf 91' lang='lat'><strong>6.</strong></span> <span class='ocrx_word' id='word_1_432' title='bbox 2152 1636 2245 1690; x_wconf 87' lang='lat' dir='ltr'><strong>Die</strong></span> <span class='ocrx_word' id='word_1_433' title='bbox 2272 1648 2423 1698; x_wconf 90' lang='lat' dir='ltr'><strong>vero,</strong></span> <span class='ocrx_word' id='word_1_434' title='bbox 2454 1633 2548 1703; x_wconf 91' lang='lat' dir='ltr'><strong>qui</strong></span> <span class='ocrx_word' id='word_1_435' title='bbox 2582 1632 2805 1685; x_wconf 87' lang='lat' dir='ltr'><strong>tertium</strong></span> <span class='ocrx_word' id='word_1_436' title='bbox 2848 1626 3325 1695; x_wconf 75' lang='lat' dir='ltr'><strong>consequebatur,</strong></span> <span class='ocrx_word' id='word_1_437' title='bbox 3361 1631 3560 1673; x_wconf 88' lang='lat' dir='ltr'><strong>rursus</strong></span> 
     </span>
    </p>
   </div>
   <div class='ocr_carea' id='block_1_60' title="bbox 1985 1711 3563 1794">
    <p class='ocr_par' dir='ltr' id='par_1_60' title="bbox 1985 1711 3563 1794">
     <span class='ocr_line' id='line_1_60' title="bbox 1985 1711 3563 1794; baseline -0.014 -9"><span class='ocrx_word' id='word_1_438' title='bbox 1985 1728 2188 1785; x_wconf 60' lang='lat' dir='ltr'><strong>eaedem</strong></span> <span class='ocrx_word' id='word_1_439' title='bbox 2219 1741 2341 1781; x_wconf 89' lang='lat' dir='ltr'><strong>cum</strong></span> <span class='ocrx_word' id='word_1_440' title='bbox 2389 1737 2783 1794; x_wconf 88' lang='lat' dir='ltr'><strong>campanarum</strong></span> <span class='ocrx_word' id='word_1_441' title='bbox 2823 1720 3055 1789; x_wconf 90' lang='lat' dir='ltr'><strong>strepitu</strong></span> <span class='ocrx_word' id='word_1_442' title='bbox 3096 1711 3563 1786; x_wconf 85' lang='lat' dir='ltr'><strong>proclamationes</strong></span> 
     </span>
    </p>
   </div>
   <div class='ocr_carea' id='block_1_61' title="bbox 1989 1803 3571 1875">
    <p class='ocr_par' dir='ltr' id='par_1_61' title="bbox 1989 1803 3571 1875">
     <span class='ocr_line' id='line_1_61' title="bbox 1989 1803 3571 1875; baseline -0.015 0"><span class='ocrx_word' id='word_1_443' title='bbox 1989 1820 2351 1875; x_wconf 89' lang='lat' dir='ltr'><strong>audiebantur</strong></span> <span class='ocrx_word' id='word_1_444' title='bbox 2382 1834 2398 1873; x_wconf 91' lang='lat'><strong>:</strong></span> <span class='ocrx_word' id='word_1_445' title='bbox 2435 1831 2630 1872; x_wconf 88' lang='lat' dir='ltr'><strong>rursus</strong></span> <span class='ocrx_word' id='word_1_446' title='bbox 2656 1813 2984 1869; x_wconf 71' lang='lat' dir='ltr'><strong>inordinata:</strong></span> <span class='ocrx_word' id='word_1_447' title='bbox 3007 1804 3377 1865; x_wconf 89' lang='lat' dir='ltr'><strong>multitudinis</strong></span> <span class='ocrx_word' id='word_1_448' title='bbox 3403 1803 3571 1871; x_wconf 84' lang='lat' dir='ltr'><strong>impe-</strong></span> 
     </span>
    </p>
   </div>
   <div class='ocr_carea' id='block_1_62' title="bbox 1986 1903 3565 1976">
    <p class='ocr_par' dir='ltr' id='par_1_62' title="bbox 1986 1903 3565 1976">
     <span class='ocr_line' id='line_1_62' title="bbox 1986 1903 3565 1976; baseline -0.017 -9"><span class='ocrx_word' id='word_1_449' title='bbox 1986 1920 2097 1976; x_wconf 89' lang='lat' dir='ltr'><strong>tus,</strong></span> <span class='ocrx_word' id='word_1_450' title='bbox 2140 1925 2331 1965; x_wconf 84' lang='lat' dir='ltr'><strong>rursus</strong></span> <span class='ocrx_word' id='word_1_451' title='bbox 2365 1908 2644 1963; x_wconf 89' lang='lat' dir='ltr'><strong>hominum</strong></span> <span class='ocrx_word' id='word_1_452' title='bbox 2692 1921 2802 1959; x_wconf 90' lang='lat' dir='ltr'><strong>non</strong></span> <span class='ocrx_word' id='word_1_453' title='bbox 2847 1903 3115 1965; x_wconf 91' lang='lat' dir='ltr'><strong>omnium,</strong></span> <span class='ocrx_word' id='word_1_454' title='bbox 3156 1906 3396 1951; x_wconf 87' lang='lat' dir='ltr'><strong>attamen</strong></span> <span class='ocrx_word' id='word_1_455' title='bbox 3460 1904 3565 1944; x_wconf 90' lang='lat' dir='ltr'><strong>non</strong></span> 
     </span>
    </p>
   </div>
   <div class='ocr_carea' id='block_1_63' title="bbox 1986 1989 3568 2075">
    <p class='ocr_par' dir='ltr' id='par_1_63' title="bbox 1986 1989 3568 2075">
     <span class='ocr_line' id='line_1_63' title="bbox 1986 1989 3568 2075; baseline -0.015 -16"><span class='ocrx_word' id='word_1_456' title='bbox 1986 2017 2310 2075; x_wconf 87' lang='lat' dir='ltr'><strong>paucorum,</strong></span> <span class='ocrx_word' id='word_1_457' title='bbox 2340 1999 2540 2055; x_wconf 60' lang='lat' dir='ltr'><strong>caedem</strong></span> <span class='ocrx_word' id='word_1_458' title='bbox 2592 1996 2984 2059; x_wconf 89' lang='lat' dir='ltr'><strong>minitantium,</strong></span> <span class='ocrx_word' id='word_1_459' title='bbox 3010 1989 3367 2051; x_wconf 86' lang='lat' dir='ltr'><strong>confusanea,</strong></span> <span class='ocrx_word' id='word_1_460' title='bbox 3403 1993 3568 2050; x_wconf 86' lang='lat' dir='ltr'><strong>atque</strong></span> 
     </span>
    </p>
   </div>
   <div class='ocr_carea' id='block_1_64' title="bbox 1987 2086 3568 2156">
    <p class='ocr_par' dir='ltr' id='par_1_64' title="bbox 1987 2086 3568 2156">
     <span class='ocr_line' id='line_1_64' title="bbox 1987 2086 3568 2156; baseline -0.013 -7"><span class='ocrx_word' id='word_1_461' title='bbox 1987 2093 2334 2149; x_wconf 88' lang='lat' dir='ltr'><strong>miscellanea</strong></span> <span class='ocrx_word' id='word_1_462' title='bbox 2392 2091 2665 2156; x_wconf 82' lang='lat' dir='ltr'><strong>mistura,</strong></span> <span class='ocrx_word' id='word_1_463' title='bbox 2731 2096 2785 2142; x_wconf 89' lang='lat' dir='ltr'><strong>et</strong></span> <span class='ocrx_word' id='word_1_464' title='bbox 2844 2086 3168 2140; x_wconf 88' lang='lat' dir='ltr'><strong>inconstans</strong></span> <span class='ocrx_word' id='word_1_465' title='bbox 3239 2088 3568 2146; x_wconf 80' lang='lat' dir='ltr'><strong>congressus</strong></span> 
     </span>
    </p>
   </div>
   <div class='ocr_carea' id='block_1_65' title="bbox 1984 2167 3569 2256">
    <p class='ocr_par' dir='ltr' id='par_1_65' title="bbox 1984 2167 3569 2256">
     <span class='ocr_line' id='line_1_65' title="bbox 1984 2167 3569 2256; baseline -0.016 -15"><span class='ocrx_word' id='word_1_466' title='bbox 1984 2184 2183 2256; x_wconf 89' lang='lat' dir='ltr'><strong>templa</strong></span> <span class='ocrx_word' id='word_1_467' title='bbox 2243 2181 2625 2251; x_wconf 87' lang='lat' dir='ltr'><strong>complebant,</strong></span> <span class='ocrx_word' id='word_1_468' title='bbox 2684 2186 2739 2232; x_wconf 88' lang='lat' dir='ltr'><strong>et</strong></span> <span class='ocrx_word' id='word_1_469' title='bbox 2793 2176 3072 2246; x_wconf 84' lang='lat' dir='ltr'><strong>porticus,</strong></span> <span class='ocrx_word' id='word_1_470' title='bbox 3134 2179 3188 2226; x_wconf 91' lang='lat' dir='ltr'><strong>et</strong></span> <span class='ocrx_word' id='word_1_471' title='bbox 3243 2167 3569 2237; x_wconf 81' lang='lat' dir='ltr'><strong>templorum</strong></span> 
     </span>
    </p>
   </div>
   <div class='ocr_carea' id='block_1_66' title="bbox 1983 2265 3565 2348">
    <p class='ocr_par' dir='ltr' id='par_1_66' title="bbox 1983 2265 3565 2348">
     <span class='ocr_line' id='line_1_66' title="bbox 1983 2265 3565 2348; baseline -0.016 -16"><span class='ocrx_word' id='word_1_472' title='bbox 1983 2285 2167 2348; x_wconf 88' lang='lat' dir='ltr'><strong>partes</strong></span> <span class='ocrx_word' id='word_1_473' title='bbox 2205 2273 2522 2337; x_wconf 89' lang='lat' dir='ltr'><strong>erectiores,</strong></span> <span class='ocrx_word' id='word_1_474' title='bbox 2586 2271 2651 2324; x_wconf 85' lang='lat' dir='ltr'><strong>ad</strong></span> <span class='ocrx_word' id='word_1_475' title='bbox 2707 2283 2845 2338; x_wconf 87' lang='lat' dir='ltr'><strong>quas</strong></span> <span class='ocrx_word' id='word_1_476' title='bbox 2889 2265 3238 2336; x_wconf 89' lang='lat' dir='ltr'><strong>potissimum</strong></span> <span class='ocrx_word' id='word_1_477' title='bbox 3283 2269 3565 2327; x_wconf 86' lang='lat' dir='ltr'><strong>concurre-</strong></span> 
     </span>
    </p>
   </div>
   <div class='ocr_carea' id='block_1_67' title="bbox 1964 2351 3570 2432">
    <p class='ocr_par' dir='ltr' id='par_1_67' title="bbox 1964 2351 3570 2432">
     <span class='ocr_line' id='line_1_67' title="bbox 1964 2351 3570 2432; baseline -0.016 -9"><span class='ocrx_word' id='word_1_478' title='bbox 1964 2369 2137 2432; x_wconf 73' lang='lat' dir='ltr'><strong>‘lsant,</strong></span> <span class='ocrx_word' id='word_1_479' title='bbox 2172 2380 2295 2420; x_wconf 90' lang='lat' dir='ltr'><strong>cum</strong></span> <span class='ocrx_word' id='word_1_480' title='bbox 2324 2364 2377 2418; x_wconf 92' lang='lat' dir='ltr'><strong>in</strong></span> <span class='ocrx_word' id='word_1_481' title='bbox 2408 2363 2513 2417; x_wconf 87' lang='lat' dir='ltr'><strong>illis</strong></span> <span class='ocrx_word' id='word_1_482' title='bbox 2559 2360 2850 2431; x_wconf 64' lang='lat' dir='ltr'><strong>praesulem</strong></span> <span class='ocrx_word' id='word_1_483' title='bbox 2906 2366 3088 2412; x_wconf 66' lang='lat' dir='ltr'><strong>castus</strong></span> <span class='ocrx_word' id='word_1_484' title='bbox 3120 2351 3570 2422; x_wconf 78' lang='lat' dir='ltr'><strong>congrederetur,</strong></span> 
     </span>
    </p>
   </div>
   <div class='ocr_carea' id='block_1_68' title="bbox 1987 2444 3568 2523">
    <p class='ocr_par' dir='ltr' id='par_1_68' title="bbox 1987 2444 3568 2523">
     <span class='ocr_line' id='line_1_68' title="bbox 1987 2444 3568 2523; baseline -0.016 -7"><span class='ocrx_word' id='word_1_485' title='bbox 1987 2476 2077 2515; x_wconf 91' lang='lat' dir='ltr'><strong>res</strong></span> <span class='ocrx_word' id='word_1_486' title='bbox 2123 2467 2338 2513; x_wconf 91' lang='lat' dir='ltr'><strong>nostras</strong></span> <span class='ocrx_word' id='word_1_487' title='bbox 2373 2453 2788 2523; x_wconf 81' lang='lat' dir='ltr'><strong>dijudicaturus.</strong></span> <span class='ocrx_word' id='word_1_488' title='bbox 2828 2450 2950 2520; x_wconf 86' lang='lat' dir='ltr'><strong>Ipse</strong></span> <span class='ocrx_word' id='word_1_489' title='bbox 2977 2462 3107 2502; x_wconf 92' lang='lat' dir='ltr'><strong>vero</strong></span> <span class='ocrx_word' id='word_1_490' title='bbox 3139 2461 3261 2501; x_wconf 78' lang='lat' dir='ltr'><strong>cum</strong></span> <span class='ocrx_word' id='word_1_491' title='bbox 3302 2444 3408 2496; x_wconf 91' lang='lat' dir='ltr'><strong>huc</strong></span> <span class='ocrx_word' id='word_1_492' title='bbox 3437 2453 3568 2493; x_wconf 89' lang='lat' dir='ltr'><strong>ora-</strong></span> 
     </span>
    </p>
   </div>
   <div class='ocr_carea' id='block_1_69' title="bbox 1987 2535 3569 2614">
    <p class='ocr_par' dir='ltr' id='par_1_69' title="bbox 1987 2535 3569 2614">
     <span class='ocr_line' id='line_1_69' title="bbox 1987 2535 3569 2614; baseline -0.016 -8"><span class='ocrx_word' id='word_1_493' title='bbox 1987 2550 2140 2607; x_wconf 90' lang='lat' dir='ltr'><strong>tione</strong></span> <span class='ocrx_word' id='word_1_494' title='bbox 2188 2546 2524 2613; x_wconf 88' lang='lat' dir='ltr'><strong>devenerim,</strong></span> <span class='ocrx_word' id='word_1_495' title='bbox 2578 2542 2854 2614; x_wconf 89' lang='lat' dir='ltr'><strong>quomodo</strong></span> <span class='ocrx_word' id='word_1_496' title='bbox 2907 2556 2971 2596; x_wconf 88' lang='lat' dir='ltr'><strong>ea</strong></span> <span class='ocrx_word' id='word_1_497' title='bbox 3016 2539 3094 2594; x_wconf 91' lang='lat' dir='ltr'><strong>uti</strong></span> <span class='ocrx_word' id='word_1_498' title='bbox 3156 2535 3408 2596; x_wconf 82' lang='lat' dir='ltr'><strong>debeam,</strong></span> <span class='ocrx_word' id='word_1_499' title='bbox 3460 2544 3569 2612; x_wconf 86' lang='lat' dir='ltr'><strong>non</strong></span> 
     </span>
    </p>
   </div>
   <div class='ocr_carea' id='block_1_70' title="bbox 1986 2619 3572 2712">
    <p class='ocr_par' dir='ltr' id='par_1_70' title="bbox 1986 2619 3572 2712">
     <span class='ocr_line' id='line_1_70' title="bbox 1986 2619 3572 2712; baseline -0.015 -17"><span class='ocrx_word' id='word_1_500' title='bbox 1986 2641 2178 2712; x_wconf 86' lang='lat' dir='ltr'><strong>liquet.</strong></span> <span class='ocrx_word' id='word_1_501' title='bbox 2230 2637 2474 2704; x_wconf 88' lang='lat' dir='ltr'><strong>Quorum</strong></span> <span class='ocrx_word' id='word_1_502' title='bbox 2507 2636 2651 2690; x_wconf 91' lang='lat' dir='ltr'><strong>enim</strong></span> <span class='ocrx_word' id='word_1_503' title='bbox 2699 2632 2947 2702; x_wconf 78' lang='lat' dir='ltr'><strong>iudicum</strong></span> <span class='ocrx_word' id='word_1_504' title='bbox 2975 2626 3381 2685; x_wconf 87' lang='lat' dir='ltr'><strong>accusationem</strong></span> <span class='ocrx_word' id='word_1_505' title='bbox 3411 2619 3572 2674; x_wconf 88' lang='lat' dir='ltr'><strong>iusti-</strong></span> 
     </span>
    </p>
   </div>
   <div class='ocr_carea' id='block_1_71' title="bbox 1988 2711 3570 2795">
    <p class='ocr_par' dir='ltr' id='par_1_71' title="bbox 1988 2711 3570 2795">
     <span class='ocr_line' id='line_1_71' title="bbox 1988 2711 3570 2795; baseline -0.016 -7"><span class='ocrx_word' id='word_1_506' title='bbox 1988 2744 2106 2795; x_wconf 89' lang='lat' dir='ltr'><strong>tuo,</strong></span> <span class='ocrx_word' id='word_1_507' title='bbox 2167 2732 2363 2786; x_wconf 86' lang='lat' dir='ltr'><strong>horum</strong></span> <span class='ocrx_word' id='word_1_508' title='bbox 2412 2727 2792 2782; x_wconf 80' lang='lat' dir='ltr'><strong>defensionem</strong></span> <span class='ocrx_word' id='word_1_509' title='bbox 2849 2722 3131 2791; x_wconf 85' lang='lat' dir='ltr'><strong>suscipere</strong></span> <span class='ocrx_word' id='word_1_510' title='bbox 3189 2716 3393 2772; x_wconf 83' lang='lat' dir='ltr'><strong>veritas</strong></span> <span class='ocrx_word' id='word_1_511' title='bbox 3449 2711 3570 2780; x_wconf 91' lang='lat' dir='ltr'><strong>ipsa</strong></span> 
     </span>
    </p>
   </div>
   <div class='ocr_carea' id='block_1_72' title="bbox 1983 2803 3572 2896">
    <p class='ocr_par' dir='ltr' id='par_1_72' title="bbox 1983 2803 3572 2896">
     <span class='ocr_line' id='line_1_72' title="bbox 1983 2803 3572 2896; baseline -0.016 -17"><span class='ocrx_word' id='word_1_512' title='bbox 1983 2813 2303 2896; x_wconf 82' lang='lat' dir='ltr'><strong>persuadet,</strong></span> <span class='ocrx_word' id='word_1_513' title='bbox 2336 2828 2391 2874; x_wconf 89' lang='lat' dir='ltr'><strong>et</strong></span> <span class='ocrx_word' id='word_1_514' title='bbox 2442 2818 2629 2873; x_wconf 91' lang='lat' dir='ltr'><strong>nescio</strong></span> <span class='ocrx_word' id='word_1_515' title='bbox 2671 2831 2834 2886; x_wconf 85' lang='lat' dir='ltr'><strong>quam</strong></span> <span class='ocrx_word' id='word_1_516' title='bbox 2880 2816 2935 2868; x_wconf 94' lang='lat' dir='ltr'><strong>in</strong></span> <span class='ocrx_word' id='word_1_517' title='bbox 2976 2820 3181 2883; x_wconf 88' lang='lat' dir='ltr'><strong>partem</strong></span> <span class='ocrx_word' id='word_1_518' title='bbox 3231 2803 3572 2878; x_wconf 82' lang='lat' dir='ltr'><strong>propenden-</strong></span> 
     </span>
    </p>
   </div>
   <div class='ocr_carea' id='block_1_73' title="bbox 1991 2896 3572 2976">
    <p class='ocr_par' dir='ltr' id='par_1_73' title="bbox 1991 2896 3572 2976">
     <span class='ocr_line' id='line_1_73' title="bbox 1991 2896 3572 2976; baseline -0.016 -4"><span class='ocrx_word' id='word_1_519' title='bbox 1991 2920 2121 2973; x_wconf 91' lang='lat' dir='ltr'><strong>dum</strong></span> <span class='ocrx_word' id='word_1_520' title='bbox 2150 2914 2288 2969; x_wconf 88' lang='lat' dir='ltr'><strong>mihi</strong></span> <span class='ocrx_word' id='word_1_521' title='bbox 2337 2913 2429 2976; x_wconf 89' lang='lat' dir='ltr'><strong>sit,</strong></span> <span class='ocrx_word' id='word_1_522' title='bbox 2459 2910 2575 2966; x_wconf 88' lang='lat' dir='ltr'><strong>sive</strong></span> <span class='ocrx_word' id='word_1_523' title='bbox 2621 2908 2687 2963; x_wconf 89' lang='lat' dir='ltr'><strong>ad</strong></span> <span class='ocrx_word' id='word_1_524' title='bbox 2739 2906 3149 2962; x_wconf 90' lang='lat' dir='ltr'><strong>accusationem</strong></span> <span class='ocrx_word' id='word_1_525' title='bbox 3200 2898 3270 2955; x_wconf 90' lang='lat' dir='ltr'><strong>ob</strong></span> <span class='ocrx_word' id='word_1_526' title='bbox 3305 2896 3572 2966; x_wconf 74' lang='lat' dir='ltr'><strong>iniustum</strong></span> 
     </span>
    </p>
   </div>
   <div class='ocr_carea' id='block_1_74' title="bbox 1989 2988 3572 3071">
    <p class='ocr_par' dir='ltr' id='par_1_74' title="bbox 1989 2988 3572 3071">
     <span class='ocr_line' id='line_1_74' title="bbox 1989 2988 3572 3071; baseline -0.018 -6"><span class='ocrx_word' id='word_1_527' title='bbox 1989 3008 2226 3065; x_wconf 84' lang='lat' dir='ltr'><strong>actionis</strong></span> <span class='ocrx_word' id='word_1_528' title='bbox 2260 3007 2491 3071; x_wconf 81' lang='lat' dir='ltr'><strong>exitum,</strong></span> <span class='ocrx_word' id='word_1_529' title='bbox 2524 3003 2639 3059; x_wconf 86' lang='lat' dir='ltr'><strong>sive</strong></span> <span class='ocrx_word' id='word_1_530' title='bbox 2671 3002 2736 3055; x_wconf 90' lang='lat' dir='ltr'><strong>ad</strong></span> <span class='ocrx_word' id='word_1_531' title='bbox 2763 2998 3169 3061; x_wconf 83' lang='lat' dir='ltr'><strong>defensionem,</strong></span> <span class='ocrx_word' id='word_1_532' title='bbox 3199 2993 3268 3047; x_wconf 91' lang='lat' dir='ltr'><strong>ob</strong></span> <span class='ocrx_word' id='word_1_533' title='bbox 3298 2988 3572 3044; x_wconf 87' lang='lat' dir='ltr'><strong>actionem</strong></span> 
     </span>
    </p>
   </div>
   <div class='ocr_carea' id='block_1_75' title="bbox 1990 3077 3572 3168">
    <p class='ocr_par' dir='ltr' id='par_1_75' title="bbox 1990 3077 3572 3168">
     <span class='ocr_line' id='line_1_75' title="bbox 1990 3077 3572 3168; baseline -0.018 -12"><span class='ocrx_word' id='word_1_534' title='bbox 1990 3115 2101 3156; x_wconf 89' lang='lat' dir='ltr'><strong>non</strong></span> <span class='ocrx_word' id='word_1_535' title='bbox 2147 3106 2342 3168; x_wconf 87' lang='lat' dir='ltr'><strong>sponte</strong></span> <span class='ocrx_word' id='word_1_536' title='bbox 2390 3096 2483 3153; x_wconf 89' lang='lat' dir='ltr'><strong>sed</strong></span> <span class='ocrx_word' id='word_1_537' title='bbox 2545 3100 2735 3150; x_wconf 90' lang='lat' dir='ltr'><strong>coacte</strong></span> <span class='ocrx_word' id='word_1_538' title='bbox 2792 3091 3112 3161; x_wconf 79' lang='lat' dir='ltr'><strong>perfectam.</strong></span> <span class='ocrx_word' id='word_1_539' title='bbox 3180 3081 3366 3151; x_wconf 86' lang='lat' dir='ltr'><strong>Neque</strong></span> <span class='ocrx_word' id='word_1_540' title='bbox 3425 3077 3572 3132; x_wconf 78' lang='lat' dir='ltr'><strong>enirn</strong></span> 
     </span>
    </p>
   </div>
   <div class='ocr_carea' id='block_1_76' title="bbox 1966 3166 3577 3264">
    <p class='ocr_par' dir='ltr' id='par_1_76' title="bbox 1966 3166 3577 3264">
     <span class='ocr_line' id='line_1_76' title="bbox 1966 3166 3577 3264; baseline -0.018 -15"><span class='ocrx_word' id='word_1_541' title='bbox 1966 3199 2188 3264; x_wconf 87' lang='lat' dir='ltr'><strong>&#39;sponte</strong></span> <span class='ocrx_word' id='word_1_542' title='bbox 2239 3190 2304 3244; x_wconf 90' lang='lat' dir='ltr'><strong>ad</strong></span> <span class='ocrx_word' id='word_1_543' title='bbox 2359 3203 2496 3258; x_wconf 93' lang='lat' dir='ltr'><strong>opus</strong></span> <span class='ocrx_word' id='word_1_544' title='bbox 2530 3191 2904 3245; x_wconf 88' lang='lat' dir='ltr'><strong>accesserunt,</strong></span> <span class='ocrx_word' id='word_1_545' title='bbox 2940 3180 3049 3234; x_wconf 90' lang='lat' dir='ltr'><strong>sed</strong></span> <span class='ocrx_word' id='word_1_546' title='bbox 3090 3175 3248 3231; x_wconf 86' lang='lat' dir='ltr'><strong>inviti</strong></span> <span class='ocrx_word' id='word_1_547' title='bbox 3300 3166 3577 3238; x_wconf 88' lang='lat' dir='ltr'><strong>compulsi</strong></span> 
     </span>
    </p>
   </div>
   <div class='ocr_carea' id='block_1_77' title="bbox 2000 3259 3569 3346">
    <p class='ocr_par' dir='ltr' id='par_1_77' title="bbox 2000 3259 3569 3346">
     <span class='ocr_line' id='line_1_77' title="bbox 2000 3259 3569 3346; baseline -0.019 -6"><span class='ocrx_word' id='word_1_548' title='bbox 2000 3259 2149 3346; x_wconf 74' lang='lat' dir='ltr'><strong>sunt,</strong></span> <span class='ocrx_word' id='word_1_549' title='bbox 2184 3290 2238 3335; x_wconf 90' lang='lat' dir='ltr'><strong>et</strong></span> <span class='ocrx_word' id='word_1_550' title='bbox 2285 3279 2395 3334; x_wconf 85' lang='lat' dir='ltr'><strong>illis</strong></span> <span class='ocrx_word' id='word_1_551' title='bbox 2438 3293 2544 3331; x_wconf 92' lang='lat' dir='ltr'><strong>non</strong></span> <span class='ocrx_word' id='word_1_552' title='bbox 2588 3274 2849 3345; x_wconf 80' lang='lat' dir='ltr'><strong>tanquam</strong></span> <span class='ocrx_word' id='word_1_553' title='bbox 2896 3268 3178 3341; x_wconf 75' lang='lat' dir='ltr'><strong>iudicibus</strong></span> <span class='ocrx_word' id='word_1_554' title='bbox 3224 3259 3569 3319; x_wconf 80' lang='lat' dir='ltr'><strong>sententiam</strong></span> 
     </span>
    </p>
   </div>
   <div class='ocr_carea' id='block_1_78' title="bbox 1999 3352 3573 3433">
    <p class='ocr_par' dir='ltr' id='par_1_78' title="bbox 1999 3352 3573 3433">
     <span class='ocr_line' id='line_1_78' title="bbox 1999 3352 3573 3433; baseline -0.018 0"><span class='ocrx_word' id='word_1_555' title='bbox 1999 3377 2183 3433; x_wconf 90' lang='lat' dir='ltr'><strong>dicere</strong></span> <span class='ocrx_word' id='word_1_556' title='bbox 2213 3370 2607 3433; x_wconf 88' lang='lat' dir='ltr'><strong>concedebant,</strong></span> <span class='ocrx_word' id='word_1_557' title='bbox 2643 3369 2737 3425; x_wconf 88' lang='lat' dir='ltr'><strong>sed</strong></span> <span class='ocrx_word' id='word_1_558' title='bbox 2768 3367 2844 3421; x_wconf 91' lang='lat' dir='ltr'><strong>uti</strong></span> <span class='ocrx_word' id='word_1_559' title='bbox 2879 3365 2988 3419; x_wconf 87' lang='lat' dir='ltr'><strong>rcis</strong></span> <span class='ocrx_word' id='word_1_560' title='bbox 3029 3359 3322 3416; x_wconf 90' lang='lat' dir='ltr'><strong>metuenda</strong></span> <span class='ocrx_word' id='word_1_561' title='bbox 3345 3352 3573 3409; x_wconf 88' lang='lat' dir='ltr'><strong>minita-</strong></span> 
     </span>
    </p>
   </div>
   <div class='ocr_carea' id='block_1_79' title="bbox 1997 3448 3579 3531">
    <p class='ocr_par' dir='ltr' id='par_1_79' title="bbox 1997 3448 3579 3531">
     <span class='ocr_line' id='line_1_79' title="bbox 1997 3448 3579 3531; baseline -0.019 -7"><span class='ocrx_word' id='word_1_562' title='bbox 1997 3470 2221 3528; x_wconf 84' lang='lat' dir='ltr'><strong>bantur,</strong></span> <span class='ocrx_word' id='word_1_563' title='bbox 2280 3464 2334 3518; x_wconf 93' lang='lat' dir='ltr'><strong>ni</strong></span> <span class='ocrx_word' id='word_1_564' title='bbox 2387 3462 2555 3519; x_wconf 87' lang='lat' dir='ltr'><strong>semel</strong></span> <span class='ocrx_word' id='word_1_565' title='bbox 2589 3468 2795 3531; x_wconf 63' lang='lat' dir='ltr'><strong>praeter</strong></span> <span class='ocrx_word' id='word_1_566' title='bbox 2826 3457 2919 3527; x_wconf 80' lang='lat' dir='ltr'><strong>jus</strong></span> <span class='ocrx_word' id='word_1_567' title='bbox 2962 3467 3125 3509; x_wconf 87' lang='lat' dir='ltr'><strong>omne</strong></span> <span class='ocrx_word' id='word_1_568' title='bbox 3159 3448 3355 3516; x_wconf 86' lang='lat' dir='ltr'><strong>fasque</strong></span> <span class='ocrx_word' id='word_1_569' title='bbox 3388 3451 3579 3499; x_wconf 85' lang='lat' dir='ltr'><strong>contra</strong></span> 
     </span>
    </p>
   </div>
   <div class='ocr_carea' id='block_1_80' title="bbox 2000 3539 3581 3623">
    <p class='ocr_par' dir='ltr' id='par_1_80' title="bbox 2000 3539 3581 3623">
     <span class='ocr_line' id='line_1_80' title="bbox 2000 3539 3581 3623; baseline -0.018 -10"><span class='ocrx_word' id='word_1_570' title='bbox 2000 3572 2103 3615; x_wconf 88' lang='lat' dir='ltr'><strong>nos</strong></span> <span class='ocrx_word' id='word_1_571' title='bbox 2143 3555 2343 3623; x_wconf 86' lang='lat' dir='ltr'><strong>scripta</strong></span> <span class='ocrx_word' id='word_1_572' title='bbox 2389 3554 2609 3607; x_wconf 85' lang='lat' dir='ltr'><strong>decreta</strong></span> <span class='ocrx_word' id='word_1_573' title='bbox 2654 3548 3088 3604; x_wconf 89' lang='lat' dir='ltr'><strong>constabilirent.</strong></span> <span class='ocrx_word' id='word_1_574' title='bbox 3137 3539 3206 3595; x_wconf 90' lang='lat' dir='ltr'><strong>Et</strong></span> <span class='ocrx_word' id='word_1_575' title='bbox 3233 3539 3394 3592; x_wconf 76' lang='lat' dir='ltr'><strong>mina:</strong></span> <span class='ocrx_word' id='word_1_576' title='bbox 3423 3541 3581 3588; x_wconf 84' lang='lat' dir='ltr'><strong>erant</strong></span> 
     </span>
    </p>
   </div>
   <div class='ocr_carea' id='block_1_81' title="bbox 2001 3624 3581 3714">
    <p class='ocr_par' dir='ltr' id='par_1_81' title="bbox 2001 3624 3581 3714">
     <span class='ocr_line' id='line_1_81' title="bbox 2001 3624 3581 3714; baseline -0.017 -11"><span class='ocrx_word' id='word_1_577' title='bbox 2001 3664 2110 3703; x_wconf 88' lang='lat' dir='ltr'><strong>non</strong></span> <span class='ocrx_word' id='word_1_578' title='bbox 2144 3643 2523 3714; x_wconf 86' lang='lat' dir='ltr'><strong>pecuniarum,</strong></span> <span class='ocrx_word' id='word_1_579' title='bbox 2580 3654 2687 3693; x_wconf 92' lang='lat' dir='ltr'><strong>non</strong></span> <span class='ocrx_word' id='word_1_580' title='bbox 2747 3635 3185 3708; x_wconf 88' lang='lat' dir='ltr'><strong>possessionum,</strong></span> <span class='ocrx_word' id='word_1_581' title='bbox 3243 3642 3352 3683; x_wconf 90' lang='lat' dir='ltr'><strong>non</strong></span> <span class='ocrx_word' id='word_1_582' title='bbox 3408 3624 3581 3695; x_wconf 81' lang='lat' dir='ltr'><strong>ipsius</strong></span> 
     </span>
    </p>
   </div>
   <div class='ocr_carea' id='block_1_82' title="bbox 1997 3717 3583 3812">
    <p class='ocr_par' dir='ltr' id='par_1_82' title="bbox 1997 3717 3583 3812">
     <span class='ocr_line' id='line_1_82' title="bbox 1997 3717 3583 3812; baseline -0.019 -16"><span class='ocrx_word' id='word_1_583' title='bbox 1997 3739 2348 3812; x_wconf 77' lang='lat' dir='ltr'><strong>pontificatus</strong></span> <span class='ocrx_word' id='word_1_584' title='bbox 2381 3732 2629 3796; x_wconf 87' lang='lat' dir='ltr'><strong>amissio,</strong></span> <span class='ocrx_word' id='word_1_585' title='bbox 2680 3728 2778 3785; x_wconf 87' lang='lat' dir='ltr'><strong>sed</strong></span> <span class='ocrx_word' id='word_1_586' title='bbox 2827 3742 3005 3793; x_wconf 90' lang='lat' dir='ltr'><strong>mors,</strong></span> <span class='ocrx_word' id='word_1_587' title='bbox 3041 3736 3215 3792; x_wconf 89' lang='lat' dir='ltr'><strong>eaque</strong></span> <span class='ocrx_word' id='word_1_588' title='bbox 3257 3717 3494 3774; x_wconf 81' lang='lat' dir='ltr'><strong>crudelis</strong></span> <span class='ocrx_word' id='word_1_589' title='bbox 3528 3723 3583 3768; x_wconf 91' lang='lat' dir='ltr'><strong>et</strong></span> 
     </span>
    </p>
   </div>
   <div class='ocr_carea' id='block_1_83' title="bbox 2008 3811 3579 3904">
    <p class='ocr_par' dir='ltr' id='par_1_83' title="bbox 2008 3811 3579 3904">
     <span class='ocr_line' id='line_1_83' title="bbox 2008 3811 3579 3904; baseline -0.019 -15"><span class='ocrx_word' id='word_1_590' title='bbox 2008 3847 2175 3904; x_wconf 83' lang='lat' dir='ltr'><strong>quam</strong></span> <span class='ocrx_word' id='word_1_591' title='bbox 2229 3828 2468 3885; x_wconf 83' lang='lat' dir='ltr'><strong>maxime</strong></span> <span class='ocrx_word' id='word_1_592' title='bbox 2511 3825 2771 3879; x_wconf 89' lang='lat' dir='ltr'><strong>violenta.</strong></span> <span class='ocrx_word' id='word_1_593' title='bbox 2804 3821 3016 3887; x_wconf 85' lang='lat' dir='ltr'><strong>Quibus</strong></span> <span class='ocrx_word' id='word_1_594' title='bbox 3065 3815 3212 3871; x_wconf 88' lang='lat' dir='ltr'><strong>enim</strong></span> <span class='ocrx_word' id='word_1_595' title='bbox 3268 3811 3579 3869; x_wconf 84' lang='lat' dir='ltr'><strong>videbatur,</strong></span> 
     </span>
    </p>
   </div>
   <div class='ocr_carea' id='block_1_84' title="bbox 2001 3904 3586 3997">
    <p class='ocr_par' dir='ltr' id='par_1_84' title="bbox 2001 3904 3586 3997">
     <span class='ocr_line' id='line_1_84' title="bbox 2001 3904 3586 3997; baseline -0.017 -15"><span class='ocrx_word' id='word_1_596' title='bbox 2001 3933 2125 3997; x_wconf 86' lang='lat' dir='ltr'><strong>post</strong></span> <span class='ocrx_word' id='word_1_597' title='bbox 2156 3933 2399 3979; x_wconf 85' lang='lat' dir='ltr'><strong>nostram</strong></span> <span class='ocrx_word' id='word_1_598' title='bbox 2456 3918 2968 3975; x_wconf 85' lang='lat' dir='ltr'><strong>condemnationem</strong></span> <span class='ocrx_word' id='word_1_599' title='bbox 3020 3910 3229 3966; x_wconf 90' lang='lat' dir='ltr'><strong>malum</strong></span> <span class='ocrx_word' id='word_1_600' title='bbox 3281 3917 3403 3959; x_wconf 90' lang='lat' dir='ltr'><strong>esse</strong></span> <span class='ocrx_word' id='word_1_601' title='bbox 3439 3904 3495 3955; x_wconf 89' lang='lat' dir='ltr'><strong>in</strong></span> <span class='ocrx_word' id='word_1_602' title='bbox 3527 3914 3586 3955; x_wconf 89' lang='lat' dir='ltr'><strong>se</strong></span> 
     </span>
    </p>
   </div>
   <div class='ocr_carea' id='block_1_85' title="bbox 2004 3990 3585 4078">
    <p class='ocr_par' dir='ltr' id='par_1_85' title="bbox 2004 3990 3585 4078">
     <span class='ocr_line' id='line_1_85' title="bbox 2004 3990 3585 4078; baseline -0.021 -4"><span class='ocrx_word' id='word_1_603' title='bbox 2004 3990 2166 4074; x_wconf 74' lang='lat' dir='ltr'><strong>omne</strong></span> <span class='ocrx_word' id='word_1_604' title='bbox 2187 4012 2635 4074; x_wconf 88' lang='lat' dir='ltr'><strong>convertendum,</strong></span> <span class='ocrx_word' id='word_1_605' title='bbox 2667 4006 2811 4078; x_wconf 90' lang='lat' dir='ltr'><strong>quod</strong></span> <span class='ocrx_word' id='word_1_606' title='bbox 2842 4002 3188 4075; x_wconf 79' lang='lat' dir='ltr'><strong>postmodum</strong></span> <span class='ocrx_word' id='word_1_607' title='bbox 3219 4005 3433 4064; x_wconf 83' lang='lat' dir='ltr'><strong>tempus</strong></span> <span class='ocrx_word' id='word_1_608' title='bbox 3454 3990 3585 4045; x_wconf 89' lang='lat' dir='ltr'><strong>sub-</strong></span> 
     </span>
    </p>
   </div>
   <div class='ocr_carea' id='block_1_86' title="bbox 2001 4089 3586 4179">
    <p class='ocr_par' dir='ltr' id='par_1_86' title="bbox 2001 4089 3586 4179">
     <span class='ocr_line' id='line_1_86' title="bbox 2001 4089 3586 4179; baseline -0.02 -14"><span class='ocrx_word' id='word_1_609' title='bbox 2001 4122 2243 4179; x_wconf 85' lang='lat' dir='ltr'><strong>sequens</strong></span> <span class='ocrx_word' id='word_1_610' title='bbox 2280 4115 2468 4175; x_wconf 87' lang='lat' dir='ltr'><strong>aperte</strong></span> <span class='ocrx_word' id='word_1_611' title='bbox 2514 4100 2934 4162; x_wconf 87' lang='lat' dir='ltr'><strong>demonstravit,</strong></span> <span class='ocrx_word' id='word_1_612' title='bbox 2984 4095 3081 4157; x_wconf 91' lang='lat' dir='ltr'><strong>illi,</strong></span> <span class='ocrx_word' id='word_1_613' title='bbox 3131 4100 3190 4146; x_wconf 89' lang='lat' dir='ltr'><strong>ut</strong></span> <span class='ocrx_word' id='word_1_614' title='bbox 3229 4089 3437 4143; x_wconf 86' lang='lat' dir='ltr'><strong>dictum</strong></span> <span class='ocrx_word' id='word_1_615' title='bbox 3481 4089 3586 4144; x_wconf 90' lang='lat' dir='ltr'><strong>est,</strong></span> 
     </span>
    </p>
   </div>
   <div class='ocr_carea' id='block_1_87' title="bbox 1998 4186 3577 4263">
    <p class='ocr_par' dir='ltr' id='par_1_87' title="bbox 1998 4186 3577 4263">
     <span class='ocr_line' id='line_1_87' title="bbox 1998 4186 3577 4263; baseline -0.019 -9"><span class='ocrx_word' id='word_1_616' title='bbox 1998 4200 2230 4263; x_wconf 86' lang='lat' dir='ltr'><strong>vilium,</strong></span> <span class='ocrx_word' id='word_1_617' title='bbox 2285 4205 2337 4251; x_wconf 89' lang='lat' dir='ltr'><strong>et</strong></span> <span class='ocrx_word' id='word_1_618' title='bbox 2397 4193 2829 4248; x_wconf 86' lang='lat' dir='ltr'><strong>truculentorum</strong></span> <span class='ocrx_word' id='word_1_619' title='bbox 2895 4186 3177 4240; x_wconf 90' lang='lat' dir='ltr'><strong>hominum</strong></span> <span class='ocrx_word' id='word_1_620' title='bbox 3242 4186 3577 4245; x_wconf 84' lang='lat' dir='ltr'><strong>congressus</strong></span> 
     </span>
    </p>
   </div>
   <div class='ocr_carea' id='block_1_88' title="bbox 2005 4266 3586 4362">
    <p class='ocr_par' dir='ltr' id='par_1_88' title="bbox 2005 4266 3586 4362">
     <span class='ocr_line' id='line_1_88' title="bbox 2005 4266 3586 4362; baseline -0.02 -16"><span class='ocrx_word' id='word_1_621' title='bbox 2005 4290 2398 4362; x_wconf 83' lang='lat' dir='ltr'><strong>procurabant,</strong></span> <span class='ocrx_word' id='word_1_622' title='bbox 2427 4296 2489 4341; x_wconf 90' lang='lat' dir='ltr'><strong>ut</strong></span> <span class='ocrx_word' id='word_1_623' title='bbox 2540 4285 2586 4341; x_wconf 89' lang='lat' dir='ltr'><strong>si</strong></span> <span class='ocrx_word' id='word_1_624' title='bbox 2630 4285 2753 4352; x_wconf 89' lang='lat' dir='ltr'><strong>quis</strong></span> <span class='ocrx_word' id='word_1_625' title='bbox 2802 4276 3095 4347; x_wconf 88' lang='lat' dir='ltr'><strong>aliquando</strong></span> <span class='ocrx_word' id='word_1_626' title='bbox 3152 4271 3235 4326; x_wconf 88' lang='lat' dir='ltr'><strong>vel</strong></span> <span class='ocrx_word' id='word_1_627' title='bbox 3290 4266 3586 4323; x_wconf 82' lang='lat' dir='ltr'><strong>minimum</strong></span> 
     </span>
    </p>
   </div>
   <div class='ocr_carea' id='block_1_89' title="bbox 2005 4363 3589 4454">
    <p class='ocr_par' dir='ltr' id='par_1_89' title="bbox 2005 4363 3589 4454">
     <span class='ocr_line' id='line_1_89' title="bbox 2005 4363 3589 4454; baseline -0.021 -16"><span class='ocrx_word' id='word_1_628' title='bbox 2005 4397 2119 4454; x_wconf 78' lang='lat' dir='ltr'><strong>prae</strong></span> <span class='ocrx_word' id='word_1_629' title='bbox 2172 4380 2257 4434; x_wconf 89' lang='lat' dir='ltr'><strong>his</strong></span> <span class='ocrx_word' id='word_1_630' title='bbox 2287 4418 2303 4443; x_wconf 93' lang='lat'><strong>,</strong></span> <span class='ocrx_word' id='word_1_631' title='bbox 2363 4393 2488 4449; x_wconf 66' lang='lat' dir='ltr'><strong>qua:</strong></span> <span class='ocrx_word' id='word_1_632' title='bbox 2537 4371 2992 4445; x_wconf 68' lang='lat' dir='ltr'><strong>praecipiebantur</strong></span> <span class='ocrx_word' id='word_1_633' title='bbox 3021 4405 3037 4432; x_wconf 98' lang='lat'><strong>,</strong></span> <span class='ocrx_word' id='word_1_634' title='bbox 3094 4363 3367 4423; x_wconf 83' lang='lat' dir='ltr'><strong>hisceret,</strong></span> <span class='ocrx_word' id='word_1_635' title='bbox 3412 4363 3589 4409; x_wconf 88' lang='lat' dir='ltr'><strong>morte</strong></span> 
     </span>
    </p>
   </div>
   <div class='ocr_carea' id='block_1_90' title="bbox 2011 4449 3586 4536">
    <p class='ocr_par' dir='ltr' id='par_1_90' title="bbox 2011 4449 3586 4536">
     <span class='ocr_line' id='line_1_90' title="bbox 2011 4449 3586 4536; baseline -0.022 -7"><span class='ocrx_word' id='word_1_636' title='bbox 2011 4449 2360 4528; x_wconf 73' lang='lat' dir='ltr'><strong>multaretur.</strong></span> <span class='ocrx_word' id='word_1_637' title='bbox 2415 4468 2554 4536; x_wconf 84' lang='lat' dir='ltr'><strong>Quid</strong></span> <span class='ocrx_word' id='word_1_638' title='bbox 2591 4466 2755 4536; x_wconf 78' lang='lat' dir='ltr'><strong>igitur</strong></span> <span class='ocrx_word' id='word_1_639' title='bbox 2790 4461 2963 4517; x_wconf 86' lang='lat' dir='ltr'><strong>acturi</strong></span> <span class='ocrx_word' id='word_1_640' title='bbox 2999 4464 3176 4517; x_wconf 90' lang='lat' dir='ltr'><strong>erant,</strong></span> <span class='ocrx_word' id='word_1_641' title='bbox 3205 4450 3300 4522; x_wconf 89' lang='lat' dir='ltr'><strong>qui</strong></span> <span class='ocrx_word' id='word_1_642' title='bbox 3344 4449 3398 4501; x_wconf 93' lang='lat' dir='ltr'><strong>in</strong></span> <span class='ocrx_word' id='word_1_643' title='bbox 3432 4458 3586 4498; x_wconf 85' lang='lat' dir='ltr'><strong>vesa-</strong></span> 
     </span>
    </p>
   </div>
   <div class='ocr_carea' id='block_1_91' title="bbox 320 4542 1891 4632">
    <p class='ocr_par' dir='ltr' id='par_1_91' title="bbox 320 4557 1891 4632">
     <span class='ocr_line' id='line_1_91' title="bbox 320 4557 1891 4632; baseline 0.004 -15"><span class='ocrx_word' id='word_1_644' title='bbox 320 4562 371 4618; x_wconf 78' lang='grc' dir='ltr'>δ’</span> <span class='ocrx_word' id='word_1_645' title='bbox 407 4558 501 4616; x_wconf 80' lang='grc' dir='ltr'>οὖν</span> <span class='ocrx_word' id='word_1_646' title='bbox 529 4560 673 4614; x_wconf 75' lang='grc' dir='ltr'>οὕτω</span> <span class='ocrx_word' id='word_1_647' title='bbox 692 4561 790 4614; x_wconf 74' lang='grc' dir='ltr'>καὶ</span> <span class='ocrx_word' id='word_1_648' title='bbox 817 4560 915 4613; x_wconf 75' lang='grc' dir='ltr'><strong>ἐπὶ</strong></span> <span class='ocrx_word' id='word_1_649' title='bbox 945 4562 1214 4625; x_wconf 85' lang='grc' dir='ltr'>τοιούτοις</span> <span class='ocrx_word' id='word_1_650' title='bbox 1249 4557 1365 4632; x_wconf 78' lang='grc' dir='ltr'>εἶχε</span> <span class='ocrx_word' id='word_1_651' title='bbox 1396 4563 1621 4629; x_wconf 88' lang='grc' dir='ltr'>τούτους</span> <span class='ocrx_word' id='word_1_652' title='bbox 1653 4566 1714 4620; x_wconf 85' lang='grc' dir='ltr'>τὸ</span> <span class='ocrx_word' id='word_1_653' title='bbox 1741 4568 1891 4623; x_wconf 80' lang='grc' dir='ltr'>δικα-</span> 
     </span>
    </p>
   </div>
   <div class='ocr_carea' id='block_1_92' title="bbox 1996 4542 3586 4632">
    <p class='ocr_par' dir='ltr' id='par_1_92' title="bbox 2004 4542 3586 4629">
     <span class='ocr_line' id='line_1_92' title="bbox 2004 4542 3586 4629; baseline -0.022 -7"><span class='ocrx_word' id='word_1_654' title='bbox 2004 4582 2130 4622; x_wconf 80' lang='lat' dir='ltr'><strong>natn</strong></span> <span class='ocrx_word' id='word_1_655' title='bbox 2180 4562 2412 4629; x_wconf 87' lang='lat' dir='ltr'><strong>rabiem,</strong></span> <span class='ocrx_word' id='word_1_656' title='bbox 2469 4570 2522 4617; x_wconf 91' lang='lat' dir='ltr'><strong>et</strong></span> <span class='ocrx_word' id='word_1_657' title='bbox 2573 4558 2846 4629; x_wconf 90' lang='lat' dir='ltr'><strong>perditum</strong></span> <span class='ocrx_word' id='word_1_658' title='bbox 2896 4548 3266 4607; x_wconf 88' lang='lat' dir='ltr'><strong>multitudinis</strong></span> <span class='ocrx_word' id='word_1_659' title='bbox 3320 4542 3586 4608; x_wconf 79' lang='lat' dir='ltr'><strong>impetum</strong></span> 
     </span>
    </p>
   </div>
   <div class='ocr_carea' id='block_1_93' title="bbox 325 4652 1899 4732">
    <p class='ocr_par' dir='ltr' id='par_1_93' title="bbox 325 4652 1899 4732">
     <span class='ocr_line' id='line_1_93' title="bbox 325 4652 1899 4732; baseline 0.003 -22"><span class='ocrx_word' id='word_1_660' title='bbox 325 4657 570 4726; x_wconf 81' lang='grc' dir='ltr'>στήριον,</span> <span class='ocrx_word' id='word_1_661' title='bbox 606 4653 699 4707; x_wconf 78' lang='grc' dir='ltr'>καὶ</span> <span class='ocrx_word' id='word_1_662' title='bbox 722 4655 857 4724; x_wconf 79' lang='grc' dir='ltr'>ἡμῖν</span> <span class='ocrx_word' id='word_1_663' title='bbox 882 4652 941 4706; x_wconf 83' lang='grc' dir='ltr'>τὸ</span> <span class='ocrx_word' id='word_1_664' title='bbox 966 4652 1154 4731; x_wconf 62' lang='grc' dir='ltr'>λοιπὸν</span> <span class='ocrx_word' id='word_1_665' title='bbox 1180 4654 1247 4706; x_wconf 81' lang='grc' dir='ltr'><strong>τὰ</strong></span> <span class='ocrx_word' id='word_1_666' title='bbox 1277 4655 1533 4710; x_wconf 89' lang='grc' dir='ltr'>λείποντα</span> <span class='ocrx_word' id='word_1_667' title='bbox 1564 4657 1674 4713; x_wconf 86' lang='grc' dir='ltr'><strong>τῶν</strong></span> <span class='ocrx_word' id='word_1_668' title='bbox 1703 4660 1899 4732; x_wconf 87' lang='grc' dir='ltr'>ἀδικη-</span> 
     </span>
    </p>
   </div>
   <div class='ocr_carea' id='block_1_94' title="bbox 326 4741 1720 4818">
    <p class='ocr_par' dir='ltr' id='par_1_94' title="bbox 326 4741 1720 4818">
     <span class='ocr_line' id='line_1_94' title="bbox 326 4741 1720 4818; baseline -0.001 -19"><span class='ocrx_word' id='word_1_669' title='bbox 326 4747 517 4815; x_wconf 81' lang='grc' dir='ltr'>μάτων</span> <span class='ocrx_word' id='word_1_670' title='bbox 541 4742 876 4815; x_wconf 81' lang='grc' dir='ltr'>ἀφηγητέον,</span> <span class='ocrx_word' id='word_1_671' title='bbox 903 4742 997 4794; x_wconf 77' lang='grc' dir='ltr'>καὶ</span> <span class='ocrx_word' id='word_1_672' title='bbox 1018 4741 1139 4794; x_wconf 84' lang='grc' dir='ltr'>ὅποι</span> <span class='ocrx_word' id='word_1_673' title='bbox 1166 4742 1338 4797; x_wconf 85' lang='grc' dir='ltr'>ταῦτα</span> <span class='ocrx_word' id='word_1_674' title='bbox 1356 4747 1720 4818; x_wconf 78' lang='grc' dir='ltr'>κατήντησεν,</span> 
     </span>
    </p>
   </div>
   <div class='ocr_carea' id='block_1_95' title="bbox 2008 4628 3594 4722">
    <p class='ocr_par' dir='ltr' id='par_1_95' title="bbox 2008 4628 3594 4722">
     <span class='ocr_line' id='line_1_95' title="bbox 2008 4628 3594 4722; baseline -0.022 -9"><span class='ocrx_word' id='word_1_675' title='bbox 2008 4657 2278 4715; x_wconf 86' lang='lat' dir='ltr'><strong>contraire</strong></span> <span class='ocrx_word' id='word_1_676' title='bbox 2316 4628 2423 4710; x_wconf 88' lang='lat' dir='ltr'><strong>non</strong></span> <span class='ocrx_word' id='word_1_677' title='bbox 2454 4628 2743 4722; x_wconf 77' lang='lat' dir='ltr'><strong>poterant?</strong></span> <span class='ocrx_word' id='word_1_678' title='bbox 2788 4646 2928 4713; x_wconf 78' lang='lat' dir='ltr'><strong>Quid</strong></span> <span class='ocrx_word' id='word_1_679' title='bbox 2976 4641 3147 4707; x_wconf 87' lang='lat' dir='ltr'><strong>aliud,</strong></span> <span class='ocrx_word' id='word_1_680' title='bbox 3179 4635 3286 4691; x_wconf 86' lang='lat' dir='ltr'><strong>nisi</strong></span> <span class='ocrx_word' id='word_1_681' title='bbox 3316 4628 3594 4686; x_wconf 66' lang='lat' dir='ltr'><strong>violentia:</strong></span> 
     </span>
    </p>
   </div>
   <div class='ocr_carea' id='block_1_96' title="bbox 2014 4721 3595 4817">
    <p class='ocr_par' dir='ltr' id='par_1_96' title="bbox 2014 4721 3595 4817">
     <span class='ocr_line' id='line_1_96' title="bbox 2014 4721 3595 4817; baseline -0.022 -12"><span class='ocrx_word' id='word_1_682' title='bbox 2014 4750 2229 4816; x_wconf 86' lang='lat' dir='ltr'><strong>cedere,</strong></span> <span class='ocrx_word' id='word_1_683' title='bbox 2271 4761 2449 4817; x_wconf 89' lang='lat' dir='ltr'><strong>neque</strong></span> <span class='ocrx_word' id='word_1_684' title='bbox 2500 4745 2769 4798; x_wconf 88' lang='lat' dir='ltr'><strong>intentare</strong></span> <span class='ocrx_word' id='word_1_685' title='bbox 2809 4737 2998 4809; x_wconf 90' lang='lat' dir='ltr'><strong>paucis</strong></span> <span class='ocrx_word' id='word_1_686' title='bbox 3043 4746 3198 4803; x_wconf 78' lang='lat' dir='ltr'><strong>aquae</strong></span> <span class='ocrx_word' id='word_1_687' title='bbox 3228 4726 3394 4799; x_wconf 87' lang='lat' dir='ltr'><strong>guttis</strong></span> <span class='ocrx_word' id='word_1_688' title='bbox 3443 4721 3595 4774; x_wconf 87' lang='lat' dir='ltr'><strong>llam-</strong></span> 
     </span>
    </p>
   </div>
   <div class='ocr_carea' id='block_1_97' title="bbox 319 4816 3594 4912">
    <p class='ocr_par' dir='ltr' id='par_1_97' title="bbox 319 4816 3594 4912">
     <span class='ocr_line' id='line_1_97' title="bbox 319 4816 3594 4912; baseline -0.009 -17"><span class='ocrx_word' id='word_1_689' title='bbox 319 4852 472 4896; x_wconf 69' lang='lat' dir='ltr'><strong>m’am</strong></span> <span class='ocrx_word' id='word_1_690' title='bbox 517 4838 782 4909; x_wconf 77' lang='lat' dir='ltr'><strong>integram</strong></span> <span class='ocrx_word' id='word_1_691' title='bbox 811 4835 877 4891; x_wconf 86' lang='lat' dir='ltr'><strong>ad</strong></span> <span class='ocrx_word' id='word_1_692' title='bbox 913 4834 1114 4888; x_wconf 85' lang='lat' dir='ltr'><strong>aethera</strong></span> <span class='ocrx_word' id='word_1_693' title='bbox 1150 4848 1322 4904; x_wconf 88' lang='lat' dir='ltr'><strong>usque</strong></span> <span class='ocrx_word' id='word_1_694' title='bbox 1387 4816 1676 4895; x_wconf 77' lang='lat' dir='ltr'><strong>excitatam</strong></span> <span class='ocrx_word' id='word_1_695' title='bbox 1725 4839 2117 4912; x_wconf 77' lang='lat' dir='ltr'><strong>exstinguere?</strong></span> <span class='ocrx_word' id='word_1_696' title='bbox 2165 4816 2408 4894; x_wconf 86' lang='lat' dir='ltr'><strong>Tandem</strong></span> <span class='ocrx_word' id='word_1_697' title='bbox 2493 4839 2598 4892; x_wconf 92' lang='lat' dir='ltr'><strong>hoc</strong></span> <span class='ocrx_word' id='word_1_698' title='bbox 2644 4836 2826 4899; x_wconf 90' lang='lat' dir='ltr'><strong>modo,</strong></span> <span class='ocrx_word' id='word_1_699' title='bbox 2878 4834 2929 4887; x_wconf 92' lang='lat' dir='ltr'><strong>ei</strong></span> <span class='ocrx_word' id='word_1_700' title='bbox 3016 4829 3168 4883; x_wconf 86' lang='lat' dir='ltr'><strong>hisce</strong></span> <span class='ocrx_word' id='word_1_701' title='bbox 3199 4823 3267 4878; x_wconf 88' lang='lat' dir='ltr'><strong>de</strong></span> <span class='ocrx_word' id='word_1_702' title='bbox 3328 4818 3494 4874; x_wconf 90' lang='lat' dir='ltr'><strong>rebus</strong></span> <span class='ocrx_word' id='word_1_703' title='bbox 3526 4816 3594 4869; x_wconf 86' lang='lat' dir='ltr'><strong>ad</strong></span> 
     </span>
    </p>
   </div>
   <div class='ocr_carea' id='block_1_98' title="bbox 321 4924 3597 5005">
    <p class='ocr_par' dir='ltr' id='par_1_98' title="bbox 321 4924 3597 5005">
     <span class='ocr_line' id='line_1_98' title="bbox 321 4924 3597 5005; baseline -0.009 -10"><span class='ocrx_word' id='word_1_704' title='bbox 321 4931 566 4987; x_wconf 68' lang='lat' dir='ltr'><strong>tribunal</strong></span> <span class='ocrx_word' id='word_1_705' title='bbox 608 4938 830 4985; x_wconf 77' lang='lat' dir='ltr'><strong>ventum</strong></span> <span class='ocrx_word' id='word_1_706' title='bbox 863 4933 968 4991; x_wconf 66' lang='grc' dir='ltr'>(εει.</span> <span class='ocrx_word' id='word_1_707' title='bbox 999 4924 1266 4997; x_wconf 82' lang='lat' dir='ltr'><strong>n0bisque</strong></span> <span class='ocrx_word' id='word_1_708' title='bbox 1291 4925 1506 4995; x_wconf 86' lang='lat' dir='ltr'><strong>interim</strong></span> <span class='ocrx_word' id='word_1_709' title='bbox 1542 4946 1662 5001; x_wconf 73' lang='lat' dir='ltr'><strong>qua:</strong></span> <span class='ocrx_word' id='word_1_710' title='bbox 1688 4934 1893 5005; x_wconf 78' lang='lat' dir='ltr'><strong>reliqua</strong></span> <span class='ocrx_word' id='word_1_711' title='bbox 1936 4943 2086 5001; x_wconf 88' lang='lat' dir='ltr'><strong>sunt,</strong></span> <span class='ocrx_word' id='word_1_712' title='bbox 2128 4933 2435 5004; x_wconf 74' lang='lat' dir='ltr'><strong>injustitize,</strong></span> <span class='ocrx_word' id='word_1_713' title='bbox 2467 4944 2763 5002; x_wconf 88' lang='lat' dir='ltr'><strong>quemnam</strong></span> <span class='ocrx_word' id='word_1_714' title='bbox 2827 4927 2992 4981; x_wconf 85' lang='lat' dir='ltr'><strong>linem</strong></span> <span class='ocrx_word' id='word_1_715' title='bbox 3060 4930 3222 4978; x_wconf 87' lang='lat' dir='ltr'><strong>nacta</strong></span> <span class='ocrx_word' id='word_1_716' title='bbox 3256 4927 3406 4982; x_wconf 89' lang='lat' dir='ltr'><strong>sunt,</strong></span> <span class='ocrx_word' id='word_1_717' title='bbox 3437 4925 3597 4969; x_wconf 76' lang='lat' dir='ltr'><strong>enar-</strong></span> 
     </span>
    </p>
   </div>
   <div class='ocr_carea' id='block_1_99' title="bbox 322 5023 583 5080">
    <p class='ocr_par' dir='ltr' id='par_1_99' title="bbox 322 5023 583 5080">
     <span class='ocr_line' id='line_1_99' title="bbox 322 5023 583 5080; baseline -0.019 0"><span class='ocrx_word' id='word_1_718' title='bbox 322 5023 583 5080; x_wconf 87' lang='lat' dir='ltr'><strong>randum.</strong></span> 
     </span>
    </p>
   </div>
   <div class='ocr_carea' id='block_1_100' title="bbox 397 5109 1908 5189">
    <p class='ocr_par' dir='ltr' id='par_1_100' title="bbox 397 5109 1908 5189">
     <span class='ocr_line' id='line_1_100' title="bbox 397 5109 1908 5189; baseline 0.003 -20"><span class='ocrx_word' id='word_1_719' title='bbox 397 5112 465 5179; x_wconf 68' lang='grc' dir='ltr'><strong>ξ.</strong></span> <span class='ocrx_word' id='word_1_720' title='bbox 501 5109 629 5184; x_wconf 85' lang='grc' dir='ltr'>Εῐχε</span> <span class='ocrx_word' id='word_1_721' title='bbox 664 5115 766 5184; x_wconf 84' lang='grc' dir='ltr'>μὲν</span> <span class='ocrx_word' id='word_1_722' title='bbox 818 5115 925 5185; x_wconf 82' lang='grc' dir='ltr'>γὰρ</span> <span class='ocrx_word' id='word_1_723' title='bbox 975 5115 1168 5179; x_wconf 85' lang='grc' dir='ltr'>ταῦτα,</span> <span class='ocrx_word' id='word_1_724' title='bbox 1197 5113 1273 5176; x_wconf 87' lang='grc' dir='ltr'><strong>ὡς</strong></span> <span class='ocrx_word' id='word_1_725' title='bbox 1319 5113 1478 5183; x_wconf 74' lang='grc' dir='ltr'>ἔφην,</span> <span class='ocrx_word' id='word_1_726' title='bbox 1508 5115 1685 5186; x_wconf 79' lang='grc' dir='ltr'>ἀρχὴν</span> <span class='ocrx_word' id='word_1_727' title='bbox 1711 5117 1771 5169; x_wconf 81' lang='grc' dir='ltr'>τὸ</span> <span class='ocrx_word' id='word_1_728' title='bbox 1800 5119 1908 5189; x_wconf 69' lang='grc' dir='ltr'><strong>πρὸ</strong></span> 
     </span>
    </p>
   </div>
   <div class='ocr_carea' id='block_1_101' title="bbox 319 5204 1908 5279">
    <p class='ocr_par' dir='ltr' id='par_1_101' title="bbox 319 5204 1908 5279">
     <span class='ocr_line' id='line_1_101' title="bbox 319 5204 1908 5279; baseline -0.004 -18"><span class='ocrx_word' id='word_1_729' title='bbox 319 5209 429 5277; x_wconf 74' lang='grc' dir='ltr'>τῆς</span> <span class='ocrx_word' id='word_1_730' title='bbox 455 5207 578 5260; x_wconf 85' lang='grc' dir='ltr'>καθ’</span> <span class='ocrx_word' id='word_1_731' title='bbox 613 5207 774 5279; x_wconf 81' lang='grc' dir='ltr'>ἡμῶν</span> <span class='ocrx_word' id='word_1_732' title='bbox 807 5207 1096 5277; x_wconf 86' lang='grc' dir='ltr'>συνοδικῆς</span> <span class='ocrx_word' id='word_1_733' title='bbox 1122 5204 1470 5275; x_wconf 84' lang='grc' dir='ltr'>διαγνώσεως</span> <span class='ocrx_word' id='word_1_734' title='bbox 1499 5209 1908 5279; x_wconf 83' lang='grc' dir='ltr'>ἀντικαταστῆ-</span> 
     </span>
    </p>
   </div>
   <div class='ocr_carea' id='block_1_102' title="bbox 323 5298 1906 5371">
    <p class='ocr_par' dir='ltr' id='par_1_102' title="bbox 323 5298 1906 5371">
     <span class='ocr_line' id='line_1_102' title="bbox 323 5298 1906 5371; baseline 0.001 -18"><span class='ocrx_word' id='word_1_735' title='bbox 323 5316 421 5353; x_wconf 68' lang='grc' dir='ltr'><strong>ναι</strong></span> <span class='ocrx_word' id='word_1_736' title='bbox 464 5299 543 5369; x_wconf 83' lang='grc' dir='ltr'>τῷ</span> <span class='ocrx_word' id='word_1_737' title='bbox 570 5299 748 5371; x_wconf 83' lang='grc' dir='ltr'>θρόνῳ</span> <span class='ocrx_word' id='word_1_738' title='bbox 796 5300 888 5355; x_wconf 82' lang='grc' dir='ltr'>τὸν</span> <span class='ocrx_word' id='word_1_739' title='bbox 930 5300 1087 5371; x_wconf 81' lang='grc' dir='ltr'>ἡμῶν</span> <span class='ocrx_word' id='word_1_740' title='bbox 1115 5300 1210 5353; x_wconf 74' lang='grc' dir='ltr'><strong>ἐπὶ</strong></span> <span class='ocrx_word' id='word_1_741' title='bbox 1257 5298 1433 5370; x_wconf 68' lang='grc' dir='ltr'>τούτῳ</span> <span class='ocrx_word' id='word_1_742' title='bbox 1460 5299 1777 5369; x_wconf 74' lang='grc' dir='ltr'>άντίζηλον,</span> <span class='ocrx_word' id='word_1_743' title='bbox 1809 5301 1906 5355; x_wconf 81' lang='grc' dir='ltr'>καὶ</span> 
     </span>
    </p>
   </div>
   <div class='ocr_carea' id='block_1_103' title="bbox 326 5389 1905 5461">
    <p class='ocr_par' dir='ltr' id='par_1_103' title="bbox 326 5389 1905 5461">
     <span class='ocr_line' id='line_1_103' title="bbox 326 5389 1905 5461; baseline 0.001 -17"><span class='ocrx_word' id='word_1_744' title='bbox 326 5391 567 5461; x_wconf 77' lang='grc' dir='ltr'>προσέτι</span> <span class='ocrx_word' id='word_1_745' title='bbox 603 5392 664 5442; x_wconf 62' lang='grc' dir='ltr'><strong>’ἓν</strong></span> <span class='ocrx_word' id='word_1_746' title='bbox 719 5391 851 5460; x_wconf 83' lang='grc' dir='ltr'>παρ’</span> <span class='ocrx_word' id='word_1_747' title='bbox 884 5389 1052 5444; x_wconf 81' lang='grc' dir='ltr'>αὐτοῦ</span> <span class='ocrx_word' id='word_1_748' title='bbox 1097 5394 1189 5444; x_wconf 77' lang='grc' dir='ltr'>καὶ</span> <span class='ocrx_word' id='word_1_749' title='bbox 1225 5391 1390 5459; x_wconf 76' lang='grc' dir='ltr'>μόνου</span> <span class='ocrx_word' id='word_1_750' title='bbox 1422 5392 1521 5461; x_wconf 81' lang='grc' dir='ltr'>τὴν</span> <span class='ocrx_word' id='word_1_751' title='bbox 1576 5389 1702 5444; x_wconf 85' lang='grc' dir='ltr'>καθ’</span> <span class='ocrx_word' id='word_1_752' title='bbox 1747 5392 1905 5461; x_wconf 79' lang='grc' dir='ltr'>ἡμῶν</span> 
     </span>
    </p>
   </div>
   <div class='ocr_carea' id='block_1_104' title="bbox 329 5481 1908 5556">
    <p class='ocr_par' dir='ltr' id='par_1_104' title="bbox 329 5481 1908 5556">
     <span class='ocr_line' id='line_1_104' title="bbox 329 5481 1908 5556; baseline -0.002 -17"><span class='ocrx_word' id='word_1_753' title='bbox 329 5484 686 5555; x_wconf 75' lang='grc' dir='ltr'>ἐξενεχθῆναι</span> <span class='ocrx_word' id='word_1_754' title='bbox 715 5484 1012 5551; x_wconf 78' lang='grc' dir='ltr'>ἀπόφασιν,</span> <span class='ocrx_word' id='word_1_755' title='bbox 1061 5486 1154 5536; x_wconf 83' lang='grc' dir='ltr'>καὶ</span> <span class='ocrx_word' id='word_1_756' title='bbox 1191 5484 1250 5535; x_wconf 87' lang='grc' dir='ltr'>τὸ</span> <span class='ocrx_word' id='word_1_757' title='bbox 1290 5481 1354 5553; x_wconf 83' lang='grc' dir='ltr'>δὴ</span> <span class='ocrx_word' id='word_1_758' title='bbox 1413 5482 1621 5552; x_wconf 76' lang='grc' dir='ltr'>μεῖζον,</span> <span class='ocrx_word' id='word_1_759' title='bbox 1661 5482 1724 5535; x_wconf 83' lang='grc' dir='ltr'>τὸ</span> <span class='ocrx_word' id='word_1_760' title='bbox 1769 5483 1908 5556; x_wconf 81' lang='grc' dir='ltr'>μηδὲ</span> 
     </span>
    </p>
   </div>
   <div class='ocr_carea' id='block_1_105' title="bbox 332 5573 1907 5645">
    <p class='ocr_par' dir='ltr' id='par_1_105' title="bbox 332 5573 1907 5645">
     <span class='ocr_line' id='line_1_105' title="bbox 332 5573 1907 5645; baseline -0.003 -15"><span class='ocrx_word' id='word_1_761' title='bbox 332 5576 474 5645; x_wconf 79' lang='grc' dir='ltr'>παρ’</span> <span class='ocrx_word' id='word_1_762' title='bbox 507 5575 699 5639; x_wconf 80' lang='grc' dir='ltr'>αὑτοῦ,</span> <span class='ocrx_word' id='word_1_763' title='bbox 722 5576 857 5630; x_wconf 82' lang='grc' dir='ltr'><strong>ἀλλά</strong></span> <span class='ocrx_word' id='word_1_764' title='bbox 890 5576 1020 5645; x_wconf 81' lang='grc' dir='ltr'>παρ’</span> <span class='ocrx_word' id='word_1_765' title='bbox 1051 5575 1262 5645; x_wconf 78' lang='grc' dir='ltr'>ἀνδρῶν</span> <span class='ocrx_word' id='word_1_766' title='bbox 1284 5574 1542 5643; x_wconf 82' lang='grc' dir='ltr'>ἀνιέρων,</span> <span class='ocrx_word' id='word_1_767' title='bbox 1576 5573 1907 5627; x_wconf 72' lang='grc' dir='ltr'>καὶτούτων</span> 
     </span>
    </p>
   </div>
   <div class='ocr_carea' id='block_1_106' title="bbox 331 5662 1908 5738">
    <p class='ocr_par' dir='ltr' id='par_1_106' title="bbox 331 5662 1908 5738">
     <span class='ocr_line' id='line_1_106' title="bbox 331 5662 1908 5738; baseline -0.005 -15"><span class='ocrx_word' id='word_1_768' title='bbox 331 5667 549 5738; x_wconf 74' lang='grc' dir='ltr'>παλαιᾷ</span> <span class='ocrx_word' id='word_1_769' title='bbox 573 5668 639 5737; x_wconf 81' lang='grc' dir='ltr'>τῇ</span> <span class='ocrx_word' id='word_1_770' title='bbox 673 5664 801 5720; x_wconf 85' lang='grc' dir='ltr'>καθ’</span> <span class='ocrx_word' id='word_1_771' title='bbox 831 5666 989 5736; x_wconf 82' lang='grc' dir='ltr'>ἡμῶν</span> <span class='ocrx_word' id='word_1_772' title='bbox 1024 5666 1196 5734; x_wconf 71' lang='grc' dir='ltr'>κακίᾳ</span> <span class='ocrx_word' id='word_1_773' title='bbox 1221 5662 1702 5735; x_wconf 82' lang='grc' dir='ltr'>προστετηκότων,</span> <span class='ocrx_word' id='word_1_774' title='bbox 1724 5662 1800 5727; x_wconf 80' lang='grc' dir='ltr'>ὡς</span> <span class='ocrx_word' id='word_1_775' title='bbox 1820 5663 1908 5715; x_wconf 79' lang='grc' dir='ltr'><strong>ἐπ’</strong></span> 
     </span>
    </p>
   </div>
   <div class='ocr_carea' id='block_1_107' title="bbox 337 5751 1910 5827">
    <p class='ocr_par' dir='ltr' id='par_1_107' title="bbox 337 5751 1910 5827">
     <span class='ocr_line' id='line_1_107' title="bbox 337 5751 1910 5827; baseline -0.004 -15"><span class='ocrx_word' id='word_1_776' title='bbox 337 5759 573 5827; x_wconf 81' lang='grc' dir='ltr'>ὀνόματι</span> <span class='ocrx_word' id='word_1_777' title='bbox 610 5756 775 5812; x_wconf 80' lang='grc' dir='ltr'>αὑτοῦ</span> <span class='ocrx_word' id='word_1_778' title='bbox 806 5757 1015 5825; x_wconf 81' lang='grc' dir='ltr'>ταύτην</span> <span class='ocrx_word' id='word_1_779' title='bbox 1061 5756 1468 5824; x_wconf 80' lang='grc' dir='ltr'>σχεδιασθῆναι,</span> <span class='ocrx_word' id='word_1_780' title='bbox 1504 5751 1602 5822; x_wconf 78' lang='grc' dir='ltr'>τὴν</span> <span class='ocrx_word' id='word_1_781' title='bbox 1634 5754 1679 5805; x_wconf 84' lang='grc' dir='ltr'>δ’</span> <span class='ocrx_word' id='word_1_782' title='bbox 1722 5754 1816 5808; x_wconf 71' lang='grc' dir='ltr'><strong>ἐπὶ</strong></span> <span class='ocrx_word' id='word_1_783' title='bbox 1850 5755 1910 5806; x_wconf 87' lang='grc' dir='ltr'>τὸ</span> 
     </span>
    </p>
   </div>
   <div class='ocr_carea' id='block_1_108' title="bbox 333 5844 1914 5919">
    <p class='ocr_par' dir='ltr' id='par_1_108' title="bbox 333 5844 1914 5919">
     <span class='ocr_line' id='line_1_108' title="bbox 333 5844 1914 5919; baseline -0.004 -15"><span class='ocrx_word' id='word_1_784' title='bbox 333 5848 509 5904; x_wconf 83' lang='grc' dir='ltr'>πλέον</span> <span class='ocrx_word' id='word_1_785' title='bbox 535 5847 739 5919; x_wconf 79' lang='grc' dir='ltr'>ἔσχηκε</span> <span class='ocrx_word' id='word_1_786' title='bbox 768 5848 1015 5918; x_wconf 73' lang='grc' dir='ltr'>πρόοδον,</span> <span class='ocrx_word' id='word_1_787' title='bbox 1063 5849 1125 5899; x_wconf 79' lang='grc' dir='ltr'>ἐκ</span> <span class='ocrx_word' id='word_1_788' title='bbox 1159 5846 1289 5911; x_wconf 82' lang='grc' dir='ltr'>τῶν,</span> <span class='ocrx_word' id='word_1_789' title='bbox 1336 5844 1408 5908; x_wconf 78' lang='grc' dir='ltr'><strong>ὡς</strong></span> <span class='ocrx_word' id='word_1_790' title='bbox 1440 5846 1539 5915; x_wconf 72' lang='grc' dir='ltr'>ἤδη</span> <span class='ocrx_word' id='word_1_791' title='bbox 1569 5844 1914 5913; x_wconf 68' lang='grc' dir='ltr'>ἀπαγγελοῦο</span> 
     </span>
    </p>
   </div>
   <div class='ocr_carea' id='block_1_109' title="bbox 2086 5098 3596 5179">
    <p class='ocr_par' dir='ltr' id='par_1_109' title="bbox 2086 5098 3596 5179">
     <span class='ocr_line' id='line_1_109' title="bbox 2086 5098 3596 5179; baseline -0.009 -10"><span class='ocrx_word' id='word_1_792' title='bbox 2086 5116 2141 5171; x_wconf 90' lang='lat'><strong>7.</strong></span> <span class='ocrx_word' id='word_1_793' title='bbox 2184 5114 2391 5169; x_wconf 81' lang='lat' dir='ltr'><strong>Horum</strong></span> <span class='ocrx_word' id='word_1_794' title='bbox 2444 5111 2627 5179; x_wconf 88' lang='lat' dir='ltr'><strong>itaque</strong></span> <span class='ocrx_word' id='word_1_795' title='bbox 2657 5107 2987 5179; x_wconf 91' lang='lat' dir='ltr'><strong>principium</strong></span> <span class='ocrx_word' id='word_1_796' title='bbox 3021 5105 3144 5168; x_wconf 90' lang='lat' dir='ltr'><strong>fuit,</strong></span> <span class='ocrx_word' id='word_1_797' title='bbox 3182 5112 3242 5158; x_wconf 92' lang='lat' dir='ltr'><strong>ut</strong></span> <span class='ocrx_word' id='word_1_798' title='bbox 3279 5103 3415 5166; x_wconf 89' lang='lat' dir='ltr'><strong>dixi,</strong></span> <span class='ocrx_word' id='word_1_799' title='bbox 3469 5098 3596 5156; x_wconf 75' lang='lat' dir='ltr'><strong>antc</strong></span> 
     </span>
    </p>
   </div>
   <div class='ocr_carea' id='block_1_110' title="bbox 2016 5196 3594 5278">
    <p class='ocr_par' dir='ltr' id='par_1_110' title="bbox 2016 5196 3594 5278">
     <span class='ocr_line' id='line_1_110' title="bbox 2016 5196 3594 5278; baseline -0.009 -16"><span class='ocrx_word' id='word_1_800' title='bbox 2016 5206 2280 5278; x_wconf 83' lang='lat' dir='ltr'><strong>synodale</strong></span> <span class='ocrx_word' id='word_1_801' title='bbox 2317 5203 2600 5259; x_wconf 88' lang='lat' dir='ltr'><strong>decretum</strong></span> <span class='ocrx_word' id='word_1_802' title='bbox 2652 5213 2842 5257; x_wconf 83' lang='lat' dir='ltr'><strong>centra</strong></span> <span class='ocrx_word' id='word_1_803' title='bbox 2888 5215 2988 5253; x_wconf 87' lang='lat' dir='ltr'><strong>nos</strong></span> <span class='ocrx_word' id='word_1_804' title='bbox 3031 5199 3223 5258; x_wconf 88' lang='lat' dir='ltr'><strong>latum,</strong></span> <span class='ocrx_word' id='word_1_805' title='bbox 3263 5197 3386 5249; x_wconf 92' lang='lat' dir='ltr'><strong>loco</strong></span> <span class='ocrx_word' id='word_1_806' title='bbox 3424 5196 3594 5251; x_wconf 88' lang='lat' dir='ltr'><strong>nostri</strong></span> 
     </span>
    </p>
   </div>
   <div class='ocr_carea' id='block_1_111' title="bbox 2012 5288 3595 5362">
    <p class='ocr_par' dir='ltr' id='par_1_111' title="bbox 2012 5288 3595 5362">
     <span class='ocr_line' id='line_1_111' title="bbox 2012 5288 3595 5362; baseline -0.009 -9"><span class='ocrx_word' id='word_1_807' title='bbox 2012 5299 2069 5353; x_wconf 90' lang='lat' dir='ltr'><strong>in</strong></span> <span class='ocrx_word' id='word_1_808' title='bbox 2103 5297 2359 5350; x_wconf 89' lang='lat' dir='ltr'><strong>thronum</strong></span> <span class='ocrx_word' id='word_1_809' title='bbox 2419 5303 2666 5348; x_wconf 89' lang='lat' dir='ltr'><strong>nostrum</strong></span> <span class='ocrx_word' id='word_1_810' title='bbox 2700 5304 3026 5362; x_wconf 82' lang='lat' dir='ltr'><strong>promovere</strong></span> <span class='ocrx_word' id='word_1_811' title='bbox 3068 5288 3349 5351; x_wconf 59' lang='lat' dir='ltr'><strong>aemulum,</strong></span> <span class='ocrx_word' id='word_1_812' title='bbox 3383 5296 3595 5339; x_wconf 87' lang='lat' dir='ltr'><strong>necnon</strong></span> 
     </span>
    </p>
   </div>
   <div class='ocr_carea' id='block_1_112' title="bbox 2016 5377 3599 5457">
    <p class='ocr_par' dir='ltr' id='par_1_112' title="bbox 2016 5377 3599 5457">
     <span class='ocr_line' id='line_1_112' title="bbox 2016 5377 3599 5457; baseline -0.009 -14"><span class='ocrx_word' id='word_1_813' title='bbox 2016 5388 2086 5443; x_wconf 86' lang='lat' dir='ltr'><strong>ab</strong></span> <span class='ocrx_word' id='word_1_814' title='bbox 2115 5387 2249 5457; x_wconf 91' lang='lat' dir='ltr'><strong>ipso,</strong></span> <span class='ocrx_word' id='word_1_815' title='bbox 2287 5400 2462 5454; x_wconf 88' lang='lat' dir='ltr'><strong>eoque</strong></span> <span class='ocrx_word' id='word_1_816' title='bbox 2506 5385 2625 5439; x_wconf 89' lang='lat' dir='ltr'><strong>solo</strong></span> <span class='ocrx_word' id='word_1_817' title='bbox 2677 5394 2865 5439; x_wconf 89' lang='lat' dir='ltr'><strong>contra</strong></span> <span class='ocrx_word' id='word_1_818' title='bbox 2912 5396 3014 5436; x_wconf 90' lang='lat' dir='ltr'><strong>nos</strong></span> <span class='ocrx_word' id='word_1_819' title='bbox 3062 5378 3383 5436; x_wconf 81' lang='lat' dir='ltr'><strong>sententiam</strong></span> <span class='ocrx_word' id='word_1_820' title='bbox 3419 5377 3599 5446; x_wconf 87' lang='lat' dir='ltr'><strong>publi-</strong></span> 
     </span>
    </p>
   </div>
   <div class='ocr_carea' id='block_1_113' title="bbox 2015 5468 3597 5548">
    <p class='ocr_par' dir='ltr' id='par_1_113' title="bbox 2015 5468 3597 5548">
     <span class='ocr_line' id='line_1_113' title="bbox 2015 5468 3597 5548; baseline -0.01 -14"><span class='ocrx_word' id='word_1_821' title='bbox 2015 5479 2152 5546; x_wconf 89' lang='lat' dir='ltr'><strong>cari,</strong></span> <span class='ocrx_word' id='word_1_822' title='bbox 2175 5489 2228 5533; x_wconf 90' lang='lat' dir='ltr'><strong>et</strong></span> <span class='ocrx_word' id='word_1_823' title='bbox 2261 5478 2407 5548; x_wconf 89' lang='lat' dir='ltr'><strong>quod</strong></span> <span class='ocrx_word' id='word_1_824' title='bbox 2442 5477 2736 5531; x_wconf 89' lang='lat' dir='ltr'><strong>immanius</strong></span> <span class='ocrx_word' id='word_1_825' title='bbox 2766 5482 2869 5539; x_wconf 85' lang='lat' dir='ltr'><strong>est,</strong></span> <span class='ocrx_word' id='word_1_826' title='bbox 2916 5485 3096 5540; x_wconf 87' lang='lat' dir='ltr'><strong>neque</strong></span> <span class='ocrx_word' id='word_1_827' title='bbox 3125 5469 3196 5524; x_wconf 89' lang='lat' dir='ltr'><strong>ab</strong></span> <span class='ocrx_word' id='word_1_828' title='bbox 3225 5470 3368 5538; x_wconf 90' lang='lat' dir='ltr'><strong>ipso,</strong></span> <span class='ocrx_word' id='word_1_829' title='bbox 3401 5468 3494 5522; x_wconf 88' lang='lat' dir='ltr'><strong>sed</strong></span> <span class='ocrx_word' id='word_1_830' title='bbox 3528 5469 3597 5521; x_wconf 83' lang='lat' dir='ltr'><strong>ah</strong></span> 
     </span>
    </p>
   </div>
   <div class='ocr_carea' id='block_1_114' title="bbox 2017 5559 3596 5639">
    <p class='ocr_par' dir='ltr' id='par_1_114' title="bbox 2017 5559 3596 5639">
     <span class='ocr_line' id='line_1_114' title="bbox 2017 5559 3596 5639; baseline -0.007 -15"><span class='ocrx_word' id='word_1_831' title='bbox 2017 5571 2335 5626; x_wconf 88' lang='lat' dir='ltr'><strong>hominibus</strong></span> <span class='ocrx_word' id='word_1_832' title='bbox 2366 5567 2634 5639; x_wconf 88' lang='lat' dir='ltr'><strong>profanis,</strong></span> <span class='ocrx_word' id='word_1_833' title='bbox 2682 5574 2738 5621; x_wconf 90' lang='lat' dir='ltr'><strong>et</strong></span> <span class='ocrx_word' id='word_1_834' title='bbox 2771 5565 2858 5619; x_wconf 89' lang='lat' dir='ltr'><strong>his</strong></span> <span class='ocrx_word' id='word_1_835' title='bbox 2897 5562 3139 5631; x_wconf 68' lang='lat' dir='ltr'><strong>antiquae</strong></span> <span class='ocrx_word' id='word_1_836' title='bbox 3167 5559 3453 5615; x_wconf 81' lang='lat' dir='ltr'><strong>adversum</strong></span> <span class='ocrx_word' id='word_1_837' title='bbox 3493 5571 3596 5613; x_wconf 82' lang='lat' dir='ltr'><strong>nos</strong></span> 
     </span>
    </p>
   </div>
   <div class='ocr_carea' id='block_1_115' title="bbox 2016 5648 3595 5732">
    <p class='ocr_par' dir='ltr' id='par_1_115' title="bbox 2016 5648 3595 5732">
     <span class='ocr_line' id='line_1_115' title="bbox 2016 5648 3595 5732; baseline -0.009 -14"><span class='ocrx_word' id='word_1_838' title='bbox 2016 5661 2353 5732; x_wconf 90' lang='lat' dir='ltr'><strong>improbitati</strong></span> <span class='ocrx_word' id='word_1_839' title='bbox 2399 5660 2617 5721; x_wconf 89' lang='lat' dir='ltr'><strong>deditis,</strong></span> <span class='ocrx_word' id='word_1_840' title='bbox 2654 5657 2758 5711; x_wconf 90' lang='lat' dir='ltr'><strong>sub</strong></span> <span class='ocrx_word' id='word_1_841' title='bbox 2792 5648 3025 5710; x_wconf 80' lang='lat' dir='ltr'><strong>nomine</strong></span> <span class='ocrx_word' id='word_1_842' title='bbox 3046 5651 3405 5708; x_wconf 88' lang='lat' dir='ltr'><strong>nihilominus</strong></span> <span class='ocrx_word' id='word_1_843' title='bbox 3448 5648 3595 5703; x_wconf 87' lang='lat' dir='ltr'><strong>illius</strong></span> 
     </span>
    </p>
   </div>
   <div class='ocr_carea' id='block_1_116' title="bbox 2017 5740 3600 5825">
    <p class='ocr_par' dir='ltr' id='par_1_116' title="bbox 2017 5740 3600 5825">
     <span class='ocr_line' id='line_1_116' title="bbox 2017 5740 3600 5825; baseline -0.009 -17"><span class='ocrx_word' id='word_1_844' title='bbox 2017 5755 2235 5820; x_wconf 81' lang='lat' dir='ltr'><strong>dictari,</strong></span> <span class='ocrx_word' id='word_1_845' title='bbox 2265 5768 2386 5825; x_wconf 71' lang='lat' dir='ltr'><strong>qua)</strong></span> <span class='ocrx_word' id='word_1_846' title='bbox 2420 5765 2592 5820; x_wconf 87' lang='lat' dir='ltr'><strong>usque</strong></span> <span class='ocrx_word' id='word_1_847' title='bbox 2620 5763 2730 5817; x_wconf 87' lang='lat' dir='ltr'><strong>quo</strong></span> <span class='ocrx_word' id='word_1_848' title='bbox 2764 5744 3095 5817; x_wconf 84' lang='lat' dir='ltr'><strong>processerit</strong></span> <span class='ocrx_word' id='word_1_849' title='bbox 3132 5759 3196 5797; x_wconf 79' lang='lat' dir='ltr'><strong>ex</strong></span> <span class='ocrx_word' id='word_1_850' title='bbox 3243 5741 3404 5796; x_wconf 85' lang='lat' dir='ltr'><strong>factis</strong></span> <span class='ocrx_word' id='word_1_851' title='bbox 3463 5740 3600 5809; x_wconf 78' lang='lat' dir='ltr'><strong>ipsis</strong></span> 
     </span>
    </p>
   </div>
   <div class='ocr_carea' id='block_1_117' title="bbox 2020 5832 3600 5907">
    <p class='ocr_par' dir='ltr' id='par_1_117' title="bbox 2020 5832 3600 5907">
     <span class='ocr_line' id='line_1_117' title="bbox 2020 5832 3600 5907; baseline -0.009 -6"><span class='ocrx_word' id='word_1_852' title='bbox 2020 5846 2449 5903; x_wconf 81' lang='lat' dir='ltr'><strong>enuntiabimus.</strong></span> <span class='ocrx_word' id='word_1_853' title='bbox 2506 5842 2746 5907; x_wconf 79' lang='lat' dir='ltr'><strong>Quartus</strong></span> <span class='ocrx_word' id='word_1_854' title='bbox 2778 5840 2896 5895; x_wconf 90' lang='lat' dir='ltr'><strong>dics</strong></span> <span class='ocrx_word' id='word_1_855' title='bbox 2927 5847 3064 5903; x_wconf 82' lang='lat' dir='ltr'><strong>erat,</strong></span> <span class='ocrx_word' id='word_1_856' title='bbox 3100 5853 3163 5891; x_wconf 82' lang='lat' dir='ltr'><strong>ex</strong></span> <span class='ocrx_word' id='word_1_857' title='bbox 3207 5851 3338 5905; x_wconf 82' lang='lat' dir='ltr'><strong>quo,</strong></span> <span class='ocrx_word' id='word_1_858' title='bbox 3380 5848 3498 5903; x_wconf 75' lang='lat' dir='ltr'><strong>qme</strong></span> <span class='ocrx_word' id='word_1_859' title='bbox 3529 5832 3600 5886; x_wconf 82' lang='lat' dir='ltr'><strong>ab</strong></span> 
     </span>
    </p>
   </div>
  </div>
