3962 6412
459 338 569 403 963
1383 364 1389 369 υ
1486 328 1697 391 JOAN.
1736 327 1951 390 VECCI
1990 326 2053 388 Cl

2155 324 2644 386 MTRIARCHE
3604 328 3694 391 964

477 469 600 509 rum
639 451 928 515 machinae,
963 457 1018 505 et
1049 447 1330 504 molimina
1374 462 1495 501 cum
1533 461 1641 500 non
1673 446 2034 516 prasterirent,

2155 444 2201 495 εδ
2245 441 2314 496 τά
2343 441 2527 513 πλήθη
2553 441 2688 512 πρὸς
2718 439 2818 511 τὴν
2849 439 2974 495 καθ’
3002 441 3035 511 ἡ
3046 439 3165 508 μῶν
3189 439 3364 513 ὀργὴν
3390 442 3709 520 ἀναφθῆιηι,ο

460 552 623 601 erant
652 556 805 608 vero,
838 541 975 594 iram
997 537 1183 608 populi
1212 544 1400 591 contra
1432 550 1532 591 nos
1560 532 1912 596 succendere,
1939 531 2032 600 qui

2155 537 2205 586 ὲκ
2245 532 2492 595 παλαιᾶς
2545 530 3074 602 προκατειλημμένα
3121 533 3229 604 τῆς
3279 534 3501 605 φήμης,
3547 536 3697 590 πολλὰ

468 638 539 691 ab
581 633 810 702 antiquo
862 642 1105 698 tempore
1161 626 1319 681 famae
1350 626 1492 695 apud
1531 624 1753 679 eosdem
1805 622 2035 692 vulgatae

2155 624 2277 695 πρὸς
2304 624 2405 691 τὴν
2437 624 2778 694 μισουμένην
2810 624 2994 688 αὐτοῖς
3041 624 3518 695 ὲκκλησιαστικὴν
3547 627 3699 680 σπεύ-

465 727 740 783 haarebant
782 723 848 777 ad
901 721 1160 774 unionem
1205 717 1589 774 stabiliendam
1640 714 1943 770 maximum
1979 712 2037 768 in

2155 714 2249 766 istv
2272 713 2420 782 ἡμᾶς
2443 711 2658 765 ἕνωσιν.
2689 711 2925 783 Τοιαύτη
2957 730 3041 775 τις
3071 714 3307 781 γέγονεν
3342 715 3376 785 ἠ
3426 713 3700 784 ἀπολογία.

464 818 687 873 modum
721 816 788 870 ab
827 814 1018 868 eodem
1059 812 1225 866 modo
1252 811 1492 865 habitam
1530 808 1769 863 studium
1804 820 1904 860 nos
1936 819 2037 859 nec

2155 805 2204 857 Ei
2230 806 2362 875 περὶ
2389 804 2624 867 πίστεως
2653 806 2814 874 ἡμεῖς
2846 808 3089 876 σήμερον
3121 806 3567 877 ἀνακρινόμεθα,
3590 808 3705 878 ἔφη·

466 910 723 979 exiguum
749 906 1069 962 contulisse.
1098 904 1165 958 Et
1190 901 1471 972 responsio
1494 899 1735 970 quidem,
1758 907 2040 971 ,utcunque

2155 914 2267 966 μεν,
2302 899 2360 950 ὲν
2391 896 2680 968 παρρησίᾳ
2707 896 2927 967 βοῶμεν
2961 898 3271 963 πιστεύειν,
3292 898 3396 952 καὶ
3421 896 3705 968 ὁμολογεῖν,

469 1004 560 1057 illa
590 1000 775 1062 fuerit,
819 999 892 1053 ita
930 1013 990 1052 se
1018 996 1206 1051 habuit
1233 1011 1249 1049 :
1282 994 1338 1049 Si
1366 995 1432 1049 de
1464 992 1571 1047 fide
1616 1005 1717 1045 nos
1760 989 1922 1044 hodie
1952 987 2041 1042 in-

2155 988 2240 1041 καὶ
2267 990 2487 1058 φρονεῖν
2512 988 2588 1049 ὡς
2610 990 2643 1058 ἡ
2670 987 2811 1055 ἁγία
2840 988 2935 1040 καὶ
2959 987 3230 1059 καθολικὴ
3265 987 3564 1058 Ἐκκλησία
3591 1005 3709 1056 φρο-

470 1094 792 1165 quirimur,
859 1090 1037 1159 palam
1090 1096 1144 1142 et
1197 1087 1370 1141 libere
1426 1099 1616 1139 vocem
1684 1080 2041 1138 sustollentes

2155 1081 2247 1145 νεῖ,
2277 1080 2370 1133 καὶ
2396 1078 2667 1147 ὁμολογεῖ,
2706 1073 2924 1150 παρ’ἧς
2951 1080 3013 1133 τὸ
3052 1079 3351 1159 βάπτισμα
3383 1079 3697 1149 ἐδεξάμεθα,

468 1187 726 1250 dicimus,
774 1183 1021 1243 credere,
1065 1189 1120 1234 et
1163 1180 1441 1249 profiteri,
1472 1186 1527 1232 et
1563 1187 1746 1232 tenere
1776 1177 2041 1246 quemad-

2155 1175 2277 1242 παρ’
2303 1170 2370 1247 ἧς
2403 1174 2466 1227 τὸ
2506 1174 2697 1228 ἄδολον
2729 1175 2874 1243 γάλα
2900 1175 3002 1245 τῆς
3030 1175 3275 1237 πίστεως
3322 1174 3705 1243 ἐποτίσθημεν,

468 1280 691 1332 modum
728 1286 915 1329 sancta
951 1271 1337 1340 catholicaque
1378 1269 1619 1325 Ecclesia
1647 1267 1957 1338 profitetur,
1988 1275 2045 1320 et

2155 1267 2277 1335 παρ’
2301 1259 2365 1339 ἦς
2394 1266 2521 1330 τοὺς
2565 1266 2937 1336 δογματικοὺς
2984 1266 3184 1334 λόγους
3239 1266 3708 1337 ὲμαθητεύθημεν,

467 1379 640 1434 tenet,
686 1382 717 1420 a
758 1382 866 1435 qua
920 1379 1081 1420 sacro
1117 1364 1338 1417 lavacro
1389 1362 1559 1416 abluti
1599 1377 1809 1427 sumus,
1859 1376 1890 1415 a
1936 1374 2043 1429 qua

2155 1357 2241 1423 οὒς
2280 1361 2337 1426 ἐξ
2366 1358 2444 1412 ἔτι
2479 1359 2680 1429 νηπίου
2711 1360 2804 1412 καὶ
2833 1360 2914 1422 εἰς
2949 1359 3115 1429 τήνδε
3166 1359 3272 1428 τὴν
3305 1358 3503 1411 πολιὰν
3539 1355 3713 1409 άναλόο

470 1462 749 1517 sincerum
787 1459 909 1513 lidei
938 1459 1021 1512 lac
1049 1455 1358 1519 hausimus,
1402 1471 1431 1508 a
1480 1471 1589 1524 qua
1627 1469 1915 1510 sermones
1947 1453 2046 1508 do-

2155 1470 2259 1522 γως
2290 1453 2400 1506 τῶν
2458 1455 2688 1524 ἡλικιῶν
2727 1454 2935 1525 ἑκάστῃ
2997 1454 3324 1525 διήλθομεν,
3368 1449 3713 1521 μανθάνοντες

472 1556 739 1623 gmaticos
766 1552 1082 1611 didicimus,
1118 1564 1256 1618 quos
1285 1547 1352 1601 ab
1387 1545 1618 1600 infantia
1651 1546 1766 1615 ipsa
1802 1545 1867 1599 ad
1895 1544 2048 1599 cani-

2155 1547 2443 1615 πρότερον,
2485 1545 2582 1597 καὶ
2615 1544 2963 1608 διδάσκοντες
2991 1545 3249 1616 ὕστερον.
3280 1545 3396 1598 Καὶ
3421 1544 3454 1612 ἡ
3483 1541 3580 1611 μὲν
3601 1540 3711 1593 ἀπο·

2147 1635 2307 1703 λογία
2329 1635 2489 1707 ἡμῶν
2527 1636 2672 1706 αὕτη
2699 1653 2714 1667 °
2771 1637 2872 1706 τὴν
2906 1636 2955 1691 δ’
3012 1636 3325 1707 άμοιϐαίαν
3360 1634 3499 1705 πρὸς
3527 1631 3710 1701 ταύτην

2151 1728 2445 1797 ἀπόκρισιν
2482 1729 2775 1782 ἀκόλουθον
2807 1729 3161 1799 ἐξενεχθῆναι
3193 1726 3348 1781 κατὰ
3377 1726 3440 1779 τὸ
3473 1724 3710 1795 ἁρμόδιον

2147 1820 2401 1888 οὐδαμῶς
2427 1816 2602 1889 οἶμαι.
2642 1819 2960 1889 Ὀρθοδόξου
2991 1821 3102 1889 γὰρ
3131 1813 3579 1889 Χριστιανισμοῦ
3620 1829 3701 1865 πα-

2160 1910 2390 1982 ραδοχὴν
2423 1913 2472 1964 οἶ
2497 1910 2810 1975 δικάζοντες
2864 1912 2964 1980 τῆς
3007 1908 3440 1981 ἀρχιερωσύνης
3483 1907 3711 1976 στέρησιν

2152 2003 2294 2072 ὑμᾶς
2327 2001 2675 2066 ἐδικαίωσαν,
2715 2001 2815 2055 οὐκ
2851 1998 2948 2054 οἷδ’
2992 2002 3167 2065 ὅπως,
3215 2001 3316 2052 καὶ
3349 1998 3475 2052 ὅθεν
3516 1996 3593 2056 είς
3626 1992 3709 2062 τὴν

2151 2092 2413 2161 τοιαύτην
2445 2093 2767 2162 κινηθέντες
2814 2094 3117 2161 ἀπόφασιν,
3159 2092 3387 2154 πάντως
3433 2088 3482 2143 δ’
3515 2088 3611 2141 οὒκ
3633 2086 3709 2139 ﬂ-

2150 2182 2326 2248 λοθεν,
2358 2181 2473 2235 ἀλλ’
2500 2183 2557 2249 ἐξ
2592 2176 2667 2236 ὧν
2691 2182 3132 2254 προειρήκαμεν.
3160 2183 3240 2234 Οὐ
3273 2181 3388 2248 γάρ
3412 2173 3515 2233 οἷοί
3546 2192 3601 2228 τε
3631 2173 3710 2226 οὒ-

2160 2275 2353 2345 δαμῶς
2388 2270 2529 2343 ἦσαν
2583 2276 2720 2346 πρὸς
2748 2276 2943 2343 ἄλογον
2992 2275 3197 2344 μανίαν
3248 2272 3492 2342 πλήθους
3521 2268 3612 2322 καὶ
3632 2267 3710 2335 dp-

2156 2368 2264 2437 μὴν
2286 2367 2531 2437 ἀντέχειν
2555 2366 2878 2431 ἀκάθεκτον,
2915 2368 2983 2438 ἢν
3011 2367 3098 2437 ἐφ’
3121 2364 3325 2419 ἑαυτὸν
3354 2364 3582 2420 ἕκαστος
3610 2361 3712 2412 ἑπι-

479 1645 723 1700 tudinem
774 1641 919 1697 hanc
964 1640 1159 1710 capitis
1216 1654 1467 1710 peraeque
1508 1632 1768 1692 ‘astatihus
1819 1650 2049 1706 propor-

474 1738 622 1792 tione
670 1733 1145 1805 pertractavimus,
1187 1735 1337 1801 prius
1386 1730 1758 1793 addiscentes,
1795 1737 1849 1782 et
1898 1737 2047 1796 post-

472 1824 695 1878 modum
725 1824 1004 1877 docentes.
1035 1821 1116 1875 Ad
1152 1821 1268 1875 haec
1295 1834 1445 1882 vero,
1479 1835 1601 1889 quae
1641 1819 1931 1873 subsecuta
1963 1827 2047 1872 est

472 1930 660 1970 eorum
710 1913 1018 1982 responsio,
1075 1912 1182 1965 hoc
1234 1913 1285 1965 in
1331 1911 1451 1964 loco
1481 1910 1750 1980 digerere,
1799 1909 2045 1978 ineptum

478 2021 708 2076 prorsus
741 2005 1018 2058 existimo.
1057 2001 1313 2070 Namque
1352 2001 1693 2057 Christianos
1732 2015 1837 2063 nos
1869 2009 1922 2054 et
1958 2014 2049 2054 or-

2074 1785 2120 1843 Β

474 2098 752 2151 thodoxos
800 2110 923 2149 esse
977 2094 1190 2163 iudices
1239 2093 1624 2158 declararunt,
1689 2092 2048 2148 nihilominus

473 2188 802 2257 praesulatus
845 2185 1209 2254 privationem
1262 2185 1642 2245 decreverunt,
1693 2182 1880 2238 nescio
1937 2198 2047 2252 qua

474 2276 726 2340 ratione,
777 2283 831 2327 et
890 2274 1034 2327 unde
1070 2273 1224 2340 moti,
1269 2273 1337 2327 ad
1389 2273 1567 2328 simile
1599 2274 1876 2327 decretum
1920 2288 2049 2334 pro-

475 2367 613 2435 lapsi
645 2374 794 2427 sunt,
821 2374 876 2419 et
908 2366 1069 2433 plane
1094 2382 1199 2419 non
1225 2366 1465 2431 aliunde,
1503 2380 1679 2435 neque
1708 2367 1871 2420 rebus
1900 2364 2043 2431 aliis,

474 2455 580 2510 nisi
606 2455 694 2519 iis,
728 2470 862 2522 quas
899 2471 1063 2525 supra
1095 2457 1659 2524 prmmcmoravimus.
1688 2455 1875 2526 Neque
1898 2456 2044 2509 enim

2155 2460 2495 2515 σπεύσασθαι
2520 2460 2677 2531 ᾤετο,
2701 2460 2756 2514 εἴ
2772 2460 2827 2513 τί
2848 2478 2947 2514 που
2974 2460 3067 2512 καί⁵
3095 2460 3300 2529 μικρὸν
3323 2455 3565 2523 ὲνσταίη,
3591 2449 3708 2518 πρὸς

473 2561 724 2619 poterant
768 2548 857 2604 vix
913 2550 1184 2617 compotis
1225 2548 1393 2602 animi
1435 2548 1799 2603 multitudinis
1848 2548 2040 2611 rabiei,

2155 2552 2295 2625 άπερ
2332 2553 2383 2605 oi
2437 2554 2504 2606 τά
2542 2553 2663 2606 καθ’
2717 2553 2879 2625 ἡμῶν
2912 2553 3213 2623 δυνάμενοι
3251 2550 3467 2622 ἧθελον.
3524 2541 3705 2611 Ἀλλ’ἠ

485 2650 541 2696 et
591 2643 868 2699 eﬂ‘renata:
923 2640 1238 2711 appetitioni
1289 2641 1582 2705 resistere,
1648 2655 1812 2710 quam
1870 2640 1924 2693 in
1987 2656 2046 2695 se

2156 2646 2254 2715 μὲν
2283 2645 2557 2714 ἀπόφασις
2588 2647 2837 2716 τοιαύτη,
2865 2648 2961 2699 καὶ
2990 2646 3083 2699 διὰ
3124 2645 3382 2698 τοιαῦτα.

475 2737 711 2805 quisque
759 2732 1185 2789 convertendam
1226 2730 1344 2786 fore
1377 2732 1626 2801 putabat,
1671 2732 1717 2787 si
1784 2732 1867 2786 vel
1922 2733 2207 2789 minimum
2279 2738 2387 2793 illis
2431 2734 2756 2801 obstitisset,
2828 2752 2952 2806 quae
3001 2738 3279 2793 adversus
3325 2750 3426 2790 nos
3488 2734 3705 2802 potentes

368 2854 377 2866 -
475 2827 718 2897 alioquin
779 2827 880 2880 viri
939 2824 1302 2878 intentabant.
1360 2823 1758 2878 Condetnnatio
1807 2823 1990 2895 itaque
2014 2866 2031 2889 ,
2074 2828 2152 2880 uti
2184 2814 2453 2892 diximus,
2486 2843 2589 2883 nec
2618 2829 2780 2882 aliam
2812 2830 2882 2883 ob
2918 2843 3139 2883 causam
3179 2830 3296 2884 hate
3328 2828 3451 2882 fuit.

550 2919 640 2973 11.
698 2917 808 2972 Nos
851 2931 1006 2980 vero,
1061 2916 1155 2985 qui
1190 2925 1303 2968 tum
1358 2924 1584 2985 propter
1616 2916 1727 2984 jam
1777 2916 2046 2971 adductas

478 3011 718 3067 rationes
778 3008 915 3063 nihil
964 3006 1374 3077 respondimus,
1421 3021 1565 3061 nunc
1604 3006 1782 3075 palam
1830 3016 2050 3074 aperto-

479 3118 608 3173 que,
645 3111 706 3157 ut
732 3116 926 3185 omnes
978 3099 1228 3163 audiant,
1276 3113 1371 3153 ore
1414 3100 1832 3179 respondemus.
1878 3085 2119 3155 Adde-C

480 3197 727 3259 cebatne,
777 3209 810 3248 ο
858 3192 1100 3247 universi
1144 3192 1479 3256 sacerdotes,
1512 3201 1566 3245 et
1596 3192 1689 3262 qui
1733 3192 2048 3248 divinorum

479 3297 778 3345 canonum,
817 3289 870 3335 et
910 3289 1225 3333 sanctarum
1275 3280 1726 3334 constitutionum
1766 3281 2050 3337 scientiam

482 3374 700 3437 tenetis,
735 3372 1046 3427 sacerdotio
1098 3385 1223 3425 eum
1258 3370 1481 3438 privari,
1515 3372 1608 3439 qui
1655 3372 2050 3440 pra-laudatam

2228 2928 2318 2976 ια’.
2364 2920 2556 2990 Ἦμείς
2597 2920 2655 2974 δὲ
2685 2922 2821 2993 ὅπερ
2871 2922 2993 2974 τότε
3033 2921 3105 2975 δι’
3129 2920 3230 2984 οὓς
3257 2920 3473 2991 ἔφημεν
3515 2915 3701 2983 λόγους,

2159 3012 2606 3084 ἀπολογήσασθαι
2627 3012 2728 3066 οὒκ
2751 3014 3191 3083 ἐδοκιμάσαμεν,
3224 3013 3322 3067 νῦν
3350 3013 3431 3075 είς
3472 3003 3700 3078 λαμπρὸν

2155 3107 2508 3178 προτείνομεν
2536 3106 2628 3160 τὸν
2668 3106 2960 3173 ἀπόλογον.
3006 3107 3188 3171 Ἔδει,
3228 3100 3275 3159 ὧ
3308 3106 3509 3166 πάντες
3563 3086 3700 3168 ἱεροὶ,

2152 3193 2197 3253 ὦ
2233 3199 2432 3262 πάντες
2462 3200 2703 3252 κανόνων
2736 3198 2899 3253 θείων
2951 3200 3044 3252 καὶ
3095 3199 3398 3270 πατρικῶν
3449 3194 3700 3265 είδήμονες

2152 3290 2470 3356 διατάξεων,
2507 3290 2809 3360 ἱερωσύνην
2848 3289 3226 3361 ἀφαιρεθῆναι
3280 3290 3375 3343 τὸν
3404 3287 3500 3359 τὴν
3539 3280 3701 3356 ρηθεῖ-

2154 3398 2252 3434 σαν
2276 3382 2569 3451 ὁμολογίαν
2603 3383 2696 3435 καὶ
2731 3381 2876 3452 ψυχῇ
2910 3382 3225 3453 φρονοῦντα
3257 3382 3351 3436 καὶ
3381 3378 3589 3449 γλώσσῃ
3615 3387 3700 3440 κη·

2158 3475 2424 3545 ρύττοντα
2447 3491 2461 3541 ;
2499 3474 2968 3546 Ὀρθόδοξονκήμῖν
2997 3475 3453 3546 προσμαρτυρεῐς
3473 3468 3559 3523 τὸν
3580 3465 3694 3535 Χρι-

2156 3568 2500 3636 στιανισμὸν,
2534 3569 2562 3619 ὁ
2607 3567 2868 3632 δικάζων,
2910 3565 3007 3622 καὶ
3049 3566 3149 3638 τὴν
3202 3565 3508 3637 ίερωσύνην
3559 3554 3693 3628 ἡμῶν

2155 3656 2403 3727 άφαιρῇ;
2436 3657 2562 3710 Ὅτι
2596 3674 2685 3726 γε,
2727 3658 2857 3721 ἴσως
2898 3659 3067 3729 ὲρεῖς,
3120 3660 3192 3713 τά
3224 3658 3354 3728 περὶ
3389 3655 3485 3724 τῆς
3527 3648 3694 3715 ἐκκλη-

2158 3750 2447 3820 σιαπικῆς
2470 3748 2717 3815 ὲνώσεως
2761 3750 3236 3821 ὲλογογράφησας.
3274 3748 3486 3812 Καλῶς,
3515 3740 3685 3800 καλῶς,

2158 3843 2205 3895 εἰ
2230 3841 2388 3912 μὴτὸ
2411 3842 2672 3912 φρόνημα
2704 3841 2867 3912 ἡμῶν
2898 3842 3000 3911 τῆς
3024 3842 3203 3914 ἄκρας
3227 3844 3403 3914 εἴχετο
3425 3831 3688 3892 εὐσεϐείας,

2157 3935 2206 3987 εί
2231 3935 2299 3986 τὰ
2330 3935 2575 4005 ἡμέτερα
2603 3934 2977 4006 ἠθετήκαμεν,
3009 3939 3058 3988 εί
3109 3938 3396 4006 ἀλλότριον
3436 3932 3599 3998 δόγμα
3635 3921 3687 3988 τῇ

2156 4027 2251 4081 τοῦ
2287 4028 2423 4080 Θεοῦ
2479 4028 2780 4098 Ἐκκλησία
2837 4028 3403 4100 παρεισεφθείραμεν.
3443 4023 3501 4075 Ei
3548 4018 3589 4071 δ’
3615 4012 3689 4064 ἐπὶ

481 3465 603 3519 ΙΗεεί
648 3462 1047 3532 professionem
1086 3469 1141 3515 et
1200 3462 1381 3515 animo
1434 3463 1628 3526 credit,
1670 3474 1725 3519 et
1750 3465 1932 3533 lingua
1959 3467 2055 3521 de-

479 3554 779 3625 prmdit-at?
813 3552 1187 3608 Orthodoxum
1220 3554 1399 3618 nobis,
1431 3570 1463 3608 ο
1492 3554 1691 3625 judex,
1733 3557 2057 3612 Christiani-

480 3661 660 3699 smum
709 3646 1014 3712 altestaris,
1070 3655 1125 3699 et
1181 3646 1553 3703 sacerdotium
1608 3649 1841 3704 adimis?
1891 3650 2055 3706 Forte

479 3737 652 3803 dices,
683 3738 829 3808 quod
864 3752 963 3806 pro
995 3738 1384 3806 ecclesiastica}
1410 3741 1613 3794 unione
1649 3742 1854 3810 scripta
1878 3741 2058 3810 publi-

480 3830 744 3885 caverim.
778 3829 944 3895 Bene,
980 3829 1135 3894 bene,
1177 3829 1223 3884 si
1260 3839 1446 3885 nostra
1510 3830 1779 3886 sententia
1812 3848 1918 3886 non
1968 3847 2055 3886 re-

480 3930 626 3976 ctam
688 3920 1135 3990 sinceramque,
1174 3930 1225 3976 et
1275 3922 1735 3978 excellentissimo
1815 3922 2052 3993 quodam

482 4014 643 4069 modo
675 4014 927 4082 pietatem
969 4012 1311 4080 prmseferret
1345 4030 1357 4065 :
1399 4014 1446 4067 si
1481 4028 1568 4068 res
1598 4022 1808 4069 vestras
1851 4015 2056 4085 impro-

482 4105 730 4160 baviuius
775 4120 791 4158 :
840 4104 883 4158 si
938 4105 1180 4159 alienum
1235 4105 1304 4159 ab
1362 4103 1602 4160 Ecclesia
1652 4106 1848 4175 dogma
1885 4106 2053 4161 intro-

2157 4119 2370 4181 τούτοις
2405 4121 2574 4173 πᾶσιν
2616 4120 2784 4173 ἀθῶοι
2827 4120 2922 4174 καὶ
2948 4120 3129 4191 ψυχὴν
3159 4122 3256 4174 καὶ
3284 4117 3503 4187 γνώμην
3529 4106 3683 4178 ἡμεῖςν

481 4196 765 4251 duximus.
819 4195 977 4262 Quod
1032 4197 1079 4252 si
1143 4198 1198 4252 in
1255 4197 1342 4253 his
1395 4200 1651 4255 omnibus
1710 4201 1941 4267 innoxii,
2002 4209 2056 4255 et
2158 4212 2252 4265 καὶ
2281 4211 3232 4284 σύμπαντδτῆςλογογραφηθείσης
3255 4205 3516 4280 ὑφ’ήμῶν
3539 4209 3688 4284 spat"

480 4287 667 4343 auium
708 4296 764 4341 et
811 4297 993 4343 mente
1041 4302 1256 4353 sumus,
1303 4297 1357 4343 et
1405 4304 1620 4344 summa
1653 4290 1825 4345 nostri
1862 4288 2053 4359 scripti

2161 4304 2385 4375 ματείας
2414 4305 2775 4377 κεφάλαιονὴ
2821 4283 2958 4376 πρὸς
3006 4283 3236 4376 είρήνην
3282 4301 3548 4368 ἑκατέρων
3599 4283 3685 4377 τῶξ

483 4379 735 4434 tractatio
780 4395 886 4434 non
944 4379 1049 4434 alia
1095 4387 1235 4443 erat,
1264 4395 1429 4449 quam
1466 4381 1755 4449 utriusque
1799 4378 2051 4435 Ecclesiae

2162 4371 2508 4468 "summm
2549 4394 2617 4467 ἦν
2668 4371 2935 4469 συμϐολὴ,
2997 4371 3201 4460 καλῶς,
3239 4398 3302 4465 τῇ
3335 4389 3426 4444 τοῦ
3481 4371 3681 4469 Χριστοῗ

481 4485 677 4538 nexus,
713 4470 849 4524 bene
884 4480 938 4525 et
963 4464 1260 4524 admodum
1290 4470 1497 4525 utiliter
1529 4469 1623 4523 Dei
1652 4469 1826 4539 gratia
1857 4485 2052 4539 procc-

2159 4459 2369 4559 χάριτί,
2384 4490 2481 4542 καὶ
2507 4459 2627 4541 λίαν
2656 4459 3049 4559 συμφερόντως
3073 4459 3463 4560 προϐαίνουσα,
3486 4477 3531 4530 εί
3553 4462 3684 4524 πάνθ’

438 4610 442 4615 ,
479 4560 617 4614 dens
646 4577 660 4613 :
690 4560 736 4614 si
774 4573 1117 4629 quacunque
1148 4558 1409 4625 diximus,
1442 4568 1537 4615 aut
1575 4559 1903 4630 scripsimus
1943 4576 2055 4615 tue-

480 4650 724 4705 tliatores
774 4666 894 4714 nos,
934 4659 988 4704 et
1030 4650 1431 4719 paciﬁcatores,
1483 4666 1593 4706 non
1643 4664 1911 4706 novorum
1959 4653 2057 4707 do-

482 4753 724 4814 gniatum
779 4752 1079 4798 assertores
1126 4742 1509 4812 comprobant,
1544 4750 1600 4796 ει
1638 4758 1745 4798 non
1780 4753 1837 4797 ιιι
1866 4753 2055 4799 contra

483 4834 769 4887 veritatem
820 4832 1103 4901 impudens
1154 4832 1445 4901 audaxque
1476 4831 1657 4903 lingua
1708 4834 2056 4889 calumnian-

488 4927 621 4981 tium
674 4925 981 4990 contendit,
1026 4938 1200 4995 quare
1235 4924 1520 4994 indignum
1564 4924 1669 4978 illis
1711 4926 1804 4991 qui
1843 4928 2057 4997 patiun-

484 5027 607 5083 tur,
661 5017 944 5086 indignum
994 5024 1048 5071 et
1083 5015 1225 5080 illis,
1277 5015 1373 5085 qui
1421 5014 1493 5068 ita
1543 5015 1936 5087 decreverunt,
1987 5019 2057 5075 de

483 5109 657 5164 nostri
703 5091 994 5164 saccrdoiii
1027 5106 1374 5175 ademptione
1401 5105 1679 5162 decretum
1714 5107 1881 5164 latum
1928 5112 2057 5166 est?

553 5202 643 5258 12.
684 5202 751 5255 Et
786 5216 893 5271 qua
923 5202 989 5256 de
1021 5214 1188 5254 causa
1232 5199 1614 5257 contradicens
1668 5202 1886 5269 asserit,
1929 5219 2052 5259 cum

477 5293 733 5349 volumen
768 5303 917 5345 tuum
955 5289 1063 5361 igni
1111 5290 1438 5355 traderetur,
1490 5290 1638 5346 illius
1678 5291 2052 5350 defensionem

2156 4584 2257 4636 ὅσα
2288 4583 2383 4636 καὶ
2418 4584 2668 4651 εἴπομεν,
2710 4583 2808 4636 καὶ
2861 4582 3206 4655 ἐγράψαμεν,
3261 4580 3354 4633 καὶ
3398 4568 3682 4628 διαλλάκτας

2155 4677 2307 4746 ἡμᾶς
2342 4673 2605 4745 οὖμενουν
2635 4676 2979 4743 κενοφωνιῶν
3003 4657 3679 4747 παριστῶσιδογματιστῖμςο

2257 4767 2290 4836 ἡ
2322 4764 2467 4819 κατά
2505 4766 2605 4834 τῆς
2636 4764 2900 4836 ἀληθείας
2953 4744 3326 4836 θρασυνομένη
3356 4758 3556 4829 γλῶττα
3590 4744 3680 4836 τῷν

2157 4834 2304 4928 ἡμᾶς
2332 4834 2738 4910 διαϐαλλόντων.
2759 4834 3158 4928 άνακηρύττει,
3196 4834 3285 4911 ίνα
3305 4853 3356 4907 τί
3385 4844 3562 4911 ἀναξία
3594 4834 3677 4906 μὲν

2157 4950 2265 5001 τῶν
2292 4950 2631 5019 πασχόντων,
2660 4949 2855 5014 ἀναξία
2885 4949 2942 5003 δὲ
2980 4950 3088 5003 τῶν
3121 4947 3412 5003 ποιούντων
3441 4933 3675 4997 ἐπ’άφα¹“

2160 5041 2305 5109 ρεσει
2340 5039 2440 5109 τῆς
2484 5039 2645 5110 ἡμῶν
2682 5041 2990 5111 ἱερωσύνης
3043 5039 3306 5112 ἐξηνέχθη
3337 5037 3369 5105 ἡ
3400 5027 3669 5093 ἀπόφασιςς

2231 5199 2321 5270 ιβ’.
2348 5200 2459 5254 Καὶ
2493 5199 2631 5280 πῶς,
2663 5199 2830 5271 φησὶν
2854 5201 2883 5254 ό
2910 5204 3007 5256 ἀντ
3020 5200 3235 5269 ιλέγωγ,
3276 5195 3405 5268 ἡμῖν
3433 5182 3553 5254 πυρὶ
3583 5190 3667 5280 παῖ

2159 5293 2520 5364 ραδιδομένης
2545 5278 2647 5363 τῆς
2682 5292 2869 5361 βίὸλου
2893 5294 2991 5363 τῆς
3024 5294 3144 5363 σῆς,
3173 5290 3309 5363 πρὸς
3330 5287 3422 5355 τὴν
3444 5279 3517 5339 είς
3541 5278 3668 5325 τουτο

480 5400 773 5457 aggressus
823 5398 931 5438 non
982 5398 1063 5449 es,
1099 5398 1201 5437 nec
1240 5383 1516 5440 adustioni
1549 5395 1657 5441 tete
1709 5387 2056 5456 opposuisti?

477 5482 549 5533 At
590 5491 805 5549 tempus
850 5477 981 5532 illud
1026 5473 1356 5542 auditionem
1408 5491 1514 5530 non
1558 5477 1896 5542 admittebat,
1926 5491 2051 5532 cum

480 5572 667 5625 omnia
711 5569 932 5625 turbato
979 5583 1160 5623 rerum
1194 5568 1388 5623 ordine
1433 5570 1757 5626 confusione
1789 5571 2054 5625 tumultu-

481 5677 588 5731 que
629 5662 991 5731 jactarentur,
1032 5669 1087 5716 et
1122 5660 1407 5717 seditionis
1454 5668 1709 5717 auctores
1750 5660 1909 5717 vilem
1944 5662 2057 5733 ple-

486 5751 732 5808 beculam
781 5768 882 5811 nos
930 5753 1263 5826 discerpere,
1319 5762 1372 5808 et
1428 5752 1482 5807 in
1535 5750 1705 5809 frusta
1762 5753 2052 5812 concidere

2156 5387 2256 5441 οὐκ
2291 5386 2454 5456 ἔστης
2485 5388 2803 5458 ἀντίρρησιν
2828 5404 2843 5454 ;
2869 5387 2995 5441 Ὅτι
3025 5388 3135 5442 οὐδ’
3163 5391 3192 5442 ὁ
3218 5380 3398 5453 καιρὸς
3416 5369 3667 5437 ἐτύγχανεν

2157 5480 2498 5550 ἀκροάσεως,
2532 5478 2648 5533 ἀλλ’
2676 5481 3059 5535 ἀκαταστασία
3090 5482 3151 5535 τὸ
3178 5480 3303 5542 πᾶν,
3328 5469 3416 5526 καὶ
3445 5461 3663 5527 σύγχυσις

2157 5567 2269 5640 εἶχε
2305 5573 2400 5624 καὶ
2430 5572 2681 5643 θόρυδος,
2735 5573 2829 5628 καὶ
2861 5573 2954 5627 τὸν
2976 5574 3195 5644 χυδαῖον
3230 5568 3352 5623 λαὸν
3392 5560 3438 5614 oi
3461 5550 3661 5644 ἀνάπτει

2156 5639 2454 5716 διασπάσαι
2478 5639 2646 5735 ημᾶς,
2681 5666 2777 5719 καὶ
2815 5639 3134 5736 διαμεγρίσαι
3168 5661 3366 5735 φύρδην
3412 5639 3659 5736 παρώτρυῖ

2163 5771 2273 5810 νον.
2311 5756 2419 5812 Καὶ
2456 5732 2620 5813 πάλιν
2642 5756 2752 5811 οὐδ’
2783 5758 2866 5813 ὅτι
2895 5732 3064 5830 πυρὸς
3104 5732 3273 5830 τροφὴ
3310 5748 3374 5804 τὰ
3403 5732 3659 5814 γράμματα
