3962 6396
277 352 386 414 965

1276 336 1374 395 DE
1420 329 1930 393 DEPOSlTIONE
1965 327 2110 390 SUA
2145 327 2369 387 ORAT.
2413 327 2465 386 Ι.

3420 317 3531 382 966

276 459 495 527 γέγονε,
532 456 589 508 τὺ
615 453 708 507 ἐπὶ
730 454 797 522 τῇ
824 449 1125 519 διαστροφῇ
1148 445 1257 500 τῶν
1287 443 1577 514 νοημάτων
1604 441 1858 510 ἔγκληρα

1990 438 2320 493 :oncitarent.
2353 435 2676 505 Rursusque
2702 433 2828 488 licet
2862 431 3067 502 scripta
3098 429 3209 501 igni
3248 430 3533 500 supposita

275 548 575 617 διαφεύξῃ,
608 545 683 598 Οὐ
706 545 868 596 τοῦτο
893 542 1092 611 ἔγωγε,
1126 537 1401 609 βέλτιστε,
1427 533 1550 587 οὐδὲ
1596 529 1855 601 ὲνενοὴθη

284 658 375 712 μοι
396 639 559 693 τοῦτο
581 654 596 669 ·
637 638 741 711 ὅτι,
766 635 824 689 δὲ
855 633 1109 687 ἐντεῦθεν
1159 630 1222 685 τὸ
1262 630 1354 682 σὺν
1386 627 1682 697 περίεργον
1731 624 1861 676 ἀπε-

280 736 555 804 λέγχεται,
593 729 690 785 καὶ
725 728 871 800 μάλα
907 725 1124 793 τρανῶς
1152 740 1318 793 φημι.
1349 720 1458 774 Καὶ
1485 720 1539 770 τί
1566 718 1675 788 γὰρ
1708 716 1854 780 ἄλλο,

281 829 315 896 ἢ
360 826 449 878 ἵνα
477 824 576 891 τὴν
618 824 682 875 ὲκ
718 819 816 889 τῆς
850 817 1032 888 βίϐλου
1063 815 1325 868 σύστασιν
1365 812 1513 882 ἡμᾶς
1549 807 1859 878 ζημιώσῃς,

281 914 754 988 ὲπραγματεύσω,
786 910 883 965 καὶ
912 911 1001 963 ἵνα
1031 910 1147 969 τοῖς
1177 905 1393 966 πολλοῖς
1421 901 1673 957 ἐντεῦθεν
1702 899 1862 962 δόξαν

282 1010 579 1080 παράσχῃς
633 1004 895 1075 μεγάλων
920 1000 1138 1072 ἀληθῶς
1176 997 1553 1066 ἀτοπημάτων
1597 992 1696 1047 καὶ
1741 994 1865 1045 ἀσε-

282 1098 454 1153 ϐειῶν
485 1094 892 1165 περιληπτικὴν
921 1088 1065 1143 εἶναι
1090 1091 1189 1159 τὴν
1221 1085 1438 1158 βίϐλον;
1483 1082 1624 1137 Ἀλλ’
1651 1082 1732 1143 είς
1765 1082 1864 1149 μά-

283 1209 387 1262 την
424 1207 509 1243 σοι
535 1188 670 1257 πρὸς
699 1185 860 1239 τοῦτο
885 1183 956 1237 τὰ
989 1182 1206 1252 ἔνεδρα.
1240 1180 1315 1233 Ού
1347 1179 1457 1248 γὰρ
1487 1175 1684 1246 ἔμελλε
1731 1175 1864 1238 Θεὸς

283 1283 413 1343 τοὺς
436 1283 498 1334 ὲν
538 1278 833 1347 εἰλικρινεῖ
866 1278 931 1345 τῇ
960 1274 1237 1341 ἁπλότητι,
1273 1271 1487 1336 ζῶντας
1515 1268 1740 1330 δούλους
1766 1267 1864 1320 a6—

285 1368 383 1421 τοῦ
410 1366 681 1438 παριδεῖν.
715 1365 785 1417 Σὺ
819 1362 920 1433 μὲν
962 1362 1070 1431 γὰρ
1095 1361 1222 1431 χθὲς
1250 1360 1345 1412 καὶ
1371 1359 1480 1429 πρὸ
1506 1357 1703 1429 τρίτης
1733 1358 1866 1420 ἴσως

285 1461 350 1512 τὸ
380 1457 621 1511 τοιοῦτον
662 1453 1050 1524 ὲσκαιὼρησας
1104 1452 1380 1522 βούλευμα
1407 1465 1421 1480 °
1455 1451 1590 1509 Θεὸς
1636 1450 1681 1502 δ’
1728 1451 1758 1501 ὁ
1797 1447 1865 1502 τά

289 1552 470 1604 πάντα
491 1549 620 1618 πρὶν
650 1546 909 1614 γενέσθαι
940 1545 1098 1609 είδὼς
1122 1544 1411 1615 πόρρωθεν
1440 1544 1541 1612 τῆς
1601 1541 1867 1612 ἀληθείας

289 1641 707 1712 προσῳκονόμει
746 1640 847 1710 τὴν
904 1638 1192 1693 σύστασιν.
1231 1638 1346 1690 Οὐκ
1402 1634 1574 1704 ὀλίγοι
1612 1636 1712 1705 μὲν
1758 1635 1868 1704 γὰρ

288 1733 399 1786 τῶν
425 1733 503 1795 είς
531 1733 601 1784 τὰ
635 1732 781 1802 μέρη
806 1731 908 1798 τῆς
951 1730 1244 1798 ’Δνατολῆς
1274 1727 1407 1798 παρ’
1436 1730 1468 1797 ἡ
1480 1728 1597 1797 μῶν
1624 1744 1870 1797 χειροτο-

1959 530 2184 595 fuerint,
2226 544 2296 583 an
2336 536 2647 599 propterea,
2704 523 2852 595 quod
2901 524 3010 578 illis
3058 521 3399 591 impingitur,
3437 520 3536 573 do-

1960 631 2202 694 gmatum
2239 620 2548 676 eversionis
2579 619 2786 674 crimen
2818 614 3087 686 eﬂ‘ugies?
3122 611 3239 667 Non
3282 614 3387 667 hoc
3412 626 3536 681 ego,

1963 730 1996 769 ο
2031 714 2257 782 Optime,
2292 727 2470 783 neque
2502 711 2554 765 id
2605 724 2846 780 unquam
2891 717 3074 761 mente
3115 704 3423 761 revolutum
3455 709 3541 758 est

1963 820 2085 860 mea
2122 822 2136 859 :
2168 806 2263 860 sed
2306 804 2432 858 hinc
2474 815 2933 871 supervacaneam
2969 807 3117 853 tuam
3150 796 3537 867 operositatem

1963 896 2296 968 deprehendi
2355 894 2698 965 apertissime
2741 893 2886 946 dico.
2943 889 3010 943 Et
3061 889 3328 959 quidnam
3390 886 3535 941 aliud
3585 942 3601 977 ί

1964 989 2270 1053 attendisti,
2300 1002 2466 1056 quam
2509 993 2571 1040 ut
2619 999 2720 1038 nos
2765 981 3045 1037 volumine
3081 980 3368 1048 spoliares,
3403 991 3543 1047 prae-

1968 1093 2224 1153 tereaque
2251 1088 2310 1134 ut
2338 1078 2523 1133 multis
2562 1077 2686 1132 inde
2706 1086 3020 1145 suspectum
3065 1074 3342 1136 redderes,
3378 1070 3538 1138 quasi

1970 1176 2107 1231 illud
2166 1173 2435 1230 absurdas
2486 1170 2818 1237 impietates,
2871 1180 3075 1233 easque
3110 1164 3378 1219 immanes
3413 1174 3542 1214 vere

1969 1268 2023 1321 in
2051 1282 2110 1321 se
2140 1264 2486 1320 contineret?
2525 1261 2629 1315 Sed
2658 1258 2879 1313 fraudes
2920 1257 2973 1311 iu
3007 1263 3224 1310 cassum
3268 1253 3540 1309 decidere.

1966 1357 2155 1429 Neque
2199 1356 2344 1412 enim
2382 1354 2528 1409 Deus
2576 1364 2765 1408 servos
2819 1363 2974 1413 suos,
3008 1356 3060 1401 et
3100 1360 3236 1415 pura
3289 1342 3546 1412 simplici-

1968 1460 2080 1506 tate
2121 1451 2368 1504 viventes
2419 1446 2771 1515 neglecturus
2824 1451 2961 1495 erat.
3011 1437 3261 1506 Namque
3307 1444 3362 1490 tu
3409 1432 3544 1496 heri,

1970 1552 2023 1596 et
2054 1539 2259 1595 nudius
2297 1538 2490 1593 tertius
2524 1546 2616 1591 tuo
2641 1533 2806 1590 corde
2835 1530 3091 1586 astutiam
3124 1525 3445 1595 concepisti.
3480 1523 3551 1576 At

1972 1633 2117 1687 Deus
2148 1632 2247 1701 qui
2295 1639 2588 1699 antequam
2640 1629 2795 1688 ﬁant,
2852 1639 2941 1678 res
2987 1619 3258 1691 agnoscit,
3286 1617 3352 1671 de
3392 1616 3551 1681 longe

1973 1725 2218 1779 veritatis
2259 1719 2730 1777 conﬁrmationem
2762 1714 3122 1786 praeparabat.
3159 1708 3451 1777 Perplures
3474 1706 3552 1760 si-

291 1824 563 1893 νηθέντων
590 1798 893 1894 ἀρχιερέων
926 1822 1237 1892 ἀντίγραφα
1293 1819 1391 1887 τῆς
1449 1819 1633 1889 βίϐλου
1663 1819 1869 1888 ταύτης

1990 1818 2195 1887 pridem
2230 1831 2260 1870 a
2292 1813 2453 1869 nobis
2488 1810 2749 1882 praesules
2788 1805 3027 1862 ordinati
3064 1802 3294 1872 hujusce
3316 1798 3547 1853 volumi~

297 1915 660 1984 κομισάμενοι
696 1913 933 1983 ἔχουσιν,
963 1914 1064 1966 οὐκ
1117 1912 1288 1980 ὀλίγοι
1323 1911 1381 1965 δὲ
1409 1912 1634 1981 μοναχοὶ
1672 1911 1778 1963 τῶν
1811 1911 1869 1963 ὲν

289 2007 569 2076 διαφόροις
597 2007 697 2077 τῆς
733 2006 838 2076 γῆς
860 2004 1053 2077 μέρεσι
1076 2002 1508 2075 παροικούντων.
1535 2003 1647 2056 Καὶ
1670 2002 1718 2054 εί
1741 2001 1874 2064 Θεὸς

290 2096 500 2151 ἄνωθεν
539 2096 770 2159 εὐδοκεῖ,
828 2098 922 2150 καὶ
984 2096 1125 2167 θύρα
1181 2113 1273 2166 μοι
1303 2096 1658 2164 δικαστηρίου
1704 2095 1874 2165 appa-

292 2188 432 2251 πούς
461 2189 675 2258 ἀνοιγῇ,
712 2188 840 2258 ῥᾷον
864 2188 998 2258 ἡμῖν
1036 2185 1192 2239 ἐσται
1232 2185 1718 2255 συμμαχουμένοις
1769 2184 1876 2236 ὑπὸ

293 2278 395 2333 τοῦ
426 2278 773 2348 Πνεύματος,
826 2279 1174 2347 συκοφάντας
1209 2279 1304 2331 καὶ
1354 2278 1453 2344 τῆς
1499 2275 1760 2345 ἀληθείας
1787 2277 1878 2344 ἐχ-

292 2371 463 2442 θροὺς
492 2370 773 2437 ἀποδεῖξαι
830 2370 955 2432 τοὺς
1017 2371 1167 2440 ἡμᾶς
1217 2367 1628 2430 διαϐάλλοντας.
1676 2369 1738 2420 'H
1767 2368 1876 2439 γὰρ

296 2463 454 2515 πᾶσα
487 2463 643 2532 ἡμῶν
675 2464 704 2515 f
739 2462 797 2515 ὲν
822 2462 940 2526 τοῖς
991 2461 1176 2528 λόγοις
1228 2460 1437 2528 σπουδὴ
1478 2460 1568 2512 διὰ
1621 2460 1683 2511 τὸ
1717 2460 1873 2528 κοινῇ

291 2551 614 2605 λυσιτελοῦν
644 2555 710 2623 τῇ
740 2553 990 2624 ἡμετέρᾳ
1030 2551 1284 2622 βασιλείᾳ
1326 2552 1422 2604 καὶ
1454 2550 1728 2621 ἡγεμονίᾳ
1767 2549 1880 2618 ὲγί-

1974 1911 2058 1964 nis
2106 1907 2354 1977 exempla
2396 1906 2461 1959 ad
2498 1901 2788 1958 'Orientem
2837 1912 2944 1952 una
2994 1909 3177 1950 secum
3213 1890 3551 1954 detulerunt,

1976 2018 2075 2058 nec
2109 2001 2270 2072 pauci
2299 1997 2552 2054 monachi
2587 1996 2642 2049 in
2678 1994 2841 2047 variis
2877 2000 3148 2044 terrarum
3181 1984 3424 2054 partibus
3456 1981 3557 2034 ha-

1974 2070 2234 2149 bitantes.
2274 2089 2480 2158 Quodsi
2511 2087 2660 2141 Deus
2683 2085 2921 2152 desuper
2966 2077 3241 2139 annuerit,
3275 2085 3330 2130 et
3359 2070 3557 2143 integri

1977 2184 2220 2253 rectique
2245 2180 2437 2252 judicii
2469 2177 2638 2234 semel
2680 2174 2860 2232 aditus
2907 2168 3165 2241 patuerit,
3199 2166 3359 2221 facile
3397 2163 3556 2217 nobis

1978 2252 2160 2336 fuerit,
2193 2287 2223 2325 a
2254 2269 2468 2339 Spiritu
2504 2265 2732 2329 auditis,
2778 2261 3225 2321 calumniatores,
3267 2264 3320 2309 et
3358 2252 3559 2308 verita-

1978 2365 2048 2419 tis
2112 2363 2300 2418 hostes
2354 2367 2574 2414 nostros
2636 2363 2993 2410 accusatores
3051 2348 3361 2404 ostendere.
3421 2342 3558 2397 Nam

1978 2451 2295 2507 universum
2348 2457 2596 2502 nostrum
2647 2443 2914 2506 studium,
2975 2439 3120 2509 quod
3167 2437 3219 2491 in
3265 2433 3556 2491 scribendo

1977 2540 2286 2612 posuimus,
2342 2536 2590 2608 publieae,
2653 2543 2706 2588 et
2742 2532 2904 2586 vestri
2946 2526 3163 2597 imperii
3205 2538 3268 2577 ac
3303 2522 3557 2576 domina—

292 2660 422 2697 νετο
445 2659 460 2673 °
501 2644 596 2698 καὶ
622 2613 845 2713 πρδςξν
876 2613 1042 2697 τὸότᾶ
1068 2643 1230 2713 μόνον
1257 2613 1405 2712 έώρα
1438 2613 1882 2711 teat-comprimis:-

1990 2641 2071 2688 ius
2103 2630 2361 2686 utilitatis
2395 2641 2565 2683 causa
2593 2626 2905 2694 impensum
2933 2629 3052 2686 est;
3089 2618 3343 2685 illiusque
3372 2613 3561 2683 potis-

292 2753 417 2799 τον,
444 2738 629 2788 πεῖσαι
659 2712 721 2787 τὸ
747 2734 1031 2803 ἀντιλέγον
1066 2712 1141 2804 μὴ
1163 2733 1496 2787 ἀντιϐαίνειν
1521 2723 1659 2801 πρὸς
1682 2733 1781 2802 τὴν
1807 2733 1882 2784 εί-

1990 2729 2154 2783 simus
2198 2724 2301 2779 fuit
2343 2736 2563 2791 scopus.
2615 2719 2693 2773 illi
2737 2713 3173 2775 adversantibus,
3224 2724 3291 2762 ne
3338 2712 3560 2760 contr:-

300 2796 499 2895 ρὴνην,
529 2824 624 2878 ἆτε
652 2824 822 2894 μηδὲν
843 2796 957 2892 τῆς⁷
991 2796 1271 2886 εὐσεϐείας
1299 2796 1748 2892 λυμαινομένηςξ
1793 2819 1877 2890 ἐφ’

1990 2818 2128 2873 irent
2177 2814 2368 2872 uuioni
2403 2798 2757 2883 persuadere,
2808 2822 2931 2862 cum
2986 2801 3136 2858 nullo
3184 2799 3347 2853 modo
3386 2796 3560 2866 pietas

297 2893 386 2978 οἷς
419 2893 670 2977 Λατίνοις
704 2893 804 2985 μὲν
844 2916 911 2967 ἐκ
969 2915 1185 2984 Πατρθις
1226 2914 1321 2965 καὶ
1374 2912 1525 2975 Υίοῦ,
1564 2913 1694 2981 ἡμῖν
1717 2911 1774 2964 δὲ
1819 2915 1884 2965 ἐκ

1990 2910 2295 2972 laederetur,
2324 2908 2455 2962 dum
2484 2903 2687 2967 Latini,
2718 2916 2784 2956 cx
2815 2900 2975 2953 Patre
3004 2906 3059 2948 et
3084 2893 3240 2957 Filio,
3275 2904 3374 2943 nos
3409 2902 3558 2951 vero,

303 3005 523 3074 Πατρὸς
553 3004 620 3058 δι’
650 2980 780 3058 Υίού
818 3005 879 3057 τὺ
905 2980 1130 3075 Πνεῦμα
1165 3005 1227 3058 τὸ
1271 3002 1426 3073 ἅγιον
1483 2980 1886 3074 ἐκπορεύεσθαι

1990 3017 2050 3057 ex
2086 2999 2247 3054 Patre
2281 3013 2374 3069 pcr
2402 2995 2603 3050 Filium
2651 2990 2922 3062 Spiritum
2972 2994 3222 3042 sanctum
3267 2980 3564 3051 procedere

298 3096 673 3167 ὡμολόγηται,
891 3156 897 3161 ς

1990 3092 2337 3165 ρτοῆιεηιυτ,

381 3186 472 3256 ιγ’.
508 3188 673 3240 Ποίαν
711 3188 741 3241 ὁ
781 3185 1101 3254 ἀντιλέγων,
1137 3187 1233 3240 καὶ
1265 3187 1366 3256 τῆς
1410 3186 1697 3251 εὐσεϐείας
1732 3189 1882 3259 ἡμᾶς

2067 3208 2153 3262 15.
2198 3203 2355 3271 Quod
2391 3197 2741 3256 adversarius
2766 3235 2781 3261 ,
2810 3202 2863 3250 et
2893 3192 2986 3263 qui
3017 3205 3115 3246 nos
3146 3185 3393 3242 veritatis
3425 3195 3568 3253 prae-

2096 3297 2103 3299 s
2767 3297 2771 3299 _
2839 3287 2873 3299 Α
3116 3298 3141 3299 η
3197 3282 3219 3299 ,γ
3241 3288 3379 3299 ψη
3446 3275 3538 3299 ___|

307 3281 640 3354 παραϐάτας
671 3279 986 3345 ἀποκαλῶν,
1016 3281 1112 3334 καὶ
1138 3279 1248 3332 τῶν
1307 3279 1597 3351 Ῥωμαίων
1633 3281 1887 3352 ἐχθροὺς,

1996 3297 2330 3351 varicalores
2362 3299 2685 3360 nuncupat,
2727 3297 2780 3342 et
2835 3287 3149 3341 Graecorum
3197 3282 3412 3341 hostes,
3446 3275 3568 3329 nul-

1994 3388 2028 3395 “
2209 3387 2221 3395 '
2312 3384 2323 3395 '
2622 3383 2635 3395 ι
2858 3390 3071 3395 -μ-..----
3135 3373 3329 3395 ι’..-υ-ι..-
3387 3368 3568 3395 Ιιξιυ...η

306 3375 424 3440 ἕξει
447 3373 568 3428 καθ’
596 3373 755 3443 ἡμῶν
785 3373 887 3444 τὴν
922 3370 1111 3442 ίσχύν;
1145 3372 1322 3435 Λύκος
1350 3373 1571 3437 πάντως
1599 3373 1780 3444 χανὼν
1811 3376 1887 3439 είς

1994 3388 2100 3443 lius
2142 3384 2358 3441 roboris
2405 3397 2567 3449 esse,
2622 3383 2784 3451 lupus
2845 3390 3075 3446 prorsus
3135 3373 3332 3426 frustra
3387 3368 3570 3421 hiasse

314 3469 500 3538 μάτην
559 3465 1058 3537 ἀπελεγχθήσεται,
1113 3468 1253 3519 ἐπὰν
1281 3468 1446 3538 ἡμεῖς
1477 3467 1577 3538 τὴν
1615 3467 1724 3520 τῶν
1768 3467 1895 3520 Ἐκ·

314 3558 560 3628 κλησιῶν
585 3558 809 3629 εἰρήνην
833 3558 926 3613 ἐπὶ
956 3557 1372 3629 παραδείγματι
1408 3559 1531 3621 ταῖς
1567 3557 1677 3611 τῶν
1720 3557 1896 3612 Πατέ-

318 3666 431 3720 ρων
460 3649 620 3720 ἡμῶν
642 3649 1031 3718 κοινωφελέσιν
1064 3651 1427 3721 οἰκονομίαις,
1456 3649 1520 3715 ἀς
1549 3650 1897 3722 ’θεοκινὴτως

315 3743 520 3795 ἐκεῖνοι
553 3740 688 3811 πρὸς
714 3740 907 3815 ἕνωσιν
935 3739 1043 3792 τῶν
1092 3740 1434 3811 Ἐκκλησιῶν
1488 3743 1629 3795 κατά
1666 3743 1897 3813 καιροὺς

317 3832 740 3904 ἀπειργάζοντο,
784 3832 1174 3903 ἀπεδείξαμεν.
1211 3832 1336 3887 Ὅτι
1384 3833 1441 3887 δὲ
1472 3834 1537 3887 ἐκ
1561 3835 1676 3895 τοῦ,
1707 3836 1783 3898 ὡς
1816 3835 1897 3898 είς

318 3927 676 3996 παράδειγμα
727 3926 825 3988 τὰς
862 3927 1083 3981 πάντων
1117 3925 1248 3998 παρ’
1279 3926 1460 3980 αὐτῶν
1494 3928 1754 3999 Πατέρων
1801 3945 1896 3997 γε·

319 4017 631 4087 γενημένας
666 4016 980 4085 οικονομίας
1019 4019 1169 4089 ἡμᾶς
1214 4020 1448 4090 ἀφορᾷν,
1484 4021 1563 4083 εἰς
1597 4020 1757 4073 τοῦτο
1798 4021 1898 4090 τῆς

321 4111 690 4179 ἐγχειρήσεως
719 4107 1081 4179 ἐληλύθαμεν,
1108 4111 1176 4163 τά
1198 4112 1328 4180 παρ’
1358 4113 1513 4181 ἡμῖν,
1543 4110 1617 4175 ὡς
1638 4113 1732 4165 καὶ
1760 4111 1902 4167 ἄνω-

323 4202 415 4254 θεν
442 4200 1028 4271 προεπηγγειλάμεθα,
1053 4204 1188 4272 πρὸς
1213 4202 1272 4256 τὸ
1302 4206 1480 4275 παρὸν
1507 4204 1898 4276 εὑρισκόμενα,

321 4290 481 4358 ὀλίγα
512 4291 611 4361 τῆς
650 4290 981 4363 πονηθείσης
1009 4293 1145 4363 ἡμῖν
1188 4292 1377 4361 βίϐλου
1431 4295 1691 4365 συστήσει
1723 4295 1900 4365 τεμά-

324 4400 440 4453 χια.
474 4381 632 4435 Οὕτω
657 4381 766 4453 γὰρ
797 4384 856 4436 ὲν
890 4384 1047 4454 μέρει
1082 4385 1174 4438 ἐπὶ
1205 4384 1405 4450 λέξεως
1428 4384 1566 4458 αὕτη
1599 4387 1904 4457 διαλαμϐά-

1994 3476 2440 3549 deprehendetur
2473 3514 2489 3541 ,
2540 3489 2660 3529 cum
2723 3485 2824 3525 nos
2874 3466 3244 3522 Ecclesiarum
3308 3460 3568 3515 unionem

1998 3568 2248 3637 exemplo
2301 3567 2597 3633 desumpto
2647 3577 2713 3617 ex
2761 3561 2987 3613 Patrum
3044 3566 3359 3610 nostrorum
3414 3550 3571 3603 valde

1996 3659 2258 3729 proﬁcuis
2314 3655 2810 3726 dispositionibus,
2865 3664 3003 3719 quas
3059 3647 3135 3701 illi
3188 3662 3219 3699 a
3271 3644 3381 3698 Deo
3433 3640 3569 3696 moti

1999 3768 2100 3822 pro
2166 3751 2368 3805 unione
2425 3747 2827 3807 Ecdesiarum,
2856 3738 3188 3811 praescriptis
3232 3734 3573 3804 temporibus

2001 3848 2356 3912 usurparunt,
2395 3834 2977 3895 demonstraverimus.
3031 3830 3140 3884 Nos
3191 3843 3354 3898 porro
3408 3825 3572 3879 veluti

2002 3935 2058 3989 in
2096 3931 2407 4002 exemplum
2459 3944 2653 3986 omnes
2709 3934 3028 3982 sanctorum
3076 3922 3301 3976 Patrum
3334 3915 3575 3987 disposi-

2004 4025 2180 4079 tiones
2230 4021 2561 4092 aspicientes
2586 4057 2601 4082 ,
2635 4014 2834 4070 similia
2875 4023 3162 4081 aggressos
3205 4006 3376 4060 fuisse
3428 4016 3575 4071 quae,

2003 4127 2063 4172 ut
2105 4117 2268 4171 etiam
2317 4126 2481 4181 supra
2515 4108 2892 4180 promisimus,
2949 4116 3097 4157 nunc
3150 4097 3503 4154 inveniuntur
3544 4108 3575 4148 a

2004 4208 2163 4265 nobis
2194 4204 2487 4275 compositi
2542 4198 2840 4255 voluminis
2894 4194 3068 4250 frusta
3115 4187 3576 4260 comprobabunt,

2005 4316 2127 4373 quae
2156 4300 2219 4354 ad
2263 4297 2488 4352 verbum
2533 4292 2605 4347 ita
2645 4306 2706 4360 se
2753 4288 2979 4343 habent.
3027 4284 3095 4338 Et
3131 4291 3257 4337 ante
3306 4279 3444 4353 alios
3489 4290 3580 4330 ec-

2003 4371 2295 4449 clesiastici
2329 4384 2653 4442 ﬁrmamenti
2712 4382 2881 4436 solem
2929 4375 3158 4430 multum
3190 4381 3244 4427 et
3275 4371 3575 4424 maximum

327 4493 430 4529 νει.
465 4472 678 4527 Αὐτίκα
730 4474 822 4528 τὸν
863 4475 959 4528 τοῦ
1007 4476 1471 4544 ὲκκλησιαστικοῢ
1519 4457 1887 4549 στερεώματος

2006 4482 2401 4545 Athanasium,
2435 4478 2596 4547 cujus
2649 4481 2731 4529 est
2769 4480 2825 4525 et
2871 4480 3052 4524 sermo
3099 4457 3581 4530 inexsuperabilis,

324 4566 501 4636 ἥλιον,
542 4564 634 4618 τὸν
667 4564 834 4617 πολὺν
866 4564 962 4617 καὶ
996 4565 1258 4634 μέγιστον
1323 4567 1668 4635 Ἀθανάσιον,
1702 4564 1764 4623 οὗ
1804 4571 1900 4623 καὶ

324 4661 355 4712 ὁ
386 4658 542 4725 λόγος
590 4658 882 4727 ἀήττητος,
925 4656 1023 4709 καὶ
1069 4660 1097 4710 ὁ
1127 4659 1327 4730 τρόπος
1364 4659 1663 4731 ἀμίμητος,
1687 4660 1810 4714 ἐπεὶ
1845 4663 1902 4714 ἐν

326 4754 448 4814 ταῖς
474 4753 711 4822 ἡμέραις
741 4749 905 4803 αὑτοῦ
939 4750 1238 4806 σκάνδαλον
1265 4754 1324 4806 ού
1348 4755 1409 4806 τὸ
1435 4754 1595 4825 τυχὸν
1621 4755 1903 4826 ἀνερράγη

330 4845 503 4917 μέσον
533 4844 642 4897 τῶν
687 4843 1028 4911 Ἐκκλησιῶν
1060 4845 1266 4899 τούτων
1304 4847 1508 4913 αὐτῶν,
1551 4848 1685 4919 περὶ
1707 4841 1784 4902 ὧν
1812 4847 1907 4901 νῦν

325 4941 359 4992 ὁ
387 4938 544 5003 λόγος
593 4936 748 5007 ἡμῖν,
779 4936 1111 5007 εὑρίσκομεν
1151 4936 1248 5007 τὴν
1283 4936 1630 5008 καταλλαγὴν
1662 4939 1909 5009 ἀμφιτε-

335 5048 449 5105 ρων
490 5032 670 5085 οὐδενί
696 5048 774 5103 τῳ
804 5030 952 5100 ἄλλῳ
979 5029 1167 5100 τρόπῳ
1189 5029 1758 5098 διοικονομισάμενον,
1791 5028 1907 5081 ἀλλ’

329 5128 369 5197 ἢ
396 5128 457 5180 τὸ
487 5126 863 5197 συνηγορῆσαι
918 5126 986 5194 τῇ
1030 5121 1314 5192 Ῥωμαϊκῇ
1356 5119 1677 5191 Ἐκκλησία,
1722 5118 1809 5189 ἐφ’
1831 5116 1912 5183 οἷς

330 5221 385 5274 οἱ
411 5219 555 5274 κατὰ
576 5219 676 5290 τὴν
705 5217 845 5289 ἑῴαν
867 5219 946 5280 είς
963 5215 1257 5271 ἀντίπαλον
1290 5214 1485 5283 μοῖραν
1507 5212 1633 5293 τους
1653 5211 1710 5263 ὲν
1731 5210 1914 5282 ἐκείνῃ

330 5313 651 5383 κεκρίκασι.
688 5312 801 5365 Kal.
833 5311 916 5372 τίς
944 5311 978 5378 ἡ
1004 5306 1303 5378 συνηγορία
1329 5322 1343 5372 ;
1377 5305 1547 5368 Αὐτὸς
1585 5305 1797 5356 ἐκεῖνον
1827 5305 1909 5356 ὲν-

329 5411 511 5465 ταῦθα
544 5408 783 5479 παρίτω,
814 5405 908 5459 καὶ
948 5407 1067 5467 ταῖς
1101 5405 1165 5472 τῇ
1192 5399 1357 5455 αὐτοῦ
1402 5399 1628 5468 γλώσσῃ
1664 5399 1917 5466 ἐκφωνη-

332 5503 546 5565 θείσαις
564 5503 773 5567 λέξεσιν
806 5496 1198 5565 ἀπαγγελλέτω
1229 5495 1379 5565 ἡμῖν.
1421 5491 1511 5544 Ἐν
1544 5492 1655 5561 γὰρ
1678 5489 1754 5560 τῷ
1778 5487 1917 5559 πρὸς

346 5597 649 5668 ’Δντιοχεῖς
688 5593 842 5662 τόμῳ
874 5586 1030 5653 οὗτος
1062 5589 1206 5642 οὕτω
1228 5586 1391 5656 φησίν
1413 5602 1429 5617 ο
1475 5583 1593 5650 Οὓς
1630 5583 1742 5651 γὰρ
1770 5580 1921 5651 μέμ-

334 5690 559 5761 φονταί
587 5703 746 5751 τινες
792 5686 874 5749 ὡς
918 5683 1075 5751 τρεῖς
1106 5682 1397 5750 λέγοντας
1419 5675 1794 5741 ὑποστάσεις
1821 5672 1921 5726 διὰ

334 5783 403 5839 τὸ
436 5782 745 5854 ἀγράφους
794 5781 889 5834 καὶ
933 5778 1244 5841 ὑπόπτους
1289 5770 1571 5828 ἐντεῦθεν
1621 5761 1772 5823 sint:
1816 5765 1923 5832 τὰς

2014 4586 2069 4634 ct
2100 4576 2295 4631 modus
2327 4566 2698 4630 iuimitabilis,
2730 4576 2853 4619 cum
2899 4573 2997 4615 sua
3041 4564 3203 4612 aetate
3248 4550 3572 4608 scandalum

2006 4683 2114 4722 non
2185 4660 2645 4720 contemnendum
2703 4662 2956 4709 exortum
3021 4647 3211 4701 fuisset
3276 4642 3419 4696 inter
3479 4638 3582 4693 bas

2006 4757 2226 4814 easdem
2288 4749 2594 4814 Ecclesias,
2642 4746 2710 4801 de
2757 4743 2955 4814 quibus
2997 4749 3081 4795 est
3129 4735 3308 4790 oratio
3362 4739 3576 4795 nostra,

1967 4900 1973 4906 .
2009 4851 2302 4918 utriusque
2332 4840 2838 4900 reconciliationem
2886 4832 3193 4904 reperimus
3219 4869 3235 4894 ,
3269 4826 3421 4881 nullo
3472 4824 3582 4877 alio

2011 4939 2174 4994 modo
2204 4913 2548 5004 dispositam,
2582 4943 2745 5000 quam
2800 4923 3123 4979 defensioue
3171 4924 3423 4985 suscepta
3461 4913 3585 4966 lto-

2013 5046 2192 5088 mana;
2229 5026 2489 5082 Ecclesiae
2536 5037 2702 5091 super
2736 5019 2827 5082 iis,
2860 5031 2961 5087 pro
2995 5010 3208 5085 ‘quibus
3239 5010 3309 5064 ab
3341 5008 3586 5063 orienta-

2013 5123 2161 5177 libus
2191 5115 2562 5175 occidentales
2594 5113 2650 5167 in
2679 5109 3003 5180 {oppositam
3038 5113 3246 5174 partem
3298 5098 3591 5154 traheban-

2019 5224 2131 5269 tur.
2166 5210 2236 5266 At
2272 5222 2523 5280 quamam
2560 5204 2728 5259 fuerit
2761 5197 3060 5256 defensio?
3112 5193 3258 5247 Idem
3296 5192 3413 5259 ipse
3452 5202 3591 5258 prae-

2019 5319 2148 5361 sens
2197 5301 2315 5358 suis
2346 5300 2497 5355 illam
2542 5296 2727 5351 verbis
2778 5288 3115 5364 pronuntiet.
3164 5283 3414 5352 Namque
3441 5288 3594 5335 tomo

2020 5398 2085 5451 ad
2144 5391 2520 5447 Autiochenos
2575 5389 2690 5442 luec
2742 5383 2991 5440 continet
3038 5397 3052 5434 :
3120 5376 3239 5431 Illis
3287 5375 3469 5435 enim,
3502 5371 3594 5439 qui

2021 5486 2305 5543 nonnullos
2334 5481 2689 5544 incusabant,
2744 5487 2799 5531 ut
2834 5476 2995 5529 trium
3051 5471 3407 5541 [typoslaseon
3443 5465 3600 5532 afﬁr-

2023 5590 2293 5639 matores,
2342 5592 2459 5629 cum
2513 5568 2819 5643 hujusmodi
2874 5580 3026 5620 voces
3058 5564 3113 5615 in
3169 5559 3458 5628 Scripturis
3494 5570 3598 5609 non

2025 5671 2404 5738 reperirentur,
2479 5682 2536 5720 ac
2567 5661 2791 5733 proinde
2823 5665 3080 5726 suspecta:
3112 5650 3278 5706 rideri
3343 5655 3554 5717 possent
3581 5683 3598 5711 ,

2029 5774 2270 5819 auctores
2307 5761 2534 5832 fuimus,
2578 5772 2640 5809 ne
2692 5750 2919 5821 amplius
2955 5748 3008 5800 in
3060 5744 3342 5799 Nirwuam
3389 5739 3599 5809 confes-
