3962 6454
260 375 368 439 969

1293 370 1390 432 DE
1432 367 1931 431 DEPOSITIONE
1973 368 2116 431 SUA
2161 368 2381 431 ORAT.
2425 369 2509 432 II.

3411 371 3519 433 970

262 492 326 544 τὸ
373 502 550 559 παρόν
584 488 875 559 ἒπικρίνω.
903 487 1014 559 Τὴν
1066 486 1175 556 γὰρ
1224 486 1391 540 αὑτόῦ
1421 487 1516 539 ἐπὶ
1570 485 1729 537 πλέον
1762 483 1843 536 ἑλ-

1950 486 2244 542 terminare
2274 503 2541 558 propono.
2582 487 2685 542 Sed
2720 486 2869 543 illius
2907 485 3279 557 profusiorem
3312 495 3521 543 tractae

266 580 441 647 πίζων
468 581 794 648 ὲξάπλωσιν,
824 580 1080 652 εὔχομαι,
1114 582 1284 643 εῐπως
1312 579 1379 633 ἂν
1413 578 1545 641 Θεὸς
1577 577 1658 631 ἔτι
1696 578 1839 642 ζῶν·-

263 690 362 735 τας
431 675 580 743 ἡμᾶς
646 675 735 727 ἐπ’
782 673 1070 746 ἀκροατῶν
1119 671 1498 740 ἀγωνίσασθαι
1550 668 1841 740 τιμώντων

263 763 535 833 εὐθύτητα
561 766 691 835 περί
734 782 793 819 τε
829 766 931 834 τῆς
965 762 1123 833 ἡμῶν
1158 762 1441 825 εὐσεϐείας
1481 763 1609 832 περί
1654 778 1716 814 τε
1743 761 1841 831 τῆς

264 857 767 925 φιλορωμαιότητος
792 857 1104 926 εὐδοκήσειε
1137 856 1224 908 διὰ
1249 854 1349 924 τὴν
1386 853 1478 906 ὲπί
1511 852 1665 907 δυσὶν
1688 854 1842 921 ὅμως

261 948 483 1017 ﬁrm“;
535 948 806 1020 μᾲρτυσιν
856 947 1237 1016 Εὑαγγελικὴν
1285 948 1471 1001 πίστιν
1521 947 1632 999 τῶν
1686 946 1840 1017 εἰρη-

267 1041 467 1108 μένων,
501 1018 798 1111 προσθήσω
826 1040 891 1112 δὴ
916 1042 1031 1104 τοῖς
1058 1041 1356 1111 ἀκροαταῖς
1389 1040 1516 1109 ὑμῖν
1575 1041 1657 1101 είς
1711 1038 1847 1092 ἀνά-

269 1147 495 1199 μνησιν,
522 1130 617 1183 καὶ
643 1130 713 1183 τὰ
739 1131 801 1183 ὲν
857 1131 1165 1202 προοιμίοις
1216 1148 1305 1201 μοι
1336 1114 1429 1183 ἐπὶ
1460 1132 1525 1201 τῇ
1554 1131 1717 1202 ὁμοίᾳ
1749 1132 1842 1184 δυ-

260 1218 425 1286 νάμει
466 1219 1015 1288 προανατεταγμένα,
1060 1219 1212 1281 ὅπως
1261 1218 1467 1288 δηλαδὴ
1513 1221 1541 1271 6
1579 1220 1745 1282 πολὺς
1773 1221 1844 1275 τὰ

262 1309 383 1362 θεῖα
411 1306 713 1372 Βασίλειος,
739 1309 810 1362 τὰ
848 1310 992 1363 κατὰ
1024 1310 1127 1380 τὴν
1172 1308 1535 1381 Ἐκκλησίαν,
1564 1306 1635 1383 ἦς
1670 1312 1840 1382 ἀκρο-

258 1401 513 1463 γωνιαῖος
541 1401 634 1453 καὶ
667 1402 920 1468 συνδέτηε,
945 1402 1094 1465 λίθος
1125 1403 1369 1473 Χριστὸς
1396 1406 1425 1456 6
1458 1404 1612 1469 Θεὸς,
1637 1405 1838 1459 διοικο-

259 1490 617 1559 νομούμενος,
660 1493 788 1553 τοὺς
830 1493 906 1562 μὴ
961 1492 1218 1560 λέγοντας
1271 1494 1499 1565 Πνεῦμα
1553 1496 1718 1562 Θεὸν,
1779 1499 1839 1551 ἐν

259 1580 448 1643 ἄλλαις
491 1581 549 1635 δὲ
594 1585 803 1651 φωναῖς
848 1585 908 1637 τὸ
966 1584 1080 1638 ίσον
1126 1586 1515 1656 ἐμφαίνοντας,
1556 1591 1668 1653 τοῖς
1701 1589 1837 1643 Θεὸν

256 1672 389 1725 αὐτὸ
423 1676 589 1742 τρανῇ
642 1676 707 1744 τῇ
755 1673 973 1745 γλώττῃ
1019 1676 1482 1746 ἀνακηρύττωσι,
1526 1680 1838 1748 συγκατήλο

255 1763 470 1819 λαττεν.
497 1764 661 1819 Ἀλλὰ
699 1765 763 1836 δὴ
809 1766 903 1820 καὶ
951 1767 1100 1830 ὅπως
1129 1770 1156 1821 ὁ
1202 1768 1301 1837 τῆς
1339 1768 1619 1838 θεολογίας
1653 1770 1836 1842 φερώ-

259 1870 427 1924 νυμος
482 1855 581 1926 τὴν
653 1857 825 1926 αὐτὴν
874 1857 992 1910 ὁδὸν
1045 1858 1148 1927 τῆς
1204 1860 1314 1912 τῶν
1383 1862 1565 1931 μερῶν
1628 1864 1838 1917 τούτων

263 1948 615 2019 καταλλαγῆς
692 1949 1122 2020 μετερχόμενος,
1211 1950 1348 2021 μηδὲ
1421 1951 1482 2005 τὸ
1567 1954 1839 2008 Ἰουδαίων

254 2040 409 2103 ἔθνος
443 2041 743 2096 ἀποϐαλεῖν
782 2041 869 2108 ἂν,
910 2044 960 2095 εί
993 2043 1091 2113 τὴν
1139 2041 1234 2096 τοῦ
1256 2044 1626 2114 ήλειμμένου
1657 2047 1844 2118 φωνὴν

256 2132 382 2182 ἀντὶ
408 2131 511 2201 τῆς
538 2131 781 2201 Χριστοῦ
807 2133 945 2203 πρὸς
987 2132 1170 2201 ὀλίγον
1213 2134 1624 2205 ἐπιζητοῦντες.
1649 2136 1836 2207 ἠξίουν

254 2222 382 2293 μεθ’
417 2224 577 2292 ἡμῶν
617 2223 929 2291 τάττεσθαι,
962 2228 1044 2288 είς
1094 2224 1298 2289 πλάτος
1344 2227 1703 2299 ἐλογογράφει
1743 2232 1841 2285 καὶ

249 2314 576 2386 διαρρήδην.
635 2315 820 2368 Ταῦτα
871 2317 986 2378 τοῖς
1039 2316 1506 2388 προαναταχθεῖσι
1552 2320 1836 2391 προσθεὶς,

254 2405 422 2457 ίκανὰ
449 2406 547 2475 τὴν
575 2406 756 2476 ἡμῶν,
785 2407 863 2469 ὡς
888 2402 1066 2476 οἶμαι,
1087 2405 1217 2460 ὄντα
1250 2407 1598 2475 δεφὲνδευσιν
1641 2411 1728 2480 ἐφ’
1754 2406 1839 2475 οἷς

248 2496 357 2548 καὶ
383 2497 546 2566 ἡμεῖς
594 2495 693 2565 τὴν
727 2498 792 2550 ἐκ
834 2496 1050 2568 Πατρδς
1106 2497 1173 2550 δι’
1229 2497 1361 2550 Υίοῠ
1420 2496 1515 2550 τοῦ
1565 2501 1835 2568 παναγίου

251 2584 586 2654 ὲκπόρευσιν
628 2585 972 2654 Πνεύματος,
1004 2586 1176 2657 μηδὲν
1218 2586 1336 2657 τῆς,
1381 2587 1438 2650 ἐξ
1480 2589 1683 2657 ἀμφοῖν
1719 2590 1838 2643 δια-

252 2676 447 2743 φέρειν
497 2675 922 2741 ἀποδεικνύντες
970 2679 1079 2732 ἀπὸ
1127 2678 1387 2749 Γραφῶν,
1420 2679 1555 2748 πρὸς
1602 2680 1701 2751 τὴν
1736 2681 1839 2753 τῆς

249 2768 719 2839 ὲκκλησιαστικῆς
755 2769 1073 2839 οίκονομίας
1119 2770 1345 2840 είρήνην
1370 2770 1681 2843 δεδώκαμεν
1710 2774 1840 2827 ἑαυ-

251 2859 403 2924 τοὺς,
430 2860 521 2912 τὸν
544 2860 702 2929 λόγον
731 2861 928 2931 πέρατι
956 2862 1170 2929 δίδωμι.
1201 2863 1274 2915 Σὺ
1301 2862 1368 2928 δ’,
1402 2858 1446 2916 ὦ
1482 2866 1834 2936 πατριαρχῶν

250 2950 410 3017 δυὰς,
439 2945 514 3004 ὧν
554 2955 583 3005 6
637 2952 738 3021 μὲν
787 2954 888 3023 τὴν
941 2953 1319 3024 Ἀλεξάνδρου,
1352 2957 1380 3009 ὀ
1407 2955 1463 3008 δὲ
1494 2957 1592 3024 τὴν
1629 2958 1840 3011 Ἀντιο-

253 3044 401 3113 χέων
432 3046 716 3113 κοσμεῖτε,
736 3043 843 3106 οὓς
889 3044 985 3098 νῦν
1016 3047 1050 3116 ἡ
1094 3047 1510 3101 Κωνσταντίνου
1558 3048 1834 3120 ἔχειπαρ’

1946 579 2147 631 tionem
2198 580 2519 634 moliturum
2559 594 2645 634 me
2675 593 2930 649 sperans,
2960 586 3182 647 exopto,
3217 576 3516 632 dummodo

1949 667 2097 724 Dens
2133 669 2468 724 concesserit
2497 711 2512 732 ,
2549 678 2602 722 et
2637 670 2741 722 vita
2778 667 3124 737 permiserit,
3158 675 3283 721 ante
3313 666 3525 721 audito-

1949 774 2056 825 res,
2086 762 2180 831 qui
2220 760 2583 830 integritatem
2632 761 2838 826 colant,
2870 759 2938 815 de
2990 772 3175 814 nostra
3211 760 3435 829 pietate,
3470 768 3526 813 ct
3581 800 3585 811 .

1946 854 2002 907 in
2051 853 2365 909 Graecorum
2421 853 2698 908 nationem
2775 853 3196 915 benevolentia,
3249 863 3529 906 certamen

1947 943 2110 998 inire.
2167 943 2396 1012 Propter
2440 942 2803 997 nihilominus
2861 943 2914 997 in
2968 943 3190 996 duobus
3215 940 3300 996 vel
3350 942 3529 995 tribus

1948 1036 2183 1092 testibus
2227 1036 2602 1106 evangelicam
2636 1034 2909 1107 dictorum
2942 1034 3101 1088 iidem
3132 1073 3146 1099 ,
3181 1030 3337 1088 vobis
3372 1033 3528 1087 audio

1951 1128 2170 1183 toribus
2200 1127 2254 1181 in
2288 1126 2609 1182 memoriam
2638 1126 2913 1189 inducam,
2944 1141 3065 1194 quae
3097 1125 3283 1179 statim
3319 1124 3375 1178 in
3402 1140 3530 1178 ora-

1951 1218 2118 1274 tionis
2149 1218 2398 1282 exordio,
2431 1218 2501 1273 ab
2529 1217 2717 1272 eadem
2752 1217 3023 1272 sententia
3053 1215 3276 1270 minime
3310 1216 3527 1271 discor-

1949 1308 2136 1363 dantia
2166 1308 2428 1364 collocavi
2468 1307 2786 1378 :quomodu
2835 1321 3030 1376 nempe
3071 1322 3301 1377 magnus
3338 1306 3393 1360 in
3428 1308 3528 1360 're-

1951 1401 2054 1454 bus
2082 1400 2286 1455 divinis
2337 1399 2747 1469 pertractandis
2800 1398 3073 1463 Basilius,
3124 1413 3212 1451 res
3242 1398 3526 1461 Ecclesiae,

1952 1491 2112 1563 cujus
2168 1492 2308 1561 lapis
2374 1492 2658 1562 angularis
2703 1500 2757 1547 et
2798 1491 3081 1561 colligatur
3128 1489 3383 1545 Christus
3425 1500 3530 1554 est,

1948 1583 2246 1653 disponens
2280 1622 2294 1650 ,
2353 1598 2493 1649 cos,
2555 1585 2647 1653 qui
2719 1597 2830 1638 non
2889 1582 3207 1638 asserebant
3265 1582 3532 1652 Spiritum

1951 1674 2120 1730 Deum
2151 1717 2165 1741 ,
2232 1676 2329 1731 sed
2384 1675 2507 1729 aliis
2557 1675 2795 1730 vocibus
2854 1674 2907 1728 id
2954 1674 3358 1744 exprimebant,
3406 1689 3530 1743 quae

1948 1784 2071 1823 eum
2106 1780 2295 1838 aperte
2331 1770 2481 1823 clara
2511 1783 2647 1824 voce
2677 1766 2847 1823 Deum
2884 1767 3211 1824 intonabant
3234 1806 3250 1834 ,
3288 1768 3526 1822 invicem

1944 1862 2294 1929 conciliabat;
2348 1878 2561 1917 necnon
2609 1862 2923 1933 quomodo,
2979 1862 3070 1918 cui
3117 1876 3186 1916 ex
3250 1862 3528 1931 theologia

1946 1967 2146 2006 nomen
2181 1963 2290 2017 est,
2323 1953 2623 2024 Gregorius
2667 1953 2905 2009 similem
2960 1952 3102 2007 viam
3136 1952 3358 2007 easdem
3396 1968 3532 2024 par-

1947 2054 2028 2097 tes
2076 2044 2413 2099 conciliandi
2468 2044 2648 2100 iniens
2677 2083 2693 2110 ,
2746 2059 2924 2114 neque
2957 2042 3275 2099 Judaeorum
3310 2054 3530 2115 gentem

1944 2135 2294 2204 ejiciendam,
2351 2135 2394 2190 si
2428 2135 2642 2190 deuncti
2672 2150 2880 2198 vocem,
2914 2135 3035 2190 loco
3064 2135 3267 2190 Christi
3294 2135 3361 2189 ad
3396 2143 3534 2190 tem-

1945 2242 2049 2295 pus
2071 2227 2175 2281 sibi
2209 2229 2437 2283 concedi
2471 2229 2838 2298 postulantes,
2877 2227 2929 2281 in
2956 2237 3209 2282 nostrum
3239 2241 3533 2282 numerum

1947 2328 2111 2388 atque
2146 2319 2392 2374 ordinem
2445 2320 2648 2375 ascribi
2685 2318 2925 2384 vellent,
2977 2317 3214 2388 longiori
3276 2332 3534 2373 sermone

1945 2418 1999 2463 et
2037 2410 2216 2479 palam
2249 2410 2710 2478 prosequebatur.
2766 2407 2892 2463 Πλιτο
2922 2408 3288 2478 suprapositis
3319 2407 3529 2463 addens

1947 2500 2082 2556 satis
2117 2514 2390 2569 superque
2428 2514 2551 2556 esse
2584 2514 2685 2571 pro
2716 2509 2907 2555 nostra
2937 2498 3269 2554 defensione
3301 2499 3527 2569 opinor,

1947 2593 1993 2648 si
2023 2608 2123 2646 nos
2159 2608 2223 2647 ex
2269 2592 2430 2647 Patre
2479 2607 2578 2663 per
2638 2592 2840 2647 Filium
2897 2591 3240 2649 sanctissimi
3290 2589 3531 2661 Spiritus

1947 2685 2356 2753 processionem
2386 2724 2402 2750 ,
2456 2685 2593 2739 nihil
2623 2682 2847 2740 differre
2875 2698 2906 2739 a
2941 2683 3215 2740 sententia
3241 2724 3257 2750 ,
3309 2699 3432 2754 quae
3463 2681 3535 2738 il-

1956 2775 2068 2830 lum
2097 2791 2161 2831 ex
2198 2785 2433 2845 utroque
2465 2774 2670 2830 fatetur
2717 2775 3166 2830 demonstrantes
3217 2788 3285 2829 ex
3319 2775 3533 2844 scripto

1967 2868 2183 2922 traditis
2214 2869 2542 2923 testimoniis
2565 2910 2580 2934 ,
2611 2867 2679 2922 ad
2710 2867 3101 2924 ecclesiasticae
3139 2866 3365 2922 unionis
3414 2865 3532 2921 dis-

1962 2962 2338 3027 pensationem
2395 2961 2768 3031 nosmetipsos
2811 2960 3160 3025 dedidimus,
3213 2960 3379 3014 ﬁnem
3407 2973 3532 3014 ora-

1950 3052 2087 3106 tioni
2118 3053 2421 3122 imponam.
2462 3053 2573 3108 Vos
2600 3066 2766 3119 vero,
2804 3067 2839 3107 o
2892 3052 3252 3123 patriarchae,
3289 3066 3529 3121 quorum

253 3137 450 3204 ἑαυτῇ,
503 3136 782 3208 μνήσθητε
837 3137 913 3201 ὡς
957 3137 1105 3192 ἐστιν
1153 3141 1182 3193 6
1239 3140 1476 3194 δικάσων
1529 3143 1677 3210 ἡμᾶς
1732 3142 1833 3197 οὐκ

1958 3146 2098 3200 alter
2132 3146 2581 3211 Alexandrinam,
2617 3145 2751 3201 alter
2781 3145 3181 3200 Antiochenam
3220 3144 3530 3200 Ecclesiam

252 3227 457 3291 ἄλλως,
487 3228 521 3298 ἧ
574 3228 652 3292 ὡς
691 3228 1010 3294 δικάζομεν,
1045 3231 1140 3282 καὶ
1169 3230 1199 3282 6
1238 3230 1467 3294 εὐθύνας
1518 3235 1839 3303 ἀπαιτήσων

1949 3238 2230 3294 adornatis
2251 3278 2266 3303 ,
2298 3248 2350 3311 et
2385 3253 2524 3308 quos
2558 3252 2705 3293 nunc
2753 3237 2898 3308 apud
2929 3252 2990 3293 se
3016 3235 3528 3305 Constantinopolis

249 3317 427 3385 ἡμᾶς,
465 3316 650 3380 καθὼς
695 3319 859 3388 ἡμεῖς
911 3318 1004 3371 τὸν
1071 3319 1301 3389 πλησίον
1349 3320 1669 3393 εὐθύνομεν.
1729 3325 1839 3377 Καὶ

1949 3337 2131 3394 tenet,
2161 3330 2407 3384 reducite
2458 3329 2514 3383 in
2577 3329 2900 3384 memoriam
2933 3343 3033 3385 nos
3084 3329 3153 3383 ab
3198 3328 3307 3383 alio
3336 3327 3528 3382 eadem

251 3409 375 3473 εἴγε
421 3407 496 3477 μὴ
535 3406 775 3478 ἐπαχθὲς
805 3407 932 3478 ὑμῖν
983 3408 1334 3478 ἐναγομένοις
1380 3410 1515 3480 παρ’
1562 3411 1722 3483 ἡμῶν
1760 3415 1839 3476 είς

1949 3421 2067 3491 ipsa
2115 3422 2320 3486 lance,
2369 3435 2479 3490 qua
2532 3420 2846 3492 iudicamus
2892 3419 3011 3476 fore
3057 3419 3422 3488 iudicandos,
3474 3429 3531 3473 et

253 3498 491 3563 ἔννοιαν,
535 3494 611 3552 ὧν
654 3497 898 3569 ἀκριϐῶς
946 3500 1150 3566 οίδατε,
1202 3500 1517 3568 λογίσασθε,
1554 3496 1609 3556 τί
1651 3504 1751 3573 μὲν
1782 3507 1840 3559 ai

1950 3513 2194 3567 rationes
2227 3527 2259 3567 a
2307 3513 2465 3568 nobis
2521 3512 2888 3582 reposcendas
2943 3511 3109 3566 modo
3131 3551 3146 3576 ,
3181 3524 3291 3581 quo
3326 3524 3430 3565 nos
3470 3510 3527 3565 in

255 3592 550 3644 κανονικαὶ
586 3591 854 3659 διατάξεις
887 3595 982 3647 καὶ
1009 3597 1058 3647 oi
1091 3598 1348 3666 πατρικοὶ
1383 3597 1578 3667 θεσμοὶ
1612 3598 1838 3653 διατάτ-

1949 3604 2183 3672 proximi
2224 3613 2372 3672 gesta
2403 3603 2756 3673 inquirimus.
2810 3601 2874 3657 Et
2901 3603 2949 3657 si
2983 3617 3093 3656 non
3136 3603 3350 3657 videtur
3379 3601 3532 3657 odio-

249 3697 460 3746 τονται,
492 3684 543 3734 τί
572 3683 627 3735 δὲ
661 3685 824 3754 ἡμεῖς
876 3686 1251 3750 ἁκανονίστως
1295 3689 1389 3741 καὶ
1426 3688 1684 3758 ἀθέσμως
1735 3708 1838 3743 πε-

1949 3711 2088 3757 sum,
2122 3710 2219 3766 per
2251 3710 2356 3750 nos
2384 3696 2539 3750 vobis
2568 3696 2621 3749 in
2661 3700 2898 3749 mentem
2932 3694 3141 3761 reduci,
3162 3709 3285 3765 quae
3316 3694 3524 3764 optime

252 3773 553 3843 πόνθαμεν.
1937 3801 2037 3856 per
2067 3801 2166 3841 vos
2218 3787 2369 3855 ipsos
2405 3787 2582 3841 nostis
2607 3825 2623 3851 ,
2670 3780 2854 3840 animo
2900 3795 2954 3841 et
3009 3786 3350 3857 cogitatione
3383 3799 3523 3841 con-

255 3865 457 3919 vertite
486 3904 503 3930 ,
548 3867 679 3937 quid
713 3881 990 3924 canonum
1020 3870 1444 3925 constitutiones
1469 3911 1484 3938 ,
1533 3882 1588 3926 et
1618 3871 1838 3928 Patrum
1880 3879 2095 3932 sancila
2161 3876 2520 3948 praecipiunt;
2548 3876 2678 3947 quid
2743 3877 2874 3931 item
2923 3890 3025 3931 nos
3058 3882 3254 3946 praeter
3284 3888 3523 3931 eanoncs

252 3967 310 4013 et
334 3960 467 4029 jura
494 3964 743 4033 perpessi
780 3978 998 4018 sumus.

3379 4122 3505 4139 bal“

1388 4279 1737 4413 ΤΟΥ
1810 4276 2389 4414 ΑΥΤΟΥ

399 4508 640 4575 ΛΟΓΟΣ»
681 4508 2097 4585 “073$13!E11AEITFPPAHQAQCETIKOE
2138 4511 2247 4585 E51
2278 4512 3096 4585 WEEANKIATUQTH»
3138 4511 3268 4565 Ποῖ
3302 4512 3383 4565 ΑΕ

784 4580 1307 4635 ΔΝΤΙΡΡΗΤΙΚΟΣ
1348 4580 1475 4636 Ευῐ
1498 4580 2018 4637 ΠΛΡΕΞΗΓΗΣΕΣΙ
2072 4580 2343 4638 ΡΗΣΕΩΝ
2376 4583 2587 4636 ΤΙΝΩΝ
2622 4580 2989 4639 ΓΡᾸΦΙΚΩΝ.

247 5122 601 5205 ORATIO,
664 5125 962 5187 manu
1023 5120 2051 5205 secunpgapomosuca
2118 5125 2803 5205 ‘PROHINJUSTITIA
2874 5128 3038 5205 QUA
3110 5127 3525 5195 AFFECTUS

337 5201 528 5273 EST,
599 5205 905 5266 PARTIM
980 5201 1584 5264 ANTIRRHETICA
1663 5202 1773 5262 AD
1832 5202 2149 5264 PRAVAS
2233 5203 2831 5268 EXPOSITIONES
2901 5201 3523 5270 NONNULLARUM

335 5279 512 5343 SCR]
529 5282 683 5344 PTO
741 5280 1272 5344 TRADITARUM
1317 5278 1974 5343 AUCTORITATUM.

1871 5467 1946 5481 '—

336 5611 411 5669 α’.
443 5613 526 5667 Τὰ
559 5613 661 5683 μιν
689 5607 784 5667 οὖν
811 5612 894 5680 ἔφ’
930 5606 1014 5674 οἷς
1063 5609 1265 5673 ἀδίκως
1310 5610 1405 5664 τοῦ
1437 5609 1641 5665 οἰκείου
1673 5610 1841 5679 ἡμεῖς

2022 5605 2077 5659 1.
2135 5605 2243 5660 Res
2282 5604 2474 5675 itaque
2503 5643 2519 5671 ,
2580 5620 2682 5677 pro
2737 5579 2939 5676 quibus
2982 5605 3186 5678 injuste
3234 5623 3335 5666 nos
3381 5611 3521 5669 solio

248 5702 628 5776 ἀπηλάθημεν
649 5701 845 5774 θρόνου
893 5704 951 5755 ἐν
988 5699 1223 5765 τούτοις,
1254 5702 1316 5754 ὲν
1369 5695 1451 5764 οἷς
1505 5702 1601 5755 καὶ
1619 5699 1721 5770 οὐχ
1758 5699 1838 5764 ὡς

1949 5695 2090 5769 pulsi
2123 5710 2337 5762 sumus,
2371 5701 2521 5752 hunc
2555 5697 2611 5751 in
2646 5697 2866 5752 modum
2908 5712 2968 5754 se
3014 5699 3273 5767 habuere,
3308 5704 3359 5761 in
3392 5707 3520 5778 qui.

245 5797 362 5870 τὴν
386 5794 677 5850 εὐσέϐειαν
712 5792 1078 5865 προδιδόντες,
1117 5791 1230 5846 οὐδ’
1266 5792 1343 5857 ὠς
1390 5793 1501 5848 τῶν
1540 5794 1833 5863 Ῥωμαίων

1949 5792 2053 5848 bus
2081 5803 2191 5847 non
2242 5790 2322 5846 uti
2360 5789 2580 5861 pietatis
2630 5789 2976 5861 proditores,
3028 5809 3204 5866 neque
3238 5797 3314 5854 uti
3368 5798 3521 5856 Gra-

513 5886 789 5948 Pa'raon.
827 5885 945 5946 Gn.
1005 5883 1219 5945 CXLI.
3126 5885 3198 5951 31
