3962 6406
317 319 420 382 973

1365 324 1460 385 DE
1502 319 2009 385 DEPOSlTIONE
2050 322 2199 384 sua
2240 323 2462 387 ORAT.
2506 305 2588 386 Ir}

3475 318 3578 387 οῑι

318 441 584 511 δικαστὴν
611 442 639 494 6
675 439 832 508 λόγος
861 441 1188 510 ἐφίστησιν;
1227 434 1354 506 Ἆρ’
1381 437 1584 500 ἰκανῶς
1612 435 1726 506 ἔχει
1761 433 1892 489 ταῦ-

2006 436 2256 506 probant,
2283 435 2602 492 Graecorum
2635 435 2844 491 amicos
2878 448 3021 500 esse,
3061 433 3153 504 qui
3210 433 3576 492 Eccleslarum

319 553 407 598 τα,
441 534 705 600 συστῆσαι
745 532 1148 602 φιλορωμαίους
1177 530 1424 602 ἀκριὸῶς
1453 526 1593 583 εἶναι
1645 530 1772 591 τοὺς
1796 529 1897 598 τὴν

320 628 515 678 ῑνωσιν
565 625 673 676 τῶν
721 623 1062 692 Ἐκκλησιῶν
1100 622 1550 684 ἑπισπεύδοντας,
1581 614 1657 672 ὧν
1700 621 1731 689 ή
1776 619 1897 673 διὰ-

324 733 516 778 στασις
548 715 868 784 πληθυσμδς
915 714 1111 776 κακίας
1159 715 1216 766 ἐν
1248 711 1326 781 τῷ
1373 712 1474 782 βίῳ
1505 711 1770 779 ἐγεγόνει,
1801 710 1897 764 καὶ

319 805 440 858 οὐαὶ
471 804 626 867 πολὺ,
657 807 748 857 καὶ
788 804 1001 874 θρήνων
1051 809 1319 872 παραιτία
1366 801 1617 865 πολλῶν;
1671 802 1898 864 Πάντως

316 894 516 956 οὐδεὶς,
569 893 644 963 μὴ
692 893 926 956 ἀναιδῶς
982 891 1314 946 ἀντιϐαίνειν
1368 889 1540 943 θέλων
1593 889 1730 960 πρὸς
1790 891 1896 958 τὴν

315 986 597 1056 ἀλήθειαν,
635 986 709 1053 μὴ
753 985 828 1047 ὼς
874 985 1280 1054 φιλορωμαίους
1333 983 1482 1051 ἡμᾶς
1524 979 1624 1052 τὴν
1671 982 1896 1051 εἰρήνην

317 1079 416 1147 τῆς
453 1078 768 1147 Ῥωμαῖκῆς
802 1075 1128 1145 Ἐκκλησία;
1159 1076 1275 1143 ἐρεῖ
1323 1072 1889 1143 πραγματεύσασθαι.

317 1171 380 1223 Εἰ
408 1170 465 1223 δὲ
503 1169 660 1222 τοῦτο
709 1170 888 1237 ἡμεῖς,
925 1165 1146 1235 εὔδηλον
1176 1165 1250 1226 ὡς
1296 1164 1358 1217 τὸ
1407 1164 1650 1216 ἐναντίον
1681 1165 1890 1234 ἐχθροὶ,

315 1265 410 1316 καὶ
444 1262 810 1332 μισορώμαιοι
837 1260 1036 1321 πάντες
1059 1261 1108 1311 οἱ
1142 1257 1537 1324 ἀντιλέγοντες,
1570 1257 1666 1308 καί
1708 1256 1888 1309 πλείο-

317 1371 405 1416 νος
437 1353 518 1405 ἔτί
555 1354 714 1422 χρεία
735 1352 828 1404 τοῦ
874 1353 1032 1418 λόγου
1069 1351 1256 1404 ),οιπ“ιν
1296 1349 1434 1417 πρὸς
1482 1348 1755 1412 ἀπόδειξιν
1795 1350 1894 1417 τῆς

315 1443 498 1496 αὐτῶν
547 1442 1055 1512 μισορωμαιότητος
1114 1438 1348 1500 οὐδενός.
1405 1437 1598 1491 Καίτοι
1639 1455 1702 1505 γε
1749 1439 1894 1508 ειπερ

317 1537 346 1586 6
397 1536 548 1603 ἅγιος
615 1538 821 1597 ἐκεῖνος
875 1533 970 1586 καὶ
1018 1533 1358 1602 προφητικὸς
1413 1530 1490 1592 ὼς
1532 1529 1703 1592 ὅντως
1752 1530 1892 1600 ἀνὴρ

317 1631 437 1683 κατ’
467 1631 643 1681 ἐκεῖνο
671 1626 867 1698 καιροῦ
913 1627 1075 1697 ἐξῆρε
1110 1627 1278 1688 κακὰ,
1312 1625 1518 1687 καπνὸς
1549 1623 1640 1675 τοῦ
1675 1622 1894 1692 μέλλον.

313 1739 406 1784 τος
429 1718 570 1792 ἦσαν
599 1721 793 1791 πυρὸς,
828 1719 857 1772 ὃ
889 1720 989 1790 τῆς
1019 1720 1176 1790 ήμῶν
1223 1720 1398 1790 ἀρχῆς
1449 1721 1543 1770 καὶ
1593 1715 1892 1787 ἡγεμονίας

316 1814 374 1878 ἐξ
404 1815 615 1866 ἐκείνου
657 1814 752 1866 καὶ
787 1815 866 1876 εἰς
891 1813 952 1865 τὸ
986 1813 1080 1864 νῦν
1128 1812 1318 1866 ἄλλοτε
1350 1810 1479 1864 ἀλλο
1526 1809 1693 1878 μέρος
1735 1808 1892 1861 ἐπιὸν

321 1905 540 1973 σύμπαν
589 1903 720 1955 αὐτὸ
769 1903 1141 1956 ἐπιδόσκεται.
1184 1903 1305 1955 Ἔτι
1359 1901 1468 1969 γὰρ
1521 1901 1643 1952 τότε
1688 1899 1892 1970 Συρίας

316 2000 535 2067 ἁπάσης
565 1999 659 2051 καί
696 1997 1126 2066 Μεσοποταμίας
1151 1996 1408 2067 ἄρχοντες
1437 1990 1598 2065 ἦμενο
1635 1992 1717 2046 ἔτι
1741 1993 1891 2046 πᾶσα

327 2089 537 2158 ’ἰὸηρία
565 2092 680 2152 τοῖς
716 2088 872 2158 ήμῶν
909 2089 1169 2140 ὑπέκειτο
1207 2086 1671 2156 αύτοκρὰτορσιν’
1709 2083 1791 2137 ἔτι
1822 2085 1892 2138 τὲ

314 2181 680 2251 σχοινίσματα
727 2181 884 2250 ήμῶν
925 2181 983 2244 ἐς
1033 2179 1296 2232 Δάνουόιν
1338 2179 1692 2247 ἐκτεινόμενα
1724 2177 1892 2230 Βουλ-

312 2273 514 2344 γαρίαν
542 2275 726 2326 πᾶσαν
760 2272 853 2324 καὶ
877 2274 976 2341 τὴν
1014 2271 1168 2341 παρά
1199 2270 1520 2343 Τριϐαλλῶν
1560 2269 1890 2339 οἰκουμένην

309 2369 464 2428 ἐντὸς
491 2366 828 2438 περιέκλειον
853 2383 869 2400 ο
903 2365 982 2418 ἐτι
1014 2364 1261 2434 Κύπρος,
1291 2365 1385 2415 καὶ
1410 2363 1600 2432 Κρήτη
1625 2363 1723 2414 σὺν
1749 2363 1886 2431 αύτῇ
1929 2364 1934 2371 ’

311 2459 558 2527 Σικελίᾳ,
593 2462 647 2511 αἰ
692 2459 801 2510 τῶν
841 2459 1023 2528 νήσων
1075 2455 1563 2526 περιφανέστεραι,
1599 2452 1887 2520 Καλαϐρία

309 2565 374 2600 τε
437 2548 662 2615 καὶτῆς
711 2547 942 2609 Ἰταλίας
985 2546 1044 2598 τι
1095 2545 1278 2606 πλέον,
1318 2547 1429 2605 τοῖς
1469 2542 1760 2612 Ῥωμαίων
1794 2539 1892 2610 βα-

312 2642 556 2695 σιλεῦσιν
602 2640 902 2694 ἐδούλευον.
951 2636 1018 2690 Τί
1066 2637 1176 2707 γὰρ
1231 2638 1295 2690 ἄν
1334 2654 1416 2698 τις
1447 2636 1892 2704 Πελοποννήσους

308 2732 679 2802 ἀπαριθμοξη,
711 2734 804 2784 καὶ
851 2735 1051 2801 νήσους
1087 2729 1342 2793 Εὐϐοίας,
1373 2729 1466 2779 καὶ
1493 2729 1620 2780 ὃσιι
1662 2726 1739 2796 τῷ
1789 2728 1887 2780 Αἰ-

309 2826 454 2894 γαίῳ
486 2826 579 2878 καί
624 2825 952 2894 Ἀδριατικῷ
983 2824 1211 2890 πελάγει
1259 2821 1538 2892 σποράδην
1577 2820 1886 2891 διαλαμϐά-

310 2935 494 2970 νονται
521 2936 536 2983 ;
569 2917 682 2970 Νῦν
709 2918 765 2969 δὲ
797 2919 918 2970 ὅποι
943 2917 1010 2970 τὰ
1039 2917 1283 2987 ἡμέτερα
1316 2913 1886 2986 συνεστάλη,αἰσχύνη

308 3009 410 3060 καὶ
440 3008 577 3070 ὅλως
610 3008 790 3074 λέγειν
828 3007 997 3062 ἐστίν.

2003 529 2259 583 unionem
2295 544 2512 584 summo
2546 528 2732 584 studio
2785 536 3104 598 procurant,
3142 542 3374 598 quarum
3415 527 3580 582 dissi-

1999 621 2152 675 dium
2194 621 2540 676 miseriarum
2575 622 2843 686 omnium,
2871 631 2924 675 et
2946 620 3337 692 lacrymarum,
3372 629 3425 673 et
3456 619 3578 686 eju-

1998 710 2205 765 latnum
2240 728 2406 768 causa
2427 712 2575 767 fuit?
2611 712 2846 768 Prorsus
2899 727 3083 776 nemo,
3113 713 3168 765 ni
3219 709 3582 764 inverecunde

2001 802 2288 856 veritatem
2355 813 2650 872 oppugnat,
2716 817 2816 858 nos
2867 819 2974 858 non
3049 803 3214 858 veluti
3263 801 3582 856 Graecorum

1960 906 1970 916 '
1999 896 2226 954 amicos,
2265 891 2520 947 noun-nae
2545 893 2804 948 Ecclesia:
2857 895 3046 950 unioni
3090 911 3184 948 ηιμ
3199 910 3322 948 asse
3351 909 3580 962 cperam

2000 984 2312 1041 allirmabit.
2348 984 2504 1050 Quod
2532 986 2578 1040 si
2636 1001 2735 1040 nos
2766 987 3080 1041 Graecorum
3138 1001 3328 1040 amore
3368 986 3419 1038 id
3457 1000 3584 1055 per-

1999 1077 2378 1137 tractavimus,
2408 1076 2754 1132 manufestum
2792 1087 3055 1139 remanet,
3089 1093 3302 1139 eorum,
3374 1079 3466 1148 qui
3501 1077 3581 1130 illi

1998 1179 2119 1220 sese
2183 1177 2488 1235 opponunt,
2553 1170 2883 1223 acerrimum
2947 1173 3134 1224 odium
3196 1171 3249 1223 in
3310 1169 3577 1224 Graeciam

1997 1257 2210 1310 ostendi
2247 1276 2261 1312 :
2297 1273 2472 1328 neque
2513 1259 2761 1328 Pluribus
2800 1275 2937 1326 Opus
2968 1273 3052 1314 est
3083 1263 3148 1314 ad
3193 1263 3584 1315 demonstran-

1996 1347 2126 1401 dum
2157 1350 2260 1404 hoc
2286 1365 2477 1405 eorum
2502 1353 2554 1405 in
2583 1351 2846 1406 Graeciam
2865 1355 3075 1418 odium,
3099 1365 3153 1408 et
3175 1354 3480 1407 mirandam
3511 1355 3579 1409 ab

1995 1441 2188 1495 eadem
2234 1443 2402 1496 animi
2459 1445 2864 1500 alienationem.
2931 1447 2996 1500 Et
3044 1447 3406 1501 nihilominus
3435 1463 3579 1516 quas

1996 1543 2222 1588 sanctus
2248 1535 2336 1590 ille
2357 1536 2461 1600 vir,
2489 1546 2542 1591 et
2570 1554 2696 1592 vere
2715 1539 3052 1609 {prophetico
3111 1541 3306 1607 Spil'illl
3360 1540 3580 1594 alIlaius

1994 1640 2270 1681 acrumnas
2300 1643 2364 1682 ea
2410 1640 2732 1698 tempestate
2768 1628 3072 1700 'exposuit,
3126 1631 3322 1685 futura:
3346 1633 3584 1686 ﬂamma:

1997 1717 2180 1774 fumus
2215 1719 2388 1787 fuere,
2430 1739 2552 1792 qum
2591 1733 2795 1779 nostrze
2819 1725 3046 1781 ditionis
3075 1735 3240 1794 atque
3268 1726 3481 1792 imperii
3513 1725 3582 1779 ab

1924 1793 1969 1851 Β
1995 1826 2060 1864 eo
2095 1827 2267 1881 usque
2289 1811 2356 1866 ad
2392 1813 2496 1868 hoc
2521 1823 2734 1884 tempus
2761 1816 2817 1869 in
2855 1817 3017 1870 aliam
3050 1793 3217 1886 atque
3250 1817 3414 1869 aliam
3451 1830 3577 1886 par-

1998 1914 2107 1958 tem
2162 1907 2496 1976 irrumpens,
2541 1910 2800 1964 universa
2865 1910 3200 1980 depascitur.
3266 1909 3403 1963 Nam
3461 1917 3577 1962 tum

1997 1996 2156 2067 Syria
2194 1999 2448 2053 universa
2473 2007 2637 2069 atque
2671 1999 3063 2070 Mesopotamia
3093 2002 3148 2054 in
3191 2015 3356 2054 manu
3391 2010 3580 2055 nostra

1995 2101 2201 2145 erant:
2233 2092 2416 2147 adhuc
2463 2093 2638 2148 Iberia
2669 2094 2848 2148 omnis
2908 2093 3114 2149 nostris
3166 2094 3413 2162 subjecta
3461 2101 3584 2147 erat

1996 2184 2457 2253 imperatoribus:
2494 2185 2675 2239 adhuc
2717 2185 2943 2240 ditionis
2985 2195 3191 2240 nostra:
3243 2185 3462 2240 termini
3510 2185 3582 2239 ad

1998 2277 2308 2332 Danubium
2351 2280 2590 2344 extensi,
2637 2278 2947 2348 Bulgariam
2989 2281 3327 2344 universam,
3361 2289 3417 2332 et
3461 2291 3584 2348 qua

1995 2383 2024 2427 a
2047 2367 2305 2424 Triballis
2342 2369 2717 2436 habitabatur,
2754 2371 3032 2440 regionem
3059 2372 3110 2424 in
3135 2387 3256 2427 sese
3284 2368 3582 2426 conclude-

1996 2460 2127 2512 bant
2151 2476 2165 2513 :
2191 2459 2367 2514 adhuc
2402 2461 2637 2530 Cyprus,
2673 2461 2932 2524 etCreta,
2969 2470 3022 2515 et
3041 2461 3229 2516 Sicilia
3256 2462 3398 2532 ipsa,
3428 2463 3581 2516 insu-

1996 2550 2174 2605 larum
2234 2552 2582 2616 celebriores,
2624 2552 2902 2618 Calabria,
2961 2564 3014 2608 et
3052 2554 3222 2608 Italiae
3290 2555 3580 2623 potissima

1997 2656 2123 2709 pars
2151 2640 2467 2695 Graecorum
2524 2643 2754 2712 imperio
2803 2645 3136 2699 serviebant.
3177 2644 3296 2698 Non
3328 2654 3411 2698 est
3440 2659 3580 2714 npus

1997 2733 2082 2787 hic
2113 2736 2317 2788 referre
2344 2743 2397 2788 et
2433 2732 2893 2804 Pel0ponnesum,
2923 2748 2978 2792 et
3018 2737 3282 2791 Euboeam
3314 2736 3578 2801 insulami,

1995 2836 2050 2880 et
2111 2835 2189 2879 tot
2253 2827 2412 2894 alias,
2455 2843 2592 2896 quas
2647 2828 2892 2899 IEgaetnn
2928 2836 3006 2884 et-
3039 2829 3374 2884 Adriaticum
3429 2844 3582 2883 mare

1993 2912 2226 2981 sparsim
2297 2915 2635 2984 praeterﬂuit.
2689 2917 2848 2972 Nunc
2905 2933 3036 2972 vero
3103 2919 3180 2972 uti
3209 2934 3297 2973 res
3379 2929 3582 2976 nostra:

1995 3012 2291 3058 contracta:
2313 3016 2462 3069 sunt,
2499 3007 2676 3075 pudor
2713 3017 2797 3061 est
2834 3023 3064 3078 prorsus
3091 3009 3296 3064 dicere.

381 3099 444 3153 δ’.
493 3101 637 3152 Ἀλλ’
680 3095 798 3151 οἶδα
836 3099 1113 3167 σφύζοντα
1144 3099 1280 3169 πρὸς
1327 3099 1652 3170 ἀντίρρησιν
1687 3099 1780 3152 τὸν
1829 3102 1888 3151 ἐν

2061 3094 2116 3148 4.
2155 3093 2259 3150 Sed
2292 3096 2443 3150 video
2461 3097 2576 3167 jam
2628 3101 2944 3166 micantem,
2975 3110 3030 3157 et
3093 3111 3300 3156 lanium
3342 3116 3448 3156 non
3511 3102 3582 3156 ad

308 3193 519 3262 εἰδήσει
571 3193 672 3259 τῆς
716 3191 1016 3262 εἰρημένης
1057 3191 1186 3244 ὄντα
1232 3191 1543 3260 ἐπιστολῆς.
1578 3192 1731 3262 Τάχα
1780 3193 1890 3262 γὰρ

309 3283 710 3353 ἀντιπροσταίη
765 3277 830 3336 ἀν
880 3285 1014 3353 ἡμῖν
1071 3284 1099 3334 6
1147 3282 1387 3347 τοιοῦτος
1451 3284 1742 3354 ἑτέρωθεν,
1799 3288 1895 3339 καὶ

313 3377 513 3446 μέρους
547 3376 716 3443 αὐτῆς
744 3375 908 3428 ἄλλον
943 3375 1400 3444 ἐπιδραξάμενος,
1433 3377 1490 3426 ἐν
1590 3377 1688 3449 τὴν
1721 3393 1893 3446 προσ-ο

309 3472 494 3539 Θήκην
570 3469 822 3537 φαίνεται
888 3466 1133 3529 κακίζων
1189 3470 1217 3519 ὁ
1273 3468 1638 3533 ἐπιστέλλων,
1697 3468 1890 3521 τούτου

311 3562 481 3631 μόνον
516 3561 693 3623 ἔσται,
727 3562 818 3612 καὶ
855 3562 1000 3614 κατὰ
1048 3563 1192 3612 θεῖον
1221 3561 1365 3629 τάχα
1412 3562 1508 3612 καὶ
1557 3561 1892 3632 θερμότερον

310 3660 548 3720 πίστεως
575 3657 740 3726 ζῆλον
803 3655 902 3726 τήν
952 3655 1231 3708 διάστασιν
1281 3657 1378 3725 τῆς
1432 3656 1680 3718 ἐνώσεως
1707 3656 1896 3708 ἀνθαιο

312 3751 528 3821 ρεῖσθαι
587 3751 720 3819 ἐρεῖ.
768 3751 959 3820 Ἡμεῖς
1005 3749 1050 3802 δ’
1100 3749 1160 3815 ἐξ
1189 3743 1264 3803 ῶν
1294 3749 1393 3818 μὲν
1452 3751 1892 3820 προειρήκαμεν,

311 3841 412 3910 τῆς
443 3859 504 3894 τε
548 3841 708 3912 ήμῶν
753 3841 933 3894 αὐτῶν
979 3841 1511 3912 φιλορωμαιὸτητος,
1544 3836 1651 3892 τῶν
1690 3842 1894 3895 ἀντιδί-

313 3926 426 3986 κων
453 3935 553 3996 τὰς
581 3933 888 3999 ἀποδείξεις
935 3936 1298 4003 ποιησάμενοι
1353 3935 1890 4004 μισορωμαιότητος,

311 4023 381 4097 τῇ
422 4026 480 4080 δὲ
533 4026 632 4093 τῆς
686 4025 972 4088 εὐσεὸεἰας
1008 4026 1362 4096 ἐνεχομένους
1415 4025 1768 4096 παραστῆσαι
1796 4028 1894 4079 αύ-

312 4121 440 4181 τοὺς
497 4117 792 4188 προδοσίᾳ,
842 4117 922 4170 ἐτι
976 4117 1320 4186 ὀφείλοντες,
1372 4119 1472 4188 τὴν
1524 4119 1622 4186 μὲν
1666 4119 1893 4190 ὀφειλὴν

313 4210 609 4263 ἀποδοῦναι
639 4208 1132 4278 καθυφιστάμενοι,
1176 4209 1314 4278 ὲπᾲν
1361 4211 1390 4261 6
1439 4209 1598 4276 λόγος
1626 4210 1892 4280 δογματι-

313 4301 452 4363 κῶς,
489 4301 564 4362 ὡς
617 4301 855 4370 ἔφημεν,
903 4298 1112 4369 προῖὼν
1158 4301 1251 4352 τὸν
1302 4299 1411 4350 τῶν
1469 4300 1743 4367 νεοφανῶν
1801 4303 1894 4355 ἐπὶ

313 4393 437 4454 ταῖς
494 4391 832 4456 θεολογικαῖς
881 4393 1086 4443 ποιοῖτο
1139 4391 1362 4459 ρήσεσιν
1390 4390 1703 4460 ἐξηγήσεων
1736 4390 1894 4460 ἐλεγ-

1998 3187 2480 3242 contradicendum
2511 3189 2908 3246 inﬂammatum
2944 3208 3089 3255 eum,
3144 3192 3235 3261 qui
3288 3195 3428 3247 hanc
3461 3194 3582 3262 epi-

1997 3277 2191 3332 stolam
2237 3288 2380 3334 recte
2435 3289 2603 3334 tenet.
2642 3279 2827 3351 Neque
2875 3283 2922 3336 is
2961 3282 3104 3338 forte
3155 3284 3375 3338 aliunde
3421 3285 3582 3338 nobis

1998 3386 2121 3425 sese
2157 3383 2417 3440 opponet,
2443 3383 2496 3427 et
2535 3384 2742 3444 partem
2786 3376 2934 3432 illius
2973 3379 3157 3441 aliam,
3190 3379 3242 3430 in
3283 3393 3392 3448 qua
3433 3379 3581 3434 vide—

1997 3471 2084 3516 tur
2120 3465 2454 3518 auditionem
2495 3468 2728 3536 scriptor
2753 3468 3040 3523 criminari
3094 3471 3406 3540 assignans,
3441 3471 3582 3525 amr—

1998 3552 2190 3618 mabit,
2217 3567 2283 3606 eo
2346 3555 2488 3620 solo,
2523 3566 2578 3609 et
2630 3557 2818 3612 divino
2866 3557 3009 3612 forte
3055 3573 3120 3614 ac
3183 3562 3395 3614 ardenti
3454 3561 3582 3616 tidei

1997 3646 2114 3699 zelo
2139 3646 2429 3700 dissidium
2469 3649 2656 3701 uuioni
2685 3665 3022 3719 prmponere.
3055 3649 3168 3706 an
3217 3667 3348 3706 vero
3377 3669 3444 3707 ex
3491 3654 3583 3719 iis,

1995 3751 2118 3804 (μιλλε
2150 3735 2390 3791 diximus
2443 3739 2510 3792 de
2541 3753 2817 3808 propenso
2882 3751 3071 3795 nostro
3103 3741 3155 3794 in
3196 3741 3418 3796 Graecos
3457 3751 3583 3797 stu-

1997 3827 2109 3890 dio,
2149 3839 2204 3882 et
2237 3830 2646 3903 adversantium
2690 3834 2743 3884 in
2774 3833 2994 3886 eosdem
3032 3818 3442 3898 malevblentia,
3479 3835 3580 3890 de-

1997 3921 2486 3975 monstratiouibus
2511 3921 2734 3991 petitis,
2764 3938 2884 3977 cum
2914 3933 3174 3993 praeterea
3221 3925 3436 3979 eosdem
3471 3927 3582 3994 pie-

1999 4014 2126 4066 tatis
2161 4015 2395 4081 propriae
2453 4014 2760 4082 proditores
2811 4028 2876 4067 ac
2927 4017 3235 4069 desertores
3285 4017 3582 4071 ostendere

1995 4104 2313 4164 debeamus,
2385 4103 2630 4158 debitum
2683 4105 3081 4174 persolvemus,
3144 4122 3268 4161 cum
3309 4109 3485 4163 oratio
3515 4122 3580 4163 eo

1994 4195 2294 4258 devenerit,
2327 4195 2414 4248 ubi
2456 4195 2526 4252 de
2554 4197 2812 4266 dogmate
2835 4211 3027 4264 agens,
3061 4198 3367 4252 recentium
3402 4198 3454 4252 in
3489 4213 3580 4252 re-

1996 4288 2098 4342 bus
2141 4287 2464 4358 theologicis
2498 4290 3012 4358 interpretationum
3050 4289 3198 4344 dicta
3226 4290 3576 4344 examinabi-

1997 4396 2140 4434 mus.
2182 4381 2252 4433 At
2277 4394 2421 4434 nunc
2453 4394 2579 4434 cum
2627 4381 2907 4450 pericopes
2939 4381 3084 4434 illius
3123 4382 3370 4451 epistolae
3424 4397 3581 4435 men-

314 4499 436 4553 χον,
458 4484 844 4552 ἀναρτήσομεν
867 4496 880 4511 ·
910 4481 970 4533 τὸ
998 4481 1055 4534 δέ
1089 4498 1152 4548 γε
1184 4481 1381 4550 παρὸν,
1425 4483 1546 4532 ἐπεὶ
1604 4481 1704 4550 τῆς
1735 4483 1792 4535 ἐν
1821 4485 1885 4553 τῇ

2001 4475 2201 4526 tionem
2250 4471 2567 4535 fecerimus,
2619 4487 2784 4541 quam
2835 4473 3036 4527 mirum
3079 4473 3132 4525 in
3170 4473 3394 4526 modum
3443 4488 3577 4528 suas

314 4577 605 4647 διειλημμε
620 4591 676 4648 ,ῃ
693 4573 947 4644 ἐπιστολῇ
969 4575 1270 4643 περικοπῆς
1286 4576 1498 4644 ἐκείνης
1518 4573 1892 4644 ἐμνήσθημεν,

316 4675 386 4741 ἢν
442 4672 667 4738 ποιήσαι
719 4670 768 4719 τ’
796 4669 858 4720 ἂν
893 4669 1045 4730 ἴσως,
1070 4667 1144 4729 ὡς
1171 4669 1308 4736 πρὸς
1342 4667 1509 4719 αὐτοῦ
1556 4668 1624 4720 τὰ
1658 4667 1893 4737 μάλιστα

315 4764 508 4826 οὖσαν,
547 4763 576 4814 ὁ
612 4761 908 4828 ἀντιλέγων
953 4762 1082 4828 περὶ
1125 4760 1344 4825 πολλοῦ,
1391 4762 1483 4813 τὸν
1527 4762 1790 4832 δικαστήν
1833 4778 1891 4814 σε

318 4853 413 4907 καὶ
452 4854 730 4922 ἀκροατήν
772 4851 848 4921 μὴ
899 4849 1228 4918 παροδικῶς,
1261 4850 1396 4904 ἀλλὰ
1438 4853 1530 4905 καὶ
1582 4854 1722 4906 πάνυ
1755 4854 1890 4922 πρὸς

317 4943 607 5009 ἀκρίϐειαν
645 4941 1030 5004 ἐπιστατικῶς,
1065 4943 1133 4993 τὰ
1185 4943 1242 4991 ἐν
1286 4940 1364 5010 τῷ
1407 4942 1561 5010 μέρει
1591 4945 1764 5012 τούτῳ
1791 4945 1893 5012 τῆς

317 5029 613 5098 ἐπιστολῆς
648 5030 861 5083 ἐπιέναι
908 5028 1236 5098 ἀξιώσομεν.
1282 5030 1394 5082 Καὶ
1444 5031 1608 5083 ἄκουε
1661 5031 1751 5100 δή.
1804 5032 1892 5094 Ὧς

316 5119 430 5188 γὰρ
475 5119 502 5170 6
557 5120 744 5190 ῥηθεὶς
800 5119 1424 5181 Κωνσταντινουπόλεως
1453 5121 1588 5183 ὅλως
1641 5120 1740 5189 τῆς
1776 5123 1891 5176 δια-

321 5215 566 5274 στάσεως
591 5212 695 5278 οῶν,
723 5214 814 5265 ἐπὶ
846 5211 1058 5273 πολλοῖς
1091 5211 1272 5274 ἄλλοις
1319 5214 1658 5282 αἰτιάμασιν,
1689 5208 1764 5268 ῶν
1799 5214 1891 5267 ού-

313 5301 445 5356 δένα
477 5303 635 5371 λόγον
678 5304 706 5354 6
764 5290 1094 5372 Ἀντιοχείας
1128 5305 1382 5366 ποιεῖται,
1434 5305 1529 5357 καὶ
1562 5304 1662 5375 τὴν
1709 5308 1766 5358 ἐν
1811 5307 1890 5375 τῷ

315 5395 582 5465 Συμϐόλῳ
609 5394 929 5464 προσθήκην
952 5395 1401 5464 ἀπηριθμήσατο,
1428 5395 1672 5466 Ἔγωγε,
1703 5400 1731 5450 6
1768 5397 1891 5450 Ἀν-

314 5488 556 5557 τιοχείας
593 5488 786 5548 αὑταῖς
823 5502 954 5553 φησι
985 5485 1214 5551 λέξεσιν,
1251 5487 1351 5538 ἵνα
1379 5485 1494 5554 τὴν
1525 5487 1680 5555 ἐμὴν
1708 5505 1890 5556 scara-

306 5580 490 5648 ρὼσω
511 5578 772 5647 γνώμην,
791 5580 838 5630 εἰ
857 5578 970 5645 τὴν
982 5579 1052 5631 ἐν
1068 5578 1146 5643 τῷ
1161 5579 1303 5648 ἁγίῳ
1322 5579 1611 5646 Συμϐόλῳ
1626 5580 1892 5648 προσθή-

316 5684 438 5733 amr
474 5668 905 5737 διωρθώσαντο,
953 5667 1136 5722 οὐδὲν
1163 5667 1240 5723 ἂν
1297 5669 1502 5736 ἕτερον
1541 5669 1889 5739 ἐπεζήτουν,

310 5762 646 5832 ἀδιάφορον
670 5760 1016 5815 καταλιπὼν
1035 5759 1156 5815 σὺν
1179 5761 1301 5829 τοῖς
1323 5760 1535 5831 ἀλλοις
1560 5764 1657 5817 καί
1676 5762 1741 5816 τὸ
1759 5762 1893 5833 περι

2000 4567 2162 4618 tutari
2193 4573 2374 4634 partes
2423 4565 2771 4621 adversarius
2813 4567 3130 4630 contendet,
3175 4567 3494 4634 tejudicem
3519 4573 3575 4619 et

1997 4657 2302 4710 auditorem
2368 4657 2740 4722 exorabimus,
2796 4671 2905 4710 non
2969 4656 3025 4709 in
3084 4658 3317 4710 transitu
3374 4664 3429 4710 et
3479 4670 3574 4724 per

2000 4758 2376 4812 transennam,
2439 4749 2530 4802 sed
2584 4758 2841 4802 accurato
2887 4749 3068 4802 studio
3138 4757 3307 4816 atque
3362 4757 3573 4802 attento

1997 4841 2202 4902 animo,
2256 4855 2378 4910 quae
2435 4839 2489 4894 in
2563 4840 2669 4894 bac
2711 4841 2953 4908 epistolae
3011 4853 3164 4909 parte
3204 4838 3574 4900 continentur,

1991 4949 2342 5003 percurrere.
2373 4931 2440 4986 Et
2473 4933 2584 5001 jam
2617 4943 2853 4987 mentem
2917 4934 3153 5002 applica.
3193 4929 3264 4986 Ut
3309 4933 3572 4996 diximus,

1993 5026 2638 5092 Constantinopolitanus
2663 5041 2791 5078 cum
2847 5036 2995 5080 esset
3018 5026 3276 5080 divisioni
3312 5023 3574 5079 addictis-

2006 5121 2205 5181 simus,
2237 5117 2382 5171 inter
2411 5118 2548 5170 alias
2600 5117 2798 5171 multas
2853 5118 3288 5179 criminationes,
3320 5118 3385 5170 ad
3437 5131 3576 5185 quas

1995 5208 2367 5262 Antioclienns
2388 5208 2630 5260 animum
2657 5224 2768 5262 non
2793 5210 3045 5274 advertit,
3071 5217 3124 5261 et
3149 5208 3483 5262 adtlitiOnem
3515 5207 3568 5260 in

1995 5299 2254 5370 Symbolo
2287 5298 2483 5353 iactam
2513 5310 2799 5354 enumerat
2829 5317 2842 5354 :
2868 5303 3005 5370 Ego,
3037 5301 3120 5355 bis
3161 5299 3358 5352 iisdem
3392 5299 3572 5354 verbis

1994 5393 2370 5448 Antioclienus
2402 5393 2717 5462 respondet,
2742 5405 2802 5448 ut
2838 5409 3008 5446 meam
3045 5395 3356 5447 sententiam
3411 5407 3568 5460 expc.

1995 5498 2120 5536 nam
2147 5499 2166 5536 :
2195 5482 2241 5535 si
2270 5482 2598 5536 addilimtem
2650 5483 2707 5535 in
2751 5481 3001 5553 Symbolo
3031 5483 3380 5548 correxerint,
3439 5483 3575 5536 nihil

1994 5575 2140 5628 ultra
2181 5573 2244 5628 ab
2276 5575 2403 5644 ipsis
2435 5575 2779 5645 exquirerem,
2812 5577 2950 5627 inter
2998 5573 3109 5626 alia
3143 5583 3192 5627 et
3231 5576 3572 5639 quies-tionem

1997 5669 2061 5722 de
2089 5669 2291 5738 azymis
2345 5668 2504 5722 veluti
2559 5667 2855 5737 indi/ferens
2907 5667 3226 5737 relinquens.
3281 5666 3346 5720 Et
3397 5683 3572 5736 aperio

1997 5763 2221 5830 ostendi,
2258 5777 2375 5816 cum
2407 5759 2474 5816 ad
2519 5758 2852 5815 Venetiarum
2890 5763 3186 5834 episcopum
3249 5763 3527 5817 scribeer
3551 5803 3566 5828 ,
