3962 6396
262 472 372 536 9ῗ¹¹ί

1306 470 1406 531 DE
1448 461 1960 530 DEPOSITIONE
1998 460 2145 524 sua
2186 456 2406 523 OBAT.
2453 408 2530 517 tt].

3416 446 3545 510 973'

265 601 433 639 τοντα
461 582 664 650 ταύτης
703 582 839 654 πρός
868 592 989 637 τινα
1048 581 1386 651 Βουλγαρίας
1428 581 1527 647 μὲν
1593 577 1846 649 ἀρχιεπί-

1973 574 2137 628 livino
2161 573 2420 628 instinctu
2456 569 2719 640 percitus,
2750 567 2803 622 ln
2840 574 3023 622 monte
3052 563 3194 618 Atho
3223 559 3525 617 solitariam

270 691 479 728 σκοπον
501 672 577 743 τῷ
603 676 779 744 χρόνῳ
796 674 1199 744 ἀναδειχθέντα,
1225 673 1313 726 διὰ
1329 672 1383 724 δὲ
1400 671 1518 742 βίου
1541 670 1848 737 θεοφίλειαν

270 767 411 834 πρὸς
444 767 568 837 ὅρος
609 767 698 818 τὸν
747 767 896 819 ΙἈθω
942 766 1376 838 ἀναχωρητικῶς
1420 764 1673 832 ἑλόμενον
1727 763 1847 832 ζῇν,

272 851 338 911 οὗ
368 856 462 909 καὶ
502 855 668 909 αὐτοῦ
699 856 799 925 τῆς
846 858 903 909 ὲν
956 856 1137 926 λόγοις
1182 854 1497 925 περιουσίας
1531 853 1713 907 πολλοὶ
1752 853 1851 923 μὲν

273 952 385 1005 τῶν
416 952 587 1005 εἰσέτι
620 952 837 1016 ζώντων
867 954 914 1005 oi
943 954 1241 1025 μάρτυρες,
1269 952 1506 1022 ἁκριὸὴς
1538 950 1595 1003 δὲ
1631 948 1854 1003 ἀπόδει-

275 1040 380 1107 ξις.
408 1042 554 1113 ἅπερ
576 1043 653 1113 τῷ
685 1043 786 1113 βίῳ
807 1044 945 1113 μετὰ
975 1044 1203 1098 θάνατον
1226 1044 1429 1105 ἐκεῖνος
1459 1039 1851 1095 καταλέλοιπεν

274 1136 454 1187 οἰκεῖα
512 1135 958 1205 συγγράμματαο
1028 1136 1285 1196 Ἰάκωϐος
1343 1137 1375 1194 ἡ
1438 1134 1628 1201 κλῆσις
1664 1127 1734 1201 ἦν
1775 1129 1854 1199 τῷ

276 1225 454 1296 ἀνδρί.
491 1226 633 1296 Πρὸς
654 1227 843 1279 τοῦτον
870 1228 898 1280 ὁ
927 1228 1240 1298 Βλεμμίδης
1263 1227 1596 1282 ἐπιστέλλων
1623 1228 1855 1291 ἐκεῖνος,

276 1319 379 1387 τήν
400 1318 507 1370 τῶν
545 1318 878 1388 Ἐκκλησιῶν
900 1310 1178 1373 διάστασιν
1205 1319 1556 1390 ἀποδόρεται,
1584 1319 1684 1378 τὴν
1712 1319 1855 1373 κατὰ

277 1409 389 1461 τῶν
428 1409 616 1463 αἰτίων
643 1409 819 1480 αὐτῆς
851 1410 1101 1463 ἐντεῦθεν
1134 1412 1415 1482 παριστῶν
1456 1411 1652 1464 ἑαυτοῦ
1686 1413 1857 1479 ἀγαν-

283 1495 535 1563 άκτησιν.
570 1497 748 1550 Ποιῶν
804 1497 860 1552 δὲ
885 1498 1049 1564 οὕτω,
1093 1499 1276 1553 δίδωσί
1334 1517 1427 1570 μοι
1476 1503 1617 1553 νοεῖν
1662 1500 1736 1571 μὴ
1790 1500 1855 1553 ἄν

286 1601 420 1636 ποτε
446 1585 671 1640 τοιαῦτα
701 1588 836 1657 πρὸς
868 1590 1075 1641 ἐκεῖνον
1120 1588 1324 1656 λέγειν,
1386 1591 1480 1643 καὶ
1515 1592 1765 1659 γράφειν.
1805 1591 1855 1644 εί

286 1676 365 1748 μὴ
404 1679 653 1732 κάκεῖνον
683 1680 786 1750 ήδη
822 1682 917 1733 ἐπὶ
943 1684 1009 1751 τῇ
1039 1682 1147 1733 τῶν
1195 1682 1537 1752 Ἐκκλησιῶν
1582 1684 1855 1753 ὀδυνῶμε·

282 1784 375 1821 νον
402 1769 704 1833 διαστάσει,
724 1773 808 1835 ὡς
844 1774 937 1826 καὶ
965 1773 1153 1844 ἕτερός
1182 1792 1267 1837 τις
1313 1778 1377 1826 ἐκ
1406 1775 1505 1843 τῆς
1537 1774 1645 1830 τῶν
1679 1793 1859 1844 γραμ-

293 1859 479 1926 μάτων
524 1860 638 1930 ἐχει
692 1863 927 1916 συνιδεῖν
986 1864 1363 1934 περιλήψεως,
1406 1864 1650 1934 Νικήτας
1683 1864 1738 1917 δέ
1772 1882 1858 1928 τις

285 1950 383 2019 τὴν
410 1951 605 2020 κλῆσιν
642 1954 701 2004 ὲν
772 1953 926 2016 ἰδίοις
989 1957 1200 2023 καιροῖς
1257 1954 1383 2013 τοὺς
1434 1955 1858 2024 ἀρχιερατικοὺς

282 2040 384 2104 τῆς
408 2039 694 2092 Θεσσαλῶν
717 2042 1102 2112 μητροπόλεως
1138 2042 1330 2105 οἴακας
1358 2044 1858 2114 ἐγκεχειρισμένος,

279 2128 520 2210 διᾴλέξίν
545 2146 666 2182 τινα
692 2130 1002 2183 συντίθεται
1034 2132 1273 2202 Γραικοῦ
1302 2133 1463 2204 δῆθεν
1488 2135 1583 2188 καὶ
1629 2135 1859 2198 Ἰταλοῦ,

286 2214 387 2271 xii.
410 2219 470 2272 τὸ
505 2221 704 2289 κράτος
737 2220 814 2288 τῷ
850 2221 1038 2290 Ἰταλῷ
1061 2223 1348 2293 ἀπονέμει,
1373 2224 1593 2293 εὐφυῶς
1622 2243 1739 2287 πως
1767 2227 1860 2281 τὸν

284 2309 458 2378 αὐτὴν
489 2312 741 2377 μετιόντα
765 2313 974 2379 ἐνάγων
1007 2315 1143 2385 πρὸς
1170 2317 1231 2368 τὸ
1279 2315 1480 2380 ἱλαρῶς
1510 2318 1601 2370 ἐπὶ
1626 2320 1693 2388 τῇ
1726 2318 1862 2370 ἐνώ-

286 2418 373 2455 σει
420 2402 754 2473 διατεθῆναι.
809 2405 985 2459 Ἦσαν
1033 2408 1165 2475 γὰρ,
1196 2405 1337 2477 ἦσαν
1367 2409 1443 2472 ὡς
1496 2409 1715 2481 ἀληθῶς
1763 2411 1864 2463 οὐκ

284 2490 463 2558 ὀλίγοι
489 2492 599 2545 τῶν
626 2495 734 2563 πρὸ
762 2494 920 2565 ἡμῶν
953 2496 1340 2568 ἀποδεχόμενοι
1374 2501 1472 2570 μὲν
1519 2501 1623 2571 τὴν
1670 2501 1865 2556 ἕνωσιν

285 2582 518 2651 ταύτην,
544 2583 621 2654 μὴ
652 2585 975 2656 ἐγχειρῆσαι
1001 2588 1057 2640 δὲ
1079 2589 1227 2656 ὅμως
1250 2590 1669 2661 ἀποτολμῶντες
1698 2593 1863 2663 αὐτῇ,

286 2672 361 2725 δι’
387 2674 532 2741 ᾇπερ
558 2677 608 2727 οῑ
647 2679 1068 2749 ἐγχειρήσαντες
1099 2682 1260 2751 ἡμεῖς
1288 2682 1460 2753 ταύτῃ
1489 2683 1866 2753 πεπόνθαμεν.

295 2763 533 2830 Τούτους
554 2767 800 2833 πάντας,
825 2770 885 2834 ἐξ
914 2765 990 2824 ὧν
1017 2767 1194 2836 εἶπον,
1235 2774 1332 2827 καὶ
1360 2774 1420 2838 ἐξ
1447 2767 1525 2827 ὧν
1547 2777 1659 2839 τοῖς
1716 2776 1867 2838 ἰδίοις

297 2857 703 2928 συγγράμμασι
728 2860 1141 2930 παρεδήλωσαν,
1171 2864 1374 2934 ἱλαρῶς
1399 2865 1493 2918 ἐπὶ
1520 2868 1584 2936 τῇ
1609 2866 1719 2919 τῶν
1740 2867 1865 2919 Ἐκ·

292 2946 538 3015 κλησιῶν
595 2950 787 3003 ένώσει
843 2951 1252 3021 διατιθεμένους
1311 2958 1603 3023 εὑρίσκων,
1648 2959 1867 3026 συνᾶγω

296 3039 400 3107 μὲν
446 3041 716 3106 ἐντεῦθεν,
755 3044 850 3098 καὶ
895 3044 1176 3113 ἀσφαλῶς,
1222 3047 1296 3108 ὡς
1335 3046 1509 3117 οἶμαι,
1535 3048 1630 3102 τοῦ
1661 3051 1868 3113 εἰκότος

296 3128 376 3198 μὴ
434 3129 772 3201 ἁμαρτάνειν
813 3133 1214 3203 διανοούμενος,
1248 3137 1389 3208 ειπερ
1442 3138 1507 3208 δὴ
1560 3141 1654 3191 καὶ
1714 3133 1869 3194 εἶπον

1955 669 2119 721 vitam
2150 679 2310 735 agere
2347 662 2619 732 elegisset,
2680 660 2841 732 hujus
2876 660 3042 715 etiam
3092 658 3145 711 in
3181 652 3527 710 orationibus

1951 757 2324 828 praestantiam
2356 755 2511 809 multi
2544 754 2724 808 adhuc
2755 751 3082 821 superstites
3116 752 3522 803 contestantur.

1953 847 2057 903 Sed
2090 846 2237 901 nulla
2278 846 2481 900 certior
2549 845 2654 899 erit
2698 841 3099 898 demonstratio
3141 852 3320 908 quam
3349 833 3533 904 ipsius

1954 937 2179 1005 scripta,
2215 950 2335 1004 quae
2371 943 2485 1003 post
2518 933 2686 1001 ipsius
2718 940 2946 986 mortem
2976 928 3220 982 omnium
3266 924 3545 978 manibus-

1954 1036 2248 1091 tcruutur;
2278 1040 2479 1079 nomen
2498 1033 2617 1079 erat
2640 1023 2756 1076 viro
2786 1021 3013 1076 Jacobo.
3057 1019 3136 1072 Ad
3174 1018 3319 1070 hune.
3343 1015 3527 1068 Blem-

1956 1121 2100 1174 mida
2126 1119 2393 1178 scribens.
2432 1128 2487 1173 et
2515 1115 2893 1172 ecclesiastica
2925 1112 3153 1167 dissitlia
3213 1108 3528 1178 deplorans,

1956 1212 2129 1281 ipsius
2160 1212 2213 1265 in
2260 1210 2471 1264 dissidii
2532 1224 2730 1264 causas
2788 1204 3216 1275 indignationem
3281 1198 3528 1269 exponit.

1957 1303 2078 1370 Quo
2104 1303 2235 1356 mihi
2264 1302 2398 1356 satis
2435 1302 2662 1355 innuere
2722 1300 2957 1364 videtur,
3013 1308 3297 1364 nunquam
3330 1293 3528 1348 similia

1958 1411 2080 1448 eum
2159 1394 2240 1447 vel
2297 1393 2596 1459 dicturum,
2652 1392 2735 1445 vel
2793 1390 3127 1459 scripturum
3191 1387 3382 1445 fuisse,
3426 1384 3532 1444 nisi

1956 1486 2118 1539 etiam
2149 1485 2300 1539 illum
2332 1483 2645 1553 agnovisset
2692 1481 2796 1536 hoc
2833 1479 3205 1535 Ecclosiarum
3239 1476 3535 1531 dissidium

1958 1578 2186 1633 moleste
2217 1575 2379 1639 ferre,
2407 1583 2466 1629 ut
2491 1574 2656 1628 etiam
2688 1574 2830 1628 alius
2862 1570 3134 1641 quispiam
3165 1582 3232 1623 ex
3275 1567 3367 1629 iis,
3408 1580 3530 1633 quae

1958 1668 2014 1722 in
2038 1667 2233 1723 litteris
2276 1666 2650 1729 continentur,
2707 1663 3065 1733 perspiceret.
3127 1648 3350 1715 Nicetas
3398 1671 3555 1727 quo--

1958 1778 2066 1832 que
2088 1776 2186 1815 sua
2219 1770 2377 1815 actate
2425 1759 2790 1814 archieratica
2854 1752 3372 1810 Thessalonicensis
3428 1766 3541 1804 me»

1961 1855 2235 1924 tropolcos
2283 1862 2476 1908 tenens
2548 1849 2918 1921 gubernacula
2966 1846 3301 1916 colloquium
3361 1842 3534 1896 Graeci

1964 1947 2252 2015 Latinique
2306 1945 2670 2007 concinnavit,
2707 1952 2761 1997 et
2804 1941 3041 2011 potiores
3114 1946 3295 2008 partes
3345 1935 3538 1989 Latino

1963 2040 2235 2100 attribuit,
2294 2045 2418 2106 apte
2471 2033 2881 2099 quodammodo
2957 2030 3207 2085 Grtncum
3260 2028 3555 2081 adducens

1965 2131 2030 2184 ad
2064 2130 2318 2183 unionem
2363 2127 2607 2181 hilariter
2640 2123 3071 2190 suscipiendam.
3128 2120 3300 2174 Erant
3372 2116 3561 2184 siqui»

1964 2221 2109 2283 dem,
2135 2229 2290 2274 erant
2320 2228 2375 2273 et
2419 2234 2546 2273 vere
2598 2217 2746 2285 iique
2776 2229 2941 2284 quam
2998 2212 3223 2282 plurimi
3261 2218 3387 2264 ante
3414 2221 3559 2269 nos.~

1964 2312 2056 2381 qui
2091 2312 2228 2365 hanc
2252 2310 2507 2365 unionem
2539 2306 3031 2377 amplectebantur,
3067 2304 3162 2358 sed
3214 2301 3289 2355 illi
3347 2312 3557 2354 manus-

1966 2419 2237 2475 apponere
2269 2419 2374 2457 non
2422 2402 2722 2467 audebant,
2759 2400 2829 2455 ob
2876 2414 2941 2454 ea
2971 2399 3087 2467 ipsa
3120 2412 3243 2467 qum
3268 2410 3389 2459 nos,
3448 2393 3543 2464 qui

1966 2511 2165 2551 manus
2190 2495 2567 2565 apposuimus,
2602 2490 2842 2561 perpessi
2874 2504 3086 2546 sumus.
3117 2488 3231 2543 llos
3261 2502 3455 2543 omnes
3477 2501 3547 2541 ex

1968 2584 2055 2647 iis,
2077 2600 2197 2653 qua:
2221 2584 2295 2638 illi
2325 2583 2377 2637 iu
2403 2582 2638 2654 propriis
2661 2579 3070 2636 commentariis
3102 2579 3346 2636 exsecuti
3390 2591 3557 2643 sunt,

1968 2676 2126 2730 hilari
2182 2677 2356 2739 vultu,
2426 2676 2477 2730 in
2522 2673 2899 2728 Ecclesiarum
2939 2673 3197 2727 unionem
3243 2686 3559 2742 propensos-

1970 2765 2143 2820 l'nisse
2199 2764 2486 2819 inveniens
2540 2764 2763 2833 colligo,
2825 2772 2881 2817 et.
2939 2762 3270 2828 certissime,
3306 2771 3368 2815 ut
3398 2776 3559 2823 re0r,.

1972 2873 2058 2911 me
2113 2872 2143 2910 a
2211 2864 2362 2910 recto
2436 2871 2545 2909 non
2623 2855 2902 2920 aberrare,
2952 2860 3007 2907 et
3070 2855 3340 2923 prmeipue
3416 2853 3547 2908 dum

1971 2951 2284 3015 considero,
2317 2965 2439 3020 quae
2464 2964 2628 3018 supra
2650 2948 2765 3017 jam
2797 2963 2885 3003 me
2943 2947 3060 3002 dixi
3092 2947 3451 3002 considerare
3480 2946 3553 2999 do

1971 3045 2157 3099 divino
2188 3043 2283 3097 illo
2311 3043 2551 3102 homine,
2582 3041 2784 3111 quibus
2813 3041 2903 3095 ille
2960 3040 3333 3095 Ecclesiarum
3392 3038 3545 3092 unio-

1973 3152 2093 3191 nem
2131 3135 2375 3191 studiose
2397 3148 2700 3203 procurans
2729 3134 2783 3187 in
2837 3142 2993 3204 parte
3015 3148 3129 3188 suae
3181 3132 3447 3203 epistolae,
3493 3131 3551 3184 iu

294 3221 628 3277 διανοεῖσθαι
664 3226 791 3296 περὶ
833 3225 924 3279 τοῦ
968 3227 1113 3281 θείου
1161 3228 1371 3281 ἐκείνου
1415 3230 1627 3301 ἀνδρὸς,
1652 3234 1738 3300 ἐφ’
1779 3228 1860 3294 οἷς

1973 3242 2074 3294 qua
2104 3226 2171 3279 tle
2187 3239 2249 3280 ea
2284 3230 2599 3295 pertractat,
2630 3223 2851 3295 scripsit
2890 3241 2906 3280 :
2933 3221 2992 3279 Si
3017 3223 3341 3288 additional):
3369 3236 3550 3276 corre-

293 3314 407 3365 τιῖν
456 3315 793 3386 Ἐκκλησιῶν
831 3319 1039 3381 ἐκεῖνος
1076 3319 1421 3373 ἐπισπεύδων
1467 3322 1563 3390 τὴν
1589 3324 1783 3377 ἕνωσιν
1812 3327 1869 3377 ἐν

297 3404 458 3475 μέρει
499 3407 597 3475 τῆς
629 3408 758 3477 περὶ
791 3410 979 3464 τούτου
1005 3412 1316 3483 ἐπιστολῆς,
1347 3412 1428 3479 τὸ,
1452 3413 1521 3465 Ei
1543 3412 1658 3481 τὴν
1681 3432 1869 3484 προσ-

293 3498 497 3566 θήκην
526 3500 963 3567 διωρθώσαντο,
992 3504 1205 3574 εἴρηκε.

373 3595 448 3652 ς’.
490 3590 845 3658 Δια-γινώσκω
887 3593 944 3647 δὲ
989 3594 1083 3647 καὶ
1131 3597 1329 3662 αὐτοὺς
1358 3598 1457 3669 τὴν
1495 3599 1552 3654 ἐν
1598 3600 1676 3670 τῷ
1725 3602 1872 3671 Συμ·

296 3680 442 3733 ὕίλω
475 3683 794 3755 προσθήκην
845 3685 982 3747 ὅλως
1037 3690 1383 3756 κακίζοντας,
1413 3693 1510 3761 οὐχ
1561 3694 1639 3745 ὅτι
1681 3694 1739 3746 τὸ
1773 3690 1873 3763 τῆς

298 3772 583 3836 εὐσεϐείας
615 3772 935 3844 λυμαίνεται
1000 3778 1260 3849 καθαρὸν,
1307 3782 1423 3835 ἀλλ’
1465 3786 1545 3837 ὃτι
1597 3788 1875 3853 γεγονυῖα,

296 3864 375 3926 ὡς
401 3865 511 3933 ἄρα
544 3867 638 3919 καὶ
668 3867 885 3935 γέγονε,
924 3869 1019 3923 τοῦ
1058 3871 1316 3940 μεγάλου,
1350 3874 1446 3928 καὶ
1474 3876 1535 3930 οὐ
1562 3876 1658 3930 τοῦ
1692 3879 1880 3948 τυχόν-

298 3976 395 4023 τος
434 3961 701 4030 παραιτία
738 3962 1037 4017 σκανδάλου
1068 3965 1308 4035 ἐγένετο.
1340 3969 1401 4022 Ei
1430 3970 1489 4026 δέ
1520 3990 1606 4035 τις
1649 3976 1742 4027 καὶ
1777 3974 1879 4042 βα-

299 4049 551 4117 θύτερον.
585 4051 683 4103 εἴτ’
717 4046 811 4105 οὖν
853 4052 1406 4125 διερευνητικώτερον
1447 4058 1517 4111 τὰ
1553 4060 1649 4112 τοῦ
1702 4062 1879 4130 πράγ-

306 4157 480 4211 ματος
512 4139 686 4193 ἐθέλει
724 4143 1115 4213 διασκοπῆσιιι,
1148 4147 1208 4198 οὐ
1240 4146 1337 4215 τὴν
1366 4149 1678 4219 προσθήκην
1702 4152 1879 4221 ἀρχήν

300 4249 424 4285 τινα
452 4232 643 4303 ὥσπερ
670 4235 767 4287 καὶ
799 4234 956 4305 ῥίζαν
982 4236 1078 4288 τοῦ
1115 4238 1411 4295 σκαιόἀλου
1444 4240 1685 4311 εὑρήσει,
1712 4242 1879 4305 ἄλλας

299 4326 359 4380 δὲ
394 4327 488 4378 καὶ
521 4326 686 4389 ἄλλας
733 4329 796 4379 ὲκ
831 4328 1102 4398 καιρικῶν
1139 4331 1509 4400 περιπετειῶν
1566 4335 1878 4388 σκανδάλων

302 4419 505 4482 αἰτίας,
534 4418 721 4472 ἄλλοτε
751 4419 972 4473 ἄλλοθεν
999 4422 1458 4491 ἀναφαινομένα·,
1482 4426 1574 4477 καὶ
1591 4426 1688 4496 τὴν
1710 4443 1879 4497 προσο

194 4542 218 4558 μ
304 4512 501 4582 θήκην,
538 4513 697 4564 ὁποῖα
743 4513 855 4579 τῆς,
904 4512 1082 4581 ἔριδος
1128 4516 1194 4568 τὰ
1241 4516 1484 4581 ἐκτόκια,
1521 4518 1707 4580 ἁπλῶς
1738 4518 1880 4573 οὕτω

303 4605 835 4675 παραρῤιπτομένην
862 4604 1070 4658 ἑαυτῶν
1104 4608 1160 4660 ὲν
1202 4609 1352 4679 μέσῳ
1395 4611 1645 4678 ἐχούσας.
1696 4612 1805 4665 Καὶ
1833 4615 1881 4665 εἰ

303 4697 466 4752 τοῦτο
501 4697 866 4766 διασκοπηθὲν
896 4696 1070 4760 οὕτως
1111 4697 1233 4767 ἔχον
1263 4701 1535 4773 ἀναφανῇ,
1576 4706 1738 4757 πόσον
1782 4706 1881 4756 οὐκ

302 4790 371 4846 ἂν
404 4792 464 4861 τὸ
497 4793 632 4861 πρὸς
675 4791 775 4861 τὴν
831 4790 1027 4844 ἕνωσιν
1063 4792 1369 4862 ἐπιρρεπὲς
1409 4796 1567 4863 ἡμῶν
1600 4797 1883 4866 δεφενδεύ-

309 4900 417 4947 σει,
439 4887 531 4935 καὶ
553 4885 636 4944 εἰς
664 4883 824 4935 τοῦτο
855 4884 1089 4950 σπουδὴν
1118 4884 1274 4953 ἡμῶν
1302 4886 1675 4955 ἀνεπίληπτον
1703 4908 1885 4961 παρα-

303 4974 499 5042 στήσει
528 4989 542 5038 ;
577 4974 784 5025 Αὐτίκα
817 4975 850 5044 ἡ
877 4974 972 5026 τοῦ
1016 4974 1341 5045 Ἀντιοχείας
1366 4978 1573 5047 Πέτρου
1602 4982 1879 5053 ἐπιστολή,

305 5066 466 5139 καλεῖ
495 5068 604 5136 γὰρ
658 5067 807 5137 ἡμᾶς
849 5068 881 5135 ή
932 5065 1026 5120 τοῦ
1070 5067 1229 5135 λόγου
1279 5068 1428 5139 ῥύμη
1480 5072 1575 5124 καὶ
1612 5074 1770 5127 πάλιν
1803 5077 1881 5138 είς

222 5214 233 5227 I
308 5159 533 5228 μνήμην
559 5155 755 5225 αὐτῆς,
792 5157 1010 5225 ἀγνοεῖν
1064 5156 1331 5229 ἀριδήλως
1387 5160 1663 5228 ὁμολογεῖ,
1720 5161 1883 5227 ὅπως

302 5250 405 5305 καὶ
437 5250 512 5303 δι’
544 5248 758 5316 ἥντινα
794 5250 908 5318 τὴν
934 5250 1133 5304 αἰτίαν
1158 5249 1195 5315 ἠ
1224 5252 1329 5305 τοῦ
1360 5251 1576 5306 πάππα
1620 5253 1881 5322 ἐξεκόπη

303 5342 603 5410 ἀναφορὰ,
652 5340 822 5392 πολλὰ
883 5340 1149 5410 πρότερον
1206 5342 1635 5412 ἐπιμεμφομένη
1670 5344 1748 5413 τῷ
1787 5344 1882 5396 τοῦ

305 5434 936 5497 Κωνσταντινουπόλεως
976 5434 1372 5506 χαρτοφύλακι,
1399 5435 1474 5499 ὡς
1516 5437 1574 5487 ὲν
1602 5439 1714 5501 τοῖς
1748 5439 1882 5508 πρὸς

278 5532 402 5585 -τὸν
432 5528 671 5581 τοιοῦτον
711 5527 1041 5596 Ἀντιοχείας
1068 5528 1359 5595 γράμμασι
1385 5528 1716 5594 διαλαϐόντι,
1762 5532 1883 5586 ἀπὸ

304 5622 423 5687 τῆς
452 5620 624 5687 ἁγίας
675 5617 1095 5687 οἷκουμενικῆς
1123 5618 1303 5687 ἕκτης
1345 5621 1613 5675 συνόδου
1656 5622 1771 5688 τὴν
1816 5624 1886 5677 ἐν

304 5712 436 5776 τοῖς
471 5709 651 5778 ἱεροῖς
695 5707 1006 5777 διπτύχοις
1046 5709 1361 5780 ἀναφορὰν
1406 5711 1742 5780 ἐκκοπῆναι
1776 5714 1884 5770 τοῦ

306 5803 552 5858 πάππα.
590 5800 651 5854 Ei
681 5799 812 5866 γοῦν
847 5802 881 5870 ή
941 5801 999 5855 ἐν
1033 5801 1110 5872 τῷ
1160 5802 1423 5875 Συμϐόλῳ
1474 5805 1761 5876 προσθήκη
1804 5808 1885 5870 εἰς

308 5894 471 5946 τόσον
518 5886 585 5964 ἦν
646 5889 996 5961 βλασφημίας
1055 5894 1464 5966 κορυφουμένη,
1498 5895 1622 5949 ὅσον
1683 5898 1729 5949 οί
1790 5896 1884 5950 νῦν

1974 3319 2169 3373 εενὶιιι.

2047 3599 2099 3652 6.
2135 3597 2352 3653 Certum
2385 3595 2590 3651 interea
2624 3594 2760 3658 scio,
2793 3594 3016 3651 eosdem
3057 3593 3163 3649 hos
3210 3593 3361 3663 ipsos
3394 3592 3552 3648 addi-

1978 3693 2182 3747 tioncm
2238 3691 2289 3744 in
2332 3690 2594 3761 Symbolo
2660 3688 2835 3758 culpae
2876 3687 3172 3742 obnoxiam
3205 3684 3403 3747 facere,
3441 3698 3553 3737 non

1976 3786 2118 3854 quod
2185 3782 2401 3852 pietatis
2462 3779 2747 3850 puritatem
2805 3777 3200 3840 commaculet,
3253 3775 3347 3830 sed
3406 3776 3553 3844 quod

1980 3886 2258 3944 utcunque
2296 3874 2435 3928 facta
2461 3874 2552 3935 sit,
2599 3887 2819 3942 gravem
2848 3872 3058 3942 peperit
3095 3879 3150 3925 et
3186 3868 3554 3939 periculosam

1978 3967 2361 4022 offensionem.
2429 3964 2493 4018 Et
2560 3964 2607 4019 si
2646 3964 2770 4034 quis
2825 3966 2992 4018 a7tius
3046 3962 3433 4029 curiosiusque
3466 3973 3556 4014 res

1980 4059 2295 4129 perpendet,
2344 4057 2678 4112 additionem
2739 4057 2880 4110 hanc
2908 4070 3188 4124 nunquam
3235 4050 3555 4108 oll‘eusionis

1980 4164 2200 4204 causam
2246 4148 2628 4217 originemque
2682 4146 2875 4212 fuisse,
2911 4147 3006 4201 sed
3043 4148 3186 4201 inter
3224 4146 3361 4199 alias
3391 4154 3556 4213 atque

1983 4242 2118 4294 alias
2144 4256 2210 4294 ex
2255 4249 2499 4309 tempore
2518 4239 2841 4294 varietatum
2870 4247 3033 4307 atque
3057 4246 3350 4292 eventuum
3379 4234 3557 4290 oﬁ‘en-

1982 4334 2199 4387 sionqu
2242 4347 2442 4387 causas
2472 4332 2579 4386 alio
2626 4340 2789 4401 atque
2848 4330 2956 4385 alio
2985 4339 3249 4399 tempore,
3282 4338 3337 4383 et
3388 4327 3558 4382 variis

1982 4441 2164 4481 rerum
2207 4426 2460 4481 cursibus
2518 4433 2575 4480 et
2606 4423 3114 4493 perturbationibus
3143 4431 3354 4484 enatas,
3415 4421 3560 4475 hanc

1982 4534 2202 4589 quoque
2229 4517 2585 4581 additiouem,
2633 4514 2804 4569 veluti
2856 4513 3151 4569 simultatis
3192 4513 3445 4567 abortum
3473 4522 3557 4566 te-

1986 4625 2135 4665 mere
2165 4609 2482 4679 projectam,
2516 4619 2570 4661 et
2600 4616 2882 4676 utcunque
2916 4606 3170 4674 reperiet.
3205 4604 3363 4670 Quod
3413 4605 3460 4659 si
3505 4605 3558 4659 id

1985 4718 2204 4774 quoque
2238 4702 2496 4755 meditate
2524 4698 2924 4754 consideratum
2973 4698 3049 4751 ita
3075 4712 3133 4751 se
3176 4697 3376 4751 habere
3403 4711 3567 4750 com-r

1985 4804 2200 4865 pertum
2232 4794 2412 4858 fuerit,
2449 4807 2620 4861 quare
2666 4805 2774 4845 uou
2818 4797 2873 4844 et
2899 4800 3147 4843 nostram
3173 4788 3241 4843 ad
3300 4788 3569 4843 unionem

1989 4885 2411 4956 propensionem
2447 4883 2712 4947 tuebitur,
2759 4888 3122 4950 nostrumque
3164 4882 3220 4935 in
3261 4895 3324 4935 ea
3362 4894 3564 4950 procu-

1988 4981 2155 5032 randa
2192 4977 2434 5033 studium
2483 4976 2821 5045 inculpatum
2874 4974 3165 5030 ostendet?
3195 4973 3261 5028 Et
3300 4989 3368 5029 ne
3404 4974 3563 5041 longe

1987 5072 2199 5130 abeam,
2248 5068 2366 5136 ipsa
2401 5066 2542 5120 l’etri
2602 5066 2931 5120 Antiocheni
2982 5065 3246 5135 epistola,
3288 5067 3562 5119 sermonis

1988 5162 2257 5229 siquidem
2286 5160 2519 5228 impetus
2546 5157 2666 5223 ejus
2694 5173 2793 5213 nos
2821 5160 3142 5212 memoriam
3190 5156 3434 5210 recolere
3477 5158 3565 5209 iu-

1988 5253 2152 5318 ducit,
2184 5263 2370 5319 aperte
2399 5249 2601 5306 fatetur
2630 5254 2839 5307 nescire
2870 5267 2947 5311 se.
2982 5251 3240 5321 quomodo
3267 5259 3318 5303 et
3374 5265 3477 5318 qua
3500 5250 3564 5303 de

1988 5360 2148 5397 causa
2173 5359 2323 5413 papa:
2354 5346 2795 5399 commemoratio.
2822 5343 3075 5413 abrogata
3104 5343 3193 5404 sit,
3240 5357 3365 5396 cum
3399 5352 3561 5394 antea

1988 5433 2240 5503 pluribus
2331 5443 2559 5502 questus
2646 5434 2884 5489 essetde
2948 5434 3631 5502 Constantinopolitano:

1987 5525 2433 5595 chartophylace,
2474 5526 2614 5595 quod
2653 5527 2706 5580 in
2762 5527 2959 5580 litteris
2988 5528 3052 5579 ad
3088 5526 3234 5577 hunc
3265 5525 3562 5577 Autim-he-
3596 5590 3613 5601 ο

1990 5633 2118 5671 num
2166 5617 2307 5671 datis
2341 5618 2662 5684 asseruerit,
2710 5635 2743 5672 α
2799 5628 2987 5671 sancta
3039 5628 3191 5671 sexta
3237 5615 3565 5679 wcumeqica
3593 5603 3615 5641 ’ν

1988 5708 2186 5779 synodo
2217 5726 2282 5763 ex
2319 5711 2487 5763 sacris
2516 5709 2777 5779 diptyrltis
2826 5724 2979 5779 papas
3010 5710 3561 5766 commemorationem

1988 5820 2195 5857 erasum
2238 5804 2422 5873 fuisse.
2456 5802 2511 5857 Si
2558 5804 2721 5871 igitur
2754 5805 2960 5860 additio
3005 5806 3058 5860 in
3113 5804 3372 5877 Symbolo
3412 5812 3565 5857 tanta

1990 5896 2283 5966 irnpietatis
2321 5906 2446 5953 nota
2487 5897 2778 5964 laboraret,
2834 5907 3036 5969 quanta
3074 5913 3200 5956 eam
3252 5895 3417 5968 hujus
3459 5895 3569 5949 avi.
