3962 6408
484 429 591 492 9'9

530 470 543 492 Ι

530 470 543 492 Ι

1544 438 1753 503 IOAN.
1791 444 2008 505 VECCI
2041 445 2149 510 (ΞΡ.
2188 449 2699 518 ΡΑΤΗΙᾹΚΟΗᾸΞ

3605 472 3687 536 980

485 542 787 614 sapientes,
852 552 906 599 et
940 547 1151 616 zelotae,
1216 557 1271 608 et
1320 552 1572 610 veritatis
1620 558 1802 613 studio
1858 557 2060 616 incensi

2177 565 2353 632 σοφοὶ,
2389 568 2441 620 ot
2474 567 2570 622 νῦν
2599 568 2864 640 ζηλωταὶ,
2900 572 2949 626 oi
2988 572 3082 627 νῦν
3120 574 3217 646 τῆς
3256 575 3499 647 ἀληθείας
3529 583 3689 643 διάπυ.

485 641 764 690 amatores
815 646 1027 706 notant,
1076 639 1307 709 ipsaque
1356 649 1525 708 esset,
1585 655 1646 701 ut
1698 648 2069 719 existimatur,

486 726 805 785 on‘ensionis
837 743 965 783 vere
1003 744 1133 800 pars
1161 732 1470 802 potissima,
1496 751 1605 807 qua
1632 738 1851 796 ratione
1879 755 2070 811 peree-

482 822 650 878 lebris
705 822 795 877 ille
840 821 926 877 vir
978 838 1217 894 unquam
1273 829 1655 898 enuntiasset,
1688 831 1937 901 ignorare
1990 850 2066 901 se,

480 917 759 982 quomodo,
787 923 835 967 et
862 931 968 984 qua
1000 917 1064 970 de
1110 933 1276 973 causa
1314 934 1468 989 papre
1498 925 1934 978 commemoratio
1973 926 2068 980 ds-

481 1020 608 1058 rasa
643 1007 709 1059 sit
752 1022 771 1059 :
800 1015 857 1060 et.
888 1021 1010 1061 cum
1065 1016 1260 1065 testem
1304 1027 1363 1067 se
1418 1013 1538 1069 sine
1591 1016 1701 1070 ulla
1750 1018 2070 1087 exceptione

478 1098 737 1166 praebeat,
767 1114 963 1169 papam
996 1109 1123 1155 ante
1152 1117 1329 1158 annos
1363 1106 1606 1175 quinque
1629 1117 1683 1164 et
1710 1108 2066 1180 quadraginta

480 1199 588 1239 una
652 1202 776 1243 cum
831 1188 955 1243 aliis
1003 1191 1334 1258 patriareltis
1380 1195 1523 1251 inter
1572 1212 1728 1254 sacra
1778 1199 2065 1257 Missarum

478 1276 745 1331 solemnia
782 1279 836 1333 in
867 1278 1168 1350 Byzantina
1201 1285 1336 1342 urbe
1363 1301 1850 1347 commemoratum
1872 1292 2064 1359 fuisse,

476 1379 773 1432 quamnam
803 1370 1142 1436 probationis
1175 1374 1294 1426 vim
1320 1391 1426 1429 non
1450 1379 1749 1441 exhibebit,
1774 1380 2065 1445 asserenti,

477 1470 589 1509 non
625 1458 791 1512 veluti
821 1462 1216 1528 praecedentem
1253 1473 1309 1520 et
1361 1482 1615 1536 magnam
1644 1472 1932 1541 solamque
1961 1472 2066 1527 Ερα-

477 1547 773 1605 elesiarum
809 1551 1185 1619 oll‘ensionem,
1223 1557 1558 1616 additionem
1592 1561 1661 1617 ab
1714 1563 1874 1618 initio
1902 1580 2068 1634 repu-

469 1646 647 1693 tatam
681 1642 898 1699 fuisse?
950 1645 1220 1717 Namque,
1275 1660 1335 1705 ut
1365 1653 1540 1719 rides,
1595 1664 1782 1725 aperte
1832 1657 2068 1714 dicentis

476 1736 776 1792 auctoritas
829 1739 1194 1807 comprobat,
1250 1757 1351 1798 sua
1401 1752 1563 1801 aetate
1595 1747 1738 1817 apud
1789 1763 1886 1804 eos
1916 1763 2068 1819 papae

476 1828 1057 1884 commemorationem
1092 1830 1287 1889 fuisse.

547 1918 598 1971 7.
628 1916 739 1974 Nos
770 1935 932 1989 porro
966 1930 1184 1992 tempus
1213 1922 1621 1994 examinantes,
1658 1945 1727 1986 ex
1765 1946 1875 2002 quo
1905 1933 2063 1989 addi-
2099 1915 2141 1970 Β

474 2008 555 2064 ιίο
584 2009 727 2065 facta
757 2020 863 2080 est,
894 2013 962 2069 ad
996 2024 1241 2086 tempora
1281 2019 1576 2090 Cerulatii,
1624 2040 1737 2095 quo
1790 2036 1846 2082 et
1872 2028 2066 2085 Antio-

468 2101 689 2159 chenus
728 2104 832 2159 iste
872 2107 1044 2162 vitam
1072 2111 1308 2168 celebris
1344 2116 1540 2185 agebat
1569 2157 1584 2180 ,
1643 2128 1698 2174 et
1747 2121 2063 2188 dissidium,

474 2197 622 2264 quod
650 2212 932 2268 nunquam
955 2214 1143 2272 postea
1162 2205 1364 2276 placari
1385 2211 1585 2279 potuit,
1606 2212 1823 2270 initium
1845 2215 2059 2282 habuit,

478 2287 616 2343 illud
645 2292 902 2360 equidem
953 2299 1198 2366 reperire
1256 2299 1418 2357 facile
1469 2319 1579 2358 non
1612 2315 1719 2369 est,
1752 2310 1898 2375 quod
1949 2325 2058 2365 non

475 2389 666 2436 exacte
702 2390 987 2441 teneamus
1025 2390 1437 2459 imperatorem,
1487 2396 1591 2450 sub
1622 2412 1734 2466 quo
1762 2397 1873 2454 Leo
1897 2415 2059 2469 papa,

473 2473 666 2528 nescio
690 2491 831 2544 quas
859 2479 929 2533 ob
960 2495 1183 2548 causas,
1226 2493 1282 2539 et
1312 2501 1421 2555 qua
1456 2488 1670 2544 ratione
1717 2491 2055 2548 additionem

474 2564 636 2619 istam
673 2567 729 2621 in
762 2566 1023 2640 Symbolo
1068 2575 1184 2630 ﬁeri
1221 2578 1550 2636 decreverit.
1603 2582 1805 2639 Verum
1850 2584 1983 2640 illud
2027 2599 2057 2639 a

474 2655 819 2716 Monomaeiti
847 2666 1100 2735 imperio,
1131 2670 1237 2749 sub
1262 2686 1374 2741 quo
1401 2673 1516 2742 jam
1541 2674 1686 2729 dicta
1714 2677 1899 2731 omnia
1930 2692 2056 2746 per-

475 2761 597 2805 acta
629 2761 779 2818 sunt,
841 2758 1249 2817 retrocedentes
1280 2766 1615 2832 reperimus,
1662 2784 1690 2821 ιι
1735 2768 2058 2826 Constantis

476 2842 712 2899 Heraclii
746 2850 965 2915 nepotis
998 2831 1250 2920 imperio,
1286 2831 1397 2912 sub
1416 2874 1526 2927 quo
1547 2831 1607 2914 et
1634 2876 1867 2932 magnus
1889 2864 2060 2919 Maxi-

476 2949 601 2987 mus
634 2934 886 3003 ﬂorebat,
920 2940 1014 3008 qni
1054 2953 1299 3011 quattuor
1322 2956 1544 3004 centum
1574 2951 1745 3008 ferme
1775 2963 1871 3009 aut
1896 2956 2060 3010 circi-

473 3035 558 3080 ter
586 3028 716 3082 anni
750 3040 1132 3098 numerantur,
1156 3043 1211 3089 et
1243 3046 1357 3093 tum
1381 3040 1546 3095 veluti
1571 3043 1809 3112 primum
1841 3055 2057 3099 contra-

475 3120 738 3176 dictionis
807 3126 1140 3198 principium
1198 3130 1266 3185 de
1323 3133 1603 3191 additione
1659 3145 1817 3194 aetate
1877 3141 2051 3195 sancti

473 3215 699 3275 Maximi
724 3221 1086 3287 oﬂ‘cndetnns,
1117 3241 1352 3296 eamque
1376 3243 1483 3282 non
1511 3229 1653 3283 ultra
1684 3245 2057 3300 progressam,
2087 3259 2130 3319 α

479 3312 623 3377 quod
662 3322 872 3370 tantum
907 3318 999 3383 qui
1033 3317 1279 3389 Byzantii
1327 3330 1506 3384 erant,
1539 3336 1711 3391 papae,
1758 3327 1850 3391 qui
1918 3339 2058 3392 prae.

476 3411 619 3469 erat,
650 3407 936 3476 synodalia
965 3408 1185 3463 decreta
1218 3411 1677 3481 perstringerent.
1725 3413 2057 3474 Offensinnis

477 3509 621 3550 vero
641 3506 754 3550 tum
784 3499 993 3554 obortae
1026 3516 1250 3555 causam
1283 3517 1402 3557 eam
1451 3519 1597 3570 esse,
1632 3507 1775 3574 quod
1806 3509 2056 3564 Orienta-

475 3586 568 3641 les
616 3588 688 3643 ob
750 3588 1240 3647 Monotbclitarum
1306 3594 1562 3651 baresim
1629 3598 2046 3667 infestarentur,

476 3675 643 3747 idque
670 3680 1236 3747 apertissimum'esse
1264 3687 1674 3754 cognoscimus,
1708 3697 1787 3754 et,
1831 3700 1892 3745 ut
1923 3695 2050 3763 qui-

476 3769 610 3822 libet
642 3771 787 3825 alius
825 3787 1159 3842 cognoscere
1213 3784 1415 3844 potest,
1452 3778 1547 3846 qui
1584 3794 1693 3833 non
1736 3781 2054 3848 perfuncto-

473 3860 557 3914 rie
604 3864 787 3932 magni
827 3863 1045 3919 Maximi
1071 3870 1138 3920 ad
1168 3866 1441 3922 Marinum
1485 3870 1651 3941 Cypri
1673 3874 2049 3945 presbyterum

474 3950 760 4019 epistolam
791 3958 1152 4023 percurrerit.
1187 3958 1266 4012 Ex
1299 3973 1367 4014 eo
1399 3959 1465 4015 ad
1502 3958 1756 4017 Pltotium
1782 3965 2052 4023 ducento-

474 4054 599 4094 rum
631 4057 909 4099 annorum
936 4047 1173 4114 spatium
1208 4057 1263 4102 et
1292 4051 1464 4107 multo
1498 4053 1764 4121 plurium,
1784 4072 1880 4126 per
1904 4061 2050 4129 quod

472 4148 580 4201 pax
619 4133 881 4192 Ecolesiis
914 4139 1121 4203 arrisit,
1168 4144 1426 4206 excurrit,
1454 4145 1544 4215 qui
1584 4162 1777 4203 rursus
1820 4150 2057 4206 additio-

472 4240 598 4281 nem
655 4229 1042 4287 calumniatur.
1111 4233 1308 4290 Verum
1365 4237 1509 4295 illius
1565 4255 1786 4312 quoque
1828 4259 2051 4301 causam

474 4333 585 4374 non
611 4320 772 4375 aliam
802 4322 963 4391 plane
1005 4329 1376 4394 agnoscimus.
1408 4347 1571 4401 quam
1605 4334 1781 4392 Photii
1813 4352 1913 4407 per
1939 4339 2053 4393 Ro-

474 4424 697 4466 manum
731 4416 1064 4482 pontificem,
1100 4434 1194 4474 res
1221 4419 1407 4489 lgnatii
1442 4433 1708 4481 tutantem
1751 4444 1782 4484 e
1821 4432 2055 4499 patriar-

474 4501 618 4557 ehaii
658 4506 786 4559 sede
818 4506 1159 4576 eiectionem.
1201 4508 1339 4566 Hinc
1366 4516 1511 4571 enim
1551 4518 1661 4584 ille,
1692 4534 1792 4576 nec
1835 4523 2055 4580 aliunde

474 4590 717 4659 ingentia
751 4593 843 4649 illa
888 4605 1052 4665 atque
1094 4603 1416 4669 gravissima
1452 4606 1715 4664 adversus
1750 4609 2052 4668 Romanam
2081 4585 2135 4646 θ

471 4680 778 4737 Ecclesiam
825 4685 1114 4744 oblocutus
1153 4701 1235 4746 est
1302 4693 1655 4766 scripsitque.
1692 4697 1758 4752 Et
1801 4700 2055 4757 Pbotium

475 4773 695 4840 quidem
727 4790 833 4830 non
864 4777 982 4832 zelo
1003 4781 1211 4848 divino,
1236 4784 1333 4839 sed
1367 4785 1517 4840 rabie
1546 4799 1600 4842 et
1629 4788 1906 4846 simultate
1948 4811 2055 4849 non

478 4863 625 4918 bona
658 4867 922 4933 percitum
957 4869 1023 4924 ad
1056 4871 1256 4927 similia
1288 4875 1542 4930 adactum
1575 4878 1769 4946 fuisse,
1804 4880 1977 4937 fusius
1999 4883 2055 4938 iu

474 4956 616 5011 libro
642 4972 674 5012 a
712 4959 872 5016 nobis
900 4962 1065 5028 edito,
1092 4975 1146 5020 et
1176 4966 1311 5020 satis
1332 4977 1520 5036 aperte
1536 4970 2053 5030 demonstravimus.

476 5046 745 5121 Quidquid
777 5061 963 5109 tamen
990 5056 1084 5121 sit,
1110 5071 1289 5124 neque
1317 5066 1430 5114 tum
1460 5061 1711 5118 obortum
1740 5066 2057 5122 scandalum

474 5141 853 5200 diuturniures
901 5162 1086 5202 moras
1144 5148 1380 5205 habuit:
1418 5153 1512 5208 sed
1562 5155 1703 5210 idem
1768 5172 1963 5214 auctor
2005 5170 2059 5214 ct

473 5238 784 5303 progenuit,
848 5244 904 5291 et
947 5237 1209 5294 radicitus
1251 5241 1593 5312 exslirpavit,
1629 5257 1685 5300 et
1729 5263 1944 5319 magna,
2003 5260 2057 5306 et

474 5338 687 5383 tantum
721 5342 828 5383 non
862 5329 1201 5384 tneumeniea
1234 5334 1444 5403 synodo
1467 5338 1826 5396 correctionis
1845 5356 2058 5399 veneno

473 5421 541 5474 ad
573 5421 774 5474 vulnus
806 5420 1050 5476 scandali
1084 5424 1324 5480 medicas
1351 5426 1598 5483 adhibuit
1625 5444 1842 5486 manus.

474 5516 573 5569 καὶ
605 5514 923 5586 ἁναιρέτην,
994 5516 1093 5570 καὶ
1153 5517 1240 5571 διὰ
1332 5520 1578 5590 μεγάλης
1644 5514 1801 5586 οὗτος
1828 5523 1924 5577 καὶ
1976 5526 2043 5580 ἅν

478 5625 620 5674 σεως
648 5608 709 5664 τὸ
736 5607 833 5664 τοῦ
895 5610 1196 5667 σκανδάλου
1225 5612 1450 5684 τραῦμα
1477 5614 1690 5672 ἰάσατο.

547 5708 601 5760 8.
635 5706 879 5777 Itemque
928 5724 959 5762 a
989 5706 1184 5764 Pltotio
1223 5711 1289 5763 ad
1337 5709 1678 5769 Cerularium
1724 5719 1941 5785 tempus
1973 5718 2059 5770 in-

479 5808 813 5864 tercurrens,
865 5809 920 5855 et
962 5801 1303 5871 septuaginta
1350 5818 1517 5872 supra
1554 5811 1608 5858 el
1635 5813 1850 5859 centum
1881 5821 2055 5862 annos

480 5902 861 5957 exsuperans,
918 5890 1275 5963 tranquillum
1355 5903 1409 5948 et
1473 5893 1840 5965 placidissima
1926 5914 2058 5968 pace

2173 671 2256 723 ροι
2284 657 2537 725 λέγουσιν
2565 662 2816 732 ἐρασταὶ,
2846 665 2943 718 καὶ
2988 664 3145 737 εἴπερ
3175 666 3306 739 αὕτη
3340 671 3396 724 τὺ
3440 682 3689 743 κορυφαιό-

2167 763 2354 812 τατον,
2387 751 2463 815 ὡς
2508 754 2676 819 δοκεῖ,
2738 756 2832 811 τοῦ
2891 759 3198 813 σκανδάλου
3240 756 3306 833 ἦν
3342 764 3560 833 ἀληθῶς,
3595 774 3689 835 πῶς

2169 841 2236 896 ἂν
2274 844 2304 896 ὁ
2334 844 2504 909 πολὺς
2553 847 2764 908 ἐκεῖνος
2813 849 2955 919 ἀνὴρ
3016 849 3261 919 ἀγνοεῖν
3313 854 3514 924 είρήκει
3560 862 3686 921 ποτὲ,

2167 933 2329 1002 ὅπως
2361 937 2460 991 καί
2496 937 2571 992 δι’
2593 939 2812 1006 ἥντινα
2855 939 2973 1007 τὴν
3020 941 3221 996 αἰτίαν
3266 945 3303 1013 ή
3354 948 3457 1001 τοῦ
3513 951 3691 1004 πάππα

2166 1023 2428 1096 ἐξεκόπη
2458 1028 2753 1098 ἄναρθρά.
2790 1030 2915 1084 Ὅτι
2947 1031 3003 1084 δὲ
3036 1032 3291 1104 μάρτυρα
3313 1035 3492 1089 ἑαυτὸν
3515 1038 3695 1094 δίδωσιν

2166 1116 2611 1188 ἀπαράγραπτον
2662 1119 2759 1174 τοῦ
2804 1120 2898 1174 τὸν
2929 1124 3166 1179 πάππαν
3195 1124 3253 1175 ὲν
3301 1124 3695 1179 Κωνσταντινουο

2169 1210 2325 1263 πόλει
2354 1211 2461 1281 πρὸ
2490 1210 2703 1281 χρόνων
2725 1213 2889 1266 πέντε
2921 1213 3015 1266 καὶ
3044 1215 3445 1284 τεσσαράκοντα
3468 1219 3592 1285 μετὰ
3609 1219 3696 1273 τῶν

2167 1302 2344 1357 ἄλλων
2384 1305 2442 1356 ἐν
2469 1307 2535 1375 τῇ
2563 1302 2685 1374 θείᾳ
2717 1303 3086 1374 μυσταγωγία
3128 1305 3475 1375 πατριαρχῶν
3523 1309 3694 1377 ἁναφέο

2174 1395 2388 1466 ρεσθαι,
2415 1394 2601 1463 πόσην
2630 1397 2694 1449 ού
2744 1396 2972 1463 παρέξει
3021 1394 3181 1449 τοῦτο
3233 1396 3331 1466 τὴν
3370 1395 3608 1450 σύστασιν
3634 1401 3696 1469 τῷ

2166 1486 2401 1554 λέγοντι,
2433 1486 2510 1556 μὴ
2537 1486 2612 1549 ὡς
2643 1487 3063 1559 προηγούμενὸν
3093 1506 3170 1553 τι,
3205 1488 3299 1541 καὶ
3327 1489 3486 1557 μέγα,
3517 1491 3602 1543 καὶ
3623 1491 3697 1559 μό-

2167 1595 2258 1632 νον
2286 1577 2591 1631 σκάνδαλον
2619 1577 2731 1631 τῶν
2774 1578 2975 1648 Ἐκκλη
2988 1578 3118 1631 σιῶν
3155 1579 3258 1649 τὴν
3288 1580 3589 1649 προσθήκην
3633 1579 3698 1631 λο-

2168 1670 2424 1740 γισθῆναι
2453 1670 2729 1740 ἀρχῆθεν;
2755 1669 2891 1724 Ἰδοὺ
2926 1668 3035 1739 γὰρ
3073 1668 3222 1722 κατὰ
3247 1667 3306 1721 τὸ
3342 1666 3508 1741 ταύτῃ
3536 1668 3701 1737 πρόδη-

2167 1760 2283 1824 λον,
2316 1763 2351 1832 ἠ
2392 1761 2486 1814 τοῦ
2515 1760 2769 1828 λέγοντος
2800 1759 3114 1825 ἀξιοπιστία
3147 1760 3481 1828 συνίστησιν,
3509 1761 3593 1810 ἐπὶ
3615 1757 3700 1810 τῶν

2168 1852 2390 1923 ἡμερῶν
2407 1850 2574 1905 αὑτοῦ
2588 1850 2686 1920 τὴν
2696 1849 2790 1904 τοῦ
2804 1852 3003 1904 πάππα
3014 1844 3156 1902 εἶναι
3167 1849 3440 1921 ἀναφορὰν
3456 1848 3699 1919 παρ’ήμίν.

2241 1943 2289 2006 ζ’
2332 1944 2524 2012 Ἡμεῖς
2556 1942 2635 2005 δὲ,
2660 1942 2752 1995 τὸν
2784 1941 2978 2010 χρόνον
3009 1941 3484 2010 διασκοπούμενοι,
3506 1939 3561 2003 ἐξ
3585 1934 3636 1992 οὗ
3676 1940 3701 2008 ἡ

2174 2034 2461 2106 προσθήκη
2488 2035 2617 2104 ἄχρι
2655 2035 2749 2086 καὶ
2778 2035 2860 2095 είς
2888 2033 2984 2085 τὸν
3008 2033 3103 2087 τοῦ
3155 2032 3520 2104 Κηρυλαρίου,
3573 2034 3623 2085 ὲν
3670 2024 3703 2099 ᾧ

2171 2129 2267 2182 καὶ
2290 2128 2474 2193 αὐτὸς,
2503 2122 2660 2190 οὗτος
2685 2129 2714 2181 ὀ
2747 2126 3083 2197 Ἀντιοχείας
3117 2127 3391 2197 ἢκμαζεν,
3422 2127 3536 2180 ὅθεν
3561 2129 3642 2180 καὶ
3658 2127 3704 2180 τὸ

2174 2220 2533 2273 ἀδιάλλακτον
2562 2219 2658 2272 τοῦ
2682 2218 2984 2289 σχίσματος
3008 2218 3243 2287 ἤρξατο,
3275 2218 3584 2291 τοῦτον-μὲν
3632 2218 3704 2272 εὖ·

2174 2313 2287 2381 ρεῖν
2340 2310 2402 2363 ού
2461 2310 2604 2364 πάνυ
2656 2309 2881 2379 εὐχερὲς
2943 2309 3168 2379 ἔχομεν,
3226 2308 3315 2362 διὰ
3347 2309 3408 2363 τὸ
3440 2309 3512 2381 μὴ
3543 2309 3729 2377 σαφῶς,

2172 2405 2320 2474 ἡμᾶς
2346 2404 2449 2472 τὴν
2484 2400 2761 2473 βασιλείαν
2788 2400 3015 2464 εἰδέναι,
3073 2402 3134 2453 ἐν
3249 2403 3277 2455 ὀ
3308 2400 3532 2474 πάππος
3584 2402 3705 2454 Λέων

2294 2472 2617 2566 προσθήκην
2647 2492 2742 2547 τοῦ
2775 2492 2845 2544 Συ
2856 2490 3077 2561 μϐὀλου,
3103 2472 3207 2545 οὐκ
3258 2487 3373 2547 οἶδα
3403 2472 3481 2555 οἷς
3514 2493 3685 2560 λόγοις,

2166 2590 2263 2643 καὶ
2288 2588 2386 2658 οἴῳ
2411 2586 2601 2657 τρόπῳ
2628 2584 2883 2654 γενέσθαι
2943 2584 3209 2655 ὲπέκρινε
3240 2602 3253 2617 ·
3287 2586 3379 2638 τὸν
3407 2585 3460 2638 δὲ
3487 2585 3585 2638 ἀπὸ
3626 2583 3702 2652 τῆς

2168 2680 2265 2733 τοῦ
2298 2678 2628 2749 Μονομάχου
2671 2676 2954 2747 βασιλείας
2982 2678 3041 2729 ἐν
3072 2669 3116 2744 ᾧ
3147 2676 3222 2728 τὰ
3283 2677 3509 2749 ῥηθέντα
3560 2675 3705 2728 πάντα

2165 2772 2397 2839 ἐγίνετο,
2455 2769 2785 2840 εὑρίσκομεν
2831 2766 2952 2822 κατ’
3013 2768 3394 2838 ἁναπσδισμὺν
3448 2768 3597 2838 μέχρι
3628 2764 3705 2830 τῆς

2167 2863 2524 2925 Κώνσταντος
2553 2860 2646 2914 τοῦ
2674 2860 2900 2929 ὲγγόνου
2961 2858 3294 2930 Ἡρακλείου
3328 2861 3519 2932 ἀρχῆς,
3542 2859 3630 2927 ἐφ’
3654 2851 3702 2910 οὗ

2165 2957 2230 3028 δὴ
2266 2957 2620 3017 Κώνσταντος
2652 2956 2681 3007 ό
2712 2954 2887 3023 μέγας
2925 2952 3145 3026 ἧκμαξε
3178 2953 3454 3021 Μάξιμος,
3498 2949 3699 3019 ὀλίγονή

2166 3050 2322 3104 οὐδὲν
2344 3049 2439 3103 τοῦ
2468 3048 2578 3103 τῶν
2604 3047 2978 3118 τετρακοσίων
3007 3045 3257 3117 ἀριθμοῦ
3282 3045 3568 3100 ἀποδέοντα
3594 3061 3606 3074 ο
3629 3041 3705 3094 καὶ

2167 3143 2394 3214 πρώτην
2418 3141 2608 3212 ὥσπερ
2630 3139 2805 3210 ἀρχὴν
2829 3141 3214 3211 ἀντιρρήσεως
3246 3139 3338 3192 ἐπὶ
3360 3140 3425 3210 τῇ
3454 3136 3702 3208 προσθήκῃ

2166 3236 2224 3288 ὲν
2253 3236 2377 3298 ταῖς
2429 3233 2668 3305 ἡμέραις
2720 3232 2814 3285 τοῦ
2853 3230 3090 3300 μεγάλου
3133 3230 3398 3299 Μαξίμου
3448 3227 3704 3298 γεγονυῖαν

2166 3327 2516 3397 εὑρίσκομεν,
2544 3324 2639 3378 καὶ
2673 3323 2880 3395 ταύτην
2933 3325 3013 3386 είς
3064 3322 3220 3378 οὐδὲν
3246 3323 3412 3377 πλέον
3458 3334 3700 3391 προκεχω·

2170 3422 2405 3490 ρηκυῖαν
2432 3418 2828 3487 κατανοοῦμεν,
2855 3416 2939 3470 ὅτι
2973 3416 3046 3486 μὴ
3080 3417 3142 3479 ὲς
3171 3419 3302 3471 ὅσον
3339 3417 3496 3487 μόνον
3521 3414 3632 3474 τοὺς
3654 3412 3699 3462 ἐν

2166 3510 2732 3566 Κωνσταντινουπόλει
2761 3508 2868 3560 τῶν
2903 3507 2999 3561 τοῦ
3059 3507 3187 3561 τότε
3225 3508 3424 3561 πάππα
3479 3500 3695 3556 ἐπιλαϐέ-

2164 3604 2290 3657 σθαι
2314 3600 2629 3656 συνοδικῶν.
2662 3601 2773 3669 Τὴν
2801 3599 2847 3652 δ’
2865 3600 3122 3669 ἀφορμὴν
3144 3599 3240 3652 τοῦ
3264 3600 3386 3652 τότε
3418 3596 3697 3653 σκανδάλου,

2162 3698 2251 3752 διὰ
2286 3698 2347 3751 τὸ
2372 3695 2466 3750 τοῦ
2513 3693 2891 3755 Ἀνατολικοὺς
2921 3694 3014 3745 ἐπὶ
3062 3695 3130 3761 τῇ
3188 3691 3302 3744 τῶν
3354 3683 3700 3754 Μονοθελητῶν

2161 3792 2372 3861 αἱρέσει
2414 3786 2804 3858 διενοχλεῖσθαι
2841 3785 2984 3839 κατὰ
3017 3784 3076 3838 τὸ
3111 3785 3293 3857 πάντη
3345 3781 3595 3853 πρόδηλον
3635 3771 3698 3827 εἷο

2168 3898 2259 3934 ναι
2283 3878 2740 3947 διαγινώσκομεν,
2775 3873 2850 3935 ὡς
2886 3872 3004 3925 ἔστι
3032 3871 3129 3925 καὶ
3164 3872 3326 3926 ἄλλον
3380 3873 3549 3924 πάντα
3604 3864 3696 3917 δια·

2159 3973 2387 4040 γνῶναι,
2436 3969 2530 4023 τὸν
2589 3967 2663 4038 μὴ
2723 3967 3020 4034 παρέργως
3091 3963 3232 4063 ⁸πρὸς
3299 3963 3533 4063 λίαρῖνον

2162 4063 2423 4133 σϐύτερον
2451 4061 2678 4129 Κύπρου
2699 4056 2991 4126 ἐπιστολὴν
3051 4055 3145 4109 τοῦ
3198 4055 3435 4126 μεγάλου
3485 4055 3697 4122 μετιόντα

2159 4155 2439 4224 Μαξίμου.
2502 4152 2709 4220 Χρόνος
2772 4148 2820 4203 δ’
2887 4148 2945 4213 ἐξ
3003 4146 3219 4199 ἐκείνου
3269 4148 3325 4208 ἐς
3379 4143 3573 4198 Φὼτιον
3619 4134 3697 4203 τὴν

2160 4248 2248 4300 διὰ
2305 4248 2471 4316 μέσου
2529 4245 2681 4312 ἄγων
2734 4241 2981 4311 εδρήνην,
3039 4240 3142 4310 τῆς
3203 4239 3398 4308 διπλῆς
3446 4226 3696 4291 ἑκατοντά-

2158 4335 2247 4400 δος
2310 4334 2445 4389 πολύ
2494 4351 2570 4396 τι,
2609 4334 2774 4404 μέρος
2819 4329 3229 4401 ὑπερελαύνων,
3267 4330 3363 4382 καὶ
3402 4326 3558 4380 πάλιν
3611 4316 3689 4423 την

2162 4430 2489 4500 προσθήκην
2546 4427 2792 4489 κακίζων
2832 4426 3150 4495 εὑρίσκεται
3189 4423 3413 4484 Φὼτιος.
3475 4416 3587 4518 Καὶ.
3616 4416 3694 4479 τὴν

2160 4519 2218 4573 δὲ
2251 4519 2417 4573 πάλιν
2440 4518 2539 4587 τὴν
2578 4515 2835 4586 ἀφορμὴν
2858 4517 2924 4569 ἐκ
2981 4514 3078 4569 τοῦ
3104 4516 3196 4569 τὸν
3254 4513 3456 4569 Φὼτιον
3507 4513 3591 4562 τοῦ
3617 4520 3697 4557 πα-

2160 4609 2479 4681 τριαρχικοῦ
2507 4607 2813 4661 ἀπωθεῖθαι
2839 4606 3034 4678 θρόνου
3062 4606 3215 4674 παρὰ
3242 4605 3335 4659 τοῦ
3375 4598 3693 4703 τῆς”Ρώμης

2162 4701 2429 4771 προέδρου
2491 4700 2591 4752 ἐπ’
2643 4699 2930 4766 ἀντιλήψει
2983 4697 3079 4752 τοῦ
3142 4696 3411 4762 Ἰγνατίου
3450 4689 3579 4745 εἶναι
3617 4689 3695 4739 οὐκ

2162 4792 2488 4861 ἀγνοοῦμεν.
2557 4791 2839 4870 Ἐντεῦθεν
2882 4792 2994 4862 γὰρ
3058 4791 3156 4845 καὶ
3184 4791 3255 4844 δι’
3293 4789 3446 4843 οὐδὲν
3467 4785 3584 4841 ἄλλο
3641 4780 3693 4828 τὰ

2164 4883 2376 4952 μεγάλα
2401 4884 2498 4938 καὶ
2526 4885 2785 4938 πάνδεινα
2813 4884 2956 4938 κατὰ
2984 4882 3087 4953 τῆς
3130 4882 3454 4952 Ῥωμαῖκῆς
3491 4870 3690 4973 Ἐμκκλης

2168 4975 2287 5039 σίας
2321 4971 2468 5043 εἷπε,
2496 4978 2593 5030 καὶ
2643 4978 2852 5047 ἔγραψε
2893 4977 3115 5039 Φώτιος.
3152 4976 3264 5029 Καὶ
3323 4975 3468 5034 ὅπως
3502 4968 3590 5039 μὲν
3636 4968 3685 5012 οὐ

2161 5068 2303 5122 κατά
2328 5085 2446 5122 τινα
2477 5069 2623 5124 θεῖον
2654 5069 2839 5139 ζῆλον,
2881 5069 3017 5124 ἀλλὰ
3040 5067 3163 5122 κατ’
3200 5067 3318 5137 ἔριν
3363 5063 3460 5118 οὐκ
3504 5052 3683 5126 ἀγαθὴν

2164 5163 2244 5224 εἰς
2282 5163 2349 5215 τὰ
2380 5161 2605 5216 τοιαῦτα
2638 5161 2846 5226 Φὼτιος
2878 5162 3153 5232 προήχθη,
3188 5157 3521 5224 πλατύτερον
3543 5151 3596 5201 ὲν
3630 5142 3682 5207 τῇ

2105 5248 2293 5324 \mp‘
2330 5255 2489 5325 ἡμῶν
2514 5254 2802 5327 ἐκτεθείσῃ
2834 5255 3025 5326 βίῦλῳ,
3059 5256 3152 5307 καὶ
3199 5253 3341 5305 πάνυ
3382 5244 3557 5316 σαφῶς
3581 5250 3693 5305 παρ’

2162 5349 2495 5418 εστήσαμεν.
2552 5348 2704 5413 Τέως
2747 5350 2807 5403 δὲ
2861 5348 2984 5402 οὐδὲ
3015 5347 3078 5399 τὸ
3106 5346 3193 5400 ἐπ’
3227 5342 3389 5429 αὑτοῦ
3435 5330 3688 5429 σκάνδαλον

2164 5440 2395 5494 ἐπιπολὺ
2438 5440 2747 5512 παρετάθη,
2791 5441 2909 5495 ἀλλ’
2970 5441 3137 5495 αὐτὸν
3167 5425 3263 5491 καὶ
3281 5434 3533 5505 γενέτορα
3559 5425 3681 5512 ίσᾏξο

2051 5530 2239 5600 τικρὺς
2277 5509 2669 5605 οίκουμενικῆς
2699 5509 2923 5588 συνόδου
2953 5532 3032 5603 τῷ
3060 5531 3339 5601 φαρμάκῳ
3371 5525 3469 5595 τῆς
3492 5509 3685 5586 6"OPM"

2244 5724 2321 5791 η’.
2359 5720 2471 5774 Καὶ
2501 5719 2665 5774 πάλιν
2700 5719 2759 5784 ἐξ
2786 5720 2999 5772 ἐκείνου
3054 5716 3152 5770 καὶ
3187 5716 3245 5779 ἐς
3293 5713 3382 5768 τὸν
3437 5697 3681 5801 Rappold:

2169 5828 2281 5881 ριον
2316 5812 2509 5883 χρόνος
2539 5815 2568 5866 5
2600 5812 2689 5866 διὰ
2725 5813 2891 5882 μέσου
2927 5811 3016 5864 τὸν
3069 5804 3465 5879 ἑϐδομηκοστὸν
3503 5799 3590 5854 σὺν

2167 5881 2480 5972 ἕκαστοστῷ
2539 5881 3089 5975 ὑπερεκτεινόμενος,
3148 5900 3341 5971 εἰρήνη
3389 5892 3560 5967 βαθεῖα
3602 5881 3679 5943 τὰς
