3962 6410
254 415 352 481 981

1301 428 1405 490 DE
1441 424 1951 490 DEPOSITIONE
1991 425 2140 487 sua
2173 423 2399 486 ORAT.
2439 377 2525 485 ιι.

3417 409 3525 474 ΩδΞ

261 532 584 606 ἀμφοτέρας
613 537 1001 607 περιεχόρευεν
1025 539 1380 612 Ἐκκλησίας.
1426 539 1594 597 Ἀλλὰ
1618 541 1716 596 καὶ
1780 540 1843 594 τὸ

1972 540 2188 595 alutare
2237 537 2496 595 Ecclesiis
2528 532 2751 591 eﬁ'ulsit.
2795 528 2900 587 Sed
2942 536 2997 586 et
3055 524 3374 583 scandalum
3421 521 3523 577 sub

264 624 543 680 ὲπάὐτοῦ
588 626 653 699 δὴ
689 628 782 682 τοῦ
833 632 1217 703 Κηρουλαρίου
1258 634 1481 704 Μιχαὴλ
1539 632 1837 687 σκάνδαλον

256 721 323 770 ἐκ
363 718 648 787 κοσμικῶν
697 723 1046 790 πραγμάτιον
1097 721 1224 793 ἔσχε
1277 724 1377 785 τὰς
1427 724 1707 793 ἀφορμὰς,
1759 722 1838 788 ὠς

265 810 461 875 μαθεῖν
492 808 609 862 ἐστι
635 811 728 863 τὸν
777 814 1308 885 πολυπραγμονῆσαι
1335 813 1839 885 βουλόμενον,ἆπερ

264 901 548 973 ἱστόρηται
580 902 919 974 διακυκήσας
952 907 979 957 ὁ
1011 908 1214 970 Ἰταλὸς
1254 908 1542 978 Ἀργυρός.
1573 907 1671 971 Τίς
1736 906 1832 959 οὖν

260 994 370 1047 τῶν
405 995 479 1064 μὴ
515 994 590 1057 ὼς
619 994 776 1066 ἔτυχε
805 996 979 1052 ταῦτα
1013 998 1513 1068 καθιστορούντων,
1541 999 1640 1052 οὐκ
1670 998 1736 1052 ἂν
1762 999 1827 1051 ὲκ

265 1086 432 1154 μόνου
457 1085 568 1138 τῶν
596 1087 849 1157 ἀριθμῶν
876 1090 985 1143 τῶν
1008 1091 1239 1162 χρόνων,
1267 1085 1341 1144 ὧν
1375 1092 1462 1144 διὰ
1492 1092 1660 1160 μέσου
1714 1089 1836 1144 κατ’

267 1177 434 1237 ἄλλας
464 1179 722 1248 ἀφορμὰς
768 1180 1065 1235 σκάνδαλον
1123 1184 1156 1252 ή
1190 1183 1480 1255 προσθήκη
1529 1185 1843 1254 παρρησια-

266 1268 472 1339 ζομένη
531 1272 918 1328 συνεστέλλετο
974 1276 1165 1340 πάλιν,
1221 1276 1316 1328 καὶ.
1385 1274 1699 1341 ὑπεπόδιζε,
1731 1275 1846 1329 δια·

265 1361 419 1430 γνοίη
465 1361 539 1432 μὴ
568 1362 776 1433 ταύτην
806 1362 947 1418 εἶναι
975 1366 1036 1419 τὸ
1066 1366 1482 1437 προηγούμενον
1543 1368 1638 1421 καὶ
1697 1366 1844 1436 μέγα

268 1456 360 1508 καὶ
421 1456 581 1524 μόνον
614 1455 913 1511 σκάνδαλον
977 1458 1088 1512 τῶν
1158 1458 1539 1528 Ἐκκλησιῶν;
1584 1459 1848 1525 Διαγνοὺς

267 1546 325 1599 δὲ
366 1548 395 1599 ὁ
413 1547 653 1610 τοιοῦτος
685 1547 871 1611 ἁπλῶς
900 1548 1063 1614 οὕτω,
1088 1551 1183 1603 καὶ
1223 1552 1299 1614 ὡς
1331 1549 1390 1602 ἐν
1418 1551 1682 1619 παρέργῳ
1708 1546 1850 1601 κατὰ

268 1638 498 1708 καιροὺς
537 1641 618 1702 είς
651 1639 910 1710 ἀφορμὴν
968 1642 1267 1696 σκανδάλου
1319 1640 1702 1710 προτείνεσθαι
1752 1639 1850 1709 τὴν

268 1731 594 1800 προσθήκην
633 1732 837 1799 μεταξὺ
874 1733 1124 1800 Γραικῶν
1155 1733 1253 1805 καὶ
1277 1734 1543 1793 Λατίνων,
1571 1734 1666 1785 καὶ
1704 1748 1848 1802 παρ-

268 1825 502 1890 ορᾶσθαι
571 1823 732 1878 πάλιν
790 1825 960 1895 αὐτὴν
997 1863 1013 1889 ,
1090 1827 1164 1889 ὡς
1214 1825 1447 1897 ἔχουσαν
1503 1827 1637 1887 ἴσως
1707 1826 1852 1894 μέγα

1937 623 2199 680 Michaele
2266 622 2553 680 Cerulario
2597 628 2918 690 prognatum
2977 612 3261 670 saecularia
3313 609 3528 679 negotia

1940 733 2223 789 peperere,
2257 724 2316 770 ut
2347 718 2601 772 curiosus
2641 713 2923 767 addiscere
2959 707 3160 780 poterit
3195 721 3260 760 ex
3290 702 3379 769 iis,
3408 716 3531 771 quae

1943 808 2295 878 perturbasse
2335 807 2630 861 admodum
2666 804 2719 857 in
2765 802 2990 856 historia
3025 799 3258 854 traditur
3288 796 3530 865 Argyrus

1942 904 2134 958 Italus.
2178 902 2314 971 Quis
2361 901 2528 971 igitur
2568 914 2635 953 ex
2676 899 2763 960 iis,
2794 896 2884 965 qui
2918 895 3113 948 similia
3148 903 3361 945 malure
3404 890 3532 943 dili-

1945 1004 2244 1065 genterque
2276 999 2625 1063 percurrunt,
2659 988 2745 1043 vel
2768 1003 2832 1042 ex
2860 987 2973 1042 sola
3005 999 3274 1039 annorum
3308 996 3535 1035 enume—

1945 1090 2177 1152 ratione.
2228 1102 2324 1158 per
2369 1101 2509 1157 quos
2569 1082 2691 1138 aliis
2744 1092 2909 1150 atque
2968 1078 3091 1133 aliis
3145 1076 3530 1131 scaudalorum

1947 1180 2133 1235 causis
2168 1178 2398 1240 obortis,
2451 1174 2659 1229 additio
2713 1172 2829 1226 haec
2886 1170 2941 1224 in
2994 1169 3273 1232 publicum
3314 1166 3535 1225 educta,

1948 1273 2317 1340 audacterque
2374 1268 2702 1338 exprobrata
2783 1275 2946 1331 alque
3007 1261 3259 1330 ohjerta,
3341 1270 3536 1309 rursus

1948 1364 2411 1434 comprimebatur
2463 1368 2517 1414 et
2568 1358 2964 1419 retrocedehat,
3022 1370 3130 1407 non
3189 1350 3536 1421 dijudicahit,

1950 1472 2069 1514 eam
2105 1471 2213 1510 non
2247 1454 2440 1516 fuisse,
2475 1467 2652 1521 neque
2685 1449 3018 1515 praecedens,
3059 1461 3233 1513 neque
3260 1456 3539 1511 magnum.

1954 1561 2131 1616 neque
2189 1546 2364 1599 solum
2439 1542 2809 1598 Ecelesiarum
2879 1535 3247 1593 scandalum?
3295 1533 3359 1587 Et
3417 1547 3541 1587 cum

1963 1640 2125 1708 plane
2154 1636 2495 1705 cognoverit,
2532 1645 2737 1689 temere
2768 1643 2823 1686 et
2851 1633 3008 1700 quasi
3046 1628 3195 1683 aliud
3223 1635 3449 1691 agentes
3477 1625 3545 1675 ad

1955 1728 2260 1785 inrhoanda
2287 1728 2766 1798 promovendaque
2811 1724 3069 1780 scandala
3096 1724 3235 1776 inter
3254 1720 3474 1773 Graecos
3496 1726 3548 1771 et

1957 1822 2181 1877 Latinos
2256 1820 2585 1874 additionem
2637 1817 2969 1884 obiectasse,
3022 1826 3324 1879 rursusque
3369 1809 3549 1862 denuo

273 1913 466 1981 βλάϐος
490 1914 666 1976 οὐδὲν,
692 1914 811 1979 πῶς
849 1916 949 1968 οὐκ
977 1916 1044 1970 ἂν
1076 1917 1409 1988 ἱλαρώτερον
1440 1916 1709 1984 διατεθείη
1733 1918 1847 1977 τοῖς

1972 1913 2204 1968 eamdem
2239 1911 2564 1980 neglexisse,
2589 1907 2743 1977 quasi
2771 1907 2887 1975 ipsa
2926 1906 3131 1959 nullam
3169 1902 3221 1955 in
3254 1917 3313 1955 se
3349 1913 3546 1952 noxam

256 2002 369 2069 -τὴν
396 2000 595 2056 ἕνωσιν
651 2004 834 2057 αὐτῶν
879 2005 1276 2058 ὲπισπεύδουσι
1303 2023 1317 2072 ;
1346 2005 1540 2059 Τοίνυν
1573 2005 1671 2058 καὶ
1714 2005 1850 2075 ἡμῖν

266 2092 446 2145 ταῦτα
476 2095 658 2149 πάντα
692 2096 1081 2167 ἀπηριθμήθη,
1111 2098 1242 2151 αὐτὸ
1270 2097 1618 2168 βουλομένοις
1646 2096 1852 2165 συστῆ-

274 2201 391 2248 σαι,
422 2185 484 2238 τὸ
513 2185 589 2257 μὴ
617 2186 762 2239 οὕτω
802 2190 953 2257 μέγα
978 2188 1071 2241 καὶ
1103 2190 1218 2252 τοῖς
1263 2188 1371 2259 πρὸ
1416 2185 1575 2258 ἡμῶν
1620 2187 1695 2250 ὼς
1739 2188 1852 2249 τοῖς

269 2276 370 2331 νῦν
396 2278 458 2330 τὸ
493 2279 588 2348 τῆς
613 2279 934 2349 προσθήκης
960 2279 1194 2349 αἰτίαμα
1259 2279 1405 2334 κατὰ
1465 2280 1565 2348 τῆς
1604 2278 1853 2348 Ῥωμαῗ⁴

271 2368 377 2438 κῆς
441 2367 769 2438 Ἐκκλησίας
816 2368 1151 2437 λογίζεσθαι,
1188 2369 1265 2433 ὡς
1331 2369 1397 2423 ἂν
1445 2368 1697 2423 ἐντεῦθεν
1758 2367 1856 2422 καὶ

273 2462 746 2531 παραστήσαιμεν
781 2462 856 2529 μὴ
888 2460 1035 2515 οὕτω
1087 2463 1240 2532 ἡμᾶς
1303 2460 1694 2530 ἒκκυλισθῆναι
1759 2459 1854 2514 τοῦ

271 2552 511 2615 δέοντος,
543 2552 615 2616 ὠς
667 2557 780 2617 τοῖς
829 2555 1165 2608 ἀειτιδικοῦσι
1192 2556 1358 2619 δοκεῖ,
1417 2556 1485 2608 δι’
1515 2554 1583 2625 ἢν
1619 2552 1855 2624 σπουδὴν

275 2645 373 2701 ἐπὶ
403 2645 607 2718 τῇλτῶν
643 2646 980 2716 Ἐκκλησιῶν
1005 2647 1195 2702 ἑνώσει
1230 2647 1638 2718 ἐνεδειξάμεθα.

350 2821 415 2876 θ’.
453 2823 516 2876 Et
547 2823 604 2876 δέ
639 2839 701 2890 γε
738 2823 932 2894 μικρὸν
965 2825 1129 2894 ἡμεῖς
1156 2821 1492 2894 ὑπερθέσθαι
1528 2822 1858 2893 προθέμενοι

276 2915 373 2968 τὸν
434 2918 527 2969 ἐπὶ
582 2920 696 2980 τοῖς
759 2919 1115 2986 δογματικοϊς
1187 2918 1347 2987 ἡμῶν
1417 2917 1595 2984 λόγοις
1659 2916 1862 2969 ἀπέλοα

272 3022 401 3076 γον,
447 3009 542 3060 καὶ
598 3008 724 3062 ὅσον
776 3010 836 3061 τὸ
902 3009 1064 3079 ἡμῶν
1131 3008 1508 3079 φιλορώμαιον
1572 3006 1862 3077 παραστῆ-

284 3114 382 3150 σαι
438 3099 532 3151 ἒπὶ
596 3098 763 3151 πλέον
798 3099 941 3167 τάχα
999 3098 1031 3169 ἢ
1100 3100 1371 3169 προσῆκε.
1423 3096 1524 3170 τὴν
1583 3099 1862 3167 ὑπερηγο⁶

290 3188 417 3258 ρίαν
439 3190 539 3258 τὴν
583 3191 790 3258 ταύτης
847 3189 1005 3260 ἡμῶν
1046 3188 1435 3260 ἐποιησάμεθα
1496 3189 1864 3259 φιλορωμαιό⁴

280 3296 469 3348 τητος,
503 3282 601 3336 ἅτε
632 3283 729 3351 τὴν
785 3280 920 3348 ὓλην
956 3282 1199 3351 εὐχερῶς
1228 3281 1592 3350 ποριζομένου
1632 3281 1726 3334 τοῦ
1763 3281 1856 3333 λό-

281 3389 408 3440 γου,
458 3374 552 3426 καί
586 3371 668 3425 ἔτι
702 3374 876 3426 πλείω
926 3377 1040 3436 τοῖς
1064 3373 1318 3444 ῥηθεῖσιν
1350 3374 1723 3442 ἐπισυνείρειν
1764 3375 1867 3426 ούκ

284 3464 649 3531 ἀποροῦντος,
707 3466 754 3516 εἰ
790 3465 862 3534 μή
917 3483 983 3531 γε
1029 3467 1457 3536 ἀναγκαιότερος
1506 3467 1639 3534 ἡμῖν
1691 3464 1867 3520 ὲδόκει

282 3551 437 3622 ἀγὼν
459 3556 487 3607 ὁ
537 3554 679 3625 ὑπὲρ
713 3554 822 3607 τῶν
849 3555 1197 3623 δογματικῶν
1223 3555 1495 3623 ἀπόλογος
1524 3554 1862 3624 συγγνώμην

284 3647 382 3698 ἐπὶ
426 3645 602 3716 τούτῳ
636 3644 919 3715 αἰτοῦμεν.
950 3646 1060 3717 Τὴν
1098 3646 1283 3715 μέντοι
1316 3648 1580 3717 ἀνωτέρω
1607 3646 1842 3716 γενομέ-

287 3754 392 3808 νην
424 3739 532 3791 κάκ
553 3737 756 3791 τούτων
804 3739 1025 3791 πάντων
1067 3738 1569 3807 συγκροτουμένην,
1606 3738 1706 3799 τὴν
1762 3738 1870 3791 τῶν

287 3831 728 3886 ἁντιδοκούντων
750 3830 1028 3897 ἀπόδειξιν
1070 3831 1608 3902 μισορωμαιότητος,
1632 3830 1713 3891 είς
1741 3832 1876 3897 μνὴο

294 3942 409 3995 μην
439 3923 668 3992 ἄγοντές
696 3941 779 3977 σοι
809 3926 906 3977 καὶ
934 3923 1098 3978 πάλιν
1132 3924 1212 3994 τῷ
1238 3923 1467 3993 δικαστῇ
1495 3939 1556 3975 τε
1585 3923 1678 3975 καὶ
1712 3924 1878 3993 ἀκρο-

290 4018 422 4088 ατῇ,
456 4017 542 4067 ἵνα
574 4015 762 4069 λοιπον
791 4015 1023 4086 ἀπάρτι,
1055 4015 1152 4068 καὶ
1177 4017 1244 4083 ἣν
1275 4015 1368 4067 ἐπὶ
1393 4017 1456 4085 τῇ
1483 4014 1746 4084 προδοσίᾳ
1777 4015 1877 4083 τῆς

292 4106 477 4160 αὐτῶν
530 4106 814 4167 εὐσεϐείας
862 4107 1207 4175 ὑπέστημεν,
1253 4106 1552 4175 προστεθῇ,
1590 4103 1876 4174 γινώμεθα

291 4200 361 4270 δὴ
388 4201 484 4253 καὶ
502 4199 656 4269 ’πρὸς
676 4200 752 4272 τῷ
792 4200 1032 4270 ἐπηγγελ
1043 4200 1189 4269 μένῳ
1218 4199 1441 4272 ἐλέγχῳ
1487 4193 1564 4252 ῶν
1595 4200 1688 4252 ἐπὶ
1747 4202 1871 4261 ταῖς

294 4291 636 4358 θεολογικῶς
662 4284 808 4343 οὗτοι
855 4289 1133 4359 νεοφανῶν
1190 4268 1482 4344 ποιοῦνται
1512 4292 1728 4360 ῥήσεων
1749 4290 1877 4359 ἐξη-

294 4386 534 4453 γήσεων.
574 4384 639 4434 Τί
663 4385 770 4453 γάρ
792 4386 941 4435 ἐστιν
966 4384 994 4436 ὃ
1026 4383 1135 4436 τῶν
1172 4382 1349 4436 ἄλλων
1383 4383 1600 4436 πάντων
1654 4382 1884 4451 ὕστερον

295 4479 621 4546 ἐφευρόντες
668 4481 838 4546 φασίς
898 4476 975 4531 Τό
1032 4478 1101 4531 ἐκ
1157 4478 1386 4547 Πατρός
1437 4477 1526 4530 δι’
1587 4477 1723 4531 Υἱοῦ
1775 4477 1877 4530 ἐκ.

1959 2003 2297 2066 occluderel,
2346 2016 2528 2055 annon
2566 2000 2795 2055 hilarius
2826 1998 3054 2051 aﬂ'ectus
3084 2010 3200 2059 eos,
3252 1992 3343 2061 qui
3394 1991 3550 2043 unio-

1961 2110 2087 2150 nem
2122 2094 2399 2158 aﬂectant,
2434 2089 2877 2162 amplexabitur?
2929 2087 3055 2143 Haec
3101 2083 3317 2156 singula
3362 2083 3552 2150 itaque

1964 2201 1993 2240 a
2025 2185 2182 2240 nobis
2208 2195 2634 2241 commemorata
2656 2193 2808 2248 sunt,
2835 2190 2894 2236 ut
2921 2179 3054 2234 illud
3074 2175 3553 2245 comprobaretur,

1963 2293 2073 2332 non
2106 2277 2183 2332 ita
2216 2292 2437 2345 gravem
2477 2274 2781 2330 additionis
2813 2270 3225 2328 accusationem
3274 2282 3401 2336 erga
3449 2265 3559 2318 Ro.

1967 2381 2185 2421 manam
2218 2364 2520 2419 Ecclesium
2549 2364 2638 2425 iis,
2682 2362 2777 2432 qui
2810 2371 2934 2416 ante
2966 2376 3066 2414 nos
3094 2360 3268 2420 l‘uere,
3296 2352 3560 2427 quemad-

1969 2457 2194 2514 modum
2216 2457 2403 2527 iis,qni
2425 2472 2569 2511 nunc
2588 2457 2753 2509 vitam
2773 2453 3335 2524 agunt,existimatam
3353 2448 3522 2502 fuisse
3540 2462 3563 2499 :.

1962 2549 2213 2619 illudque
2230 2559 2494 2619 praeterea
2515 2565 2620 2603 nou
2643 2548 2715 2601 ita
2742 2560 2843 2599 nos
2860 2561 2889 2599 a
2906 2554 3053 2599 recto
3074 2551 3238 2613 atque
3254 2541 3452 2595 decoro
3473 2538 3559 2592 di-

1971 2652 2145 2698 motoS
2174 2643 2363 2705 fuisse,
2394 2653 2450 2695 ut
2476 2638 2802 2695 adversariis
2836 2637 3070 2701 videtur,
3095 2650 3218 2690 cum
3256 2633 3437 2689 studia
3459 2642 3560 2683 no-

1970 2744 2084 2791 stra
2116 2749 2216 2804 pro
2249 2734 2447 2787 unione
2483 2731 2847 2786 Ecclesiarum
2882 2727 3115 2782 ineunda
3144 2723 3558 2780 eolloeavimus.

1998 2824 1999 2829 “
2046 2828 2100 2883 9.
2163 2826 2371 2893 Quodsi
2399 2824 2678 2901 paululum
2714 2837 2814 2877 nos
2847 2822 2916 2876 de
2963 2818 3316 2889 dogmatibus
3348 2828 3562 2869 sermo-

1980 2935 2127 2983 nem,
2161 2932 2215 2974 et
2247 2919 2315 2974 de
2359 2918 2425 2974 iis
2455 2908 2864 2987 responsionem
2917 2913 3140 2968 diﬂ‘erre
3170 2917 3562 2980 prominentes,

1976 3021 2300 3082 tantmnque
2329 3021 2387 3065 ut
2433 3021 2673 3064 nostram
2714 3009 2768 3063 in
2808 3007 3051 3062 Graecam
3086 3006 3360 3058 nationem
3395 3004 3563 3055 henc-

1979 3107 2281 3161 Volentiam
2312 3085 2692 3174 probaremus,
2726 3100 2903 3156 iusius
2931 3097 3286 3174 nihilominus
3317 3092 3564 3164 longius-

1976 3214 2082 3267 que
2115 3212 2277 3266 quam
2303 3194 2627 3255 addecebat,
2656 3202 2857 3246 nostra:
2893 3192 2945 3244 in
2976 3166 3564 3243 Graecos'henevolen-

1973 3291 2059 3342 tiae
2088 3286 2461 3342 defensionem
2486 3284 2883 3355 protraximus,
2916 3284 3205 3336 materiam
3241 3276 3405 3330 nobis
3441 3288 3566 3326 ora-

1974 3380 2121 3434 tione
2151 3378 2561 3448 suppeditante,
2591 3386 2650 3430 et
2685 3376 2839 3444 plura
2878 3381 3140 3444 praeterea
3172 3368 3335 3423 dictis
3364 3380 3562 3436 super-

1975 3472 2177 3526 addere
2211 3472 2264 3525 in
2307 3482 2560 3540 promptu
2594 3469 2853 3531 habente,
2890 3466 2993 3519 nisi
3024 3479 3122 3518 nos
3165 3462 3343 3531 magis
3371 3473 3566 3513 neces-

1972 3566 2187 3621 sarium
2242 3570 2520 3618 certamen
2580 3563 2647 3614 ad
2702 3575 2763 3614 se
2799 3566 3040 3623 voraret,
3092 3559 3160 3610 de
3219 3550 3568 3622 dogmatibus

1975 3670 2171 3724 nempe
2204 3652 2509 3722 responsio.
2537 3651 2588 3705 si
2614 3649 2744 3716 quid
2775 3659 3018 3707 erratum
3057 3647 3110 3698 in
3147 3644 3249 3697 hoc
3275 3651 3378 3703 est,
3408 3653 3566 3709 atquo

1974 3749 2160 3802 animo
2184 3745 2469 3817 ignoscite.
2509 3741 2685 3813 Supra
2728 3756 2892 3810 porro
2922 3738 3222 3801 firmatam,
3256 3743 3309 3788 et
3338 3733 3423 3786 his
3449 3747 3567 3785 om-

1974 3842 2137 3897 nibus
2165 3837 2573 3895 constabilitam
2632 3833 2700 3887 de
2738 3830 3179 3887 adversariorum
3234 3826 3287 3880 in
3343 3824 3564 3883 Graecos

1976 3934 2105 3988 odio
2137 3929 2666 3986 demonstrationem
2731 3925 2785 3977 in
2835 3921 3160 3977 memoriam
3223 3917 3319 3972 tibi
3371 3929 3564 3970 rursus

1974 4024 2147 4095 judici
2180 4033 2235 4076 et
2286 4021 2522 4076 auditori
2576 4023 2924 4079 revocantes,
2952 4022 3008 4067 et
3058 4028 3203 4065 nunc
3245 4024 3347 4063 suo
3372 4007 3568 4063 ordino

1983 4132 2151 4186 quam
2210 4129 2311 4183 pro
2348 4110 2668 4166 earumdem
2721 4107 2942 4179 pietatis
2999 4102 3309 4175 proditione
3367 4115 3565 4154 noxam

1985 4206 2378 4266 sustinuimus,
2423 4201 2715 4271 adjiciatur
2742 4238 2758 4258 .
2835 4210 3178 4266 appenninus
3215 4194 3325 4257 jam
3375 4205 3573 4245 n'lanus

1985 4299 2276 4371 promissa:
2339 4291 2653 4349 refutatioui
2711 4303 2977 4344 novarmn
3034 4282 3571 4354 interpretationum.

1985 4405 2124 4461 quas
2183 4389 2259 4441 illi
2303 4388 2372 4441 de.
2430 4383 2752 4450 theologicis
2795 4380 2955 4435 dictis
2996 4376 3372 4445 pronuntiant.
3431 4372 3575 4437 Quid

1991 4482 2137 4535 enim
2173 4488 2278 4545 est,
2308 4477 2455 4548 quod
2507 4491 2651 4530 nunc
2686 4473 2906 4527 demum
2950 4469 3195 4524 omnium
3236 4474 3575 4535 postremum

295 4556 660 4636 πορεύεσθαι
695 4570 763 4623 τὸ
794 4569 1036 4637 Πνεῦμα
1077 4570 1142 4622 τὸ
1183 4569 1359 4639 ἅγιον
1418 4572 1491 4623 οὺ
1560 4571 1736 4638 φασὶ,
1767 4569 1864 4636 τὴν

1992 4573 2286 4627 commenti
2343 4568 2509 4624 sunt?
2561 4566 2644 4620 Ea:
2682 4561 2848 4617 Patre
2908 4578 3003 4632 per
3052 4557 3255 4612 Filium
3316 4555 3578 4625 Spiritum

295 4664 371 4718 ἐκ
396 4665 629 4731 Πατρὸς
667 4662 741 4716 δι’
766 4664 898 4716 Υἰοῦ
922 4662 1186 4730 ὕπαρξιν
1213 4664 1539 4733 σημαίνειν
1558 4662 1667 4718 τοῦ
1698 4664 1883 4717 "reti-

294 4771 504 4823 ματρς,
533 4755 694 4808 ἀλλὰ
722 4756 788 4807 τὸ
820 4753 916 4806 διὰ
959 4753 1065 4806 τοῦ
1094 4755 1134 4805 Υ
1133 4755 1227 4807 Ιοῦ
1263 4755 1495 4823 διήκειν
1517 4757 1665 4810 αὐτὸ
1703 4756 1884 4809 ἐκπο-

295 4850 628 4916 ρευόμενον
650 4848 718 4901 ἐκ
745 4851 998 4914 Πατρός.
1045 4846 1183 4914 Ἐγὼ
1211 4847 1266 4900 δὲ
1294 4849 1346 4900 τί
1392 4850 1507 4903 ἐστι
1533 4852 1593 4903 τὸ
1638 4849 1879 4919 διήκειν

299 4938 461 4990 τοῦτο
480 4940 579 4990 οὐκ
596 4934 735 4997 οἶδα,
770 4940 865 4992 καὶ
889 4938 1010 4991 ὅθεν
1039 4939 1222 5000 αὐτοῖς
1246 4940 1278 5010 ἠ
1305 4938 1401 4992 τοῦ
1434 4941 1672 5009 διήκειν
1690 4945 1884 4999 τούτου

302 5029 480 5082 ἔννοια
511 5025 638 5101 ἧκε,
661 5030 924 5098 διαπορῶ.
951 5029 1063 5084 Καὶ
1089 5030 1268 5084 πάντα
1292 5031 1550 5102 λογισμὸν
1570 5036 1720 5090 ἔνδον
1751 5039 1884 5091 ἁνα-

300 5122 494 5187 κινῶν,
532 5124 579 5174 εί
607 5121 724 5184 πῶς
752 5122 817 5175 ἂν
836 5123 962 5187 ἔξω,
996 5122 1101 5175 κᾶν
1123 5122 1254 5189 γοῦν
1301 5125 1563 5193 ἀμυδρῶς
1606 5145 1656 5179 τι
1685 5130 1881 5199 νοῆσαι

304 5216 438 5287 περὶ
461 5216 626 5268 αὐτοῦ
649 5215 805 5268 οὐδέν
828 5233 880 5269 τι
913 5215 1075 5268 πλέον
1100 5215 1198 5285 τῆς
1216 5200 1454 5287 ἀπορίας.
1471 5218 1611 5289 ἔχων
1630 5221 1887 5290 εὑρίσκο-

310 5323 440 5377 μαιο
467 5308 607 5375 πλὴν
632 5308 680 5359 εί
718 5308 792 5377 μή
819 5324 938 5359 τινα
973 5307 1127 5378 ῥύσιν
1155 5306 1336 5362 νοοῦσι
1370 5309 1626 5379 θεότητος
1654 5312 1778 5364 καθ’
1820 5315 1889 5382 ἣν

306 5405 374 5453 ὲκ
394 5400 603 5468 Πατρὸς
627 5397 696 5452 δι’
711 5396 842 5451 Υίοῦ
860 5398 925 5451 τὴ
942 5400 1165 5469 Πνεῦμα
1181 5400 1425 5470 προϊέναι
1455 5399 1691 5470 ἐροῦσιν.
1730 5404 1891 5458 Ἀλλὰ

304 5491 468 5546 τοῦτο
496 5494 595 5562 τῆς
632 5493 742 5544 τῶν
772 5492 1041 5558 λεγόντων
1073 5494 1172 5547 οὐκ
1202 5494 1318 5547 ἔστι
1378 5494 1665 5553 συνέσεως.
1721 5496 1890 5548 Συνε-

303 5585 435 5646 τοὺς
469 5588 578 5655 γὰρ
603 5581 746 5637 εἶναι
778 5588 903 5647 τοὺς
942 5586 1142 5654 ἄνδρας
1170 5585 1439 5655 ὁμολογῶ,
1478 5586 1703 5658 άληθῶς
1761 5591 1892 5661 μέν-

302 5693 389 5729 τοι
430 5676 535 5728 ὑπ),
564 5677 765 5739 κακίας
816 5679 1271 5748 ἁμαυρουμένους
1323 5681 1422 5747 τὴν
1476 5678 1714 5734 σύνεσιν.
1765 5682 1892 5735 Ὅτι

303 5769 360 5822 δὲ
384 5770 533 5839 ὅμως
562 5786 627 5838 γε
674 5772 905 5834 συνετοὶ,
953 5770 1158 5839 σφόδρα
1181 5770 1451 5840 διαπορῶ.
1508 5771 1631 5824 ὅθεν
1687 5772 1738 5825 οἱ
1775 5790 1892 5827 τοι·

309 5862 459 5918 οὗτοι
487 5863 639 5927 ὄντες
694 5862 1006 5932 κινούμενοι
1057 5863 1154 5933 τὴν
1185 5862 1334 5928 λέξιν
1374 5865 1579 5935 ταύτην
1613 5865 1726 5931 τοῦ,
1761 5865 1893 5935 διή-

1984 4674 2226 4719 sanctum
2277 4660 2564 4730 procedere
2618 4663 2880 4718 asserunt,
2950 4668 3056 4707 non
3104 4659 3288 4703 notare
3322 4662 3387 4700 ex
3417 4645 3580 4699 Putre

1988 4775 2079 4825 per
2116 4757 2320 4811 Filium
2365 4753 2732 4809 eminentiam
2773 4749 3012 4820 Spiritus
3040 4787 3055 4810 ,
3107 4747 3200 4798 sed
3246 4760 3338 4815 per
3375 4738 3578 4794 Filium

1985 4855 2266 4921 pervadere
2310 4849 2482 4917 ipsum
2524 4860 2589 4899 ex
2622 4842 2785 4897 Patre
2837 4841 3220 4911 procedentem.
3281 4834 3395 4905 Ego
3425 4846 3579 4898 vero,

1987 4945 2245 5015 quidnam
2275 4942 2344 4996 sit
2375 4940 2479 4994 hoc
2506 4938 2811 5005 pervadere,
2846 4934 3097 4989 nondum
3134 4930 3369 4998 novi,‘_et
3401 4927 3577 4979 unde-

1990 5053 2118 5090 nam
2171 5036 2307 5105 ipsis
2342 5030 2731 5102 hujuscemodi
2784 5025 3164 5098 persuasionis
3204 5021 3467 5091 cogitatio
3522 5019 3575 5070 in

1991 5136 2232 5182 mentem
2289 5124 2533 5188 advenit,
2569 5123 2812 5176 nomium
2848 5121 3024 5188 capio,
3056 5127 3111 5172 et
3155 5115 3336 5169 omnia
3392 5110 3578 5165 animo

1992 5218 2455 5279 circumvolvens,
2495 5215 2745 5284 utipsius
2782 5214 2864 5266 vel
2897 5209 3223 5264 imbecillam
3248 5203 3576 5261 sententiam

1993 5323 2278 5378 assequar,
2309 5306 2488 5360 nihilo
2546 5306 2733 5359 minus
2786 5306 2839 5357 in
2871 5302 3059 5357 eadem
3113 5311 3328 5365 semper
3362 5292 3582 5370 dubita-

1992 5400 2142 5452 tione
2210 5408 2375 5466 atque
2432 5395 2770 5450 obscuritate
2848 5389 3248 5447 circumvolvor
3283 5403 3296 5441 :
3338 5384 3440 5438 nisi
3473 5384 3578 5451 ipsi

1994 5488 2198 5542 [luxum
2251 5486 2545 5557 quemdam
2604 5483 2831 5538 Deitatis
2883 5480 3208 5547 intelligant,
3267 5476 3575 5530 secundum

1996 5596 2158 5649 quem
2203 5596 2267 5633 ex
2313 5579 2471 5631 Patre
2522 5593 2617 5646 per
2652 5574 2851 5631 Filium
2876 5574 3138 5643 Spiritum
3173 5570 3468 5639 procedere
3497 5566 3581 5621 di-

1996 5680 2151 5728 runt.
2198 5671 2585 5725 Verruntamen
2663 5669 2766 5720 hoc
2855 5664 3216 5720 asserentium
3281 5657 3582 5728 prudentia:

1997 5763 2281 5820 evidenter
2320 5765 2663 5815 adversatur.
2722 5757 2921 5813 Fateor
2963 5757 3237 5826 siquidem
3286 5755 3581 5826 prudentes

2000 5857 2246 5916 homines
2293 5870 2433 5919 esse,
2492 5854 2618 5909 licet
2678 5853 3027 5923 itnprobitate
3079 5851 3397 5907 eorumdem
3452 5862 3581 5903 vero
