3962 6442
454 376 562 447 983

1491 385 1705 449 JOAN.
1745 388 1963 451 VECCI
2003 393 2112 455 CP.
2155 395 2670 462 PATRIARCHA!
3616 404 3701 477 98%

459 494 756 562 prudentia
798 495 1147 554 obscuretur.
1194 496 1465 567 Quoniam
1515 515 1646 557 vero
1688 502 2041 561 nihilominus

2153 527 2304 577 κείν,
2335 511 2587 586 ἐφεῦρον,
2637 515 2719 578 είς
2753 514 3033 588 ἀναίρεσιν
3057 517 3203 587 rixa
3261 516 3365 586 τῆς
3388 514 3458 570 δι’
3487 515 3609 571 Υίοῦ
3648 520 3700 573 ὲκ

460 584 752 647 prudentes
778 599 927 649 sunt.
971 590 1061 645 diu
1098 605 1312 646 mecum
1353 591 1700 664 multumque
1744 610 2041 665 suspensas

460 674 633 730 habeo
684 680 961 746 rationes,
1015 681 1288 739 undenam
1313 683 1513 740 similis
1563 689 1729 742 sortis
1792 688 2042 748 homines

458 769 591 822 moti
614 771 931 837 perradendi
960 773 1252 831 dictionem
1285 777 1683 843 adinvencrint,
1716 780 1781 835 ad
1811 783 2043 837 sanctis-

461 861 587 915 simi
622 872 675 916 ct
702 866 829 920 vita:
855 865 1122 937 principis
1158 866 1398 938 Spiritus
1430 885 1493 925 ex
1530 870 1687 927 Patre
1714 888 1810 944 per
1839 871 2037 929 Filium

452 955 801 1010 essentialem
865 958 1244 1014 exsistenliam
1308 962 1697 1018 destruendam
1732 1004 1749 1030 ,
1804 974 1859 1019 et
1912 981 2036 1021 cum

452 1044 625 1099 multa
659 1047 937 1104 curiosius
967 1051 1244 1118 examino,
1281 1052 1499 1107 tandem
1546 1064 1885 1126 anteceptam
1920 1056 2039 1109 ani—

449 1150 541 1190 mo
582 1138 896 1207 Opinionem
953 1142 1212 1197 similium
1250 1144 1622 1201 inventionum
1664 1161 1885 1202 causam
1919 1164 2039 1204 esse

448 1228 709 1297 dijud’co.
774 1232 838 1288 Et
899 1235 1176 1303 quodnam
1235 1237 1383 1291 aliud
1436 1252 1466 1291 a
1533 1248 1682 1293 recto
1736 1254 2039 1310 sccuroque

445 1318 657 1387 judicio
684 1338 928 1392 unquam
962 1328 1221 1380 aberrare
1270 1325 1435 1381 faciet
1466 1329 1735 1396 animum,
1771 1331 1862 1402 qui
1902 1332 2038 1387 alias

448 1411 750 1479 prudenter
801 1414 870 1470 de
901 1416 1272 1474 inridentébus
1311 1418 1574 1488 judicium
1628 1419 1769 1474 ferre
1814 1418 2039 1489 potest?

449 1499 519 1553 Et
565 1503 730 1573 hujus
761 1506 983 1577 signum
1014 1510 1387 1565 certissimum
1419 1522 1525 1575 est,
1551 1512 1698 1581 quod
1741 1527 1848 1566 non
1892 1513 2035 1582 apud

450 1592 668 1662 aliquos
694 1596 798 1652 hoc
833 1598 1021 1664 modo,
1055 1602 1198 1671 apud
1241 1603 1380 1658 alios
1404 1618 1529 1658 vero
1554 1603 1686 1668 alio,
1717 1603 1784 1658 de
1807 1604 2036 1658 dissidio

447 1683 773 1743 Latinorum
817 1701 980 1761 atque
1028 1692 1343 1750 Graecorum
1383 1706 1605 1766 propter
1648 1710 1735 1751 res
1771 1696 2034 1750 ecclesia-

448 1779 617 1835 sticas
643 1782 983 1848 enuntiatur,
1018 1785 1111 1841 sed
1149 1785 1292 1857 apud
1339 1802 1530 1843 omnes
1577 1802 1687 1842 uno
1713 1802 1808 1841 ore
1837 1788 2037 1843 asseri-

2148 602 2366 674 Πατρδς
2397 605 2695 668 ούσιώδους
2726 607 3018 677 ὑπάρξεως
3044 606 3139 662 τοῦ
3179 606 3457 674 παναγίου
3501 607 3591 661 καὶ
3616 606 3704 671 ζων

2146 692 2376 761 αρχικοῦ
2431 695 2771 765 Πνεύματος.
2824 697 3002 751 Πολλά
3045 696 3101 751 δὲ
3123 696 3220 750 τὸν
3256 697 3395 767 περὶ
3422 695 3604 750 τούτου
3631 715 3708 752 πο-

2143 784 2551 857 λυπραγμονων
2614 790 2793 867 λόγον,
2846 791 3003 860 μόλις
3048 792 3109 843 τὸ
3172 790 3706 861 προκατειλημμένον

2142 880 2210 950 τῇ
2266 878 2394 952 δόξῃ
2454 880 2629 935 αἴτιον
2657 878 2797 935 εἶναι
2844 881 2956 937 τῶν
3004 881 3277 935 τοιούτων
3338 870 3708 949 ἐφευρημάτων

2140 968 2510 1039 διαγινώσκω.
2543 973 2654 1026 Καὶ
2683 973 2736 1026 τί
2761 976 2871 1044 γὰρ
2903 973 3032 1028 ἀλλο
3061 973 3163 1043 τῆς
3193 970 3478 1041 ἀσφαλοῦς
3500 971 3705 1038 διαγνώ-

2143 1076 2282 1122 σεως
2309 1061 2700 1131 ἀποπλανήσει
2730 1063 2864 1115 ποτὲ
2907 1062 3106 1133 ψυχὴν,
3155 1061 3408 1122 συνετῶς
3434 1059 3706 1128 διακρίνειν

2138 1148 2208 1202 τὰ
2232 1149 2694 1220 παρεμπίπτοντα
2710 1152 3015 1222 δυναμένην
3046 1168 3060 1217 ;
3096 1151 3214 1204 Καὶ
3239 1150 3440 1203 τούτου
3473 1149 3708 1218 ἐχέγγυον
3768 1146 3771 1155 λ

2140 1239 2376 1308 ἀσφαλὲς
2399 1239 2509 1310 ἔχω
2536 1241 2594 1294 τὸ
2615 1241 2691 1311 μὴ
2711 1242 2862 1311 παρὰ
2894 1242 2993 1314 μὲν
3014 1244 3129 1305 τοῖς
3151 1240 3329 1303 οὕτω,
3362 1239 3515 1309 παρά
3532 1239 3586 1292 δὲ
3616 1242 3710 1302 τοῖς

2137 1331 2282 1386 οὕτω
2304 1334 2402 1404 τὴν
2443 1333 2537 1387 ὲπὶ
2586 1336 2697 1397 τοῖς
2725 1333 3213 1405 ἐκκλησιαστικοῖς
3250 1330 3561 1399 λογίζεσθαι
3580 1330 3712 1398 Γραι-

2137 1424 2251 1477 κῶν
2290 1424 2384 1477 καὶ
2421 1423 2668 1476 Λατίνων
2712 1423 3017 1489 διάστασιν,
3053 1422 3211 1492 παρά
3248 1422 3308 1475 δὲ
3341 1422 3508 1475 πᾶσιν
3536 1420 3700 1483 ἁπλῶς

2140 1514 2253 1567 ἴσον
2284 1512 2597 1580 λογίζεσθαι
2637 1513 2736 1582 τῆς
2774 1513 3064 1578 εὐσεϐείας
3118 1514 3410 1575 ἐκπεσεῖν,
3439 1513 3533 1565 καὶ
3569 1512 3707 1566 Δατί·

2137 1622 2259 1669 νους
2285 1608 2457 1659 εἰπεῖν
2478 1606 2745 1661 εὐσεϐεῖν.
2772 1606 3042 1659 Τοσοῦτον
3069 1607 3186 1677 γὰρ
3218 1605 3281 1659 τὸ
3309 1603 3408 1659 τοῦ
3444 1603 3710 1675 σχίσματος

2136 1701 2350 1768 χρόνιον
2371 1699 2467 1769 τὴν
2487 1699 2681 1763 ἄλογον
2703 1696 2907 1767 ταύτην
2932 1697 3283 1766 ὲπεκράτυνε
3302 1696 3482 1760 δόξαν,
3500 1694 3572 1758 ὥς
3585 1713 3708 1758 τινας

2138 1789 2269 1860 περὶ
2327 1788 3124 1858 συνελεύσεωςῆδιαστάσεως
3179 1787 3359 1857 ἄλλης
3415 1785 3708 1854 ἡστινοσοῦν

447 1881 557 1934 tur,
596 1872 786 1927 eadem
844 1875 897 1928 in
938 1875 1095 1932 lance
1133 1892 1280 1945 esse,
1309 1894 1337 1931 a
1395 1879 1595 1948 pietate
1623 1878 1952 1940 abscedere,
1984 1887 2039 1933 et

2147 1878 2429 1943 διαθέσεως
2460 1879 2715 1933 Λατίνων
2762 1879 2856 1931 καὶ
2897 1878 3154 1949 Γραικῶν
3188 1880 3373 1932 εἰπεῖν
3428 1874 3704 1948 βούλεσθαι,

447 1959 680 2018 Latinos
731 1965 989 2034 pietatem
1057 1968 1240 2023 colere
1290 1985 1627 2025 asseverare.
1679 1970 2034 2025 Intervallum

448 2055 723 2124 siquidem
777 2058 1095 2114 schismatis
1130 2061 1267 2115 adeo
1301 2062 1522 2131 longum
1575 2076 1834 2117 vesanam
1891 2063 2035 2120 hanc

2143 1973 2237 2023 καὶ
2267 1971 2447 2037 λέγειν
2468 1970 2544 2034 ὡς
2567 1970 2893 2042 Χριστιανός
2926 1986 3010 2033 τις
3059 1969 3159 2022 καὶ
3184 1969 3427 2029 Λατῖνος
3456 1967 3643 2028 οὕτως.
3680 1964 3705 2034 ἢ

2144 2062 2262 2116 τόδε
2320 2062 2353 2133 ἢ
2398 2062 2520 2116 τόδε
2561 2061 2699 2134 πρὸς
2726 2061 2995 2134 ἀλλήλους
3051 2057 3240 2127 εἶπον,
3288 2059 3323 2130 ἢ
3356 2057 3706 2128 διεπράξαντο.

447 2146 762 2216 opinionem
840 2151 1242 2217 corroboravit,
1282 2161 1342 2207 ut
1412 2152 1635 2223 quidam
1689 2169 1814 2210 cum
1870 2155 1937 2209 de
1968 2169 2271 2223 congressu
2307 2162 2474 2223 atque
2526 2152 2782 2221 dissidio,
2859 2153 2947 2208 vel
2996 2153 3187 2223 aliqua
3259 2153 3371 2208 alia
3417 2151 3634 2213 actione,
3664 2147 3705 2198 in

446 2239 649 2308 quibus
683 2242 916 2301 Latinus
947 2254 999 2300 et
1045 2245 1273 2301 Graecus
1346 2248 1703 2314 conveniunt,
1755 2265 2063 2307 sermonem
2107 2252 2326 2314 habent,
2384 2250 2469 2306 sic
2521 2249 2920 2319 pronuntient,
2981 2247 3346 2304 Christianus
3416 2245 3627 2316 quidam
3655 2250 3699 2298 et

449 2330 680 2390 Latinus
712 2335 854 2391 lnmc
890 2336 976 2391 vel
1033 2336 1086 2390 in
1125 2338 1543 2394 hunc'tnodum
1569 2378 1584 2405 ,
1646 2341 1749 2396 hoc
1782 2343 1866 2396 vel
1898 2342 2027 2397 illud
2070 2344 2212 2399 inter
2269 2360 2328 2399 se
2364 2343 2620 2400 collocuti
2654 2353 2782 2398 sunt
2811 2352 2908 2398 aut
2949 2351 3313 2412 peregerunt.

521 2427 611 2483 10.
641 2428 872 2496 Quando
902 2431 1068 2502 igitur
1105 2448 1299 2489 omnes
1348 2435 1523 2489 nostri
1566 2437 1752 2491 animo
1785 2438 1857 2490 ita
1892 2451 2033 2505 pra:-

449 2523 702 2588 occupati
730 2534 883 2590 sunt,
916 2531 975 2578 nt
1023 2525 1091 2581 ad
1125 2523 1488 2581 diﬂ‘erentiam
1518 2526 1821 2582 Christiani
1853 2526 2033 2581 Latini

452 2630 649 2670 nomen
704 2624 897 2672 contra
942 2626 1246 2693 apponant,
1276 2618 1407 2688 quid
1452 2619 1523 2673 ibi
1551 2634 1778 2689 prorsus
1817 2618 2036 2689 excngi-

449 2707 556 2760 tari
609 2708 814 2777 poterit
838 2709 973 2765 satis
995 2709 1062 2764 ad
1099 2721 1363 2779 utrasque
1394 2716 1578 2779 partes
1613 2710 2035 2765 conciliandas?

449 2799 591 2865 Quid
622 2815 753 2854 vero
778 2801 894 2855 haec
926 2799 1151 2870 profero
1177 2801 1244 2855 de
1278 2801 1365 2865 iis,
1396 2803 1489 2870 qui
1517 2799 1713 2855 similia
1747 2806 1805 2854 et
1830 2789 2030 2865 dicere,

450 2901 505 2945 et
537 2891 818 2962 inquirere
872 2893 985 2959 apti
1041 2899 1192 2957 sunt,
1230 2891 1321 2945 ubi
1369 2900 1425 2945 et
1474 2891 1732 2947 mulieres
1774 2900 1829 2945 et
1878 2893 2035 2960 pueri

453 2983 637 3037 adhuc
672 2984 724 3037 in
765 2983 1035 3054 gynmceis
1088 2982 1467 3048 immorantes,
1515 2990 1569 3037 et
1602 2982 1731 3043 viri,
1761 2983 1855 3051 qui
1893 2981 2034 3036 nihil

452 3085 649 3144 prta-ter
672 3074 1021 3143 agriculturae
1052 3081 1108 3128 et
1135 3073 1260 3126 vilis
1318 3072 1555 3143 alicujus
1588 3071 1804 3127 artiﬁcii
1850 3072 2034 3127 scien-

2219 2444 2271 2491 t'.
2299 2438 2477 2493 Ὅπου
2504 2437 2636 2503 γοῦν
2669 2438 2728 2502 ἐς
2758 2435 3016 2491 τοσοῦτον
3044 2436 3274 2498 πάντως
3312 2435 3422 2488 τῶν
3456 2431 3706 2505 ἡμετέρων

2144 2533 2700 2604 προκατελήφθησαν,
2744 2531 2821 2595 ὡς
2847 2532 2928 2593 είς
2956 2528 3260 2599 διαστολὴν
3293 2526 3618 2596 Χριστιανοῦ
3657 2524 3705 2577 τὺ

2142 2621 2236 2674 τοῦ
2299 2623 2533 2677 Λατίνου
2592 2622 2912 2690 λογίζεσθαι
2969 2619 3173 2690 ὄνομα,
3218 2617 3275 2671 τί
3327 2618 3395 2671 ἂν
3445 2616 3577 2678 ὅλως
3608 2615 3702 2668 ἐκεῖ

2142 2714 2419 2783 λογισθείη
2456 2715 2596 2785 πρὸς
2619 2713 2969 2783 καταλλαγὴν
3002 2713 3111 2764 τῶν
3165 2709 3500 2781 ἀμφοτέρων
3553 2706 3703 2777 μερῶι

2144 2804 2366 2869 ίκανὸν;
2400 2806 2509 2858 Καὶ
2541 2805 2595 2857 τί
2624 2804 2771 2874 λέγω
2811 2802 2944 2874 περὶ
2986 2802 3222 2856 τοιαῦτα
3279 2802 3458 2870 λέγειν
3484 2800 3571 2852 καὶ
3624 2796 3704 2862 ζη-

2143 2896 2258 2948 τεῖν
2304 2894 2495 2960 ἀξίων,
2519 2895 2655 2947 ὅπου
2680 2894 2776 2948 καὶ
2804 2894 3065 2961 γυναῖκες
3100 2892 3202 2944 καὶ
3251 2891 3467 2953 παῖδες,
3496 2888 3573 2941 ἔτι
3595 2886 3703 2954 rupi

2143 2990 2244 3056 τὴν
2269 2988 2658 3055 γυναικωνῖτιν
2685 2984 3188 3056 ἀναστρεφόμενοι,
3223 2985 3322 3037 καὶ
3385 2981 3569 3050 ἄνδρες
3612 2977 3701 3030 τῶν

2143 3078 2282 3142 ὅλως
2322 3078 2475 3131 οὐδὲν
2510 3077 2822 3148 γεωργικοῦ
2852 3076 3069 3148 ἢᾶλλου
3098 3077 3256 3139 τινὸς
3299 3076 3567 3147 βαναύσου
3609 3069 3700 3141 βίον

453 3168 528 3220 tia
563 3162 820 3235 pollent,
839 3166 893 3220 in
932 3166 1173 3220 maximo
1213 3165 1421 3220 scelere
1456 3175 1687 3234 ponunt,
1733 3172 1787 3219 et
1818 3164 1884 3217 de
1917 3164 2026 3218 cri-

2147 3169 2300 3222 πλέον
2332 3170 2554 3225 είδὸτων
2603 3159 2862 3239 ’μεγάλου
2899 3168 3260 3239 ἐγκλήματος
3317 3167 3575 3237 κρίνουσι,
3597 3159 3700 3220 τοὺς

453 3257 603 3313 mine
649 3273 745 3314 eos
807 3267 1097 3322 accusant,
1145 3257 1238 3326 qui
1272 3256 1357 3310 vel
1412 3255 1626 3310 hiscere
1686 3254 1907 3318 audent,
1968 3253 2037 3307 ad

452 3350 882 3406 ecclesiasticam
914 3363 1101 3419 pacem
1139 3345 1618 3417 comprobandum
1642 3346 1666 3400 ?
1688 3332 1854 3412 Quod
1884 3344 2032 3401 enim

454 3446 598 3497 inter
635 3450 857 3495 sanctos
904 3440 959 3494 in
998 3438 1325 3508 theOIOgicis
1347 3437 1775 3492 scientissimum
1835 3436 2036 3505 reperi,

455 3532 830 3603 Gregorium,
885 3532 1134 3600 inquam,
1185 3527 1493 3601 Nysscnum
1526 3569 1542 3594 ,
1603 3530 1672 3584 de
1715 3528 2033 3584 exsistentia

455 3626 580 3682 Filii
609 3625 727 3693 Dei,
770 3639 892 3695 quae
918 3639 981 3678 ea
1015 3632 1175 3679 aetate
1207 3624 1261 3678 in
1300 3624 1676 3679 controversia
1704 3633 1822 3677 erat
1852 3623 2041 3678 dicen-

459 3729 564 3773 tem
601 3734 614 3769 :
654 3716 797 3773 Abiit
847 3717 1109 3787 quispiam
1143 3716 1198 3769 iii
1232 3714 1522 3783 balineum,
1555 3732 1660 3770 non
1688 3715 1950 3784 quomodo
1975 3730 2040 3768 ea:

458 3810 664 3863 balineo
694 3808 954 3861 Dominus
994 3824 1123 3861 suus
1157 3807 1443 3860 utilitatem
1483 3808 1685 3876 capiat,
1738 3809 1935 3861 discere
1960 3807 2043 3860 in-

414 3932 425 3941 -
454 3894 642 3971 quirit,
691 3901 781 3956 sed
816 3919 883 3954 an
916 3916 980 3954 ea:
1009 3901 1099 3964 iis,
1149 3914 1266 3969 qua:
1299 3916 1403 3953 non
1441 3910 1585 3967 sunt,
1620 3916 1690 3953 an
1726 3916 1846 3955 vero
1879 3915 1944 3954 ea:
1971 3900 2041 3956 iis

458 4012 575 4066 qua:
607 4004 753 4060 sunt,
783 3992 963 4048 Filius
994 3994 1085 4058 sit,
1117 3994 1433 4061 interrogat.
1469 3993 1615 4047 Abiit
1657 3995 1798 4049 alius
1825 3996 1882 4049 in
1923 4012 2042 4049 ma-

462 4086 677 4150 cellum,
726 4095 775 4140 et
830 4103 933 4139 non
986 4096 1247 4155 quantum
1302 4086 1368 4138 sit
1426 4085 1574 4138 illius
1609 4087 1862 4154 pretium,
1899 4086 2042 4157 quod

460 4182 642 4235 t'enale
686 4180 1022 4249 proponitur,
1069 4180 1309 4248 indagat,
1359 4178 1450 4232 sed
1487 4180 1826 4248 quastionem
1872 4180 1935 4231 de
1976 4178 2042 4231 iis

459 4287 579 4341 qua:
604 4279 746 4336 sunt,
776 4281 824 4323 et
858 4270 922 4323 de
953 4270 1020 4322 iis
1047 4284 1163 4337 qua:
1194 4284 1298 4322 non
1328 4277 1448 4323 sunt
1476 4284 1592 4320 cum
1620 4268 1708 4329 iis,
1739 4268 1841 4342 qui!
1859 4266 1932 4319 ibi
1967 4280 2046 4318 re—

460 4365 757 4431 periuntur,
796 4370 1008 4425 movet;
1045 4360 1151 4414 hoc
1198 4360 1362 4415 etiam
1417 4376 1562 4415 nunc
1608 4360 1660 4411 iu
1695 4358 1952 4411 omnibus
1992 4363 2047 4409 et

461 4468 559 4523 per
587 4453 768 4505 omnia
808 4451 917 4505 fere
954 4450 1138 4520 peragi
1172 4451 1472 4519 comperio,
1506 4458 1559 4504 et
1597 4450 1750 4518 pueri
1791 4447 1855 4500 in
1901 4447 2042 4502 ludis

2144 3263 2341 3333 μικρὸν
2395 3261 2527 3329 γοῦν
2574 3277 2630 3314 τι
2700 3260 3022 3332 τολμῶντας
3072 3259 3395 3330 ύπογρύξαι
3456 3255 3586 3328 πρὸς
3620 3249 3698 3319 τὴν

2138 3351 2237 3421 τῆς
2302 3352 2772 3423 ἑκκλησιαστικῆς
2829 3352 3077 3422 είρήνηςξ
3131 3351 3487 3413 συναίνεσιν;
3539 3346 3690 3408 Ὅπερ

2142 3444 2252 3513 γὰρ
2299 3445 2390 3495 τὸν
2433 3445 2492 3495 ὲν
2529 3442 2709 3511 ἁγίοις
2738 3440 3209 3510 θεολογικὼτατον
3251 3434 3436 3511 εὗρον,
3461 3437 3547 3490 τὸν
3573 3434 3695 3488 Νυσ-

2145 3549 2242 3602 σης
2293 3531 2438 3599 λέγω
2468 3532 2797 3603 Γρηγὸριον,
2832 3533 2963 3601 περὶ
2986 3531 3088 3601 τῆς
3140 3531 3281 3586 κατ’
3324 3530 3498 3583 ἐκεῖνο
3531 3519 3693 3590 καιροῦ

2141 3622 2604 3691 λογοποιούμενον
2633 3623 2927 3694 ὑπάρξεως
2987 3622 3085 3676 τοῦ
3136 3621 3273 3676 Υίοῦ
3328 3619 3424 3673 τοῦ
3464 3616 3589 3670 Θεοῦ
3628 3610 3695 3663 λέ-

2142 3734 2307 3787 γοντα
2324 3734 2340 3749 ·
2375 3709 2531 3781 οὗτος
2559 3718 2691 3787 γὰρ,
2706 3715 2972 3784 Ἀπῆλθέ
2987 3732 3079 3781 τις
3103 3716 3173 3780 ἐς
3183 3712 3539 3781 βαλανεῖον,
3556 3702 3688 3775 φησι,

2143 3811 2245 3865 καὶ
2292 3812 2406 3880 οὐχ
2430 3810 2595 3878 ὅπως
2622 3809 2747 3873 ἕξει
2783 3809 3109 3877 θεραπείαν
3133 3811 3166 3863 ό
3191 3808 3413 3875 Κύριος
3442 3796 3616 3856 αὐτοῦ
3633 3794 3688 3847 ἐκ

2143 3901 2250 3959 τοῦ
2291 3902 2607 3967 βαλανέως
2638 3900 2856 3971 μαθεῖν
2902 3900 3164 3965 ἀπαιτεῖ,
3210 3901 3349 3955 ἀλλ’
3373 3899 3425 3951 εί
3447 3895 3512 3957 ἐξ
3533 3891 3692 3946 ὄντων

2143 3993 2184 4063 ἢ
2205 3993 2274 4058 ἐξ
2297 3996 2409 4048 οὐκ
2437 3993 2630 4047 ὄντων
2656 3997 2687 4048 δ
2715 3995 2870 4058 mc,
2895 3992 3101 4062 ἐρωτᾷ.
3131 3992 3243 4047 Kat
3278 3986 3510 4056 ἀπῆλθέ
3546 3999 3623 4045 τις
3640 3976 3690 4040 ἐς

2145 4084 2617 4154 τὴνμακέλλην,
2643 4085 2744 4139 καὶ
2768 4084 2902 4152 οὐχὶ
2924 4084 3127 4137 πόσον
3151 4081 3384 4151 τιμᾶται
3414 4093 3486 4131 το
3501 4072 3587 4127 ἐπ’
3601 4070 3687 4122 αὖα

2145 4176 2258 4246 τῆς
2287 4178 2718 4245 προτιθέμενον
2733 4175 2932 4241 ὢνιον,
2952 4173 3345 4244 lorea/parsi,
3364 4167 3517 4225 ἀλλὰ
3543 4163 3602 4218 τὸ
3633 4156 3688 4246 ἐξ

2148 4244 2341 4320 ὄντων
2357 4268 2456 4320 καὶ
2470 4244 2540 4331 ἐξ
2568 4268 2682 4320 οὐκ
2703 4264 2897 4318 ὄντων
2919 4266 3007 4330 εἰς
3023 4263 3281 4332 ζήτησιν
3291 4259 3441 4330 μετὰ
3464 4253 3572 4309 τῶν
3588 4244 3691 4303 ἐκεῖ

2146 4355 2598 4428 εὑρισκομένων
2624 4356 2966 4425 προτίθεται
2991 4373 3005 4386 ·
3039 4355 3202 4409 τοῦτο
3229 4353 3323 4405 καὶ
3357 4349 3447 4401 νῦν
3488 4348 3542 4397 ὲν
3573 4339 3682 4393 πᾶσι

2149 4450 2243 4504 καὶ
2280 4449 2369 4504 διὰ
2400 4450 2623 4503 πάντων
2655 4448 2846 4519 σχεδὸν
2870 4446 3116 4517 εὑρίσκω
3138 4446 3440 4515 γινόμενον,
3469 4432 3555 4489 καὶ
3580 4428 3683 4519 ποῖ·

463 4543 772 4607 litterariis,
808 4550 862 4595 et
898 4542 1157 4595 mulieres
1196 4541 1249 4595 in
1286 4541 1628 4597 convictibus
1658 4538 1803 4593 inter
1844 4554 1903 4593 se
1936 4536 2040 4593 fusi

2147 4543 2235 4606 δες
2276 4543 2378 4608 μὲν
2412 4543 2468 4604 ἐς
2494 4516 2865 4598 διδασκαλεῖα,
2899 4516 3162 4606 γυναῖκες
3187 4535 3246 4588 δὲ
3281 4535 3338 4585 ἐν
3372 4523 3458 4589 αἷς
3497 4516 3680 4608 ποιοῦνξ

467 4635 684 4701 colique
746 4633 941 4705 gratia,
1000 4646 1212 4687 necnon
1266 4633 1521 4703 agricolae
1570 4630 1864 4699 caeterique
1925 4628 2042 4693 alii,

467 4728 669 4782 vilibus
697 4727 947 4781 attiliciis
983 4727 1207 4791 addicti,
1238 4741 1409 4780 unum
1465 4725 1629 4793 idque
1670 4722 1825 4792 prius
1857 4734 1912 4777 ct
1944 4738 2047 4793 po-

469 4823 577 4878 tius
628 4819 855 4884 habent,
907 4817 1217 4886 dijudicare
1260 4828 1315 4871 et
1370 4817 1650 4885 inquirere
1694 4815 1763 4868 de
1816 4815 1904 4878 iis,
1953 4815 2048 4884 qui

468 4911 731 4981 Spiritum
787 4925 849 4963 ex
908 4909 1047 4964 Filio
1102 4911 1412 4964 adstruunt.
1465 4905 1677 4972 Quibus
1734 4909 1917 4974 itaque
1968 4914 2047 4970 tu,

467 5018 631 5073 quem
663 5002 838 5055 oratio
866 5000 1107 5070 judicem
1155 4999 1392 5072 appellat
1446 5007 1501 5050 et
1550 4998 1912 5067 cognitorem,
1946 5010 2050 5050 nos

471 5097 761 5163 subjacere
812 5095 1077 5164 opinaris,
1143 5092 1235 5160 qui
1294 5105 1326 5143 a
1370 5089 1692 5145 mulieribus
1744 5097 1798 5144 et
1840 5087 2049 5159 pueris.

472 5189 692 5256 alioque
724 5188 986 5241 similium
1026 5182 1455 5237 homunciouum
1489 5196 1685 5251 genere
1728 5180 1781 5234 in
1818 5194 2048 5234 examen

474 5296 758 5344 vocamur,
786 5279 930 5349 quod
961 5279 1219 5339 Romanae
1246 5283 1490 5329 nostram
1526 5272 1829 5328 Ecclesiam
1868 5272 2054 5344 conci-

474 5371 609 5427 liare
662 5384 952 5432 conamur,
985 5377 1037 5421 et
1067 5368 1136 5421 ab
1181 5381 1269 5430 co,
1301 5365 1446 5436 quod
1497 5380 1594 5434 par
1630 5372 1736 5427 est,
1768 5379 1837 5418 ne
1881 5362 2051 5416 hilum

475 5465 698 5533 quidem
732 5462 995 5517 decedere
1026 5466 1306 5529 putamus,
1360 5458 1486 5512 licet
1529 5456 1605 5511 illi
1635 5456 1843 5520 dicant,
1877 5452 2053 5524 Spiri—

473 5568 588 5614 tum
632 5572 698 5610 ex
726 5554 888 5609 Patre
940 5563 993 5607 ct
1023 5551 1160 5609 Filio
1203 5551 1519 5622 procedere,
1553 5548 1726 5602 nostri
1761 5561 1915 5611 vero,
1946 5546 2051 5613 qui

476 5664 570 5704 res
604 5646 939 5716 thrologicas
980 5652 1357 5699 tractaverunt
1408 5641 1583 5697 sancti
1614 5639 1824 5703 Patres,
1857 5654 1923 5692 ex
1954 5638 2054 5691 Pa-

474 5746 558 5792 tre
603 5747 657 5792 et
703 5737 842 5792 Filio
890 5752 1015 5792 eum
1065 5751 1367 5809 emergere,
1419 5742 1680 5803 prmtcrea
1730 5732 1932 5787 eliundi
2001 5741 2053 5785 et

477 5827 715 5893 exsilire,
746 5828 1026 5885 nonnullis
1054 5829 1217 5884 etiam
1250 5827 1305 5882 in
1332 5826 1492 5895 locis,
1526 5824 1848 5880 naturaliter
1882 5834 1935 5881 ct
1965 5840 2054 5880 es-

2150 4605 2239 4689 ται
2267 4605 2663 4701 συνδιαγωγαῖς
2693 4630 2811 4700 μετ’
2840 4605 3087 4699 ἀλλήλων
3112 4614 3387 4697 ἠλακάτης
3437 4620 3584 4673 ἕνεκα
3607 4605 3681 4661 καὶ

2150 4726 2445 4792 ἀτράκτου,
2481 4724 2637 4776 ἔτιδὲ
2669 4723 2911 4792 γεωργοὶ
2931 4722 3025 4774 καὶ
3075 4721 3205 4774 ἄλλο
3231 4718 3336 4769 πᾶν
3364 4708 3533 4765 ὁτιοῦν
3568 4714 3679 4797 μέζε’

2154 4817 2326 4879 ιύντες
2387 4815 2654 4882 βάναυσον
2701 4812 3062 4884 ἐπιτήδευμα,
3096 4809 3152 4862 ἓν
3191 4802 3335 4862 οὗτοι
3369 4801 3552 4856 πάντες
3577 4800 3681 4884 ,των

2157 4906 2299 4978 μετὰ
2332 4880 2520 4975 χεῖρας
2545 4905 2787 4957 τίθενται
2820 4880 3278 4974 προύργιαίτερον
3302 4895 3362 4947 τὸ
3409 4880 3677 4979 civ/affairs"

2154 4977 2247 5052 καὶ
2276 4998 2759 5066 πολυπραγμονεῖν
2784 4995 2914 5065 περὶ
2934 4993 3044 5046 τῶν
3063 4995 3129 5045 ὲκ
3151 4990 3241 5045 τοῦ
3266 4984 3390 5039 Υίοῦ
3408 4982 3464 5033 τὸ
3488 4977 3673 5066 Πνενμα

2156 5085 2297 5144 εἶναι
2332 5060 2623 5156 λεγόντων.
2653 5086 2720 5139 Τί
2752 5060 2966 5149 οῦντσὺ,
3007 5084 3067 5138 ὃν
3117 5085 3145 5137 ὁ
3176 5077 3362 5148 παρὼν
3393 5069 3512 5141 ἐμὸς
3536 5060 3674 5156 qui";

2157 5187 2237 5246 εἰς
2273 5181 2533 5251 δικαστὴν
2564 5179 2949 5250 προκαλεῖται,
2979 5179 3074 5230 καὶ
3097 5170 3452 5240 διαγνὼμονα,
3480 5154 3672 5254 “fit”

2159 5241 2308 5348 ἡμᾶς
2335 5275 2459 5340 οἴει,
2488 5241 2625 5326 ,ὕπο
2644 5270 2946 5341 γυναικῶν,
2973 5272 3071 5324 καὶ
3120 5266 3341 5324 παίδων,
3395 5252 3502 5348 καὶΔ

2158 5368 2420 5421 τοιούτων
2470 5363 2940 5432 ἀνακρινομένους
3016 5351 3424 5430 ἀνθρωπαρίων,
3482 5336 3670 5432 ﬁt?“

2160 5457 2321 5528 ἡμεῖς
2360 5457 2426 5527 τι
2467 5421 2755 5523 Ῥωμάῖκῑὶ
2787 5453 2886 5521 τὴν
2912 5421 3038 5503 ὲαιν
3068 5421 3213 5521 τινάς
3252 5421 3663 5528 Ἐκκλησίαῖδῗῗζ

2168 5508 2212 5528 zu
2252 5508 2261 5509 ί
2302 5508 2318 5518 ”
2399 5508 2426 5527 ⁸⁸
2582 5508 2595 5523 ‘
2729 5508 2754 5522 "
2842 5508 2854 5521 -
3089 5508 3120 5521 υ.
3650 5519 3659 5536 θ

2160 5547 2423 5618 τιθέμεθα
2463 5545 2813 5606 σπένδεσθαι,
2848 5544 2943 5596 καὶ
2971 5543 3064 5596 τοῦ
3094 5540 3297 5597 εἰκότος
3321 5527 3472 5618 μηδὲν
3478 5508 3663 5618 Erilli:-

2156 5609 2578 5712 διαμαρτάνειν,
2617 5635 2706 5690 διὰ
2737 5634 2980 5697 ἐκείνους
3013 5634 3112 5704 μὲν
3149 5631 3343 5695 λέγειν,
3380 5616 3434 5670 τὸ
3473 5609 3657 5712 Elii-‘1‘:

2160 5735 2225 5785 ἐκ
2256 5697 2476 5801 ῖίατρὸς
2536 5697 2629 5782 καὶ
2680 5725 2814 5779 Υἱοῦ
2849 5697 3270 5797 ἐκπορεύεσθαι,
3323 5711 3438 5801 τοίξς

2161 5823 2294 5893 ἡμῖν
2347 5785 2697 5887 θεολογικῶς
2748 5814 2961 5880 πάντας
2996 5785 3201 5885 ’ἁγίους
3253 5809 3312 5859 ἐκ
3368 5785 3547 5859 Πατρὸς
3581 5786 3651 5829 και

3864 4794 3868 4869 ι

3861 4898 3868 5043 1
