3962 6400
345 397 453 461 985

1374 407 1470 471 DE
1511 412 2017 478 DEPOSITIONE
2058 422 2205 483 SUA
2240 424 2466 488 ORAT.
2509 429 2593 492 II.

3488 445 3594 506 986

346 510 481 565 Υίοῦ
513 513 948 611 προῖὲναιιαῦτδ,
976 517 1057 572 ἔτι
1106 521 1163 575 δὲ
1205 527 1550 595 προχεῖσθαι,
1583 529 1679 582 καὶ
1734 531 1893 600 πηγάς

2015 538 2340 606 sentialiter,
2369 558 2437 597 ex
2473 543 2642 598 Patre
2662 554 2714 600 et
2746 545 2928 601 Filio?
2955 546 3242 604 Undenam
3291 553 3423 607 mihi
3476 567 3593 611 ser-

345 601 480 668 ζειν,
519 602 633 657 ἐστι
667 604 725 658 δὲ
742 600 804 661 οὗ
831 611 1098 677 φυσικῶς,
1121 615 1218 668 καί
1252 617 1529 683 οὐσιωδῶς
1561 620 1831 691 ὑπάρχειν
1850 623 1893 675 ἐι

345 693 519 713 I',____\
658 696 765 713 ιν.
806 698 829 711 ο
900 701 1003 713 "an
1218 705 1232 713 Α
1264 707 1275 713 -
1426 711 1434 713 α

2016 645 2238 685 monum
2290 648 2439 687 venue
2484 636 2820 713 aperientur,
2865 649 2927 693 ut
2964 639 3216 705 dicteria,
3262 658 3384 712 quin
3411 645 3463 699 in
3502 664 3590 702 me

345 693 559 801 Πατρρς
588 696 682 749 καὶ
702 696 862 766 Υἱοῦ;
900 701 1068 756 Πόθεν
1100 723 1191 775 μοι
1218 705 1394 774 λόγων
1413 711 1893 781 ἁναστομωθήσον-

2520 693 2534 704 .
2806 693 2820 713 ,
3036 693 3046 695 ~
3269 693 3293 712 τ
3323 693 3382 698 τη
3502 693 3588 702 ----

2013 721 2179 776 simili
2231 724 2394 778 modo
2426 726 2730 793 iaciuntur,
2758 740 3006 785 'narrare
3053 735 3302 801 queam?
3358 746 3416 790 ut
3466 754 3591 791 cum

339 801 429 836 ται
458 784 676 852 φλέϐες.
711 789 787 849 ὡς
827 790 894 843 ἂν
922 792 1124 858 ἱκανῶς
1153 796 1222 850 τὰ
1260 801 1694 872 τοιουτοτρόπως
1728 818 1911 872 προσ.

2016 810 2216 868 Davide
2248 815 2495 881 eloquar,
2533 817 2637 884 Qui
2684 821 2931 874 sedebant
2971 823 3025 875 in
3058 828 3227 890 portis
3275 837 3463 883 contra
3507 846 3593 886 me

338 875 644 980 τριϐόμενα
688 896 797 980 ’μοι
843 882 1158 954 σκώμματα
1191 889 1584 962 διηγήσωμαι;
1614 893 1771 947 Κατὰ
1801 897 1893 966 γάε

2011 901 2336 969 garriebant,
2367 916 2416 957 et
2448 906 2504 957 in
2530 922 2611 959 me
2644 909 2899 962 canebant
2930 908 3161 966 bibentes
3191 914 3369 967 vinum
3393 916 3408 946 ¹
3436 932 3451 980 ;
3484 917 3584 970 sed

339 967 433 1019 τὸν
457 965 626 1020 Δαυῖδ
655 971 850 1036 εἰπεῖν,
909 977 976 1029 Οἱ
1020 978 1351 1048 καθήμενοι
1398 982 1469 1035 ἐν
1513 986 1738 1054 πύλαις
1783 965 1914 1045 κατ’

335 1058 484 1126 ἐμοῦ
527 1059 936 1131 ἠδολέσχουν,
994 1068 1091 1121 καὶ
1131 1071 1215 1136 εις
1262 1072 1368 1142 ἐμὲ
1396 1074 1677 1143 ἔψαλλον
1726 1084 1781 1135 οι
1812 1083 1912 1135 πι-

332 1166 549 1217 νοντες
585 1147 757 1206 οἶνον
782 1171 797 1186 ⁶
830 1157 944 1209 ἀλλ’
986 1159 1148 1228 ἡμεῖς
1211 1164 1310 1232 μὲν
1339 1165 1476 1218 Θεοῦ
1518 1174 1908 1242 συναιρομένου

330 1243 647 1313 ἠνέγκαμεν
677 1246 870 1311 ταῦτα,
898 1250 1100 1319 μανίαν
1119 1253 1310 1324 δήμων
1342 1257 1681 1329 ὑπέστημεν,
1722 1263 1899 1332 θυμοῦ

333 1334 923 1406 κοσμικῶν⁹ἁρχόντων
963 1340 1125 1409 ἔργον
1155 1345 1495 1418 γεγόναμενν
1522 1349 1691 1420 βάρος
1715 1354 1905 1410 ἀδίκου

330 1422 663 1490 ἀποφάσεως
691 1427 1100 1500 ἐϐαστάσαμεν.
1762 1428 1765 1433 ’

404 1512 503 1609 ια’..
524 1516 603 1609 Σὺ
641 1517 688 1569 δ’
721 1520 813 1571 ἐπὶ
846 1520 968 1591 Θεῷ
1004 1524 1107 1593 τῆς
1136 1525 1396 1597 ἀληθείας
1433 1531 1613 1604 ἐφόρῳ
1643 1537 1735 1590 καὶ
1760 1539 1907 1609 μάρ-

331 1619 454 1697 τυρι
474 1604 709 1697 Ϋδίκασον
740 1611 1026 1682 ἀρῤεπῶς,
1053 1617 1102 1667 εἰ
1134 1616 1317 1673 δίκαια
1348 1621 1547 1689 ταῦτα,
1580 1626 1628 1678 εἰ
1659 1604 1901 1697 ἀλη-Θιῖές,

330 1696 424 1790 καὶ
451 1696 527 1790 dic
555 1697 686 1790 ἔδει,
745 1703 1119 1775 πεπόνθαμεν,
1144 1708 1439 1780 ἄνθρωποι,
1487 1717 1654 1783 μηδὲν
1689 1696 1787 1787 μέν
1817 1721 1904 1790 ἐφ’

327 1781 471 1880 οἷςῌὴ
505 1786 630 1841 καθ’
654 1791 808 1860 ἡμᾶς
850 1794 1149 1867 Ἐκκλησία
1176 1781 1714 1870 ὲνασμενίξειῗέθεσνι
1747 1781 1902 1880 νεοχ-

331 1876 583 1946 μοῦντες,
621 1881 721 1950 τὴν
754 1884 1042 1940 εὐσέϐειάν
1062 1906 1122 1941 τε
1146 1896 1437 1962 συντηρεῖν
1462 1895 1574 1948 ἀπὸ
1602 1898 1709 1951 τῶν
1740 1876 1902 1954 θείων

332 1971 757 2040 ἀποδεικνύντες
783 1979 1040 2049 Γραφῶν,
1074 1983 1174 2054 τὴν
1197 1986 1253 2038 δὲ
1279 1989 1420 2056 μετά
1465 1990 1563 2043 τοῦ
1605 1994 1905 2062 μεγαλοδυ-

332 2064 507 2134 νάμου
532 2067 641 2120 τῶν
668 2070 914 2126 Λατίνων
945 2073 1128 2140 ἔθνους
1153 2079 1378 2151 εἰρήνην
1400 2083 1494 2136 καὶ
1515 2085 1792 2154 ὁμόνοιαν,
1814 2087 1904 2142 διὰ

293 2158 581 2231 ,μεγάλην
605 2159 705 2232 τῆς
738 2162 898 2233 ἡμῶν
935 2164 1114 2237 ἀρχῆς
1165 2171 1261 2222 καὶ
1297 2171 1579 2241 βασιλείας
1633 2175 1900 2243 ὠφέλειαν

324 2252 746 2320 συνεργοῦντες.
779 2255 1016 2312 Δίκασον
1049 2259 1149 2329 μὲν
1173 2261 1287 2329 οὖν,
1317 2262 1393 2324 ὡς
1437 2266 1547 2337 ἄρα
1568 2268 1663 2319 καὶ
1695 2268 1901 2337 βούλει,

321 2341 389 2394 σὺ
423 2343 514 2395 ἐπὶ
537 2345 772 2410 τούτοις.
814 2348 957 2418 Ἐγὼ
990 2350 1046 2405 δὲ
1070 2353 1164 2405 καὶ
1187 2354 1297 2408 τῶν
1324 2355 1461 2409 νέων
1488 2357 1759 2427 θεολόγων
1780 2362 1901 2414 ὲπι-

318 2433 514 2499 ϐολὰς,
553 2435 621 2500 ἃς
669 2437 779 2492 τῶν
838 2440 1018 2496 ἄλλων
1068 2444 1213 2514 τάχα
1263 2447 1622 2517 ἰσχυροτέρας
1664 2453 1728 2506 ἐκ
1769 2455 1898 2506 νέου

315 2524 572 2596 ἐφεῦρον,
603 2530 1091 2605 ὲπεξεργασαίμην
1131 2536 1219 2601 ἂν,
1269 2536 1344 2600 ὡς
1372 2543 1467 2592 καὶ
1500 2542 1882 2617 προσεθέμην.

321 2618 393 2671 Τὸ
427 2620 498 2673 ἐκ
531 2621 765 2690 Πατρός
803 2623 879 2677 δι’
925 2625 1063 2681 Υἱοῦ
1098 2627 1532 2697 ἐκπορεύεσθαι
1560 2636 1626 2689 τὸ
1654 2639 1898 2707 Πνεῦμα

312 2709 386 2763 τὸ
415 2709 610 2779 ἅγιον,
639 2713 712 2767 οὔ
742 2731 877 2781 φασι
910 2716 1025 2781 τὴν
1061 2719 1132 2772 ἐκ
1170 2722 1404 2790 Πατρός
1432 2724 1507 2777 δι’
1540 2727 1679 2783 Υὶοῦ
1713 2729 1900 2798 ὕπαρ-

314 2801 417 2862 ξιν
447 2803 770 2870 σημαίνειν
798 2806 907 2858 τοῦ
937 2809 1311 2878 Πνεύματος,
1348 2814 1489 2869 ἀλλ’
1539 2817 1695 2871 οὕτω
1722 2820 1896 2888 λέγε-

311 2892 462 2943 σθαι
496 2891 696 2956 τοῦτο,
728 2892 818 2947 ὅτι
854 2894 924 2949 ἐκ
955 2899 1191 2966 Πατρός
1237 2900 1315 2955 δι’
1381 2904 1518 2957 Υἱοῦ
1551 2907 1616 2959 τὸ
1651 2906 1897 2976 Πνεῦμα

311 2978 532 3045 διήκει.
566 2982 680 3036 Καὶ
714 2984 765 3037 εί
828 2986 928 3054 μέν
968 3004 1021 3040 τι
1074 2988 1205 3042 ἄλλο
1270 2992 1408 3063 πρὸς
1466 2997 1770 3066 σαφήνειαν
1797 2999 1896 3068 τῆς

311 3070 550 3138 διήκειν
571 3073 773 3139 λέξεως
801 3075 988 3147 ἔχουσι
1026 3078 1235 3149 λέγειν,
1274 3085 1432 3138 αὐτοὶ
1462 3083 1759 3155 λεγόντων,
1793 3087 1892 3141 καὶ

2015 1006 2114 1044 nos
2147 992 2447 1048 auxiliante
2491 995 2723 1050 Domino
2767 1000 2951 1054 omnia
2989 1002 3364 1066 toleravimus,
3416 1022 3592 1074 popl:-

2012 1081 2192 1136 lorum
2230 1085 2438 1139 rabiem
2471 1087 2858 1151 sustinuimus.
2893 1094 3239 1149 saecularium
3274 1098 3586 1172 principum

2009 1174 2307 1231 iracundiae
2346 1181 2618 1247 negotium
2664 1197 2730 1237 ac
2769 1186 3012 1240 studium
3058 1187 3193 1243 facti
3233 1205 3449 1256 sumus,
3499 1192 3587 1246 in-

2002 1266 2143 1336 justi
2172 1267 2375 1326 decreti
2406 1273 2618 1342 pondus
2646 1275 3011 1345 portavimus.

2081 1547 2171 1639 ιι.
2213 1546 2294 1602 Tu
2333 1562 2497 1617 porro
2534 1558 2660 1605 alite
2691 1550 2858 1606 Deum
2907 1555 3152 1612 veritatis
3188 1558 3477 1626 praesidem
3530 1570 3586 1615 et

2007 1638 2204 1693 testem
2244 1638 2457 1707 judica,
2496 1650 2747 1696 neutram
2802 1643 2857 1697 in
2910 1654 3117 1713 partem
3169 1649 3460 1716 inclinans,
3508 1667 3578 1706 an

2003 1728 2153 1800 iuste
2184 1729 2321 1795 haec,
2353 1745 2480 1787 vere
2522 1742 2579 1786 et
2615 1741 2673 1786 ut
2703 1734 3003 1790 addecebat
3046 1741 3195 1807 passi
3239 1756 3431 1796 sumus
3460 1758 3584 1805 nos,

2008 1826 2101 1895 qui
2153 1826 2289 1880 nihil
2326 1827 2381 1881 in
2416 1827 2506 1889 iis,
2539 1842 2679 1898 quas
2715 1839 2901 1884 nostra
2934 1832 3182 1889 Ecclesia
3234 1836 3584 1905 amplectitur
3679 1820 3687 1827 ’

2007 1918 2455 1983 consuetudines,
2504 1920 2851 1984 innovamus.
2892 1932 2947 1979 et
2978 1925 3233 1994 pietatem
3265 1928 3576 1983 divinarum

2006 2009 2411 2079 Scripturarum
2466 2013 2792 2069 testimoniis
2857 2013 3320 2082 demonstramns,
3390 2036 3579 2090 pacem

2003 2116 2133 2157 vero
2161 2110 2215 2157 et
2240 2102 2598 2157 concordiam
2640 2118 2763 2157 cum
2794 2103 3117 2161 Latinorum
3169 2119 3331 2177 gente
3365 2124 3581 2179 praepo-

2005 2203 2151 2249 tcnte
2200 2194 2271 2249 ob
2315 2208 2513 2264 magna
2563 2196 2739 2250 nostri
2783 2197 3101 2254 dominatus
3149 2210 3314 2271 atque
3365 2203 3581 2268 imperii

2001 2284 2288 2349 commoda
2314 2295 2694 2352 procuramus.
2730 2282 3014 2340 Judicium
3048 2286 3232 2356 itaque
3278 2300 3362 2352 tu.
3397 2303 3455 2357 ut
3499 2294 3582 2348 al-

2000 2370 2256 2436 lubesrit,
2288 2373 2355 2426 de
2389 2373 2540 2427 hisce
2568 2373 2731 2428 ferto.
2761 2373 2875 2444 Ego
2903 2385 3085 2431 autem
3122 2393 3388 2434 novorum
3422 2381 3580 2436 theo—

1999 2463 2247 2532 logorum
2306 2464 2692 2534 aggressi'ones
2748 2476 2804 2533 et
2850 2477 3105 2534 conatus,
3171 2448 3329 2537 quos.
3361 2474 3578 2527 caeteris

1996 2556 2296 2612 validiores
2326 2558 2394 2611 ab
2424 2556 2543 2627 ipsa
2586 2558 2878 2626 juventute
2909 2560 3194 2625 adnotavi,
3234 2564 3397 2617 sicuti
3439 2546 3575 2618 mihi

1997 2648 2280 2716 proposui,
2311 2648 2618 2715 expediam.
2645 2648 2729 2702 Ea;
2758 2648 2921 2704 Patre
2952 2667 3043 2719 per
3071 2650 3274 2707 Filium
3307 2652 3571 2722 Spiritum

1995 2741 2273 2810 procedere
2327 2740 2583 2808 inquiunt
2626 2759 2729 2795 non
2768 2752 2955 2797 notare
2997 2760 3062 2797 ea:
3112 2744 3275 2798 Patre
3335 2762 3428 2814 per
3473 2746 3571 2800 Fi-

1997 2832 2130 2884 lium
2167 2832 2401 2899 Spiritus
2446 2832 2830 2896 exsistentiam,
2887 2836 2978 2888 sed
3025 2837 3102 2889 ita
3148 2837 3278 2902 rtici,
3328 2842 3467 2909 quod
3510 2857 3577 2894 ea:

1998 2922 2162 2977 Patre
2204 2939 2295 2989 per
2316 2923 2516 2978 Filium
2565 2923 2800 2992 Spiritus
2840 2926 3101 2994 pervadit.
3153 2928 3308 2993 Quod
3346 2931 3393 2984 si
3442 2932 3574 2999 quid

1997 3011 2145 3066 aliud
2197 3013 2400 3067 habent
2449 3014 2516 3068 ad
2575 3012 2833 3068 dictionis
2914 3014 3236 3082 pervadendi
3310 3016 3576 3085 majorem

1940 3120 1953 3129 '
1995 3103 2458 3174 explanationem,
2497 3104 2552 3159 in
2584 3118 2942 3175 conspectum
2993 3121 3059 3162 ac
3088 3107 3266 3187 lucent
3314 3106 3415 3176 ipsi
3448 3124 3577 3178 pro-

308 3163 394 3222 εἰς
424 3162 633 3216 οἰκείαν
693 3167 1089 3236 προτεινόντων
1145 3172 1533 3242 δεφένδευσινο
1584 3178 1633 3229 εί
1678 3178 1736 3231 δὲ
1783 3178 1879 3248 ἀφ’

1998 3197 2195 3262 ferant,
2252 3208 2307 3252 et
2360 3197 2416 3251 in
2469 3197 2748 3267 propriam
2807 3197 3182 3256 defensionem
3224 3178 3572 3271 ‘pr0ponant.

307 3252 477 3323 ἡμῶν
508 3255 702 3324 μαθεῖν
742 3257 1050 3326 βούλονται,
1084 3262 1233 3327 ὅπως
1258 3266 1427 3336 ἡμεῖς
1454 3267 1553 3339 τήν
1581 3268 1731 3335 λέξιν
1762 3271 1893 3325 ταύ-

305 3360 411 3413 την
444 3345 858 3417 καταδεχόμεθα
908 3350 1171 3418 δέξασθαι
1221 3355 1332 3410 τῶν
1378 3358 1555 3415 ἄλλων
1595 3361 1891 3433 γραφικῶν

306 3434 529 3505 ῥήσεων
559 3436 825 3505 ἐπαξίως,
854 3438 981 3494 ὅσαι
1012 3442 1113 3514 τὴν
1144 3444 1216 3498 δι’
1254 3446 1386 3501 Υίοῦ
1426 3451 1492 3503 ἐκ
1547 3452 1761 3523 Πατρὸς
1792 3451 1888 3506 τοῦ

304 3527 582 3595 παναγίου
614 3530 836 3600 δηλοῦσι
862 3533 1182 3604 Πνεύματος
1233 3538 1468 3610 ὓπαρξιν
1512 3543 1671 3613 ήμῶν
1700 3546 1893 3613 λεγόν-

303 3635 441 3684 των,
467 3622 780 3678 ἀκουόντων
809 3627 986 3694 αὐτοὶ,
1015 3628 1091 3693 ὡς
1126 3632 1364 3701 ὁπηνίκα
1389 3635 1557 3704 ἡμεῖς
1598 3637 1691 3690 τὸν
1729 3638 1889 3708 ἅγιον

302 3713 583 3784 Κύριλλον
611 3718 670 3773 ὲν
700 3722 768 3791 τῇ
798 3719 968 3793 βίϐλῳ
993 3722 1104 3777 τῶν
1158 3725 1486 3798 Θησαυρῶν,
1537 3730 1608 3783 ἐν
1651 3732 1732 3796 τῷ
1771 3732 1885 3799 Υὶῷ

302 3805 583 3875 φυσικῶς
606 3826 670 3863 τε
700 3812 800 3866 καί
843 3815 1153 3883 οὐσιωδῶς
1191 3815 1406 3884 διῆκον
1456 3820 1617 3889 παρὰ
1650 3824 1885 3891 Πατρός

302 3899 373 3952 τὸ
392 3899 636 3969 Πνεῦμα
661 3901 1020 3973 θεολογοῦντα
1044 3906 1396 3978 εὑρίσκομεν,
1416 3912 1570 3965 οὐδὲν
1591 3913 1720 3966 ἄλλο
1756 3933 1891 3968 συν-

303 3992 440 4062 ορᾷν
490 3991 688 4063 ἔχομεν
714 4036 729 4063 ,
766 3995 798 4067 ἢ
861 3997 943 4050 ὅτι
972 4000 1077 4053 οὐκ
1129 4001 1223 4071 ἀφ’
1282 4002 1500 4067 ἑαυτοῦ,
1533 4005 1651 4057 ἀλλ’
1683 4006 1747 4059 ἐκ
1790 4006 1888 4060 τοῦ

303 4081 548 4153 Πατρδς,
583 4085 722 4154 πρὸς
756 4085 815 4139 ὃν
845 4088 1023 4142 πάντα
1050 4091 1119 4144 τὰ
1153 4092 1349 4146 ἑαυτοῦ
1376 4095 1644 4165 ἀναφέρει
1675 4100 1703 4151 ὁ
1730 4097 1884 4165 Υἰὺς,

302 4178 368 4227 τὸ
400 4175 627 4246 Πνεῦμα
660 4177 801 4248 ἔχων
831 4181 968 4234 ἔστί.
1009 4182 1119 4235 Καὶ
1167 4185 1298 4263 ὅταν
1339 4187 1419 4259 τῷ
1451 4189 1678 4260 μεγάλῳ
1711 4189 1884 4243 Bact-

302 4267 436 4337 λείῳ
470 4269 531 4320 ὲν
562 4267 643 4338 τῷ
686 4270 899 4343 δεκάτῳ
949 4272 1122 4346 ὀγδόῳ
1162 4275 1273 4329 τῶν
1322 4279 1464 4348 πρὸς
1532 4280 1889 4353 Ἀμφιλόχιον

1992 3283 2144 3350 Quod
2175 3285 2220 3340 si
2258 3300 2288 3338 a
2322 3286 2481 3340 nobis
2504 3287 2718 3341 discere
2747 3287 2994 3356 cupiunt,
3029 3297 3090 3342 ut
3139 3303 3238 3344 nos
3274 3289 3570 3344 dictionem

1994 3377 2165 3441 illam,
2190 3386 2244 3431 et
2267 3392 2376 3447 quo
2409 3378 2720 3447 signiﬁcatu
2752 3380 3079 3449 accipimus,
3109 3381 3178 3436 ab
3217 3381 3340 3436 aliis
3371 3382 3575 3451 scripto

1993 3467 2207 3520 traditis
2235 3466 2574 3521 dictionibus
2605 3482 2713 3521 non
2753 3468 2953 3532 alieno,
2988 3483 3111 3537 qua:
3147 3483 3243 3538 per
3277 3468 3475 3523 Filium
3508 3486 3571 3523 ex

1991 3558 2153 3612 Patre
2200 3558 2531 3612 sanctissimi
2582 3556 2819 3625 Spiritus
2860 3560 3244 3614 exsistentiam
3297 3568 3572 3624 astrount,

1987 3663 2092 3703 nos
2117 3649 2365 3712 audiant,
2393 3664 2517 3703 cum
2557 3649 2702 3718 apud
2746 3658 2996 3704 sanctum
3034 3649 3297 3718 Cyrillum
3340 3650 3392 3704 in
3426 3649 3573 3705 The-

1987 3742 2188 3806 sauris,
2228 3740 2285 3793 in
2328 3738 2469 3793 Filio
2529 3740 2857 3794 naturaliter
2897 3749 2947 3794 et
2993 3741 3349 3794 easentiatiter
3381 3758 3572 3812 perva-

1987 3835 2112 3887 dere
2137 3849 2203 3888 ea:
2238 3834 2401 3888 Patre
2439 3832 2725 3900 Spiritum,
2761 3833 3021 3887 traditum
3055 3833 3446 3902 comperimus,
3484 3833 3583 3890 nié

1991 3925 2066 3976 hil
2100 3924 2250 3978 aliud
2300 3923 2628 3993 intelligere,
2687 3922 2792 3977 nisi
2840 3938 2946 3978 non
2994 3938 3058 3975 cx
3106 3922 3313 3991 scipso,
3364 3922 3457 3977 sed
3504 3936 3575 3977 ex.

1987 4014 2172 4079 Patre,
2217 4014 2284 4069 ad
2318 4030 2479 4084 quem
2518 4014 2703 4069 omnia
2736 4028 2835 4069 sua
2866 4013 3036 4068 refert
3060 4012 3256 4080 Filius,
3302 4013 3571 4083 Spiritum

1996 4106 2198 4160 habere
2231 4123 2245 4159 :
2275 4116 2329 4159 et
2358 4122 2483 4159 cum
2528 4105 2686 4160 nobis
2730 4121 2963 4173 magnus
3002 4104 3238 4171 Basilius
3272 4103 3325 4158 in
3357 4105 3578 4159 decimo

1985 4208 2180 4253 octavo
2222 4197 2290 4251 ad
2319 4197 2760 4266 Amphilochium
2810 4198 2990 4266 capite
3022 4195 3289 4260 occurrit,
3330 4195 3519 4250 dicens
3552 4214 3567 4249 :

1987 4287 2277 4343 Naturalis
2343 4287 2557 4342 bonitas
2648 4298 2695 4340 et
2770 4303 2888 4357 qua:
2955 4286 3244 4340 secundum
3317 4297 3573 4341 naturam

302 4360 628 4428 κεφαλαίων
681 4362 1111 4436 ἐντυγχάνωμεν
1155 4367 1369 4437 λέγοντι
1410 4370 1487 4435 ὡς
1525 4371 1597 4426 Ἠ
1638 4374 1877 4442 φυσικὴ

1998 4387 2081 4445 tsi,
2114 4378 2471 4446 sanctiﬁcatio
2501 4386 2550 4430 et
2583 4375 2728 4446 regia
2756 4377 2990 4446 dignitas
3026 4392 3090 4430 ea:
3129 4375 3286 4429 Putre
3306 4392 3401 4445 per
3433 4374 3580 4430 Uni-

299 4452 621 4523 ὰγαθότης,
658 4455 755 4509 καί
799 4458 833 4511 ό
884 4459 1033 4512 κατὰ
1067 4461 1258 4530 φύσιν
1305 4465 1621 4534 ἁγιασμὸς,
1679 4468 1777 4520 καὶ
1817 4467 1883 4521 τὸ

1998 4471 2214 4540 genitum
2259 4471 2329 4524 ad
2380 4468 2643 4540 Spiritum
2690 4470 2954 4538 pervadit,
3008 4470 3389 4523 tantummodo
3419 4484 3572 4523 com-

293 4545 630 4609 βασιλικὸν
656 4545 886 4617 ἀξίωμα
909 4548 978 4601 ἐκ
1014 4550 1122 4604 τοῦ
1149 4555 1384 4624 Πατρός
1414 4555 1514 4612 διὰ
1532 4556 1640 4611 τοῦ
1677 4562 1873 4613 Μονο-

1998 4563 2349 4632 prehendere,
2397 4578 2503 4616 non
2547 4576 2577 4616 a
2608 4560 2814 4630 seipso,
2859 4561 2952 4616 sed
2985 4575 3049 4614 ex
3082 4561 3265 4625 Patre,
3306 4561 3372 4614 ad
3401 4576 3565 4629 quem

297 4637 518 4705 γενοῦς
553 4638 653 4691 ἐπὶ
706 4641 772 4692 τὸ
812 4642 1058 4711 Πνεῦμα
1103 4642 1323 4714 διήκει,
1367 4649 1520 4703 οὐδὲν
1570 4649 1701 4704 ἄλλο
1738 4649 1883 4704 νοοῦυ

1998 4655 2174 4709 omnia
2226 4653 2466 4723 Spiritus
2505 4655 2857 4717 referuntur,
2900 4668 2963 4707 ea
3003 4652 3190 4706 omnia
3238 4668 3333 4721 per
3367 4650 3612 4725 Filium,

300 4729 497 4800 μεν,ἢ
545 4730 630 4782 ὃτι
667 4729 768 4783 οὐκ
801 4731 895 4797 ἀφ’
929 4732 1149 4799 ἑαυτοῦ,
1207 4736 1326 4791 ἀλλ’
1377 4739 1442 4793 ὲκ
1500 4739 1597 4794 τοῦ
1645 4741 1882 4812 Πατρὸς,

1998 4747 2269 4816 possidere
2293 4745 2558 4817 Spiritum
2595 4752 2875 4809 sanctum,
2912 4745 3368 4815 quemadmodum
3406 4756 3576 4800 natu-

298 4822 438 4892 πρὸς
464 4821 523 4877 ὃν
554 4823 732 4878 πάντα
762 4825 832 4877 τὰ
859 4823 953 4878 τοῦ
988 4826 1306 4895 Πνεύματος
1331 4830 1682 4901 ἀναφέρεται,
1711 4833 1884 4886 ταῦτα

1998 4840 2153 4894 ralem
2231 4848 2281 4893 et
2353 4838 2703 4892 essentialcm
2788 4852 2943 4892 suam
2995 4837 3395 4893 exsistentiam.
3451 4835 3575 4894 Nisi

296 4917 482 4971 πάντα
507 4917 597 4970 διὰ
624 4916 721 4971 τοῦ
758 4918 888 4972 Υἱοῦ
916 4921 976 4974 τὸ
1006 4920 1231 4991 Πνεῦμα
1254 4922 1366 4994 ἔχει
1397 4926 1458 4975 τὸ
1486 4926 1661 4993 ἅγιον,
1691 4927 1882 5000 ὥσπερ

294 5013 393 5064 καὶ
430 5011 529 5079 τὴν
562 5012 802 5084 φυσικὴν
857 5015 954 5068 καὶ
997 5014 1234 5083 οὐσιώδη
1285 5017 1482 5070 ἑαυτοῦ
1516 5018 1774 5088 ὓπαρξιν.
1812 5021 1876 5074 Εἰ

299 5103 380 5173 μὴ
409 5102 518 5174 γὰρ
550 5107 652 5175 τὴν
684 5105 943 5176 τοιαύτην
975 5106 1063 5159 διὰ
1114 5105 1209 5160 τοῦ
1251 5107 1382 5160 Υίοῦ
1436 5108 1671 5178 ὓπαρξιν
1706 5109 1874 5181 εἶχεν,

292 5201 399 5253 οὐκ
419 5199 487 5254 ἂν
514 5201 602 5254 διὰ
636 5201 730 5254 τοῦ
764 5198 895 5254 Υῶὖ
928 5204 1020 5256 καὶ
1047 5203 1218 5257 ταῦτα
1242 5203 1389 5274 ἔχειν
1419 5204 1658 5271 ἐλέγετο.

367 5290 458 5361 ιβ’.
497 5294 609 5346 Καὶ
640 5293 695 5346 τί
728 5294 967 5348 τοσαῦτα
995 5296 1121 5367 περὶ
1149 5295 1244 5349 τοῦ
1269 5296 1503 5362 διήκειν
1529 5297 1730 5367 φαμὲν,
1754 5298 1873 5351 ἐνὸν

292 5385 388 5439 διὰ
440 5386 654 5440 πολλῶν
682 5387 860 5442 ἄλλων
920 5391 1135 5460 ῥήσεων
1172 5391 1459 5460 γραφικῶν
1515 5393 1880 5462 ἀναπάντητα

296 5480 655 5551 παραστῆσαι
701 5484 870 5554 μηδὲν
909 5482 1035 5536 ἄλλο
1072 5482 1106 5553 ἢ
1162 5483 1261 5553 τὴν
1293 5483 1359 5537 δι’
1399 5483 1526 5537 Υἰοῦ
1569 5485 1633 5535 ὲκ
1665 5485 1880 5554 Ila-cpi);

293 5576 392 5631 τοῦ
422 5577 691 5644 παναγίου
723 5577 1045 5648 Πνεύματος
1081 5577 1318 5646 ὕπαρξιν
1348 5577 1448 5650 τὴν
1492 5577 1561 5632 δι’
1611 5578 1742 5632 Υἱοῦ
1779 5597 1879 5648 ση-

297 5668 519 5738 μαίνειν
562 5668 922 5736 ἔκπόοευσιν;
964 5670 1022 5722 ’0
1050 5671 1158 5740 γὰρ
1203 5668 1345 5733 θεῖος
1400 5670 1497 5725 καὶ
1533 5670 1706 5740 μέγας
1743 5671 1879 5740 ἄλη-ι

370 5828 389 5861 ¹
418 5826 565 5886 Psal.
589 5838 780 5890 ιινιιι,
817 5825 902 5880 15.

1990 4932 2134 4982 cnim
2190 4929 2424 4983 similem
2491 4944 2587 4998 per
2637 4926 2836 4983 Filium
2879 4930 3259 4984 exsistentiam
3320 4930 3567 4998 haberet,

1984 5037 2260 5092 nunquam
2290 5022 2382 5076 illa
2410 5036 2506 5091 per
2536 5019 2738 5076 Filium
2770 5021 2975 5077 habere
2999 5022 3299 5079 diceretur.

2056 5296 2144 5348 1‘2.
2184 5294 2251 5348 Et
2295 5292 2425 5363 quid
2473 5302 2554 5347 tot
2597 5295 2665 5349 de
2711 5294 2947 5350 dictione
2991 5294 3310 5364 pervadendi
3355 5311 3573 5366 aggeri-

1988 5406 2135 5452 mus.
2170 5406 2294 5446 cum
2323 5391 2486 5444 liceat
2524 5390 2712 5445 multis
2752 5392 2875 5447 aliis
2918 5391 3125 5461 scripto
3159 5390 3376 5445 traditis
3413 5393 3570 5445 testi-

1989 5485 2191 5539 moniis
2238 5484 2447 5557 absque
2494 5483 2602 5538 ulla
2653 5483 3084 5538 contradictione
3135 5485 3386 5553 probare,
3434 5485 3571 5541 nihil

1989 5578 2137 5633 aliud
2162 5594 2257 5648 per
2280 5577 2478 5634 Filium
2507 5594 2576 5633 ex
2602 5578 2762 5633 Patre
2783 5577 3122 5635 sanctissimi
3154 5578 3394 5648 Spiritus
3419 5580 3565 5633 exsi-

1987 5671 2243 5727 stcntiam
2291 5682 2506 5738 notare,
2552 5686 2714 5741 quam
2754 5671 3162 5740 processionem
3200 5686 3296 5742 per
3321 5668 3577 5727 Filium!
