3962 6400
291 441 406 504 989
1065 439 1088 469 ⁸

1337 447 1436 507 DE
1480 445 1986 507 DEPOSITIONE
2029 450 2176 510 SUA
2214 451 2440 513 ORAT.
2489 451 2570 512 II.

3454 454 3559 514 930

292 552 708 622 ἀναντιρῤήτως
747 552 814 604 δι’
856 552 990 606 ἄλλο
1044 553 1212 623 μηδὲν
1265 553 1379 606 ἀλλ’
1440 555 1473 625 ἢ
1522 555 1611 608 διὰ
1673 555 1733 607 τὸ
1779 554 1865 622 τὴι

1982 559 2438 624 contradictione,
2465 561 2555 613 sed
2589 574 2686 613 sua
2719 561 3035 616 assensione
3088 570 3254 628 atque
3293 566 3562 628 approba-

292 641 530 709 ὕπαρξιν
561 643 648 694 διὰ
675 643 772 712 τῆς
796 643 1010 705 ἀκτῖνος
1043 643 1190 713 ἔχειν
1229 645 1291 695 τὺ
1317 645 1453 711 φῶς.
1482 644 1646 696 Ὀοεν
1675 644 1770 696 καὶ
1804 645 1864 694 τὸ

292 733 504 787 κωλῦον
535 735 688 787 οὐδὲν
716 740 810 786 καὶ
843 734 1026 804 πηγὴν
1054 735 1231 802 φωτὸς
1275 736 1374 804 τὴν
1423 735 1620 787 ἀκτῖνα
1663 735 1863 788 εἰπεῖν.

293 825 420 880 Ἔτι
453 824 509 877 δὲ
544 824 726 886 πόθεν,
757 826 877 878 εἰπέ
912 845 1022 895 μοι,
1057 829 1147 878 ἐνττί
1180 828 1278 894 μὲν
1314 827 1423 880 τῶν
1459 826 1552 878 δύο
1596 825 1862 880 αἰτιατῶν

292 915 533 968 ἀκτίνων
557 914 698 975 ἔστι,
732 916 830 984 τὴν
854 917 1052 986 ἑτέραν
1076 919 1172 986 τῆς
1205 918 1396 986 ἑτέρας
1429 918 1720 986 ἐπινοῆσαι
1757 935 1864 986 χω-

291 1007 399 1074 ρὶς,
437 1005 494 1056 ὲν
529 1005 605 1073 τῷ
639 1005 756 1071 ἅμα
793 1009 1042 1075 προϊέναι
1073 1008 1264 1071 αὑτὰς,
1301 1007 1394 1060 ἐπὶ
1418 1007 1474 1059 δὲ
1501 1007 1608 1058 τῶν
1631 1007 1725 1059 δύο
1747 1006 1868 1059 τοῦ·

290 1113 400 1146 των
423 1095 683 1147 αίτιατῶν
710 1096 810 1164 τῆς
839 1097 1057 1159 ἀκτῖνος
1089 1100 1180 1148 καὶ
1205 1097 1298 1148 τοῦ
1329 1097 1506 1164 φωτὸς
1528 1099 1626 1149 οὐκ
1656 1098 1774 1150 ἐστι
1801 1097 1863 1150 τὸ

293 1188 482 1255 ἕτερον
530 1186 625 1239 τοῦ
661 1188 850 1256 ἑτέρου
896 1188 1185 1256 ἐπινοῆσαι
1231 1188 1434 1259 χωρίςς
1499 1190 1726 1251 ΙΙάντως
1771 1189 1866 1240 καὶ

290 1275 453 1326 τοῦτο
472 1277 573 1328 οὐκ
603 1275 846 1336 ἄλλοθεν,
873 1277 991 1328 ἀλλ’
1027 1278 1091 1328 ἐκ
1128 1277 1222 1330 τοῦ
1245 1281 1353 1330 τῶν
1383 1280 1481 1344 μὲν
1503 1279 1742 1330 ἀκτίνων
1767 1297 1869 1348 μη-

285 1366 480 1431 δεμίαν
519 1367 617 1432 τῆς
641 1365 836 1433 ἐτέρας
861 1366 1087 1436 χρῄζειν
1111 1368 1245 1434 πρὸς
1275 1366 1532 1436 ὓπαρξιν,
1574 1368 1635 1419 τὸ
1657 1368 1713 1420 δὲ
1746 1367 1863 1434 φῶς

287 1457 431 1508 κατά
456 1459 637 1508 πᾶσαν
667 1457 765 1526 τὴν
793 1459 1043 1527 ἀνάγκην
1059 1459 1153 1526 τῆς
1188 1460 1405 1521 ἀκτῖνος
1433 1461 1513 1520 εἰς
1538 1461 1637 1526 τὴν
1661 1460 1866 1510 οίκείαν

287 1546 520 1615 ῦπαρξ.ν
555 1547 798 1617 χρῄζειν.
839 1549 1028 1600 Ἀνελε
1062 1555 1170 1618 γάρ
1196 1553 1410 1614 ἀκτῖνι,
1445 1550 1534 1601 καὶ
1562 1551 1676 1615 φῶς
1714 1549 1867 1617 ἡλια-

283 1644 379 1692 κδιν
428 1642 526 1690 οᾷκ
581 1639 754 1693 ἔσται.
812 1640 952 1693 Ἀλλ’
991 1641 1113 1693 οὗδέ
1175 1659 1226 1693 τι
1281 1643 1388 1693 τῶν
1444 1643 1547 1694 ὅσα
1585 1640 1866 1708 φωτοδόλα

282 1731 424 1782 εἰσιν
469 1730 598 1783 ἄνευ
640 1731 739 1797 τῆς
782 1731 930 1798 αὑτῴ
978 1733 1224 1798 φυσικῶς
1257 1731 1568 1800 προσούσης
1621 1732 1862 1792 ἀκτῖνος,

1971 648 2116 702 tione
2141 650 2439 712 dicturum,
2479 666 2583 704 non
2614 652 2686 703 ob
2712 654 2874 705 aliam
2908 668 3156 714 causam,
3211 668 3372 721 quam
3415 654 3561 718 qnol

1970 754 2068 808 per
2101 742 2314 795 radium
2383 743 2761 797 exsistentiam
2805 745 2984 798 lumen
3035 747 3216 798 habet.
3293 743 3429 798 Ilinc
3477 755 3560 798 est

1967 832 2110 898 quod
2153 833 2287 886 nihil
2323 834 2600 902 impediat.
2637 845 2684 886 et
2723 834 2924 888 fontem
2953 837 3174 888 luminis
3228 838 3438 888 radium
3467 849 3557 888 as-

1967 939 2172 978 serere.
2206 924 2468 978 Prazterea
2499 929 2766 993 responde
2793 928 2987 980 sodes:
3029 929 3306 982 lindeuam
3343 928 3393 979 in
3419 929 3557 980 duo—

1969 1018 2073 1070 bus
2119 1017 2358 1070 causalis
2415 1017 2581 1070 radiis
2623 1033 2723 1069 nec
2773 1019 3068 1070 dil'lit-ulti-r
3125 1034 3292 1073 unum
3349 1020 3557 1084 absque

1968 1107 2140 1160 altero
2189 1107 2562 1176 intelligimus.
2605 1109 2732 1159 dum
2774 1124 2877 1160 una
2935 1109 3098 1161 εἰει-ιιι
3164 1110 3462 1176 [nodi-unt;
3502 1109 3553 1159 in

1969 1199 2093 1251 aliis
2128 1214 2254 1251 vero
2284 1198 2495 1252 duabus
2535 1199 2776 1252 causalis
2831 1200 2980 1251 radio
3009 1209 3061 1252 et
3126 1202 3327 1251 lum'rue
3384 1213 3549 1250 unum

1968 1292 2176 1357 absque
2213 1291 2320 1343 alio
2352 1291 2571 1356 intelligi
2610 1291 2831 1341 minime
2881 1291 3097 1356 potest?
3155 1290 3266 1344 Hoo
3329 1305 3551 1358 prorsus

1971 1397 2078 1434 non
2107 1380 2329 1434 aliunde
2356 1393 2461 1442 εει,
2515 1397 2677 1449 quain
2713 1383 2856 1447 quod
2896 1383 3077 1434 nullus
3108 1398 3173 1434 ex
3213 1382 3378 1434 radiis
3413 1383 3552 1435 alius

1967 1488 2068 1538 ope
2099 1471 2301 1538 indiget
2325 1473 2388 1524 ad
2426 1471 2509 1523 sui
2547 1471 2940 1524 exsistenliam.
2981 1473 3048 1524 At
3086 1475 3263 1524 lnnn-n
3299 1486 3553 1523 ιιιιεειεςειὶ·

1969 1563 2052 1615 rio
2111 1560 2176 1613 ad
2231 1561 2315 1613 sui
2367 1561 2742 1614 exsistentiam
2799 1561 3002 1613 Ιιιιιιὶηι·
3063 1561 3286 1624 indiget.
3349 1559 3556 1612 lleiuito

1967 1652 2108 1703 cnim
2149 1651 2382 1710 radiant,
2409 1662 2459 1702 et
2493 1651 2671 1703 lumen
2700 1653 2878 1704 Solare
2905 1651 3109 1704 nullum
3134 1635 3258 1704 erit.
3309 1649 3412 1702 Sed
3444 1665 3546 1701 nec

1969 1743 2175 1809 reliqua
2205 1741 2366 1793 etiam
2396 1755 2517 1808 quae
2544 1742 2726 1794 lumen
2769 1742 3132 1810 ojamilautur,
3164 1745 3282 1794 sine
3315 1741 3552 1794 naturali

286 1822 360 1884 ὡς
386 1823 478 1873 ἐπὶ¹
505 1821 613 1875 τῶν
634 1823 810 1876 ἄλλων
849 1824 1118 1894 ἀστέρων,
1147 1824 1241 1876 καὶ
1267 1825 1356 1876 ἐπ’
1387 1824 1674 1892 ἀνθράκων
1704 1823 1852 1874 ἐστιν

1979 1832 2088 1899 psis
2111 1831 2461 1892 insitoradio,
2494 1844 2550 1883 ut
2575 1833 2625 1884 in
2646 1833 2767 1886 aliis
2797 1835 2984 1895 stellis,
3012 1843 3064 1886 et
3093 1835 3421 1887 carbonibus
3447 1833 3550 1885 ob-

288 1917 470 1978 εἱδεῖν,
493 1916 553 1969 τὸ
580 1919 778 1970 οἰκεῖον
809 1917 1004 1986 ἀφίησι
1036 1919 1174 1984 φῶς.
1207 1919 1279 1970 Τὸ
1302 1917 1434 1984 γοῦν
1461 1913 1519 1970 οῦ
1548 1915 1718 1985 χωρὶς
1739 1914 1856 1966 τόδε

287 2006 430 2063 εἶναι
463 2010 523 2062 οὐ
557 2010 802 2075 δύναται,
836 2010 953 2074 πῶς
983 2012 1081 2064 οὐκ
1105 2013 1186 2070 είς
1218 2015 1318 2076 τὴν
1343 2010 1498 2064 τοῦδε
1529 2007 1769 2078 ὕπαρξιν
1800 2009 1858 2059 ὲν

284 2104 353 2172 τῇ
378 2100 447 2154 δι’
477 2102 606 2153 Υίοῦ
631 2104 781 2172 φωνῇ
807 2101 1213 2172 ὲκληφθήσεται
1237 2116 1250 2166 ;

358 2194 441 2250 ιδ’.
480 2195 588 2246 Καὶ
611 2196 772 2261 ἡμεῖς
800 2195 900 2263 μὲν
929 2195 1127 2263 ἔχομεν
1163 2191 1198 2246 ἀ
1236 2191 1489 2259 λέγομεν,
1524 2189 1632 2252 κάξ
1659 2186 1862 2255 ἐτέρων

284 2287 575 2354 γραφικὼν
625 2286 889 2352 συστῆσαι
945 2284 1448 2353 παραδειγμάτων·
1511 2282 1633 2332 ἐπεὶ
1693 2278 1750 2329 δὲ
1804 2277 1861 2327 at

291 2377 447 2447 παρά
508 2377 618 2430 τῶν
675 2377 883 2447 ὲχορῶν
949 2375 1246 2446 μαρτυρίαι
1302 2375 1363 2426 τὸ
1421 2370 1862 2438 ἀξιοπιστότερον

291 2471 593 2535 ἐπάγονται
639 2469 933 2538 πανταχοῦ,
991 2468 1043 2520 τί
1107 2467 1172 2520 ἂν
1230 2465 1434 2536 ἐροῦσι,
1499 2462 1700 2532 φαμὲν,
1733 2462 1861 2514 ὅταν

287 2561 382 2613 τὸν
411 2562 503 2612 ὲπὶ
535 2563 598 2628 τῇ
643 2563 784 2613 κατά
840 2561 950 2612 τῶν
1009 2557 1223 2612 Ἰταλῶν
1284 2557 1603 2627 ἀντιρῤήσει
1635 2554 1732 2622 τὴν
1763 2552 1862 2620 τῆς

285 2651 421 2718 παρ’
481 2649 630 2717 αὑτῷ
677 2649 1038 2721 δνοματοθέτῃ
1085 2649 1236 2718 ἱερᾶς
1273 2646 1615 2714 Ὀπλοοήκης
1663 2643 1864 2710 ὀνομα-

286 2743 512 2812 σθείσης
567 2742 1028 2811 συγγραψάμενον
1077 2741 1301 2810 βίϐλον,
1371 2739 1463 2791 τὸν
1530 2735 1864 2806 Καματηρδν

282 2838 430 2905 λέγω
483 2838 732 2900 ἐκεῖνον,
784 2836 1130 2905 εὑρίσκουσιν
1188 2837 1244 2886 ἐν
1296 2835 1360 2902 τῇ
1426 2828 1717 2896 ἐπιστασίᾳ
1769 2825 1864 2878 τοῦ

281 2929 535 2996 λέγοντος
571 2928 760 2997 ῥητοῦ,
813 2929 913 2982 Ἐκ
960 2925 1188 2993 Πατρῦς
1223 2924 1289 2977 τὸ
1331 2922 1577 2990 Πνεῦμα
1623 2920 1697 2972 δι’
1730 2916 1866 2972 Υὶοῦ

281 3023 697 3090 προχεόμενον
725 3037 1032 3089 φυσικως·
1078 3019 1249 3075 οὓτως
1293 3014 1568 3079 αῦτολεξεὶ
1615 3013 1864 3078 λεγοντα,

279 3114 618 3181 Σιιμείωσαι
649 3112 956 3167 κάνταῦθα
988 3110 1100 3178 τὴν
1146 3106 1436 3178 φυσικὴνι
1467 3104 1573 3158 τοῦ
1603 3102 1870 3170 Πνεῦμα-

1962 1937 2184 1976 servare
2211 1923 2358 1986 licet,
2387 1924 2666 1991 proprium
2695 1925 2874 1977 lumen
2903 1927 3176 1979 emittunt.
3215 1925 3343 1978 Illud
3371 1924 3553 1992 itaque

1961 2016 2164 2083 absque
2193 2029 2299 2082 quo
2337 2015 2437 2066 hoc
2470 2030 2590 2068 esse
2610 2017 2814 2082 nequit,
2834 2032 3068 2084 quinam
3095 2017 3305 2068 ratione
3333 2017 3384 2068 in
3405 2017 3552 2069 illius

1961 2107 2271 2171 existentia,
2307 2123 2429 2160 cum
2464 2123 2558 2177 per
2591 2106 2788 2160 Filium
2816 2109 3040 2172 dicitur,
3071 2125 3173 2161 non
3202 2106 3554 2163 assumetur‘l

2034 2199 2120 2253 M.
2160 2200 2271 2253 Nos
2298 2200 2458 2252 etiam
2483 2199 2624 2252 dicta
2659 2212 2844 2254 nostra
2879 2216 2944 2253 ex
2980 2201 3101 2253 aliis
3130 2201 3336 2264 srripto
3370 2200 3546 2252 tradi-

1963 2292 2033 2344 tis
2053 2290 2317 2358 exemplis
2365 2291 2723 2359 comprobare
2778 2306 3086 2360 possumus.
3143 2289 3373 2356 Quaudo
3425 2305 3559 2344 vero

1963 2398 2025 2435 cx
2084 2381 2416 2435 adversariis
2474 2381 2639 2449 petita
2701 2383 3013 2436 testimonia
3071 2383 3331 2450 majorem
3393 2381 3553 2436 [idem

1962 2476 2200 2530 rebusin
2221 2475 2476 2528 omnibus
2497 2485 2793 2538 merentur,
2815 2477 2942 2544 quid
2969 2477 3237 2544 inquieut,
3259 2491 3380 2529 cum
3407 2491 3553 2540 eum,

1964 2567 2058 2636 qui
2092 2567 2242 2620 Italis
2273 2567 2652 2621 Contradicens
2689 2566 2942 2619 volumen
2975 2568 3354 2632 concinnavit,
3386 2575 3441 2620 et
3466 2582 3557 2621 sa-

1965 2675 2118 2714 erum
2147 2659 2646 2711 Arniamcntarium
2675 2661 3027 2724 nuncupavit,
3057 2659 3398 2711 Cainaterum
3419 2695 3433 2719 ,
3469 2657 3557 2710 ἰιι·

1965 2763 2152 2818 quam,
2180 2748 2233 2800 in
2301 2747 2771 2801 animadversione
2827 2749 2960 2801 dicti
3021 2749 3164 2800 illius
3227 2748 3547 2808 asserentis,

1965 2855 2029 2892 ea:
2072 2838 2234 2891 Patre
2262 2855 2354 2907 per
2405 2837 2612 2892 Filium
2650 2838 2914 2906 Spiritum
2947 2838 3150 2905 effundi
3187 2838 3511 2890 naturaliter
3536 2876 3554 2900 ,

1967 2928 2053 2983 his
2088 2931 2277 2983 iisdem
2309 2931 2486 2983 verbis
2523 2929 2881 2982 diSserentem
2913 2930 3175 2982 audiunt:
3212 2929 3357 2981 Nota
3395 2930 3553 2981 etiam

1969 3022 2025 3072 in
2060 3022 2156 3072 hoc
2190 3020 2304 3071 loco
2338 3023 2642 3072 naturalem
2675 3016 2912 3086 Spiritus
2954 3017 3266 3085 e/fusionem
3299 3032 3363 3069 ea:
3397 3015 3557 3069 Patre

1969 3123 2062 3175 per
2112 3105 2311 3159 Filium
2369 3107 2650 3168 decretam,
2684 3122 2788 3159 non
2830 3117 3005 3158 autem
3040 3121 3104 3159 ex
3164 3105 3353 3160 Filio?
3415 3107 3557 3158 Ilur-

281 3222 388 3269 τος
436 3205 759 3271 πρόχυσιν,
812 3203 880 3256 ἐκ
919 3203 1026 3256 τοῦ
1089 3201 1314 3268 Πατρές
1369 3195 1865 3267 δογματιζομένην

1974 3214 2205 3268 sumque
2240 3201 2292 3252 in
2321 3199 2425 3251 alia
2457 3199 2949 3264 animadversione,
2989 3196 3093 3250 Per
3143 3196 3342 3250 Filium
3382 3196 3554 3265 eﬂ'un-

281 3292 384 3347 διὰ
436 3293 544 3346 τοῦ
588 3292 742 3356 Υίοῦ,
796 3293 866 3346 οὐ
917 3292 1046 3361 μὴν
1092 3290 1191 3343 καὶ
1241 3291 1311 3342 ὲκ
1362 3289 1467 3341 τοῦ
1524 3286 1696 3351 Tim”);
1752 3286 1863 3338 Καὶ

283 3383 448 3440 πάλιν
493 3386 548 3436 ἐν
588 3383 750 3453 ἑτέρᾳ
792 3383 1105 3454 ἐπιστασίᾳ,
1152 3382 1212 3433 τι
1244 3380 1340 3433 διὰ
1371 3379 1478 3433 τοῦ
1521 3377 1657 3431 Υίοῦ
1705 3377 1856 3442 λεγᾶ-

285 3492 474 3545 μενον,
532 3473 628 3526 καὶ
678 3475 760 3534 τὸ.
817 3473 1060 3540 Μεγάλη
1116 3472 1184 3525 δὲ
1231 3472 1469 3536 πάντως
1520 3473 1558 3539 1)
1613 3471 1718 3524 τοῦ
1791 3469 1860 3532 ἐξ

281 3563 472 3618 αὑτοῦ
499 3565 648 3632 πρὸς
670 3564 734 3616 τὸ
764 3561 840 3617 δι’
882 3562 1070 3616 αὑτοῦ
1099 3561 1372 3630 διαφορὰ,
1402 3562 1822 3630 προσεπάγοντα
1843 3599 1858 3622 ,

284 3655 548 3725 ἄνθρωπε
587 3656 744 3728 ,ὅστις
807 3655 874 3707 ἂν
912 3651 999 3728 ᾗς,
1055 3656 1082 3707 ὁ
1139 3654 1200 3706 τὸ
1259 3653 1492 3718 διήκειν
1549 3652 1708 3704 τοῦτο
1763 3651 1862 3704 οὐκ

283 3744 382 3801 οἶδ’
433 3749 581 3808 ὅπως
629 3745 1078 3816 ὲπινοησάμενος,
1113 3745 1203 3797 τὸν
1249 3745 1457 3796 τοιάνδε
1506 3744 1600 3795 καὶ
1641 3739 1862 3809 τοσήνδε

286 3841 467 3910 βίϐλον
525 3840 668 3892 κατὰ
717 3838 826 3890 τῶν
884 3837 1099 3890 Ἰταλῶν
1152 3835 1628 3905 συγγραψάμενον,
1683 3831 1864 3898 λόγιον

288 3932 390 4000 μὲν
436 3929 622 3998 ἄνδρα,
681 3929 774 3981 καὶ
807 3927 971 3996 σοφὸν
1018 3926 1251 3996 ἀληθῶς,
1307 3923 1738 3978 ὲθελοκακοῦντα
1805 3919 1863 3972 δὲ

285 4024 459 4092 ὅμως,
516 4021 614 4091 τὴν
661 4019 726 4074 δι’
775 4019 906 4072 Υἱοῦ
936 4019 1210 4089 εὑρίσκεις
1266 4019 1556 4090 δεχόμενον
1605 4014 1862 4087 ὓπαρξιν,

288 4116 384 4169 καὶ
408 4115 472 4167 σὺ
506 4115 638 4184 πρὸς
667 4114 836 4184 φορὰν
863 4111 1005 4164 οὕτω
1029 4112 1398 4182 δυσχεραίνεις
1423 4111 1680 4180 ἀλήθειαν
1705 4127 1720 4175 ;

363 4213 445 4260 ιε’.
491 4207 551 4258 Εἰ
599 4205 653 4257 δέ
692 4221 773 4257 σοι
816 4205 966 4258 δοκεῖ
1008 4205 1287 4256 ἀντειπεῖν
1335 4204 1466 4272 ἡμῖν
1511 4203 1603 4256 ἐπὶ
1634 4203 1863 4265 τούτοις,

290 4298 393 4351 Διά
422 4297 473 4348 τί
521 4296 614 4349 καὶ
638 4297 796 4365 ἡμεῖς
845 4295 944 4347 οὐκ
997 4292 1400 4365 ἀκολουθοῦμεν
1447 4294 1615 4364 αὐτῷ,
1657 4294 1742 4362 ἐφ’
1786 4287 1868 4358 οἷς

291 4365 431 4456 πρὸς
507 4389 606 4459 τὴν
658 4387 726 4450 ἐξ
790 4387 1105 4455 ἀντι).ἐγει;
1164 4369 1450 4450 ἀκούσεις,
1509 4390 1609 4439 Διὰ
1665 4388 1726 4438 τὸ
1777 4388 1870 4440 καὶ

291 4484 457 4536 αὑτὸν
489 4480 768 4552 προδήλως
803 4480 1087 4550 ὁμολογεῖν
1134 4479 1210 4544 ὡς
1256 4479 1354 4551 τὴν
1384 4479 1454 4544 ἐξ
1483 4481 1576 4532 ἐπὶ
1605 4479 1699 4532 τοῦ
1735 4477 1868 4532 Υἱοῦ

289 4575 344 4627 οἱ
405 4573 551 4640 ἆγιοι
613 4573 816 4636 πάντες
893 4572 1015 4624 ἀντὶ
1084 4577 1182 4642 τῆς
1236 4573 1333 4626 διὰ
1409 4571 1864 4639 ἐκλαμϐάνονται.

290 4667 354 4721 ΕΞ
385 4667 492 4735 γὰρ
516 4669 549 4736 ἠ
579 4665 647 4729 ἐξ
673 4667 792 4717 ἀντὶ
816 4665 913 4733 τῆς
952 4666 1068 4729 διὰ,
1125 4667 1185 4719 τὸ
1231 4664 1440 4720 κωλῦον
1472 4666 1688 4728 πάντως
1718 4665 1871 4718 οὐδὲν

289 4758 386 4810 καὶ
432 4758 554 4810 ἀντὶ
595 4758 694 4822 τῆς
740 4757 809 4820 ἐξ
854 4757 1293 4827 ἐκλαμϐάνεσθαι
1324 4759 1420 4830 τὴν
1452 4759 1569 4813 διά.
1608 4760 1719 4828 Τὴν
1765 4759 1873 4828 γὰρ

289 4849 400 4898 τῶν
455 4845 712 4899 τοιούτων
761 4847 1068 4916 προθέσεων
1140 4847 1635 4920 ἀντιπεριχὼρησιν
1689 4851 1783 4902 καὶ
1848 4849 1875 4900 ὁ

294 4941 468 5008 μέγας
496 4940 627 5008 ἡμῖν
657 4942 913 5009 συστήσει
964 4939 1264 5006 Βασίλειος,
1311 4943 1368 4992 ὲν
1398 4936 1478 5003 οἷς
1506 4941 1710 5003 ταύτας
1740 4941 1875 5006 πρὸς

293 5034 362 5088 τὰ
409 5033 499 5087 ὑπ’
553 5035 800 5106 ἀλλήλων
854 5033 1232 5103 σημαινόμενα
1283 5035 1546 5098 πολλάκις
1589 5037 1874 5104 ἀντιμεθί-

298 5125 530 5179 στασϐαι
577 5125 764 5193 σαφῶς
821 5125 1144 5180 ἐκδιδάσκει,
1197 5127 1341 5195 Πρὸς
1388 5126 1444 5179 δὲ
1496 5130 1591 5180 καὶ
1635 5130 1662 5180 ὀ
1718 5127 1876 5193 ἅγιος

302 5217 571 5285 Κύριλλος
623 5218 682 5268 ὲν
743 5213 824 5281 οἷς
875 5219 968 5269 ἐπὶ
1020 5217 1115 5270 τοῦ
1167 5219 1383 5285 Πατρδς
1427 5220 1550 5270 ἀντὶ
1600 5220 1694 5270 τοῦ
1743 5219 1872 5272 Υίοῦ

297 5305 657 5377 ἐκδεχόμενος
729 5307 790 5359 τὸ
847 5307 922 5360 δι’
985 5303 1101 5373 οὗ,
1169 5309 1519 5379 ἀδιαφορεῗν
1599 5309 1728 5364 ἔσθ’
1775 5311 1877 5364 ὅτε

297 5399 432 5465 περὶ
469 5399 572 5463 τὰς
597 5398 796 5464 λέξεις
824 5400 938 5466 τὴν
992 5401 1159 5455 θείαν
1197 5401 1348 5469 λέγει
1382 5403 1654 5471 Γραφὴν,
1681 5403 1879 5472 μηδὲν

300 5489 639 5544 ἀδικοῦσαν
677 5491 743 5544 τὸ
791 5492 1210 5560 ὑποκείμενον.
1279 5494 1440 5548 Ἀλλὰ
1485 5497 1578 5547 καὶ
1623 5495 1683 5547 τὸ
1724 5496 1876 5567 παρά

303 5580 401 5632 τοῦ
431 5580 596 5634 αὐτοῦ
644 5580 798 5648 ἁγίου
837 5581 1112 5650 Κυρίλλου
1158 5584 1448 5655 εἰρημένον
1496 5587 1554 5638 ὲν
1581 5585 1782 5648 ἄλλοις,
1815 5588 1878 5639 τὸ

303 5673 503 5729 πάντα
539 5673 617 5727 δι’
647 5674 870 5742 ἀμφοῖν
906 5677 975 5728 ἐν
998 5677 1112 5742 ἴσῳ
1137 5677 1507 5746 ἐνεργεῖσθαι
1533 5679 1630 5731 καὶ
1669 5694 1878 5745 ammp-

302 5770 598 5826 θοῦσθαιο
655 5770 748 5822 καὶ
781 5767 940 5821 πάλιν
992 5769 1052 5820 τὸ
1102 5770 1162 5822 ἐν
1211 5769 1412 5834 ἄλλοις,
1460 5771 1518 5822 τὸ
1564 5770 1678 5838 τὴν
1722 5769 1878 5839 ζωὴν

300 5863 377 5917 δι’
421 5861 643 5932 ἀμφοῖν
676 5863 760 5928 εἰς
793 5861 948 5929 ἡμᾶς
969 5861 1038 5915 ἐν
1072 5861 1183 5928 ἴσῳ
1210 5862 1354 5917 ίέναι
1388 5863 1490 5917 τοῦ
1519 5865 1744 5929 Πατριῗς
1777 5863 1877 5928 δη-

1961 3294 2127 3353 ditnr,
2158 3293 2358 3361 quibus
2393 3291 2739 3359 postmodum
2803 3291 2988 3345 subdit
3027 3290 3315 3361 :Magnmn
3341 3299 3416 3342 est
3445 3289 3559 3341 dis-

1961 3385 2155 3436 crimen
2173 3384 2308 3434 inter
2325 3383 2434 3434 Iure
2457 3381 2582 3444 duo,
2605 3396 2668 3433 ea:
2697 3382 2832 3448 ipso,
2857 3391 2904 3433 et
2924 3395 3016 3448 per
3039 3380 3250 3445 ipsum?
3281 3378 3345 3430 Mi
3369 3380 3554 3439 homo,

1961 3475 2210 3543 quisquis
2258 3473 2446 3536 lucris,
2502 3473 2606 3528 hoc
2647 3474 2928 3540 pervadere
2960 3472 3145 3526 nescio
3203 3485 3309 3538 qua
3344 3469 3555 3522 ratione

1965 3577 2326 3627 connuentus,
2353 3564 2446 3632 qui
2483 3564 2662 3618 simile
2693 3573 3015 3632 tantumque
3046 3563 3298 3615 volumen
3361 3561 3554 3613 adrer-

1967 3670 2062 3710 sos
2105 3653 2269 3708 Italos
2319 3656 2559 3723 scripsit,
2586 3656 2860 3708 eruditum
2886 3654 3136 3723 equidem
3172 3654 3347 3705 virum
3397 3665 3554 3704 vere-

1967 3763 2074 3816 que
2098 3747 2420 3815 sapientem.
2451 3746 2576 3799 licet
2600 3760 2728 3813 erga
2757 3745 2979 3798 Latinos
3008 3744 3196 3812 iniquo
3220 3744 3402 3796 animo
3427 3741 3553 3796 fue-

1965 3843 2057 3904 rit,
2079 3840 2382 3910 pchilium
2406 3839 2781 3893 cxsistcntiam
2851 3837 3265 3905 amplectentem
3331 3833 3551 3902 conspi-

1965 3933 2068 3994 cis,
2099 3939 2154 3983 et
2202 3928 2560 3984 nihilominus
2585 3937 2640 3982 tu
2687 3937 2892 3982 tantam
2929 3925 3175 3980 veritatis
3216 3925 3394 3979 lucem
3445 3936 3552 3976 non

1965 4026 2206 4082 sustines
2233 4025 2257 4077 ‘i

2049 4213 2138 4268 l5.
2183 4210 2340 4278 Quod
2377 4210 2422 4266 si
2475 4211 2631 4266 nobis
2657 4209 2922 4280 objicias,
2965 4206 3148 4274 Quare
3192 4221 3299 4260 non
3350 4213 3405 4258 et
3450 4205 3567 4274 ipsi.

1972 4305 2224 4359 eumdem
2257 4301 2561 4370 sequimur,
2613 4317 2737 4354 cum
2795 4315 2860 4354 ca:
2893 4299 3330 4368 praepositionem
3379 4310 3552 4364 oppu-

1975 4395 2146 4466 gnat?
2217 4393 2428 4456 audies,
2491 4393 2762 4458 Quouiam
2817 4401 2872 4445 et
2925 4391 3036 4459 ipse
3090 4399 3274 4456 aperte
3329 4388 3573 4443 latelur,.

1980 4484 2414 4554 praepositionem
2451 4498 2514 4535 ea:
2548 4482 2614 4535 de
2663 4481 2802 4535 Filio
2855 4488 3075 4534 sanctos
3102 4491 3292 4529 omnes
3341 4476 3459 4527 loco
3492 4473 3558 4526 il-

1977 4577 2080 4630 lius
2111 4591 2202 4646 per
2222 4576 2490 4644 at-cipcrc.
2521 4574 2675 4638 Quod
2717 4574 2763 4628 si
2798 4589 2864 4626 ea:
2895 4573 3012 4625 loco
3049 4571 3196 4622 illius
3223 4583 3315 4635 per
3343 4567 3556 4634 accipi-

1981 4676 2095 4728 tur,
2147 4667 2282 4720 nihil
2333 4667 2437 4720 erit
2491 4665 2904 4734 impedimento,
2958 4662 3088 4732 quin
3129 4662 3246 4714 loco
3294 4659 3438 4712 illius
3465 4673 3570 4719 εῖν

1976 4775 2068 4827 ρει·
2123 4759 2463 4812 desumatnr.
2516 4755 2718 4810 Ilarum
2777 4754 3048 4822 siquidem
3103 4751 3570 4821 prmpositiouun'r.

1978 4861 2228 4905 mutuam
2278 4851 2439 4904 unius
2478 4863 2586 4919 pro
2633 4848 2804 4901 altera
2855 4846 3284 4914 accrptationeui
3323 4857 3577 4910 magnus.-

1977 4943 2215 4998 Basilius
2244 4941 2646 5010 comprobabit,
2685 4955 2808 4994 cum
2857 4927 3045 5008 aperte
3080 4939 3271 4990 doceat
3319 4937 3386 4988 ad
3433 4950 3551 4986 mu-

1978 5045 2068 5090 tua
2107 5035 2413 5100 significata
2448 5032 2762 5087 denotanda
2799 5046 2963 5084 unam
2998 5045 3094 5098 pro
3126 5031 3232 5082 alia
3267 5027 3432 5081 sumi.
3469 5026 3566 5078 Ad

1978 5127 2096 5180 haee
2121 5127 2354 5179 sanctus
2395 5124 2633 5195 Cyrillus
2685 5124 2827 5186 loca,
2860 5139 2982 5192 qua:
3020 5122 3086 5174 de
3121 5121 3279 5172 Patre
3312 5133 3564 5186 pronuno

1977 5217 2118 5270 tiaut
2168 5231 2261 5285 per
2292 5231 2465 5285 quem,
2491 5216 2633 5283 quod
2677 5216 2744 5268 de
2776 5213 2915 5267 Filio
2963 5213 3164 5286 dicitur
3193 5211 3548 5276 amplectens,

1979 5307 2366 5375 indifferenter,
2403 5305 2503 5368 ait,
2558 5306 2860 5376 plerumque
2905 5301 3225 5357 dictionibus
3282 5300 3564 5351 annsionis-

1978 5401 2132 5454 modo
2169 5401 2247 5453 uti
2281 5399 2516 5453 divinam
2551 5398 2909 5466 Scripturam,
2943 5383 3145 5448 nullam
3178 5393 3279 5444 vim
3327 5390 3574 5457 infereuv—

1979 5505 2082 5548 tem
2113 5493 2369 5563 subjecto.
2404 5491 2510 5546 Sed
2560 5501 2615 5544 et
2641 5491 2782 5560 quod
2833 5489 2970 5541 locis
3013 5488 3066 5537 in
3098 5484 3219 5536 aliis
3264 5483 3331 5534 ab
3362 5480 3551 5533 eodem

1978 5595 2168 5640 sancto
2188 5585 2390 5655 Cyrillo
2429 5583 2716 5651 reperitur,
2747 5579 2923 5632 omnia
2983 5593 3074 5646 per
3101 5585 3376 5642 utrumque
3403 5587 3568 5640 a'qua-

1979 5681 2188 5734 ratione
2228 5677 2429 5731 absolvi
2461 5688 2508 5728 et
2535 5674 2703 5743 efﬁci;
2735 5680 2790 5726 et
2821 5670 2947 5722 alibi
2983 5682 3173 5721 rursus
3209 5684 3220 5716 :
3271 5665 3432 5718 vitam
3460 5679 3554 5732 per

1980 5783 2255 5840 utrumque
2285 5769 2353 5822 ad
2376 5785 2469 5820 nos
2504 5767 2623 5834 pari
2657 5763 2810 5817 modo
2840 5759 3136 5832 provenire,
3171 5757 3388 5812 Patrem
3447 5756 3554 5808 sci-

1979 5861 2100 5913 licet
2144 5868 2190 5913 et
2225 5857 2454 5921 Filium,
2504 5868 2697 5910 secure
2743 5850 3037 5908 admodum
3093 5847 3382 5905 stabiliuut
3433 5845 3576 5898 iOtO-
