3962 6460
333 365 440 428 993

1369 360 1469 421 DE
1506 359 2010 421 DEPOSlTIONE
2053 361 2197 422 SUA
2241 360 2463 421 ORAT.
2507 360 2596 420 Ιῐ.

3475 358 3579 421 94

334 473 490 526 οὗτοι)
516 470 739 542 ἔλεγχον
769 470 864 524 τοῦ
904 472 1235 543 παραλόγως
1268 472 1383 535 τοῖς
1409 473 1750 540 ἀντιλέγουσι
1779 488 1909 540 προ-

2023 478 2200 527 radere
2258 472 2745 541 redargutionem,
2817 469 3170 524 memoranda
3244 478 3371 526 sunt
3433 471 3580 525 dicta

333 563 646 630 τεινομένου
685 561 918 628 διήκειν
969 563 1372 634 μνημονευτέον
1439 563 1648 634 ἀπάρτι
1689 566 1783 616 καὶ
1828 559 1903 618 ὧν

2023 566 2209 633 ιοιίριο
2238 563 2457 624 tradita,
2491 561 2695 631 quibus
2729 561 2816 616 isti
2852 561 3134 625 insistunt,
3166 561 3232 615 ad
3272 560 3585 616 convellen-

330 653 477 710 οὗτοι
520 655 810 724 γραφικῶν
859 658 1174 724 ἀντέχονται
1228 658 1463 728 ῥήσεων,
1509 657 1646 725 πρὸς
1695 659 1756 709 τὸ
1806 656 1905 728 τὴν

2023 658 2130 710 lam
2171 669 2269 723 per
2318 653 2516 707 Filium
2552 653 2790 723 Spiritus
2823 652 3223 715 exsislentianl,
3268 661 3323 707 et
3356 653 3581 721 potissi-

328 747 396 801 δι’
452 743 583 800 rio-3
637 746 955 817 Πνεύματος
986 747 1221 818 ὓπαρξιν
1277 748 1586 801 κατασείειν
1636 749 1780 818 τάχα
1824 751 1909 802 ἐν-

329 837 544 892 τεῦθεν.
576 836 640 892 Εἰ
673 839 784 909 γὰρ
830 839 914 891 διὰ
946 838 1042 892 τοῦ
1076 838 1231 903 Υἱοῦ,
1266 842 1424 908 φασὶ,
1463 839 1558 891 τοῦ
1591 839 1909 909 Πνεύματός

331 930 482 980 ἐστιν
515 927 687 991 αῐτιος
717 929 746 979 ὁ
780 929 992 999 Πατὴρ,
1030 929 1146 991 πῶς
1192 931 1219 980 ό
1268 929 1371 998 μὲν
1417 928 1667 996 θεολόγος
1696 930 1907 1000 Γρηγό-

332 1035 445 1088 pio;
475 1018 535 1070 ὲν
563 1018 642 1086 τῷ
665 1020 742 1080 εἰς
769 1019 864 1071 τὸν
903 1020 1221 1072 κατάπλουν
1266 1020 1376 1072 τῶν
1400 1019 1716 1088 Αἰγυπτίων
1740 1021 1906 1089 λόγῳ,

329 1108 552 1172 Πάντα,
591 1109 717 1176 ἔφη,
770 1109 887 1164 ὅσα
930 1113 963 1164 ό
1014 1110 1216 1178 Πατὴρ
1254 1110 1402 1179 ἔχει,
1450 1110 1561 1165 τοῦ
1604 1111 1739 1165 ΥΙοῦ
1777 1115 1908 1165 ἐστι

328 1200 499 1267 πλὴν
524 1199 635 1267 τῆς
663 1201 904 1267 αἰτίας;
943 1203 971 1254 ό
999 1201 1055 1253 δὲ
1091 1202 1245 1271 ἆγιος
1284 1201 1535 1272 Μάξιμος
1573 1203 1632 1255 ὲν
1666 1207 1731 1273 τῇ
1770 1204 1909 1274 ὑπὲρ

326 1292 438 1343 τῶν
482 1290 702 1343 Ἰταλῶν
761 1292 899 1361 πρὸς
956 1292 1200 1362 Μαρῖνον
1260 1293 1635 1364 πρεσϐύτερον
1682 1292 1909 1363 Κύπρου

328 1382 585 1453 ἐπιστολῇ
613 1382 692 1450 τὸ,
747 1383 849 1447 Ἐξ
877 1376 963 1436 ὧν
996 1386 1106 1438 οὐκ
1134 1384 1332 1439 αἰτίαν
1361 1387 1469 1438 τὸν
1508 1384 1644 1439 Υἰὸν
1665 1386 1911 1441 ποιοῦν-

328 1490 435 1540 τας
475 1474 580 1528 τοῦ
626 1476 974 1545 Πνεύματος
1017 1476 1180 1546 σφᾶς
1234 1476 1491 1542 ἑαυτοὺς
1539 1479 1867 1542 ἀπέδειξαν
1892 1494 1909 1511 θ

328 1566 472 1632 μίαν
495 1564 607 1633 γὰρ
636 1565 851 1619 ἴσασιν
909 1568 1048 1620 Υἰοῦ
1100 1567 1197 1621 καὶ
1252 1567 1608 1635 Πνεύματος
1656 1571 1763 1621 τὸν
1795 1572 1913 1623 Πα-

330 1656 471 1722 τέρα
493 1657 714 1718 αἰτίαν,
754 1658 897 1711 ἀλλ’
936 1658 1037 1711 ἵνα
1073 1657 1139 1711 τὸ
1176 1657 1254 1710 δι’
1296 1658 1483 1712 αὐτοῦ
1511 1658 1780 1727 προιίναι
1805 1661 1912 1727 δη-

2012 761 2157 799 mum
2211 747 2346 800 lucc.
2382 744 2538 813 υΝεηη
2586 745 2631 799 si
2690 761 2785 814 per
2834 743 3255 810 Filium,aiunt,
3284 758 3455 798 causa
3503 754 3586 797 est

2012 837 2249 908 Spiritus
2279 839 2460 904 Pater,
2480 852 2585 907 qua
2619 838 2832 891 ratione
2890 837 3178 904 theologus
3209 835 3504 907 Gregorius
3529 834 3592 890 in-

2013 932 2263 984 oratione
2338 932 2404 985 de
2461 930 2839 1000 Aigyptiorum
2912 930 3331 999 aduavigatione
3389 930 3580 984 dixit:

2016 1021 2353 1088 Quacunque
2395 1020 2559 1074 Pater
2589 1021 2739 1073 habet
2783 1018 2916 1073 Filii
2945 1030 3089 1085 sunt,
3121 1032 3339 1089 excepta
3375 1037 3539 1075 causa
3562 1019 3592 1075 2

2015 1121 2237 1166 sanctus
2271 1113 2398 1166 item
2432 1112 2699 1164 Maximus
2732 1127 2827 1181 pro
2856 1112 3011 1165 Italis
3040 1112 3106 1166 ad
3129 1110 3394 1165 Marinum
3421 1111 3591 1183 Cypri

2014 1204 2388 1274 presbyterum
2416 1204 2646 1272 epistola
2683 1223 2695 1258 :
2734 1201 2815 1256 Ea:
2834 1203 3024 1273 quibus
3046 1219 3259 1256 causam
3283 1219 3386 1256 non
3414 1203 3592 1273 facere

2016 1293 2064 1347 F
2068 1294 2219 1348 ilium
2254 1294 2490 1364 Spiritus
2522 1297 2829 1365 semetipsos
2850 1296 3479 1359 demonstrarunt;unam
3511 1298 3593 1349 si-

2012 1387 2218 1456 quidem
2249 1400 2440 1441 norunt
2480 1384 2612 1440 Filii
2641 1397 2691 1440 et
2724 1386 2958 1456 Spiritus
2986 1403 3202 1440 causam
3232 1386 3469 1447 Patrem.
3500 1387 3591 1441 sed

2015 1489 2073 1531 ut
2102 1493 2194 1546 per
2224 1479 2399 1546 ipsum
2441 1479 2825 1547 processionem
2876 1476 3183 1530 ostendant.
3222 1476 3590 1532 Damascenus

2014 1584 2167 1635 vero,
2219 1568 2341 1623 Non
2382 1573 2461 1623 uti
2494 1584 2559 1623 ea:
2588 1570 2724 1638 ipso,
2765 1569 2855 1622 sed
2891 1569 2972 1622 uti
2997 1584 3090 1637 per
3115 1569 3289 1636 ipsum
3330 1581 3396 1621 ea:
3428 1566 3597 1619 Patre

2016 1661 2377 1730 procedentem
2409 1675 2427 1712 :
2460 1666 2603 1714 solus
2643 1662 2782 1715 enim
2817 1676 2982 1715 causa
3013 1659 3179 1714 Pater
3207 1668 3305 1715 est.

326 1749 613 1803 λώσωσιν
644 1765 658 1781 ·
693 1750 722 1802 ό
749 1750 807 1804 δὲ
841 1754 1206 1820 Δαμασκηνὸς
1242 1750 1303 1803 τὸ
1338 1753 1461 1820 Οὐχ
1491 1751 1571 1818 ὡς
1598 1752 1667 1817 ἐξ
1691 1753 1902 1819 αὑτοῦ,
1942 1754 2084 1810 ἀλλ’
2103 1756 2184 1822 ὡς
2223 1754 2301 1808 δι’
2326 1753 2513 1809 αὑτοῦ
2578 1754 2648 1807 ἐκ
2677 1753 2786 1809 τοῦ
2825 1753 3057 1822 Πατρός
3086 1753 3588 1823 ἐκπορευόμενον.

328 1839 528 1905 Μόνος
556 1841 664 1909 γὰρ
693 1841 881 1906 αἴτιος
912 1842 945 1893 ὁ
976 1841 1197 1907 Πατήρ.

402 1941 491 2005 ιη’.
539 1932 725 1988 Ταῦτα
777 1934 877 2002 μὲν
920 1934 1064 2004 ἆπερ
1118 1936 1251 2005 ἡμῖν
1310 1928 1458 1989 οὗτοι
1507 1938 1905 2007 προτείνουσιν,

2089 1937 2176 1990 i8.
2222 1936 2286 1990 Et
2315 1936 2429 1991 haec
2469 1935 2691 2006 quidem
2723 1946 2872 2003 sunt,
2899 1952 3020 2008 quae
3051 1938 3154 2007 ipsi
3200 1939 3356 1995 nobis
3393 1956 3591 2011 propo-

327 2027 404 2092 ὡς
444 2027 628 2089 αὐτοῖς
659 2025 1118 2081 δυσαντίϐλεπτα.
1163 2027 1355 2097 Ἡμεῖς
1404 2028 1463 2081 δὲ
1528 2029 1635 2099 πρὸ
1664 2029 1772 2083 τῶν
1811 2029 1908 2084 ἅλ-

329 2120 439 2173 ὶων
471 2120 609 2187 πρὸς
632 2117 692 2170 τὸ
719 2116 910 2171 δοκοῦν
946 2118 1128 2179 αὐτοῖς
1159 2119 1254 2172 τοῦ
1284 2120 1546 2187 Θεολὸγου
1575 2118 1716 2174 εἶναι
1748 2122 1911 2191 ῥητὸν

328 2208 726 2277 ἀντιλέγοντες,
802 2209 1028 2278 σφάλμα
1066 2208 1174 2263 τῶν
1220 2210 1317 2272 τὰς
1363 2210 1576 2279 βίϐλους
1646 2212 1916 2280 ἀντιγρα-

330 2300 545 2368 φόντων
579 2295 722 2353 εἶναι
752 2298 886 2351 αὐτὸ
910 2298 1163 2369 λέγομεν,
1200 2302 1356 2353 ὁποῖα
1391 2302 1576 2355 πολλοὶ
1603 2302 1655 2355 οἱ
1681 2304 1821 2373 μετὰ
1850 2304 1912 2356 τὸ

331 2391 540 2463 σχίσμα
569 2377 667 2455 τὰς
705 2390 920 2461 βίϐλους
973 2392 1279 2461 γράφοντες
1310 2392 1751 2462 ὲκακούργησαν,
1780 2392 1913 2464 περὶ

328 2478 407 2537 ὧν
431 2483 529 2537 καὶ
557 2485 616 2536 ὲν
657 2486 724 2554 τῇ
759 2485 890 2553 παρ’
924 2483 1082 2552 ἡμῶν
1123 2484 1410 2557 ὲκτεθείσῃ
1447 2484 1616 2555 βίϐλῳ
1647 2484 1915 2537 πλατύτε-

336 2594 427 2646 ρον
472 2574 857 2647 διειλήφαμεν.
913 2575 1001 2628 Ἐν
1036 2575 1145 2644 γὰρ
1178 2575 1402 2640 πολλαῖς
1432 2576 1528 2628 καὶ
1579 2577 1914 2642 ἁξιοπίστοις

330 2670 418 2733 οὐ,
441 2667 611 2736 πλὴν
633 2666 745 2736 τῆς
776 2666 990 2733 αἰτίας,
1023 2666 1183 2734 ἀλλὰ,
1214 2668 1384 2734 πλὴν
1410 2667 1520 2731 τῆς
1544 2668 1914 2736 ἀγεννησίας

332 2757 565 2835 εὕρηται
597 2759 985 2829 γεγραμμένον
1017 2773 1032 2789 '
1065 2760 1162 2812 καὶ
1189 2759 1248 2810 αἱ
1273 2758 1445 2822 οὕτως
1480 2759 1702 2829 ἔχουσαι
1742 2760 1917 2829 βίϐλοι

331 2852 431 2922 τὴν
463 2850 606 2904 κατὰ
639 2850 745 2903 τῶν
775 2849 953 2904 ἄλλων
984 2850 1136 2919 ἰσχὺν
1162 2849 1406 2920 ἔχουσιν,
1434 2849 1494 2915 ἐξ
1515 2844 1589 2904 ὧν
1619 2853 1643 2903 ό
1678 2850 1832 2916 ἆγιος
1856 2853 1915 2905 ἐν

334 2942 515 3006 ἄλλοις
542 2941 827 3011 διαφόροις
871 2940 1038 2993 αὐτοῦ
1077 2941 1502 3012 συγγράμμασι,
1538 2943 1667 3012 περὶ
1710 2942 1817 2996 τῶν
1854 2945 1913 2997 ἐν

330 3036 401 3104 τῇ
440 3034 572 3106 ἁγίᾳ
610 3033 800 3103 Τριὰδι
853 3033 1136 3103 ἰδιοτήτων
1181 3033 1471 3101 Θεολογῶν,
1511 3033 1627 3102 τὴν
1657 3035 1915 3104 ἀγεννη-

331 3128 481 3181 σίαν
515 3126 790 3196 πανταχοῦ
825 3127 904 3190 εἰς
939 3126 1181 3194 ἰδιότητα
1213 3125 1514 3195 διορίζεται
1544 3127 1638 3178 τοῦ
1679 3127 1911 3195 Πατρός.

344 3221 405 3273 Ὀ
432 3220 542 3289 γὰρ
573 3219 738 3282 αὐτὸς
766 3221 823 3272 ἐν
850 3217 928 3287 τῷ
955 3217 1086 3287 περὶ
1112 3218 1215 3285 τῆς
1242 3219 1299 3269 ὲν
1331 3216 1630 3281 διαλέξεσιν
1658 3218 1916 3287 εὐταξίας

327 3311 475 3381 λόγῳ
501 3308 694 3373 αὑτοῦ,
730 3308 975 3377 Πνεῦμα
1003 3308 1073 3361 ἐκ
1107 3306 1281 3373 Θεοῦ,
1313 3307 1471 3377 φησὶ,
1506 3307 1622 3376 τὴν
1649 3308 1913 3377 ὓπαρξιν

328 3403 501 3471 ἕχον,
530 3401 928 3470 παραχωροῦν
966 3402 1149 3468 Πατρὶ
1187 3399 1306 3468 μὲν
1341 3400 1735 3469 ἀγεννησίας,
1773 3402 1910 3456 Υἰοῦ

326 3493 401 3546 δὲ
445 3492 816 3562 γεννήσεως,
878 3490 953 3545 τὰ
991 3492 1044 3544 δ’
1093 3491 1256 3545 ἄλλα
1294 3493 1393 3546 καί
1452 3493 1752 3562 συμφυὲς,
1810 3494 1911 3547 καί

327 3585 693 3652 σύνθρονον,
733 3584 833 3639 καί
878 3584 1176 3654 ὁμόδοξον
1200 3600 1213 3613 ’
1260 3585 1360 3637 οὐκ
1400 3579 1519 3638 εἷπε
1550 3586 1663 3653 τῆς
1695 3587 1911 3652 αἰτίας,

327 3674 472 3727 ἀλλὰ
520 3674 632 3742 τῆς
677 3675 1046 3743 ἀγεννησίας
1112 3675 1512 3743 παριιχωροῦν
1561 3676 1642 3741 τῷ
1706 3676 1910 3745 nam.

329 3765 445 3818 Καὶ
469 3765 634 3819 πάλιν
670 3767 728 3819 ὲν
761 3769 838 3835 τῷ
862 3769 943 3828 εἰς
973 3768 1198 3838 Ἥρωνα
1228 3768 1319 3818 τὸν
1351 3765 1639 3835 φιλόσοφον
1668 3784 1683 3798 ⁸
1735 3768 1914 3822 Ἴδιον

325 3854 401 3907 δὲ
429 3856 660 3922 Πατρός
683 3856 800 3924 μὲν
827 3856 864 3922 ἡ
893 3856 1245 3926 ἁγεννησία,
1284 3858 1424 3912 Υίοῦ
1446 3857 1514 3910 δὲ
1534 3861 1571 3927 ἡ
1604 3857 1909 3927 γέννησις,

332 3946 686 4015 Πνεύμιιτος
714 3946 782 4000 δὲ
809 3948 848 4016 ἡ
875 3949 1197 4017 ἕκπεμψις.
1231 3950 1342 4003 Καὶ
1369 3950 1531 4003 πάλιν
1569 3953 1628 4002 ἐν
1665 3952 1743 4020 τῷ
1780 3952 1915 4021 περὶ

330 4040 650 4109 Ιινεύματος
676 4039 821 4110 λόγῳ
849 4056 862 4070 ·
901 4042 962 4095 Τί
1014 4041 1125 4111 γὰρ
1182 4046 1253 4095 οὺ
1301 4040 1552 4095 δύναται
1590 4042 1711 4095 τῶν
1732 4044 1916 4113 μεγά-

329 4136 460 4185 λων
491 4149 510 4196 ;
558 4132 620 4186 Τί
657 4131 726 4184 δέ
776 4136 848 4187 οὺ
881 4134 1391 4202 προσαγορεύεται
1419 4131 1504 4186 ὢν
1538 4134 1705 4200 Θεὸς,
1746 4137 1914 4205 πλὴν

329 4224 727 4292 ἀγεννησίας,
774 4225 874 4279 καὶ
912 4226 1252 4294 γεννήσεως
1286 4243 1305 4289 ;
1337 4226 1457 4279 ἔδει
1488 4225 1601 4296 γὰρ
1633 4227 1735 4291 τὰς
1773 4227 1916 4280 ἰδιό-

329 4328 516 4378 τητας
564 4312 766 4381 μεῖναι
819 4313 1002 4381 Πατρί
1045 4314 1144 4367 καί
1192 4312 1318 4378 Υἰῷ,
1357 4314 1459 4367 ἵνα
1492 4315 1579 4383 μὴ
1612 4316 1918 4385 σύγχυσις

329 4399 372 4474 ᾖ
394 4403 556 4471 παρὰ
581 4405 831 4472 θεότητι.
861 4407 974 4459 Καὶ
1009 4407 1173 4461 πάλιν
1199 4408 1257 4457 ἐν
1291 4407 1367 4476 τῷ
1403 4409 1481 4469 εἰς
1509 4406 1606 4477 τὴν
1643 4408 1919 4478 Πεντηκο-

332 4495 468 4565 στὴν
490 4495 633 4567 λόγῳ
662 4512 677 4527 ⁶
702 4497 763 4550 Τί
784 4514 883 4564 μοι
910 4496 1314 4566 μακρολογεῖν
1334 4512 1354 4561 ;
1375 4497 1575 4551 Πάντα
1598 4498 1715 4550 ὅσα
1736 4498 1862 4566 ἔχει
1885 4503 1918 4553 ό

331 4592 541 4656 Πατὴρ
591 4586 699 4641 τοῦ
732 4589 870 4643 Υἰοῦ
905 4587 1074 4654 πλὴν
1105 4590 1474 4657 ἀγεννησίας
1498 4605 1513 4621 ·
1559 4589 1758 4642 πάντα
1801 4589 1919 4646 ὅσα

2014 2040 2154 2085 nunt
2202 2038 2459 2095 tanquam
2510 2028 2630 2083 visu
2673 2026 2887 2093 aspera.
2939 2043 2993 2086 et
3026 2046 3147 2100 qua:
3196 2031 3420 2087 refutari
3479 2049 3586 2089 non

2015 2121 2250 2176 valeant.
2281 2119 2390 2175 Nos
2415 2135 2543 2174 vero
2576 2130 2702 2175 ante
2728 2121 2832 2177 alia
2866 2121 2997 2185 illis,
3032 2123 3177 2193 quod
3215 2125 3346 2194 ipsis
3377 2127 3590 2181 videtur

2017 2228 2333 2283 germanum
2364 2228 2485 2268 esse
2534 2213 2797 2286 Theologi
2850 2215 3079 2281 dictum,
3136 2220 3591 2288 contradicentes,

2016 2306 2314 2361 asserimus
2364 2321 2611 2362 errarent
2654 2322 2775 2362 esse
2820 2322 3036 2373 eorum,
3069 2309 3160 2379 qui
3190 2310 3356 2367 libros
3387 2317 3594 2368 exscri-

2016 2412 2198 2465 psere,
2246 2400 2436 2468 quales
2479 2414 2686 2468 eosque
2720 2399 2923 2453 multos
2956 2400 3241 2467 librormn,
3293 2414 3415 2473 post
3470 2405 3593 2461 dis-

2016 2487 2217 2542 sidium
2267 2489 2634 2556 exscriptores
2700 2487 2971 2543 malitiose
3022 2492 3468 2557 commiserunt,
3526 2496 3595 2550 de

2019 2575 2219 2645 quibus
2256 2577 2308 2630 in
2338 2576 2480 2631 libro
2502 2591 2530 2630 a
2562 2578 2719 2632 nobis
2736 2577 2881 2632 edito
2909 2593 2996 2635 res
3026 2579 3202 2636 iusius
3233 2585 3607 2652 pertraCIavi‘:

2020 2683 2168 2723 mus.
2199 2667 2448 2739 Namque
2479 2669 2535 2723 in
2569 2658 2754 2724 multis
2786 2680 2840 2724 et
2870 2669 2976 2725 ﬁde
3004 2670 3186 2742 dignis
3217 2675 3596 2734 voluminibus

2021 2776 2154 2826 non,
2190 2770 2409 2831 excepta
2449 2777 2630 2826 causa,
2682 2761 2801 2827 sed,
2846 2773 3065 2831 excepta
3109 2767 3319 2820 ratione
3371 2769 3597 2839 iugeniti

2020 2853 2285 2922 scriptum
2337 2856 2671 2923 comperitur
2708 2871 2718 2907 :
2760 2864 2814 2908 et
2859 2855 3159 2923 volumina,
3198 2860 3249 2912 in
3295 2861 3495 2928 quibus
3523 2865 3596 2918 ita

2021 2953 2304 2997 exaratum
2357 2942 2573 3012 legitur,
2608 2941 2754 3005 aliis,
2787 2940 2841 2994 in
2895 2941 3093 3011 quibus
3127 2946 3288 3000 aliter
3330 2949 3597 3017 scriptum

2021 3042 2124 3099 est,
2179 3032 2442 3101 majorem
2502 3030 2662 3085 ﬁdem
2717 3041 3015 3096 merentur,
3077 3047 3204 3088 cum
3266 3045 3494 3091 sanctus
3544 3039 3596 3091 in

2022 3124 2145 3179 aliis
2196 3123 2474 3191 variisque
2519 3121 2636 3177 suis
2681 3119 2900 3189 scriptis
2952 3121 3021 3177 de
3078 3123 3509 3191 proprietatibus
3543 3129 3598 3180 in

2020 3226 2212 3273 sancta
2252 3212 2449 3269 Triade
2477 3228 2667 3282 agens,
2703 3214 2965 3268 rationem
2990 3214 3212 3284 ingeniti
3248 3216 3301 3269 in
3341 3219 3604 3274 omnibus

2024 3308 2413 3377 proprietatem
2458 3319 2582 3360 esse
2625 3303 2805 3359 Patris
2852 3305 3130 3362 decernat.
3173 3305 3315 3361 Idem
3357 3312 3504 3363 enim
3542 3311 3599 3365 in

2024 3402 2275 3456 oratione
2299 3399 2366 3453 de
2395 3399 2591 3453 ordine
2623 3398 2678 3453 in
2711 3397 3002 3466 colloquiis
3030 3401 3322 3464 servando,
3359 3398 3600 3468 Spiritus

2025 3505 2090 3544 ea:
2119 3490 2249 3554 Deo,
2278 3490 2377 3552 ait,
2414 3489 2778 3543 exsistentiam
2805 3487 3021 3549 habens,
3071 3487 3257 3542 cedens
3296 3488 3454 3543 Patri
3479 3494 3605 3561 qui-

2023 3581 2139 3635 dem
2177 3580 2434 3634 rationem
2459 3579 2701 3648 ingeniti,
2740 3576 2880 3631 Filio
2907 3580 3164 3632 rationem
3196 3584 3551 3650 generationis
3576 3598 3605 3651 ς

2023 3673 2234 3741 reliquis
2274 3687 2392 3726 vero
2429 3673 2484 3724 in
2512 3671 2632 3724 aliis
2661 3669 2898 3738 ejusdem
2923 3681 3132 3725 natura:
3159 3682 3209 3725 et
3241 3675 3382 3728 sedis
3416 3686 3464 3729 et
3484 3675 3601 3746 glu-

2026 3762 2123 3817 ria:
2168 3762 2428 3815 exsistens
2463 3775 2484 3814 :
2537 3775 2646 3814 non
2697 3760 2854 3825 dixit,
2903 3776 3145 3825 causam,
3202 3762 3295 3816 sed
3338 3768 3600 3819 rationem

2023 3854 2244 3924 ingeniti
2279 3855 2464 3907 cedens
2493 3851 2666 3905 Patri.
2732 3850 3055 3920 Rursusque
3082 3851 3135 3904 in
3168 3849 3437 3907 Heronem
3475 3857 3599 3923 phi-

2026 3946 2318 4016 1050pbmn
2353 3962 2367 3998 :
2419 3944 2713 4014 Proprium
2767 3943 2980 4014 quidem
3026 3956 3100 3998 est
3132 3942 3315 3998 Patris
3346 3960 3449 4000 non
3490 3965 3603 4003 esse

2025 4034 2280 4108 genitum,
2312 4034 2442 4090 Filii
2488 4032 2773 4105 generatio,
2811 4032 3042 4104 Spiritus
3082 4038 3315 4091 emissio.
3349 4039 3596 4110 Itemque

2028 4130 2278 4185 oratione
2300 4128 2368 4182 de
2398 4127 2641 4197 Spiritu:
2668 4126 2809 4192 Quid
2839 4127 2978 4180 enim
3007 4141 3071 4180 ea:
3101 4127 3192 4193 iis,
3218 4145 3334 4197 quis
3367 4130 3603 4200 ingentia

2027 4230 2171 4283 sunt,
2203 4237 2306 4274 non
2337 4218 2487 4273 liabet
2518 4219 2572 4270 in
2604 4208 2860 4286 potestate
2886 4220 2911 4273 7
2943 4217 3145 4282 Quibus
3187 4236 3290 4273 non
3320 4221 3607 4290 insignitnr

2029 4310 2348 4372 nominibus,
2403 4325 2521 4362 cum
2552 4309 2688 4362 Deus
2721 4310 2816 4371 sit,
2851 4319 3046 4377 praeter
3089 4312 3346 4364 rationem
3382 4313 3601 4382 ingeniti

2029 4401 2328 4473 genitique?
2363 4398 2606 4470 Namque
2643 4399 2927 4453 addecebat
2961 4401 3312 4467 proprietates
3344 4408 3604 4458 reservari

2035 4494 2189 4548 Patri
2216 4504 2266 4548 et
2299 4491 2461 4557 Filio,
2489 4509 2553 4546 ne
2574 4492 2815 4560 confusio
2842 4493 2897 4544 in
2938 4491 3145 4547 Deitate
3171 4497 3424 4550 oriretur.
3461 4495 3604 4551 Nec-

2032 4602 2140 4641 non
2184 4588 2433 4641 oratione
2482 4586 2534 4639 in
2582 4585 2934 4641 Pentecosten
2988 4602 3002 4638 :
3064 4587 3205 4651 Quid
3255 4587 3382 4640 mihi
3438 4589 3605 4643 verbis

332 4683 370 4734 ὀ
416 4681 551 4744 Υἰὸς
597 4678 705 4733 τοῦ
749 4678 1098 4747 Πνεύματος
1136 4679 1306 4746 πλὴν
1347 4679 1713 4748 γεννήσεως.
1771 4680 1914 4733 Οὔτοι

2036 4694 2163 4747 opus
2201 4686 2277 4731 est
2300 4680 2325 4732 ?
2376 4676 2709 4742 Quaecunque
2738 4675 2904 4731 Pater
2933 4674 3108 4741 habet,
3145 4675 3278 4730 Filii
3310 4688 3458 4743 sunt,
3509 4694 3605 4732 ex-

334 4770 471 4838 γοῦν
501 4770 596 4823 καὶ
630 4772 688 4822 ὲν
715 4769 1008 4832 τοσαύταις
1049 4773 1289 4838 γραφαῖς
1321 4772 1560 4841 ἰδιότητα
1588 4770 1684 4823 τοῦ
1715 4771 1926 4841 Πατρδς

335 4863 452 4932 τὴν
478 4864 876 4932 ἀγεννησίαν,
907 4864 1001 4916 καὶ
1033 4863 1094 4915 οὐ
1136 4862 1235 4931 τὴν
1270 4863 1558 4925 ἀπολύτως
1592 4865 1737 4917 οὕτω
1768 4864 1927 4932 λεγο-

338 4957 516 5026 μένην
543 4957 743 5009 αἰτίαν
776 4957 804 5008 ὁ
836 4955 1012 5024 μέγας
1043 4953 1345 5023 Γρηγόριος
1379 4953 1669 5023 θεολογῶν,
1699 4956 1760 5006 ού
1791 4971 1926 5023 συγ-

335 5049 512 5118 χωρεί
557 5047 633 5111 ὡς
667 5046 844 5119 ἀληθῆ
873 5050 973 5117 τὴν
1001 5046 1064 5099 τὸ
1101 5045 1269 5113 πλὴν
1298 5045 1408 5113 τῆς
1438 5048 1656 5112 αἰτίας,
1698 5050 1928 5117 ἔχουσαν

338 5138 526 5210 βίϐλον
552 5139 932 5195 πιστεύεσθαι.

412 5420 501 5476 ιϐ’.
554 5422 618 5477 Εἰ
667 5421 725 5475 δὲ
776 5419 872 5474 τοῦ
918 5420 1127 5483 εἰκότος
1154 5418 1216 5472 οὐ
1249 5419 1436 5490 πόρρω
1482 5416 1666 5487 λόγου,
1722 5418 1815 5470 καὶ
1850 5418 1933 5483 Bt‘,

337 5515 521 5570 ἄλλων
568 5515 782 5585 ῥήσεων
830 5511 1121 5582 πατρικῶν
1170 5512 1271 5574 τὰς
1328 5509 1646 5578 θεολογικὰς
1712 5509 1918 5571 ταύτας

340 5609 530 5677 ῥήσεις
566 5604 1013 5676 συγκροτηοῆναι
1037 5620 1053 5636 ο
1084 5606 1111 5657 ό
1139 5604 1504 5672 Δαμασκηνὸς
1533 5604 1590 5656 ὲν
1638 5600 1716 5673 τῷ
1750 5601 1919 5668 ὀγδόῳ

339 5698 452 5749 τῶν
479 5694 805 5763 θεολογικῶν
836 5693 1171 5764 κεφαλαίων,
1218 5692 1352 5758 mc
1374 5689 1464 5755 δὲ,
1488 5692 1649 5760 φησὶ,
1681 5693 1777 5743 καί
1815 5704 1921 5757 χιι-

330 5788 572 5858 ,ιάκτὴρ
590 5786 695 5857 τῆς
720 5785 1017 5854 πατρικῆς
1036 5783 1435 5854 ὑποστρίσεωιτ
1457 5782 1549 5837 διὰ
1579 5782 1644 5834 τὸ
1668 5781 1921 5841 τέλειον,

2024 4783 2176 4840 cepta
2207 4774 2408 4826 ratione
2437 4771 2692 4842 ingeniti;
2729 4767 3049 4842 quacunque
3097 4769 3145 4823 F
3149 4772 3273 4825 ilius
3321 4774 3444 4826 item
3488 4772 3609 4842 Spi-

2026 4863 2162 4916 ritus
2219 4870 2455 4925 sunctus,
2516 4870 2736 4928 excepta
2785 4860 2988 4913 ratione
3021 4861 3210 4930 geniti.
3267 4858 3376 4914 Hac
3422 4862 3609 4929 itaque

2028 4955 2260 5013 ratione,
2291 4962 2347 5006 et
2395 4960 2472 5005 tot
2520 4953 2574 5004 in
2607 4952 2827 5020 scriptis
2863 4956 3248 5022 proprietatem
3293 4952 3472 5006 Patris
3516 4969 3608 5004 ra-

2031 5045 2225 5096 tionem
2258 5044 2499 5111 ingeniti,
2527 5053 2580 5096 et
2613 5058 2723 5098 non
2751 5044 3002 5099 absolute
3028 5045 3110 5099 sic
3153 5045 3350 5098 dictam
3386 5060 3605 5098 causam

2030 5148 2262 5200 magnus
2308 5131 2605 5199 Gregorius
2650 5134 2972 5198 decernens,
3012 5149 3120 5186 non
3173 5133 3436 5202 permittit
3489 5150 3610 5188 ver-

2031 5225 2159 5277 bum
2187 5224 2345 5288 illud,
2374 5234 2587 5290 excepta
2617 5239 2802 5289 causa,
2822 5225 3196 5280 continentem
3218 5223 3418 5277 librqu
3448 5226 3607 5279 tidem

2030 5316 2132 5368 sibi
2167 5315 2473 5367 vcndicare.

2103 5406 2189 5460 19.
2222 5404 2379 5470 Quod
2407 5406 2451 5460 si
2486 5419 2592 5459 non
2631 5405 2791 5475 longe
2820 5406 3034 5460 videtur
3060 5419 3088 5458 a
3135 5406 3440 5475 proposito,
3488 5407 3609 5462 aliis

2020 5496 2188 5550 etiam
2244 5490 2467 5549 Patrum
2534 5495 2865 5550 testimoniis
2921 5496 3066 5549 dicta
3122 5496 3239 5550 haec
3297 5492 3619 5563 tlteOIOgica

2021 5595 2473 5658 comprobantur.
2510 5586 2896 5643 Damascenus
2954 5588 3151 5659 octavo
3177 5588 3481 5659 theologico
3514 5604 3620 5659 ea:

2026 5681 2157 5752 pite,
2194 5680 2389 5746 Filius,
2441 5682 2537 5745 ait,
2585 5691 2635 5733 et
2687 5679 2960 5733 character
3004 5692 3238 5743 paterna
3288 5681 3619 5751 hgpostasis,‘

2024 5777 2155 5847 quia
2178 5785 2226 5827 et
2260 5777 2521 5845 pomarius
2549 5784 2645 5840 est,
2675 5784 2727 5827 et
2777 5775 2829 5826 in
2879 5774 3094 5843 propria
3148 5774 3442 5828 subsistens
3487 5792 3607 5847 per-
