3962 6420
355 361 456 428 937

1402 363 1501 422 DE
1540 360 2044 422 DEPOSITIONE
2084 360 2230 421 SUA
2266 359 2488 419 ORAT.
2533 359 2615 419 II.

3508 357 3614 421 998

353 482 459 554 κὴν
508 479 716 550 ταύτην
760 479 1025 550 δηὶοῦσαν
1078 482 1322 553 ἰδιότητα
1368 481 1651 550 πρόθεσις.
1688 478 1846 532 Οὕτω
1874 479 1930 531 δὲ

2037 486 2199 531 tatem
2257 476 2569 545 praepositio
2617 483 2791 554 notat.
2856 474 2969 531 Hac
3009 488 3174 546 porro
3222 473 3435 529 ratione
3461 479 3611 530 dicto

352 570 506 627 τοῦδε
537 571 632 625 τοῦ
662 573 829 642 ῥητοῦ
880 573 1384 643 ὲκλαμϐα-ιομένου,
1417 571 1514 624 καὶ
1576 572 1608 641 ἡ
1664 570 1764 623 διὰ
1795 569 1932 638 πρό.

355 664 506 725 θεσις
536 663 598 716 τὸ
630 664 769 732 πρὸς
798 663 899 733 τὴν
942 662 1017 728 ἐξ
1049 663 1373 731 ίσοδύναμον
1407 662 1608 731 ἑαυτῆς
1661 662 1761 714 οὐκ
1791 663 1934 714 ἀτο-

357 751 626 815 6αλείται,
658 754 751 805 καὶ
804 754 865 806 τὸ
918 753 1081 822 ῥητὸν
1120 755 1217 806 σὺν
1262 753 1432 823 πολλῇ
1461 755 1527 823 τῇ
1563 753 1717 820 ἀδείᾳ
1744 751 1934 805 λοιπὸν

353 841 494 909 πρὸς
549 841 617 893 τὰ
664 841 760 893 τοῦ
822 842 1064 910 μεγάὶου
1129 840 1414 893 Βασιλείου
1476 840 1568 893 καὶ
1620 839 1731 892 τῶν
1757 841 1934 894 ἄλλων

353 931 546 1000 ἁγίων,
607 933 723 984 ὅσοι
774 933 840 984 ἐκ
891 933 986 984 τοῦ
1042 930 1170 984 Υίοῦ
1214 930 1277 982 τὸ
1330 930 1559 998 Πνεῦμα
1599 929 1931 996 Θεολογοῦσι,

355 1023 888 1093 συμϐιϐασϐήσεται.
951 1022 1011 1076 Εί
1063 1024 1172 1091 γὰρ
1201 1023 1295 1075 καὶ
1350 1021 1505 1090 ὑμῶν
1548 1039 1691 1084 τινος
1722 1023 1935 1093 ηκουσα

356 1115 679 1186 εἰρηκότος,
756 1114 893 1185 πρὸς
951 1117 1022 1167 τὰ
1075 1114 1170 1166 τοῦ
1233 1115 1595 1184 Δαμασκηνοῦ
1659 1115 1802 1185 ῥητὰ
1858 1116 1934 1178 ὠς

353 1208 491 1277 πρὸς
555 1211 758 1261 κανόνα
792 1208 890 1266 τὰς
922 1206 1116 1269 λοιπὰς
1145 1205 1253 1259 τῶν
1312 1207 1482 1273 ἁγίων
1535 1208 1934 1261 ἀπευθύνεσθαι

354 1302 565 1368 ῥήσεις,
602 1300 737 1351 ἀλλὰ
781 1298 963 1352 κανὼν
986 1301 1019 1367 ἠ
1056 1300 1149 1351 τοῦ
1184 1299 1425 1367 μεγάλου
1476 1299 1766 1351 Βισιλείου
1826 1300 1933 1370 μά·-

352 1386 519 1438 λιστα
553 1388 711 1457 ῥῆσις
767 1390 887 1449 ταῖς
913 1387 1007 1441 τοῦ
1059 1387 1426 1457 Δαμασκηνοῦ
1455 1388 1629 1441 ἔσται.
1663 1388 1792 1442 Ὀτι
1838 1392 1932 1444 καὶ

352 1479 491 1548 αῦτη
522 1481 742 1540 κανόνος
773 1479 936 1548 φύσις
964 1480 1104 1543 ἐστὶ,
1135 1481 1203 1530 τὰ
1234 1479 1440 1545 ὕστερα
1469 1482 1735 1552 πρότερον
1761 1483 1932 1536 ἀπευ-

356 1569 630 1633 θύνεσοαι,
689 1572 824 1623 ὅπου
881 1573 1171 1642 ἀμφότερα
1236 1572 1412 1625 ταῦτα
1494 1573 1930 1643 συμὸιὸἀζεσθαι

350 1662 563 1731 ἀνάγκη
613 1662 750 1715 ὲστί·
776 1663 871 1715 καὶ
911 1663 1000 1716 διὰ
1027 1664 1188 1717 τοῦτο
1217 1665 1298 1726 τὸ,
1334 1665 1459 1732 Οὐχ
1511 1665 1593 1727 ὡς
1621 1664 1691 1726 ἐξ
1716 1665 1925 1731 αὑτοῦ,

349 1753 489 1807 ἀλλ’
527 1755 608 1818 ὡς
655 1753 730 1806 δι’
759 1756 965 1818 αὐτοῦ,
1003 1758 1082 1819 εἰς
1108 1757 1208 1827 τὴν
1230 1756 1439 1809 ἔννοιαν
1473 1755 1552 1808 δεῖ
1579 1756 1928 1823 ἀπευθύνειν,

349 1843 479 1898 καθ’
512 1845 581 1913 ἢν
634 1844 699 1898 ἂν
745 1848 1034 1917 συμφήσῃ,
1087 1842 1169 1909 οἷς
1195 1850 1224 1899 ό
1258 1846 1430 1916 μέγας
1469 1847 1573 1915 ἔφη
1627 1849 1926 1916 Βασίλειος,

348 1936 437 1988 ὅτε
466 1935 838 2003 δευτερεύειν
894 1937 1029 1991 Υίοῦ
1070 1936 1136 1991 τὸ
1192 1938 1437 2005 Πνεῦμα
1468 1938 1923 2007 τεθεολόγηκεν,

348 2029 429 2094 ὡς
451 2030 589 2097 παρ’
619 2030 807 2085 αὐτοῦ
828 2032 975 2099 ἕχον
991 2031 1055 2083 τὸ
1086 2028 1260 2093 εἶναι,
1295 2032 1395 2085 καί
1415 2030 1551 2100 παρ’
1569 2033 1758 2086 αὑτοῦ
1780 2035 1933 2101 λαμ-

349 2119 558 2183 σάγον,
591 2122 687 2174 καί
723 2122 1105 2192 ἀναγγέλλων
1149 2123 1314 2191 ἡμῖν,
1362 2125 1461 2178 καὶ
1495 2124 1650 2191 ὅλως
1687 2123 1931 2191 ἐκείνης

348 2210 462 2278 τῆς
496 2214 693 2279 αίτιάς
726 2214 1086 2283 ἐξημμένον.

422 2310 530 2358 καί.
573 2303 636 2357 Ei
666 2305 722 2357 δέ
761 2323 839 2376 τῳ
889 2307 1038 2360 δοκεῖ
1069 2308 1205 2377 πρὸς
1247 2307 1307 2361 τὸ
1342 2307 1482 2362 πάνυ
1531 2309 1665 2389 ὁρᾷν
1708 2307 1930 2371 ἄτοπον,

347 2395 451 2464 τὴν
484 2396 593 2448 τῶν
622 2398 690 2450 ἐκ
716 2398 821 2451 τοῦ
850 2398 1008 2462 Υίοῦ,
1048 2400 1143 2451 καὶ
1187 2401 1297 2453 οὐκ
1336 2401 1404 2452 ἐκ
1438 2400 1544 2453 τοῦ
1581 2400 1714 2455 ΥΙοῦ
1751 2402 1963 2469 ρητῶνί

350 2489 694 2558 συμφωνίαν,
756 2490 872 2543 ἀλλ’
901 2492 929 2542 ὁ
960 2491 1119 2545 τοῦτο
1170 2493 1521 2562 λογιζόμενος
1552 2494 1705 2558 ἵστω,
1739 2494 1931 2557 εἰωθὸς

347 2582 417 2650 τῇ
448 2582 568 2650 θείᾳ
599 2578 736 2635 εἶναι
767 2583 958 2652 Γραφῇ
992 2585 1252 2655 ἑκάτερον
1275 2587 1691 2655 ὲναντιοιξωνείν
1713 2586 1931 2639 δοκούν-

345 2687 480 2735 των,
532 2672 669 2740 πρὸς
718 2672 926 2726 οἰκείαν
961 2673 1174 2728 ἔννοιαν
1239 2678 1571 2731 ἀποτείνειν.
1629 2678 1668 2729 Γ
1676 2678 1933 2749 ρηγόριος

350 2763 453 2833 μὲν
481 2763 591 2834 γὰρ
623 2765 732 2817 τῶν
767 2767 1058 2820 Νυσσαίων
1089 2770 1117 2820 ό
1142 2768 1405 2838 πρόεδρος
1433 2771 1496 2823 ὲν
1545 2769 1622 2839 τῷ
1658 2771 1795 2840 πρὸς
1838 2770 1930 2823 ’Λ-

350 2854 576 2907 ελάόιον
598 2853 762 2925 λόγῳ,
804 2858 873 2910 Τὸ
929 2857 1423 2925 ἀπαράλλακτον,
1468 2862 1654 2931 φησὶν,
1716 2863 1931 2929 ὁμολο-

246 3000 259 3004 _
348 2945 607 3014 τοῦντες
672 2947 786 3015 τῆς
830 2950 1070 3016 φύσεως
1134 2950 1250 3017 τὴν
1276 2950 1428 3003 κατὰ
1490 2953 1555 3004 τὸ
1582 2953 1795 3015 αἴτιον,
1828 2954 1928 3008 καὶ

350 3038 622 3091 αἰτιατόν
650 3039 946 3109 διαφορὰν
986 3044 1098 3095 οὐκ
1150 3045 1508 3111 ἀρνούμεθα.
1548 3042 1609 3096 Ὀ
1668 3044 1725 3097 δὲ
1776 3044 1931 3113 ἅγιος

2039 568 2204 622 simili
2258 569 2553 632 intellecto,
2587 574 2642 621 et
2692 552 3006 636 praepositio
3051 581 3144 633 per
3195 567 3434 636 aequales
3485 581 3615 622 suas

2038 665 2182 716 vires
2234 677 2357 714 cum
2397 676 2463 715 ea:
2516 675 2623 715 non
2674 662 2908 724 amittet,
2943 670 2995 715 et
3032 660 3239 715 dictum
3286 661 3454 714 multa
3490 675 3614 715 cum

2037 754 2329 808 securitate
2377 769 2501 809 cum
2557 753 2716 807 dictis
2776 757 2957 821 magni
3018 751 3201 806 Basilii
3268 753 3618 821 aliorumque

2036 854 2380 909 sanctorum,
2412 846 2505 914 qui
2537 862 2600 900 ex
2632 844 2771 899 Filio
2805 844 3067 912 Spiritum
3112 847 3429 901 decernunt.
3465 860 3618 899 coin-

2035 945 2285 1004 ponetur.
2337 935 2491 990 Licet
2543 938 2688 990 enim
2734 937 2802 989 ah
2835 936 3017 1003 aliquo
3054 951 3119 990 ex
3153 937 3353 990 vestris
3387 937 3616 989 audive-

2037 1027 2139 1080 rim
2178 1039 2475 1091 asserente,
2512 1027 2579 1081 ad
2608 1028 2924 1080 Damasceni
2957 1028 3099 1081 dicta
3132 1029 3296 1080 veluti
3331 1030 3396 1081 ait
3444 1042 3613 1095 regu-

2036 1115 2144 1169 lam
2172 1118 2375 1186 reliqna
2420 1119 2524 1171 alia
2577 1127 2893 1171 sanctorum
2948 1117 3095 1172 dicta
3145 1119 3355 1183 dirigen
3384 1122 3428 1170 'a
3467 1132 3613 1182 esse,

2037 1217 2275 1262 attamen
2309 1209 2486 1275 magni
2529 1208 2712 1261 Basilii
2756 1208 2979 1262 dictum
3013 1209 3281 1262 (lictorum
3323 1208 3616 1262 Damasceo

2037 1300 2284 1353 nieorum
2325 1300 2507 1369 regula
2543 1300 2710 1354 fuerit
2740 1304 2888 1368 quod
2925 1309 2978 1353 et
3025 1300 3225 1367 regulae
3257 1308 3450 1353 natura
3499 1301 3615 1354 haec

2035 1392 2128 1451 sil,
2167 1392 2469 1459 posteriora
2500 1408 2528 1444 a
2562 1391 2842 1460 prioribus
2873 1391 3058 1459 dirigi,
3095 1393 3140 1445 si
3173 1394 3394 1459 quanio
3434 1406 3619 1446 neces-

2034 1480 2170 1535 sitas
2206 1490 2416 1551 urgeat,
2453 1492 2509 1535 ut
2553 1482 2643 1536 illa
2683 1483 2917 1537 invicem
2951 1482 3321 1547 coniferantur,
3365 1492 3615 1550 propr-r-

2033 1586 2206 1641 caqne
2256 1575 2409 1639 illud,
2453 1590 2556 1627 non
2614 1584 2871 1644 tanquam
2917 1589 2981 1627 ea:
3030 1576 3166 1643 ipso,
3216 1575 3305 1627 sed
3353 1581 3611 1638 tauquam

1988 1675 1999 1683 '
2032 1680 2125 1735 per
2160 1667 2350 1733 ipsum.
2390 1668 2445 1721 in
2478 1682 2597 1721 eam
2631 1666 2960 1721 sententiam
3001 1667 3327 1719 trahendum
3361 1676 3464 1728 est,
3502 1679 3609 1732 trita

2034 1757 2391 1811 conctirdabit
2431 1772 2556 1812 cum
2597 1757 2727 1822 illis,
2780 1772 2902 1826 qua:
2958 1771 3186 1824 tnagnus
3247 1754 3482 1809 Basilius
3521 1756 3615 1808 de-

2032 1848 2225 1907 crevit.
2284 1859 2398 1902 tum
2449 1848 2693 1917 scripsit,
2735 1849 2995 1901 secundas
3038 1859 3217 1912 partes
3266 1854 3384 1913 post
3414 1843 3614 1897 Filiam

2033 1939 2284 2002 obtinere,
2307 1950 2559 2009 tanquam
2581 1941 2672 2010 qui
2698 1939 2763 1993 ab
2794 1956 2854 1993 eo
2885 1938 3095 2000 habeat,
3118 1940 3257 2007 quod
3280 1939 3370 1991 sit.
3395 1948 3443 1991 et
3466 1941 3528 1990 ab
3551 1952 3612 1991 eo

2034 2032 2289 2100 accipiat,
2318 2042 2368 2085 et
2409 2031 2559 2085 nobis
2599 2032 2856 2096 enuntiet,
2890 2039 2941 2085 et
2977 2045 3189 2098 prorsus
3221 2032 3286 2082 ab
3316 2027 3411 2081 illa
3450 2043 3613 2081 causa

2032 2122 2276 2191 pendeat.

2104 2327 2195 2381 21.
2229 2328 2383 2394 Quod
2410 2329 2453 2383 si
2484 2344 2590 2384 non
2622 2329 2824 2384 nemini
2856 2328 3201 2398 reputabitur
3230 2328 3433 2382 ahsona
3461 2338 3612 2382 extra

2035 2419 2280 2482 modum,
2308 2428 2471 2488 atque
2495 2419 2739 2475 absurda
2786 2419 3057 2472 tlicturum
3090 2432 3154 2471 ea:
3195 2416 3360 2479 Filio,
3397 2427 3470 2480 et,
3501 2434 3605 2470 non

2031 2524 2097 2561 ea:
2136 2506 2281 2561 Filio
2313 2510 2629 2575 concordia,
2688 2510 2781 2579 qui
2817 2510 2931 2564 haec
2984 2510 3243 2577 concipit,
3278 2510 3482 2566 audiat.
3519 2522 3614 2562 so-

2034 2598 2145 2652 lere
2189 2600 2409 2653 divinas
2452 2598 2803 2669 Scripturas,
2859 2615 2985 2654 cum
3037 2600 3148 2654 duo
3198 2600 3298 2653 sibi
3338 2601 3612 2654 c0ntraria

2034 2690 2513 2760 essejutlicantur,
2554 2694 2618 2745 ad
2662 2693 2944 2761 proprium
2998 2706 3061 2746 ac
3104 2693 3403 2759 legitimum
3452 2694 3613 2746 irtet-

2033 2781 2237 2836 leclum
2275 2786 2513 2839 trahere.
2545 2783 2845 2852 Gregorius
2895 2783 3162 2851 siquidem
3205 2783 3483 2853 Nyssvnus
3511 2802 3613 2835 au-

2033 2877 2207 2940 tistes,
2240 2877 2487 2931 oratione
2523 2877 2591 2930 ad
2621 2877 2931 2939 Ablabium,
2979 2874 3482 2928 [inmutabilitatem
3519 2890 3615 2927 na-

2035 2976 2169 3021 tura:
2203 2968 2530 3037 confitentes,
2567 2970 2886 3038 inquit,non
2912 2969 3049 3020 intus
3078 2968 3289 3031 inﬁcias
3318 2968 3610 3019 secundum

2033 3076 2250 3113 causam
2285 3072 2333 3113 et
2369 3073 2649 3116 causatum
2683 3060 3066 3130 di/ferentiant.
3102 3060 3342 3114 Sanctus
3372 3060 3617 3129 Cyrtl‘ns

351 3129 625 3198 Κύριλλος
676 3133 733 3183 ὲν
780 3134 858 3202 τῷ
899 3134 1136 3204 δευτέρῳ
1166 3136 1279 3187 τῶν
1304 3138 1439 3206 πρὸς
1476 3136 1759 3206 Ἑρμείαν,
1827 3137 1927 3190 Ατ-

2034 3156 2274 3207 secunilo
2320 3154 2460 3207 libro
2507 3155 2573 3207 ad
2616 3154 2892 3208 Hernnam
2925 3170 2938 3207 :
2978 3152 3207 3207 Causam
3248 3161 3298 3204 et
3338 3163 3613 3205 coaxatum

348 3238 479 3275 τιον
507 3223 575 3275 δὲ
599 3224 696 3277 καὶ
719 3225 1005 3288 αἰτιατόν,
1041 3228 1226 3294 φησὶν,
1256 3227 1401 3280 οὐδὲ
1428 3227 1719 3295 ὀνομάσαι
1745 3229 1930 3296 θέμις,

348 3314 562 3380 πρέποι
586 3315 639 3367 δ’
663 3313 739 3368 ἂν
759 3316 1003 3384 μᾶλλον
1024 3318 1121 3370 ἐπὶ
1150 3319 1302 3373 Θεοῦ
1332 3315 1577 3388 ιινεῦμά
1611 3337 1676 3373 τε
1718 3321 1930 3386 εἰπεῖν,

348 3407 447 3459 καὶ
469 3409 837 3475 γεννηθέντα
875 3412 1031 3463 Υίόν.
1064 3409 1234 3463 Πάλιν
1258 3412 1359 3478 μὲν
1385 3415 1411 3464 ό
1435 3412 1697 3479 Θεολόγος
1725 3413 1935 3485 Γρηγό-

351 3517 385 3568 ρ
408 3516 489 3563 ος,
521 3502 578 3575 ty
603 3499 684 3570 τῷ
721 3505 851 3571 περὶ
881 3502 974 3555 τοῦ
1007 3502 1137 3555 Υἱοῦ
1163 3502 1366 3573 πρώτῳ
1395 3503 1559 3573 λόγῳ,
1609 3506 1711 3558 Διὰ
1731 3504 1929 3572 τοῦτο,

349 3596 541 3659 φησὶν,
603 3594 704 3645 ἐπί
769 3593 889 3646 τῶν
937 3595 1241 3664 ἡμετέρων
1302 3596 1457 3665 ὅρων
1506 3597 1832 3665 ἱστάμενοι,
1863 3599 1928 3651 τὸ

348 3682 688 3752 ἀγέννητον
735 3685 1075 3756 εἰσάγομεν,
1128 3686 1228 3739 καὶ
1276 3688 1343 3739 τὸ
1390 3690 1704 3755 γεννητόν.
1768 3689 1826 3740 Ὀ
1870 3688 1928 3740 δὲ

353 3777 529 3844 μέγας
561 3776 837 3838 Βασίλειος
875 3780 933 3829 ὲν
958 3782 1073 3841 τοῖς
1099 3779 1550 3850 Ἀντιρῤητικοί;,
1591 3783 1674 3832 Οὺ
1698 3797 1762 3833 το
1778 3781 1926 3847 ’νυν,

349 3874 538 3939 φησὶν,
565 3868 904 3937 ἀγέννητον
948 3867 1466 3936 προσαγορευτέον
1500 3867 1743 3936 μᾶλλον
1783 3868 1922 3937 ἡμῖν

346 3958 388 4025 ἢ
414 3959 665 4022 Πατέρα,
724 3957 847 4025 εἴγε
892 3956 981 4024 μὴ
1025 3958 1356 4025 μέλλοιμεν
1424 3958 1756 4026 σοφώτεροι
1810 3957 1930 4012 τῶν

346 4048 726 4116 eram-pde
756 4046 934 4111 εἶναι,
961 4048 1068 4102 τοῦ
1098 4047 1374 4116 Σωτῆρος
1401 4050 1701 4114 εἰπόντος,
1748 4068 1769 4099 ι
1815 4053 1930 4103 [Iu-

342 4141 666 4208 ρευθὲντες
689 4142 1014 4204 βαπτίζετε
1036 4143 1125 4204 είς
1151 4141 1219 4194 τὸ
1250 4140 1439 4210 ὄνομα
1480 4140 1593 4195 τοῦ
1619 4142 1870 4210 Πατρός,
1903 4159 1923 4195 ι

346 4232 488 4287 ἀλλ’
518 4232 657 4300 οὐχὶ
688 4232 792 4285 τοῦ
853 4232 1215 4300 ἀγεννήτου.
1270 4234 1387 4284 Κάν
1435 4233 1646 4295 τούτοις
1710 4235 1928 4288 δοκοῦσι

352 4323 456 4393 μὲν
489 4323 539 4375 οἱ
578 4320 673 4375 τοῦ
703 4320 870 4375 αὐτοῦ
921 4321 1241 4391 Πνεῦμα-τος
1279 4321 1435 4384 ὄντες
1466 4324 1547 4383 εἰς
1600 4323 1930 4394 ἰναντιοφωο

352 4420 476 4472 νίαν
508 4418 631 4471 τινὰ
661 4417 800 4470 κατὰ
838 4417 900 4469 τὸ
937 4417 1229 4487 πρόχειρον
1254 4418 1354 4487 τῆς
1391 4418 1598 4481 ἐννοίας
1624 4418 1777 4489 ὁρᾷν,
1810 4423 1836 4472 ὁ
1871 4419 1927 4472 δὲ

2036 3259 2197 3313 neque
2223 3243 2308 3313 fas
2365 3254 2442 3297 es!
2476 3248 2768 3300 nominare.
2813 3243 3145 3312 Addecetque
3188 3244 3365 3311 potius
3422 3244 3473 3296 in
3506 3239 3639 3297 Deo°

2032 3332 2292 3404 Spiritum
2328 3335 2522 3395 dicere,
2548 3345 2594 3388 et
2621 3347 2805 3387 natum
2841 3333 3063 3386 Filium.
3083 3332 3403 3402 Rursusque
3431 3332 3613 3385 Theo.

2042 3428 2197 3497 lngus
2228 3427 2527 3497 Gregorius
2576 3429 2826 3480 Oratione
2861 3427 3033 3495 prima
3075 3427 3143 3479 de
3170 3424 3350 3479 Filio:
3394 3423 3616 3492 Propter

2033 3520 2129 3571 hoc
2161 3522 2353 3571 nostris
2386 3521 2626 3572 terminis
2659 3520 2959 3571 insistentes
2999 3519 3292 3588 ingenitum
3337 3521 3600 3587 genitum-

2032 3625 2129 3677 que
2160 3609 2569 3665 introducimus.
2596 3609 2822 3678 Magnus
2841 3608 3073 3662 Basrlius
3098 3612 3149 3662 in
3177 3609 3564 3663 Antirrln-ticis
3591 3629 3606 3665 :

2034 3698 2157 3753 Non
2190 3700 2374 3771 itaque
2405 3702 2693 3769 ingenitum
2722 3703 2896 3770 potius
2926 3702 3071 3754 nobis
3096 3701 3472 3770 appellandum
3502 3713 3603 3766 est,

2029 3808 2192 3862 quam
2234 3794 2466 3859 Patrem,
2508 3793 2610 3845 nisi
2657 3794 3096 3862 prreceptionibus
3124 3793 3351 3846 turis-ti
3400 3795 3617 3861 sapien-

2038 3886 2197 3940 tiores
2229 3903 2341 3940 esse
2372 3886 2611 3947 velimus,
2668 3886 2759 3957 qui
2783 3887 2940 3948 dixit,
2991 3902 3010 3935 ι
3059 3885 3320 3938 Abeuntes
3351 3885 3614 3953 baptizare

2029 3976 2083 4028 in
2115 3977 2324 4029 nomine
2357 3975 2542 4029 Patris
2565 3977 2609 4039 ¹,
2642 3993 2659 4025 ι
2708 3991 2812 4027 non
2845 3983 3022 4027 autem
3077 3975 3323 4043 ingeniti.
3359 3974 3423 4027 Et
3469 3975 3514 4028 si
3553 3974 3610 4026 in

2032 4067 2174 4133 istis,
2211 4084 2241 4136 q
2269 4068 2303 4121 ti
2339 4068 2584 4136 ejusdem
2610 4068 2848 4137 Spiritus
2875 4077 3003 4122 sunt
3033 4068 3086 4121 in
3119 4068 3611 4121 contradictionem

2030 4158 2270 4229 aliquam
2299 4160 2597 4213 secundum
2664 4160 2951 4213 sententiae
3007 4161 3477 4229 oppoutunitatem
3531 4160 3613 4211 vi-

2030 4249 2263 4305 deantur
2331 4252 2623 4319 respicere,
2678 4262 2918 4306 attamen
2973 4251 3242 4320 exquisita
3294 4253 3611 4321 dogttiatum

2030 4344 2418 4399 determinatio
2443 4346 2585 4397 dicta
2619 4345 2936 4398 eorumdem
2990 4344 3266 4407 conciliat,
3299 4357 3611 4412 exponens,

2031 4431 2334 4503 Nyssenum
2370 4448 2588 4489 Causam
2614 4443 2668 4487 et
2693 4445 2974 4489 causarum
3011 4433 3063 4486 in
3102 4442 3291 4486 Sancta
3322 4432 3519 4486 Triade
3546 4448 3613 4486 ac

345 4511 585 4581 ἀκριϐὴς
620 4511 729 4564 τῶν
780 4512 1074 4580 δογμάτων
1139 4510 1422 4581 διορισμὸς
1486 4510 1812 4581 συμϐιϐἁξει
1861 4513 1930 4565 τὰ

2034 4526 2077 4580 si
2112 4526 2178 4579 de
2206 4524 2772 4580 consubstantialibus
2827 4526 2969 4580 dicta
3006 4525 3110 4579 sint
3172 4525 3443 4594 accipere,
3487 4540 3610 4593 qua:

350 4602 484 4673 παρ’
522 4601 703 4654 αὐτῶν
732 4602 1027 4672 εἰρημένα.
1056 4603 1265 4656 Καθότι
1295 4603 1323 4655 ὁ
1352 4604 1453 4673 μὲν
1501 4602 1725 4672 Νύσσης
1751 4608 1809 4655 τὸ
1840 4604 1930 4657 αἴ-

347 4712 487 4761 τιον,
546 4695 640 4747 καὶ
705 4695 949 4748 αίτιατὸν
1000 4696 1093 4747 ἐπὶ
1121 4699 1221 4765 τῆς
1271 4696 1434 4762 ἁγίας
1463 4696 1689 4766 Τριάδος
1730 4698 1801 4757 ὡς
1836 4699 1931 4750 ἐπὶ

348 4786 461 4840 τῶν
492 4786 798 4855 όμοουσίων
830 4787 1096 4855 εἰρημένα
1156 4788 1596 4857 παραλαμϐάνειο
1640 4790 1668 4840 ὁ
1695 4789 1750 4841 δὲ
1776 4789 1930 4854 ἅγιος

346 4878 523 4931 ταῦτα
576 4878 846 4949 Κύριλλος
895 4878 1288 4946 ἀποτρέπεται,
1327 4881 1401 4941 ὡς
1448 4881 1542 4934 ἐπὶ
1590 4881 1926 4952 δημιουργοῦ

348 4971 448 5022 καὶ
495 4970 820 5038 ποιημάτων
846 4969 1135 5039 λεγόμενα·
1169 4971 1265 5021 καὶ
1325 4970 1489 5024 πάλιν
1539 4973 1727 5026 καθότι
1757 4976 1785 5026 ό
1831 4975 1931 5043 μὲν

349 5059 596 5127 θεολόγοε
646 5060 948 5130 Γρηγόριος
1015 5059 1090 5122 ὡς
1137 5059 1509 5124 ὕποστατικὲις
1571 5062 1842 5133 ἰδιότητας
1869 5064 1929 5116 τὸ

347 5152 647 5219 ἀγέννητον
703 5152 1040 5220 δογματίζει,
1097 5150 1193 5204 καὶ
1257 5151 1551 5221 γεννητόν·
1585 5152 1696 5205 ὁδε
1755 5154 1930 5222 μέγας

344 5242 523 5294 ταῦτα
558 5242 835 5306 Βασίλειος
864 5235 1275 5312 ἀπέπέμπεται,
1305 5243 1380 5306 ὡς
1422 5244 1608 5304 κακῶς
1640 5243 1795 5312 παρὰ
1820 5246 1929 5298 τῶν

350 5331 704 5401 Εὑνομιανῶν
747 5333 1101 5403 είσαγόμενα,
1124 5332 1198 5396 ὡς
1228 5332 1443 5401 φύσεως
1472 5334 1716 5403 τμητικὰ
1740 5332 1924 5403 δῆθεν,

334 5424 444 5476 ’καί¹
474 5423 747 5494 διαφόρων
774 5426 973 5480 οὐσιῶν
1004 5426 1407 5496 παραστατικά.
1435 5424 1591 5479 Οὕτω
1614 5425 1679 5497 δὴ
1717 5426 1811 5478 καὶ
1842 5426 1925 5488 τὸ,

345 5521 418 5573 ἐκ
476 5517 587 5572 τοῦ
617 5519 773 5584 Υίοῦ,
818 5522 934 5585 καὶ,
971 5523 1082 5574 οὐκ
1129 5521 1197 5574 ἐκ
1243 5517 1353 5573 τοῦ
1398 5518 1557 5583 Υίοῦ,
1613 5519 1736 5573 καθ’
1767 5519 1828 5572 δν
1856 5520 1931 5572 εί-

348 5626 514 5682 ρηται
540 5610 823 5683 διορισμὸν
856 5612 890 5682 ὴ
922 5611 991 5665 ἐκ
1020 5612 1168 5683 ἔχειν
1220 5611 1358 5684 πρὸς
1388 5612 1487 5683 τὴν
1531 5609 1653 5676 διὰ,
1706 5610 1925 5680 ὁμαλῶς

423 5765 446 5796 ¹
475 5763 666 5822 Matth.
702 5782 890 5831 xxvnr,
926 5767 1006 5824 19.

2030 4628 2281 4671 sanctum
2315 4614 2580 4687 Cyrillum
2622 4631 2687 4672 ac
2735 4617 2778 4671 si
2811 4616 2879 4672 de
2928 4632 3112 4671 rerum
3148 4631 3389 4669 omntmn
3415 4618 3610 4685 opilico

2032 4716 2088 4762 et
2121 4708 2189 4763 de
2224 4708 2491 4763 creaturis
2523 4711 2873 4764 enuntientur
2907 4709 3187 4778 respuisse
3221 4725 3234 4762 :
3281 4724 3615 4779 rursumque

2032 4802 2355 4871 Gregorium
2396 4800 2731 4871 Theologum
2761 4803 2925 4856 veluti
2960 4802 3330 4872 hypostaticas
3360 4803 3612 4872 proprie-

2033 4903 2173 4949 tates
2216 4894 2519 4963 ingenitum
2546 4905 2710 4964 atque
2761 4896 3003 4964 genitum
3067 4894 3314 4957 delinire,
3352 4910 3611 4965 magnum

2032 4984 2425 5040 veroBasilium
2446 4986 2515 5039 ab
2533 4987 2640 5041 illis
2658 4989 2953 5041 abhorrere
2968 4997 3224 5056 tanquam
3242 4987 3615 5041 Eunomiano-

2034 5093 2151 5130 rum
2170 5076 2517 5140 commentis,
2549 5092 2672 5145 qua:
2698 5090 2948 5131 naturam
2982 5077 3312 5139 srinderent,
3340 5087 3394 5132 et
3417 5078 3613 5131 diver—

2033 5181 2123 5220 sas
2153 5166 2422 5220 cssentias
2456 5176 2931 5233 repnescntarent.
2968 5166 3092 5220 Pari
3136 5168 3298 5221 modo
3343 5177 3397 5222 et
3433 5168 3522 5223 illa
3546 5182 3613 5223 es

2034 5254 2201 5320 Filio,
2224 5265 2295 5319 et,
2333 5272 2436 5308 non
2470 5271 2536 5308 ea:
2573 5254 2719 5310 Filio
2746 5258 3049 5312 secundum
3083 5274 3225 5322 eam,
3268 5274 3435 5327 quam
3464 5261 3611 5315 dixi-

2035 5360 2159 5400 mus
2205 5346 2715 5403 determinationem
2766 5349 2969 5403 habere
3021 5350 3463 5418 pra-positionem
3521 5368 3608 5420 ex,

2035 5445 2289 5505 respectu
2322 5439 2724 5506 praepositionis
2763 5455 2856 5507 per
2894 5435 3041 5490 facili
3071 5438 3288 5506 negotio
3341 5439 3611 5496 cniicilia-

2036 5527 2260 5583 buntur.
2287 5528 2424 5583 Cum
2485 5530 2630 5583 enim
2667 5529 2940 5599 quispiam
2967 5543 3031 5581 ea:
3055 5527 3200 5583 Filio
3230 5544 3327 5601 pro
3350 5543 3418 5584 eo
3453 5533 3608 5600 quod

2034 5628 2116 5673 est
2143 5635 2236 5689 per
2264 5617 2465 5674 Filium
2495 5619 2763 5693 Spiritum
2792 5628 3043 5675 sanctum
3081 5635 3205 5676 esse
3267 5621 3486 5686 asserit,
3521 5620 3608 5677 nio
