3962 6398
204 420 339 499 10θί

1205 436 1303 495 DE
1346 421 1850 495 DEPOSITIONE
1889 428 2034 488 SUA
2075 427 2291 487 OliA'l‘.
2337 425 2413 485 Il.

3295 414 3430 479 1002

203 549 300 599 καὶ
354 546 447 599 τὸν
503 547 962 618 θεολογικώτατον
1017 548 1238 618 Νύσσης
1289 548 1414 619 μηδ’
1494 549 1630 609 ὅλως
1679 546 1767 598 διὰ

1879 543 2257 598 celeberrimus
2291 540 2572 610 Nysseuus
2605 537 2658 590 in
2697 534 2977 597 omnibus,
3017 547 3138 604 quae
3173 530 3434 586 adversus

201 638 424 691 πάντων
452 634 527 694 ὧν
579 641 701 693 κατ’
762 642 1026 710 Εὑνομίου
1103 639 1512 711 συνεγράψαντο
1550 639 1766 709 Ἀντιῤ-

204 729 469 798 ῥητικῶν,
523 715 797 786 ἀντειπεῖν
846 734 1041 802 ἐκείνῳ
1103 718 1239 804 πρὸς
1294 732 1395 803 τὴν
1427 734 1490 786 ὲκ
1511 733 1604 784 τοῦ
1634 731 1766 784 Υἱοῦ

203 822 416 888 φωνὴν,
446 821 586 875 ἀλλὰ
617 825 800 876 πᾶσαν
825 823 924 894 τὴν
951 824 1070 878 κατ’
1103 825 1310 878 ἐκείνου
1355 823 1629 876 ποιεῖσθαι
1673 825 1769 876 ἀν-

201 909 496 980 τίῤῥησιν,
550 911 638 978 ἐφ’
677 907 759 973 οἷς
816 912 1028 980 κτίσμα
1081 913 1175 964 καὶ
1226 909 1440 978 ποίημα
1481 907 1576 960 τοῦ
1634 905 1768 958 Υίοῠ

200 999 265 1051 τὸ
297 999 530 1068 Πνεῦμα
582 1003 610 1053 ὁ
661 1002 889 1070 μάταιος
939 1001 1304 1072 ἐϐλασφήμει.
1361 999 1473 1053 Kal.
1518 998 1618 1069 τὴν
1663 997 1772 1050 τῶν

202 1088 382 1155 λόγων
407 1091 614 1144 τούτων
642 1092 900 1160 ἀλὴθειαν
927 1091 1318 1159 ἐπιγνώσεται,
1349 1093 1376 1144 ὁ
1407 1091 1474 1144 τὰ
1505 1091 1772 1162 εἰρημένα

211 1180 703 1252 ἑπιστατικώτερον
816 1183 1251 1252 ἐπισκεψόμενος
1361 1181 1769 1253 Ἀντιῤῥητικά.

217 1273 412 1325 Καίτοι
437 1288 502 1340 γε
539 1276 587 1326 εί
618 1273 692 1344 μὴ
735 1274 1032 1338 ἀκωλύτως
1084 1273 1422 1341 ὲθεολογεῖτο
1451 1273 1532 1338 τὸ,
1578 1275 1640 1325 ὲκ
1677 1270 1772 1324 τοῦ

216 1364 370 1425 Υίοῦ,
411 1365 512 1415 οὐκ
551 1363 616 1415 ἄν
657 1381 710 1416 τι
748 1365 877 1418 ἄλλο
931 1365 1068 1436 πρὸς
1119 1364 1430 1435 καταϐολὴν
1472 1365 1572 1432 τῆς
1612 1363 1776 1416 Εὐνο-

211 1457 338 1526 μίου
367 1454 635 1524 αἱρέσεως
665 1457 716 1508 οἱ
746 1458 988 1527 Πατὲρες
1031 1451 1180 1512 οὗτοι
1230 1457 1580 1527 ἰσχυρότερον
1617 1454 1776 1524 ἔσχον

209 1548 387 1602 εἰπεῖν
411 1547 650 1616 ἔχοντες,
685 1547 761 1609 ὡς
794 1546 858 1600 Ei
907 1549 1001 1600 καὶ
1049 1548 1265 1616 ποίημα
1322 1548 1502 1614 λέγειν
1542 1547 1775 1598 ἀποτολ-

212 1639 320 1708 μᾷς
347 1637 406 1690 τὸ
457 1637 712 1707 Πνεῦμα,
767 1637 1025 1706 Εὑνόμιε,
1075 1639 1218 1690 διατί
1267 1637 1342 1708 μὴ
1388 1637 1478 1690 τοῦ
1533 1637 1770 1708 Πατρδς,

205 1731 343 1784 ἀλλὰ
372 1729 467 1783 τοῦ
499 1730 628 1783 Υίοῦ
676 1729 888 1799 ποίημα
935 1728 1116 1796 λέγεις
1149 1728 1307 1794 αὐτὸ,
1362 1729 1500 1798 μήτε
1541 1728 1630 1781 διὰ
1678 1727 1774 1780 τοῦ

209 1821 342 1875 Υίοῦ
370 1815 510 1873 εἶναι
533 1819 972 1889 ὁμολογούμενον
993 1836 1008 1884 ;

1870 636 2190 690 Eunomium
2210 633 2412 702 scripto
2434 631 2716 686 ediderunt
2732 627 3134 690 Antirrheticis,
3154 640 3432 695 nunquam

1870 727 2090 781 dictioni
2127 742 2189 779 ex
2223 724 2362 777 Filio
2399 721 2863 784 contradixerunt,
2898 721 2990 774 sed
3033 733 3250 772 omnem
3277 730 3431 771 suain

1870 816 2250 870 refutationem
2274 815 2533 868 adversus
2562 813 2814 868 eumdem
2843 811 3262 872 concinnarunt,
3287 809 3341 862 in
3366 823 3432 862 co

1872 917 2081 962 tantum
2113 910 2293 967 sitam,
2314 907 2456 974 quod
2479 905 2568 958 ille
2588 903 2712 958 Filii
2742 912 3046 957 creaturam
3071 916 3136 956 ac
3163 902 3430 954 facturam

1875 998 2134 1068 Spiritum
2160 1014 2278 1053 csse
2301 995 2528 1050 futilitcr
2554 1003 2609 1049 et
2658 993 2972 1063 blaspheme
3029 993 3431 1063 pronuntiaret.

1873 1090 1940 1144 Et
1967 1082 2252 1145 verborum
2277 1087 2654 1155 hujuscemodi
2713 1087 2996 1140 veritatem
3030 1094 3308 1154 agnoscet.
3342 1085 3436 1151 qui

1873 1182 2135 1237 attentius
2163 1181 2304 1234 dicta
2324 1177 2688 1232 Antirrhetica
2715 1177 3164 1232 considerawrit.
3203 1175 3268 1230 Et
3298 1176 3438 1231 nihi-

1873 1271 2112 1326 lominus
2138 1272 2238 1324 nisi
2282 1269 2450 1324 libere
2478 1276 2818 1324 assereretur
2843 1266 2975 1321 illud
3014 1283 3081 1322 ex
3121 1267 3280 1330 Filio,
3304 1267 3438 1320 nihil

1875 1364 1941 1418 ad
1974 1361 2225 1416 Eunomii
2259 1360 2508 1415 haeresim
2533 1360 2947 1414 conrellendam
2984 1359 3217 1412 validius
3248 1358 3439 1412 Patres

1874 1453 2218 1515 habuissent,
2250 1467 2374 1506 cum
2427 1459 2652 1519 possent
2709 1450 2892 1504 dicere
2931 1466 2946 1506 :
2983 1451 3134 1506 Licet
3175 1450 3439 1504 facturam

1875 1548 2044 1602 audes
2078 1560 2322 1600 asserere
2356 1543 2640 1613 Spiritum,
2688 1541 2978 1607 Eunomie,
3012 1557 3180 1612 quare
3211 1556 3320 1595 non
3341 1539 3442 1593 Pa-

1875 1639 1996 1700 tris,
2031 1636 2126 1690 sed
2156 1634 2278 1689 Filii
2331 1634 2597 1688 facturam
2656 1633 2805 1687 illum
2842 1634 3068 1698 astruis,
3105 1646 3229 1688 cum
3263 1645 3443 1701 neque

1875 1744 1971 1800 per
2004 1728 2225 1796 Filium,
2249 1742 2423 1797 neque
2444 1743 2509 1781 ex
2535 1725 2671 1781 Filio
2701 1728 3015 1783 asseratur?

280 1917 386 1980 κγ’.
427 1879 678 1965 Τοσαῦτα
714 1879 823 1964 ’καί
860 1911 954 1963 ἐπὶ
995 1879 1079 1981 ,τῷ
1147 1909 1242 1962 τοῦ
1287 1909 1434 1963 θείου
1481 1913 1776 1983 Δαμασκη-

1944 1911 2038 1966 23.
2073 1909 2169 1964 His
2215 1909 2283 1964 de
2333 1909 2442 1963 divi
2508 1909 2828 1965 Damasceni
2896 1911 3044 1967 dicto
3085 1913 3438 1974 examinatis,

210 2003 302 2057 νοῦ
347 2005 598 2066 εἰπόντες
633 2003 805 2074 ῥητῷ,
854 2002 1062 2070 ἁπάρτι
1100 2002 1238 2072 πρὸς
1281 2002 1428 2071 ὑμᾶς
1472 2005 1601 2066 τοὺς
1650 2007 1773 2068 ταῖς

207 2095 386 2157 θείαις
439 2094 682 2165 Γραφαῖς
757 2092 1304 2161 ὲπηρεαστικώτερον
1347 2094 1774 2162 ἐπιφυομένους,

213 2187 319 2240 οὐκ
349 2183 452 2238 οἷδ’
476 2185 560 2253 ἐφ’
596 2178 640 2250 ᾧ
667 2201 774 2236 τινι
801 2183 980 2252 κέρδει
1035 2181 1214 2251 φαμὲν
1263 2183 1342 2254 μὴ
1378 2181 1551 2245 οὕτως
1607 2185 1773 2253 ὑμᾶς,

210 2277 288 2347 μὴ
324 2276 459 2344 πρὸς
502 2275 610 2328 τῶν
663 2274 836 2336 αὑτὰς
886 2271 1325 2343 θεολογησάντων
1380 2272 1666 2342 Πατέρων,
1701 2273 1776 2344 μὴ

211 2369 349 2437 πρὸς
378 2366 479 2436 τῆς
528 2363 810 2434 ἀληθείας,
859 2362 978 2432 μεθ’
1011 2357 1077 2433 ἧς
1123 2363 1322 2414 ἐκεῖνοι
1367 2361 1573 2424 ταύτας
1625 2364 1776 2416 ὲθεοο

207 2461 471 2528 λόγησαν,
501 2458 576 2526 μὴ
612 2456 749 2525 πρὸς
779 2456 875 2520 τῆς
910 2452 1143 2522 Τριάδος
1177 2452 1369 2520 αὐτῆς,
1420 2451 1488 2504 δι’
1538 2453 1604 2522 ἢν
1639 2456 1780 2506 ἐκεῖ.

208 2565 295 2600 νοι
325 2545 498 2598 πολλὰ
528 2543 624 2596 ἐπὶ
674 2545 794 2604 ταῖς
841 2539 1146 2607 θεολογίαις
1180 2539 1411 2602 ταύταις
1466 2539 1772 2608 ἐμόγησαν,

209 2639 478 2708 ἀρκοῦσιν
500 2633 566 2696 ἃς
603 2632 758 2688 ἄλλοι
781 2630 1111 2699 διαστροφάς
1137 2633 1278 2681 κατὰ
1310 2628 1538 2696 καιροὺς
1580 2632 1776 2700 autsap-

207 2726 473 2793 γάσαντο.
530 2725 588 2775 '0
623 2722 723 2793 μὲν
759 2721 870 2791 γὰρ
906 2719 989 2782 τὸ,
1035 2719 1100 2772 τὸ
1137 2719 1206 2772 δὲ
1256 2717 1354 2772 διὰ
1407 2717 1516 2772 τοῦ
1563 2736 1780 2788 προσε-

209 2816 334 2886 χῶς
364 2817 431 2868 ἐκ
464 2813 571 2868 τοῦ
618 2813 876 2882 πρώτου,
937 2811 1045 2864 τῶν
1075 2809 1169 2862 τοῦ
1199 2811 1424 2878 Νύσσης
1459 2811 1636 2880 λόγων
1673 2812 1780 2865 ἁπ-

209 2898 435 2979 ήλειψεν
457 2924 473 2938 ·
514 2908 542 2960 ὁ
576 2906 634 2960 δὲ
659 2906 766 2958 τῶν
799 2904 894 2958 τοὺ
930 2903 1170 2974 μεγάλου
1201 2903 1485 2956 Βασιλείου
1517 2904 1600 2971 τὸ,
1633 2903 1778 2971 Hap'

205 2999 402 3055 αὐτοῦ
441 2999 588 3066 ἕχον
650 2997 716 3050 τὸ
748 2992 926 3061 εἶναι,
962 2996 1022 3046 τὸ
1058 2995 1211 3064 παρὰ
1237 2995 1329 3047 τοῦ
1360 2994 1492 3049 Υἱοῦ
1534 2995 1778 3065 δηλονότι

208 3095 273 3147 τὺ
308 3092 534 3162 Πνεῦμα
564 3087 702 3144 εἶναι
735 3091 796 3143 τὸ
817 3092 974 3157 ἆγιον
1011 3103 1026 3118 ο
1058 3081 1247 3157 ἕτερος
1283 3087 1421 3141 ὅπου
1470 3091 1498 3140 ὁ
1527 3087 1778 3158 Νύσσης,

1875 2017 2021 2058 nunc
2051 2002 2118 2056 ad
2159 2015 2276 2064 vos,
2310 2002 2402 2070 qui
2449 2001 2648 2056 divinis
2670 2001 2972 2071 Scripturis
3006 2005 3181 2072 magis
3233 2019 3295 2058 ac
3325 2020 3442 2058 mae

1877 2095 1960 2163 gis
1993 2092 2244 2162 improbe
2275 2105 2341 2145 ac
2381 2091 2723 2146 contentiose
2761 2092 3070 2158 adhaeretis,
3126 2093 3310 2147 nescio
3335 2110 3443 2164 quo

1879 2197 2005 2246 usu,
2037 2181 2272 2236 dicimus
2305 2199 2320 2235 :
2351 2179 2430 2234 Ne
2478 2181 2580 2236 hoc
2627 2181 2788 2236 modo
2839 2197 2938 2236 vos
2994 2183 3214 2252 geratis,
3254 2200 3319 2238 ne
3353 2200 3448 2253 per

1878 2272 2069 2328 Patres
2099 2274 2270 2344 ipsos,
2291 2273 2384 2343 qui
2410 2289 2504 2328 eas
2526 2283 2912 2341 exposuerunt,
2944 2289 3012 2328 ne
3030 2289 3124 2343 per
3137 2277 3444 2342 veritatem,

1877 2378 2002 2417 cum
2031 2379 2136 2432 qua
2161 2363 2234 2416 illi
2259 2379 2353 2417 eas
2382 2362 2788 2424 examinarunt,
2844 2379 2908 2416 uc
2951 2379 3048 2432 per
3073 2363 3324 2418 Triadem
3359 2365 3446 2434 ip-

1878 2468 2018 2518 sam,
2051 2455 2106 2508 in
2138 2470 2244 2523 qua
2271 2455 2346 2508 illi
2407 2454 2700 2508 asserenda
2756 2464 2908 2508 extra
2949 2457 3169 2510 modum
3222 2457 3449 2512 iusuda~

1880 2556 2008 2599 ruut
2044 2563 2058 2600 :
2101 2547 2234 2600 satis
2265 2554 2413 2607 sunt,
2443 2561 2581 2614 quas
2609 2546 2699 2599 alii
2736 2546 2844 2600 alio
2872 2555 3036 2616 atque
3066 2549 3174 2603 alio
3199 2560 3445 2616 tempore

1880 2640 2265 2708 perversitates
2287 2622 2580 2692 commenti
2615 2647 2761 2694 sunt.
2795 2641 2947 2693 Alius
2987 2640 3256 2708 siquidem
3289 2643 3444 2702 illud.

1877 2729 2016 2799 quod
2050 2745 2165 2783 vero
2194 2744 2258 2782 ea:
2311 2729 2426 2794 illo,
2467 2729 2604 2798 quod
2657 2730 2899 2783 continue
2922 2739 2997 2784 est
3045 2745 3110 2783 ea:
3151 2733 3340 2800 primo,
3379 2747 3449 2786 ex

1880 2821 2097 2888 scriptis
2155 2817 2381 2889 Nysseni
2427 2818 2594 2872 erasit
2639 2837 2653 2873 :
2702 2819 2843 2873 alius
2908 2837 2971 2872 ex
3031 2821 3446 2875 commentariis

1882 2911 2062 2979 nagui
2096 2909 2300 2971 Basilii,
2365 2908 2469 2975 Qui
2514 2911 2577 2962 ub
2609 2910 2722 2978 ipso
2755 2909 2894 2980 quod
2939 2911 3008 2964 sit
3043 2911 3216 2971 habet.
3246 2929 3274 2966 a
3310 2911 3450 2968 Filio

1883 3002 2090 3058 scilicet
2124 2999 2384 3070 Spiritum
2412 3011 2658 3055 sanctum
2686 3016 2850 3056 esse:
2883 3003 3028 3057 alius
3082 3003 3173 3056 ubi
3215 3002 3446 3073 Nysseni

1881 3093 2046 3147 verba
2092 3103 2271 3155 erant,
2326 3102 2380 3144 ut
2409 3093 2752 3159 processiouis
2815 3101 3024 3148 tantum
3075 3098 3449 3163 proprietate»:

207 3187 318 3262 ira
372 3184 489 3250 τὴν
528 3179 970 3249 ἐκπορευτικὴν
1029 3178 1295 3246 ίδιότητα
1352 3177 1434 3244 τῷ
1481 3179 1776 3247 Πνεὺματι

1886 3184 2110 3254 Spiritui
2141 3185 2238 3240 soli
2263 3185 2606 3237 iuhwreutum
2661 3183 3018 3252 conﬁrmaret,
3057 3183 3212 3238 Patri
3256 3172 3493 3240 litteris.

205 3277 377 3344 μόνῳ
423 3272 784 3341 προσοῦσαν
874 3270 1314 3336 πιστεύσηται,
1363 3269 1609 3341 ἔγραψε,
1697 3273 1775 3340 τῷ

209 3365 400 3431 Πατρὶ
442 3365 817 3431 μεταποιήσας
847 3359 1044 3430 ἔθηκεν
1077 3373 1090 3388 ·
1124 3357 1285 3423 ἄλλος
1321 3357 1414 3410 τὸν
1433 3360 1594 3412 αὑτὸν
1629 3359 1776 3412 Νύσ-

208 3468 312 3520 cm;
365 3449 584 3519 εὑρὼν,
633 3446 1098 3516 προθεωρεῖσθαι
1151 3443 1260 3498 τὸν
1315 3445 1454 3498 Υίὸν
1512 3445 1625 3513 τῆς
1672 3445 1779 3498 τοῦ

205 3542 562 3608 Ιινεύματος
611 3537 1037 3602 ὑποστάσεως,
1086 3536 1239 3588 κατὰ
1284 3535 1393 3589 τὸν
1430 3534 1541 3603 τῆς
1584 3537 1778 3602 αἰτίας

202 3630 815 3712 λόγονθεολογοῦντα,
870 3629 952 3694 τὸ,
1001 3628 1370 3696 Πνεύματος,
1412 3629 1493 3690 είς
1539 3627 1620 3694 τὸ,
1666 3631 1784 3682 Ha-

203 3723 351 3792 τρὸς
405 3720 741 3790 μετεποίῄσε
786 3735 798 3748 ο
847 3722 943 3771 καὶ
1001 3717 1164 3770 πάλιν
1209 3717 1346 3770 ὅπου
1391 3719 1420 3768 ὁ
1477 3717 1664 3784 αὐτὸς,
1712 3717 1781 3772 τὸ

205 3813 458 3881 Πνεῦμα
488 3811 557 3863 ἐκ
600 3807 707 3862 τοῦ
759 3807 897 3860 Υίοῦ
960 3806 1116 3859 εἶναι
1169 3805 1780 3873 προσμαρτυρεῒσθαι,

207 3909 453 3975 είρήκει,
516 3905 546 3955 ὁ
593 3899 907 3972 μεταποιῶν
958 3900 1080 3960 ταῖς
1130 3897 1218 3950 διὰ
1267 3897 1493 3969 σιδήρου
1546 3898 1783 3968 ξυσμαίς

206 4001 306 4068 τὴν
344 3997 414 4060 ἐξ
446 3995 707 4063 sumo:
743 3990 1006 4061 πρόθεσιν
1034 4008 1049 4021 ·
1085 3989 1180 4043 καὶ
1233 3991 1396 4042 πάλιν
1449 3991 1658 4060 ἕτερος,
1721 3991 1780 4043 ὲν

206 4087 289 4152 οἷς
339 4091 369 4140 ὁ
411 4089 566 4156 ἅγιος
625 4086 944 4153 Ἐπιφάνιος
994 4082 1136 4153 ἔφη·
1169 4083 1240 4135 El
1275 4082 1530 4148 Χριστὸς
1560 4083 1628 4136 ἐκ
1672 4082 1779 4136 τοῦ

208 4179 445 4246 Πατρός
477 4177 824 4230 πιστεύεται
851 4173 994 4238 Θεὸς
1010 4173 1078 4224 ἐκ
1109 4172 1280 4237 Θεοῦ,
1315 4172 1413 4225 καὶ
1441 4174 1508 4225 τὸ
1536 4174 1782 4243 Πνεῦμα

207 4274 278 4324 ἐκ
310 4271 420 4325 τοῦ
467 4265 750 4337 Χριστοῦ,
782 4263 820 4334 ἣ
849 4265 986 4332 παρ’
1020 4262 1394 4332 ἀμφοτέρων,
1426 4265 1495 4316 Ei
1539 4263 1608 4316 δὲ
1642 4267 1776 4332 Χρι-

209 4365 366 4429 στὸς
439 4363 508 4414 ἐκ
574 4359 681 4413 τοῦ
731 4358 1078 4425 Πνεύματος
1122 4355 1499 4418 πιστεύεται,
1546 4354 1774 4425 ἔγραψε,

1887 3278 2188 3334 immutatis
2229 3279 2480 3346 apposuit
2513 3294 2526 3330 :
2557 3277 2699 3331 alius
2742 3291 2866 3330 cum
2917 3277 3209 3346 reperisset
3259 3277 3451 3355 decer-
3533 3343 3550 3357 _

1886 3379 2102 3424 nentem
2156 3369 2409 3421 eumdem
2467 3364 2794 3438 Nyssenum,
2851 3363 3055 3419 Filium
3113 3367 3452 3436 pra’intelligi

1887 3460 2116 3525 Spiritus
2139 3458 2412 3528 hypostaii
2447 3461 2730 3511 secundum
2785 3473 2960 3511 causae
3019 3459 3296 3522 rationem,
3334 3459 3452 3513 loco

1887 3549 2136 3619 Spiritus,
2191 3548 2374 3602 Patris
2424 3551 2711 3618 supposuit
2744 3567 2758 3602 :
2792 3565 3125 3619 rursumque
3153 3551 3246 3605 ubi
3279 3550 3447 3614 idem,

1877 3640 2133 3710 Spiritum
2164 3655 2227 3692 ex
2260 3639 2402 3692 Filio
2422 3656 2532 3693 esse
2560 3641 2805 3693 attestari
2856 3642 3086 3705 dixerat,
3145 3643 3238 3711 qui
3278 3652 3455 3697 muta-

1881 3736 2085 3785 tionem
2123 3734 2429 3794 attentavit,
2464 3729 2611 3784 ferro
2675 3739 2857 3797 utens,
2910 3734 3354 3800 praepositionem
3385 3747 3452 3786 ea:

1880 3822 2236 3886 oblitteravit;
2269 3823 2508 3891 itemque
2548 3821 2690 3875 alius
2725 3821 2816 3874 ubi
2853 3832 3077 3875 sanctus
3111 3819 3446 3890 Epiphanius

1883 3911 2015 3964 dicit
2047 3929 2059 3964 :
2123 3909 2275 3975 Quod
2304 3912 2351 3964 si
2379 3909 2620 3965 Christus
2640 3926 2705 3965 ea:
2727 3908 2892 3964 Patre
2921 3911 3154 3965 creditur
3190 3909 3330 3966 Deus
3389 3925 3455 3964 ea:

1881 4001 2013 4067 Deo,
2032 4011 2078 4055 et
2111 4000 2341 4071 Spiritus
2355 4018 2420 4055 ea:
2447 4001 2676 4066 Christo,
2711 4005 2817 4056 sive
2839 4002 2904 4055 ab
2929 4012 3168 4072 utroque.
3204 4002 3264 4056 Si
3294 4001 3454 4056 Chri-

1879 4103 1994 4148 stus
2031 4107 2096 4146 ea:
2146 4093 2352 4162 Spiritu
2381 4093 2636 4158 creditur,
2703 4094 2968 4162 reposuit.
3021 4091 3125 4147 Tot
3167 4093 3351 4160 itaque
3390 4107 3456 4147 ac

1880 4181 2049 4236 tantis
2078 4191 2131 4236 et
2167 4191 2360 4250 pra-ter
2386 4185 2484 4235 has
2515 4182 2640 4236 aliis
2667 4183 2719 4237 in
2749 4183 3022 4251 scriptura
3067 4184 3290 4237 teutatis
3327 4197 3454 4252 per-

1876 4271 2145 4342 tectisque
2193 4273 2662 4341 perrersitatibus,
2695 4287 2764 4327 ne
2793 4288 2913 4340 vos,
2947 4275 3193 4342 inquam,
3230 4282 3458 4328 conten-

1881 4363 2020 4418 tiose
2059 4379 2246 4419 eorum
2270 4366 2555 4419 sententiis
2594 4365 2872 4418 mordicus
2901 4365 3375 4419 obsecundemini.

206 4455 494 4513 τοσούτων
525 4447 619 4504 οὗν
671 4451 769 4502 καὶ
825 4450 957 4519 πρὸς
1018 4447 1228 4509 τούτοις
1287 4447 1494 4516 ἑτέρων
1579 4449 1637 4499 ὲν
1692 4451 1814 4514 ταῖς
1847 4459 2087 4524 γραφαῖς
2113 4457 2413 4525 γεγονότων
2470 4456 2808 4525 ἐπισφαλῶν,
2852 4457 2926 4530 μὴ
2981 4458 3077 4512 καὶ
3119 4457 3280 4528 ὑμεῖς
3322 4460 3457 4524 eum

206 4545 514 4622 ρεαστικῶς
547 4545 670 4604 ταῖς
698 4543 925 4604 ἐννοίαις
949 4540 1126 4592 αὐτῶν
1157 4539 1469 4607 ἐπιφύεσθε.

283 4643 385 4698 κδ’,
419 4636 545 4693 Οἷον
573 4637 630 4688 δὲ
661 4636 885 4688 κάκεῖνο
943 4631 1340 4702 παρατηρῆσαί
1370 4633 1520 4684 ἐστιν
1543 4649 1557 4664 ο
1597 4636 1645 4686 οἱ
1685 4634 1776 4698 τὰς

1961 4635 2052 4688 24.
2084 4635 2256 4702 Quale
2290 4634 2456 4690 fuerit
2481 4644 2535 4692 et
2569 4635 2700 4690 illud
2731 4637 3202 4694 animadversione
3231 4640 3458 4700 minime

206 4738 357 4792 κατὰ
382 4732 630 4788 Λατίνων
661 4728 803 4781 κατὰ
838 4727 1076 4794 καιροὺς·
1099 4726 1452 4795 ἀντιρρήσεις
1504 4730 1563 4780 ὲν
1621 4727 1779 4792 ἰδίαις

204 4827 562 4897 συγγραφαῖς
589 4819 954 4888 ἐκτιθέμενοι,
993 4815 1068 4885 μὴ
1111 4813 1172 4880 ἐξ
1211 4818 1538 4881 ἀποδείξεων
1577 4836 1780 4890 γραφι-

203 4923 322 4976 κῶν
349 4923 428 4980 εἰς
467 4915 668 4970 ἄτοπόν
727 4929 781 4964 τι
836 4908 1121 4978 περιιστᾷν
1167 4909 1224 4959 τὸ
1279 4913 1410 4979 παρ’
1452 4911 1630 4964 αὐτῶν
1685 4913 1779 4965 λε-

200 5013 440 5081 γόμενον
494 5006 751 5077 ἔχοντες,
825 5000 962 5063 ιδίας
1025 4998 1180 5052 αὐτοὶ
1256 4999 1540 5066 δογμάτων
1604 5004 1778 5072 ἀρχὰς

199 5098 582 5156 ἀνεπλὰσαντο
609 5091 700 5144 ὑπ’
731 5087 963 5160 ἀρχηγῷ
989 5089 1180 5158 Φωτίῳ
1209 5088 1302 5139 καὶ
1334 5087 1536 5159 πρώτῳ
1568 5091 1775 5144 τούτων

197 5187 473 5258 εἰσηγητῇ
496 5199 509 5213 ·
555 5185 650 5236 καὶ
684 5183 782 5234 οὐκ
811 5180 875 5233 ἄν
913 5196 999 5243 τις
1029 5180 1104 5241 ὠς
1129 5181 1210 5241 είς
1236 5180 1436 5233 ἄτοπόν
1465 5197 1518 5232 τι
1569 5182 1782 5249 ἀπαγό-

202 5290 372 5354 μενον
399 5270 678 5333 ἀποδεῖξαι
704 5267 806 5338 ἔχῃ
849 5264 910 5317 τὸ
941 5267 1005 5316 ὲκ
1039 5265 1251 5334 Πατρὸς
1290 5265 1384 5317 καὶ
1417 5264 1568 5325 Υίοῦ,
1619 5270 1666 5317 ει
1701 5269 1775 5338 μή

194 5383 330 5421 τινα
385 5366 511 5449 μίαν
561 5362 671 5414 τῶν
722 5357 1124 5426 πεπλασμένων
1166 5356 1369 5408 τούτων
1419 5358 1776 5426 προκαλεῖται

197 5445 566 5527 ἀρχῶν.Ἶ’ὦν
609 5448 667 5502 δὲ
706 5448 806 5516 τῆς
843 5449 974 5514 μιᾶς
1005 5446 1103 5515 μὲν
1136 5447 1195 5497 τὸ
1223 5445 1418 5513 ψεῦδος
1448 5448 1570 5516 τῆς,
1620 5448 1772 5515 Πᾶν,

193 5545 492 5615 λεγούσης,
523 5542 592 5595 τὸ
635 5540 734 5592 ἐπὶ
777 5537 888 5604 τῆς
932 5535 1171 5605 Τριάδος
1197 5541 1524 5606 λεγόμενον
1550 5538 1601 5607 ¹ἣ
1635 5539 1776 5605 ἑνός

193 5640 379 5696 ἐστιν
426 5636 463 5702 ἢ
512 5632 633 5685 τῶν
667 5627 866 5699 τριῶν,
899 5630 1003 5681 ὑπὸ
1033 5624 1151 5681 ’τοῦ
1182 5630 1278 5699 τῆς
1311 5631 1590 5698 θεολογίας
1633 5635 1779 5686 ἐπω-

192 5730 377 5799 νύμου
404 5724 673 5795 λαμπρῶς
696 5723 1058 5789 ἁπελέγχεται
1095 5725 1153 5772 ἐν
1182 5715 1264 5782 οἷς
1298 5724 1526 5788 ἐκεῖνος,
1559 5725 1778 5777 Κοινὸν

192 5825 334 5894 τὰρ,
393 5819 550 5888 φησι,
603 5815 714 5882 Υὶῷ
759 5815 877 5883 μὲν
911 5815 1008 5867 καὶ
1057 5815 1202 5882 ἁγίῳ
1241 5816 1540 5885 Πνεύματι
1597 5817 1662 5869 τὸ
1709 5816 1778 5870 ἐκ

458 5917 728 5972 Parum.
762 5914 876 5966 tia.
911 5906 1118 5968 CXLI.

1887 4727 2166 4797 indignum
2203 4745 2218 4783 :
2267 4727 2368 4795 Qui
2402 4731 2666 4784 adversus
2694 4727 2920 4784 Latinos
2981 4730 3103 4784 aliis
3135 4741 3301 4804 atque
3331 4735 3458 4792 aliis

1886 4821 2220 4889 temporibus
2250 4820 2712 4875 contradictiones
2747 4820 2802 4873 in
2845 4821 3078 4889 propriis
3120 4834 3460 4884 commenta-

1886 4910 1984 4965 riis
2011 4909 2369 4978 digesseruut,
2402 4925 2525 4964 cum
2556 4926 2665 4964 non
2699 4921 2918 4979 possent
2948 4926 3018 4965 ex
3045 4914 3250 4983 scripto
3285 4917 3458 4972 tradi-

1887 5002 1956 5054 tis
2012 5001 2576 5054 demonstrationihus
2631 5002 2682 5053 in
2716 5000 3038 5068 absurdum,
3068 5005 3214 5074 quod
3244 5007 3314 5060 ab
3350 5008 3458 5064 illis

1886 5093 2338 5158 asseverabatur,
2433 5093 2736 5159 deducere,
2829 5094 3049 5162 propria
3138 5096 3454 5166 dogmatum

1887 5183 2154 5252 principia
2206 5181 2580 5248 continuisse,
2631 5182 2734 5236 sub
2789 5198 2979 5239 eorum
3029 5185 3170 5240 duce
3227 5187 3446 5255 Photio,

1888 5274 2174 5342 primoque
2224 5272 2490 5326 similium
2524 5272 2930 5340 introductore;
2981 5275 3300 5345 nullumque
3331 5295 3452 5335 esse

1884 5366 1977 5432 qui
2024 5364 2323 5418 absurdum
2378 5365 2431 5418 in
2481 5379 2542 5419 se
2587 5365 2868 5420 continere
2920 5366 3121 5420 dictum
3172 5367 3338 5432 illud,
3385 5386 3457 5425 ex

1883 5451 2049 5506 Patre
2071 5461 2123 5506 et
2147 5452 2286 5505 Filio
2313 5453 2793 5517 demonstraverit,
2827 5454 2883 5507 ni
2913 5469 3078 5508 unum
3105 5469 3171 5508 ex
3205 5458 3453 5515 conﬁctis

1885 5543 2039 5598 hisce
2076 5545 2362 5615 principiis
2395 5550 2789 5616 assumpserit;
2825 5557 2877 5597 et
2913 5545 3073 5600 unius
3106 5549 3349 5616 quidem,
3385 5569 3454 5608 ex

1887 5636 2025 5698 illis,
2073 5639 2217 5704 quod
2255 5638 2480 5702 asserit,
2532 5635 2800 5706 Quidquid
2844 5637 2908 5691 de
2941 5637 3203 5694 Trinitate
3235 5643 3452 5713 dicitur,

1886 5736 1978 5779 aut
2026 5728 2184 5780 unius
2220 5737 2296 5780 est
2326 5737 2419 5780 aut
2460 5730 2656 5791 trium,
2693 5727 2906 5782 falsitas
2943 5742 2973 5782 ι
3015 5727 3290 5804 Theologo
3321 5735 3458 5792 Gre-

1887 5819 2042 5888 gorio
2084 5827 2270 5889 aperte
2317 5816 2602 5881 refellitur,
2649 5833 2771 5872 cum
2828 5818 2918 5872 ille
2947 5820 3134 5876 dicat:
3168 5821 3458 5885 Commune

2898 5910 2974 5972 3'2
