  <div class='ocr_page' id='page_1' title='image "/cluster/home/n/w/nwhite01/storage/ocr_20150623/141/coo.31924054870468/507.png"; bbox 0 0 3962 6454; ppageno 0'>
   <div class='ocr_carea' id='block_1_1' title="bbox 532 426 665 485">
    <p class='ocr_par' dir='ltr' id='par_1_1' title="bbox 532 426 665 485">
     <span class='ocr_line' id='line_1_1' title="bbox 532 426 665 485; baseline 0.008 -1"><span class='ocrx_word' id='word_1_1' title='bbox 532 426 665 485; x_wconf 66' lang='grc'><strong>11307</strong></span> 
     </span>
    </p>
   </div>
   <div class='ocr_carea' id='block_1_2' title="bbox 1557 431 2736 493">
    <p class='ocr_par' dir='ltr' id='par_1_2' title="bbox 1557 431 2736 493">
     <span class='ocr_line' id='line_1_2' title="bbox 1557 431 2736 493; baseline 0 -1"><span class='ocrx_word' id='word_1_2' title='bbox 1557 432 1766 493; x_wconf 74' lang='lat' dir='ltr'><strong>JOAN.</strong></span> <span class='ocrx_word' id='word_1_3' title='bbox 1807 431 2022 493; x_wconf 84' lang='lat' dir='ltr'><strong>VECCI</strong></span> <span class='ocrx_word' id='word_1_4' title='bbox 2066 431 2175 491; x_wconf 64' lang='grc' dir='ltr'><strong>(ΤΡ.</strong></span> <span class='ocrx_word' id='word_1_5' title='bbox 2218 431 2736 492; x_wconf 67' lang='grc' dir='ltr'><strong>ΡᾹΤΒΙΑΒΕΗΑΞ</strong></span> 
     </span>
    </p>
   </div>
   <div class='ocr_carea' id='block_1_3' title="bbox 3591 436 3696 504">
    <p class='ocr_par' dir='ltr' id='par_1_3' title="bbox 3591 436 3696 504">
     <span class='ocr_line' id='line_1_3' title="bbox 3591 436 3696 504; baseline 0.038 -4"><span class='ocrx_word' id='word_1_6' title='bbox 3591 436 3696 504; x_wconf 74' lang='grc'><strong>1008</strong></span> 
     </span>
    </p>
   </div>
   <div class='ocr_carea' id='block_1_4' title="bbox 527 522 2100 620">
    <p class='ocr_par' dir='ltr' id='par_1_4' title="bbox 527 537 2098 613">
     <span class='ocr_line' id='line_1_4' title="bbox 527 537 2098 613; baseline 0.004 -25"><span class='ocrx_word' id='word_1_7' title='bbox 527 537 818 600; x_wconf 74' lang='lat' dir='ltr'><strong>caperetis,</strong></span> <span class='ocrx_word' id='word_1_8' title='bbox 855 547 907 591; x_wconf 90' lang='lat' dir='ltr'><strong>et</strong></span> <span class='ocrx_word' id='word_1_9' title='bbox 941 539 992 592; x_wconf 88' lang='lat' dir='ltr'><strong>in</strong></span> <span class='ocrx_word' id='word_1_10' title='bbox 1030 554 1160 610; x_wconf 85' lang='lat' dir='ltr'><strong>pace</strong></span> <span class='ocrx_word' id='word_1_11' title='bbox 1187 550 1502 608; x_wconf 86' lang='lat' dir='ltr'><strong>convenire,</strong></span> <span class='ocrx_word' id='word_1_12' title='bbox 1538 558 1817 613; x_wconf 83' lang='lat' dir='ltr'><strong>nunquam</strong></span> <span class='ocrx_word' id='word_1_13' title='bbox 1864 543 2009 597; x_wconf 84' lang='lat' dir='ltr'><strong>illam</strong></span> <span class='ocrx_word' id='word_1_14' title='bbox 2041 541 2098 595; x_wconf 91' lang='lat' dir='ltr'><strong>in</strong></span> 
     </span>
    </p>
   </div>
   <div class='ocr_carea' id='block_1_5' title="bbox 2206 522 3698 620">
    <p class='ocr_par' dir='ltr' id='par_1_5' title="bbox 2206 522 3698 620">
     <span class='ocr_line' id='line_1_5' title="bbox 2206 522 3698 620; baseline 0.009 -28"><span class='ocrx_word' id='word_1_15' title='bbox 2206 541 2538 611; x_wconf 79' lang='grc' dir='ltr'><strong>μαθητεύειν</strong></span> <span class='ocrx_word' id='word_1_16' title='bbox 2583 543 2905 612; x_wconf 69' lang='grc' dir='ltr'>ἡϐούλεσθε,</span> <span class='ocrx_word' id='word_1_17' title='bbox 2943 544 3215 597; x_wconf 80' lang='grc' dir='ltr'><strong>συνελθεῖν</strong></span> <span class='ocrx_word' id='word_1_18' title='bbox 3248 522 3371 615; x_wconf 60' lang='grc' dir='ltr'>πρὸς</span> <span class='ocrx_word' id='word_1_19' title='bbox 3411 546 3498 618; x_wconf 79' lang='grc' dir='ltr'><strong>τὴν</strong></span> <span class='ocrx_word' id='word_1_20' title='bbox 3523 549 3698 620; x_wconf 69' lang='grc' dir='ltr'>εἰρήνην</span> 
     </span>
    </p>
   </div>
   <div class='ocr_carea' id='block_1_6' title="bbox 473 627 2104 703">
    <p class='ocr_par' dir='ltr' id='par_1_6' title="bbox 473 627 2104 703">
     <span class='ocr_line' id='line_1_6' title="bbox 473 627 2104 703; baseline 0.002 -23"><span class='ocrx_word' id='word_1_21' title='bbox 473 657 475 660; x_wconf 61' lang='grc'>‹</span> <span class='ocrx_word' id='word_1_22' title='bbox 528 627 679 680; x_wconf 64' lang='grc' dir='ltr'>ἃῖὶιιι]</span> <span class='ocrx_word' id='word_1_23' title='bbox 722 637 935 698; x_wconf 91' lang='lat' dir='ltr'><strong>tempus</strong></span> <span class='ocrx_word' id='word_1_24' title='bbox 965 632 1354 698; x_wconf 85' lang='lat' dir='ltr'><strong>protralteretis</strong></span> <span class='ocrx_word' id='word_1_25' title='bbox 1381 648 1396 697; x_wconf 90' lang='lat'><strong>;</strong></span> <span class='ocrx_word' id='word_1_26' title='bbox 1424 647 1568 686; x_wconf 91' lang='lat' dir='ltr'><strong>nunc</strong></span> <span class='ocrx_word' id='word_1_27' title='bbox 1607 649 1738 688; x_wconf 88' lang='lat' dir='ltr'><strong>vero</strong></span> <span class='ocrx_word' id='word_1_28' title='bbox 1798 643 2104 703; x_wconf 60' lang='lat' dir='ltr'><strong>praepoten-</strong></span> 
     </span>
    </p>
   </div>
   <div class='ocr_carea' id='block_1_7' title="bbox 529 722 2103 794">
    <p class='ocr_par' dir='ltr' id='par_1_7' title="bbox 529 722 2103 794">
     <span class='ocr_line' id='line_1_7' title="bbox 529 722 2103 794; baseline 0.002 -22"><span class='ocrx_word' id='word_1_29' title='bbox 529 723 596 774; x_wconf 98' lang='lat' dir='ltr'><strong>tis</strong></span> <span class='ocrx_word' id='word_1_30' title='bbox 624 722 862 775; x_wconf 73' lang='lat' dir='ltr'><strong>nationis</strong></span> <span class='ocrx_word' id='word_1_31' title='bbox 895 722 1018 776; x_wconf 84' lang='lat' dir='ltr'><strong>odia</strong></span> <span class='ocrx_word' id='word_1_32' title='bbox 1049 731 1101 776; x_wconf 91' lang='lat' dir='ltr'><strong>et</strong></span> <span class='ocrx_word' id='word_1_33' title='bbox 1130 722 1456 790; x_wconf 75' lang='lat' dir='ltr'><strong>simultates,</strong></span> <span class='ocrx_word' id='word_1_34' title='bbox 1484 725 1626 794; x_wconf 86' lang='lat' dir='ltr'><strong>paci,</strong></span> <span class='ocrx_word' id='word_1_35' title='bbox 1653 725 1841 780; x_wconf 89' lang='lat' dir='ltr'><strong>nescio</strong></span> <span class='ocrx_word' id='word_1_36' title='bbox 1879 737 1984 793; x_wconf 86' lang='lat' dir='ltr'><strong>qua</strong></span> <span class='ocrx_word' id='word_1_37' title='bbox 2012 739 2103 775; x_wconf 88' lang='lat' dir='ltr'><strong>ra-</strong></span> 
     </span>
    </p>
   </div>
   <div class='ocr_carea' id='block_1_8' title="bbox 527 815 2103 885">
    <p class='ocr_par' dir='ltr' id='par_1_8' title="bbox 527 815 2103 885">
     <span class='ocr_line' id='line_1_8' title="bbox 527 815 2103 885; baseline 0.003 -17"><span class='ocrx_word' id='word_1_38' title='bbox 527 818 693 876; x_wconf 83' lang='lat' dir='ltr'><strong>tione,</strong></span> <span class='ocrx_word' id='word_1_39' title='bbox 728 831 807 869; x_wconf 75' lang='lat' dir='ltr'><strong>we</strong></span> <span class='ocrx_word' id='word_1_40' title='bbox 838 815 996 879; x_wconf 89' lang='lat' dir='ltr'><strong>mihi,</strong></span> <span class='ocrx_word' id='word_1_41' title='bbox 1017 827 1410 885; x_wconf 70' lang='lat' dir='ltr'><strong>praeponentes,</strong></span> <span class='ocrx_word' id='word_1_42' title='bbox 1444 817 1548 874; x_wconf 84' lang='lat' dir='ltr'><strong>hoc</strong></span> <span class='ocrx_word' id='word_1_43' title='bbox 1575 834 1740 872; x_wconf 91' lang='lat' dir='ltr'><strong>unum</strong></span> <span class='ocrx_word' id='word_1_44' title='bbox 1769 817 1945 872; x_wconf 86' lang='lat' dir='ltr'><strong>solum</strong></span> <span class='ocrx_word' id='word_1_45' title='bbox 1978 832 2103 872; x_wconf 86' lang='lat' dir='ltr'><strong>sus-</strong></span> 
     </span>
    </p>
   </div>
   <div class='ocr_carea' id='block_1_9' title="bbox 527 908 2100 981">
    <p class='ocr_par' dir='ltr' id='par_1_9' title="bbox 527 908 2100 981">
     <span class='ocr_line' id='line_1_9' title="bbox 527 908 2100 981; baseline 0.001 -22"><span class='ocrx_word' id='word_1_46' title='bbox 527 908 807 976; x_wconf 83' lang='lat' dir='ltr'><strong>quedeqtte</strong></span> <span class='ocrx_word' id='word_1_47' title='bbox 822 919 875 962; x_wconf 88' lang='lat' dir='ltr'><strong>et</strong></span> <span class='ocrx_word' id='word_1_48' title='bbox 897 910 1182 978; x_wconf 82' lang='lat' dir='ltr'><strong>colloquiis</strong></span> <span class='ocrx_word' id='word_1_49' title='bbox 1204 911 1259 963; x_wconf 92' lang='lat' dir='ltr'><strong>in</strong></span> <span class='ocrx_word' id='word_1_50' title='bbox 1281 911 1535 965; x_wconf 92' lang='lat' dir='ltr'><strong>omnibus</strong></span> <span class='ocrx_word' id='word_1_51' title='bbox 1547 911 1859 981; x_wconf 70' lang='lat' dir='ltr'><strong>suggeritis,</strong></span> <span class='ocrx_word' id='word_1_52' title='bbox 1883 912 2100 966; x_wconf 83' lang='lat' dir='ltr'><strong>eosdem</strong></span> 
     </span>
    </p>
   </div>
   <div class='ocr_carea' id='block_1_10' title="bbox 524 997 2103 1068">
    <p class='ocr_par' dir='ltr' id='par_1_10' title="bbox 524 997 2103 1068">
     <span class='ocr_line' id='line_1_10' title="bbox 524 997 2103 1068; baseline 0.003 -18"><span class='ocrx_word' id='word_1_53' title='bbox 524 1015 588 1053; x_wconf 81' lang='lat' dir='ltr'><strong>ex</strong></span> <span class='ocrx_word' id='word_1_54' title='bbox 622 997 782 1054; x_wconf 90' lang='lat' dir='ltr'><strong>Patre</strong></span> <span class='ocrx_word' id='word_1_55' title='bbox 826 1005 880 1050; x_wconf 75' lang='lat' dir='ltr'><strong>ut</strong></span> <span class='ocrx_word' id='word_1_56' title='bbox 910 997 1049 1052; x_wconf 88' lang='lat' dir='ltr'><strong>Filio</strong></span> <span class='ocrx_word' id='word_1_57' title='bbox 1099 999 1362 1068; x_wconf 77' lang='lat' dir='ltr'><strong>Spiritum</strong></span> <span class='ocrx_word' id='word_1_58' title='bbox 1425 999 1736 1068; x_wconf 85' lang='lat' dir='ltr'><strong>procedere,</strong></span> <span class='ocrx_word' id='word_1_59' title='bbox 1779 1008 1838 1054; x_wconf 91' lang='lat' dir='ltr'><strong>ut</strong></span> <span class='ocrx_word' id='word_1_60' title='bbox 1880 1015 2103 1067; x_wconf 86' lang='lat' dir='ltr'><strong>prorsus</strong></span> 
     </span>
    </p>
   </div>
   <div class='ocr_carea' id='block_1_11' title="bbox 528 1089 2102 1163">
    <p class='ocr_par' dir='ltr' id='par_1_11' title="bbox 528 1089 2102 1163">
     <span class='ocr_line' id='line_1_11' title="bbox 528 1089 2102 1163; baseline 0.004 -22"><span class='ocrx_word' id='word_1_61' title='bbox 528 1090 877 1144; x_wconf 83' lang='lat' dir='ltr'><strong>manifestum</strong></span> <span class='ocrx_word' id='word_1_62' title='bbox 900 1100 1004 1152; x_wconf 84' lang='lat' dir='ltr'><strong>est,</strong></span> <span class='ocrx_word' id='word_1_63' title='bbox 1028 1089 1341 1144; x_wconf 89' lang='lat' dir='ltr'><strong>decernere.</strong></span> <span class='ocrx_word' id='word_1_64' title='bbox 1368 1089 1479 1159; x_wconf 73' lang='lat' dir='ltr'><strong>Ego</strong></span> <span class='ocrx_word' id='word_1_65' title='bbox 1505 1105 1633 1145; x_wconf 90' lang='lat' dir='ltr'><strong>vero</strong></span> <span class='ocrx_word' id='word_1_66' title='bbox 1669 1105 1782 1160; x_wconf 76' lang='lat' dir='ltr'><strong>prae</strong></span> <span class='ocrx_word' id='word_1_67' title='bbox 1812 1092 1956 1154; x_wconf 91' lang='lat' dir='ltr'><strong>aliis,</strong></span> <span class='ocrx_word' id='word_1_68' title='bbox 1978 1109 2102 1163; x_wconf 72' lang='lat' dir='ltr'><strong>qua:</strong></span> 
     </span>
    </p>
   </div>
   <div class='ocr_carea' id='block_1_12' title="bbox 525 1181 2100 1250">
    <p class='ocr_par' dir='ltr' id='par_1_12' title="bbox 525 1181 2100 1250">
     <span class='ocr_line' id='line_1_12' title="bbox 525 1181 2100 1250; baseline 0.003 -17"><span class='ocrx_word' id='word_1_69' title='bbox 525 1182 631 1233; x_wconf 86' lang='lat' dir='ltr'><strong>alio</strong></span> <span class='ocrx_word' id='word_1_70' title='bbox 649 1193 810 1250; x_wconf 87' lang='lat' dir='ltr'><strong>atque</strong></span> <span class='ocrx_word' id='word_1_71' title='bbox 859 1182 964 1234; x_wconf 89' lang='lat' dir='ltr'><strong>alio</strong></span> <span class='ocrx_word' id='word_1_72' title='bbox 1010 1191 1254 1248; x_wconf 84' lang='lat' dir='ltr'><strong>tempore</strong></span> <span class='ocrx_word' id='word_1_73' title='bbox 1310 1181 1558 1237; x_wconf 86' lang='lat' dir='ltr'><strong>elocutus</strong></span> <span class='ocrx_word' id='word_1_74' title='bbox 1585 1196 1729 1246; x_wconf 89' lang='lat' dir='ltr'><strong>sum,</strong></span> <span class='ocrx_word' id='word_1_75' title='bbox 1765 1198 1910 1236; x_wconf 90' lang='lat' dir='ltr'><strong>nunc</strong></span> <span class='ocrx_word' id='word_1_76' title='bbox 1938 1185 2100 1238; x_wconf 85' lang='lat' dir='ltr'><strong>etiam</strong></span> 
     </span>
    </p>
   </div>
   <div class='ocr_carea' id='block_1_13' title="bbox 527 1272 2100 1344">
    <p class='ocr_par' dir='ltr' id='par_1_13' title="bbox 527 1272 2100 1344">
     <span class='ocr_line' id='line_1_13' title="bbox 527 1272 2100 1344; baseline 0.003 -19"><span class='ocrx_word' id='word_1_77' title='bbox 527 1273 744 1335; x_wconf 86' lang='lat' dir='ltr'><strong>addam,</strong></span> <span class='ocrx_word' id='word_1_78' title='bbox 779 1273 846 1326; x_wconf 88' lang='lat' dir='ltr'><strong>ab</strong></span> <span class='ocrx_word' id='word_1_79' title='bbox 875 1273 993 1342; x_wconf 90' lang='lat' dir='ltr'><strong>ipso</strong></span> <span class='ocrx_word' id='word_1_80' title='bbox 1014 1272 1420 1341; x_wconf 62' lang='lat' dir='ltr'><strong>praedicationis</strong></span> <span class='ocrx_word' id='word_1_81' title='bbox 1467 1273 1643 1340; x_wconf 91' lang='lat' dir='ltr'><strong>initio,</strong></span> <span class='ocrx_word' id='word_1_82' title='bbox 1680 1283 1802 1344; x_wconf 93' lang='lat' dir='ltr'><strong>post</strong></span> <span class='ocrx_word' id='word_1_83' title='bbox 1848 1275 2100 1330; x_wconf 84' lang='lat' dir='ltr'><strong>traditio-</strong></span> 
     </span>
    </p>
   </div>
   <div class='ocr_carea' id='block_1_14' title="bbox 524 1365 2097 1434">
    <p class='ocr_par' dir='ltr' id='par_1_14' title="bbox 524 1365 2097 1434">
     <span class='ocr_line' id='line_1_14' title="bbox 524 1365 2097 1434; baseline 0.001 -16"><span class='ocrx_word' id='word_1_84' title='bbox 524 1379 624 1420; x_wconf 89' lang='lat' dir='ltr'><strong>nes</strong></span> <span class='ocrx_word' id='word_1_85' title='bbox 653 1367 998 1433; x_wconf 80' lang='lat' dir='ltr'><strong>evangelicas</strong></span> <span class='ocrx_word' id='word_1_86' title='bbox 1027 1372 1079 1418; x_wconf 91' lang='lat' dir='ltr'><strong>et</strong></span> <span class='ocrx_word' id='word_1_87' title='bbox 1107 1365 1456 1434; x_wconf 89' lang='lat' dir='ltr'><strong>apostolicas,</strong></span> <span class='ocrx_word' id='word_1_88' title='bbox 1482 1365 1602 1419; x_wconf 88' lang='lat' dir='ltr'><strong>licet</strong></span> <span class='ocrx_word' id='word_1_89' title='bbox 1631 1366 1814 1419; x_wconf 69' lang='lat' dir='ltr'><strong>multae</strong></span> <span class='ocrx_word' id='word_1_90' title='bbox 1839 1382 1923 1420; x_wconf 86' lang='lat' dir='ltr'><strong>res</strong></span> <span class='ocrx_word' id='word_1_91' title='bbox 1945 1367 2097 1419; x_wconf 87' lang='lat' dir='ltr'><strong>theo-</strong></span> 
     </span>
    </p>
   </div>
   <div class='ocr_carea' id='block_1_15' title="bbox 528 1456 2102 1524">
    <p class='ocr_par' dir='ltr' id='par_1_15' title="bbox 528 1456 2102 1524">
     <span class='ocr_line' id='line_1_15' title="bbox 528 1456 2102 1524; baseline 0 -16"><span class='ocrx_word' id='word_1_92' title='bbox 528 1457 718 1524; x_wconf 78' lang='lat' dir='ltr'><strong>logicae</strong></span> <span class='ocrx_word' id='word_1_93' title='bbox 750 1465 1092 1523; x_wconf 64' lang='lat' dir='ltr'><strong>pertractata:</strong></span> <span class='ocrx_word' id='word_1_94' title='bbox 1141 1456 1269 1519; x_wconf 88' lang='lat' dir='ltr'><strong>sint,</strong></span> <span class='ocrx_word' id='word_1_95' title='bbox 1309 1465 1362 1509; x_wconf 86' lang='lat' dir='ltr'><strong>et</strong></span> <span class='ocrx_word' id='word_1_96' title='bbox 1392 1472 1569 1510; x_wconf 89' lang='lat' dir='ltr'><strong>annus</strong></span> <span class='ocrx_word' id='word_1_97' title='bbox 1601 1457 2015 1511; x_wconf 79' lang='lat' dir='ltr'><strong>trecentesimus</strong></span> <span class='ocrx_word' id='word_1_98' title='bbox 2047 1463 2102 1509; x_wconf 92' lang='lat' dir='ltr'><strong>et</strong></span> 
     </span>
    </p>
   </div>
   <div class='ocr_carea' id='block_1_16' title="bbox 455 1531 2100 1618">
    <p class='ocr_par' dir='ltr' id='par_1_16' title="bbox 455 1531 2100 1618">
     <span class='ocr_line' id='line_1_16' title="bbox 455 1531 2100 1618; baseline 0 -18"><span class='ocrx_word' id='word_1_99' title='bbox 455 1531 465 1548; x_wconf 84' lang='grc'><em>’</em></span> <span class='ocrx_word' id='word_1_100' title='bbox 529 1549 669 1602; x_wconf 93' lang='lat' dir='ltr'><strong>ultra</strong></span> <span class='ocrx_word' id='word_1_101' title='bbox 701 1549 1018 1617; x_wconf 82' lang='lat' dir='ltr'><strong>praeterierit</strong></span> <span class='ocrx_word' id='word_1_102' title='bbox 1041 1549 1105 1601; x_wconf 90' lang='lat' dir='ltr'><strong>ad</strong></span> <span class='ocrx_word' id='word_1_103' title='bbox 1141 1557 1352 1601; x_wconf 73' lang='lat' dir='ltr'><strong>mtatem</strong></span> <span class='ocrx_word' id='word_1_104' title='bbox 1383 1549 1562 1618; x_wconf 78' lang='lat' dir='ltr'><strong>magni</strong></span> <span class='ocrx_word' id='word_1_105' title='bbox 1593 1549 1896 1614; x_wconf 83' lang='lat' dir='ltr'><strong>Athanasii,</strong></span> <span class='ocrx_word' id='word_1_106' title='bbox 1930 1548 2100 1602; x_wconf 87' lang='lat' dir='ltr'><strong>nenti-</strong></span> 
     </span>
    </p>
   </div>
   <div class='ocr_carea' id='block_1_17' title="bbox 529 1630 2099 1708">
    <p class='ocr_par' dir='ltr' id='par_1_17' title="bbox 529 1630 2099 1708">
     <span class='ocr_line' id='line_1_17' title="bbox 529 1630 2099 1708; baseline -0.001 -14"><span class='ocrx_word' id='word_1_107' title='bbox 529 1656 650 1694; x_wconf 87' lang='lat' dir='ltr'><strong>nem</strong></span> <span class='ocrx_word' id='word_1_108' title='bbox 711 1650 1026 1694; x_wconf 85' lang='lat' dir='ltr'><strong>sanctorum</strong></span> <span class='ocrx_word' id='word_1_109' title='bbox 1058 1655 1153 1708; x_wconf 84' lang='lat' dir='ltr'><strong>per</strong></span> <span class='ocrx_word' id='word_1_110' title='bbox 1194 1639 1415 1700; x_wconf 84' lang='lat' dir='ltr'><strong>Filtutn,</strong></span> <span class='ocrx_word' id='word_1_111' title='bbox 1441 1630 1535 1692; x_wconf 79' lang='lat' dir='ltr'><strong>ant</strong></span> <span class='ocrx_word' id='word_1_112' title='bbox 1564 1654 1628 1692; x_wconf 81' lang='lat' dir='ltr'><strong>ex</strong></span> <span class='ocrx_word' id='word_1_113' title='bbox 1656 1637 1796 1692; x_wconf 85' lang='lat' dir='ltr'><strong>Filio</strong></span> <span class='ocrx_word' id='word_1_114' title='bbox 1841 1639 2099 1708; x_wconf 78' lang='lat' dir='ltr'><strong>Spiritum</strong></span> 
     </span>
    </p>
   </div>
   <div class='ocr_carea' id='block_1_18' title="bbox 528 1729 2102 1798">
    <p class='ocr_par' dir='ltr' id='par_1_18' title="bbox 528 1729 2102 1798">
     <span class='ocr_line' id='line_1_18' title="bbox 528 1729 2102 1798; baseline -0.001 -12"><span class='ocrx_word' id='word_1_115' title='bbox 528 1740 776 1786; x_wconf 84' lang='lat' dir='ltr'><strong>sanctum</strong></span> <span class='ocrx_word' id='word_1_116' title='bbox 846 1730 1067 1784; x_wconf 78' lang='lat' dir='ltr'><strong>exsilire</strong></span> <span class='ocrx_word' id='word_1_117' title='bbox 1125 1739 1220 1784; x_wconf 89' lang='lat' dir='ltr'><strong>aut</strong></span> <span class='ocrx_word' id='word_1_118' title='bbox 1275 1744 1554 1795; x_wconf 84' lang='lat' dir='ltr'><strong>emanare,</strong></span> <span class='ocrx_word' id='word_1_119' title='bbox 1623 1740 1716 1782; x_wconf 92' lang='lat' dir='ltr'><strong>aut</strong></span> <span class='ocrx_word' id='word_1_120' title='bbox 1747 1729 1874 1798; x_wconf 92' lang='lat' dir='ltr'><strong>quid</strong></span> <span class='ocrx_word' id='word_1_121' title='bbox 1926 1730 2102 1784; x_wconf 86' lang='lat' dir='ltr'><strong>simile</strong></span> 
     </span>
    </p>
   </div>
   <div class='ocr_carea' id='block_1_19' title="bbox 525 1818 2103 1889">
    <p class='ocr_par' dir='ltr' id='par_1_19' title="bbox 525 1818 2103 1889">
     <span class='ocr_line' id='line_1_19' title="bbox 525 1818 2103 1889; baseline -0.001 -15"><span class='ocrx_word' id='word_1_122' title='bbox 525 1821 930 1887; x_wconf 78' lang='lat' dir='ltr'><strong>pronuntiasse,</strong></span> <span class='ocrx_word' id='word_1_123' title='bbox 956 1822 1048 1875; x_wconf 87' lang='lat' dir='ltr'><strong>sed</strong></span> <span class='ocrx_word' id='word_1_124' title='bbox 1079 1836 1204 1874; x_wconf 91' lang='lat' dir='ltr'><strong>cum</strong></span> <span class='ocrx_word' id='word_1_125' title='bbox 1229 1822 1297 1873; x_wconf 86' lang='lat' dir='ltr'><strong>ab</strong></span> <span class='ocrx_word' id='word_1_126' title='bbox 1338 1820 1458 1889; x_wconf 83' lang='lat' dir='ltr'><strong>ipso</strong></span> <span class='ocrx_word' id='word_1_127' title='bbox 1514 1819 1841 1887; x_wconf 88' lang='lat' dir='ltr'><strong>principium</strong></span> <span class='ocrx_word' id='word_1_128' title='bbox 1881 1818 2103 1872; x_wconf 86' lang='lat' dir='ltr'><strong>habuis-</strong></span> 
     </span>
    </p>
   </div>
   <div class='ocr_carea' id='block_1_20' title="bbox 2215 633 3698 710">
    <p class='ocr_par' dir='ltr' id='par_1_20' title="bbox 2215 633 3698 710">
     <span class='ocr_line' id='line_1_20' title="bbox 2215 633 3698 710; baseline 0.005 -24"><span class='ocrx_word' id='word_1_129' title='bbox 2215 633 2316 686; x_wconf 84' lang='grc' dir='ltr'><strong>οὐκ</strong></span> <span class='ocrx_word' id='word_1_130' title='bbox 2345 633 2412 688; x_wconf 81' lang='grc' dir='ltr'>ἂν</span> <span class='ocrx_word' id='word_1_131' title='bbox 2440 635 2824 689; x_wconf 80' lang='grc' dir='ltr'>ἀνεϐάλλεσθε.</span> <span class='ocrx_word' id='word_1_132' title='bbox 2855 635 2972 690; x_wconf 83' lang='grc' dir='ltr'><strong>Νῦν</strong></span> <span class='ocrx_word' id='word_1_133' title='bbox 3010 637 3054 689; x_wconf 81' lang='grc' dir='ltr'>δ’</span> <span class='ocrx_word' id='word_1_134' title='bbox 3084 637 3165 689; x_wconf 84' lang='grc' dir='ltr'>ὅτι</span> <span class='ocrx_word' id='word_1_135' title='bbox 3198 637 3292 702; x_wconf 86' lang='grc' dir='ltr'><strong>τῆς</strong></span> <span class='ocrx_word' id='word_1_136' title='bbox 3321 639 3698 710; x_wconf 79' lang='grc' dir='ltr'>μεγαλοδυνάμου</span> 
     </span>
    </p>
   </div>
   <div class='ocr_carea' id='block_1_21' title="bbox 2213 724 3698 803">
    <p class='ocr_par' dir='ltr' id='par_1_21' title="bbox 2213 724 3698 803">
     <span class='ocr_line' id='line_1_21' title="bbox 2213 724 3698 803; baseline 0.014 -28"><span class='ocrx_word' id='word_1_137' title='bbox 2213 727 2408 791; x_wconf 80' lang='grc' dir='ltr'>γενεᾶς</span> <span class='ocrx_word' id='word_1_138' title='bbox 2441 726 2647 795; x_wconf 79' lang='grc' dir='ltr'>ταύτης</span> <span class='ocrx_word' id='word_1_139' title='bbox 2673 727 2774 794; x_wconf 83' lang='grc' dir='ltr'>τὴν</span> <span class='ocrx_word' id='word_1_140' title='bbox 2804 727 3004 797; x_wconf 78' lang='grc' dir='ltr'>ἔχθραν</span> <span class='ocrx_word' id='word_1_141' title='bbox 3059 728 3160 780; x_wconf 84' lang='grc' dir='ltr'>οὐκ</span> <span class='ocrx_word' id='word_1_142' title='bbox 3185 724 3296 780; x_wconf 82' lang='grc' dir='ltr'>οἶδα</span> <span class='ocrx_word' id='word_1_143' title='bbox 3323 728 3428 791; x_wconf 83' lang='grc' dir='ltr'><strong>πῶς</strong></span> <span class='ocrx_word' id='word_1_144' title='bbox 3468 730 3550 798; x_wconf 80' lang='grc' dir='ltr'>τῆς</span> <span class='ocrx_word' id='word_1_145' title='bbox 3583 734 3698 803; x_wconf 71' lang='grc' dir='ltr'>εἰρή-</span> 
     </span>
    </p>
   </div>
   <div class='ocr_carea' id='block_1_22' title="bbox 2214 816 3704 889">
    <p class='ocr_par' dir='ltr' id='par_1_22' title="bbox 2214 816 3704 889">
     <span class='ocr_line' id='line_1_22' title="bbox 2214 816 3704 889; baseline 0.005 -21"><span class='ocrx_word' id='word_1_146' title='bbox 2214 834 2334 887; x_wconf 91' lang='grc' dir='ltr'>νης,</span> <span class='ocrx_word' id='word_1_147' title='bbox 2382 816 2524 885; x_wconf 83' lang='grc' dir='ltr'>φεῦί</span> <span class='ocrx_word' id='word_1_148' title='bbox 2577 818 2952 886; x_wconf 83' lang='grc' dir='ltr'>ἁνθαιρείσθε,</span> <span class='ocrx_word' id='word_1_149' title='bbox 3001 819 3059 873; x_wconf 73' lang='grc' dir='ltr'>ἓν</span> <span class='ocrx_word' id='word_1_150' title='bbox 3107 818 3262 872; x_wconf 84' lang='grc' dir='ltr'>τοῦτο</span> <span class='ocrx_word' id='word_1_151' title='bbox 3306 821 3454 889; x_wconf 88' lang='grc' dir='ltr'>μόνον</span> <span class='ocrx_word' id='word_1_152' title='bbox 3495 821 3591 875; x_wconf 79' lang='grc' dir='ltr'>ἄνω</span> <span class='ocrx_word' id='word_1_153' title='bbox 3630 827 3704 878; x_wconf 80' lang='grc' dir='ltr'>καὶ</span> 
     </span>
    </p>
   </div>
   <div class='ocr_carea' id='block_1_23' title="bbox 2212 909 3705 982">
    <p class='ocr_par' dir='ltr' id='par_1_23' title="bbox 2212 909 3705 982">
     <span class='ocr_line' id='line_1_23' title="bbox 2212 909 3705 982; baseline 0.005 -22"><span class='ocrx_word' id='word_1_154' title='bbox 2212 909 2382 973; x_wconf 86' lang='grc' dir='ltr'>κάτω,</span> <span class='ocrx_word' id='word_1_155' title='bbox 2403 913 2495 962; x_wconf 75' lang='grc' dir='ltr'>καὶ</span> <span class='ocrx_word' id='word_1_156' title='bbox 2517 910 2792 980; x_wconf 81' lang='grc' dir='ltr'><strong>πανταχοῦ</strong></span> <span class='ocrx_word' id='word_1_157' title='bbox 2813 911 2919 964; x_wconf 86' lang='grc' dir='ltr'><strong>τῶν</strong></span> <span class='ocrx_word' id='word_1_158' title='bbox 2938 911 3111 979; x_wconf 89' lang='grc' dir='ltr'>λόγων</span> <span class='ocrx_word' id='word_1_159' title='bbox 3125 913 3432 982; x_wconf 78' lang='grc' dir='ltr'><strong>προφέρετε,</strong></span> <span class='ocrx_word' id='word_1_160' title='bbox 3463 911 3560 976; x_wconf 76' lang='grc' dir='ltr'>πῶς</span> <span class='ocrx_word' id='word_1_161' title='bbox 3589 914 3631 965; x_wconf 81' lang='grc' dir='ltr'><strong>οι</strong></span> <span class='ocrx_word' id='word_1_162' title='bbox 3652 911 3705 968; x_wconf 76' lang='grc' dir='ltr'>ἐκ</span> 
     </span>
    </p>
   </div>
   <div class='ocr_carea' id='block_1_24' title="bbox 2212 997 3708 1072">
    <p class='ocr_par' dir='ltr' id='par_1_24' title="bbox 2212 997 3708 1072">
     <span class='ocr_line' id='line_1_24' title="bbox 2212 997 3708 1072; baseline 0.005 -23"><span class='ocrx_word' id='word_1_163' title='bbox 2212 997 2420 1068; x_wconf 81' lang='grc' dir='ltr'>Πατρὸς</span> <span class='ocrx_word' id='word_1_164' title='bbox 2451 999 2545 1052; x_wconf 77' lang='grc' dir='ltr'><strong>καὶ</strong></span> <span class='ocrx_word' id='word_1_165' title='bbox 2578 1000 2708 1053; x_wconf 88' lang='grc' dir='ltr'>Υίοῦ</span> <span class='ocrx_word' id='word_1_166' title='bbox 2731 1001 3128 1072; x_wconf 75' lang='grc' dir='ltr'><strong>ἐκπορεύεσθαι</strong></span> <span class='ocrx_word' id='word_1_167' title='bbox 3160 1002 3218 1056; x_wconf 84' lang='grc' dir='ltr'>τὸ</span> <span class='ocrx_word' id='word_1_168' title='bbox 3249 1003 3457 1071; x_wconf 81' lang='grc' dir='ltr'>Πνεῦμα</span> <span class='ocrx_word' id='word_1_169' title='bbox 3503 1005 3623 1056; x_wconf 83' lang='grc' dir='ltr'>κατὰ</span> <span class='ocrx_word' id='word_1_170' title='bbox 3661 1005 3708 1056; x_wconf 77' lang='grc' dir='ltr'><strong>τὸ</strong></span> 
     </span>
    </p>
   </div>
   <div class='ocr_carea' id='block_1_25' title="bbox 2209 1089 3710 1164">
    <p class='ocr_par' dir='ltr' id='par_1_25' title="bbox 2209 1089 3710 1164">
     <span class='ocr_line' id='line_1_25' title="bbox 2209 1089 3710 1164; baseline 0.003 -22"><span class='ocrx_word' id='word_1_171' title='bbox 2209 1090 2385 1160; x_wconf 83' lang='grc' dir='ltr'>πάντη</span> <span class='ocrx_word' id='word_1_172' title='bbox 2411 1091 2671 1160; x_wconf 89' lang='grc' dir='ltr'>πρόδηλον</span> <span class='ocrx_word' id='word_1_173' title='bbox 2691 1092 3164 1164; x_wconf 85' lang='grc' dir='ltr'>τεθεολογήκασιν.</span> <span class='ocrx_word' id='word_1_174' title='bbox 3179 1093 3315 1162; x_wconf 85' lang='grc' dir='ltr'><strong>Ἐγὼ</strong></span> <span class='ocrx_word' id='word_1_175' title='bbox 3328 1094 3381 1148; x_wconf 80' lang='grc' dir='ltr'>δὲ</span> <span class='ocrx_word' id='word_1_176' title='bbox 3401 1095 3518 1164; x_wconf 58' lang='lat' dir='ltr'><strong>arpi;</strong></span> <span class='ocrx_word' id='word_1_177' title='bbox 3533 1089 3600 1154; x_wconf 79' lang='grc' dir='ltr'><strong>οἷς</strong></span> <span class='ocrx_word' id='word_1_178' title='bbox 3614 1097 3710 1162; x_wconf 79' lang='grc' dir='ltr'>περὶ</span> 
     </span>
    </p>
   </div>
   <div class='ocr_carea' id='block_1_26' title="bbox 2207 1181 3713 1254">
    <p class='ocr_par' dir='ltr' id='par_1_26' title="bbox 2207 1181 3713 1254">
     <span class='ocr_line' id='line_1_26' title="bbox 2207 1181 3713 1254; baseline 0.003 -22"><span class='ocrx_word' id='word_1_179' title='bbox 2207 1181 2398 1233; x_wconf 88' lang='grc' dir='ltr'>τούτου</span> <span class='ocrx_word' id='word_1_180' title='bbox 2423 1181 2609 1235; x_wconf 82' lang='grc' dir='ltr'>ἄλλοτε</span> <span class='ocrx_word' id='word_1_181' title='bbox 2632 1182 2790 1253; x_wconf 76' lang='grc' dir='ltr'>ἔφην,</span> <span class='ocrx_word' id='word_1_182' title='bbox 2819 1183 2928 1254; x_wconf 77' lang='grc' dir='ltr'><strong>ἔχω</strong></span> <span class='ocrx_word' id='word_1_183' title='bbox 2952 1187 3046 1239; x_wconf 78' lang='grc' dir='ltr'><strong>καὶ</strong></span> <span class='ocrx_word' id='word_1_184' title='bbox 3079 1185 3177 1238; x_wconf 82' lang='grc' dir='ltr'>νῦν</span> <span class='ocrx_word' id='word_1_185' title='bbox 3203 1188 3389 1249; x_wconf 72' lang='grc' dir='ltr'>εἰπεῖν,</span> <span class='ocrx_word' id='word_1_186' title='bbox 3416 1186 3485 1248; x_wconf 86' lang='grc' dir='ltr'>ὼς</span> <span class='ocrx_word' id='word_1_187' title='bbox 3512 1186 3610 1246; x_wconf 84' lang='grc' dir='ltr'>πῶς</span> <span class='ocrx_word' id='word_1_188' title='bbox 3641 1187 3713 1237; x_wconf 82' lang='grc' dir='ltr'><strong>ἀπ’</strong></span> 
     </span>
    </p>
   </div>
   <div class='ocr_carea' id='block_1_27' title="bbox 2208 1272 3713 1346">
    <p class='ocr_par' dir='ltr' id='par_1_27' title="bbox 2208 1272 3713 1346">
     <span class='ocr_line' id='line_1_27' title="bbox 2208 1272 3713 1346; baseline 0.005 -24"><span class='ocrx_word' id='word_1_189' title='bbox 2208 1272 2377 1342; x_wconf 80' lang='grc' dir='ltr'>αὐτῆς</span> <span class='ocrx_word' id='word_1_190' title='bbox 2405 1273 2579 1343; x_wconf 80' lang='grc' dir='ltr'>ἀρχῆς</span> <span class='ocrx_word' id='word_1_191' title='bbox 2612 1274 2704 1327; x_wconf 81' lang='grc' dir='ltr'>τοῦ</span> <span class='ocrx_word' id='word_1_192' title='bbox 2737 1276 3090 1346; x_wconf 79' lang='grc' dir='ltr'>κηρύγματος</span> <span class='ocrx_word' id='word_1_193' title='bbox 3119 1276 3258 1344; x_wconf 82' lang='grc' dir='ltr'><strong>μετὰ</strong></span> <span class='ocrx_word' id='word_1_194' title='bbox 3286 1278 3378 1338; x_wconf 72' lang='grc' dir='ltr'><strong>τὰς</strong></span> <span class='ocrx_word' id='word_1_195' title='bbox 3411 1277 3713 1342; x_wconf 70' lang='grc' dir='ltr'>εὐαγγελικός</span> 
     </span>
    </p>
   </div>
   <div class='ocr_carea' id='block_1_28' title="bbox 2208 1362 3717 1436">
    <p class='ocr_par' dir='ltr' id='par_1_28' title="bbox 2208 1362 3717 1436">
     <span class='ocr_line' id='line_1_28' title="bbox 2208 1362 3717 1436; baseline 0.003 -22"><span class='ocrx_word' id='word_1_196' title='bbox 2208 1362 2303 1416; x_wconf 79' lang='grc' dir='ltr'>καὶ</span> <span class='ocrx_word' id='word_1_197' title='bbox 2326 1364 2688 1427; x_wconf 82' lang='grc' dir='ltr'>ἀποστολικὰς</span> <span class='ocrx_word' id='word_1_198' title='bbox 2714 1383 2788 1419; x_wconf 86' lang='grc' dir='ltr'>πα</span> <span class='ocrx_word' id='word_1_199' title='bbox 2799 1367 3281 1436; x_wconf 80' lang='grc' dir='ltr'>ραδὸσεις,πολλῶν</span> <span class='ocrx_word' id='word_1_200' title='bbox 3301 1365 3564 1434; x_wconf 84' lang='grc' dir='ltr'>θεολογιῶν</span> <span class='ocrx_word' id='word_1_201' title='bbox 3575 1365 3717 1436; x_wconf 80' lang='grc' dir='ltr'>ῥηθει-</span> 
     </span>
    </p>
   </div>
   <div class='ocr_carea' id='block_1_29' title="bbox 2210 1454 3717 1527">
    <p class='ocr_par' dir='ltr' id='par_1_29' title="bbox 2210 1454 3717 1527">
     <span class='ocr_line' id='line_1_29' title="bbox 2210 1454 3717 1527; baseline 0 -21"><span class='ocrx_word' id='word_1_202' title='bbox 2210 1454 2338 1517; x_wconf 84' lang='grc' dir='ltr'>σῶν,</span> <span class='ocrx_word' id='word_1_203' title='bbox 2371 1456 2466 1506; x_wconf 81' lang='grc' dir='ltr'>καὶ</span> <span class='ocrx_word' id='word_1_204' title='bbox 2491 1455 2685 1524; x_wconf 87' lang='grc' dir='ltr'>χρόνου</span> <span class='ocrx_word' id='word_1_205' title='bbox 2710 1458 2848 1524; x_wconf 84' lang='grc' dir='ltr'>ὑπὲρ</span> <span class='ocrx_word' id='word_1_206' title='bbox 2879 1458 2972 1509; x_wconf 81' lang='grc' dir='ltr'>τὸν</span> <span class='ocrx_word' id='word_1_207' title='bbox 2999 1459 3117 1527; x_wconf 79' lang='grc' dir='ltr'>τρὶς</span> <span class='ocrx_word' id='word_1_208' title='bbox 3149 1457 3356 1520; x_wconf 80' lang='grc' dir='ltr'>ἑκατὸν,</span> <span class='ocrx_word' id='word_1_209' title='bbox 3381 1455 3620 1527; x_wconf 84' lang='grc' dir='ltr'>μέχριτοῦ</span> <span class='ocrx_word' id='word_1_210' title='bbox 3644 1471 3717 1524; x_wconf 81' lang='grc' dir='ltr'>με·</span> 
     </span>
    </p>
   </div>
   <div class='ocr_carea' id='block_1_30' title="bbox 2205 1547 3718 1621">
    <p class='ocr_par' dir='ltr' id='par_1_30' title="bbox 2205 1547 3718 1621">
     <span class='ocr_line' id='line_1_30' title="bbox 2205 1547 3718 1621; baseline -0.001 -21"><span class='ocrx_word' id='word_1_211' title='bbox 2205 1547 2372 1614; x_wconf 81' lang='grc' dir='ltr'>γάλου</span> <span class='ocrx_word' id='word_1_212' title='bbox 2405 1547 2723 1602; x_wconf 79' lang='grc' dir='ltr'>Ἀθανασίου</span> <span class='ocrx_word' id='word_1_213' title='bbox 2757 1568 2829 1602; x_wconf 85' lang='grc' dir='ltr'>πα</span> <span class='ocrx_word' id='word_1_214' title='bbox 2840 1551 3173 1620; x_wconf 83' lang='grc' dir='ltr'>ρῳχηκότος,</span> <span class='ocrx_word' id='word_1_215' title='bbox 3205 1549 3376 1621; x_wconf 68' lang='grc' dir='ltr'>οὐδεὶς</span> <span class='ocrx_word' id='word_1_216' title='bbox 3394 1548 3492 1602; x_wconf 86' lang='grc' dir='ltr'><strong>τῶν</strong></span> <span class='ocrx_word' id='word_1_217' title='bbox 3505 1549 3652 1616; x_wconf 81' lang='grc' dir='ltr'>ἁγίων</span> <span class='ocrx_word' id='word_1_218' title='bbox 3669 1547 3718 1600; x_wconf 72' lang='grc' dir='ltr'><strong>δι’</strong></span> 
     </span>
    </p>
   </div>
   <div class='ocr_carea' id='block_1_31' title="bbox 2207 1637 3717 1711">
    <p class='ocr_par' dir='ltr' id='par_1_31' title="bbox 2207 1637 3717 1711">
     <span class='ocr_line' id='line_1_31' title="bbox 2207 1637 3717 1711; baseline 0.001 -21"><span class='ocrx_word' id='word_1_219' title='bbox 2207 1638 2337 1691; x_wconf 88' lang='grc' dir='ltr'><strong>Υίοῦ</strong></span> <span class='ocrx_word' id='word_1_220' title='bbox 2367 1639 2479 1708; x_wconf 63' lang='lat' dir='ltr'><strong>mea</strong></span> <span class='ocrx_word' id='word_1_221' title='bbox 2499 1639 2628 1693; x_wconf 83' lang='grc' dir='ltr'>Υίοῢ</span> <span class='ocrx_word' id='word_1_222' title='bbox 2663 1642 2722 1693; x_wconf 81' lang='grc' dir='ltr'>τὸ</span> <span class='ocrx_word' id='word_1_223' title='bbox 2743 1641 2970 1711; x_wconf 81' lang='grc' dir='ltr'><strong>Πνεῦμα</strong></span> <span class='ocrx_word' id='word_1_224' title='bbox 2995 1643 3246 1711; x_wconf 79' lang='grc' dir='ltr'>προϊέναι</span> <span class='ocrx_word' id='word_1_225' title='bbox 3267 1643 3325 1693; x_wconf 83' lang='grc' dir='ltr'>τὸ</span> <span class='ocrx_word' id='word_1_226' title='bbox 3351 1641 3495 1709; x_wconf 71' lang='grc' dir='ltr'>ἅγιον</span> <span class='ocrx_word' id='word_1_227' title='bbox 3518 1637 3548 1709; x_wconf 80' lang='grc' dir='ltr'>ἢ</span> <span class='ocrx_word' id='word_1_228' title='bbox 3576 1638 3717 1706; x_wconf 80' lang='grc' dir='ltr'>πηγά-</span> 
     </span>
    </p>
   </div>
   <div class='ocr_carea' id='block_1_32' title="bbox 2207 1729 3719 1801">
    <p class='ocr_par' dir='ltr' id='par_1_32' title="bbox 2207 1729 3719 1801">
     <span class='ocr_line' id='line_1_32' title="bbox 2207 1729 3719 1801; baseline -0.001 -19"><span class='ocrx_word' id='word_1_229' title='bbox 2207 1729 2343 1795; x_wconf 75' lang='grc' dir='ltr'>ζειν,</span> <span class='ocrx_word' id='word_1_230' title='bbox 2371 1729 2403 1799; x_wconf 76' lang='grc' dir='ltr'>ἢ</span> <span class='ocrx_word' id='word_1_231' title='bbox 2444 1730 2505 1782; x_wconf 81' lang='grc' dir='ltr'>τὸ</span> <span class='ocrx_word' id='word_1_232' title='bbox 2539 1729 2648 1784; x_wconf 82' lang='grc' dir='ltr'>τῶν</span> <span class='ocrx_word' id='word_1_233' title='bbox 2680 1731 2938 1786; x_wconf 83' lang='grc' dir='ltr'><strong>τοιούτων</strong></span> <span class='ocrx_word' id='word_1_234' title='bbox 2966 1731 3342 1801; x_wconf 79' lang='grc' dir='ltr'>ἐθεολόγησεν,</span> <span class='ocrx_word' id='word_1_235' title='bbox 3385 1729 3492 1784; x_wconf 81' lang='grc' dir='ltr'>ἀλλ’</span> <span class='ocrx_word' id='word_1_236' title='bbox 3513 1729 3565 1796; x_wconf 74' lang='grc' dir='ltr'>ἐξ</span> <span class='ocrx_word' id='word_1_237' title='bbox 3595 1729 3719 1781; x_wconf 80' lang='grc' dir='ltr'><strong>αὐτοῦ</strong></span> 
     </span>
    </p>
   </div>
   <div class='ocr_carea' id='block_1_33' title="bbox 2205 1817 3720 1891">
    <p class='ocr_par' dir='ltr' id='par_1_33' title="bbox 2205 1817 3720 1891">
     <span class='ocr_line' id='line_1_33' title="bbox 2205 1817 3720 1891; baseline 0 -22"><span class='ocrx_word' id='word_1_238' title='bbox 2205 1817 2382 1872; x_wconf 85' lang='grc' dir='ltr'>ταῦτα</span> <span class='ocrx_word' id='word_1_239' title='bbox 2433 1819 2715 1889; x_wconf 79' lang='grc' dir='ltr'><strong>ἀρξάμενα</strong></span> <span class='ocrx_word' id='word_1_240' title='bbox 2764 1821 2854 1876; x_wconf 82' lang='grc' dir='ltr'><strong>διὰ</strong></span> <span class='ocrx_word' id='word_1_241' title='bbox 2893 1822 2990 1874; x_wconf 79' lang='grc' dir='ltr'>τοῦ</span> <span class='ocrx_word' id='word_1_242' title='bbox 3033 1820 3273 1891; x_wconf 82' lang='grc' dir='ltr'>μεγάλου</span> <span class='ocrx_word' id='word_1_243' title='bbox 3328 1819 3612 1882; x_wconf 87' lang='grc' dir='ltr'>Βασιλείου,</span> <span class='ocrx_word' id='word_1_244' title='bbox 3650 1817 3720 1870; x_wconf 80' lang='grc' dir='ltr'><strong>τοῦ</strong></span> 
     </span>
    </p>
   </div>
   <div class='ocr_carea' id='block_1_34' title="bbox 524 1907 2100 1982">
    <p class='ocr_par' dir='ltr' id='par_1_34' title="bbox 524 1907 2096 1980">
     <span class='ocr_line' id='line_1_34' title="bbox 524 1907 2096 1980; baseline -0.004 -15"><span class='ocrx_word' id='word_1_245' title='bbox 524 1921 646 1966; x_wconf 88' lang='lat' dir='ltr'><strong>sent</strong></span> <span class='ocrx_word' id='word_1_246' title='bbox 673 1926 870 1980; x_wconf 80' lang='lat' dir='ltr'><strong>magno</strong></span> <span class='ocrx_word' id='word_1_247' title='bbox 899 1910 1096 1963; x_wconf 84' lang='lat' dir='ltr'><strong>Basilio</strong></span> <span class='ocrx_word' id='word_1_248' title='bbox 1134 1920 1379 1970; x_wconf 86' lang='lat' dir='ltr'><strong>auctore,</strong></span> <span class='ocrx_word' id='word_1_249' title='bbox 1409 1919 1459 1963; x_wconf 88' lang='lat' dir='ltr'><strong>et</strong></span> <span class='ocrx_word' id='word_1_250' title='bbox 1493 1907 1763 1978; x_wconf 84' lang='lat' dir='ltr'><strong>Nysseno,</strong></span> <span class='ocrx_word' id='word_1_251' title='bbox 1794 1917 1846 1961; x_wconf 87' lang='lat' dir='ltr'><strong>et</strong></span> <span class='ocrx_word' id='word_1_252' title='bbox 1897 1921 2096 1976; x_wconf 79' lang='lat' dir='ltr'><strong>magno</strong></span> 
     </span>
    </p>
   </div>
   <div class='ocr_carea' id='block_1_35' title="bbox 2206 1907 3723 1982">
    <p class='ocr_par' dir='ltr' id='par_1_35' title="bbox 2206 1907 3723 1982">
     <span class='ocr_line' id='line_1_35' title="bbox 2206 1907 3723 1982; baseline 0.001 -22"><span class='ocrx_word' id='word_1_253' title='bbox 2206 1907 2431 1977; x_wconf 85' lang='grc' dir='ltr'>Νύσσης</span> <span class='ocrx_word' id='word_1_254' title='bbox 2455 1925 2538 1973; x_wconf 79' lang='grc' dir='ltr'><strong>τε,</strong></span> <span class='ocrx_word' id='word_1_255' title='bbox 2567 1911 2662 1962; x_wconf 79' lang='grc' dir='ltr'>καὶ</span> <span class='ocrx_word' id='word_1_256' title='bbox 2686 1910 2781 1964; x_wconf 83' lang='grc' dir='ltr'>τοῦ</span> <span class='ocrx_word' id='word_1_257' title='bbox 2811 1912 3054 1982; x_wconf 86' lang='grc' dir='ltr'><strong>μεγάλου</strong></span> <span class='ocrx_word' id='word_1_258' title='bbox 3070 1909 3238 1981; x_wconf 81' lang='grc' dir='ltr'>Ἐπιφ</span> <span class='ocrx_word' id='word_1_259' title='bbox 3251 1913 3412 1976; x_wconf 68' lang='grc' dir='ltr'>χνίου,</span> <span class='ocrx_word' id='word_1_260' title='bbox 3437 1908 3723 1971; x_wconf 76' lang='grc' dir='ltr'>ὡσαύτωςᾶ</span> 
     </span>
    </p>
   </div>
   <div class='ocr_carea' id='block_1_36' title="bbox 526 1998 2100 2073">
    <p class='ocr_par' dir='ltr' id='par_1_36' title="bbox 526 2001 2100 2073">
     <span class='ocr_line' id='line_1_36' title="bbox 526 2001 2100 2073; baseline -0.002 -16"><span class='ocrx_word' id='word_1_261' title='bbox 526 2004 856 2073; x_wconf 84' lang='lat' dir='ltr'><strong>Epiphanio,</strong></span> <span class='ocrx_word' id='word_1_262' title='bbox 908 2001 1195 2056; x_wconf 86' lang='lat' dir='ltr'><strong>ctJoanne</strong></span> <span class='ocrx_word' id='word_1_263' title='bbox 1263 2003 1658 2070; x_wconf 86' lang='lat' dir='ltr'><strong>Chrysostomo</strong></span> <span class='ocrx_word' id='word_1_264' title='bbox 1707 2001 1932 2069; x_wconf 82' lang='lat' dir='ltr'><strong>longum</strong></span> <span class='ocrx_word' id='word_1_265' title='bbox 1984 2008 2100 2068; x_wconf 86' lang='lat' dir='ltr'><strong>post</strong></span> 
     </span>
    </p>
   </div>
   <div class='ocr_carea' id='block_1_37' title="bbox 2206 1998 3723 2073">
    <p class='ocr_par' dir='ltr' id='par_1_37' title="bbox 2211 1998 3723 2073">
     <span class='ocr_line' id='line_1_37' title="bbox 2211 1998 3723 2073; baseline 0.004 -23"><span class='ocrx_word' id='word_1_266' title='bbox 2211 2000 2303 2051; x_wconf 80' lang='grc' dir='ltr'><strong>καὶ</strong></span> <span class='ocrx_word' id='word_1_267' title='bbox 2319 1999 2568 2052; x_wconf 79' lang='grc' dir='ltr'><strong>Ἰωάννου</strong></span> <span class='ocrx_word' id='word_1_268' title='bbox 2588 1998 2682 2053; x_wconf 84' lang='grc' dir='ltr'>τοῦ</span> <span class='ocrx_word' id='word_1_269' title='bbox 2710 2001 2826 2072; x_wconf 87' lang='grc' dir='ltr'>Χρυ</span> <span class='ocrx_word' id='word_1_270' title='bbox 2839 2004 3007 2073; x_wconf 79' lang='grc' dir='ltr'>σορῤή</span> <span class='ocrx_word' id='word_1_271' title='bbox 3017 2020 3176 2071; x_wconf 90' lang='grc' dir='ltr'>μονος</span> <span class='ocrx_word' id='word_1_272' title='bbox 3205 1999 3438 2070; x_wconf 82' lang='grc' dir='ltr'><strong>καθεξῆς</strong></span> <span class='ocrx_word' id='word_1_273' title='bbox 3458 2000 3723 2066; x_wconf 76' lang='grc' dir='ltr'>προεχώρη-</span> 
     </span>
    </p>
   </div>
   <div class='ocr_carea' id='block_1_38' title="bbox 525 2091 2106 2166">
    <p class='ocr_par' dir='ltr' id='par_1_38' title="bbox 525 2091 2106 2166">
     <span class='ocr_line' id='line_1_38' title="bbox 525 2091 2106 2166; baseline -0.004 -16"><span class='ocrx_word' id='word_1_274' title='bbox 525 2109 736 2166; x_wconf 66' lang='lat' dir='ltr'><strong>tempus</strong></span> <span class='ocrx_word' id='word_1_275' title='bbox 766 2097 818 2148; x_wconf 92' lang='lat' dir='ltr'><strong>in</strong></span> <span class='ocrx_word' id='word_1_276' title='bbox 877 2106 1123 2163; x_wconf 85' lang='lat' dir='ltr'><strong>apertum</strong></span> <span class='ocrx_word' id='word_1_277' title='bbox 1198 2095 1461 2146; x_wconf 82' lang='lat' dir='ltr'><strong>dictiones</strong></span> <span class='ocrx_word' id='word_1_278' title='bbox 1500 2091 1900 2162; x_wconf 57' lang='lat' dir='ltr'><strong>;proces:isse;</strong></span> <span class='ocrx_word' id='word_1_279' title='bbox 1948 2091 2106 2145; x_wconf 82' lang='lat' dir='ltr'><strong>item-</strong></span> 
     </span>
    </p>
   </div>
   <div class='ocr_carea' id='block_1_39' title="bbox 525 2183 2104 2256">
    <p class='ocr_par' dir='ltr' id='par_1_39' title="bbox 525 2183 2104 2256">
     <span class='ocr_line' id='line_1_39' title="bbox 525 2183 2104 2256; baseline -0.003 -16"><span class='ocrx_word' id='word_1_280' title='bbox 525 2203 632 2256; x_wconf 88' lang='lat' dir='ltr'><strong>que</strong></span> <span class='ocrx_word' id='word_1_281' title='bbox 668 2189 737 2239; x_wconf 90' lang='lat' dir='ltr'><strong>ab</strong></span> <span class='ocrx_word' id='word_1_282' title='bbox 786 2193 944 2240; x_wconf 85' lang='lat' dir='ltr'><strong>a:tate</strong></span> <span class='ocrx_word' id='word_1_283' title='bbox 975 2184 1150 2253; x_wconf 72' lang='lat' dir='ltr'><strong>magni</strong></span> <span class='ocrx_word' id='word_1_284' title='bbox 1213 2183 1496 2237; x_wconf 82' lang='lat' dir='ltr'><strong>Athanasii</strong></span> <span class='ocrx_word' id='word_1_285' title='bbox 1530 2189 1596 2237; x_wconf 91' lang='lat' dir='ltr'><strong>ad</strong></span> <span class='ocrx_word' id='word_1_286' title='bbox 1650 2193 1865 2238; x_wconf 69' lang='lat' dir='ltr'><strong>aetatem</strong></span> <span class='ocrx_word' id='word_1_287' title='bbox 1924 2185 2104 2253; x_wconf 79' lang='lat' dir='ltr'><strong>magni</strong></span> 
     </span>
    </p>
   </div>
   <div class='ocr_carea' id='block_1_40' title="bbox 526 2273 2105 2343">
    <p class='ocr_par' dir='ltr' id='par_1_40' title="bbox 526 2273 2105 2343">
     <span class='ocr_line' id='line_1_40' title="bbox 526 2273 2105 2343; baseline -0.003 -13"><span class='ocrx_word' id='word_1_288' title='bbox 526 2275 746 2330; x_wconf 78' lang='lat' dir='ltr'><strong>Maximi</strong></span> <span class='ocrx_word' id='word_1_289' title='bbox 835 2290 960 2330; x_wconf 88' lang='lat' dir='ltr'><strong>cum</strong></span> <span class='ocrx_word' id='word_1_290' title='bbox 1031 2275 1122 2328; x_wconf 90' lang='lat' dir='ltr'><strong>alii</strong></span> <span class='ocrx_word' id='word_1_291' title='bbox 1196 2283 1496 2328; x_wconf 88' lang='lat' dir='ltr'><strong>trecentum</strong></span> <span class='ocrx_word' id='word_1_292' title='bbox 1563 2285 1616 2328; x_wconf 84' lang='lat' dir='ltr'><strong>et</strong></span> <span class='ocrx_word' id='word_1_293' title='bbox 1667 2274 1897 2343; x_wconf 87' lang='lat' dir='ltr'><strong>amplius</strong></span> <span class='ocrx_word' id='word_1_294' title='bbox 1975 2273 2105 2327; x_wconf 88' lang='lat' dir='ltr'><strong>anni</strong></span> 
     </span>
    </p>
   </div>
   <div class='ocr_carea' id='block_1_41' title="bbox 526 2365 2103 2438">
    <p class='ocr_par' dir='ltr' id='par_1_41' title="bbox 526 2365 2103 2438">
     <span class='ocr_line' id='line_1_41' title="bbox 526 2365 2103 2438; baseline -0.003 -16"><span class='ocrx_word' id='word_1_295' title='bbox 526 2367 942 2438; x_wconf 63' lang='lat' dir='ltr'><strong>prateriissent,</strong></span> <span class='ocrx_word' id='word_1_296' title='bbox 1031 2365 1300 2419; x_wconf 90' lang='lat' dir='ltr'><strong>neminem</strong></span> <span class='ocrx_word' id='word_1_297' title='bbox 1365 2382 1431 2418; x_wconf 82' lang='lat' dir='ltr'><strong>ex</strong></span> <span class='ocrx_word' id='word_1_298' title='bbox 1495 2367 1580 2432; x_wconf 71' lang='lat' dir='ltr'><strong>iis,</strong></span> <span class='ocrx_word' id='word_1_299' title='bbox 1636 2366 1729 2434; x_wconf 90' lang='lat' dir='ltr'><strong>qui</strong></span> <span class='ocrx_word' id='word_1_300' title='bbox 1795 2369 1863 2420; x_wconf 83' lang='lat' dir='ltr'><strong>de</strong></span> <span class='ocrx_word' id='word_1_301' title='bbox 1948 2366 2103 2419; x_wconf 86' lang='lat' dir='ltr'><strong>theo-</strong></span> 
     </span>
    </p>
   </div>
   <div class='ocr_carea' id='block_1_42' title="bbox 525 2454 2101 2529">
    <p class='ocr_par' dir='ltr' id='par_1_42' title="bbox 525 2454 2101 2529">
     <span class='ocr_line' id='line_1_42' title="bbox 525 2454 2101 2529; baseline -0.003 -16"><span class='ocrx_word' id='word_1_302' title='bbox 525 2458 716 2529; x_wconf 76' lang='lat' dir='ltr'><strong>logieis</strong></span> <span class='ocrx_word' id='word_1_303' title='bbox 755 2457 1048 2526; x_wconf 84' lang='lat' dir='ltr'><strong>scripsere,</strong></span> <span class='ocrx_word' id='word_1_304' title='bbox 1107 2471 1194 2526; x_wconf 86' lang='lat' dir='ltr'><strong>pet</strong></span> <span class='ocrx_word' id='word_1_305' title='bbox 1238 2454 1434 2509; x_wconf 85' lang='lat' dir='ltr'><strong>Filium</strong></span> <span class='ocrx_word' id='word_1_306' title='bbox 1482 2454 1749 2524; x_wconf 86' lang='lat' dir='ltr'><strong>Spiritum</strong></span> <span class='ocrx_word' id='word_1_307' title='bbox 1801 2455 2101 2524; x_wconf 86' lang='lat' dir='ltr'><strong>procedere</strong></span> 
     </span>
    </p>
   </div>
   <div class='ocr_carea' id='block_1_43' title="bbox 524 2547 2103 2618">
    <p class='ocr_par' dir='ltr' id='par_1_43' title="bbox 524 2547 2103 2618">
     <span class='ocr_line' id='line_1_43' title="bbox 524 2547 2103 2618; baseline -0.003 -14"><span class='ocrx_word' id='word_1_308' title='bbox 524 2552 760 2613; x_wconf 75' lang='lat' dir='ltr'><strong>dixisse,</strong></span> <span class='ocrx_word' id='word_1_309' title='bbox 793 2549 887 2604; x_wconf 84' lang='lat' dir='ltr'><strong>sed</strong></span> <span class='ocrx_word' id='word_1_310' title='bbox 941 2548 1176 2618; x_wconf 89' lang='lat' dir='ltr'><strong>primum</strong></span> <span class='ocrx_word' id='word_1_311' title='bbox 1232 2547 1410 2616; x_wconf 90' lang='lat' dir='ltr'><strong>ipsum</strong></span> <span class='ocrx_word' id='word_1_312' title='bbox 1467 2556 1588 2615; x_wconf 83' lang='lat' dir='ltr'><strong>post</strong></span> <span class='ocrx_word' id='word_1_313' title='bbox 1639 2555 1717 2600; x_wconf 90' lang='lat' dir='ltr'><strong>tot</strong></span> <span class='ocrx_word' id='word_1_314' title='bbox 1769 2560 1944 2599; x_wconf 89' lang='lat' dir='ltr'><strong>annos</strong></span> <span class='ocrx_word' id='word_1_315' title='bbox 2001 2547 2103 2599; x_wconf 90' lang='lat' dir='ltr'><strong>hoc</strong></span> 
     </span>
    </p>
   </div>
   <div class='ocr_carea' id='block_1_44' title="bbox 523 2639 2101 2712">
    <p class='ocr_par' dir='ltr' id='par_1_44' title="bbox 523 2639 2101 2712">
     <span class='ocr_line' id='line_1_44' title="bbox 523 2639 2101 2712; baseline -0.006 -15"><span class='ocrx_word' id='word_1_316' title='bbox 523 2643 883 2712; x_wconf 86' lang='lat' dir='ltr'><strong>enuntiasse;</strong></span> <span class='ocrx_word' id='word_1_317' title='bbox 957 2639 1650 2707; x_wconf 66' lang='lat' dir='ltr'><strong>subsecutotpostmodum</strong></span> <span class='ocrx_word' id='word_1_318' title='bbox 1717 2647 2002 2706; x_wconf 89' lang='lat' dir='ltr'><strong>tempore,</strong></span> <span class='ocrx_word' id='word_1_319' title='bbox 2047 2646 2101 2689; x_wconf 91' lang='lat' dir='ltr'><strong>et</strong></span> 
     </span>
    </p>
   </div>
   <div class='ocr_carea' id='block_1_45' title="bbox 528 2729 2102 2806">
    <p class='ocr_par' dir='ltr' id='par_1_45' title="bbox 528 2729 2102 2806">
     <span class='ocr_line' id='line_1_45' title="bbox 528 2729 2102 2806; baseline -0.006 -16"><span class='ocrx_word' id='word_1_320' title='bbox 528 2739 643 2791; x_wconf 88' lang='lat' dir='ltr'><strong>fere</strong></span> <span class='ocrx_word' id='word_1_321' title='bbox 685 2746 810 2806; x_wconf 88' lang='lat' dir='ltr'><strong>post</strong></span> <span class='ocrx_word' id='word_1_322' title='bbox 859 2744 1078 2790; x_wconf 85' lang='lat' dir='ltr'><strong>centum</strong></span> <span class='ocrx_word' id='word_1_323' title='bbox 1121 2749 1297 2788; x_wconf 88' lang='lat' dir='ltr'><strong>annos</strong></span> <span class='ocrx_word' id='word_1_324' title='bbox 1345 2741 1596 2788; x_wconf 87' lang='lat' dir='ltr'><strong>sanctum</strong></span> <span class='ocrx_word' id='word_1_325' title='bbox 1653 2729 1940 2782; x_wconf 87' lang='lat' dir='ltr'><strong>Tarasiutn</strong></span> <span class='ocrx_word' id='word_1_326' title='bbox 2000 2729 2102 2781; x_wconf 91' lang='lat' dir='ltr'><strong>hoc</strong></span> 
     </span>
    </p>
   </div>
   <div class='ocr_carea' id='block_1_46' title="bbox 529 2821 2102 2896">
    <p class='ocr_par' dir='ltr' id='par_1_46' title="bbox 529 2821 2102 2896">
     <span class='ocr_line' id='line_1_46' title="bbox 529 2821 2102 2896; baseline -0.008 -13"><span class='ocrx_word' id='word_1_327' title='bbox 529 2832 670 2884; x_wconf 89' lang='lat' dir='ltr'><strong>idem</strong></span> <span class='ocrx_word' id='word_1_328' title='bbox 723 2831 840 2885; x_wconf 84' lang='lat' dir='ltr'><strong>suis</strong></span> <span class='ocrx_word' id='word_1_329' title='bbox 895 2828 1118 2896; x_wconf 73' lang='lat' dir='ltr'><strong>srriptis</strong></span> <span class='ocrx_word' id='word_1_330' title='bbox 1171 2825 1468 2880; x_wconf 85' lang='lat' dir='ltr'><strong>inseruisse</strong></span> <span class='ocrx_word' id='word_1_331' title='bbox 1502 2841 1514 2877; x_wconf 94' lang='lat'><strong>:</strong></span> <span class='ocrx_word' id='word_1_332' title='bbox 1551 2833 1661 2874; x_wconf 90' lang='lat' dir='ltr'><strong>tum</strong></span> <span class='ocrx_word' id='word_1_333' title='bbox 1697 2821 1954 2885; x_wconf 81' lang='lat' dir='ltr'><strong>deinceps</strong></span> <span class='ocrx_word' id='word_1_334' title='bbox 1986 2834 2102 2872; x_wconf 87' lang='lat' dir='ltr'><strong>ma-</strong></span> 
     </span>
    </p>
   </div>
   <div class='ocr_carea' id='block_1_47' title="bbox 528 2908 2098 2987">
    <p class='ocr_par' dir='ltr' id='par_1_47' title="bbox 528 2908 2098 2987">
     <span class='ocr_line' id='line_1_47' title="bbox 528 2908 2098 2987; baseline -0.006 -16"><span class='ocrx_word' id='word_1_335' title='bbox 528 2934 696 2987; x_wconf 70' lang='lat' dir='ltr'><strong>gnum</strong></span> <span class='ocrx_word' id='word_1_336' title='bbox 737 2917 1132 2970; x_wconf 78' lang='lat' dir='ltr'><strong>Damascenum</strong></span> <span class='ocrx_word' id='word_1_337' title='bbox 1160 2954 1175 2979; x_wconf 87' lang='lat'><strong>,</strong></span> <span class='ocrx_word' id='word_1_338' title='bbox 1216 2923 1270 2968; x_wconf 92' lang='lat' dir='ltr'><strong>et</strong></span> <span class='ocrx_word' id='word_1_339' title='bbox 1313 2917 1532 2967; x_wconf 91' lang='lat' dir='ltr'><strong>demum</strong></span> <span class='ocrx_word' id='word_1_340' title='bbox 1561 2911 1871 2966; x_wconf 75' lang='lat' dir='ltr'><strong>universam</strong></span> <span class='ocrx_word' id='word_1_341' title='bbox 1910 2908 2098 2963; x_wconf 87' lang='lat' dir='ltr'><strong>Eccle-</strong></span> 
     </span>
    </p>
   </div>
   <div class='ocr_carea' id='block_1_48' title="bbox 530 3000 2101 3075">
    <p class='ocr_par' dir='ltr' id='par_1_48' title="bbox 530 3000 2101 3075">
     <span class='ocr_line' id='line_1_48' title="bbox 530 3000 2101 3075; baseline -0.007 -11"><span class='ocrx_word' id='word_1_342' title='bbox 530 3015 666 3064; x_wconf 88' lang='lat' dir='ltr'><strong>siam</strong></span> <span class='ocrx_word' id='word_1_343' title='bbox 716 3011 1104 3063; x_wconf 85' lang='lat' dir='ltr'><strong>communiter.</strong></span> <span class='ocrx_word' id='word_1_344' title='bbox 1154 3005 1260 3072; x_wconf 83' lang='lat' dir='ltr'><strong>Qui</strong></span> <span class='ocrx_word' id='word_1_345' title='bbox 1306 3020 1436 3075; x_wconf 76' lang='lat' dir='ltr'><strong>ergo</strong></span> <span class='ocrx_word' id='word_1_346' title='bbox 1488 3013 1678 3074; x_wconf 90' lang='lat' dir='ltr'><strong>pacate</strong></span> <span class='ocrx_word' id='word_1_347' title='bbox 1730 3016 1966 3070; x_wconf 76' lang='lat' dir='ltr'><strong>vereque</strong></span> <span class='ocrx_word' id='word_1_348' title='bbox 2024 3000 2101 3053; x_wconf 88' lang='lat' dir='ltr'><strong>si-</strong></span> 
     </span>
    </p>
   </div>
   <div class='ocr_carea' id='block_1_49' title="bbox 531 3098 2102 3165">
    <p class='ocr_par' dir='ltr' id='par_1_49' title="bbox 531 3098 2102 3165">
     <span class='ocr_line' id='line_1_49' title="bbox 531 3098 2102 3165; baseline -0.007 -9"><span class='ocrx_word' id='word_1_349' title='bbox 531 3103 677 3157; x_wconf 89' lang='lat' dir='ltr'><strong>milia</strong></span> <span class='ocrx_word' id='word_1_350' title='bbox 714 3102 1044 3165; x_wconf 80' lang='lat' dir='ltr'><strong>considerat,</strong></span> <span class='ocrx_word' id='word_1_351' title='bbox 1082 3101 1148 3153; x_wconf 91' lang='lat' dir='ltr'><strong>ad</strong></span> <span class='ocrx_word' id='word_1_352' title='bbox 1198 3098 1631 3154; x_wconf 84' lang='lat' dir='ltr'><strong>benevolentiam</strong></span> <span class='ocrx_word' id='word_1_353' title='bbox 1682 3107 1737 3149; x_wconf 92' lang='lat' dir='ltr'><strong>et</strong></span> <span class='ocrx_word' id='word_1_354' title='bbox 1765 3109 1951 3164; x_wconf 90' lang='lat' dir='ltr'><strong>pacem</strong></span> <span class='ocrx_word' id='word_1_355' title='bbox 1983 3108 2102 3146; x_wconf 82' lang='lat' dir='ltr'><strong>am-</strong></span> 
     </span>
    </p>
   </div>
   <div class='ocr_carea' id='block_1_50' title="bbox 527 3184 2100 3264">
    <p class='ocr_par' dir='ltr' id='par_1_50' title="bbox 527 3184 2100 3264">
     <span class='ocr_line' id='line_1_50' title="bbox 527 3184 2100 3264; baseline -0.007 -17"><span class='ocrx_word' id='word_1_356' title='bbox 527 3193 867 3264; x_wconf 85' lang='lat' dir='ltr'><strong>plectendam</strong></span> <span class='ocrx_word' id='word_1_357' title='bbox 926 3191 1071 3245; x_wconf 78' lang='lat' dir='ltr'><strong>facili</strong></span> <span class='ocrx_word' id='word_1_358' title='bbox 1132 3191 1352 3260; x_wconf 79' lang='lat' dir='ltr'><strong>negotio</strong></span> <span class='ocrx_word' id='word_1_359' title='bbox 1411 3191 1746 3243; x_wconf 88' lang='lat' dir='ltr'><strong>traducetur.</strong></span> <span class='ocrx_word' id='word_1_360' title='bbox 1805 3184 1979 3239; x_wconf 89' lang='lat' dir='ltr'><strong>Omne</strong></span> <span class='ocrx_word' id='word_1_361' title='bbox 2025 3187 2100 3237; x_wconf 92' lang='lat' dir='ltr'><strong>si-</strong></span> 
     </span>
    </p>
   </div>
   <div class='ocr_carea' id='block_1_51' title="bbox 2209 2089 3722 2162">
    <p class='ocr_par' dir='ltr' id='par_1_51' title="bbox 2209 2089 3722 2162">
     <span class='ocr_line' id='line_1_51' title="bbox 2209 2089 3722 2162; baseline -0.003 -20"><span class='ocrx_word' id='word_1_362' title='bbox 2209 2106 2329 2144; x_wconf 90' lang='grc' dir='ltr'>σαν.</span> <span class='ocrx_word' id='word_1_363' title='bbox 2355 2091 2463 2144; x_wconf 75' lang='grc' dir='ltr'><strong>Καὶ</strong></span> <span class='ocrx_word' id='word_1_364' title='bbox 2483 2091 2667 2156; x_wconf 85' lang='grc' dir='ltr'>πάλιν,</span> <span class='ocrx_word' id='word_1_365' title='bbox 2686 2093 2806 2156; x_wconf 80' lang='grc' dir='ltr'>πῶς</span> <span class='ocrx_word' id='word_1_366' title='bbox 2828 2095 2934 2146; x_wconf 79' lang='grc' dir='ltr'><strong>ἀπὸ</strong></span> <span class='ocrx_word' id='word_1_367' title='bbox 2950 2094 3062 2147; x_wconf 85' lang='grc' dir='ltr'><strong>τῶν</strong></span> <span class='ocrx_word' id='word_1_368' title='bbox 3092 2093 3187 2146; x_wconf 84' lang='grc' dir='ltr'>τοῦ</span> <span class='ocrx_word' id='word_1_369' title='bbox 3209 2091 3439 2162; x_wconf 75' lang='grc' dir='ltr'><strong>μεγάλου</strong></span> <span class='ocrx_word' id='word_1_370' title='bbox 3455 2089 3722 2143; x_wconf 82' lang='grc' dir='ltr'>’Δθανασίου</span> 
     </span>
    </p>
   </div>
   <div class='ocr_carea' id='block_1_52' title="bbox 2205 2180 3725 2254">
    <p class='ocr_par' dir='ltr' id='par_1_52' title="bbox 2205 2180 3725 2254">
     <span class='ocr_line' id='line_1_52' title="bbox 2205 2180 3725 2254; baseline -0.015 -3"><span class='ocrx_word' id='word_1_371' title='bbox 2205 2183 2429 2253; x_wconf 78' lang='grc' dir='ltr'>ἡμερῶν</span> <span class='ocrx_word' id='word_1_372' title='bbox 2444 2181 2684 2252; x_wconf 81' lang='grc' dir='ltr'>ἄχριτοῢ</span> <span class='ocrx_word' id='word_1_373' title='bbox 2706 2185 2944 2253; x_wconf 84' lang='grc' dir='ltr'>μεγάλου</span> <span class='ocrx_word' id='word_1_374' title='bbox 2973 2182 3258 2254; x_wconf 86' lang='grc' dir='ltr'>Μαξίμου,</span> <span class='ocrx_word' id='word_1_375' title='bbox 3291 2182 3558 2238; x_wconf 81' lang='grc' dir='ltr'>κάνταῦθα</span> <span class='ocrx_word' id='word_1_376' title='bbox 3579 2181 3627 2233; x_wconf 82' lang='grc' dir='ltr'>δὲ</span> <span class='ocrx_word' id='word_1_377' title='bbox 3653 2180 3725 2248; x_wconf 83' lang='grc' dir='ltr'>τὴν</span> 
     </span>
    </p>
   </div>
   <div class='ocr_carea' id='block_1_53' title="bbox 2207 2269 3725 2347">
    <p class='ocr_par' dir='ltr' id='par_1_53' title="bbox 2207 2269 3725 2347">
     <span class='ocr_line' id='line_1_53' title="bbox 2207 2269 3725 2347; baseline -0.006 -18"><span class='ocrx_word' id='word_1_378' title='bbox 2207 2277 2431 2344; x_wconf 81' lang='grc' dir='ltr'>τριττὴν</span> <span class='ocrx_word' id='word_1_379' title='bbox 2489 2277 2823 2332; x_wconf 81' lang='grc' dir='ltr'>έκατοντάδα</span> <span class='ocrx_word' id='word_1_380' title='bbox 2867 2279 3057 2346; x_wconf 85' lang='grc' dir='ltr'><strong>χρόνος</strong></span> <span class='ocrx_word' id='word_1_381' title='bbox 3091 2276 3429 2347; x_wconf 73' lang='grc' dir='ltr'>ὑπερανέϐη,</span> <span class='ocrx_word' id='word_1_382' title='bbox 3471 2272 3623 2334; x_wconf 77' lang='grc' dir='ltr'>οὐδεὶς</span> <span class='ocrx_word' id='word_1_383' title='bbox 3647 2269 3725 2322; x_wconf 84' lang='grc' dir='ltr'><strong>τῶν</strong></span> 
     </span>
    </p>
   </div>
   <div class='ocr_carea' id='block_1_54' title="bbox 2207 2365 3726 2438">
    <p class='ocr_par' dir='ltr' id='par_1_54' title="bbox 2207 2365 3726 2438">
     <span class='ocr_line' id='line_1_54' title="bbox 2207 2365 3726 2438; baseline -0.002 -19"><span class='ocrx_word' id='word_1_384' title='bbox 2207 2365 2400 2434; x_wconf 80' lang='grc' dir='ltr'>μέχρις</span> <span class='ocrx_word' id='word_1_385' title='bbox 2469 2367 2634 2420; x_wconf 69' lang='grc' dir='ltr'>αὑτοῦ</span> <span class='ocrx_word' id='word_1_386' title='bbox 2691 2367 3160 2438; x_wconf 88' lang='grc' dir='ltr'>θεολογησάντων,</span> <span class='ocrx_word' id='word_1_387' title='bbox 3219 2369 3307 2422; x_wconf 76' lang='grc' dir='ltr'>διὰ</span> <span class='ocrx_word' id='word_1_388' title='bbox 3356 2366 3450 2421; x_wconf 86' lang='grc' dir='ltr'>τοῦ</span> <span class='ocrx_word' id='word_1_389' title='bbox 3501 2365 3615 2419; x_wconf 83' lang='grc' dir='ltr'><strong>Υίοῦ</strong></span> <span class='ocrx_word' id='word_1_390' title='bbox 3659 2365 3726 2416; x_wconf 78' lang='grc' dir='ltr'><strong>ὲκ-</strong></span> 
     </span>
    </p>
   </div>
   <div class='ocr_carea' id='block_1_55' title="bbox 2203 2454 3726 2532">
    <p class='ocr_par' dir='ltr' id='par_1_55' title="bbox 2203 2454 3726 2532">
     <span class='ocr_line' id='line_1_55' title="bbox 2203 2454 3726 2532; baseline 0.001 -27"><span class='ocrx_word' id='word_1_391' title='bbox 2203 2456 2534 2524; x_wconf 76' lang='grc' dir='ltr'>πορεύεσθαι</span> <span class='ocrx_word' id='word_1_392' title='bbox 2594 2458 2702 2528; x_wconf 73' lang='grc' dir='ltr'>ἔφη</span> <span class='ocrx_word' id='word_1_393' title='bbox 2767 2459 2830 2512; x_wconf 81' lang='grc' dir='ltr'>τὸ</span> <span class='ocrx_word' id='word_1_394' title='bbox 2891 2460 3142 2529; x_wconf 80' lang='grc' dir='ltr'>Πνεῦμα.</span> <span class='ocrx_word' id='word_1_395' title='bbox 3207 2459 3432 2532; x_wconf 84' lang='grc' dir='ltr'>Πρῶτος</span> <span class='ocrx_word' id='word_1_396' title='bbox 3499 2458 3554 2510; x_wconf 67' lang='grc' dir='ltr'>δὲ</span> <span class='ocrx_word' id='word_1_397' title='bbox 3604 2454 3726 2514; x_wconf 70' lang='grc' dir='ltr'>αΰτδς</span> 
     </span>
    </p>
   </div>
   <div class='ocr_carea' id='block_1_56' title="bbox 2201 2546 3728 2623">
    <p class='ocr_par' dir='ltr' id='par_1_56' title="bbox 2201 2546 3728 2623">
     <span class='ocr_line' id='line_1_56' title="bbox 2201 2546 3728 2623; baseline 0.004 -25"><span class='ocrx_word' id='word_1_398' title='bbox 2201 2546 2359 2599; x_wconf 84' lang='grc' dir='ltr'>τοῦτο</span> <span class='ocrx_word' id='word_1_399' title='bbox 2433 2551 2571 2618; x_wconf 62' lang='grc' dir='ltr'>μετὰ</span> <span class='ocrx_word' id='word_1_400' title='bbox 2641 2550 2831 2604; x_wconf 84' lang='grc' dir='ltr'><strong>τοσάδε</strong></span> <span class='ocrx_word' id='word_1_401' title='bbox 2867 2567 2926 2607; x_wconf 86' lang='grc' dir='ltr'>τε</span> <span class='ocrx_word' id='word_1_402' title='bbox 2977 2551 3307 2623; x_wconf 82' lang='grc' dir='ltr'>θεολόγηκεν</span> <span class='ocrx_word' id='word_1_403' title='bbox 3369 2552 3461 2621; x_wconf 73' lang='grc' dir='ltr'>ἐτη</span> <span class='ocrx_word' id='word_1_404' title='bbox 3502 2566 3515 2581; x_wconf 74' lang='grc'><strong><em>⁸</em></strong></span> <span class='ocrx_word' id='word_1_405' title='bbox 3573 2546 3728 2615; x_wconf 73' lang='grc' dir='ltr'>ἐφεξῆς</span> 
     </span>
    </p>
   </div>
   <div class='ocr_carea' id='block_1_57' title="bbox 2203 2637 3728 2713">
    <p class='ocr_par' dir='ltr' id='par_1_57' title="bbox 2203 2637 3728 2713">
     <span class='ocr_line' id='line_1_57' title="bbox 2203 2637 3728 2713; baseline 0.004 -23"><span class='ocrx_word' id='word_1_406' title='bbox 2203 2637 2258 2690; x_wconf 80' lang='grc' dir='ltr'>δὲ</span> <span class='ocrx_word' id='word_1_407' title='bbox 2297 2639 2433 2707; x_wconf 83' lang='grc' dir='ltr'>μετὰ</span> <span class='ocrx_word' id='word_1_408' title='bbox 2458 2640 2622 2713; x_wconf 76' lang='grc' dir='ltr'>ἕτερα</span> <span class='ocrx_word' id='word_1_409' title='bbox 2649 2643 2744 2712; x_wconf 75' lang='grc' dir='ltr'>ετη</span> <span class='ocrx_word' id='word_1_410' title='bbox 2771 2643 2948 2712; x_wconf 81' lang='grc' dir='ltr'>ὀλίγου</span> <span class='ocrx_word' id='word_1_411' title='bbox 2981 2645 3089 2697; x_wconf 83' lang='grc' dir='ltr'>τῶν</span> <span class='ocrx_word' id='word_1_412' title='bbox 3117 2646 3317 2698; x_wconf 76' lang='grc' dir='ltr'>ἑκατὸν</span> <span class='ocrx_word' id='word_1_413' title='bbox 3343 2644 3523 2697; x_wconf 85' lang='grc' dir='ltr'><strong>δέοντα</strong></span> <span class='ocrx_word' id='word_1_414' title='bbox 3552 2643 3577 2695; x_wconf 85' lang='grc' dir='ltr'>ὁ</span> <span class='ocrx_word' id='word_1_415' title='bbox 3614 2639 3728 2708; x_wconf 74' lang='grc' dir='ltr'>ειγιος</span> 
     </span>
    </p>
   </div>
   <div class='ocr_carea' id='block_1_58' title="bbox 2202 2724 3729 2806">
    <p class='ocr_par' dir='ltr' id='par_1_58' title="bbox 2202 2724 3729 2806">
     <span class='ocr_line' id='line_1_58' title="bbox 2202 2724 3729 2806; baseline -0.001 -24"><span class='ocrx_word' id='word_1_416' title='bbox 2202 2730 2477 2800; x_wconf 85' lang='grc' dir='ltr'>Ταράσιος</span> <span class='ocrx_word' id='word_1_417' title='bbox 2501 2735 2622 2796; x_wconf 81' lang='grc' dir='ltr'>ταΐς</span> <span class='ocrx_word' id='word_1_418' title='bbox 2649 2737 2876 2796; x_wconf 84' lang='grc' dir='ltr'><strong>οἰκείαις</strong></span> <span class='ocrx_word' id='word_1_419' title='bbox 2905 2740 3149 2806; x_wconf 78' lang='grc' dir='ltr'>γραφαῖς</span> <span class='ocrx_word' id='word_1_420' title='bbox 3181 2735 3340 2790; x_wconf 81' lang='grc' dir='ltr'>τοῦτο</span> <span class='ocrx_word' id='word_1_421' title='bbox 3367 2734 3598 2788; x_wconf 78' lang='grc' dir='ltr'>διέλαϐεν</span> <span class='ocrx_word' id='word_1_422' title='bbox 3615 2747 3628 2760; x_wconf 91' lang='grc'><strong>·</strong></span> <span class='ocrx_word' id='word_1_423' title='bbox 3655 2724 3729 2780; x_wconf 71' lang='grc' dir='ltr'><strong>εἷθ’</strong></span> 
     </span>
    </p>
   </div>
   <div class='ocr_carea' id='block_1_59' title="bbox 2202 2820 3733 2896">
    <p class='ocr_par' dir='ltr' id='par_1_59' title="bbox 2202 2820 3733 2896">
     <span class='ocr_line' id='line_1_59' title="bbox 2202 2820 3733 2896; baseline -0.01 -7"><span class='ocrx_word' id='word_1_424' title='bbox 2202 2823 2230 2874; x_wconf 73' lang='grc' dir='ltr'>δ</span> <span class='ocrx_word' id='word_1_425' title='bbox 2276 2822 2450 2890; x_wconf 83' lang='grc' dir='ltr'>μέγας</span> <span class='ocrx_word' id='word_1_426' title='bbox 2478 2825 2859 2896; x_wconf 84' lang='grc' dir='ltr'>Δαμασκηνὸς,</span> <span class='ocrx_word' id='word_1_427' title='bbox 2889 2829 2984 2880; x_wconf 78' lang='grc' dir='ltr'>καὶ</span> <span class='ocrx_word' id='word_1_428' title='bbox 3008 2825 3158 2880; x_wconf 75' lang='grc' dir='ltr'>οὕτω</span> <span class='ocrx_word' id='word_1_429' title='bbox 3193 2828 3379 2880; x_wconf 86' lang='grc' dir='ltr'>λοιπὸν</span> <span class='ocrx_word' id='word_1_430' title='bbox 3407 2827 3549 2879; x_wconf 85' lang='grc' dir='ltr'>πᾶσα</span> <span class='ocrx_word' id='word_1_431' title='bbox 3576 2823 3608 2890; x_wconf 82' lang='grc' dir='ltr'><strong>ἡ</strong></span> <span class='ocrx_word' id='word_1_432' title='bbox 3640 2820 3733 2874; x_wconf 78' lang='grc' dir='ltr'><strong>Ἐκ·</strong></span> 
     </span>
    </p>
   </div>
   <div class='ocr_carea' id='block_1_60' title="bbox 2202 2909 3735 2989">
    <p class='ocr_par' dir='ltr' id='par_1_60' title="bbox 2202 2909 3735 2989">
     <span class='ocr_line' id='line_1_60' title="bbox 2202 2909 3735 2989; baseline 0.004 -21"><span class='ocrx_word' id='word_1_433' title='bbox 2202 2914 2401 2984; x_wconf 86' lang='grc' dir='ltr'>κλησία</span> <span class='ocrx_word' id='word_1_434' title='bbox 2434 2916 2629 2978; x_wconf 86' lang='grc' dir='ltr'>κοινῶς</span> <span class='ocrx_word' id='word_1_435' title='bbox 2675 2917 2914 2978; x_wconf 82' lang='grc' dir='ltr'>πάντως.</span> <span class='ocrx_word' id='word_1_436' title='bbox 2975 2919 3033 2970; x_wconf 84' lang='lat'><strong>&#39;0</strong></span> <span class='ocrx_word' id='word_1_437' title='bbox 3082 2921 3229 2988; x_wconf 81' lang='grc' dir='ltr'>μετὰ</span> <span class='ocrx_word' id='word_1_438' title='bbox 3276 2919 3380 2989; x_wconf 85' lang='grc' dir='ltr'>τῆς</span> <span class='ocrx_word' id='word_1_439' title='bbox 3428 2917 3630 2988; x_wconf 81' lang='grc' dir='ltr'>είρήνης</span> <span class='ocrx_word' id='word_1_440' title='bbox 3665 2909 3735 2962; x_wconf 69' lang='grc' dir='ltr'><strong>καὶ</strong></span> 
     </span>
    </p>
   </div>
   <div class='ocr_carea' id='block_1_61' title="bbox 2201 3000 3736 3079">
    <p class='ocr_par' dir='ltr' id='par_1_61' title="bbox 2201 3000 3736 3079">
     <span class='ocr_line' id='line_1_61' title="bbox 2201 3000 3736 3079; baseline -0.001 -19"><span class='ocrx_word' id='word_1_441' title='bbox 2201 3005 2458 3074; x_wconf 77' lang='grc' dir='ltr'><strong>ἀληθείας</strong></span> <span class='ocrx_word' id='word_1_442' title='bbox 2499 3007 2567 3060; x_wconf 82' lang='grc' dir='ltr'>τὰ</span> <span class='ocrx_word' id='word_1_443' title='bbox 2594 3007 2821 3062; x_wconf 81' lang='grc' dir='ltr'>τοιαῦτα</span> <span class='ocrx_word' id='word_1_444' title='bbox 2855 3009 3333 3079; x_wconf 66' lang='grc' dir='ltr'>διασκοπούμενος</span> <span class='ocrx_word' id='word_1_445' title='bbox 3368 3009 3499 3078; x_wconf 80' lang='grc' dir='ltr'>πρὸς</span> <span class='ocrx_word' id='word_1_446' title='bbox 3533 3005 3587 3058; x_wconf 78' lang='grc' dir='ltr'>τὸ</span> <span class='ocrx_word' id='word_1_447' title='bbox 3611 3000 3736 3053; x_wconf 79' lang='grc' dir='ltr'>καλο-</span> 
     </span>
    </p>
   </div>
   <div class='ocr_carea' id='block_1_62' title="bbox 2202 3091 3736 3170">
    <p class='ocr_par' dir='ltr' id='par_1_62' title="bbox 2202 3091 3736 3170">
     <span class='ocr_line' id='line_1_62' title="bbox 2202 3091 3736 3170; baseline -0.004 -20"><span class='ocrx_word' id='word_1_448' title='bbox 2202 3097 2356 3160; x_wconf 86' lang='grc' dir='ltr'>θελὲς</span> <span class='ocrx_word' id='word_1_449' title='bbox 2383 3098 2639 3152; x_wconf 75' lang='grc' dir='ltr'>ἐντεῦθεν</span> <span class='ocrx_word' id='word_1_450' title='bbox 2694 3099 3118 3170; x_wconf 78' lang='grc' dir='ltr'>ὀδηγηθὴσεται.</span> <span class='ocrx_word' id='word_1_451' title='bbox 3182 3101 3304 3154; x_wconf 82' lang='grc' dir='ltr'><strong>Πᾶν</strong></span> <span class='ocrx_word' id='word_1_452' title='bbox 3332 3100 3440 3169; x_wconf 83' lang='grc' dir='ltr'>γὰρ</span> <span class='ocrx_word' id='word_1_453' title='bbox 3480 3096 3640 3165; x_wconf 86' lang='grc' dir='ltr'>δόγμα</span> <span class='ocrx_word' id='word_1_454' title='bbox 3663 3091 3736 3142; x_wconf 71' lang='grc' dir='ltr'><strong>οὐκ</strong></span> 
     </span>
    </p>
   </div>
   <div class='ocr_carea' id='block_1_63' title="bbox 2201 3180 3735 3261">
    <p class='ocr_par' dir='ltr' id='par_1_63' title="bbox 2201 3180 3735 3261">
     <span class='ocr_line' id='line_1_63' title="bbox 2201 3180 3735 3261; baseline -0.001 -19"><span class='ocrx_word' id='word_1_455' title='bbox 2201 3190 2479 3253; x_wconf 81' lang='grc' dir='ltr'>αὐτολεξεὶ</span> <span class='ocrx_word' id='word_1_456' title='bbox 2504 3190 2612 3248; x_wconf 78' lang='grc' dir='ltr'><strong>ἀπὸ</strong></span> <span class='ocrx_word' id='word_1_457' title='bbox 2641 3190 2749 3243; x_wconf 85' lang='grc' dir='ltr'>τῶν</span> <span class='ocrx_word' id='word_1_458' title='bbox 2777 3193 3008 3260; x_wconf 80' lang='grc' dir='ltr'>πρώτων</span> <span class='ocrx_word' id='word_1_459' title='bbox 3038 3193 3367 3261; x_wconf 78' lang='grc' dir='ltr'>παραυτίκα</span> <span class='ocrx_word' id='word_1_460' title='bbox 3399 3188 3657 3258; x_wconf 83' lang='grc' dir='ltr'>Πατέρων,</span> <span class='ocrx_word' id='word_1_461' title='bbox 3679 3180 3735 3239; x_wconf 74' lang='grc' dir='ltr'><strong>ὡς</strong></span> 
     </span>
    </p>
   </div>
   <div class='ocr_carea' id='block_1_64' title="bbox 526 3277 2100 3357">
    <p class='ocr_par' dir='ltr' id='par_1_64' title="bbox 526 3278 2098 3357">
     <span class='ocr_line' id='line_1_64' title="bbox 526 3278 2098 3357; baseline -0.007 -15"><span class='ocrx_word' id='word_1_462' title='bbox 526 3287 748 3357; x_wconf 87' lang='lat' dir='ltr'><strong>quidem</strong></span> <span class='ocrx_word' id='word_1_463' title='bbox 810 3286 1008 3355; x_wconf 78' lang='lat' dir='ltr'><strong>dogma</strong></span> <span class='ocrx_word' id='word_1_464' title='bbox 1067 3299 1175 3337; x_wconf 91' lang='lat' dir='ltr'><strong>non</strong></span> <span class='ocrx_word' id='word_1_465' title='bbox 1231 3284 1418 3338; x_wconf 83' lang='lat' dir='ltr'><strong>statim</strong></span> <span class='ocrx_word' id='word_1_466' title='bbox 1480 3282 1612 3350; x_wconf 87' lang='lat' dir='ltr'><strong>ipsis</strong></span> <span class='ocrx_word' id='word_1_467' title='bbox 1679 3278 2012 3334; x_wconf 87' lang='lat' dir='ltr'><strong>dietionibus</strong></span> <span class='ocrx_word' id='word_1_468' title='bbox 2061 3292 2098 3331; x_wconf 87' lang='lat' dir='ltr'><strong>a</strong></span> 
     </span>
    </p>
   </div>
   <div class='ocr_carea' id='block_1_65' title="bbox 2206 3277 3736 3357">
    <p class='ocr_par' dir='ltr' id='par_1_65' title="bbox 2206 3277 3736 3352">
     <span class='ocr_line' id='line_1_65' title="bbox 2206 3277 3736 3352; baseline -0.007 -21"><span class='ocrx_word' id='word_1_469' title='bbox 2206 3277 2296 3332; x_wconf 84' lang='grc' dir='ltr'><strong>νῦν</strong></span> <span class='ocrx_word' id='word_1_470' title='bbox 2319 3281 2454 3348; x_wconf 70' lang='grc' dir='ltr'>ἔχει,</span> <span class='ocrx_word' id='word_1_471' title='bbox 2491 3278 2848 3351; x_wconf 80' lang='grc' dir='ltr'>ὲρῤέθη,ὰλλ’</span> <span class='ocrx_word' id='word_1_472' title='bbox 2882 3279 2956 3342; x_wconf 88' lang='grc' dir='ltr'>ὼς</span> <span class='ocrx_word' id='word_1_473' title='bbox 2994 3281 3023 3330; x_wconf 87' lang='grc' dir='ltr'>ὁ</span> <span class='ocrx_word' id='word_1_474' title='bbox 3057 3282 3258 3352; x_wconf 76' lang='grc' dir='ltr'>καιρὸς</span> <span class='ocrx_word' id='word_1_475' title='bbox 3294 3281 3432 3349; x_wconf 76' lang='grc' dir='ltr'>πρὸς</span> <span class='ocrx_word' id='word_1_476' title='bbox 3451 3279 3568 3336; x_wconf 82' lang='grc' dir='ltr'>τοὺς</span> <span class='ocrx_word' id='word_1_477' title='bbox 3594 3286 3736 3326; x_wconf 77' lang='grc' dir='ltr'>κινον·</span> 
     </span>
    </p>
   </div>
   <div class='ocr_carea' id='block_1_66' title="bbox 525 3372 2094 3448">
    <p class='ocr_par' dir='ltr' id='par_1_66' title="bbox 525 3372 2094 3448">
     <span class='ocr_line' id='line_1_66' title="bbox 525 3372 2094 3448; baseline -0.007 -16"><span class='ocrx_word' id='word_1_478' title='bbox 525 3381 720 3448; x_wconf 86' lang='lat' dir='ltr'><strong>primis</strong></span> <span class='ocrx_word' id='word_1_479' title='bbox 753 3377 1035 3436; x_wconf 85' lang='lat' dir='ltr'><strong>Patribus.</strong></span> <span class='ocrx_word' id='word_1_480' title='bbox 1059 3386 1116 3428; x_wconf 92' lang='lat' dir='ltr'><strong>ut</strong></span> <span class='ocrx_word' id='word_1_481' title='bbox 1147 3391 1290 3427; x_wconf 89' lang='lat' dir='ltr'><strong>nunc</strong></span> <span class='ocrx_word' id='word_1_482' title='bbox 1321 3373 1662 3435; x_wconf 89' lang='lat' dir='ltr'><strong>enuntiatur,</strong></span> <span class='ocrx_word' id='word_1_483' title='bbox 1694 3372 1958 3425; x_wconf 89' lang='lat' dir='ltr'><strong>dictatum</strong></span> <span class='ocrx_word' id='word_1_484' title='bbox 1989 3375 2094 3434; x_wconf 80' lang='lat' dir='ltr'><strong>est,</strong></span> 
     </span>
    </p>
   </div>
   <div class='ocr_carea' id='block_1_67' title="bbox 525 3460 2100 3535">
    <p class='ocr_par' dir='ltr' id='par_1_67' title="bbox 525 3460 2100 3535">
     <span class='ocr_line' id='line_1_67' title="bbox 525 3460 2100 3535; baseline -0.006 -13"><span class='ocrx_word' id='word_1_485' title='bbox 525 3467 622 3522; x_wconf 89' lang='lat' dir='ltr'><strong>sed</strong></span> <span class='ocrx_word' id='word_1_486' title='bbox 661 3476 719 3520; x_wconf 91' lang='lat' dir='ltr'><strong>ut</strong></span> <span class='ocrx_word' id='word_1_487' title='bbox 771 3476 986 3535; x_wconf 72' lang='lat' dir='ltr'><strong>tempus</strong></span> <span class='ocrx_word' id='word_1_488' title='bbox 1022 3475 1077 3518; x_wconf 86' lang='lat' dir='ltr'><strong>et</strong></span> <span class='ocrx_word' id='word_1_489' title='bbox 1108 3465 1342 3533; x_wconf 44' lang='lat' dir='ltr'><strong>,occasio</strong></span> <span class='ocrx_word' id='word_1_490' title='bbox 1384 3463 1853 3532; x_wconf 82' lang='lat' dir='ltr'><strong>disputationibus</strong></span> <span class='ocrx_word' id='word_1_491' title='bbox 1893 3460 2100 3514; x_wconf 80' lang='lat' dir='ltr'><strong>exortis</strong></span> 
     </span>
    </p>
   </div>
   <div class='ocr_carea' id='block_1_68' title="bbox 525 3552 2096 3623">
    <p class='ocr_par' dir='ltr' id='par_1_68' title="bbox 525 3552 2096 3623">
     <span class='ocr_line' id='line_1_68' title="bbox 525 3552 2096 3623; baseline -0.004 -10"><span class='ocrx_word' id='word_1_492' title='bbox 525 3559 822 3614; x_wconf 81' lang='lat' dir='ltr'><strong>concessit.</strong></span> <span class='ocrx_word' id='word_1_493' title='bbox 867 3560 958 3613; x_wconf 83' lang='lat' dir='ltr'><strong>Sic</strong></span> <span class='ocrx_word' id='word_1_494' title='bbox 992 3556 1458 3611; x_wconf 84' lang='lat' dir='ltr'><strong>consubstantiale</strong></span> <span class='ocrx_word' id='word_1_495' title='bbox 1499 3571 1566 3609; x_wconf 86' lang='lat' dir='ltr'><strong>ex</strong></span> <span class='ocrx_word' id='word_1_496' title='bbox 1600 3556 1722 3608; x_wconf 91' lang='lat' dir='ltr'><strong>aliis</strong></span> <span class='ocrx_word' id='word_1_497' title='bbox 1773 3563 1939 3623; x_wconf 90' lang='lat' dir='ltr'><strong>atque</strong></span> <span class='ocrx_word' id='word_1_498' title='bbox 1974 3552 2096 3606; x_wconf 90' lang='lat' dir='ltr'><strong>aliis</strong></span> 
     </span>
    </p>
   </div>
   <div class='ocr_carea' id='block_1_69' title="bbox 526 3645 2096 3719">
    <p class='ocr_par' dir='ltr' id='par_1_69' title="bbox 526 3645 2096 3719">
     <span class='ocr_line' id='line_1_69' title="bbox 526 3645 2096 3719; baseline -0.004 -11"><span class='ocrx_word' id='word_1_499' title='bbox 526 3651 731 3719; x_wconf 87' lang='lat' dir='ltr'><strong>scripto</strong></span> <span class='ocrx_word' id='word_1_500' title='bbox 770 3651 982 3704; x_wconf 86' lang='lat' dir='ltr'><strong>traditis</strong></span> <span class='ocrx_word' id='word_1_501' title='bbox 1011 3648 1432 3704; x_wconf 88' lang='lat' dir='ltr'><strong>auctoritatibus</strong></span> <span class='ocrx_word' id='word_1_502' title='bbox 1466 3645 1659 3701; x_wconf 88' lang='lat' dir='ltr'><strong>Patres</strong></span> <span class='ocrx_word' id='word_1_503' title='bbox 1708 3647 2048 3715; x_wconf 79' lang='lat' dir='ltr'><strong>collegerunt</strong></span> <span class='ocrx_word' id='word_1_504' title='bbox 2081 3665 2096 3700; x_wconf 90' lang='lat'><strong>:</strong></span> 
     </span>
    </p>
   </div>
   <div class='ocr_carea' id='block_1_70' title="bbox 527 3740 2102 3810">
    <p class='ocr_par' dir='ltr' id='par_1_70' title="bbox 527 3740 2102 3810">
     <span class='ocr_line' id='line_1_70' title="bbox 527 3740 2102 3810; baseline -0.003 -11"><span class='ocrx_word' id='word_1_505' title='bbox 527 3747 604 3800; x_wconf 90' lang='lat' dir='ltr'><strong>sic</strong></span> <span class='ocrx_word' id='word_1_506' title='bbox 639 3743 925 3798; x_wconf 84' lang='lat' dir='ltr'><strong>Trinitatis</strong></span> <span class='ocrx_word' id='word_1_507' title='bbox 957 3745 1006 3795; x_wconf 92' lang='lat' dir='ltr'><strong>in</strong></span> <span class='ocrx_word' id='word_1_508' title='bbox 1036 3742 1292 3796; x_wconf 87' lang='lat' dir='ltr'><strong>omnibus</strong></span> <span class='ocrx_word' id='word_1_509' title='bbox 1323 3755 1633 3810; x_wconf 87' lang='lat' dir='ltr'><strong>comparem</strong></span> <span class='ocrx_word' id='word_1_510' title='bbox 1668 3740 1964 3808; x_wconf 87' lang='lat' dir='ltr'><strong>potentiam</strong></span> <span class='ocrx_word' id='word_1_511' title='bbox 1993 3779 2008 3804; x_wconf 88' lang='lat'><strong>,</strong></span> <span class='ocrx_word' id='word_1_512' title='bbox 2046 3750 2102 3794; x_wconf 91' lang='lat' dir='ltr'><strong>et</strong></span> 
     </span>
    </p>
   </div>
   <div class='ocr_carea' id='block_1_71' title="bbox 527 3831 2097 3906">
    <p class='ocr_par' dir='ltr' id='par_1_71' title="bbox 527 3831 2097 3906">
     <span class='ocr_line' id='line_1_71' title="bbox 527 3831 2097 3906; baseline -0.003 -15"><span class='ocrx_word' id='word_1_513' title='bbox 527 3838 791 3906; x_wconf 73' lang='lat' dir='ltr'><strong>azqttaletn</strong></span> <span class='ocrx_word' id='word_1_514' title='bbox 826 3837 1130 3890; x_wconf 86' lang='lat' dir='ltr'><strong>honorem:</strong></span> <span class='ocrx_word' id='word_1_515' title='bbox 1186 3833 1267 3887; x_wconf 90' lang='lat' dir='ltr'><strong>sic</strong></span> <span class='ocrx_word' id='word_1_516' title='bbox 1303 3832 1547 3899; x_wconf 69' lang='lat' dir='ltr'><strong>Deipara:</strong></span> <span class='ocrx_word' id='word_1_517' title='bbox 1599 3845 1826 3896; x_wconf 81' lang='lat' dir='ltr'><strong>vocem,</strong></span> <span class='ocrx_word' id='word_1_518' title='bbox 1857 3840 1926 3886; x_wconf 86' lang='lat' dir='ltr'><strong>.et.</strong></span> <span class='ocrx_word' id='word_1_519' title='bbox 1969 3831 2097 3898; x_wconf 88' lang='lat' dir='ltr'><strong>alia,</strong></span> 
     </span>
    </p>
   </div>
   <div class='ocr_carea' id='block_1_72' title="bbox 525 3922 2094 3998">
    <p class='ocr_par' dir='ltr' id='par_1_72' title="bbox 525 3922 2094 3998">
     <span class='ocr_line' id='line_1_72' title="bbox 525 3922 2094 3998; baseline -0.002 -18"><span class='ocrx_word' id='word_1_520' title='bbox 525 3944 758 3998; x_wconf 87' lang='lat' dir='ltr'><strong>quorutn</strong></span> <span class='ocrx_word' id='word_1_521' title='bbox 797 3927 847 3978; x_wconf 89' lang='lat' dir='ltr'><strong>in</strong></span> <span class='ocrx_word' id='word_1_522' title='bbox 886 3925 1142 3994; x_wconf 80' lang='lat' dir='ltr'><strong>praesenti</strong></span> <span class='ocrx_word' id='word_1_523' title='bbox 1171 3937 1278 3977; x_wconf 91' lang='lat' dir='ltr'><strong>non</strong></span> <span class='ocrx_word' id='word_1_524' title='bbox 1312 3923 1385 3975; x_wconf 92' lang='lat' dir='ltr'><strong>ita</strong></span> <span class='ocrx_word' id='word_1_525' title='bbox 1422 3922 1596 3975; x_wconf 79' lang='lat' dir='ltr'><strong>facilis</strong></span> <span class='ocrx_word' id='word_1_526' title='bbox 1625 3929 1709 3976; x_wconf 88' lang='lat' dir='ltr'><strong>est</strong></span> <span class='ocrx_word' id='word_1_527' title='bbox 1731 3923 2094 3978; x_wconf 88' lang='lat' dir='ltr'><strong>enumeratio.</strong></span> 
     </span>
    </p>
   </div>
   <div class='ocr_carea' id='block_1_73' title="bbox 483 4013 2100 4085">
    <p class='ocr_par' dir='ltr' id='par_1_73' title="bbox 483 4013 2100 4085">
     <span class='ocr_line' id='line_1_73' title="bbox 483 4013 2100 4085; baseline -0.004 -11"><span class='ocrx_word' id='word_1_528' title='bbox 483 4031 488 4040; x_wconf 90' lang='lat'>&#39;</span> <span class='ocrx_word' id='word_1_529' title='bbox 528 4021 716 4073; x_wconf 87' lang='lat' dir='ltr'><strong>Potest</strong></span> <span class='ocrx_word' id='word_1_530' title='bbox 765 4019 950 4085; x_wconf 86' lang='lat' dir='ltr'><strong>itaque</strong></span> <span class='ocrx_word' id='word_1_531' title='bbox 981 4018 1166 4068; x_wconf 77' lang='lat' dir='ltr'><strong>dicere</strong></span> <span class='ocrx_word' id='word_1_532' title='bbox 1199 4053 1212 4077; x_wconf 96' lang='lat'><strong>,</strong></span> <span class='ocrx_word' id='word_1_533' title='bbox 1268 4013 1361 4082; x_wconf 76' lang='lat' dir='ltr'><strong>qui</strong></span> <span class='ocrx_word' id='word_1_534' title='bbox 1416 4014 1482 4066; x_wconf 90' lang='lat' dir='ltr'><strong>ad</strong></span> <span class='ocrx_word' id='word_1_535' title='bbox 1537 4027 1726 4082; x_wconf 79' lang='lat' dir='ltr'><strong>pacem</strong></span> <span class='ocrx_word' id='word_1_536' title='bbox 1775 4014 2100 4083; x_wconf 84' lang='lat' dir='ltr'><strong>propensior</strong></span> 
     </span>
    </p>
   </div>
   <div class='ocr_carea' id='block_1_74' title="bbox 528 4104 2100 4178">
    <p class='ocr_par' dir='ltr' id='par_1_74' title="bbox 528 4104 2100 4178">
     <span class='ocr_line' id='line_1_74' title="bbox 528 4104 2100 4178; baseline -0.003 -12"><span class='ocrx_word' id='word_1_537' title='bbox 528 4125 658 4175; x_wconf 87' lang='lat' dir='ltr'><strong>est,</strong></span> <span class='ocrx_word' id='word_1_538' title='bbox 717 4105 1182 4178; x_wconf 87' lang='lat' dir='ltr'><strong>quemadmodum</strong></span> <span class='ocrx_word' id='word_1_539' title='bbox 1265 4106 1535 4158; x_wconf 81' lang='lat' dir='ltr'><strong>maximus</strong></span> <span class='ocrx_word' id='word_1_540' title='bbox 1592 4104 1859 4161; x_wconf 84' lang='lat' dir='ltr'><strong>Maximus</strong></span> <span class='ocrx_word' id='word_1_541' title='bbox 1941 4106 2100 4161; x_wconf 87' lang='lat' dir='ltr'><strong>annis</strong></span> 
     </span>
    </p>
   </div>
   <div class='ocr_carea' id='block_1_75' title="bbox 527 4197 2100 4271">
    <p class='ocr_par' dir='ltr' id='par_1_75' title="bbox 527 4197 2100 4271">
     <span class='ocr_line' id='line_1_75' title="bbox 527 4197 2100 4271; baseline -0.004 -11"><span class='ocrx_word' id='word_1_542' title='bbox 527 4203 842 4261; x_wconf 87' lang='lat' dir='ltr'><strong>subsecutis</strong></span> <span class='ocrx_word' id='word_1_543' title='bbox 888 4212 1012 4271; x_wconf 91' lang='lat' dir='ltr'><strong>post</strong></span> <span class='ocrx_word' id='word_1_544' title='bbox 1039 4209 1340 4255; x_wconf 88' lang='lat' dir='ltr'><strong>tercentum</strong></span> <span class='ocrx_word' id='word_1_545' title='bbox 1373 4197 1484 4268; x_wconf 86' lang='lat' dir='ltr'><strong>jam</strong></span> <span class='ocrx_word' id='word_1_546' title='bbox 1541 4199 1718 4255; x_wconf 91' lang='lat' dir='ltr'><strong>dictos</strong></span> <span class='ocrx_word' id='word_1_547' title='bbox 1744 4240 1758 4265; x_wconf 93' lang='lat'><strong>,</strong></span> <span class='ocrx_word' id='word_1_548' title='bbox 1797 4199 1939 4270; x_wconf 90' lang='lat' dir='ltr'><strong>quod</strong></span> <span class='ocrx_word' id='word_1_549' title='bbox 1973 4210 2100 4254; x_wconf 86' lang='lat' dir='ltr'><strong>ante</strong></span> 
     </span>
    </p>
   </div>
   <div class='ocr_carea' id='block_1_76' title="bbox 525 4291 2096 4369">
    <p class='ocr_par' dir='ltr' id='par_1_76' title="bbox 525 4291 2096 4369">
     <span class='ocr_line' id='line_1_76' title="bbox 525 4291 2096 4369; baseline -0.004 -17"><span class='ocrx_word' id='word_1_550' title='bbox 525 4302 704 4369; x_wconf 88' lang='lat' dir='ltr'><strong>ipsum</strong></span> <span class='ocrx_word' id='word_1_551' title='bbox 737 4315 765 4350; x_wconf 87' lang='lat' dir='ltr'><strong>a</strong></span> <span class='ocrx_word' id='word_1_552' title='bbox 801 4295 1053 4350; x_wconf 89' lang='lat' dir='ltr'><strong>Patribus</strong></span> <span class='ocrx_word' id='word_1_553' title='bbox 1086 4293 1497 4363; x_wconf 89' lang='lat' dir='ltr'><strong>pronuntiatum</strong></span> <span class='ocrx_word' id='word_1_554' title='bbox 1533 4291 1734 4356; x_wconf 84' lang='lat' dir='ltr'><strong>fuerat,</strong></span> <span class='ocrx_word' id='word_1_555' title='bbox 1767 4308 1864 4362; x_wconf 88' lang='lat' dir='ltr'><strong>per</strong></span> <span class='ocrx_word' id='word_1_556' title='bbox 1893 4291 2096 4346; x_wconf 86' lang='lat' dir='ltr'><strong>Filium</strong></span> 
     </span>
    </p>
   </div>
   <div class='ocr_carea' id='block_1_77' title="bbox 524 4384 2098 4456">
    <p class='ocr_par' dir='ltr' id='par_1_77' title="bbox 524 4384 2098 4456">
     <span class='ocr_line' id='line_1_77' title="bbox 524 4384 2098 4456; baseline -0.006 -9"><span class='ocrx_word' id='word_1_557' title='bbox 524 4391 768 4456; x_wconf 77' lang='lat' dir='ltr'><strong>exsilire,</strong></span> <span class='ocrx_word' id='word_1_558' title='bbox 803 4390 856 4443; x_wconf 88' lang='lat' dir='ltr'><strong>in</strong></span> <span class='ocrx_word' id='word_1_559' title='bbox 888 4387 1037 4452; x_wconf 90' lang='lat' dir='ltr'><strong>illttd,</strong></span> <span class='ocrx_word' id='word_1_560' title='bbox 1081 4402 1173 4455; x_wconf 89' lang='lat' dir='ltr'><strong>per</strong></span> <span class='ocrx_word' id='word_1_561' title='bbox 1201 4384 1397 4438; x_wconf 88' lang='lat' dir='ltr'><strong>Filium</strong></span> <span class='ocrx_word' id='word_1_562' title='bbox 1445 4385 1738 4454; x_wconf 86' lang='lat' dir='ltr'><strong>procedere</strong></span> <span class='ocrx_word' id='word_1_563' title='bbox 1768 4385 2098 4448; x_wconf 88' lang='lat' dir='ltr'><strong>immutavit,</strong></span> 
     </span>
    </p>
   </div>
   <div class='ocr_carea' id='block_1_78' title="bbox 532 4473 2098 4546">
    <p class='ocr_par' dir='ltr' id='par_1_78' title="bbox 532 4473 2098 4546">
     <span class='ocr_line' id='line_1_78' title="bbox 532 4473 2098 4546; baseline -0.004 -10"><span class='ocrx_word' id='word_1_564' title='bbox 532 4485 602 4536; x_wconf 87' lang='lat' dir='ltr'><strong>ita</strong></span> <span class='ocrx_word' id='word_1_565' title='bbox 669 4482 830 4534; x_wconf 88' lang='lat' dir='ltr'><strong>etiam</strong></span> <span class='ocrx_word' id='word_1_566' title='bbox 893 4478 1035 4546; x_wconf 89' lang='lat' dir='ltr'><strong>apud</strong></span> <span class='ocrx_word' id='word_1_567' title='bbox 1100 4475 1322 4530; x_wconf 86' lang='lat' dir='ltr'><strong>Latinos</strong></span> <span class='ocrx_word' id='word_1_568' title='bbox 1375 4474 1563 4528; x_wconf 89' lang='lat' dir='ltr'><strong>Patres</strong></span> <span class='ocrx_word' id='word_1_569' title='bbox 1613 4473 1912 4542; x_wconf 91' lang='lat' dir='ltr'><strong>permultos</strong></span> <span class='ocrx_word' id='word_1_570' title='bbox 1974 4490 2098 4530; x_wconf 90' lang='lat' dir='ltr'><strong>cum</strong></span> 
     </span>
    </p>
   </div>
   <div class='ocr_carea' id='block_1_79' title="bbox 411 4563 2099 4644">
    <p class='ocr_par' dir='ltr' id='par_1_79' title="bbox 411 4563 2099 4644">
     <span class='ocr_line' id='line_1_79' title="bbox 411 4563 2099 4644; baseline -0.005 -18"><span class='ocrx_word' id='word_1_571' title='bbox 411 4615 421 4625; x_wconf 84' lang='lat'><strong>.</strong></span> <span class='ocrx_word' id='word_1_572' title='bbox 523 4572 873 4644; x_wconf 80' lang='lat' dir='ltr'><strong>Augustino,</strong></span> <span class='ocrx_word' id='word_1_573' title='bbox 931 4580 985 4621; x_wconf 83' lang='lat' dir='ltr'><strong>et</strong></span> <span class='ocrx_word' id='word_1_574' title='bbox 1049 4567 1432 4636; x_wconf 85' lang='lat' dir='ltr'><strong>Hieronymo,</strong></span> <span class='ocrx_word' id='word_1_575' title='bbox 1477 4565 1575 4617; x_wconf 90' lang='lat' dir='ltr'><strong>hos</strong></span> <span class='ocrx_word' id='word_1_576' title='bbox 1624 4563 1898 4631; x_wconf 88' lang='lat' dir='ltr'><strong>siquidem</strong></span> <span class='ocrx_word' id='word_1_577' title='bbox 1958 4565 2099 4618; x_wconf 89' lang='lat' dir='ltr'><strong>inter</strong></span> 
     </span>
    </p>
   </div>
   <div class='ocr_carea' id='block_1_80' title="bbox 528 4654 2096 4729">
    <p class='ocr_par' dir='ltr' id='par_1_80' title="bbox 528 4654 2096 4729">
     <span class='ocr_line' id='line_1_80' title="bbox 528 4654 2096 4729; baseline -0.005 -13"><span class='ocrx_word' id='word_1_578' title='bbox 528 4665 668 4716; x_wconf 87' lang='lat' dir='ltr'><strong>alios</strong></span> <span class='ocrx_word' id='word_1_579' title='bbox 700 4661 779 4714; x_wconf 89' lang='lat' dir='ltr'><strong>uti</strong></span> <span class='ocrx_word' id='word_1_580' title='bbox 817 4658 1126 4729; x_wconf 76' lang='lat' dir='ltr'><strong>prmcipuos</strong></span> <span class='ocrx_word' id='word_1_581' title='bbox 1155 4665 1210 4711; x_wconf 91' lang='lat' dir='ltr'><strong>et</strong></span> <span class='ocrx_word' id='word_1_582' title='bbox 1236 4655 1468 4710; x_wconf 89' lang='lat' dir='ltr'><strong>Photius</strong></span> <span class='ocrx_word' id='word_1_583' title='bbox 1503 4657 1574 4707; x_wconf 90' lang='lat' dir='ltr'><strong>ita</strong></span> <span class='ocrx_word' id='word_1_584' title='bbox 1612 4654 1813 4717; x_wconf 90' lang='lat' dir='ltr'><strong>dicere,</strong></span> <span class='ocrx_word' id='word_1_585' title='bbox 1845 4664 1900 4707; x_wconf 91' lang='lat' dir='ltr'><strong>et</strong></span> <span class='ocrx_word' id='word_1_586' title='bbox 1929 4654 2096 4708; x_wconf 91' lang='lat' dir='ltr'><strong>veluti</strong></span> 
     </span>
    </p>
   </div>
   <div class='ocr_carea' id='block_1_81' title="bbox 526 4746 2097 4823">
    <p class='ocr_par' dir='ltr' id='par_1_81' title="bbox 526 4746 2097 4823">
     <span class='ocr_line' id='line_1_81' title="bbox 526 4746 2097 4823; baseline -0.003 -18"><span class='ocrx_word' id='word_1_587' title='bbox 526 4759 726 4821; x_wconf 78' lang='lat' dir='ltr'><strong>dogma</strong></span> <span class='ocrx_word' id='word_1_588' title='bbox 753 4765 1059 4823; x_wconf 85' lang='lat' dir='ltr'><strong>proponere</strong></span> <span class='ocrx_word' id='word_1_589' title='bbox 1093 4749 1324 4802; x_wconf 78' lang='lat' dir='ltr'><strong>afﬁrmat</strong></span> <span class='ocrx_word' id='word_1_590' title='bbox 1353 4787 1368 4813; x_wconf 93' lang='lat'><strong>,</strong></span> <span class='ocrx_word' id='word_1_591' title='bbox 1405 4757 1460 4800; x_wconf 88' lang='lat' dir='ltr'><strong>et</strong></span> <span class='ocrx_word' id='word_1_592' title='bbox 1504 4746 1560 4800; x_wconf 90' lang='lat' dir='ltr'><strong>hi</strong></span> <span class='ocrx_word' id='word_1_593' title='bbox 1594 4746 1737 4800; x_wconf 89' lang='lat' dir='ltr'><strong>inter</strong></span> <span class='ocrx_word' id='word_1_594' title='bbox 1785 4760 1880 4800; x_wconf 90' lang='lat' dir='ltr'><strong>eos</strong></span> <span class='ocrx_word' id='word_1_595' title='bbox 1906 4786 1922 4812; x_wconf 92' lang='lat'><strong>,</strong></span> <span class='ocrx_word' id='word_1_596' title='bbox 1957 4759 2097 4814; x_wconf 85' lang='lat' dir='ltr'><strong>quos</strong></span> 
     </span>
    </p>
   </div>
   <div class='ocr_carea' id='block_1_82' title="bbox 527 4837 2096 4911">
    <p class='ocr_par' dir='ltr' id='par_1_82' title="bbox 527 4837 2096 4911">
     <span class='ocr_line' id='line_1_82' title="bbox 527 4837 2096 4911; baseline -0.006 -14"><span class='ocrx_word' id='word_1_597' title='bbox 527 4844 769 4899; x_wconf 86' lang='lat' dir='ltr'><strong>Ecclesia</strong></span> <span class='ocrx_word' id='word_1_598' title='bbox 798 4857 1016 4911; x_wconf 90' lang='lat' dir='ltr'><strong>quoque</strong></span> <span class='ocrx_word' id='word_1_599' title='bbox 1065 4848 1248 4894; x_wconf 90' lang='lat' dir='ltr'><strong>nostra</strong></span> <span class='ocrx_word' id='word_1_600' title='bbox 1303 4837 1498 4906; x_wconf 88' lang='lat' dir='ltr'><strong>recipit</strong></span> <span class='ocrx_word' id='word_1_601' title='bbox 1531 4838 1741 4906; x_wconf 85' lang='lat' dir='ltr'><strong>absque</strong></span> <span class='ocrx_word' id='word_1_602' title='bbox 1791 4837 1899 4889; x_wconf 89' lang='lat' dir='ltr'><strong>ulla</strong></span> <span class='ocrx_word' id='word_1_603' title='bbox 1935 4837 2096 4890; x_wconf 67' lang='lat' dir='ltr'><strong>haesi-</strong></span> 
     </span>
    </p>
   </div>
   <div class='ocr_carea' id='block_1_83' title="bbox 534 4928 2098 5001">
    <p class='ocr_par' dir='ltr' id='par_1_83' title="bbox 534 4928 2098 5001">
     <span class='ocr_line' id='line_1_83' title="bbox 534 4928 2098 5001; baseline -0.002 -15"><span class='ocrx_word' id='word_1_604' title='bbox 534 4939 742 4990; x_wconf 89' lang='lat' dir='ltr'><strong>tatione</strong></span> <span class='ocrx_word' id='word_1_605' title='bbox 793 4943 1174 4996; x_wconf 87' lang='lat' dir='ltr'><strong>numerantur,</strong></span> <span class='ocrx_word' id='word_1_606' title='bbox 1208 4930 1356 5001; x_wconf 91' lang='lat' dir='ltr'><strong>quod</strong></span> <span class='ocrx_word' id='word_1_607' title='bbox 1411 4929 1601 4983; x_wconf 84' lang='lat' dir='ltr'><strong>Patres</strong></span> <span class='ocrx_word' id='word_1_608' title='bbox 1651 4928 1825 4982; x_wconf 87' lang='lat' dir='ltr'><strong>nostri</strong></span> <span class='ocrx_word' id='word_1_609' title='bbox 1876 4929 2098 4983; x_wconf 78' lang='lat' dir='ltr'><strong>exsilire</strong></span> 
     </span>
    </p>
   </div>
   <div class='ocr_carea' id='block_1_84' title="bbox 2207 3358 3733 3440">
    <p class='ocr_par' dir='ltr' id='par_1_84' title="bbox 2207 3358 3733 3440">
     <span class='ocr_line' id='line_1_84' title="bbox 2207 3358 3733 3440; baseline -0.007 -16"><span class='ocrx_word' id='word_1_610' title='bbox 2207 3371 2399 3438; x_wconf 81' lang='grc' dir='ltr'>μένους</span> <span class='ocrx_word' id='word_1_611' title='bbox 2432 3369 2624 3437; x_wconf 86' lang='grc' dir='ltr'>λόγους</span> <span class='ocrx_word' id='word_1_612' title='bbox 2648 3371 2840 3424; x_wconf 73' lang='grc' dir='ltr'>ἐδίδου.</span> <span class='ocrx_word' id='word_1_613' title='bbox 2877 3369 3034 3424; x_wconf 80' lang='grc' dir='ltr'>Οὕτω</span> <span class='ocrx_word' id='word_1_614' title='bbox 3064 3374 3177 3440; x_wconf 83' lang='grc' dir='ltr'><strong>γὰρ</strong></span> <span class='ocrx_word' id='word_1_615' title='bbox 3207 3374 3267 3423; x_wconf 91' lang='grc' dir='ltr'>τὸ</span> <span class='ocrx_word' id='word_1_616' title='bbox 3293 3368 3567 3440; x_wconf 84' lang='grc' dir='ltr'>ὁμοούσιον</span> <span class='ocrx_word' id='word_1_617' title='bbox 3596 3363 3646 3424; x_wconf 72' lang='grc' dir='ltr'><strong>ἐξ</strong></span> <span class='ocrx_word' id='word_1_618' title='bbox 3663 3358 3733 3412; x_wconf 73' lang='grc' dir='ltr'><strong>ἄλ·</strong></span> 
     </span>
    </p>
   </div>
   <div class='ocr_carea' id='block_1_85' title="bbox 2203 3451 3736 3532">
    <p class='ocr_par' dir='ltr' id='par_1_85' title="bbox 2203 3451 3736 3532">
     <span class='ocr_line' id='line_1_85' title="bbox 2203 3451 3736 3532; baseline -0.019 0"><span class='ocrx_word' id='word_1_619' title='bbox 2203 3461 2308 3514; x_wconf 78' lang='grc' dir='ltr'>λων</span> <span class='ocrx_word' id='word_1_620' title='bbox 2339 3463 2626 3532; x_wconf 80' lang='grc' dir='ltr'><strong>γραφικῶν</strong></span> <span class='ocrx_word' id='word_1_621' title='bbox 2657 3463 2873 3532; x_wconf 74' lang='grc' dir='ltr'>ῥήσεων</span> <span class='ocrx_word' id='word_1_622' title='bbox 2899 3463 3010 3526; x_wconf 83' lang='grc' dir='ltr'>τοῖς</span> <span class='ocrx_word' id='word_1_623' title='bbox 3044 3463 3298 3532; x_wconf 86' lang='grc' dir='ltr'>Πατράσι</span> <span class='ocrx_word' id='word_1_624' title='bbox 3335 3460 3603 3530; x_wconf 82' lang='grc' dir='ltr'>συνήχθη·</span> <span class='ocrx_word' id='word_1_625' title='bbox 3629 3451 3736 3506; x_wconf 77' lang='grc' dir='ltr'><strong>οὕτω</strong></span> 
     </span>
    </p>
   </div>
   <div class='ocr_carea' id='block_1_86' title="bbox 2200 3547 3737 3628">
    <p class='ocr_par' dir='ltr' id='par_1_86' title="bbox 2200 3547 3737 3628">
     <span class='ocr_line' id='line_1_86' title="bbox 2200 3547 3737 3628; baseline -0.003 -21"><span class='ocrx_word' id='word_1_626' title='bbox 2200 3556 2264 3607; x_wconf 85' lang='grc' dir='ltr'>τὸ</span> <span class='ocrx_word' id='word_1_627' title='bbox 2286 3557 2380 3625; x_wconf 82' lang='grc' dir='ltr'>τῆς</span> <span class='ocrx_word' id='word_1_628' title='bbox 2408 3555 2636 3624; x_wconf 74' lang='grc' dir='ltr'>Τριάδος</span> <span class='ocrx_word' id='word_1_629' title='bbox 2680 3556 2822 3608; x_wconf 81' lang='grc' dir='ltr'>κατὰ</span> <span class='ocrx_word' id='word_1_630' title='bbox 2876 3554 3056 3609; x_wconf 86' lang='grc' dir='ltr'>πάντα</span> <span class='ocrx_word' id='word_1_631' title='bbox 3081 3556 3356 3628; x_wconf 83' lang='grc' dir='ltr'>ὁμότιμον</span> <span class='ocrx_word' id='word_1_632' title='bbox 3377 3574 3391 3588; x_wconf 89' lang='grc'><strong>·</strong></span> <span class='ocrx_word' id='word_1_633' title='bbox 3423 3555 3559 3607; x_wconf 81' lang='grc' dir='ltr'>οὕτω</span> <span class='ocrx_word' id='word_1_634' title='bbox 3588 3547 3737 3618; x_wconf 74' lang='grc' dir='ltr'>ήΘεἰ’</span> 
     </span>
    </p>
   </div>
   <div class='ocr_carea' id='block_1_87' title="bbox 2202 3638 3738 3720">
    <p class='ocr_par' dir='ltr' id='par_1_87' title="bbox 2202 3638 3738 3720">
     <span class='ocr_line' id='line_1_87' title="bbox 2202 3638 3738 3720; baseline -0.004 -22"><span class='ocrx_word' id='word_1_635' title='bbox 2202 3648 2359 3709; x_wconf 86' lang='grc' dir='ltr'>τόκος</span> <span class='ocrx_word' id='word_1_636' title='bbox 2391 3645 2562 3716; x_wconf 78' lang='grc' dir='ltr'>φωνὴ,</span> <span class='ocrx_word' id='word_1_637' title='bbox 2598 3648 2688 3701; x_wconf 75' lang='grc' dir='ltr'>καὶ</span> <span class='ocrx_word' id='word_1_638' title='bbox 2718 3647 2908 3711; x_wconf 73' lang='grc' dir='ltr'>τᾶλλα,</span> <span class='ocrx_word' id='word_1_639' title='bbox 2947 3641 3023 3701; x_wconf 83' lang='grc' dir='ltr'>ὧν</span> <span class='ocrx_word' id='word_1_640' title='bbox 3051 3647 3335 3720; x_wconf 79' lang='grc' dir='ltr'>δυσχερὴς</span> <span class='ocrx_word' id='word_1_641' title='bbox 3371 3650 3428 3699; x_wconf 83' lang='grc' dir='ltr'>ὲν</span> <span class='ocrx_word' id='word_1_642' title='bbox 3450 3647 3526 3715; x_wconf 85' lang='grc' dir='ltr'>τῷ</span> <span class='ocrx_word' id='word_1_643' title='bbox 3555 3638 3738 3708; x_wconf 79' lang='grc' dir='ltr'>παρόντι</span> 
     </span>
    </p>
   </div>
   <div class='ocr_carea' id='block_1_88' title="bbox 2203 3730 3737 3808">
    <p class='ocr_par' dir='ltr' id='par_1_88' title="bbox 2203 3730 3737 3808">
     <span class='ocr_line' id='line_1_88' title="bbox 2203 3730 3737 3808; baseline -0.007 -17"><span class='ocrx_word' id='word_1_644' title='bbox 2203 3740 2236 3807; x_wconf 82' lang='grc' dir='ltr'><strong>ὴ</strong></span> <span class='ocrx_word' id='word_1_645' title='bbox 2267 3737 2660 3808; x_wconf 82' lang='grc' dir='ltr'>ἀπαρίθμησις.</span> <span class='ocrx_word' id='word_1_646' title='bbox 2699 3740 2855 3791; x_wconf 78' lang='grc' dir='ltr'>Ἔστι</span> <span class='ocrx_word' id='word_1_647' title='bbox 2883 3738 3016 3806; x_wconf 82' lang='grc' dir='ltr'>γοῦν</span> <span class='ocrx_word' id='word_1_648' title='bbox 3054 3743 3239 3794; x_wconf 74' lang='grc' dir='ltr'>εἰπεῖν</span> <span class='ocrx_word' id='word_1_649' title='bbox 3270 3741 3364 3794; x_wconf 79' lang='grc' dir='ltr'><strong>τὸν</strong></span> <span class='ocrx_word' id='word_1_650' title='bbox 3391 3742 3449 3793; x_wconf 84' lang='grc' dir='ltr'>τὸ</span> <span class='ocrx_word' id='word_1_651' title='bbox 3495 3730 3737 3807; x_wconf 70' lang='grc' dir='ltr'>εἰρηνικώ-</span> 
     </span>
    </p>
   </div>
   <div class='ocr_carea' id='block_1_89' title="bbox 2200 3823 3741 3900">
    <p class='ocr_par' dir='ltr' id='par_1_89' title="bbox 2200 3823 3741 3900">
     <span class='ocr_line' id='line_1_89' title="bbox 2200 3823 3741 3900; baseline -0.001 -20"><span class='ocrx_word' id='word_1_652' title='bbox 2200 3845 2360 3900; x_wconf 87' lang='grc' dir='ltr'>τερον</span> <span class='ocrx_word' id='word_1_653' title='bbox 2400 3829 2676 3898; x_wconf 82' lang='grc' dir='ltr'>μετιόντα,</span> <span class='ocrx_word' id='word_1_654' title='bbox 2731 3831 2805 3890; x_wconf 77' lang='grc' dir='ltr'><strong>ὡς</strong></span> <span class='ocrx_word' id='word_1_655' title='bbox 2833 3831 3085 3900; x_wconf 87' lang='grc' dir='ltr'>καθάπερ</span> <span class='ocrx_word' id='word_1_656' title='bbox 3139 3835 3169 3885; x_wconf 83' lang='grc' dir='ltr'><strong>ό</strong></span> <span class='ocrx_word' id='word_1_657' title='bbox 3229 3833 3494 3900; x_wconf 86' lang='grc' dir='ltr'>μέγιστος</span> <span class='ocrx_word' id='word_1_658' title='bbox 3536 3823 3741 3890; x_wconf 74' lang='grc' dir='ltr'>Μάξιμος</span> 
     </span>
    </p>
   </div>
   <div class='ocr_carea' id='block_1_90' title="bbox 2206 3918 3738 3993">
    <p class='ocr_par' dir='ltr' id='par_1_90' title="bbox 2206 3918 3738 3993">
     <span class='ocr_line' id='line_1_90' title="bbox 2206 3918 3738 3993; baseline 0.005 -22"><span class='ocrx_word' id='word_1_659' title='bbox 2206 3924 2344 3990; x_wconf 70' lang='grc' dir='ltr'>μετὰ</span> <span class='ocrx_word' id='word_1_660' title='bbox 2364 3920 2489 3982; x_wconf 80' lang='grc' dir='ltr'>τοὺς</span> <span class='ocrx_word' id='word_1_661' title='bbox 2515 3921 2773 3974; x_wconf 70' lang='grc' dir='ltr'>ἐπέκεινα</span> <span class='ocrx_word' id='word_1_662' title='bbox 2795 3922 2905 3984; x_wconf 80' lang='grc' dir='ltr'><strong>τῶν</strong></span> <span class='ocrx_word' id='word_1_663' title='bbox 2932 3924 3272 3993; x_wconf 86' lang='grc' dir='ltr'>τριακοσίων</span> <span class='ocrx_word' id='word_1_664' title='bbox 3302 3925 3527 3992; x_wconf 83' lang='grc' dir='ltr'>χρόνους</span> <span class='ocrx_word' id='word_1_665' title='bbox 3553 3918 3607 3970; x_wconf 84' lang='grc' dir='ltr'>τὸ</span> <span class='ocrx_word' id='word_1_666' title='bbox 3625 3925 3738 3978; x_wconf 66' lang='lat' dir='ltr'><strong>MP“</strong></span> 
     </span>
    </p>
   </div>
   <div class='ocr_carea' id='block_1_91' title="bbox 2200 4000 3740 4085">
    <p class='ocr_par' dir='ltr' id='par_1_91' title="bbox 2200 4000 3740 4085">
     <span class='ocr_line' id='line_1_91' title="bbox 2200 4000 3740 4085; baseline -0.003 -21"><span class='ocrx_word' id='word_1_667' title='bbox 2200 4012 2308 4064; x_wconf 84' lang='grc' dir='ltr'><strong>τῶν</strong></span> <span class='ocrx_word' id='word_1_668' title='bbox 2369 4013 2475 4082; x_wconf 81' lang='grc' dir='ltr'>πρὸ</span> <span class='ocrx_word' id='word_1_669' title='bbox 2528 4012 2691 4066; x_wconf 79' lang='grc' dir='ltr'>αὐτοῦ</span> <span class='ocrx_word' id='word_1_670' title='bbox 2751 4014 3012 4085; x_wconf 87' lang='grc' dir='ltr'>Πατέρων</span> <span class='ocrx_word' id='word_1_671' title='bbox 3060 4014 3496 4084; x_wconf 87' lang='grc' dir='ltr'>θεολογούμενον</span> <span class='ocrx_word' id='word_1_672' title='bbox 3541 4009 3603 4062; x_wconf 85' lang='grc' dir='ltr'><strong>δι’</strong></span> <span class='ocrx_word' id='word_1_673' title='bbox 3641 4000 3740 4057; x_wconf 71' lang='grc' dir='ltr'><strong>λ’ἰοῦ</strong></span> 
     </span>
    </p>
   </div>
   <div class='ocr_carea' id='block_1_92' title="bbox 2204 4101 3784 4176">
    <p class='ocr_par' dir='ltr' id='par_1_92' title="bbox 2204 4101 3784 4176">
     <span class='ocr_line' id='line_1_92' title="bbox 2204 4101 3784 4176; baseline -0.003 -21"><span class='ocrx_word' id='word_1_674' title='bbox 2204 4105 2452 4172; x_wconf 83' lang='grc' dir='ltr'>προϊέναι</span> <span class='ocrx_word' id='word_1_675' title='bbox 2481 4105 2560 4166; x_wconf 88' lang='grc' dir='ltr'><strong>είς</strong></span> <span class='ocrx_word' id='word_1_676' title='bbox 2587 4104 2649 4155; x_wconf 87' lang='grc' dir='ltr'>τὸ</span> <span class='ocrx_word' id='word_1_677' title='bbox 2689 4104 2758 4156; x_wconf 87' lang='grc' dir='ltr'><strong>δι’</strong></span> <span class='ocrx_word' id='word_1_678' title='bbox 2792 4103 2921 4156; x_wconf 83' lang='grc' dir='ltr'>Υίοῦ</span> <span class='ocrx_word' id='word_1_679' title='bbox 2947 4105 3357 4176; x_wconf 76' lang='grc' dir='ltr'>ἐκπορεύεσθαι</span> <span class='ocrx_word' id='word_1_680' title='bbox 3403 4101 3737 4169; x_wconf 73' lang='grc' dir='ltr'>ἐθεολόγησεν⁶</span> <span class='ocrx_word' id='word_1_681' title='bbox 3780 4166 3784 4174; x_wconf 31' lang='grc' dir='ltr'>ι</span> 
     </span>
    </p>
   </div>
   <div class='ocr_carea' id='block_1_93' title="bbox 2201 4191 3741 4268">
    <p class='ocr_par' dir='ltr' id='par_1_93' title="bbox 2201 4191 3741 4268">
     <span class='ocr_line' id='line_1_93' title="bbox 2201 4191 3741 4268; baseline -0.005 -19"><span class='ocrx_word' id='word_1_682' title='bbox 2201 4195 2345 4250; x_wconf 76' lang='grc' dir='ltr'>οὓτω</span> <span class='ocrx_word' id='word_1_683' title='bbox 2375 4197 2470 4249; x_wconf 75' lang='grc' dir='ltr'>καὶ</span> <span class='ocrx_word' id='word_1_684' title='bbox 2522 4198 2570 4249; x_wconf 80' lang='grc' dir='ltr'><strong>οἱ</strong></span> <span class='ocrx_word' id='word_1_685' title='bbox 2619 4195 2771 4266; x_wconf 81' lang='grc' dir='ltr'>παρὰ</span> <span class='ocrx_word' id='word_1_686' title='bbox 2816 4197 3069 4260; x_wconf 85' lang='grc' dir='ltr'>Λατίνοις</span> <span class='ocrx_word' id='word_1_687' title='bbox 3127 4197 3384 4268; x_wconf 88' lang='grc' dir='ltr'>Πατέρες</span> <span class='ocrx_word' id='word_1_688' title='bbox 3426 4191 3741 4262; x_wconf 77' lang='grc' dir='ltr'>Αύγουστῖνος</span> 
     </span>
    </p>
   </div>
   <div class='ocr_carea' id='block_1_94' title="bbox 2207 4285 3738 4360">
    <p class='ocr_par' dir='ltr' id='par_1_94' title="bbox 2207 4285 3738 4360">
     <span class='ocr_line' id='line_1_94' title="bbox 2207 4285 3738 4360; baseline 0.002 -21"><span class='ocrx_word' id='word_1_689' title='bbox 2207 4289 2302 4340; x_wconf 77' lang='grc' dir='ltr'>σὺν</span> <span class='ocrx_word' id='word_1_690' title='bbox 2333 4289 2546 4351; x_wconf 80' lang='grc' dir='ltr'>πολλοῖς</span> <span class='ocrx_word' id='word_1_691' title='bbox 2577 4288 2778 4354; x_wconf 80' lang='grc' dir='ltr'>ἄλλοις,</span> <span class='ocrx_word' id='word_1_692' title='bbox 2837 4291 2932 4342; x_wconf 66' lang='grc' dir='ltr'>καὶ</span> <span class='ocrx_word' id='word_1_693' title='bbox 2973 4289 3348 4360; x_wconf 79' lang='grc' dir='ltr'>ἰερώνυμοςο</span> <span class='ocrx_word' id='word_1_694' title='bbox 3399 4289 3612 4345; x_wconf 75' lang='grc' dir='ltr'>τούτους</span> <span class='ocrx_word' id='word_1_695' title='bbox 3658 4285 3738 4345; x_wconf 64' lang='grc' dir='ltr'>γάρ</span> 
     </span>
    </p>
   </div>
   <div class='ocr_carea' id='block_1_95' title="bbox 2204 4375 3743 4448">
    <p class='ocr_par' dir='ltr' id='par_1_95' title="bbox 2204 4375 3743 4448">
     <span class='ocr_line' id='line_1_95' title="bbox 2204 4375 3743 4448; baseline 0.005 -18"><span class='ocrx_word' id='word_1_696' title='bbox 2204 4376 2324 4430; x_wconf 84' lang='grc' dir='ltr'>κατ’</span> <span class='ocrx_word' id='word_1_697' title='bbox 2347 4376 2624 4446; x_wconf 76' lang='grc' dir='ltr'>ἐξαίρετον</span> <span class='ocrx_word' id='word_1_698' title='bbox 2651 4378 2747 4431; x_wconf 84' lang='grc' dir='ltr'><strong>καὶ</strong></span> <span class='ocrx_word' id='word_1_699' title='bbox 2776 4378 2982 4440; x_wconf 80' lang='grc' dir='ltr'>Φώτιος</span> <span class='ocrx_word' id='word_1_700' title='bbox 3007 4378 3156 4433; x_wconf 73' lang='grc' dir='ltr'>οὕτω</span> <span class='ocrx_word' id='word_1_701' title='bbox 3202 4381 3414 4448; x_wconf 80' lang='grc' dir='ltr'>λέγειν,</span> <span class='ocrx_word' id='word_1_702' title='bbox 3452 4379 3542 4431; x_wconf 77' lang='grc' dir='ltr'>καὶ</span> <span class='ocrx_word' id='word_1_703' title='bbox 3579 4375 3743 4438; x_wconf 70' lang='grc' dir='ltr'><strong>δογμα-</strong></span> 
     </span>
    </p>
   </div>
   <div class='ocr_carea' id='block_1_96' title="bbox 2201 4457 3772 4541">
    <p class='ocr_par' dir='ltr' id='par_1_96' title="bbox 2201 4457 3772 4541">
     <span class='ocr_line' id='line_1_96' title="bbox 2201 4457 3772 4541; baseline -0.009 -19"><span class='ocrx_word' id='word_1_704' title='bbox 2201 4470 2370 4532; x_wconf 76' lang='grc' dir='ltr'>τίζειν</span> <span class='ocrx_word' id='word_1_705' title='bbox 2401 4471 2748 4538; x_wconf 66' lang='grc' dir='ltr'>συνίστησιν*</span> <span class='ocrx_word' id='word_1_706' title='bbox 2796 4466 2942 4524; x_wconf 77' lang='grc' dir='ltr'>οὗτοι</span> <span class='ocrx_word' id='word_1_707' title='bbox 2965 4471 3022 4523; x_wconf 82' lang='grc' dir='ltr'>δὲ</span> <span class='ocrx_word' id='word_1_708' title='bbox 3049 4472 3162 4523; x_wconf 85' lang='grc' dir='ltr'>τῶν</span> <span class='ocrx_word' id='word_1_709' title='bbox 3196 4471 3354 4541; x_wconf 83' lang='grc' dir='ltr'>παρὰ</span> <span class='ocrx_word' id='word_1_710' title='bbox 3385 4473 3451 4539; x_wconf 79' lang='grc' dir='ltr'>τῇ</span> <span class='ocrx_word' id='word_1_711' title='bbox 3485 4464 3599 4521; x_wconf 84' lang='grc' dir='ltr'>καθ’</span> <span class='ocrx_word' id='word_1_712' title='bbox 3628 4457 3740 4530; x_wconf 75' lang='grc' dir='ltr'>ἡμᾶς</span> <span class='ocrx_word' id='word_1_713' title='bbox 3770 4535 3772 4538; x_wconf 21' lang='grc' dir='ltr'><strong>Ι</strong></span> 
     </span>
    </p>
   </div>
   <div class='ocr_carea' id='block_1_97' title="bbox 2216 4553 3776 4633">
    <p class='ocr_par' dir='ltr' id='par_1_97' title="bbox 2216 4553 3776 4633">
     <span class='ocr_line' id='line_1_97' title="bbox 2216 4553 3776 4633; baseline -0.005 -17"><span class='ocrx_word' id='word_1_714' title='bbox 2216 4561 2513 4628; x_wconf 69' lang='grc' dir='ltr'>Ἐκκλησία</span> <span class='ocrx_word' id='word_1_715' title='bbox 2541 4563 2744 4615; x_wconf 84' lang='grc' dir='ltr'>δεκτῶν</span> <span class='ocrx_word' id='word_1_716' title='bbox 2773 4563 3229 4633; x_wconf 78' lang='grc' dir='ltr'>ὁμολογουμένως</span> <span class='ocrx_word' id='word_1_717' title='bbox 3255 4566 3387 4617; x_wconf 84' lang='grc' dir='ltr'>εἰσί·</span> <span class='ocrx_word' id='word_1_718' title='bbox 3413 4564 3475 4616; x_wconf 85' lang='grc' dir='ltr'>τὸ</span> <span class='ocrx_word' id='word_1_719' title='bbox 3499 4559 3637 4628; x_wconf 65' lang='grc' dir='ltr'>παρὰ</span> <span class='ocrx_word' id='word_1_720' title='bbox 3661 4553 3744 4608; x_wconf 75' lang='grc' dir='ltr'><strong>τοῖς</strong></span> <span class='ocrx_word' id='word_1_721' title='bbox 3774 4585 3776 4588; x_wconf 92' lang='grc'><strong>-</strong></span> 
     </span>
    </p>
   </div>
   <div class='ocr_carea' id='block_1_98' title="bbox 2203 4644 3780 4725">
    <p class='ocr_par' dir='ltr' id='par_1_98' title="bbox 2203 4644 3780 4725">
     <span class='ocr_line' id='line_1_98' title="bbox 2203 4644 3780 4725; baseline -0.011 -19"><span class='ocrx_word' id='word_1_722' title='bbox 2203 4655 2385 4716; x_wconf 80' lang='grc' dir='ltr'>αὐτοῖς</span> <span class='ocrx_word' id='word_1_723' title='bbox 2415 4654 2693 4723; x_wconf 85' lang='grc' dir='ltr'>Πατράσιν</span> <span class='ocrx_word' id='word_1_724' title='bbox 2725 4653 2880 4724; x_wconf 82' lang='grc' dir='ltr'>ἡμῶν</span> <span class='ocrx_word' id='word_1_725' title='bbox 2913 4655 3189 4725; x_wconf 85' lang='grc' dir='ltr'>προϊέναι,</span> <span class='ocrx_word' id='word_1_726' title='bbox 3223 4657 3320 4709; x_wconf 80' lang='grc' dir='ltr'>καὶ</span> <span class='ocrx_word' id='word_1_727' title='bbox 3355 4649 3660 4725; x_wconf 75' lang='grc' dir='ltr'>προχεῖσθαι</span> <span class='ocrx_word' id='word_1_728' title='bbox 3697 4644 3742 4690; x_wconf 73' lang='grc' dir='ltr'>ἐκ</span> <span class='ocrx_word' id='word_1_729' title='bbox 3777 4673 3780 4688; x_wconf 90' lang='grc'><em>.</em></span> 
     </span>
    </p>
   </div>
   <div class='ocr_carea' id='block_1_99' title="bbox 2204 4736 3742 4819">
    <p class='ocr_par' dir='ltr' id='par_1_99' title="bbox 2204 4736 3742 4819">
     <span class='ocr_line' id='line_1_99' title="bbox 2204 4736 3742 4819; baseline -0.011 -19"><span class='ocrx_word' id='word_1_730' title='bbox 2204 4747 2446 4817; x_wconf 77' lang='grc' dir='ltr'>Πατρὸς,</span> <span class='ocrx_word' id='word_1_731' title='bbox 2473 4747 2570 4800; x_wconf 76' lang='grc' dir='ltr'>καὶ</span> <span class='ocrx_word' id='word_1_732' title='bbox 2600 4747 2730 4800; x_wconf 85' lang='grc' dir='ltr'><strong>Υἱοῦ</strong></span> <span class='ocrx_word' id='word_1_733' title='bbox 2761 4747 3101 4819; x_wconf 79' lang='grc' dir='ltr'>θεολογηθὲν,</span> <span class='ocrx_word' id='word_1_734' title='bbox 3132 4750 3217 4813; x_wconf 84' lang='grc' dir='ltr'><strong>είς</strong></span> <span class='ocrx_word' id='word_1_735' title='bbox 3252 4748 3314 4800; x_wconf 84' lang='grc' dir='ltr'>τὸ</span> <span class='ocrx_word' id='word_1_736' title='bbox 3346 4751 3412 4801; x_wconf 84' lang='grc' dir='ltr'>ὲκ</span> <span class='ocrx_word' id='word_1_737' title='bbox 3454 4744 3649 4810; x_wconf 85' lang='grc' dir='ltr'>Πατρὸς</span> <span class='ocrx_word' id='word_1_738' title='bbox 3673 4736 3742 4788; x_wconf 76' lang='grc' dir='ltr'><strong>καὶ</strong></span> 
     </span>
    </p>
   </div>
   <div class='ocr_carea' id='block_1_100' title="bbox 2205 4830 3741 4912">
    <p class='ocr_par' dir='ltr' id='par_1_100' title="bbox 2205 4830 3741 4912">
     <span class='ocr_line' id='line_1_100' title="bbox 2205 4830 3741 4912; baseline -0.002 -23"><span class='ocrx_word' id='word_1_739' title='bbox 2205 4838 2338 4889; x_wconf 85' lang='grc' dir='ltr'>Υίοῡ</span> <span class='ocrx_word' id='word_1_740' title='bbox 2388 4839 2788 4908; x_wconf 78' lang='grc' dir='ltr'>ἐκπορεύεσθαι</span> <span class='ocrx_word' id='word_1_741' title='bbox 2864 4841 3148 4910; x_wconf 76' lang='grc' dir='ltr'>ἔφρασαν,</span> <span class='ocrx_word' id='word_1_742' title='bbox 3207 4842 3334 4912; x_wconf 79' lang='grc' dir='ltr'>μηδ’</span> <span class='ocrx_word' id='word_1_743' title='bbox 3409 4838 3578 4898; x_wconf 83' lang='grc' dir='ltr'>άλλως</span> <span class='ocrx_word' id='word_1_744' title='bbox 3622 4830 3741 4900; x_wconf 61' lang='grc' dir='ltr'>ἔχονσ</span> 
     </span>
    </p>
   </div>
   <div class='ocr_carea' id='block_1_101' title="bbox 2204 4930 3504 5003">
    <p class='ocr_par' dir='ltr' id='par_1_101' title="bbox 2204 4930 3504 5003">
     <span class='ocr_line' id='line_1_101' title="bbox 2204 4930 3504 5003; baseline 0.002 -21"><span class='ocrx_word' id='word_1_745' title='bbox 2204 4946 2293 4991; x_wconf 86' lang='grc' dir='ltr'><strong>τες</strong></span> <span class='ocrx_word' id='word_1_746' title='bbox 2327 4930 2454 4994; x_wconf 73' lang='grc' dir='ltr'>ἴσως</span> <span class='ocrx_word' id='word_1_747' title='bbox 2481 4932 2580 4984; x_wconf 80' lang='grc' dir='ltr'>διὰ</span> <span class='ocrx_word' id='word_1_748' title='bbox 2606 4932 2666 4984; x_wconf 86' lang='grc' dir='ltr'>τὸ</span> <span class='ocrx_word' id='word_1_749' title='bbox 2693 4932 2877 4985; x_wconf 81' lang='grc' dir='ltr'>στενὸν</span> <span class='ocrx_word' id='word_1_750' title='bbox 2900 4933 2998 5003; x_wconf 82' lang='grc' dir='ltr'>τῆς</span> <span class='ocrx_word' id='word_1_751' title='bbox 3023 4933 3282 5003; x_wconf 86' lang='grc' dir='ltr'>γλώττης</span> <span class='ocrx_word' id='word_1_752' title='bbox 3307 4935 3504 4987; x_wconf 73' lang='grc' dir='ltr'>εἰπεῖν.</span> 
     </span>
    </p>
   </div>
   <div class='ocr_carea' id='block_1_102' title="bbox 526 5017 3744 5098">
    <p class='ocr_par' dir='ltr' id='par_1_102' title="bbox 526 5017 3744 5098">
     <span class='ocr_line' id='line_1_102' title="bbox 526 5017 3744 5098; baseline -0.002 -11"><span class='ocrx_word' id='word_1_753' title='bbox 526 5046 582 5087; x_wconf 87' lang='lat' dir='ltr'><strong>et</strong></span> <span class='ocrx_word' id='word_1_754' title='bbox 615 5032 818 5086; x_wconf 69' lang='lat' dir='ltr'><strong>effundi</strong></span> <span class='ocrx_word' id='word_1_755' title='bbox 851 5047 916 5084; x_wconf 80' lang='lat' dir='ltr'><strong>ex</strong></span> <span class='ocrx_word' id='word_1_756' title='bbox 948 5030 1106 5082; x_wconf 75' lang='lat' dir='ltr'><strong>Pazre</strong></span> <span class='ocrx_word' id='word_1_757' title='bbox 1152 5037 1206 5082; x_wconf 89' lang='lat' dir='ltr'><strong>et</strong></span> <span class='ocrx_word' id='word_1_758' title='bbox 1237 5023 1374 5080; x_wconf 79' lang='lat' dir='ltr'><strong>Filio</strong></span> <span class='ocrx_word' id='word_1_759' title='bbox 1403 5027 1657 5080; x_wconf 77' lang='lat' dir='ltr'><strong>dixerant</strong></span> <span class='ocrx_word' id='word_1_760' title='bbox 1680 5065 1695 5091; x_wconf 90' lang='lat'><strong>,</strong></span> <span class='ocrx_word' id='word_1_761' title='bbox 1734 5025 1786 5077; x_wconf 88' lang='lat' dir='ltr'><strong>itt</strong></span> <span class='ocrx_word' id='word_1_762' title='bbox 1857 5025 1987 5078; x_wconf 86' lang='lat' dir='ltr'><strong>illud</strong></span> <span class='ocrx_word' id='word_1_763' title='bbox 2013 5062 2029 5089; x_wconf 88' lang='lat'><strong>,</strong></span> <span class='ocrx_word' id='word_1_764' title='bbox 2064 5039 2131 5078; x_wconf 81' lang='lat' dir='ltr'><strong>ex</strong></span> <span class='ocrx_word' id='word_1_765' title='bbox 2170 5021 2331 5080; x_wconf 77' lang='lat' dir='ltr'><strong>Patre</strong></span> <span class='ocrx_word' id='word_1_766' title='bbox 2360 5037 2413 5080; x_wconf 92' lang='lat' dir='ltr'><strong>et</strong></span> <span class='ocrx_word' id='word_1_767' title='bbox 2484 5025 2621 5082; x_wconf 83' lang='lat' dir='ltr'><strong>Filio</strong></span> <span class='ocrx_word' id='word_1_768' title='bbox 2686 5027 2985 5098; x_wconf 86' lang='lat' dir='ltr'><strong>procedere</strong></span> <span class='ocrx_word' id='word_1_769' title='bbox 3011 5069 3025 5094; x_wconf 95' lang='lat'><strong>,</strong></span> <span class='ocrx_word' id='word_1_770' title='bbox 3078 5030 3454 5084; x_wconf 77' lang='lat' dir='ltr'><strong>transvexisse</strong></span> <span class='ocrx_word' id='word_1_771' title='bbox 3476 5067 3490 5092; x_wconf 86' lang='lat'><strong>,</strong></span> <span class='ocrx_word' id='word_1_772' title='bbox 3539 5036 3649 5080; x_wconf 78' lang='lat' dir='ltr'><strong>cum</strong></span> <span class='ocrx_word' id='word_1_773' title='bbox 3692 5017 3744 5068; x_wconf 62' lang='grc' dir='ltr'><strong>οὺ</strong></span> 
     </span>
    </p>
   </div>
   <div class='ocr_carea' id='block_1_103' title="bbox 528 5119 2224 5195">
    <p class='ocr_par' dir='ltr' id='par_1_103' title="bbox 528 5119 2224 5195">
     <span class='ocr_line' id='line_1_103' title="bbox 528 5119 2224 5195; baseline -0.002 -15"><span class='ocrx_word' id='word_1_774' title='bbox 528 5129 725 5195; x_wconf 80' lang='lat' dir='ltr'><strong>linguae</strong></span> <span class='ocrx_word' id='word_1_775' title='bbox 781 5125 1089 5194; x_wconf 78' lang='lat' dir='ltr'><strong>angustiam</strong></span> <span class='ocrx_word' id='word_1_776' title='bbox 1142 5122 1283 5174; x_wconf 90' lang='lat' dir='ltr'><strong>forte</strong></span> <span class='ocrx_word' id='word_1_777' title='bbox 1337 5119 1470 5188; x_wconf 88' lang='lat' dir='ltr'><strong>ipsis</strong></span> <span class='ocrx_word' id='word_1_778' title='bbox 1519 5119 1666 5173; x_wconf 87' lang='lat' dir='ltr'><strong>aliud</strong></span> <span class='ocrx_word' id='word_1_779' title='bbox 1726 5135 1830 5172; x_wconf 89' lang='lat' dir='ltr'><strong>non</strong></span> <span class='ocrx_word' id='word_1_780' title='bbox 1895 5130 2224 5188; x_wconf 88' lang='lat' dir='ltr'><strong>suppeteret.</strong></span> 
     </span>
    </p>
   </div>
   <div class='ocr_carea' id='block_1_104' title="bbox 604 5211 2096 5288">
    <p class='ocr_par' dir='ltr' id='par_1_104' title="bbox 604 5211 2096 5288">
     <span class='ocr_line' id='line_1_104' title="bbox 604 5211 2096 5288; baseline -0.004 -16"><span class='ocrx_word' id='word_1_781' title='bbox 604 5220 697 5272; x_wconf 75' lang='lat'><strong>27.</strong></span> <span class='ocrx_word' id='word_1_782' title='bbox 732 5217 910 5288; x_wconf 78' lang='lat' dir='ltr'><strong>Magni</strong></span> <span class='ocrx_word' id='word_1_783' title='bbox 942 5231 1107 5284; x_wconf 84' lang='lat' dir='ltr'><strong>porro</strong></span> <span class='ocrx_word' id='word_1_784' title='bbox 1145 5212 1429 5266; x_wconf 83' lang='lat' dir='ltr'><strong>Athanasii</strong></span> <span class='ocrx_word' id='word_1_785' title='bbox 1487 5213 1864 5281; x_wconf 82' lang='lat' dir='ltr'><strong>querimonias</strong></span> <span class='ocrx_word' id='word_1_786' title='bbox 1911 5211 1977 5266; x_wconf 84' lang='lat' dir='ltr'><strong>de</strong></span> <span class='ocrx_word' id='word_1_787' title='bbox 2007 5212 2096 5277; x_wconf 91' lang='lat' dir='ltr'><strong>iis,</strong></span> 
     </span>
    </p>
   </div>
   <div class='ocr_carea' id='block_1_105' title="bbox 531 5304 2100 5381">
    <p class='ocr_par' dir='ltr' id='par_1_105' title="bbox 531 5304 2100 5381">
     <span class='ocr_line' id='line_1_105' title="bbox 531 5304 2100 5381; baseline -0.003 -17"><span class='ocrx_word' id='word_1_788' title='bbox 531 5315 622 5381; x_wconf 87' lang='lat' dir='ltr'><strong>qtti</strong></span> <span class='ocrx_word' id='word_1_789' title='bbox 657 5312 727 5362; x_wconf 90' lang='lat' dir='ltr'><strong>ob</strong></span> <span class='ocrx_word' id='word_1_790' title='bbox 761 5309 1002 5377; x_wconf 80' lang='lat' dir='ltr'><strong>syllabas</strong></span> <span class='ocrx_word' id='word_1_791' title='bbox 1059 5305 1437 5373; x_wconf 88' lang='lat' dir='ltr'><strong>dietionesqne</strong></span> <span class='ocrx_word' id='word_1_792' title='bbox 1484 5304 1620 5358; x_wconf 89' lang='lat' dir='ltr'><strong>nihil</strong></span> <span class='ocrx_word' id='word_1_793' title='bbox 1676 5305 1958 5359; x_wconf 88' lang='lat' dir='ltr'><strong>veritatem</strong></span> <span class='ocrx_word' id='word_1_794' title='bbox 2005 5307 2100 5359; x_wconf 87' lang='lat' dir='ltr'><strong>do-</strong></span> 
     </span>
    </p>
   </div>
   <div class='ocr_carea' id='block_1_106' title="bbox 537 5394 2098 5472">
    <p class='ocr_par' dir='ltr' id='par_1_106' title="bbox 537 5394 2098 5472">
     <span class='ocr_line' id='line_1_106' title="bbox 537 5394 2098 5472; baseline -0.003 -20"><span class='ocrx_word' id='word_1_795' title='bbox 537 5401 735 5472; x_wconf 75' lang='lat' dir='ltr'><strong>gmatis</strong></span> <span class='ocrx_word' id='word_1_796' title='bbox 772 5399 1031 5452; x_wconf 56' lang='lat' dir='ltr'><strong>latdentes</strong></span> <span class='ocrx_word' id='word_1_797' title='bbox 1065 5394 1438 5448; x_wconf 80' lang='lat' dir='ltr'><strong>Ecclesiarum</strong></span> <span class='ocrx_word' id='word_1_798' title='bbox 1477 5395 1702 5449; x_wconf 89' lang='lat' dir='ltr'><strong>dissidia</strong></span> <span class='ocrx_word' id='word_1_799' title='bbox 1754 5406 2098 5465; x_wconf 86' lang='lat' dir='ltr'><strong>procurant:</strong></span> 
     </span>
    </p>
   </div>
   <div class='ocr_carea' id='block_1_107' title="bbox 536 5485 2099 5555">
    <p class='ocr_par' dir='ltr' id='par_1_107' title="bbox 536 5485 2099 5555">
     <span class='ocr_line' id='line_1_107' title="bbox 536 5485 2099 5555; baseline -0.003 -11"><span class='ocrx_word' id='word_1_800' title='bbox 536 5504 750 5545; x_wconf 89' lang='lat' dir='ltr'><strong>necnon</strong></span> <span class='ocrx_word' id='word_1_801' title='bbox 815 5497 869 5541; x_wconf 91' lang='lat' dir='ltr'><strong>et</strong></span> <span class='ocrx_word' id='word_1_802' title='bbox 923 5487 1167 5554; x_wconf 75' lang='lat' dir='ltr'><strong>Gregorii</strong></span> <span class='ocrx_word' id='word_1_803' title='bbox 1203 5485 1464 5555; x_wconf 80' lang='lat' dir='ltr'><strong>Theologi</strong></span> <span class='ocrx_word' id='word_1_804' title='bbox 1503 5525 1515 5547; x_wconf 87' lang='lat'><strong>,</strong></span> <span class='ocrx_word' id='word_1_805' title='bbox 1571 5496 1624 5539; x_wconf 86' lang='lat' dir='ltr'><strong>et</strong></span> <span class='ocrx_word' id='word_1_806' title='bbox 1680 5487 1856 5553; x_wconf 80' lang='lat' dir='ltr'><strong>magni</strong></span> <span class='ocrx_word' id='word_1_807' title='bbox 1915 5485 2099 5540; x_wconf 56' lang='lat' dir='ltr'><strong>Basilii</strong></span> 
     </span>
    </p>
   </div>
   <div class='ocr_carea' id='block_1_108' title="bbox 539 5575 2102 5643">
    <p class='ocr_par' dir='ltr' id='par_1_108' title="bbox 539 5575 2102 5643">
     <span class='ocr_line' id='line_1_108' title="bbox 539 5575 2102 5643; baseline -0.001 -9"><span class='ocrx_word' id='word_1_808' title='bbox 539 5582 673 5634; x_wconf 77' lang='lat' dir='ltr'><strong>satis</strong></span> <span class='ocrx_word' id='word_1_809' title='bbox 698 5578 915 5632; x_wconf 89' lang='lat' dir='ltr'><strong>abuttdc</strong></span> <span class='ocrx_word' id='word_1_810' title='bbox 941 5593 991 5628; x_wconf 81' lang='lat' dir='ltr'><strong>In</strong></span> <span class='ocrx_word' id='word_1_811' title='bbox 1019 5586 1205 5629; x_wconf 86' lang='lat' dir='ltr'><strong>nostro</strong></span> <span class='ocrx_word' id='word_1_812' title='bbox 1235 5577 1510 5630; x_wconf 81' lang='lat' dir='ltr'><strong>volumine</strong></span> <span class='ocrx_word' id='word_1_813' title='bbox 1540 5575 2059 5643; x_wconf 87' lang='lat' dir='ltr'><strong>comprehendimus</strong></span> <span class='ocrx_word' id='word_1_814' title='bbox 2089 5595 2102 5631; x_wconf 93' lang='lat'><strong>:</strong></span> 
     </span>
    </p>
   </div>
   <div class='ocr_carea' id='block_1_109' title="bbox 541 5665 2104 5736">
    <p class='ocr_par' dir='ltr' id='par_1_109' title="bbox 541 5665 2104 5736">
     <span class='ocr_line' id='line_1_109' title="bbox 541 5665 2104 5736; baseline -0.001 -13"><span class='ocrx_word' id='word_1_815' title='bbox 541 5686 640 5725; x_wconf 87' lang='lat' dir='ltr'><strong>nec</strong></span> <span class='ocrx_word' id='word_1_816' title='bbox 674 5670 740 5724; x_wconf 88' lang='lat' dir='ltr'><strong>de</strong></span> <span class='ocrx_word' id='word_1_817' title='bbox 769 5669 854 5721; x_wconf 85' lang='lat' dir='ltr'><strong>his</strong></span> <span class='ocrx_word' id='word_1_818' title='bbox 885 5668 1042 5736; x_wconf 86' lang='lat' dir='ltr'><strong>plura</strong></span> <span class='ocrx_word' id='word_1_819' title='bbox 1080 5668 1165 5719; x_wconf 89' lang='lat' dir='ltr'><strong>hic</strong></span> <span class='ocrx_word' id='word_1_820' title='bbox 1199 5667 1403 5720; x_wconf 87' lang='lat' dir='ltr'><strong>addere</strong></span> <span class='ocrx_word' id='word_1_821' title='bbox 1439 5668 1491 5720; x_wconf 89' lang='lat' dir='ltr'><strong>itt</strong></span> <span class='ocrx_word' id='word_1_822' title='bbox 1519 5666 1703 5719; x_wconf 86' lang='lat' dir='ltr'><strong>animo</strong></span> <span class='ocrx_word' id='word_1_823' title='bbox 1737 5675 1838 5719; x_wconf 84' lang='lat' dir='ltr'><strong>est.</strong></span> <span class='ocrx_word' id='word_1_824' title='bbox 1879 5665 2104 5722; x_wconf 83' lang='lat' dir='ltr'><strong>Verum-</strong></span> 
     </span>
    </p>
   </div>
   <div class='ocr_carea' id='block_1_110' title="bbox 552 5757 2104 5827">
    <p class='ocr_par' dir='ltr' id='par_1_110' title="bbox 552 5757 2104 5827">
     <span class='ocr_line' id='line_1_110' title="bbox 552 5757 2104 5827; baseline 0.001 -16"><span class='ocrx_word' id='word_1_825' title='bbox 552 5772 732 5812; x_wconf 87' lang='lat' dir='ltr'><strong>tamen</strong></span> <span class='ocrx_word' id='word_1_826' title='bbox 769 5759 1042 5811; x_wconf 78' lang='lat' dir='ltr'><strong>orationis</strong></span> <span class='ocrx_word' id='word_1_827' title='bbox 1078 5757 1273 5810; x_wconf 85' lang='lat' dir='ltr'><strong>faciem</strong></span> <span class='ocrx_word' id='word_1_828' title='bbox 1304 5761 1372 5810; x_wconf 89' lang='lat' dir='ltr'><strong>ad</strong></span> <span class='ocrx_word' id='word_1_829' title='bbox 1407 5766 1456 5810; x_wconf 89' lang='lat' dir='ltr'><strong>te</strong></span> <span class='ocrx_word' id='word_1_830' title='bbox 1485 5765 1864 5810; x_wconf 88' lang='lat' dir='ltr'><strong>convertentes</strong></span> <span class='ocrx_word' id='word_1_831' title='bbox 1893 5798 1906 5821; x_wconf 93' lang='lat'><strong>,</strong></span> <span class='ocrx_word' id='word_1_832' title='bbox 1940 5774 2104 5827; x_wconf 87' lang='lat' dir='ltr'><strong>quem</strong></span> 
     </span>
    </p>
   </div>
   <div class='ocr_carea' id='block_1_111' title="bbox 544 5851 2099 5919">
    <p class='ocr_par' dir='ltr' id='par_1_111' title="bbox 544 5851 2099 5919">
     <span class='ocr_line' id='line_1_111' title="bbox 544 5851 2099 5919; baseline -0.001 -15"><span class='ocrx_word' id='word_1_833' title='bbox 544 5851 611 5904; x_wconf 75' lang='lat' dir='ltr'><strong>in“</strong></span> <span class='ocrx_word' id='word_1_834' title='bbox 653 5852 922 5919; x_wconf 68' lang='lat' dir='ltr'><strong>prooemio</strong></span> <span class='ocrx_word' id='word_1_835' title='bbox 971 5858 1314 5912; x_wconf 74' lang='lat' dir='ltr'><strong>,‘nostrorum.</strong></span> <span class='ocrx_word' id='word_1_836' title='bbox 1378 5865 1690 5904; x_wconf 84' lang='lat' dir='ltr'><strong>sermonum</strong></span> <span class='ocrx_word' id='word_1_837' title='bbox 1765 5854 2099 5918; x_wconf 78' lang='lat' dir='ltr'><strong>tognitorem</strong></span> 
     </span>
    </p>
   </div>
   <div class='ocr_carea' id='block_1_112' title="bbox 2286 5207 3742 5286">
    <p class='ocr_par' dir='ltr' id='par_1_112' title="bbox 2286 5207 3742 5286">
     <span class='ocr_line' id='line_1_112' title="bbox 2286 5207 3742 5286; baseline -0.014 -6"><span class='ocrx_word' id='word_1_838' title='bbox 2286 5215 2386 5279; x_wconf 74' lang='grc' dir='ltr'><strong>κζ’·</strong></span> <span class='ocrx_word' id='word_1_839' title='bbox 2431 5215 2637 5269; x_wconf 86' lang='grc' dir='ltr'>Ὀπόσα</span> <span class='ocrx_word' id='word_1_840' title='bbox 2668 5216 2725 5270; x_wconf 85' lang='grc' dir='ltr'>δὲ</span> <span class='ocrx_word' id='word_1_841' title='bbox 2759 5218 2786 5270; x_wconf 86' lang='grc' dir='ltr'><strong>ό</strong></span> <span class='ocrx_word' id='word_1_842' title='bbox 2815 5216 2992 5286; x_wconf 87' lang='grc' dir='ltr'>μέγας</span> <span class='ocrx_word' id='word_1_843' title='bbox 3029 5216 3363 5281; x_wconf 81' lang='grc' dir='ltr'>Ἀθανάσιος</span> <span class='ocrx_word' id='word_1_844' title='bbox 3391 5219 3501 5279; x_wconf 83' lang='grc' dir='ltr'>τοῖς</span> <span class='ocrx_word' id='word_1_845' title='bbox 3519 5213 3599 5268; x_wconf 84' lang='grc' dir='ltr'>διὰ</span> <span class='ocrx_word' id='word_1_846' title='bbox 3644 5207 3742 5261; x_wconf 83' lang='grc' dir='ltr'>συλ-</span> 
     </span>
    </p>
   </div>
   <div class='ocr_carea' id='block_1_113' title="bbox 2211 5303 3744 5381">
    <p class='ocr_par' dir='ltr' id='par_1_113' title="bbox 2211 5303 3744 5381">
     <span class='ocr_line' id='line_1_113' title="bbox 2211 5303 3744 5381; baseline -0.007 -22"><span class='ocrx_word' id='word_1_847' title='bbox 2211 5307 2382 5369; x_wconf 79' lang='grc' dir='ltr'>λαϐὰς</span> <span class='ocrx_word' id='word_1_848' title='bbox 2411 5310 2504 5361; x_wconf 87' lang='grc' dir='ltr'>καὶ</span> <span class='ocrx_word' id='word_1_849' title='bbox 2536 5308 2710 5374; x_wconf 81' lang='grc' dir='ltr'>λέξεις</span> <span class='ocrx_word' id='word_1_850' title='bbox 2738 5309 2907 5378; x_wconf 78' lang='grc' dir='ltr'>μηδὲν</span> <span class='ocrx_word' id='word_1_851' title='bbox 2957 5311 3059 5381; x_wconf 83' lang='grc' dir='ltr'>τὴν</span> <span class='ocrx_word' id='word_1_852' title='bbox 3091 5310 3191 5363; x_wconf 83' lang='grc' dir='ltr'><strong>τοῦ</strong></span> <span class='ocrx_word' id='word_1_853' title='bbox 3227 5311 3505 5381; x_wconf 87' lang='grc' dir='ltr'>δόγματος</span> <span class='ocrx_word' id='word_1_854' title='bbox 3529 5303 3744 5374; x_wconf 80' lang='grc' dir='ltr'>ἀλήθειαν</span> 
     </span>
    </p>
   </div>
   <div class='ocr_carea' id='block_1_114' title="bbox 2211 5397 3744 5472">
    <p class='ocr_par' dir='ltr' id='par_1_114' title="bbox 2211 5397 3744 5472">
     <span class='ocr_line' id='line_1_114' title="bbox 2211 5397 3744 5472; baseline -0.001 -23"><span class='ocrx_word' id='word_1_855' title='bbox 2211 5398 2502 5461; x_wconf 83' lang='grc' dir='ltr'>ἀδικούσας</span> <span class='ocrx_word' id='word_1_856' title='bbox 2542 5400 2611 5452; x_wconf 82' lang='grc' dir='ltr'>τὰ</span> <span class='ocrx_word' id='word_1_857' title='bbox 2637 5399 2745 5453; x_wconf 85' lang='grc' dir='ltr'>τῶν</span> <span class='ocrx_word' id='word_1_858' title='bbox 2772 5401 3110 5470; x_wconf 85' lang='grc' dir='ltr'>Ἔκκλησιῶν</span> <span class='ocrx_word' id='word_1_859' title='bbox 3137 5403 3494 5472; x_wconf 80' lang='grc' dir='ltr'>αἱρουμένοις</span> <span class='ocrx_word' id='word_1_860' title='bbox 3513 5397 3744 5467; x_wconf 78' lang='grc' dir='ltr'>σχίσματα</span> 
     </span>
    </p>
   </div>
   <div class='ocr_carea' id='block_1_115' title="bbox 2213 5484 3747 5562">
    <p class='ocr_par' dir='ltr' id='par_1_115' title="bbox 2213 5484 3747 5562">
     <span class='ocr_line' id='line_1_115' title="bbox 2213 5484 3747 5562; baseline 0 -20"><span class='ocrx_word' id='word_1_861' title='bbox 2213 5491 2587 5557; x_wconf 81' lang='grc' dir='ltr'>ἐπιμέμφεται</span> <span class='ocrx_word' id='word_1_862' title='bbox 2607 5504 2622 5521; x_wconf 78' lang='grc' dir='ltr'><strong><em>ο</em></strong></span> <span class='ocrx_word' id='word_1_863' title='bbox 2660 5491 2741 5543; x_wconf 76' lang='grc' dir='ltr'>ἔτι</span> <span class='ocrx_word' id='word_1_864' title='bbox 2776 5492 2822 5543; x_wconf 85' lang='grc' dir='ltr'>δ’</span> <span class='ocrx_word' id='word_1_865' title='bbox 2856 5495 2884 5545; x_wconf 85' lang='grc' dir='ltr'>ὁ</span> <span class='ocrx_word' id='word_1_866' title='bbox 2913 5491 3014 5561; x_wconf 87' lang='grc' dir='ltr'>τῆς</span> <span class='ocrx_word' id='word_1_867' title='bbox 3041 5492 3329 5562; x_wconf 81' lang='grc' dir='ltr'>θεολογίας</span> <span class='ocrx_word' id='word_1_868' title='bbox 3378 5494 3646 5560; x_wconf 66' lang='grc' dir='ltr'>ἐπώνυμος</span> <span class='ocrx_word' id='word_1_869' title='bbox 3672 5484 3747 5536; x_wconf 66' lang='grc' dir='ltr'><strong>σὺν</strong></span> 
     </span>
    </p>
   </div>
   <div class='ocr_carea' id='block_1_116' title="bbox 2215 5573 3745 5653">
    <p class='ocr_par' dir='ltr' id='par_1_116' title="bbox 2215 5573 3745 5653">
     <span class='ocr_line' id='line_1_116' title="bbox 2215 5573 3745 5653; baseline 0.004 -21"><span class='ocrx_word' id='word_1_870' title='bbox 2215 5580 2362 5649; x_wconf 78' lang='grc' dir='ltr'>αύτῷ</span> <span class='ocrx_word' id='word_1_871' title='bbox 2385 5580 2650 5650; x_wconf 78' lang='grc' dir='ltr'>Βασιλείῳ</span> <span class='ocrx_word' id='word_1_872' title='bbox 2688 5582 2767 5652; x_wconf 83' lang='grc' dir='ltr'>τῷ</span> <span class='ocrx_word' id='word_1_873' title='bbox 2797 5583 2939 5636; x_wconf 82' lang='grc' dir='ltr'>πάνυ</span> <span class='ocrx_word' id='word_1_874' title='bbox 2971 5586 3293 5653; x_wconf 80' lang='grc' dir='ltr'>ἀρκούντως</span> <span class='ocrx_word' id='word_1_875' title='bbox 3339 5588 3398 5638; x_wconf 72' lang='grc' dir='ltr'>ἐν</span> <span class='ocrx_word' id='word_1_876' title='bbox 3448 5587 3510 5652; x_wconf 85' lang='grc' dir='ltr'><strong>τῇ</strong></span> <span class='ocrx_word' id='word_1_877' title='bbox 3547 5573 3745 5648; x_wconf 60' lang='grc' dir='ltr'>ἡμετέρᾳ</span> 
     </span>
    </p>
   </div>
   <div class='ocr_carea' id='block_1_117' title="bbox 2214 5660 3747 5747">
    <p class='ocr_par' dir='ltr' id='par_1_117' title="bbox 2214 5660 3747 5747">
     <span class='ocr_line' id='line_1_117' title="bbox 2214 5660 3747 5747; baseline 0.001 -26"><span class='ocrx_word' id='word_1_878' title='bbox 2214 5669 2464 5740; x_wconf 85' lang='grc' dir='ltr'>διειλήφα</span> <span class='ocrx_word' id='word_1_879' title='bbox 2473 5689 2571 5741; x_wconf 81' lang='grc' dir='ltr'><strong>μεν</strong></span> <span class='ocrx_word' id='word_1_880' title='bbox 2605 5673 2795 5743; x_wconf 78' lang='grc' dir='ltr'>βίϐλῳ,</span> <span class='ocrx_word' id='word_1_881' title='bbox 2819 5678 2912 5728; x_wconf 81' lang='grc' dir='ltr'>καὶ</span> <span class='ocrx_word' id='word_1_882' title='bbox 2934 5677 3092 5730; x_wconf 85' lang='grc' dir='ltr'>πλέον</span> <span class='ocrx_word' id='word_1_883' title='bbox 3124 5678 3284 5732; x_wconf 85' lang='grc' dir='ltr'>οὐδὲν</span> <span class='ocrx_word' id='word_1_884' title='bbox 3311 5679 3440 5747; x_wconf 78' lang='grc' dir='ltr'>περὶ</span> <span class='ocrx_word' id='word_1_885' title='bbox 3463 5660 3654 5730; x_wconf 79' lang='grc' dir='ltr'>τούτων</span> <span class='ocrx_word' id='word_1_886' title='bbox 3681 5667 3747 5718; x_wconf 78' lang='grc' dir='ltr'>λέ·</span> 
     </span>
    </p>
   </div>
   <div class='ocr_carea' id='block_1_118' title="bbox 2218 5755 3747 5838">
    <p class='ocr_par' dir='ltr' id='par_1_118' title="bbox 2218 5755 3747 5838">
     <span class='ocr_line' id='line_1_118' title="bbox 2218 5755 3747 5838; baseline 0.005 -24"><span class='ocrx_word' id='word_1_887' title='bbox 2218 5779 2336 5828; x_wconf 82' lang='grc' dir='ltr'>γειν</span> <span class='ocrx_word' id='word_1_888' title='bbox 2369 5765 2690 5836; x_wconf 80' lang='grc' dir='ltr'>βουλόμεθα.</span> <span class='ocrx_word' id='word_1_889' title='bbox 2734 5768 2890 5822; x_wconf 82' lang='grc' dir='ltr'>Ἀλλὰ</span> <span class='ocrx_word' id='word_1_890' title='bbox 2918 5771 2982 5822; x_wconf 86' lang='grc' dir='ltr'>τὸ</span> <span class='ocrx_word' id='word_1_891' title='bbox 3033 5769 3124 5822; x_wconf 81' lang='grc' dir='ltr'><strong>τοῦ</strong></span> <span class='ocrx_word' id='word_1_892' title='bbox 3158 5771 3324 5838; x_wconf 78' lang='grc' dir='ltr'>λόγου</span> <span class='ocrx_word' id='word_1_893' title='bbox 3365 5771 3634 5838; x_wconf 78' lang='grc' dir='ltr'>πρόσωπον</span> <span class='ocrx_word' id='word_1_894' title='bbox 3675 5755 3747 5808; x_wconf 62' lang='grc' dir='ltr'><strong>κπὶ</strong></span> 
     </span>
    </p>
   </div>
   <div class='ocr_carea' id='block_1_119' title="bbox 2219 5855 3744 5932">
    <p class='ocr_par' dir='ltr' id='par_1_119' title="bbox 2219 5855 3744 5932">
     <span class='ocr_line' id='line_1_119' title="bbox 2219 5855 3744 5932; baseline 0 -26"><span class='ocrx_word' id='word_1_895' title='bbox 2219 5857 2382 5910; x_wconf 79' lang='grc' dir='ltr'>πάλιν</span> <span class='ocrx_word' id='word_1_896' title='bbox 2416 5858 2546 5929; x_wconf 72' lang='grc' dir='ltr'>πρὸς</span> <span class='ocrx_word' id='word_1_897' title='bbox 2578 5859 2635 5914; x_wconf 80' lang='grc' dir='ltr'>σὲ</span> <span class='ocrx_word' id='word_1_898' title='bbox 2666 5861 2985 5930; x_wconf 75' lang='grc' dir='ltr'>τρέψαντες,</span> <span class='ocrx_word' id='word_1_899' title='bbox 3017 5863 3076 5914; x_wconf 79' lang='grc' dir='ltr'>ὃν</span> <span class='ocrx_word' id='word_1_900' title='bbox 3104 5865 3164 5914; x_wconf 84' lang='grc' dir='ltr'>ὲν</span> <span class='ocrx_word' id='word_1_901' title='bbox 3196 5864 3497 5932; x_wconf 54' lang='grc' dir='ltr'>προοιμίοι,</span> <span class='ocrx_word' id='word_1_902' title='bbox 3523 5857 3620 5910; x_wconf 84' lang='grc' dir='ltr'>τῶν</span> <span class='ocrx_word' id='word_1_903' title='bbox 3639 5855 3744 5920; x_wconf 68' lang='grc' dir='ltr'><strong>ἡμε-</strong></span> 
     </span>
    </p>
   </div>
  </div>
