3962 6402
1688 282 1710 312 ο

293 361 433 430 ιθοε)

1721 386 2012 448 AI’OLOG
2027 388 2120 449 IA.

3408 386 3547 448 illlO

287 479 466 547 τέρων
525 480 700 550 λόγων
764 484 1134 557 διαγνὼμονα,
1167 493 1689 564 προεκαλεσάμεθα,
1729 499 1866 566 πρὸς

1975 503 2467 572 compellavimus,
2533 519 2628 571 per
2691 503 2858 558 Deum
2916 511 2970 557 et
3026 503 3196 572 ipsam
3255 506 3541 556 veritatem

285 566 426 622 Θεοῦ
488 587 547 624 σε
576 573 668 625 καὶ
700 577 800 646 τῆς
851 577 1109 650 ἀληθείας
1165 582 1479 654 ὁρκίζομεν,
1533 587 1628 640 τοῦ
1681 589 1867 653 εὐθέος

290 661 460 730 μηδὲν
488 666 954 736 παρεγκλίναντα,
1003 672 1299 741 διαγνῶναι
1355 678 1562 746 ἁπάρτι
1583 719 1600 742 ,
1635 684 1684 734 εί
1715 685 1868 753 παρά

285 750 397 803 Ιτῶν
418 754 550 822 ἡμῖν
588 756 979 824 ἀντιλεγόντων
1000 761 1227 828 δικαίως
1255 769 1418 835 ἡμεῖς
1444 770 1545 840 τῆς
1584 750 1869 837 εὐσεϐείας

287 843 549 911 προδόται
603 849 697 901 καὶ
745 851 858 903 τῶν
919 856 1196 924 ὁμογενῶν
1231 856 1508 929 λεγόμεθα
1577 861 1868 932 Ῥωμαίων

286 934 612 1004 ἐχθροὶ,καὶ
661 941 781 1009 οὐχὶ
835 943 991 996 αὐτοὶ
1039 947 1213 1003 ταῦτά
1254 952 1359 1002 εἰσι
1408 951 1607 1021 μᾶλλον
1645 957 1741 1008 καὶ
1792 957 1871 1010 δι-

286 1028 592 1096 καιότερον.
629 1029 767 1093 Τοὺς
797 1031 906 1102 γὰρ
935 1033 1150 1102 λόγους,
1182 1039 1306 1091 καθ’
1333 1038 1426 1103 οὒς
1456 1040 1523 1094 ἂν
1546 1043 1655 1096 τῶν
1675 1045 1872 1118 ἐγκλη-

289 1115 480 1178 μάτων
515 1117 740 1182 δικαέως
799 1123 983 1186 αὐτοῖς
1041 1127 1330 1200 προσάψῃς
1377 1130 1660 1200 ἑκάτερον,
1720 1115 1868 1204 ἕχει-ς

285 1203 493 1266 ίκανῶς
541 1207 907 1271 ἀποδοθέντας
961 1211 1092 1282 παρ’
1141 1215 1323 1284 ἡμῶν,
1357 1215 1421 1270 ἐκ
1452 1235 1512 1270 τε
1569 1214 1646 1273 ὧν
1691 1223 1724 1291 ὴ
1773 1221 1867 1275 τοῦ

285 1292 434 1346 θείου
468 1295 569 1364 τῆς
605 1297 926 1368 ’Δντιοχέων
973 1303 1263 1372 προέδρου,
1313 1305 1530 1360 καὶτοῦ
1559 1312 1866 1379 κορυφαίου

283 1386 394 1438 τῶν
424 1388 741 1441 ἀποστόλων
770 1391 1065 1460 ὁμωνύμου
1124 1395 1406 1468 ἐπιστολὴ,
1470 1399 1593 1454 καθ’
1626 1403 1868 1469 ἱστορίαν

289 1479 418 1546 ἡμῖν
435 1481 795 1550 ἐχορήγησεν,
828 1481 891 1536 ἐκ
951 1501 1008 1537 τε
1039 1479 1114 1539 ὧν
1145 1487 1204 1540 ὲν
1237 1491 1348 1551 τοῖς
1379 1489 1472 1542 τοῦ
1498 1491 1658 1559 λόγου
1689 1495 1866 1562 ἀγῶσι
1913 1518 1920 1524 ο

286 1567 691 1639 θειογραφικῶν
712 1572 1068 1644 διειλήφαμεν
1092 1580 1343 1649 χρήσεων
1361 1583 1440 1645 εἰς
1465 1584 1740 1649 ἀπόδειξιν
1765 1587 1866 1654 τῆς

284 1660 353 1729 ἦν
385 1661 704 1730 ἐπισφαλῶς
754 1665 1050 1732 ἀρνοῦνται
1109 1669 1401 1739 ὑπάρξεως
1444 1673 1538 1727 τοῦ
1592 1677 1864 1745 παναγίου

1974 597 2332 659 obtestamur,
2369 613 2437 652 ne
2487 613 2515 651 a
2570 605 2718 650 recto
2751 597 2834 651 vel
2893 596 3180 672 minimum
3239 594 3543 655 declinans.

1971 687 2040 739 ah
2078 687 2181 740 hac
2230 686 2718 760 hora'dijutlices,
2773 702 2842 740 an
2889 686 3037 754 juste
3092 701 3194 739 nos
3251 701 3279 738 a
3337 685 3543 738 nostris

1971 778 2302 832 adversariis
2331 778 2546 846 pietatis
2577 778 2886 846 proditores
2907 815 2924 842 ,
2961 787 3014 832 et
3050 787 3252 832 nostra:
3289 775 3548 837 nationis.

1971 867 2285 924 Graecorum
2316 884 2509 939 nempe
2536 909 2550 932 ,
2587 869 2777 924 hostes
2831 884 3219 940 nuncupamur
3246 911 3261 931 ,
3327 878 3382 922 et
3435 883 3545 922 non

1973 959 2076 1028 ipsi
2112 959 2297 1027 potius
2329 970 2383 1013 et
2432 958 2604 1029 magis
2633 958 2760 1026 jure
2815 958 3022 1028 optimo
3073 959 3245 1013 sunt?
3284 956 3548 1011 Rationes

1969 1049 2114 1101 enim
2183 1049 2254 1102 ob
2318 1063 2456 1118 quas
2536 1057 2766 1117 utraque
2831 1057 3256 1102 commemorata
3316 1046 3547 1100 crimina

1970 1139 2106 1208 ipsis
2136 1140 2402 1210 appingas
2430 1182 2444 1204 ,
2499 1140 2667 1194 habes
2717 1154 2749 1193 a
2791 1138 2954 1193 nobis
2987 1140 3202 1192 abunde
3244 1139 3341 1191 tibi
3377 1152 3545 1206 expo—

1971 1233 2128 1296 sitas,
2165 1242 2276 1288 tum
2312 1249 2379 1288 ex
2410 1233 2509 1300 iis,
2537 1248 2658 1302 quae
2687 1232 2858 1287 divini
2892 1231 3248 1286 Antiochenae
3280 1229 3544 1284 Ecclesiae

1970 1326 2220 1393 praesulis
2247 1365 2263 1390 ,
2343 1335 2396 1380 et
2465 1325 2726 1396 principis
2772 1326 3149 1395 apostolorum
3190 1323 3536 1392 cognominis

1969 1415 2202 1484 epistola
2239 1416 2520 1479 continet,
2578 1425 2633 1471 et
2664 1416 2824 1471 nobis
2863 1431 2928 1470 ex
2985 1416 3215 1470 historia
3274 1414 3548 1470 submini-

1971 1509 2206 1573 stravit,
2241 1518 2356 1564 tum
2390 1525 2455 1564 ex
2498 1509 2566 1564 iis
2592 1550 2609 1576 ,
2643 1524 2765 1578 quae
2797 1509 2853 1562 in
2896 1509 3016 1578 ipso
3066 1508 3339 1562 orationis
3373 1516 3550 1561 certa-

1971 1600 2118 1653 mine
2147 1599 2293 1654 dicta
2323 1580 2646 1654 sanctorum
2680 1600 2889 1669 scripto
2941 1601 3084 1654 edita
3123 1599 3450 1668 collegimus
3483 1597 3548 1648 ad

1971 1691 2482 1747 demomstrandum
2532 1691 2870 1746 sanctissimi
2911 1692 3150 1761 Spiritus
3199 1706 3296 1758 per
3348 1687 3547 1743 Filium

284 1751 605 1819 Πνεύματος
655 1754 725 1808 δι’
779 1757 906 1810 Υίοῦ
947 1761 1012 1812 ἐκ
1043 1760 1277 1830 Πατρός.
1337 1767 1412 1818 Οὐ
1442 1769 1640 1837 μικρὸν
1669 1770 1728 1822 δὲ
1755 1769 1866 1824 ἴσθι,

1970 1799 2035 1851 οχ
2093 1783 2254 1838 Patre
2303 1784 2710 1851 exsislentiam,
2755 1801 2920 1855 quam
2972 1786 3074 1854 ipsi
3114 1795 3317 1839 temere
3353 1793 3404 1838 et
3440 1798 3548 1836 non

285 1843 424 1913 πρὸς
490 1844 589 1916 τὴν
632 1841 846 1902 ἑαυτῶν
885 1850 1360 1925 προϐαλλομένους
1393 1860 1543 1928 ἡμᾶς
1600 1859 1864 1916 σύστασιν

1971 1879 2179 1947 absque
2222 1893 2414 1934 errore
2466 1878 2680 1935 inﬁcias
2734 1887 2890 1933 eunt.
2938 1877 3050 1933 Nec
3097 1876 3250 1946 parvi
3284 1873 3550 1929 momenti

283 1936 378 1987 καὶ
411 1936 472 1988 τὸ
509 1936 583 2008 μὴ
620 1940 721 2008 τὴν
749 1941 868 1992 ὁδὸν
895 1941 1124 2014 ταύτην,
1152 1945 1226 2010 ὠς
1275 1948 1399 2001 νέαν
1446 1951 1541 2004 καὶ
1568 1953 1858 2026 ἀρτιτριόἧ

279 2026 544 2098 ἄντικρυς
577 2030 796 2086 ὁδεῦσαι
825 2035 997 2103 ἡμᾶς,
1031 2036 1148 2090 ἀλλ’
1175 2038 1246 2104 ὡς
1283 2039 1430 2108 ἅπαξ
1461 2046 1612 2111 παρὰ
1645 2045 1738 2096 τοῦ
1762 2062 1861 2112 μεθ

279 2117 451 2185 γάλου
480 2121 736 2191 Μαξίμου
770 2124 1155 2184 διοδευθεῖσαν.
1228 2131 1468 2194 Ἐκεῖνος
1509 2134 1619 2205 γὰρ
1646 2136 1862 2205 πρῶτος

279 2209 456 2277 αὐτὴν
481 2212 576 2265 καὶ
596 2211 781 2284 ἔτεμε,
827 2218 922 2270 καὶ
945 2217 1226 2288 διώδευσε,
1255 2225 1282 2275 ὀ
1312 2223 1421 2278 τῶν
1438 2226 1684 2280 Λατίνων
1714 2228 1864 2280 ἐλευ-

281 2301 420 2372 θέρᾳ
452 2303 672 2367 πάντως
728 2307 1092 2380 ὑπερηγορῶν
1121 2313 1361 2386 γλώττῃ,
1399 2317 1464 2370 ἐκ
1498 2317 1714 2389 Πατρὸς
1766 2321 1861 2373 καὶ

280 2392 417 2447 Υιοῦ
442 2395 843 2466 ἐκπορεύεσθαι
889 2400 1159 2470 λεγόντων
1183 2408 1244 2458 τὸ
1291 2408 1536 2479 Πνεῦμα,
1566 2415 1660 2465 καὶ
1687 2413 1769 2475 είς
1803 2413 1862 2466 τὸ

282 2483 350 2536 ὲκ
383 2485 598 2556 Ila-:ch
642 2487 709 2540 δι’
737 2489 864 2541 Υἱοῦ
892 2490 990 2558 τὴν
1011 2493 1382 2569 ύπερηγορίαν
1411 2500 1609 2556 ἑαυτοῦ
1639 2504 1862 2557 ἀποτεί-

285 2593 413 2631 νων.
439 2580 547 2632 Καὶ
578 2578 644 2632 σὺ
677 2581 775 2650 μὲν
789 2582 850 2633 τὸ
875 2583 975 2652 τῆς
1006 2584 1349 2654 διαγνώσεως
1374 2589 1548 2656 οὕτως
1569 2594 1859 2664 ἀπροσπα-

283 2665 377 2727 θὲς
415 2669 694 2739 τήρησονο
724 2673 776 2724 oi
806 2671 864 2727 δὲ
893 2676 962 2728 τὰ
985 2677 1111 2729 καθ’
1158 2679 1316 2748 ἡμῶν
1365 2682 1638 2756 ἀπόφημα
1669 2687 1864 2756 θρασεῖ

279 2761 378 2812 καὶ
406 2761 678 2834 ἁπυλώτῳ
707 2764 1136 2839 ἀπερευξάμενοι
1158 2772 1410 2842 στόματι,
1441 2775 1472 2847 ἢ
1495 2779 1588 2830 καὶ
1609 2778 1861 2853 τολμηρᾷ

278 2855 431 2922 χειρὶ
458 2859 644 2927 γραφῇ
694 2860 1034 2927 παραδόντες
1081 2864 1240 2929 αὐτὰ,
1304 2869 1418 2921 ἐκεῖ
1450 2871 1860 2945 ἀντικαταστή-

279 2947 471 2997 σονταί
509 2964 621 3016 μοι,
665 2952 798 3003 ὅπου
828 2954 1023 3025 κριτὴς
1044 2958 1071 3008 ὁ
1098 2957 1206 3010 τῶν
1240 2959 1463 3014 ἐννοιῶν
1493 2964 1729 3026 καθίσει,
1766 2967 1862 3020 καὶ

278 3037 637 3108 ἐνθυμήσεων
665 3043 926 3115 ὲταστής.
967 3048 1041 3101 Οὐ
1069 3048 1252 3118 γὰρδὴ
1274 3051 1434 3106 κάκεῖ
1450 3054 1550 3123 τῆς
1577 3056 1862 3122 ἐκπορεύ-

273 3145 409 3183 εται
454 3132 766 3198 ἀνθέξονται
796 3136 1014 3205 λέξεως,
1049 3141 1142 3194 καὶ
1171 3141 1272 3196 ὅσα
1314 3143 1548 3200 ἐνταῦθα
1568 3149 1703 3217 ἡμῖν
1729 3152 1863 3222 περὶ

1971 1980 2079 2034 est,
2119 1969 2364 2024 et‘velim
2400 1970 2567 2032 scias,
2601 1970 2749 2040 quod
2791 1985 2894 2024 nos
2930 1969 3125 2024 horum
3165 1968 3232 2022 ad
3284 1981 3548 2035 compro-

1971 2057 2248 2112 bationem
2299 2059 2657 2128 proponimus
2688 2097 2703 2122 ,
2761 2060 2902 2113 hanc
2956 2059 3100 2112 viam
3159 2073 3268 2112 non
3324 2057 3402 2111 uti
3453 2071 3550 2109 no-

1969 2165 2115 2213 vam,
2167 2163 2267 2205 nec
2317 2151 2393 2205 uti
2446 2151 2557 2220 jam
2614 2165 2760 2206 nunc
2812 2163 3002 2225 recens
3061 2149 3246 2204 tritam
3304 2163 3370 2202 ex
3425 2162 3551 2216 pro-

1969 2243 2115 2299 fesso
2170 2242 2449 2312 ingressos
2499 2258 2642 2308 esse,
2685 2244 2782 2298 sed
2831 2243 3001 2298 semel
3059 2257 3089 2296 a
3143 2256 3341 2311 magno
3376 2239 3546 2293 Maxi-

1968 2348 2060 2388 mo
2091 2316 2354 2389 calcatam
2382 2375 2396 2400 ,
2432 2335 2548 2404 ipse
2597 2335 2868 2405 siquidem
2912 2335 3125 2405 primus
3155 2334 3302 2388 illam
3333 2342 3388 2387 et
3418 2346 3547 2401 ape-

1971 2424 2084 2479 ruit
2113 2432 2170 2479 et
2198 2427 2553 2495 pertransivit
2579 2467 2595 2492 ,
2629 2428 2735 2497 fqui
2768 2427 2941 2482 libera
2975 2427 3162 2495 lingua
3217 2424 3547 2478 Latinorum

1967 2515 2346 2572 defensionem
2390 2518 2680 2587 suscepit,
2719 2519 2813 2588 qui
2847 2517 3141 2574 tradebant
3178 2515 3444 2584 Spiritum
3481 2530 3547 2568 ex

1970 2605 2134 2660 Patre
2166 2615 2221 2661 et
2247 2605 2387 2661 Filio
2420 2608 2721 2676 procedere
2748 2649 2763 2674 ,
2811 2608 3191 2663 defensionem
3227 2606 3282 2660 in
3314 2605 3447 2658 illud
3480 2618 3545 2658 ex

1969 2698 2129 2754 Patre
2196 2715 2294 2769 per
2359 2697 2558 2753 Filium
2631 2701 2994 2765 continuare,
3048 2697 3316 2752 extendit;
3367 2695 3433 2750 Et
3489 2706 3546 2749 tu

1967 2792 2188 2862 quidem
2248 2792 2369 2848 sine
2415 2792 2529 2848 ullo
2579 2791 2773 2848 all‘cctu
2835 2793 3212 2862 dignationem
3267 2789 3540 2860 perﬁcito.

1968 2885 2074 2950 Qui
2108 2900 2237 2940 vero
2287 2896 2480 2942 contra
2539 2904 2640 2943 nos
2703 2889 3047 2952 inominata,
3107 2896 3162 2942 et
3216 2901 3339 2955 qua:
3389 2884 3538 2938 dicto

1972 2981 2280 3048 exprimere
2319 2979 2473 3036 nefas
2515 2990 2638 3045 est,
2692 2981 2885 3035 audaci
2936 2980 3260 3048 eﬂrenoque
3290 2993 3386 3032 ore
3414 2992 3545 3031 eru-

1967 3077 2212 3137 ctarunt,
2243 3080 2338 3124 aut
2365 3072 2656 3126 temeraria
2685 3086 2851 3125 manu
2878 3071 3086 3139 scripto
3121 3068 3544 3132 commiserunt,

1969 3177 2034 3216 ex
2066 3161 2299 3217 adverso
2357 3163 2788 3228 constituentur,
2825 3164 2916 3218 ubi
2971 3162 3142 3234 judex
3195 3161 3451 3217 cordium
3491 3171 3546 3215 et

275 3221 484 3287 ταύτης
529 3223 1001 3296 διενοχλήσουσιν,
1049 3229 1185 3283 ἀλλὰ
1229 3232 1323 3285 καί
1381 3235 1512 3305 πρὶν
1543 3237 1693 3306 ἡμᾶς
1729 3240 1860 3312 περὶ

1970 3250 2354 3321 cogitationum
2417 3252 2669 3321 cognitor
2724 3253 2958 3309 sedebit.
3021 3252 3208 3322 Neque
3267 3252 3414 3306 enim
3470 3249 3545 3303 ibi

277 3313 489 3382 ταύτης
525 3316 992 3388 ἀπολογήσασθαι,
1018 3320 1114 3375 (ire
1140 3324 1334 3394 κριτὴς
1361 3327 1579 3381 ἐννοιῶν
1598 3329 1626 3382 ὁ
1646 3330 1859 3401 κριτὴς,

1970 3313 2070 3410 pro
2098 3341 2347 3396 dictione
2376 3313 2696 3412 procedendi
2735 3352 2924 3398 contra
2964 3359 3087 3399 sese
3116 3351 3435 3413 opponent,
3488 3350 3545 3394 et

277 3406 419 3472 πρ“.ς
443 3405 540 3475 τὴν
574 3404 782 3462 ἔννοιαν
816 3410 1034 3474 πάντως
1068 3414 1260 3485 ἀπίδῃ,
1302 3417 1427 3471 καθ’
1455 3417 1522 3488 ἢν
1552 3421 1716 3491 ἡμεῖς
1759 3421 1862 3494 τὴν

1970 3404 2104 3500 quas
2157 3433 2319 3490 nobis
2364 3435 2453 3491 hic
2511 3451 2612 3506 pro
2657 3453 2721 3492 ea
2770 3436 3052 3492 molestias
3105 3436 3524 3497 exhibuerunt,

274 3493 390 3547 τῶν
423 3497 762 3569 Ἑκκλησιῶν
784 3505 1009 3575 είρήνην
1040 3507 1710 3582 διεπραγματευσάμεθα,
1763 3493 1860 3570 καὶ

1970 3493 2348 3595 renovabunt,
2403 3493 2600 3584 sed-et
2650 3539 2944 3594 antequam
2998 3542 3100 3582 nos
3149 3529 3217 3582 de
3249 3541 3313 3580 ea
3345 3523 3543 3579 defen-

274 3587 411 3657 περὶ
455 3589 612 3658 ἡμῶν
663 3595 803 3663 μετά
831 3597 933 3668 τῆς
977 3599 1156 3653 αὐτῶν
1205 3603 1452 3673 ἐμφύτου
1484 3606 1855 3676 ἀποφανεῖται

1970 3613 2174 3670 sionem
2225 3619 2622 3684 exordiamur,
2682 3620 2848 3675 veluti
2903 3619 3298 3690 cogitationum
3349 3615 3542 3686 iudex,

273 3695 384 3748 χρη
393 3682 670 3753 στότητος.

1970 3708 2108 3778 apud
2139 3725 2300 3778 quem
2331 3682 2616 3779 judicium
2637 3713 2804 3768 srabit
2825 3755 2840 3780 ,
2872 3682 3264 3782 cogitationem
3315 3682 3546 3780 prorsus

271 3771 664 3844 introspiciet,
753 3797 862 3852 qua
907 3800 1009 3842 nos
1065 3787 1432 3847 Ecclesiarum
1484 3807 1670 3862 pacem
1731 3800 2143 3868 promovimus,
2177 3812 2231 3858 et
2285 3805 2352 3860 de
2424 3806 2584 3862 nobis
2656 3821 2756 3862 sua
2791 3808 2980 3863 innata
3046 3805 3292 3862 bonitate
3319 3814 3545 3860 senten—

270 3869 409 3920 tiam
443 3866 705 3936 proferet.

286 4004 2569 4044 Ἥ

1381 4137 1732 4270 Tor
1823 4039 2400 4276 Αγτὸἶ

1579 4365 2198 4455 ΑΠΟΛΟΓΙΑ.

1685 4511 2068 4583 ΗΜΕΤΕΡΩΝ
2115 4518 2296 4572 ΕΘΩΝ
2343 4518 2678 4574 ΔΕΞᾹΣΘΑῘ
2729 4523 2873 4578 ΤΗΝ
2933 4526 3070 4578 ΤΩΝ
3129 4527 3532 4583 ΕΚΚΑΗΣΙΩΝ

342 4567 1288 4655 gngzrrgﬂlngngrgﬂgunnn
1307 4578 1452 4632 THN
1486 4579 1574 4633 EN
1609 4580 1880 4653 ΧΡΙΣΤῼ,
1912 4567 2152 4643 mro
2170 4567 3540 4655 iﬁuiﬁiﬁﬁi'Xrﬁii'AriXiiAXiii‘iai'é'zﬁi'n

341 4638 479 4690 ΤΟΥ
510 4638 872 4692 ΔΟΓΜᾹΤΟΣ
902 4639 1236 4699 ΕΝΝΟΙΑΝ.

1481 4895 2365 5028 EJUSDEM

1593 5131 2237 5224 APOLOGIA.

257 5306 846 5400 Μῌὲἓὲρέὶὲ
879 5292 2371 5400 ΕρὲτβέδηέὶρὲξβεῖὲῡῐΰὲξΡΕΞΤΒΠΙ.
2427 5324 2497 5386 SI
2552 5326 3107 5392 ECCLESIAHUM
3169 5335 3532 5400 UNIONEM

338 5387 1128 5496 λὲἓὲἓῖὲτὶίὲἓνρδέθὲ
1141 5389 1190 5496 ίῖ
1203 5387 1650 5496 ρὲἓὲίὲἐςεὲἐη
1661 5393 1941 5496 2:191?!
1955 5396 2072 5496 ,ΞΗ
2085 5387 2630 5496 ΨΞΙΩΣΑΕΕΜ
2669 5387 3530 5496 Μήυῆῐῗῗῦιίὸὸθλῖῦὅέιῖ
3589 5421 3603 5436 ‘

341 5465 566 5540 QUOD
609 5464 850 5526 INTER
880 5465 974 5526 SE
1017 5467 1098 5528 IN
1144 5468 1617 5529 ASSERENDO
1665 5470 2060 5536 DOGMATE
2099 5464 2639 5545 CONVENIUNf.

1555 5601 1760 5663 (Graecia
1793 5605 1986 5655 orthod.
2020 5606 2084 5667 Π,
2122 5607 2228 5671 9L)

342 5727 411 5784 α’.
445 5706 707 5804 Προσεχε,
750 5734 974 5804 ούρανὲ,
1015 5735 1110 5790 καὶ
1145 5735 1386 5807 λαλήσω,
1431 5740 1527 5792 καὶ
1591 5741 1843 5797 ἀκουέτω

2025 5747 2071 5799 l.
2112 5747 2366 5815 Attende,
2399 5751 2595 5805 caelum
2621 5790 2636 5816 ,
2697 5761 2750 5807 et
2781 5754 2977 5824 loquar
3007 5775 3019 5811 :
3051 5768 3105 5814 ct
3162 5760 3348 5816 audiat
3377 5772 3522 5819 terra

256 5839 336 5892 γα
368 5823 593 5896 ῥήματα
618 5827 680 5882 ἑκ
707 5828 975 5900 στόματός
1015 5847 1138 5900 μου.
1176 5830 1418 5903 Οὐρανὸν
1460 5833 1553 5890 καὶ
1596 5834 1698 5907 γῆν
1734 5835 1844 5906 ἐγὼ

1970 5839 2118 5896 verba
2179 5841 2292 5897 oris
2343 5843 2467 5898 rnci.
2504 5841 2717 5899 leum
2759 5855 2813 5903 et
2856 5855 3054 5906 terr-am
3091 5851 3252 5909 hodie
3279 5870 3527 5911 meorum
