3962 6410
1541 357 1751 423 1ΟΑΝ.
1797 364 2008 427 VECCI
2048 372 2151 430 (2P.
2197 374 2706 438 PATIHARCHJE

487 470 804 513 sermonum
868 462 921 517 in
974 464 1310 522 audientiam
1358 483 1639 537 provocm
1673 477 1740 529 At
1775 479 2048 537 undenam

489 562 516 568 __
548 547 622 568 η,
659 565 750 568 μη
946 556 961 568 .
1033 558 1043 568 .
1378 562 1389 568 -

2168 485 2402 557 σήμερον
2441 489 2550 543 τῶν
2581 490 2734 560 ἐμῶν
2786 490 3164 562 προκαλοῦμαι
3207 493 3375 562 λόγων
3427 495 3673 568 ἀκροατάς.

489 547 622 601 mihi
658 565 850 607 vocem
896 556 1199 612 adsciscam
1232 598 1248 619 ,
1304 562 1460 627 cujus
1508 569 1797 637 strepitum
1837 576 2057 632 termini

2168 547 2271 634 ις’ἑι
2304 547 2473 659 ’πόθεν
2511 547 2627 650 μοι.
2652 582 2809 637 ἔσται
2832 547 3047 654 ’φωνὴν
3068 547 3518 656 ’ἐκρῆξαιπάἧᾶ
3545 547 3675 645 δυνα-

486 656 675 695 omncs
709 642 951 714 finesque
980 648 1285 706 hauriant?
1332 653 1485 721 Quod
1523 659 1567 712 si
1604 662 1835 717 similem
1866 681 2054 722 vocem

488 749 594 786 non
630 737 941 804 nanciscar,
974 746 1251 810 quomodo
1284 749 1424 805 votis
1478 753 1616 807 meis
1670 755 1787 824 ipse
1829 759 2052 814 satisfa-

487 828 650 883 ciam.
683 829 775 895 qui
807 831 1005 885 coelum
1043 844 1096 887 et
1125 844 1324 892 terram
1354 839 1518 895 hodie
1550 844 1616 899 ad
1662 861 1908 902 meorum
1942 865 2058 905 ser-

491 931 712 971 monum
747 921 1081 978 audientiam
1112 942 1411 996 provocare
1436 944 1587 989 motu
1617 939 1852 1007 quodam
1886 944 2053 997 animi

487 1010 738 1063 concitus
769 1015 939 1067 sum?
989 1016 1182 1070 Verum
1238 1021 1329 1089 qui
1358 1023 1674 1091 lpiscatores
1721 1029 1886 1099 legit,
1936 1043 2056 1088 tan-

489 1107 710 1169 tumque
762 1117 954 1160 eorum
1014 1109 1236 1166 virtutis
1286 1113 1645 1174 imbecillitati
1701 1121 1957 1193 ingessit.
1993 1138 2055 1180 ut

488 1204 539 1242 tn
570 1205 788 1248 omnem
847 1206 1047 1254 terram
1077 1216 1265 1256 eorum
1298 1220 1468 1263 sonus
1499 1211 1714 1279 exierit,
1745 1222 1799 1269 et
1834 1214 1887 1268 in
1916 1216 2052 1271 fines

488 1283 635 1334 orbis
674 1294 837 1342 terra:
867 1290 1030 1344 verba
1064 1307 1255 1347 eorum
1313 1302 1702 1367 processerint,
1735 1306 1886 1360 vocis
1919 1323 2055 1363 mea

486 1375 777 1427 rcttiissum
810 1392 873 1431 ac
903 1387 1066 1434 tenue
1096 1383 1312 1437 virtutis
1349 1402 1463 1441 sua!
1491 1389 1821 1447 abundantia
1865 1409 2055 1448 corro-

488 1464 703 1519 lmrabit
728 1508 743 1531 ,
776 1479 829 1522 et
869 1471 1251 1530 universorum
1283 1480 1445 1532 corda
1474 1519 1490 1541 ,
1540 1483 1679 1549 apud
1713 1500 1852 1551 quos
1900 1501 2055 1542 meus

488 1556 575 1609 hic
606 1573 785 1615 sermo
820 1567 1142 1633 perveniet,
1189 1569 1255 1622 ad
1297 1573 1734 1641 amplectendum
1771 1578 2053 1633 veritatem

491 1653 847 1719 praeparabit.
882 1658 1096 1713 Etenim
1131 1660 1173 1714 si
1209 1660 1351 1718 Deus
1386 1666 1586 1722 veritas
1624 1679 1741 1731 est,
1772 1686 1898 1726 nam
1928 1686 2055 1727 cum

488 1741 688 1797 writas
715 1745 886 1808 audit,
923 1748 1243 1818 delectatur,
1274 1763 1327 1809 et
1353 1771 1477 1810 eum
1511 1761 1801 1816 veritatem
1846 1779 2059 1820 nuncu-

488 1848 622 1901 pare
651 1876 666 1898 ,
721 1853 807 1891 me
849 1837 1014 1895 David
1052 1843 1291 1912 edocet,
1324 1848 1525 1920 diriget
1571 1866 1855 1910 sermones
1905 1871 2060 1913 meos

487 1928 630 1993 apud
657 1943 777 1993 eos,
800 1933 892 2000 qui
928 1949 1023 2003 per
1059 1946 1230 1991 totum
1254 1949 1523 1995 terrarum
1554 1945 1740 1998 orbcm
1776 1962 1806 2001 a
1838 1947 2061 2003 Christo

490 2018 594 2071 sibi
627 2035 828 2076 nomen
871 2039 1164 2081 assumunt
1193 2069 1210 2092 ,
1246 2045 1370 2084 cum
1404 2032 1470 2087 ad
1501 2048 1693 2089 omnes
1720 2075 1736 2100 ,
1790 2039 1885 2105 qui
1935 2039 2061 2094 ubi-

488 2125 707 2181 cunque
772 2122 1044 2171 terrarum
1103 2119 1420 2178 Christiana
1470 2126 1893 2195 compellatione
1960 2145 2054 2199 ge-

489 2205 703 2270 5tiunt,
736 2215 1088 2263 non‘tantum
1122 2211 1191 2265 ad
1242 2214 1597 2285 prmscriptas
1648 2228 1838 2287 gentes
1888 2232 1942 2275 et
1971 2236 2066 2275 ur-

488 2298 628 2366 bes,
678 2301 774 2357 sed
808 2302 875 2358 ad
924 2318 1058 2371 eos,
1104 2306 1196 2372 qui
1250 2307 1305 2363 in
1361 2310 1637 2379 speluncis
1681 2320 1740 2367 et
1787 2313 2064 2371 montibus

490 2392 840 2461 inhabitant,
895 2397 1165 2454 mendacii
1199 2412 1572 2474 propugnator
1621 2419 1739 2462 sua:
1768 2406 2064 2462 calumniae

487 2485 749 2543 adversus
782 2502 882 2543 nos
916 2490 1056 2545 retia
1085 2493 1336 2548 tetendit.

559 2577 614 2632 2.
651 2576 915 2644 Quaenam
942 2596 1107 2648 porro
1135 2584 1409 2641 calumnia
1432 2626 1447 2650 ,
1479 2595 1536 2642 et
1565 2603 1820 2658 quaenam
1866 2589 2064 2644 adver-

486 2684 583 2725 sus
635 2684 758 2725 eam
825 2680 1012 2728 nostra
1042 2714 1058 2739 ,
1095 2674 1190 2745 qui
1242 2691 1362 2731 eam
1415 2681 1790 2747 perpetimur,
1838 2696 2065 2751 respon.

488 2763 572 2817 sio
605 2763 736 2817 est?
782 2763 876 2818 Eia
927 2766 1071 2836 agite
1097 2807 1112 2832 ,
1163 2767 1345 2823 audite
1371 2808 1389 2833 ,
1437 2785 1628 2825 omnes
1685 2781 1875 2840 gentes
1900 2815 1916 2839 ,
1948 2779 2066 2828 'au-

490 2854 640 2911 ribus
694 2857 1001 2927 percipite,
1053 2874 1283 2926 omnes,
1340 2861 1432 2930 qui
1501 2862 1758 2919 habitatis
1815 2874 2062 2932 terram,

486 2941 641 2996 scitis
700 2947 952 3013 equidem
997 2964 1209 3017 omnes,
1257 2966 1530 3023 nemoque
1574 2964 1660 3009 est
1715 2956 1807 3024 qui
1864 2957 1916 3010 id
1974 2972 2068 3013 ne-

488 3036 662 3100 sciat,
700 3053 824 3106 quae
881 3039 1023 3094 inter
1050 3041 1143 3097 Dei
1191 3041 1466 3101 Ecclesias
1520 3049 1775 3114 senioris,
1819 3052 2065 3121 inquam,

2166 672 2335 739 μένην
2369 675 2707 744 περιηχῆσαι
2735 676 2803 728 τὰ
2834 677 3082 746 πέρατας
3120 680 3225 731 Καὶ
3259 681 3306 732 εί
3342 678 3412 750 μὴ
3462 680 3676 747 τοιαύτης

2162 761 2457 831 εὐπορήσω
2494 766 2699 834 φωνῆς,
2756 765 2875 835 πῶς
2928 767 3024 836 τὴν
3090 767 3276 837 ἔφεσιν
3328 768 3680 837 ἀποπλήσαιμι,

2162 850 2286 903 καθ’
2337 851 2404 922 ἣν
2431 853 2662 923 οὐρανὸν
2690 853 2784 907 καὶ
2821 855 2949 923 γῆν
2973 854 3085 923 ἐγὼ
3127 857 3364 926 σήμερον
3411 858 3488 918 είς
3518 857 3570 910 τὸ
3594 857 3683 910 τῶν

2162 941 2314 1010 ἐμῶν
2355 943 2531 1011 λόγων
2591 947 2961 1017 ἀκροατήριον
2999 948 3293 1016 κεκίνημαι
3353 948 3684 1016 προσκαλέσαο

2162 1035 2326 1100 aeut;
2370 1035 2510 1087 Ἀλλ’
2548 1037 2576 1089 6
2600 1037 2729 1101 τοὺς
2754 1038 2927 1101 ἀλιεῖς
2973 1038 3351 1106 ἐκλεξάμενος,
3397 1038 3483 1090 καὶ
3515 1039 3594 1090 ἐπὶ
3617 1055 3687 1090 το-

2164 1123 2354 1176 σοῦτον
2386 1125 2448 1176 τὸ
2504 1125 2730 1188 ἀσθενὲς
2762 1128 2942 1179 αὐτῶν
2976 1126 3284 1197 ἐνισχύσας,
3314 1127 3387 1189 ὡς
3434 1129 3507 1189 εἰς
3536 1128 3688 1180 πᾶσαν

2161 1213 2262 1283 τὴν
2295 1214 2401 1282 γῆν
2433 1213 2524 1269 τὸν
2553 1215 2792 1285 φθόγγον
2816 1215 3000 1270 αὐτῶν
3033 1217 3293 1283 ἐξελθεῖν,
3321 1218 3412 1270 καὶ
3451 1217 3522 1278 ὠς
3549 1219 3617 1278 είς
3638 1217 3692 1268 τὰ

2162 1305 2376 1375 πέρατα
2403 1306 2499 1374 τῆς
2546 1307 2878 1377 οἰκουμένης
2933 1308 3005 1361 τὰ
3066 1310 3287 1380 ῥήματα
3347 1307 3691 1377 ἀκουτισθῆναι

2162 1398 2342 1453 αὐτῶν
2366 1398 2425 1451 τὸ
2448 1401 2550 1468 τῆς
2583 1398 2724 1469 ἐμῆς
2768 1400 2953 1471 φωνῆς
2987 1401 3219 1471 ἀδρανὲς
3251 1401 3327 1471 τῷ
3359 1402 3583 1468 περιόντι
3609 1398 3689 1467 τῆς

2163 1490 2329 1545 αὑτοῦ
2379 1491 2665 1561 δυνάμεως
2697 1492 2995 1562 ἐνισχύσει,
3032 1494 3127 1546 καὶ
3158 1493 3259 1556 τὰς
3309 1491 3551 1546 ἁπάντων
3580 1507 3690 1560 καρο

2160 1584 2283 1647 δίας
2303 1628 2316 1645 .
2341 1580 2422 1645 οἷς
2455 1588 2483 1639 6
2513 1588 2643 1655 ἐμὸς
2675 1580 2832 1650 οὗτος
2854 1588 3259 1657 ὲνηχηθήσεται
3287 1586 3441 1652 λόγος
3463 1586 3587 1651 προς
3617 1583 3693 1651 τὴν

2162 1679 2263 1748 τῆς
2291 1678 2552 1749 ἀληθείας
2582 1680 2854 1750 ὑποδοχὴν
2885 1680 3193 1749 ἑτοιμάσει.
3234 1679 3296 1731 El
3326 1682 3430 1747 γὰρ
3452 1676 3570 1739 Θεὸς
3591 1676 3694 1744 ἀλη-

2166 1770 2315 1835 θείας
2358 1770 2529 1834 ἐστὶν,
2575 1771 2658 1824 ὅτι
2690 1774 2787 1825 καὶ
2838 1770 3073 1841 ἀλήθεια
3133 1770 3462 1839 καλούμενος
3510 1766 3693 1837 χαίρει,

2162 1864 2286 1917 ἐπεὶ
2332 1864 2428 1917 καὶ
2456 1863 2719 1934 ἀλήθειαν
2747 1864 2914 1918 αὐτὸν
2956 1861 3463 1934 προσαγορεύεσθαι
3497 1859 3696 1914 διδάσκει

2166 1971 2233 2024 με
2260 1956 2288 2007 ὁ
2310 1954 2493 2017 Δαυῒδ,
2530 1955 2855 2008 κατευθυνεῖ
2883 1956 3008 2018 τοὺς
3056 1954 3251 2019 λόγους
3300 1951 3454 2021 ήμῶν
3498 1950 3692 2002 ἐνώπιον

2161 2044 2272 2098 τῶν
2308 2042 2624 2115 ἁπανταχοῦ
2661 2046 2761 2116 τῆς
2786 2046 3117 2116 οἰκουμένης
3149 2042 3507 2114 Χριστιανῶν,
3529 2038 3692 2092 ὅτικαὶ

2163 2137 2301 2206 πρὸς
2338 2138 2462 2200 τοὺς
2490 2137 2809 2206 ἁπανταχοῦ
2845 2138 2950 2206 γῆς
2980 2136 3092 2190 τῶν
3124 2137 3233 2189 ἀπὸ
3272 2134 3506 2204 Χριστοῦ
3532 2132 3696 2199 κεκλη·

2168 2232 2364 2302 μένους
2407 2230 2655 2300 ὀνόματι,
2699 2230 2761 2283 οὐ
2796 2231 2960 2301 μόνον
2987 2232 3069 2293 είς
3098 2229 3227 2301 ἔθνη
3254 2228 3602 2300 διωρισμένως
3626 2224 3697 2276 καὶ

2168 2324 2370 2387 πόλεις,
2405 2322 2540 2377 ἀλλὰ
2577 2323 2673 2376 καλ⁸
2706 2323 2872 2394 μέχρι
2897 2323 3011 2377 τῶν
3041 2326 3100 2377 ἐν
3132 2323 3421 2392 σπηλαίοις
3447 2319 3696 2374 οἰκούντων

2166 2416 2262 2469 καὶ
2287 2413 2473 2484 ὄρεσιν
2497 2417 2525 2469 6
2561 2414 2655 2468 τοῦ
2689 2413 2918 2484 ψεύδους
2963 2413 3389 2484 ὑπερασπιστὴς
3418 2412 3481 2465 τὰ
3508 2412 3597 2480 τῆς
3620 2407 3696 2461 αὐ·

2164 2506 2260 2560 τοῦ
2299 2506 2554 2574 διαϐολῆς
2589 2505 2714 2561 καθ’
2741 2507 2901 2577 ήμῶν
2941 2507 3248 2574 ὑφήπλωσε
3284 2507 3491 2559 δίκτυα.

2239 2599 2304 2670 β’.
2331 2600 2424 2662 Τίς
2462 2600 2520 2654 δὲ
2548 2603 2580 2669 ἠ
2612 2600 2859 2668 διαϐολὴ,
2895 2600 2990 2653 καὶ
3029 2601 3115 2663 τίς
3173 2602 3207 2671 ἠ
3244 2602 3336 2652 ἐπὶ
3382 2599 3546 2668 ταύτῃ
3598 2592 3697 2661 παρ’

2167 2691 2324 2761 ἡμῶν
2354 2692 2466 2744 τῶν
2493 2690 2891 2760 διαϐληθέντων
2928 2691 3233 2759 ἀπολογίας
3286 2689 3450 2743 Δεῦτε
3475 2685 3699 2741 ἀκούσατε

2167 2781 2349 2834 πάντα
2389 2780 2459 2833 τὰ
2488 2780 2616 2847 ἔθνη
2639 2796 2653 2812 ·
2686 2780 3016 2833 ἐνωτίσασθε
3057 2782 3265 2844 πάντες
3288 2782 3336 2833 οί
3369 2777 3699 2832 κατοικοῦντες

2169 2874 2265 2944 τὴν
2295 2873 2649 2943 οίκουμένην.
2681 2874 2829 2926 ἰστε
2858 2873 3076 2935 πάντως
3102 2875 3158 2927 οἱ
3192 2874 3413 2937 πάντες,
3466 2872 3552 2926 καὶ
3585 2869 3699 2928 ὅστις

2168 2963 2356 3031 ἀγνοεῖ
2378 2963 2488 3017 τῶν
2530 2962 2784 3017 ἁπάντων
2803 2962 2956 3024 ἐστὶν
2985 2964 3187 3030 οὐδεὶς,
3210 2966 3359 3027 ὅπως
3385 2965 3417 3035 ἡ
3456 2962 3604 3032 μέσον
3625 2954 3697 3011 τοῦ

2170 3052 2409 3122 Χριστοῦ
2425 3051 2778 3122 Ἐκκλησιῶν,
2793 3053 2893 3123 τῆς
2912 3051 3307 3126 παλαιοτέρας,
3327 3072 3398 3125 φη
3408 3056 3484 3121 μδ,
3497 3049 3697 3117 Ῥώμης,

489 3129 710 3193 Romae,
771 3140 824 3186 et
875 3133 1114 3202 iunioris
1171 3135 1401 3205 hujusce
1466 3151 1669 3196 nostra:
1720 3142 2053 3200 intercesse—

2168 3142 2373 3210 καὶτῆς
2418 3141 2544 3202 νέας
2574 3157 2634 3194 τε
2661 3143 2757 3195 καὶ
2797 3142 3079 3212 ἡμετέρας
3114 3144 3510 3214 μακροχρόνιος
3539 3139 3696 3209 ἔχθρα.

488 3231 655 3289 runt,
690 3224 983 3282 diuturnas
1024 3225 1383 3295 inimicitias,
1440 3232 1516 3286 ita
1580 3242 1856 3289 annuente
1898 3237 2052 3304 pacis

489 3322 717 3368 auctore
781 3314 1041 3382 Christo,
1098 3319 1195 3388 qui
1242 3321 1492 3390 colligit,
1536 3334 1591 3378 et
1642 3334 1700 3378 ut
1753 3326 2064 3387 cohaereant

488 3404 662 3468 facit,
709 3407 763 3460 in
813 3406 955 3463 bene
1012 3408 1348 3469 fortunatam
1398 3414 1547 3469 illam
1594 3415 1875 3485 antiquam
1923 3419 2063 3473 ami-

486 3497 676 3553 citiam
711 3514 1006 3557 conversas
1040 3501 1231 3560 fuisse.
1275 3505 1445 3561 Scitis
1493 3517 1757 3577 praeterea
1806 3510 2062 3565 Satanam

487 3590 581 3657 qui
632 3591 791 3646 bonis
829 3592 1077 3658 invidet,
1109 3605 1165 3652 et
1213 3600 1464 3666 proprias
1518 3599 1826 3656 simultates
1855 3601 2062 3658 Christi

488 3683 609 3750 paci
645 3686 898 3753 opponit,
931 3686 1027 3754 qui
1082 3702 1298 3757 semper
1345 3704 1538 3746 omnes
1564 3691 1771 3746 Christi
1823 3694 2064 3749 asseclas

488 3775 795 3832 insectatur
867 3787 1033 3848 atque
1077 3790 1398 3850 oppugnat,
1449 3782 1719 3852 plurimos
1775 3784 1841 3838 ad
1876 3799 2063 3853 pacem

490 3868 895 3938 impediendam
925 3886 1034 3926 non
1087 3873 1366 3928 modicum
1401 3875 1697 3942 excitasse,
1728 3884 1784 3930 et
1818 3885 1878 3931 ut
1907 3877 2060 3947 pacis

489 3962 787 4022 commoda,
816 3962 1213 4028 labefactaret.
1251 3966 1388 4021 illud
1417 3954 1457 4035 ,’
1479 3967 1607 4023 licet
1633 3982 1743 4023 non
1790 3969 2059 4025 subsiste-

493 4064 597 4118 ret,
628 4055 1133 4111 machinamentum
1163 4058 1457 4114 invenisse.
1485 4058 1781 4115 Rumorem
1816 4060 1867 4114 in
1897 4076 2061 4115 aures

491 4145 738 4206 omnium
793 4146 990 4212 influit,
1018 4149 1340 4220 episcopum
1388 4149 2058 4224 Constantinopolitauum

494 4250 596 4290 suo
632 4236 942 4305 patrocinio
981 4237 1284 4297 Ecclesiam
1320 4238 1623 4297 Romanam
1650 4282 1665 4306 ,
1712 4251 1764 4297 et
1810 4243 1955 4310 quod
1996 4242 2064 4295 ab

378 4333 392 4339 λ
495 4328 587 4383 illa
625 4329 678 4383 in
716 4327 983 4400 Symbolo
1008 4331 1256 4387 additum
1294 4331 1471 4388 fuerat
1513 4334 1841 4399 defendere,
1870 4342 1931 4389 ut
1963 4332 2066 4389 Ec-

492 4421 715 4479 clesiam
771 4421 1089 4482 Graecorum
1125 4425 1315 4480 simile
1342 4424 1665 4496 Symbolum
1699 4440 1824 4481 cum
1873 4426 2061 4481 eadem

2168 3237 2236 3304 τῇ
2267 3233 2363 3287 τοῦ
2391 3233 2726 3307 είρηνάρχου
2758 3233 2979 3305 εὐδοκία
3017 3235 3287 3304 Χριστοῦ,
3318 3234 3411 3288 τοῦ
3436 3234 3498 3285 τὰ
3523 3226 3703 3285 διεστῶο

2168 3342 2239 3382 τα
2263 3325 2571 3388 συνδέοντος
2590 3364 2605 3386 ,
2642 3325 2739 3378 καὶ
2788 3325 3159 3405 συνάπτοντος
3206 3327 3288 3388 είς
3319 3327 3416 3397 τὴν
3446 3318 3699 3405 εὐκληρίαν

2168 3416 2267 3485 τῆς
2294 3414 2529 3478 παλαιᾶς
2556 3414 2771 3484 ἐκείνης
2805 3399 3110 3483 ἐπανῆλθεν
3134 3416 3378 3486 είρήνης.
3414 3400 3541 3468 Ἶστε
3558 3412 3606 3463 δὶ
3626 3406 3697 3461 καὶ

2169 3506 2319 3570 ὅπως
2355 3508 2383 3558 6
2400 3507 2511 3570 τοῖς
2539 3506 2764 3574 ἀγαθοῖς
2798 3506 2886 3559 ἀεὶ
2908 3506 3225 3574 βασκαίνων
3255 3507 3447 3569 xm»,
3475 3506 3501 3557 6
3527 3501 3614 3571 τὴν
3638 3497 3698 3550 oi-

2170 3597 2325 3651 κείαν
2348 3594 2547 3667 ἔχθραν
2575 3598 2643 3667 τῇ
2666 3596 2761 3649 τοῦ
2787 3596 3028 3664 Χριστοῦ
3047 3597 3434 3665 ἀντεπεξάγων
3463 3584 3695 3663 είρήνῃνδ

2171 3688 2339 3741 πᾶσιν
2370 3687 2457 3739 ἀεὶ
2482 3686 2597 3748 τοῖς
2649 3685 2743 3738 τοῦ
2783 3685 3024 3753 Χριστοῦ
3066 3685 3603 3755 ἀντιστρατευόμενος
3627 3674 3699 3728 καὶ

2170 3775 2626 3847 ἀντιμαχόμενος,
2662 3776 2765 3830 οὐκ
2794 3776 2955 3844 ὀλίγα
3003 3776 3132 3839 τοὺς
3163 3777 3389 3841 πολλοὺς
3428 3771 3696 3839 διεκύμαινε

2169 3868 2262 3922 τὸν
2295 3870 2394 3938 τῆς
2442 3869 2666 3939 εἰρήνης
2696 3866 3060 3936 ἐμποδισμδν,
3118 3868 3222 3922 οὐκ
3258 3862 3373 3938 εἷχε
3401 3863 3514 3927 πῶς
3537 3862 3595 3914 ἂν
3620 3852 3694 3910 τοῦ

2170 3959 2270 4028 τῆς
2296 3958 2520 4028 εἰρήνης
2548 3956 2755 4025 ἀγαθοῦ
2789 3957 3165 4029 περιγένηται,
3195 3958 3410 4014 πάντων
3434 3945 3694 4009 ὐποστατδν

2176 4050 2473 4122 μηχάνημα
2531 4051 2631 4117 τῆς
2678 4049 2845 4104 αὕτσῦ
2878 4051 3080 4112 κακίας
3131 4051 3356 4118 ἐπάξιον
3406 4044 3693 4117 ἐφευρίσκει.

2170 4144 2281 4196 Καὶ
2306 4142 2366 4196 τὸ
2402 4138 2704 4213 μηχάνημα
2747 4141 2941 4212 φήμην
2966 4141 3090 4195 τινὰ
3120 4143 3241 4204 ταῖς
3266 4142 3511 4195 ἀπάντων
3538 4131 3692 4188 ἀκοαῖς

2171 4232 2579 4301 διακωδωνίζει,
2609 4233 2684 4294 ῶς
2713 4232 2742 4286 6
2770 4232 3068 4296 ἐπίσκοπος
3118 4225 3692 4291 Κωνσταντινουπόλεως

2172 4325 2488 4395 συνηγορῶν
2512 4326 2628 4379 ἐστι
2662 4326 2726 4394 τῇ
2763 4322 2863 4393 τῆς
2898 4323 3117 4394 Ῥώμης
3150 4322 3443 4394 Ἐκκλησία
3475 4319 3556 4373 ἐπὶ
3577 4315 3629 4383 τῇ
3649 4312 3691 4362 ἐν

2171 4416 2432 4488 Συμϐόλῳ
2462 4417 2616 4487 παρὰ
2662 4417 2772 4468 τῶν
2815 4413 3108 4485 Ῥωμαίων
3139 4415 3407 4488 γενομένῃ
3430 4407 3690 4482 προσθήκῃ·

495 4513 778 4568 additione
807 4515 1041 4570 recitare
1069 4491 1745 4586 compellataEtl-ujusce
1777 4515 1935 4575 fama:
1966 4515 2062 4573 alae

2172 4511 2259 4565 ἵνα
2292 4511 2387 4564 καὶ
2429 4510 2528 4578 τὴν
2564 4506 2672 4562 τῶν
2722 4506 2977 4578 Γραικῶν
3020 4498 3351 4578 Ἐκκλησίαν
3387 4499 3632 4566 ἀναπείσῃ
3648 4491 3694 4544 τδ

496 4605 669 4659 semel
712 4613 912 4672 motaz,
942 4613 997 4661 et
1044 4620 1143 4675 per
1189 4608 1510 4664 universum
1564 4616 1836 4663 terrarum
1875 4609 2067 4664 orbem

497 4700 862 4755 incontinenti
917 4701 1121 4770 impetu
1175 4704 1707 4768 circumvolitantes,
1739 4704 2070 4759 calumniam

498 4793 772 4849 adversus
825 4807 933 4853 nos.
977 4803 1243 4865 structam
1298 4797 1353 4851 in
1407 4798 1660 4865 omnium
1709 4811 1876 4855 aures
1914 4797 2069 4869 inge-

500 4895 653 4940 runt.

571 5077 625 5132 3.
685 5074 755 5130 Et
804 5075 923 5133 haec
971 5085 1059 5132 est
1111 5075 1391 5132 calumnia
1448 5084 1645 5130 contra
1698 5091 1822 5132 nos.
1880 5075 1957 5132 De
2011 5092 2077 5133 ea

500 5183 628 5223 vero
658 5168 1072 5238 responsionem
1102 5208 1118 5232 ,
1170 5181 1272 5236 pro
1302 5181 1407 5236 qua
1441 5167 1760 5223 universum
1797 5175 2072 5224 terrarum

503 5262 692 5316 orbem
728 5260 797 5315 ad
851 5257 1185 5314 audientiam
1239 5258 1661 5327 provocavimus
1686 5298 1701 5324 ,
1737 5274 1846 5315 non
1883 5260 2077 5315 verbo-

501 5368 627 5409 rum
701 5350 1179 5407 verisimilitudine
1228 5350 1729 5418 pertractabimus.
1783 5367 1947 5422 quam
2017 5352 2073 5406 in

500 5444 759 5499 humanae
791 5442 1077 5512 sapientiae
1139 5443 1360 5499 suadela
1395 5459 1551 5501 suam
1601 5443 1869 5512 quispiam
1925 5442 2075 5514 dige-

501 5550 633 5592 rens
657 5575 673 5599 ,
707 5536 911 5604 saepius
948 5535 1179 5590 subdole
1225 5535 1701 5600 comminiscitur,
1748 5536 1843 5591 sed
1876 5536 2079 5591 verita-

506 5638 614 5680 tem
650 5625 1153 5681 demonstrabimus
1206 5624 1467 5684 Ecclesite
1518 5624 1786 5680 luminum
1841 5642 1906 5682 ac
1960 5642 2075 5682 ma-

507 5716 807 5781 gistrorum
860 5715 1026 5787 gestis
1056 5714 1325 5785 factisque
1349 5753 1365 5778 ,
1404 5714 1471 5771 ad
1507 5730 1631 5785 qum
1679 5729 1782 5770 nos
1823 5715 1986 5772 veluti
2021 5719 2073 5772 in

508 5803 813 5875 exemplum
871 5804 1240 5876 aspicientes,
1274 5804 1340 5860 ad
1393 5818 1674 5862 sermones
1712 5805 1878 5862 hosce
1912 5805 2072 5865 devc-

2173 4602 2415 4656 τοιοῦτον
2438 4598 2712 4668 Σύμϐολον
2748 4604 2889 4669 μετὰ
2934 4599 3035 4669 τῆς
3069 4600 3243 4671 αὐτῆς
3279 4596 3575 4667 προσθήκης
3594 4589 3696 4640 ἀνα·

2172 4693 2485 4763 γινώσκειν.
2524 4693 2632 4745 Καὶ
2666 4691 2727 4744 τὸ
2776 4690 2877 4759 τῆς
2921 4692 3112 4761 φήμης
3145 4690 3343 4759 πτερὸν
3392 4681 3530 4747 ἅπαξ
3550 4676 3691 4735 λυθὲν,

2174 4785 2269 4839 καὶ
2294 4784 2652 4854 ἀκατασχέτῳ
2691 4784 2838 4852 ῥύμῃ
2865 4780 3003 4852 πρὸς
3044 4781 3145 4851 τὴν
3173 4778 3488 4848 οἰκουμένην
3514 4772 3693 4826 ἅπασαν

2173 4878 2426 4941 διαπτὰν,
2455 4875 2559 4946 τῆς
2601 4873 2722 4927 καθ’
2751 4873 2910 4944 ἡμῶν
2939 4871 3198 4943 διαϐολῆς
3226 4872 3405 4925 πᾶσαν
3430 4862 3586 4933 ἀκοὴν
3614 4860 3693 4924 ἔμ’
3768 4887 3773 4891 '

2176 4971 2370 5041 πιπλᾷ.
2947 5058 2955 5059 7
3030 5058 3039 5059 ί
3307 5053 3331 5059 _
3466 5046 3527 5059 Μ
3564 5039 3599 5059 ω

2249 5061 2299 5131 γ’
2304 5034 2335 5118 .’
2360 5062 2471 5116 Καὶ
2497 5062 2533 5131 ἡ
2559 5061 2659 5130 μὶν
2687 5059 2811 5112 καθ’
2841 5058 2999 5128 ἡμῶν
3022 5057 3244 5129 διαϐολὴ
3269 5053 3424 5123 αὕτη.
3466 5046 3527 5101 Ἥ
3560 5039 3599 5096 δ’
3618 5034 3691 5089 ἐπὶ

2174 5156 2346 5227 ταύτῃ
2372 5153 2658 5220 ἀπολογία,
2689 5151 2830 5221 ὑπὲρ
2866 5146 2932 5223 ἦς
2964 5150 3058 5204 καὶ
3085 5151 3144 5204 τὸ
3169 5146 3498 5215 παγκόσμιον
3524 5137 3690 5227 6x9??-

2175 5218 2364 5320 τήριον
2395 5218 2978 5318 προσκαλούμεθαίού
3014 5242 3333 5311 πιθανότητι
3361 5218 3688 5320 συγκροττξθψ

2179 5313 2332 5393 σεται
2367 5313 2561 5406 λόγων,
2619 5313 2726 5399 οὓς
2758 5336 2787 5387 6
2833 5334 2892 5387 ἐν
2943 5333 3129 5387 πειθοῖ
3163 5329 3350 5400 σοφίας
3392 5313 3688 5413 ἀνθρωπίιςρξ

2176 5395 2452 5501 διεξάγων·
2479 5395 2708 5483 τάνκαθί
2743 5424 2907 5481 αὑτὸν
2930 5464 2949 5491 ,
2989 5423 3140 5478 ἐστιν
3177 5395 3265 5476 δτὲ
3297 5414 3574 5510 σοφίζεται,

2176 5524 2452 5591 ἀπόδειξιν
2471 5521 2570 5592 τῆς
2597 5517 2853 5590 ἀληθείας
2882 5518 3173 5583 ποιήσεται
3208 5512 3279 5567 τὰ
3303 5507 3445 5576 παρὰ
3487 5500 3581 5553 τῶν
3608 5500 3687 5592 illi

2187 5581 2427 5688 Ἐκκληῖτ
2432 5616 2515 5679 ίας
2527 5581 2732 5685 ’φωστή
2740 5629 2849 5685 ρων
2885 5581 3009 5665 και
3039 5607 3374 5703 διδασκάλων.
3396 5581 3684 5703 reﬂvit-If:

2178 5713 2345 5779 πάλαι
2374 5684 2472 5763 καὶ
2500 5684 2884 5779 πεπραγμένα,
2912 5704 3049 5775 πρὸς
3079 5705 3114 5758 δι
3141 5718 3202 5815 τξ
3226 5700 3299 5763 ὡς
3330 5698 3402 5757 είς

2177 5808 2409 5881 ὁρῶντες
2432 5805 2593 5881 ἡμεῖς
2619 5777 2713 5857 ἐπὶ
2733 5777 2859 5867 τοὺς
2881 5800 3075 5872 λόγους
3097 5797 3326 5871 ἤλθομεν
3348 5785 3545 5845 τούτους
3567 5777 3676 5831 ὕπερ
