3962 6396
294 333 433 400 1013

1719 320 2109 382 APOLOGIA.

3396 307 3530 368 1014

285 441 364 506 ὦν
399 450 434 522 ἡ
463 443 582 504 καθ’
613 446 769 520 ἡμῶν
797 450 1128 520 συκοφαντία
1157 447 1436 518 πανταχοῦ
1463 445 1860 500 διακεκωδώνιο

1967 437 2184 501 nimus,
2224 451 2456 507 quorum
2516 450 2682 491 causa
2733 434 2995 486 adversus
3044 443 3141 481 nos
3193 436 3397 479 structa
3434 442 3529 478 ca—

288 558 433 596 πται.
474 541 661 595 Ἀπλοῑ
679 542 786 612 γὰρ
812 541 962 605 ὄντες
987 543 1149 612 ἡμεῖς
1179 542 1269 594 καὶ
1318 539 1416 611 τὴν
1445 539 1586 592 κατά
1622 537 1859 605 Χριστὸν

284 631 572 701 ἀπλότησα
597 631 670 694 ὡς
695 632 908 700 ἱμάτιον
939 631 1366 702 ἀμφιεννύμενοι
1404 629 1737 700 ἀπερίεργον
1759 627 1858 697 τὴν

285 723 584 789 ἀπολογίαν
612 723 969 792 ποιησόμεθα,
1006 723 1106 793 τῆς
1144 721 1419 794 sesamo;
1439 722 1548 775 τῶν
1573 720 1860 789 ἀκροατῶν

283 813 627 882 διαγνώσεως
654 817 1078 886 ἀναρτήσαντες,
1121 816 1411 885 ἐπιστῆσαι
1430 816 1522 868 καὶ
1548 813 1860 884 ἀκριϐώσαο

286 905 554 970 σθαι,εῐτε
585 904 724 959 κατὰ
751 907 840 958 τὸν
858 908 922 978 τῇ
958 906 1258 979 Ἐκκλησία
1288 905 1660 974 παραδοθέντα
1689 905 1859 959 τύπον

284 998 391 1051 ὑπὸ
408 998 516 1050 τῶν
543 998 800 1066 Πατέρων
827 999 1247 1070 συνηγοροῦντες
1277 1001 1440 1069 ἡμεῖς
1463 1000 1631 1068 ἐσμεν
1662 1002 1728 1070 τῇ
1759 1001 1860 1069 τῆς

293 1087 520 1155 Ῥώμης
554 1086 852 1158 Ἐκκλησία
883 1089 974 1140 ἐπὶ
997 1093 1060 1157 τῇ
1094 1091 1150 1141 ὲν
1183 1090 1258 1159 τῷ
1281 1088 1542 1160 Συμϐόλῳ
1575 1090 1726 1159 παρὰ
1751 1089 1859 1142 τῶν

293 1178 582 1247 Ῥωμαίων
624 1179 891 1250 γενομένῃ
919 1179 1227 1252 προσθήκῃ,
1248 1180 1360 1234 εἴτε
1389 1181 1531 1235 κατά
1545 1197 1668 1234 τινα
1702 1181 1861 1252 ίδιοῤ-

288 1267 527 1337 ρυθμίαν
550 1269 800 1339 γνώμης,
829 1272 922 1324 καὶ
948 1271 1022 1334 ὡς
1043 1272 1092 1325 οἱ
1124 1271 1499 1336 διαϐάλλοντές
1525 1288 1680 1340 φασι,
1703 1289 1858 1344 περι-

290 1361 554 1429 φρόνησιν
586 1361 727 1414 ὲθῶν
752 1379 811 1416 τε
827 1363 922 1415 καὶ
946 1363 1156 1427 τάξεων
1185 1366 1491 1434 πατρικῶν.
1525 1365 1736 1418 Αὐτίκα
1768 1365 1858 1418 τὸν

279 1451 376 1502 τοῦ
424 1449 910 1518 Ἕκκλησιαστικοῦ
936 1455 1320 1526 περεὼματος
1365 1457 1536 1524 ἥλιον,
1560 1456 1651 1509 τὸν
1689 1456 1859 1508 πολὺν

288 1545 383 1595 καὶ
424 1543 679 1612 μέγιστον
719 1544 1068 1610 Ἀθανάσιον,
1091 1539 1152 1600 οὗ
1198 1548 1296 1600 καὶ
1319 1547 1349 1600 ὁ
1382 1547 1540 1614 λόγος
1565 1546 1854 1614 ἀήττητος,

286 1633 380 1686 καὶ
411 1635 657 1703 ὀτρόπος
686 1635 984 1705 ἀμίμητος,
1018 1640 1140 1690 ἐπεὶ
1158 1641 1217 1691 ὲν
1268 1641 1389 1699 ταῖς
1431 1637 1664 1708 ἡμέραις
1691 1635 1855 1690 αὐτοῦ

285 1724 582 1826 σκάνδαλον
613 1725 676 1778 οὐ
707 1727 768 1780 τὸ
790 1729 950 1798 τυχὸν
974 1729 1251 1800 ἀνερράγη
1284 1731 1448 1799 μέσον
1479 1727 1590 1781 τῶν
1627 1727 1858 1796 Ἐκκλη-
1888 1772 1929 1826 Β

284 1814 418 1868 σιῶν
447 1815 654 1870 τούτων
699 1818 902 1882 αὐτῶν,
937 1820 1066 1888 περὶ
1091 1815 1166 1872 ὧν
1191 1819 1287 1873 νῦν
1313 1821 1340 1872 ὁ
1385 1817 1544 1886 λόγος
1577 1818 1731 1886 ἡμῖν,
1767 1817 1856 1868 εὑ-

284 1906 550 1974 ρίσκομεν
599 1908 700 1976 τὴν
754 1907 1104 1976 καταλλαγὴν
1153 1907 1482 1977 ἀμφοτέρων
1546 1906 1725 1959 οὐδενὶ
1781 1905 1858 1976 τῷ

278 1995 428 2066 ἄλλῳ
463 1997 649 2067 τρόπῳ
692 1997 1269 2069 διοικονομησάμενον,
1308 1999 1421 2053 ἀλλ’
1452 1999 1486 2069 ἦ
1523 1998 1602 2069 τῷ
1631 2015 1858 2068 συνηγο-

281 2089 447 2158 ρῆσαι
481 2091 549 2159 τῇ
594 2088 878 2160 Ῥωμαῖκῇ
921 2090 1239 2161 Ἐκκλησίᾳ,
1271 2090 1356 2160 ἐφ’
1381 2085 1464 2153 οἷς
1493 2089 1544 2142 οἱ
1591 2091 1730 2144 κατά
1763 2091 1858 2156 τὴν

291 2179 468 2250 Ἐᾡαν
499 2180 638 2249 πρὸς
665 2181 962 2235 ἀντίπαλον
987 2185 1186 2253 μοῖραν
1215 2186 1343 2246 τοὺς
1371 2185 1431 2237 ὲν
1464 2181 1648 2256 ἐκείνῃ
1671 2181 1860 2251 κεκρί-

276 2288 433 2326 nam.
469 2273 580 2325 Καὶ
610 2272 750 2341 τίςή
789 2275 1128 2346 συνηγορίας
1163 2275 1326 2337 αὐτὸς
1362 2276 1572 2337 ἐκεῖνος
1623 2273 1858 2327 ἐνταῦθα

279 2365 519 2435 παρίτω,
576 2366 670 2418 καὶ
703 2367 825 2429 ταῖς
851 2369 916 2437 τῇ
961 2367 1125 2420 αὐτοῦ
1151 2367 1372 2438 γλώσσῃ
1420 2365 1859 2437 ὲκφωνηθείσαις

280 2455 496 2519 λέξεσιν
545 2457 939 2526 ἀπαγγελλέτω
982 2461 1133 2529 ἡμῖν.
1183 2460 1272 2514 Ἐν
1298 2459 1408 2530 γὰρ
1441 2459 1520 2529 τῷ
1550 2459 1688 2528 πρὸς
1734 2459 1859 2512 Ἀν-

283 2547 484 2615 τιοχείς
539 2549 693 2619 τόμῳ
735 2549 876 2602 οὕτω
920 2551 1116 2620 φησίν·
1184 2550 1304 2617 Οὓς
1345 2551 1456 2619 γὰρ
1525 2550 1860 2620 ἐμέμφοντό

278 2653 443 2702 τινες
463 2678 478 2698 .
531 2639 612 2706 ὡς
665 2645 823 2708 τρεῖς
876 2641 1166 2712 λέγοντας
1213 2644 1585 2710 ὑποστάσεις
1637 2644 1736 2699 διὰ
1791 2645 1858 2700 τὸ

277 2727 591 2797 ἀτρόφους
654 2731 755 2784 καὶ
821 2734 1135 2797 ὑπόπτους
1194 2733 1479 2787 ἐντεῦθεν
1546 2731 1699 2788 εἶναι
1751 2736 1859 2801 τὰς

275 2821 504 2888 λέξεις,
548 2823 843 2893 ἠξιοῦμεν
891 2826 1085 2893 μηδὲν
1140 2827 1331 2880 πλέον
1391 2824 1688 2891 ἐπιζητεῖν
1745 2826 1858 2896 τῆς

277 2915 435 2968 κατά
482 2916 740 2969 Νίκαιαν
790 2917 1144 2985 ὁμολογίας·
1197 2917 1547 2984 ἀνακρίνειν
1591 2917 1662 2970 δὲ
1701 2917 1857 2986 ὅμως

278 3006 534 3073 τούτους
569 3007 670 3061 διὰ
698 3007 814 3074 τὴν
827 3009 1224 3074 φιλονεικίαν,
1243 3009 1328 3077 μὴ
1352 3009 1467 3078 ἄρα
1489 3011 1570 3076 ὡς
1587 3013 1642 3065 ol
1680 3012 1858 3080 Ἀρει-

1960 527 2165 582 lumnia
2204 527 2406 596 ubique
2440 527 2682 580 locorum
2738 520 2937 576 dill‘usa
2965 527 3068 573 est.
3123 515 3370 582 Namque
3399 529 3522 566 cum

1964 633 2063 672 nos
2097 617 2374 686 simplices
2410 618 2609 680 simus,
2643 630 2763 684 quae
2793 613 3005 668 Christi
3039 618 3144 674 est,
3177 605 3530 674 simplicitate

1963 709 2360 764 circumamicti
2383 749 2398 772 ,
2440 709 2648 777 absque
2679 707 2791 761 ullo
2837 702 3073 759 artiﬁcio
3105 698 3522 769 responsionem

1961 804 2203 867 edemus,
2255 811 2504 856 neutram
2557 800 2611 854 in
2646 807 2853 869 partem
2909 808 3181 864 propenso
3219 790 3531 843 auditorum

1959 894 2168 964 judicio
2207 893 2629 955 committentes,
2683 901 2740 944 ut
2785 896 2994 943 attento
3024 886 3210 940 animo
3254 881 3505 934 exatuine

1964 996 2052 1040 tur
2098 995 2263 1054 atque
2285 985 2630 1053 dijudicetur,
2660 980 2919 1048 anforma
2945 995 2974 1032 a
3007 977 3259 1031 Patribus
3281 973 3536 1026 Ecclesiae

1963 1075 2216 1130 traditam
2266 1073 2564 1128 Eeclesiam
2625 1069 2927 1124 Romanam
2981 1083 3084 1136 pro
3112 1064 3420 1125 additione,
3465 1061 3534 1114 ab

1961 1167 2148 1221 eadem
2218 1165 2274 1218 in
2311 1164 2569 1235 Symbolo
2615 1162 2780 1226 facta,
2847 1157 3218 1220 defendimus,
3277 1170 3346 1208 an
3407 1167 3536 1207 vero

1963 1257 2184 1328 propria
2215 1257 2485 1312 sententia
2523 1265 2729 1310 temere
2769 1250 2928 1316 moti,
2960 1257 3035 1314 et,
3084 1256 3144 1302 ut
3185 1256 3538 1301 accusatores

1964 1347 2335 1412 contendunt,
2393 1357 2704 1402 nostrarum
2738 1341 3198 1398 consuetudinum
3250 1352 3314 1391 ac
3355 1345 3538 1405 pater-

1960 1455 2154 1494 norum
2187 1440 2442 1494 ordinum
2481 1438 2749 1507 neglectu.
2780 1434 2988 1490 Etante
3014 1432 3153 1486 alios
3181 1426 3537 1484 ecclesiastici

1961 1528 2286 1583 ﬁrmamenti
2315 1528 2508 1592 solem,
2545 1540 2762 1596 gravem
2806 1525 2860 1578 in
2893 1523 3056 1578 rebus
3085 1517 3311 1590 agendis
3339 1527 3393 1570 et
3424 1532 3540 1569 nta-

1961 1623 2166 1676 ximum
2203 1621 2587 1682 Athanasium,
2633 1619 2793 1687 cujus
2830 1631 3012 1672 sermo
3079 1610 3538 1682 ineXpuguabilis.

1959 1722 2014 1768 et
2041 1714 2166 1768 vitae
2202 1716 2343 1768 ratio
2375 1713 2714 1767 inimitabilis
2747 1720 2850 1776 est,
2870 1725 2996 1764 cuin
3023 1724 3124 1762 suo
3155 1722 3271 1762 aevo
3305 1700 3540 1758 scanda-

1961 1803 2071 1858 lum
2103 1818 2210 1858 non
2237 1803 2352 1858 leve
2381 1804 2522 1858 inter
2552 1802 2651 1856 has
2673 1801 2890 1856 easdem
2915 1797 3212 1860 Ecclesias,
3238 1795 3306 1848 de
3336 1793 3538 1861 quibus

1961 1908 2063 1948 nos
2087 1893 2249 1946 modo
2280 1893 2443 1946 verba
2470 1889 2719 1955 iacimus,
2752 1899 3002 1944 exortum
3028 1894 3193 1949 esset,
3221 1878 3538 1936 earumdem

1961 1984 2456 2040 reconciliationem
2495 1983 2645 2037 nullo
2694 1982 2798 2036 alio
2829 1983 2992 2034 modo
3023 1975 3300 2048 peregisse
3328 1971 3538 2045 iuveni-

1961 2094 2104 2143 mus,
2138 2093 2301 2146 quam
2354 2077 2614 2130 Romanae
2644 2073 2960 2129 defensione
3011 2070 3079 2124 de
3139 2069 3208 2124 iis
3254 2075 3531 2132 suscepta,

1961 2185 2061 2240 pro
2091 2167 2298 2238 quibus
2337 2181 2447 2220 rem
2503 2163 2809 2219 Orientales
2857 2164 2910 2216 in
2947 2159 3284 2216 contrariam
3324 2164 3537 2225 partem

1961 2261 2239 2316 trahentes
2268 2258 2542 2312 Romanos
2574 2254 3037 2310 condemnabam.
3066 2250 3198 2317 Quae
3222 2263 3348 2302 vero
3379 2248 3542 2301 fuerit

1959 2351 2234 2418 defensio,
2264 2351 2408 2406 idem
2437 2349 2528 2404 bic
2575 2349 2800 2404 veniens
2839 2352 3052 2402 suamet
3088 2344 3274 2411 lingua
3316 2338 3538 2394 dictatis

1960 2446 2188 2501 vocibus
2222 2445 2380 2500 nobis
2429 2442 2719 2513 signiﬁcet.
2767 2439 3016 2507 Namque
3065 2435 3133 2490 ad
3167 2433 3537 2489 Antiochenos

1961 2547 2108 2591 torno
2133 2537 2277 2590 hunc
2312 2537 2367 2588 in
2401 2535 2618 2589 modum
2643 2531 2928 2588 edisserit:
2960 2527 3077 2585 Illis
3105 2528 3266 2590 enim,
3298 2526 3384 2595 qui
3409 2541 3538 2578 non-

1960 2625 2132 2681 nullos
2171 2625 2507 2690 incusabant,
2551 2631 2609 2677 ut
2641 2604 2812 2676 trium.
2851 2621 3198 2689 hypostaseon
3247 2614 3536 2684 aﬂirmato-
3609 2631 3620 2638 ·

1959 2737 2063 2785 res,
2091 2737 2210 2774 cum
2233 2717 2538 2788 ltujusmodi
2585 2732 2732 2771 voces
2779 2715 2836 2768 in
2883 2711 3173 2779 Scripturis
3206 2723 3309 2780 non
3342 2705 3539 2774 reperi-

1961 2824 2166 2880 rentur,
2200 2829 2261 2866 ac
2294 2810 2513 2880 proinde
2554 2817 2811 2878 suspecta:
2849 2805 3014 2860 videri
3035 2811 3265 2873 possent,
3297 2810 3539 2854 auctores

1959 2906 2181 2976 fungus,
2219 2919 2282 2958 ne
2310 2902 2542 2970 amplius
2581 2902 2639 2953 in
2658 2899 2934 2953 Nicaanam
2958 2895 3336 2964 confessionem
3368 2893 3540 2961 inqui-

1961 3007 2130 3052 rerent
2167 2996 2303 3051 :sed
2340 3003 2515 3048 tamen
2563 2992 2626 3045 de
2670 2992 2788 3044 istis
2834 2991 2895 3042 ob
2938 2988 3283 3056 pervicaciam
3326 2984 3539 3037 rixandi

278 3099 555 3166 ομανῖται
608 3100 900 3167 λέγουσιν
949 3101 1516 3171 ἀπηλλοτριωμένοις
1546 3102 1642 3156 καὶ
1668 3102 1854 3157 ἁλλο-

1962 3091 2177 3162 quinctio
2238 3096 2313 3142 est
2373 3084 2594 3148 habita,
2646 3080 3058 3149 interrogatique
3111 3085 3254 3141 sunt,
3318 3091 3442 3128 num
3476 3090 3541 3128 es:

275 3191 626 3255 τριουσίους
646 3189 956 3257 ἀλλήλωνο
993 3194 1028 3259 ἢ
1051 3192 1132 3256 ὡς
1159 3191 1338 3246 ἄλλοι
1363 3191 1642 3260 αίρετικοί
1699 3191 1856 3260 τρεῖς

276 3281 471 3348 ἀρχὰς
533 3282 630 3335 καὶ
678 3281 834 3350 τρεῖς
867 3283 1042 3349 θεοὺς
1077 3283 1353 3352 λέγουσι.
1413 3285 1526 3338 Καὶ
1594 3283 1732 3354 μετά
1758 3283 1857 3354 τὴν

279 3373 416 3441 παρ’
446 3372 628 3426 αὐτῶν
675 3373 1094 3444 προενεχθεϊσαν
1145 3375 1444 3445 ἑρμηνείαν
1491 3376 1600 3428 τῶν
1660 3374 1859 3441 λέξεων

277 3465 364 3524 εἰς
431 3463 642 3518 ἔννοιαν
682 3465 881 3532 εὐσεϐῆ
931 3467 1184 3537 ἐπιφέρει
1211 3484 1224 3499 ο
1289 3467 1755 3537 Ἀποδεξάμενοι
1791 3469 1861 3522 δὲ

276 3554 512 3609 τούτων
533 3555 650 3624 τὴν
677 3557 1004 3626 ἑρμηνείαν
1032 3557 1152 3612 τῶν
1172 3558 1420 3625 λέξεων,
1449 3560 1548 3614 καὶ
1571 3561 1688 3628 τὴν
1711 3560 1860 3614 ἀπο⁹

273 3649 498 3710 λογίαν
517 3647 836 3718 ἐκρίναμεν
852 3648 996 3714 τοὺς
1017 3649 1432 3716 αίτιασθέντας
1461 3650 1618 3717 παρὰ
1634 3653 1863 3704 τούτων

274 3744 365 3806 ὠς
383 3740 674 3811 λέγοντας
698 3742 846 3810 μίαν
869 3742 1234 3807 ὑπόστασιν,
1259 3741 1346 3810 μὴ
1388 3742 1503 3808 ἄρα
1528 3743 1608 3806 ὡς
1638 3743 1862 3796 Σαόέλ-

276 3837 418 3897 λιος
460 3829 688 3898 φρονεῖ,
721 3831 878 3885 οὕτω
913 3832 1012 3884 καὶ
1045 3826 1212 3887 οὗτοι
1245 3830 1538 3900 λέγουσιν
1563 3831 1663 3885 ἐπὶ
1693 3834 1862 3888 ἀναι-

275 3921 450 3990 ρέσει
481 3920 588 3974 τοῦ
651 3919 790 3974 Υίοῦ
826 3919 926 3974 καί
961 3921 1066 3975 τοῦ
1106 3921 1279 3986 ἁγίου
1313 3924 1682 3991 Πνεύματος.
1730 3919 1865 3978 Εἶτα

280 4014 382 4066 καὶ
399 4013 498 4083 τὴν
553 4011 732 4066 αὐτῶν
775 4013 868 4066 ἐπὶ
915 4015 982 4083 τῇ
1014 4013 1300 4082 ἀνακρίσει
1350 4014 1524 4085 ταύτῃ
1572 4014 1866 4082 ἀπολογίαν

288 4102 739 4172 καταστρωννύει
773 4102 849 4174 τῷ
901 4102 1067 4173 λόγῳ,
1109 4103 1206 4156 καὶ
1236 4102 1436 4174 ἑφεξῆς
1474 4103 1551 4172 τῷ
1589 4103 1866 4174 συμφώνῳ

283 4199 390 4266 τῆς
416 4195 628 4259 ἑννοίας
656 4196 751 4248 ἐπὶ
793 4195 872 4266 τῷ
925 4195 1298 4250 διαλλάττοντι
1331 4195 1441 4250 τῶν
1487 4195 1689 4262 λέξεων
1741 4199 1864 4251 ὲπι-

1960 3185 2282 3237 Arianorum
2335 3178 2593 3232 sententia
2630 3175 2836 3228 alienas
2871 3170 3295 3242 peregrinusque,
3344 3183 3405 3219 ac
3458 3165 3539 3218 di—

1960 3291 2119 3332 versw
2151 3291 2183 3328 a
2222 3289 2276 3327 se
2305 3272 2523 3326 invicem
2558 3266 2869 3322 substantia:
2905 3280 3153 3334 personas
3201 3276 3312 3315 esse
3341 3258 3537 3320 velint;

1961 3386 2029 3424 an
2058 3378 2114 3422 ut
2155 3367 2252 3422 alii
2285 3363 2520 3420 luet-elici
2573 3362 2680 3438 tria
2720 3358 3000 3430 principia,
3033 3366 3080 3410 et
3116 3364 3220 3408 tres
3251 3356 3370 3407 deos
3417 3368 3542 3405 con-

1959 3462 2199 3515 stituent.
2234 3459 2301 3513 Et
2335 3468 2460 3528 post
2480 3469 2668 3510 eorum
2705 3453 2759 3507 in
2790 3451 3015 3507 vocibus
3045 3447 3316 3503 similibus
3335 3453 3538 3498 rectam

1960 3568 2022 3606 ac
2053 3552 2195 3620 piam
2231 3547 2734 3619 interpretationem
2764 3542 2947 3598 subdit
2993 3558 3007 3595 :
3040 3539 3345 3609 Approbata
3374 3538 3540 3606 igitur

1959 3641 2221 3709 ejusmodi
2279 3639 2713 3706 interpretatione
2771 3651 2834 3690 ac
2899 3632 3254 3699 responsione,
3307 3629 3539 3682 vicissim

1960 3747 2160 3802 quoque
2187 3739 2235 3784 et
2259 3729 2699 3790 examinavimus,
2735 3727 2825 3796 qui
2863 3726 2930 3778 ab
2959 3724 3074 3777 istis
3123 3723 3176 3775 in
3206 3723 3413 3785 culpam
3444 3721 3539 3774 de—

1961 3821 2318 3883 vocabantur,
2360 3821 2511 3890 quasi
2544 3821 2802 3884 dicerent,
2834 3833 2942 3874 esse
2980 3833 3142 3868 unam
3189 3814 3536 3883 ltgpostasim.

1963 3913 2294 3966 sciscitantes
2327 3913 2392 3965 ab
2437 3910 2565 3977 illis,
2590 3926 2711 3965 nam
2745 3925 2838 3978 pro
2869 3906 3176 3963 Sabelliano
3205 3909 3449 3974 dogmate
3477 3922 3540 3959 ea

1964 4013 2132 4058 mente
2173 4003 2531 4074 loquerentur,
2581 4013 2641 4056 ut
2679 4001 2914 4056 sublatos
2945 3999 3128 4054 vellent
3181 4013 3246 4054 ex
3279 3997 3543 4053 Trinitate

1965 4096 2172 4150 Filium
2224 4105 2272 4150 et
2324 4093 2581 4164 Spiritum
2614 4102 2879 4147 sanctum.
2921 4087 3061 4146 Tum
3093 4090 3413 4148 earumdem
3457 4104 3543 4145 re-

1965 4188 2319 4259 sponsionem
2378 4186 2622 4256 suggerit
2660 4204 2675 4240 :
2715 4186 3013 4253 statimque
3035 4183 3378 4238 concordatis
3415 4197 3543 4236 sen-

283 4289 523 4354 Οειάζων
552 4288 740 4359 φησίνο
782 4286 1018 4354 ’Δμέλει
1057 4287 1228 4342 κάκεῖ
1243 4289 1298 4340 ol
1327 4287 1744 4354 αὶτιασθέντες
1788 4289 1860 4354 ὡς

1967 4277 2151 4334 tentise
2177 4291 2303 4332 cum
2340 4275 2641 4330 dictionum
2672 4275 2902 4330 dissidio
2925 4274 3174 4337 laudans,
3215 4273 3491 4329 connectit
3524 4291 3540 4329 :

283 4381 595 4448 εἰρηκότες
620 4379 778 4448 τρεῖς
800 4378 1171 4446 ὑποστάσεις
1197 4379 1584 4434 συνετίθεντο
1601 4380 1833 4446 τούτοις
1853 4396 1866 4410 ο

1971 4370 2220 4439 Quinimo
2244 4377 2292 4422 et
2327 4367 2430 4432 illi,
2455 4367 2546 4438 qui
2573 4381 2633 4419 eo
2664 4367 2882 4419 crimine
2923 4364 3178 4434 postulati
3201 4374 3376 4429 erant,
3402 4364 3540 4432 quod

285 4473 391 4530 καί
424 4472 594 4528 αὐτοὶ
625 4472 692 4526 δὲ
713 4475 767 4527 οἱ
811 4474 1114 4539 είρηκότες
1155 4471 1305 4540 μίαν
1354 4473 1700 4527 ὑπόστασιν
1729 4473 1856 4526 κατ’

1963 4478 2067 4522 tres
2089 4467 2395 4533 ltypostases
2416 4458 2742 4522 inducerent,
2770 4473 2888 4510 cum
2919 4457 3034 4509 istis
3065 4459 3117 4510 in
3156 4455 3393 4510 eamdem
3420 4471 3544 4509 sen-

283 4567 539 4622 ὲκείνων
613 4563 820 4632 ὥσπερ
867 4561 1264 4631 ἡρμήνευσαν
1329 4563 1430 4616 καὶ
1493 4563 1861 4632 ὡμολόγουν.

287 4659 404 4714 Καὶ
459 4655 769 4726 προϐαίνων
826 4655 939 4717 τοῖς
1010 4653 1111 4722 ἢδη
1186 4654 1431 4724 ῥηθεῖσιν
1492 4654 1860 4724 ὲπισυνείρειο

291 4751 530 4806 Τούτων
559 4749 768 4802 τοίνυν
796 4746 986 4811 οὕτως
1017 4745 1527 4814 ὡμολογηθέντων
1548 4787 1563 4811 ,
1595 4763 1865 4816 παρακα-

282 4840 515 4909 λοῦμεν
563 4836 741 4906 ὑμᾶς,
773 4835 916 4900 τοὺς
933 4833 1047 4902 μὲν
1079 4833 1266 4899 οὕτως
1293 4835 1736 4905 ὁμολογοῦντας
1767 4834 1866 4888 καὶ

284 4934 785 5001 διερμηνεύοντας
823 4929 974 4982 οὕτω
998 4927 1104 4991 τὰς
1126 4924 1346 4990 λέξεις,
1378 4924 1452 4990 ἃς
1481 4927 1752 4994 λέγουσι,
1774 4927 1863 4996 μὴ

284 5025 706 5092 κατακρίνητε,
733 5017 890 5089 μηδὲ
928 5016 1240 5088 προπετῶς
1278 5016 1674 5083 ἀποϐάλλετε,
1704 5019 1865 5073 ἀλλὰ

279 5116 525 5187 μᾶλλον
549 5114 971 5183 είρηνεύοντας
1001 5110 1096 5164 καί
1124 5107 1654 5177 ἀπολογουμένους
1675 5123 1866 5175 προσ-

282 5207 669 5277 λαμϐάνεσθε
690 5207 832 5270 τοὺς
853 5204 920 5257 δὲ
944 5202 1030 5272 μὴ
1057 5197 1477 5267 βουλομένους
1507 5198 1697 5263 οὕτως
1723 5201 1862 5267 ὀμο-

283 5300 492 5370 λογεῖν
522 5299 618 5352 καὶ
641 5297 1060 5366 διερμηνεύειν.
1080 5295 1184 5358 τὰς
1215 5290 1435 5357 λέξεις,
1459 5291 1711 5357 τούτους
1756 5308 1865 5344 κω-

282 5395 464 5448 λύετε
517 5391 613 5446 καὶ
639 5389 954 5458 ἐντρέπετε
973 5389 1053 5453 ὡς
1074 5387 1386 5450 ὑπόπτους
1407 5383 1485 5450 τῷ
1507 5383 1859 5453 φρονήματι.

205 5479 250 5511 ί
291 5484 526 5538 Τούτων
569 5482 639 5535 δὲ
668 5481 755 5549 μὴ
795 5478 1148 5548 ἀνεχόμενοι
1180 5476 1626 5545 συμϐουλεύετε
1662 5474 1864 5528 κάκεί-

285 5596 436 5641 νοις,
467 5574 594 5641 τοῖς
616 5573 801 5643 ὀρθῶς
828 5568 1290 5640 διερμηνεύουσι
1318 5585 1382 5622 τε
1410 5566 1508 5621 καὶ
1534 5566 1858 5635 φρονοῦσι,

281 5666 479 5736 μηδὲν
501 5664 688 5719 πλέον
714 5663 1028 5730 ἀλλήλους
1059 5661 1426 5730 ἀνακρίνειν,
1439 5657 1594 5730 μηδὲ
1608 5661 1863 5728 λογομα-

295 5752 423 5818 χεῖν
455 5753 545 5806 ἐπ’
599 5752 780 5808 οὐδὲν
826 5749 1144 5817 χρήσιμον,
1173 5749 1323 5824 μήτε
1381 5747 1510 5813 ταῖς
1566 5747 1863 5814 τοιαύταις

1967 4559 2188 4614 tentiam
2217 4562 2588 4619 convenerunt,
2623 4553 2954 4620 vicissimque
2984 4551 3066 4604 illi
3090 4554 3180 4622 qui
3203 4553 3545 4622 unam/typo-

1965 4653 2154 4707 stasim
2191 4655 2584 4709 asseverarant,
2615 4647 2841 4698 istorum
2873 4645 3296 4714 interpretationi
3338 4647 3545 4716 acquie-

1964 4750 2172 4800 verunt.
2229 4740 2293 4794 Et
2342 4752 2680 4808 prosequens
2726 4738 3065 4802 orationem,
3103 4737 3216 4808 jam
3257 4738 3417 4794 dictis
3453 4739 3541 4792 illa

1967 4847 2188 4903 quoque
2219 4828 2542 4893 superaddit
2580 4845 2596 4882 :
2641 4826 2774 4882 Cum
2808 4829 2974 4899 igitur
2997 4829 3297 4882 istiusmodi
3324 4831 3543 4883 illorum

1965 4924 2128 4993 fuerit
2182 4923 2481 4992 confessio,
2542 4920 2886 4975 adhortantus
2936 4937 3024 4974 vos
3069 4938 3130 4974 ne
3182 4937 3292 4986 eos,
3345 4924 3434 4992 qui
3470 4924 3543 4976 ita

1965 5017 2300 5084 conﬁtentur,
2351 5012 2610 5082 talemque
2657 5013 3142 5082 interpretationem
3183 5029 3294 5068 suae
3340 5016 3543 5086 confes-

1967 5105 2535 5167 sioniaccommodant,
2556 5120 2644 5158 vos
2664 5113 2853 5161 temere
2873 5107 3219 5162 condemnare
3247 5124 3307 5161 ac
3330 5109 3542 5174 reficere

1967 5197 2160 5260 velitis,
2195 5196 2283 5249 sed
2313 5196 2484 5264 patius
2511 5196 2746 5248 admissa
2779 5197 2992 5251 illorum
3035 5199 3371 5254 excusatione
3407 5201 3542 5254 reci-

1964 5285 2178 5356 piendos
2219 5285 2413 5353 putetis
2440 5299 2458 5337 :
2489 5299 2576 5336 eos
2620 5293 2805 5336 contra
2843 5286 2932 5352 qni
2980 5286 3139 5339 talem
3168 5288 3545 5355 confessionem

1967 5395 2069 5432 non
2096 5376 2278 5444 edunt,
2321 5393 2483 5446 neque
2525 5376 2619 5430 tali
2655 5376 3094 5443 interpretatione
3127 5381 3180 5434 in
3225 5381 3344 5434 istis
3373 5380 3542 5434 verbis

1965 5479 2209 5535 utuntur,
2236 5485 2412 5523 arcere
2449 5485 2535 5524 vos
2571 5469 2840 5532 vellemus,
2875 5478 2924 5523 et
2951 5469 3242 5536 adversari,
3268 5484 3322 5526 ut
3357 5490 3542 5541 suspe-

1967 5572 2064 5617 cta:
2097 5563 2284 5616 mentis
2315 5562 2568 5615 homines.
2621 5561 2884 5616 Craterum
2936 5577 3052 5614 cum
3092 5563 3214 5617 illos
3241 5565 3543 5620 tolerandos

1967 5671 2069 5709 non
2097 5656 2392 5720 censebitis,
2423 5654 2705 5710 consulatis
2734 5654 2862 5718 illis,
2899 5655 2988 5726 qui
3021 5664 3155 5709 recte
3181 5657 3541 5724 interpretan-

1969 5758 2072 5814 tur,
2097 5756 2144 5801 ct
2181 5757 2312 5803 recte
2341 5748 2602 5811 sentiunt;
2635 5763 2695 5801 ne
2721 5746 2939 5802 ulterior
2967 5746 3074 5801 ulla
3105 5748 3241 5808 inter
3266 5765 3350 5805 vos
3387 5749 3544 5808 σόων
