3962 6400
251 334 390 398 1017

1666 364 1708 420 Α
1722 363 2037 424 POLOGiA
2051 413 2064 426 .

3344 375 3478 440 1018

247 440 513 554 (ἐῐμαιαμὴ
543 447 806 554 πλειόνων
827 455 906 510 ἔτι
953 458 1208 532 δεηθῆναί
1244 483 1313 534 με
1371 467 1545 535 λόγων
1584 471 1808 526 ἀποδεί-

1916 477 2125 544 Opinor,
2151 494 2257 533 non
2294 496 2413 537 esse
2427 482 2674 552 pluribus
2703 500 2863 554 opus,
2899 486 2963 540 ad
2991 486 3476 544 demonstrandum

412 535 574 630 ἕνεκα
605 539 701 594 τοῦ
734 544 810 611 μὴ
841 548 1028 612 κακῶς
1070 530 1194 620 μηδ’
1224 530 1542 626 ἐπισφαλῶς
1584 558 1681 629 τὴν
1709 562 1808 630 τῆς

258 623 576 721 ⁹ξωμκιιῖκῆς
614 631 940 704 Ἐκκλησίας
979 644 1310 713 συνηγορίαν
1335 623 1607 702 ποιεῖσθαι
1637 623 1808 721 ημᾶς,

242 717 306 814 τὸ
335 718 446 814 τῶν
468 718 665 814 λέξεων
693 728 1056 798 παρορῶντας
1093 735 1447 806 ἀσύμφωνον,
1502 744 1594 796 καὶ
1621 717 1690 796 τί).
1713 745 1810 814 τῆς

241 807 456 906 ἐννοίας
484 812 832 882 ἁρπάζοντας
872 821 1185 892 σύμφωνον,
1213 827 1298 881 διά
1326 830 1386 882 τὸ
1435 831 1682 899 θεοφιλὲς

241 903 597 1000 είρήνηςῗκαὶ
627 910 892 982 ἔνθεσμον
917 931 933 947 ⁸
973 920 1022 970 εί
1048 919 1104 973 δὲ
1147 921 1238 976 διὰ
1291 923 1391 995 τὴν
1447 927 1540 979 ἐπὶ
1595 929 1748 983 δυσὶν
1768 903 1809 1000 ’ἢ

241 1000 394 1090 τρισὶ
429 999 704 1071 μάρτυσιν
733 1007 1092 1082 εὐαγγελικὴν
1143 1016 1327 1070 πίστιν
1362 1019 1471 1072 τῶν
1499 999 1810 1090 λεγομένων

240 1087 355 1142 δέει
370 1091 461 1144 καὶ
478 1091 700 1163 ἐτέρους
725 1096 834 1149 τῶν
862 1099 962 1170 τῆς
989 1101 1271 1168 εὐσεϐείας
1299 1087 1644 1165 διδασκάλων
1663 1131 1809 1185 παρ-

239 1184 473 1276 αγαγεῖν
515 1190 954 1257 συνηγοροῦντας
1009 1195 1219 1264 μέντοι,
1246 1200 1310 1253 οὐ
1337 1201 1523 1270 μέντοι
1548 1221 1612 1272 γε
1642 1184 1809 1276 μέχρι

243 1271 344 1363 καὶ
377 1271 472 1363 τοῦ
502 1277 844 1347 μεταστῆσαι
893 1284 1019 1347 τούς
1062 1287 1444 1358 ἀντιλέγοντας
1493 1271 1576 1357 είς
1605 1271 1689 1357 τί),

243 1350 290 1452 ᾧ
465 1363 567 1432 τὴν
623 1369 956 1438 συνηγορίαν
992 1350 1298 1442 ἐποιοῦντο,
1327 1350 1464 1433 ἀλλά
1518 1350 1811 1452 μέχριῖτης

243 1449 609 1519 εἰρήνηςτῶν
639 1457 822 1523 μερῶν
849 1459 1178 1531 ἀμφοτέρων
1221 1464 1312 1517 τὸν
1341 1467 1460 1520 ὅλον
1489 1449 1690 1525 σκοπδν
1711 1449 1812 1542 τῆς

245 1543 783 1634 οίκείαςγδιαθέσεως
811 1550 1217 1618 ἀποτείνοντας,
1245 1556 1320 1621 ὡς
1347 1558 1441 1612 τοῦ
1478 1562 1809 1634 είρηνάρχου

245 1630 485 1700 Χριστοῦ
526 1639 769 1707 μιμητάς
803 1639 896 1694 τοῦ
933 1643 1001 1697 τὰ
1051 1645 1316 1702 διεστῶτα
1354 1630 1686 1718 συνδέοντος*
1717 1630 1811 1708 καὶ

245 1724 634 1791 συνάπτοντος,
657 1734 750 1783 καὶ
779 1735 807 1785 6
835 1735 1003 1800 πολὺς
1040 1737 1109 1791 τά
1142 1740 1260 1795 θεῖα
1304 1743 1587 1809 Βασίλειος
1616 1747 1808 1800 ἐνταυ-

240 1818 332 1912 θοῖ
357 1823 818 1912 Δπιιραχθήσεται,
855 1832 951 1885 καὶ
997 1834 1301 1907 Γρηγόριος
1330 1841 1358 1892 6
1391 1843 1492 1910 τῆς
1529 1843 1808 1912 θεολογίας

239 1907 555 1980 ἀξιὼνυμος
586 1914 1056 1990 ἐπισυγκροτήσει

238 2001 416 2094 γὰργό
448 2006 617 2094 πολὺς
670 2010 738 2062 τὰ
781 2011 901 2065 θεῖα
929 2014 1212 2081 Βασίλειος
1251 2023 1377 2084 τοὺς
1427 2023 1502 2094 μὴ
1551 2001 1811 2094 λέγοντας

237 2092 303 2142 τὸ
336 2093 562 2164 Πνεῦμα
591 2096 725 2152 Θεὸν
771 2106 1213 2172 συγκαταλλάξαι
1255 2092 1499 2167 σπεύδει
1532 2092 1646 2180 τοῖς
1678 2117 1811 2173 Θεὸν

239 2181 379 2282 αὐτὸ
408 2185 503 2282 καί
528 2187 813 2257 ὀμοούσιον
837 2194 1012 2267 Πατρὶ
1040 2203 1134 2253 καὶ
1156 2202 1269 2272 ΥΞῷ
1296 2209 1465 2277 τρανῆ
1497 2211 1563 2280 τῇ
1595 2209 1810 2282 γλώττῃ

240 2276 714 2348 ἀνακηρύττουσιν
744 2300 759 2315 ⁸
799 2288 826 2339 6
855 2288 931 2348 ,δὲ
974 2290 1151 2359 μέγας
1191 2296 1251 2347 ἐν
1280 2276 1562 2365 θεολόγοις
1600 2276 1810 2372 Γρηγόῖ

244 2387 362 2437 ριος
389 2373 487 2443 τὴν
519 2375 691 2446 αὐτὴν
729 2378 846 2432 ὁδὸν
870 2385 970 2454 τῆς
992 2384 1102 2438 τῶν
1135 2390 1318 2458 μερῶν
1351 2393 1557 2446 τούτων
1607 2399 1812 2450 καταλ-

249 2461 426 2559 λαγῆς
459 2470 880 2540 μετερχόμενος,
913 2469 992 2536 οἷς
1021 2477 1167 2544 λέγει
1198 2487 1616 2554 προσεπιφέρει.
1660 2489 1810 2559 Μηδέ

246 2555 359 2651 γὰρ
407 2560 467 2651 τὸ
519 2561 628 2612 τῶν
667 2561 940 2620 Ἰουδαίων
971 2568 1126 2634 ἔθνος
1159 2573 1454 2631 ἀποϐαλεῖν
1479 2579 1566 2642 ἂν,
1623 2583 1675 2634 εί
1712 2555 1812 2651 τὴν

243 2645 342 2699 τοῦ
375 2647 709 2720 εἰλημμένου
745 2654 929 2725 φωνὴν
959 2659 1081 2712 ἀντὶ
1109 2659 1210 2728 τῆς
1239 2663 1476 2733 Χριστοῦ
1526 2667 1664 2735 πρὸς
1699 2645 1813 2722 ὀλί-

239 2758 342 2806 γον
395 2743 802 2814 ἐπιζητοῦντες,
847 2747 1036 2817 ἠξίουν
1090 2751 1210 2821 μεθ⁹
1276 2756 1433 2824 ἡμῶν
1495 2757 1810 2815 τάττεσθαι.

254 2833 398 2886 Ἀλλ’
425 2834 549 2888 οὐτε
575 2839 601 2889 6
636 2839 702 2891 τὰ
742 2838 861 2892 θεῖα
904 2842 1076 2906 πολὺς
1130 2845 1453 2911 Ἀθανὰσιος
1495 2851 1813 2920 συνηγορῶν

237 2927 360 2988 τοῖς
416 2927 545 2995 μίαν
585 2930 884 2986 ὑπόστασιν
935 2925 1203 3002 λέγουσιν,
1238 2941 1332 2992 ἐπὶ
1379 2941 1639 2996 τοσοῦτον
1679 2960 1808 2997 συν⁴

238 3021 433 3089 ηγόρει
491 3024 737 3090 ἐκείνοις,
798 3028 884 3096 ἐφ’
949 3029 1074 3082 ὅσον
1127 3033 1468 3103 μεταστῆσαι
1515 3038 1642 3100 τοὺς
1708 3039 1812 3103 τὰς

1914 583 2033 630 nos,
2070 585 2179 622 non
2211 571 2372 633 male,
2408 573 2500 627 sed
2536 582 2653 629 tuto
2703 575 2965 630 Romanae
3000 575 3254 632 Ecclesiae
3295 575 3485 632 defen-

1913 660 2121 714 sionem
2185 665 2513 733 suscepisse,
2564 667 2619 720 in
2675 667 3008 722 dictionibus
3053 668 3480 736 discrepantiam

1912 748 2266 818 negligentes,
2284 762 2337 807 et
2353 756 2695 824 arripientes,
2716 773 2837 823 quae
2865 758 2916 811 in
2936 759 3202 814 sententia
3224 767 3326 824 est,
3345 773 3482 812 cou-

1911 841 2178 905 cordiam,
2235 855 2456 914 propter
2499 863 2710 916 pacem.
2746 865 2852 917 qua
2909 849 3047 904 Deus
3099 850 3480 902 tantummodo

1913 931 2246 998 delectatur,
2307 945 2362 989 et
2415 937 2562 1005 leges
2607 941 2930 1007 approbant.
2967 941 3122 1005 Quod
3174 941 3219 995 si
3255 949 3478 1009 propter

1911 1024 2297 1090 Evangelicum
2328 1025 2532 1080 dictum
2559 1027 2628 1081 de
2654 1027 2869 1084 duobus
2907 1030 2990 1084 vel
3025 1031 3199 1084 tribus
3243 1031 3478 1084 testibus

1913 1116 1978 1169 ad
2035 1116 2178 1171 dicta
2222 1118 2594 1174 confirmanda
2618 1161 2632 1186 ,
2671 1135 2806 1187 opus
2835 1132 2941 1187 est,
2979 1129 3034 1176 et
3087 1124 3224 1176 alios
3258 1123 3480 1191 pictatis

1911 1206 2166 1263 doctores
2213 1209 2504 1272 adducere,
2538 1212 2630 1281 qui
2672 1227 2781 1266 non
2819 1222 2879 1267 ut
2927 1213 3360 1268 contradicentes
3411 1213 3479 1267 ad

1913 1300 2243 1366 acceptanda
2274 1301 2548 1356 deducant
2580 1317 2666 1368 ea,
2700 1319 2934 1374 quorum
2967 1305 3071 1374 ipsi
3102 1305 3477 1360 defensionem

1910 1390 2306 1459 suscipiebant,
2327 1392 2421 1445 sed
2455 1394 2520 1446 ad
2562 1408 2750 1463 pacein
2796 1394 2937 1449 inter
2986 1403 3252 1463 utrasque
3298 1404 3480 1462 partes

1914 1491 2124 1535 tantum
2186 1467 2610 1550 conciliandam,
2668 1485 2874 1555 proprii
2932 1486 3200 1555 propositi
3253 1501 3478 1554 scopum

1915 1573 2290 1637 intendebant,
2323 1575 2399 1628 ttti
2436 1575 2640 1630 Christi
2680 1577 2829 1645 pacis
2862 1580 3107 1632 auctoris
3134 1576 3327 1631 dissita
3373 1577 3484 1631 col-

1913 1664 2162 1736 ligantis;
2193 1675 2247 1720 et
2293 1681 2402 1721 una
2434 1667 2710 1721 cohaerere
2755 1667 3008 1724 facientis
3055 1670 3382 1732 imitatores,
3426 1678 3483 1720 et

1916 1757 1968 1810 in
2006 1756 2212 1813 divinis.
2243 1759 2404 1813 rebus
2431 1759 2835 1828 pertractandis
2866 1761 3100 1816 eximius
3131 1759 3386 1823 Basilius,
3429 1768 3483 1813 et

1911 1851 2002 1905 cui
2038 1853 2239 1906 merito
2271 1869 2301 1906 a
2338 1853 2606 1934 theologia
2660 1869 2859 1908 nomen
2907 1864 3015 1918 est,
3058 1853 3378 1923 Gregorius,
3411 1853 3478 1906 ad

1091 1929 1202 1989 τοῖς
1234 1929 1572 1998 είρημένοις.
1616 1934 1677 1985 '0
1710 1936 1808 2003 μὲν

1916 1942 2017 2012 iam
2042 1943 2184 1998 dieta
2209 1929 2616 2012 comprobanda
2641 1946 3034 2015 producentur.
3072 1945 3293 2004 Divinus
3323 1959 3482 1998 nam-

1913 2049 2018 2103 que
2055 2035 2288 2092 Basilius
2316 2053 2424 2090 non
2463 2047 2792 2104 asserentes,
2831 2038 3096 2104 Spiritum
3155 2038 3324 2092 Deum
3357 2051 3482 2090 esse

1913 2127 2098 2193 simul,
2163 2143 2288 2183 cum
2343 2128 2460 2182 illis
2511 2130 2782 2184 collocare
2843 2129 3165 2194 contendit,
3206 2128 3299 2196 qui
3354 2143 3479 2182 eum

1914 2213 2106 2280 Deum,
2139 2227 2194 2270 et
2225 2216 2374 2271 Patri
2405 2217 2651 2288 Filioque
2667 2217 3182 2274 consubstantialem
3216 2216 3486 2286 deprazdi-

1913 2316 2127 2372 cant,et
2146 2308 2311 2364 rebus
2327 2309 2644 2379 theologicis
2669 2325 2900 2380 magnus
2919 2309 3216 2379 Gregorius
3238 2310 3482 2364 eamdem

1911 2402 2145 2471 partium
2174 2402 2393 2456 unionis
2421 2404 2564 2458 viam
2594 2405 2791 2465 iniens,
2816 2404 3056 2472 postalia
3075 2413 3239 2472 atque
3259 2404 3364 2457 alia
3384 2419 3452 2457 an
3470 2431 3486 2445 -

1915 2490 2100 2552 nectit,
2135 2505 2313 2559 neque
2344 2490 2652 2545 Judaeorum
2690 2501 2907 2562 gentem
2943 2493 3168 2561 rejicere
3199 2507 3278 2554 se,
3327 2491 3486 2547 dum-

1915 2583 2078 2636 modo
2130 2583 2390 2649 assumpti
2444 2597 2630 2636 vocem
2689 2597 2785 2649 pro
2822 2583 3045 2636 Christo
3096 2582 3319 2636 omissis
3365 2582 3487 2636 aliis

1915 2675 2368 2741 inquisitionihus
2390 2684 2759 2742 acceptantes,
2791 2672 2897 2730 una
2931 2692 3054 2730 cum
3091 2676 3248 2731 nobis
3287 2677 3489 2731 vellent

1916 2767 2200 2821 collocari.
2252 2767 2358 2821 Sed
2409 2781 2584 2835 neque
2637 2768 2856 2822 divinus
2893 2768 3225 2823 Athanasius
3255 2781 3488 2821 consen-

1916 2855 2056 2909 tiens
2091 2870 2216 2908 cum
2234 2870 2398 2908 unam
2427 2856 2761 2926 hypostasim
2791 2855 3210 2922 afﬁrmantibus,
3242 2865 3488 2912 tantum-

1918 2945 2042 3000 dem
2086 2946 2195 3002 illis
2242 2961 2528 3002 assensum
2561 2948 2858 3016 praebebat,
2913 2958 2973 3002 ut
3011 2957 3124 3004 tres
3167 2950 3489 3020 hypostases

1918 3038 2272 3094 decernentes
2312 3041 2368 3093 in
2417 3054 2606 3094 eorum
2655 3039 3060 3096 confessionem
3095 3043 3438 3111 pertraheret
3471 3061 3484 3095 :

238 3117 396 3182 τρεῖς
449 3116 882 3186 δογματίζοντας
920 3122 1251 3187 ὑποστάσεις
1313 3127 1394 3190 είς
1447 3128 1547 3199 τὴν
1586 3131 1812 3184 ἐκείνων

1917 3143 2096 3198 neque
2136 3144 2365 3198 magnus
2391 3129 2626 3184 Basilius
2661 3130 2868 3186 foedera
2899 3132 3225 3197 concilians,
3249 3148 3366 3195 eos,
3394 3133 3488 3203 qui

241 3204 554 3272 ὁμολογίαν
587 3223 603 3238 ο
657 3206 781 3261 οὔτε
842 3211 869 3262 6
915 3210 1091 3279 μέγας
1142 3212 1422 3275 Βασίλειος
1500 3216 1582 3278 είς
1646 3233 1812 3270 σπον-

239 3296 342 3358 δὰς
398 3297 781 3354 καταλλάττων
852 3302 1139 3372 εἰρηνικὰς
1221 3305 1346 3370 τούς
1402 3324 1459 3359 τε
1533 3308 1664 3362 Θεὸν
1730 3310 1819 3362 ἀνι

242 3391 622 3454 επισκιάστως
661 3392 721 3444 τδ
766 3392 991 3462 Πνεῦμα
1043 3397 1462 3466 ὁμολογοῦντας,
1535 3402 1631 3455 καὶ
1686 3403 1816 3464 τοὺς

245 3484 326 3550 μὴ
399 3481 534 3534 Θεὸν
596 3483 729 3537 αὐτὸ
781 3483 1076 3554 λέγοντας,
1157 3489 1216 3542 ἐν
1267 3490 1456 3554 ἄλλαις
1505 3492 1562 3545 δὲ
1611 3497 1817 3562 φωναῖς

239 3574 303 3626 τὸ
383 3574 497 3627 ῐσον
575 3577 962 3645 ἐμφαίνοντας,
1034 3583 1353 3653 συνηγορῶν
1411 3579 1480 3655 ἦν
1555 3590 1669 3650 τοῖς
1738 3588 1836 3656 μὴ.

238 3667 460 3734 λέγουσι
488 3667 716 3738 Πνεῦμα
767 3671 922 3737 Θεὸν,
965 3671 1104 3725 ὥστε
1152 3675 1289 3745 πρὸς
1319 3677 1416 3744 τὴν
1445 3678 1613 3746 αὐτὴν
1659 3677 1817 3741 δόξαν

241 3759 339 3811 καὶ
373 3759 501 3822 τοὺς
537 3759 793 3826 λέγοντας
847 3765 1218 3832 μεταστῆσαν
1252 3766 1368 3818 ἀλλ’
1408 3769 1528 3820 οὐδὲ
1561 3769 1658 3838 τῆς
1699 3768 1818 3820 θεο-

235 3853 428 3920 λογίας
456 3852 761 3922 ἐπώνυμος,
793 3854 917 3923 τόγε
946 3858 1027 3919 είς
1060 3857 1221 3909 αὐτὸν
1254 3852 1408 3929 ἧκον,
1438 3860 1498 3912 τὺ
1551 3860 1816 3913 Ἰουδαίων

239 3945 680 4015 παραδεχόμενος
708 3945 882 4009 ἔθνος,
906 3949 954 4001 εί
979 3948 1082 4017 τὴν
1104 3949 1210 4004 τοῦ
1239 3951 1605 4020 εἰλημμένου
1634 3952 1817 4020 φωνὴν

235 4038 537 4107 δεξάμενον
576 4040 697 4093 ἀντὶ
733 4040 832 4110 τῆς
861 4041 1122 4112 Χριστοῦ,
1150 4043 1335 4113 ἠξίουν
1365 4045 1481 4114 μεθ’
1507 4045 1662 4116 ὴμῶν
1688 4047 1818 4100 τάτ-

234 4130 449 4194 τεσθαι,
481 4131 796 4200 συνηγορῶν
816 4133 906 4186 ἐπὶ
932 4136 997 4204 τῇ
1029 4138 1178 4204 φωνῇ
1203 4136 1372 4209 ταύτῃ
1396 4140 1459 4208 τῇ
1483 4137 1588 4192 τοῦ
1612 4140 1818 4208 eumt-

228 4221 451 4292 μένου,
482 4222 622 4275 ὥστε
647 4223 860 4277 πείθειν
915 4226 1010 4278 καὶ
1038 4227 1166 4288 τούς
1202 4229 1368 4297 μήπω
1402 4229 1658 4297 λέγοντας
1696 4249 1823 4300 μετ-

235 4313 435 4367 έπειτα
454 4313 688 4384 χρῆσθαι
709 4315 867 4386 αὐτῇ.
903 4318 1010 4370 Καὶ
1033 4319 1193 4387 ἡμεῖς
1213 4319 1391 4372 τοίνυν
1420 4323 1484 4390 τῇ
1521 4323 1822 4396 Ἐκκλησία

230 4403 342 4472 τῆς
393 4403 615 4474 Ῥώμης
644 4407 1082 4478 συνηγοροῦντες
1135 4411 1227 4463 ἐπὶ
1281 4412 1535 4465 τοσοῦτον
1591 4431 1820 4482 συνηγο-

1917 3220 2098 3289 palam
2135 3229 2300 3289 atque
2351 3231 2539 3290 aperte
2598 3221 2861 3290 Spiritum
2923 3224 3093 3277 Deum
3149 3223 3488 3288 fatebantur,

1919 3326 2043 3366 cum
2106 3311 2175 3366 iis
2223 3312 2316 3380 qui
2347 3312 2601 3367 eumdem
2643 3312 2810 3368 Deum
2849 3331 2956 3368 non
3010 3314 3345 3380 fatebantur,
3397 3317 3492 3372 sed

1918 3403 2042 3458 aliis
2075 3404 2304 3459 vocibus
2340 3405 2546 3475 pariter
2594 3405 2986 3475 aequaliterque
3029 3407 3494 3476 respondentibus

1918 3495 1998 3548 sic
2036 3492 2423 3559 defendebant,
2459 3503 2521 3549 ut
2548 3495 2602 3550 in
2635 3511 2744 3550 non
2788 3498 3180 3559 asserentium,
3224 3497 3490 3566 Spiritum

1916 3603 2038 3643 esse
2065 3590 2259 3655 Deum,
2292 3590 2978 3655 sententiam,asserentes
3007 3609 3131 3648 eum
3171 3593 3339 3648 Deum
3371 3609 3496 3650 esse

1917 3681 2228 3736 traduceret
2265 3700 2278 3735 :
2307 3683 2400 3737 sed
2435 3698 2632 3752 neque,
2655 3686 2744 3740 cui
2775 3697 2805 3736 a
2842 3685 3111 3753 theologia
3153 3700 3349 3738 nomen
3386 3694 3493 3747 est.

1919 3782 2181 3841 quantum
2212 3774 2264 3826 in
2295 3789 2354 3830 se
2376 3783 2514 3840 erat,
2544 3776 2856 3832 Judaeorum
2882 3789 3094 3847 gentem
3139 3779 3493 3846 amplectens,

1919 3864 1964 3917 si
2029 3865 2292 3931 assumpti
2342 3880 2534 3921 vocem
2570 3882 2672 3936 pro
2731 3866 2954 3922 Christo
2999 3867 3350 3936 accipientes.
3386 3881 3492 3920 una

1919 3971 2044 4011 cum
2077 3958 2238 4013 nobis
2271 3959 2550 4012 numerari
2600 3959 2822 4024 vellent,
2855 3970 3040 4028 partes
3082 3974 3270 4013 eorum
3329 3958 3401 4012 ita
3438 3959 3491 4011 in

1919 4063 2053 4104 voce
2078 4051 2340 4118 assumpti
2372 4051 2588 4120 agebat,
2621 4061 2681 4106 ut
2709 4052 2921 4105 tandem
2941 4059 2995 4107 et
3017 4051 3148 4106 illud
3184 4066 3294 4106 non
3323 4066 3498 4105 enun-

1923 4141 2147 4206 tiantes,
2182 4143 2235 4194 in
2293 4151 2570 4211 posterum
2629 4144 2920 4198 enuntiare
2965 4143 3318 4212 compelleret
3351 4160 3364 4196 :
3394 4157 3495 4198 nos

1919 4234 2107 4300 ctiam,
2142 4242 2531 4288 cumtutamur
2564 4233 2864 4288 Romanam
2887 4233 3208 4300 Ecclesiam,
3250 4241 3498 4289 tantum-

1921 4324 2043 4379 dem
2089 4336 2356 4389 tutamur,
2414 4334 2476 4379 ut
2545 4340 2641 4380 eos
2697 4327 2790 4394 qui
2855 4343 2882 4378 a
2924 4326 3195 4396 principio
3257 4326 3326 4380 ad
3382 4328 3496 4380 haec

1924 4430 2098 4485 usque
2131 4422 2380 4485 tempora
2408 4415 2461 4468 in
2496 4415 2619 4470 ﬁdei
2653 4415 2914 4486 Symbolo
2943 4416 3200 4482 recitant,
3237 4431 3300 4470 ex
3335 4417 3496 4471 Patre

231 4495 466 4568 ροῦμεν,
501 4497 584 4563 ἐφ’
614 4497 739 4550 ὅσον
769 4502 1108 4569 μεταστῆσαι
1161 4505 1241 4566 εἰς
1271 4505 1333 4556 τὸ
1362 4506 1561 4573 λέγειν,
1605 4509 1670 4560 ἐκ
1705 4508 1812 4560 Πα-

1926 4508 2190 4576 Spiritum
2248 4507 2585 4576 procedere,
2647 4508 2999 4568 adducamus,
3057 4516 3117 4560 ιιι
3156 4509 3385 4562 recitent
3429 4523 3494 4561 ex

229 4589 370 4658 τρὺς
396 4589 490 4642 καὶ
519 4589 648 4642 Υίοῦ
681 4589 739 4643 τὸ
762 4589 918 4658 ἀγιον
963 4594 1361 4664 ἐκπορεύεσθαι
1415 4598 1657 4667 Πνεῦμα,
1690 4600 1812 4662 τοὺς

1923 4597 2082 4652 Patre
2115 4597 2363 4668 Filioque
2401 4598 2728 4666 procedere;
2759 4601 2854 4652 sed
2899 4598 3070 4652 veluti
3105 4598 3195 4653 illa
3223 4607 3492 4653 ter-rarum

229 4680 482 4751 ἀρχῆθεν
526 4684 622 4735 καὶ
667 4683 724 4744 ἐς
767 4682 924 4753 δεῦρο
959 4685 1015 4737 ἐν
1049 4686 1128 4756 τῷ
1165 4687 1425 4760 Συμϐόλῳ
1461 4690 1558 4758 τῆς
1581 4691 1812 4755 πίστεως

1923 4691 2074 4746 orbis
2104 4691 2396 4744 luminaria
2449 4691 2514 4744 ad
2568 4691 2895 4745 concordem
2951 4691 3274 4746 sententiam
3321 4689 3497 4760 respi-

230 4770 744 4840 ἀναγινώσκοντας,
791 4776 1228 4845 ἐκπορευόμενον
1282 4781 1412 4832 αὐτὸ
1463 4783 1527 4834 ἐκ
1580 4783 1813 4853 Πατρὸς.

242 4865 392 4917 Ἀλλ’
430 4866 506 4928 ὠς
545 4868 595 4919 οἱ
626 4867 724 4934 τῆς
758 4870 1083 4938 οἰκουμένης
1113 4872 1399 4941 φωστῆρες
1439 4878 1636 4930 ἐκεῖνοι
1679 4878 1814 4946 πρὸς

225 4960 298 5014 τὸ
328 4960 425 5030 τῆς
457 4961 664 5022 ἐννοίας
691 4960 984 5030 σύμφωνον
1009 4962 1322 5030 ἀφορῶντες
1349 4965 1511 5036 μέχρι
1540 4969 1638 5036 τῆς
1669 4972 1816 5038 εἰρή-

229 5068 338 5120 νης
367 5051 466 5120 τὴν
496 5051 595 5116 τῆς
622 5053 951 5124 συνηγορίας
974 5055 1210 5124 σπουδὴν
1233 5057 1614 5110 ἐπεδείκνυντο
1633 5075 1646 5089 ·
1673 5061 1814 5114 οὕτω

228 5143 334 5198 καὶ
365 5144 526 5212 ἡμεῖς
553 5145 626 5206 ὡς
651 5143 896 5214 μαθηταὶ
913 5145 1254 5209 διδασκάλοις
1283 5147 1512 5212 ἐκείνοις
1528 5151 1809 5218 ἑπόμενοι,

229 5233 300 5287 οὐ
329 5236 396 5304 τῇ
433 5233 602 5300 λέξει,
630 5233 768 5286 ἀλλά
795 5237 860 5304 τῇ
890 5236 1070 5304 ἐννοίᾳ
1097 5237 1157 5288 τὸ
1195 5237 1304 5289 πᾶν
1325 5237 1424 5300 τῆς
1462 5238 1813 5309 καταλλαγῆς

226 5326 591 5397 χαριζόμενοι
628 5326 790 5395 μέχρι
813 5326 914 5394 τῆς
947 5328 1173 5398 εἰρήνης
1204 5330 1273 5399 τῆ
1309 5330 1406 5400 τῆς
1437 5331 1642 5398 Ρὼμης
1686 5331 1804 5383 Ἐκο

229 5419 442 5490 κλησίᾳ
495 5419 926 5490 συνηγοροῦμεν.
1001 5420 1141 5474 Ἀλλ’
1187 5423 1236 5474 oi
1281 5423 1380 5491 μὲν
1450 5427 1810 5491 συκοφαντεῖν

231 5514 474 5580 ἕτοιμοι,
505 5511 599 5564 καὶ
632 5509 940 5564 διαϐάλλειν
993 5514 1243 5584 εὐχερεῖς
1290 5515 1487 5579 πάντα,
1535 5533 1811 5584 συκοφαν-

229 5602 523 5666 τείτωσαν,
579 5601 1039 5658 διαϐαλλέτωσαν.
1094 5607 1282 5658 Ἔστιν
1323 5611 1350 5659 6
1395 5606 1631 5661 δικάσων
1655 5611 1805 5672 Θεός.

237 5697 401 5748 Ἐστι
441 5696 659 5758 πάντως
709 5695 921 5767 κριτὴς,
941 5698 1071 5767 παρ’
1095 5692 1157 5751 οῦ
1189 5699 1286 5760 τὰς
1320 5698 1548 5763 εὐθύνας
1576 5702 1670 5753 καὶ
1700 5701 1807 5753 τῶν

237 5785 442 5852 λόγων,
483 5784 572 5838 καὶ
611 5784 719 5838 τῶν
763 5785 976 5856 τρόπων
1022 5786 1556 5859 είσπραχθησόμεθα.
1607 5792 1808 5860 Ἤμεῖς

1919 4785 2167 4850 cientes,
2230 4783 2529 4838 conﬂandae
2604 4792 2812 4837 tantum
2855 4784 2972 4853 paci
3030 4797 3129 4837 sua
3180 4780 3498 4836 defensione

1921 4877 2159 4932 Studium
2187 4878 2458 4946 ponebant
2501 4895 2514 4931 :
2553 4877 2632 4931 sic
2663 4886 2718 4931 et
2752 4892 2850 4930 nos
2878 4875 3044 4930 veluti
3081 4874 3342 4944 discipuli
3374 4891 3494 4928 ma-

1921 4968 2122 5037 gistros
2152 4968 2275 5022 illos
2302 4975 2615 5035 sequentes,
2641 4982 2751 5020 non
2786 4967 3033 5030 dictioni,
3082 4966 3176 5020 sed
3212 4966 3496 5020 sententiae

1921 5067 2093 5112 totttm
2119 5057 2399 5126 negotium
2433 5057 2585 5125 pacis
2623 5057 2989 5126 indulgentes,
3027 5057 3246 5111 unionis
3281 5064 3492 5109 tantum

1917 5149 2092 5216 gratia
2130 5149 2386 5200 Romanae
2438 5147 2698 5201 Ecclesia:
2741 5159 2924 5215 partes
2979 5147 3345 5201 defendimus.
3385 5147 3492 5199 Sed

1920 5240 2011 5309 qui
2055 5239 2288 5308 prompti
2326 5249 2456 5292 sunt
2493 5239 2559 5292 ad
2613 5239 3085 5302 calumniandutn,
3134 5248 3186 5291 et
3237 5237 3300 5290 ad
3334 5251 3498 5290 accu-

1917 5332 2150 5385 sandum
2190 5330 2377 5385 omnia
2415 5333 2670 5400 propensi
2732 5331 3162 5396 calumnientur,
3210 5339 3493 5383 accusent.

1921 5421 2036 5476 Erit
2070 5423 2160 5490 qui
2195 5421 2468 5491 judicabit
2523 5421 2688 5479 Deus.
2737 5421 2836 5478 Est
2895 5438 3124 5492 prorsus
3175 5419 3364 5490 judex,
3408 5419 3495 5472 cui

1916 5525 1971 5569 et
2027 5529 2344 5570 sermonum
2407 5524 2462 5571 et
2495 5516 2617 5570 vita:
2672 5514 2940 5568 rationem
3004 5512 3318 5568 reddemus.
3384 5511 3494 5565 Nos

1919 5623 2082 5672 porro
2129 5609 2269 5664 hanc
2299 5609 2606 5680 apologiam
2630 5606 3024 5678 persolvimus,
3061 5620 3129 5660 ne
3173 5604 3302 5675 quid
3335 5619 3495 5658 scan-

1918 5699 2027 5752 dali
2063 5701 2392 5770 simplicium
2427 5700 2686 5754 cordibus
2746 5699 2974 5766 irrepat,
3034 5698 3130 5768 qui
3181 5697 3316 5753 nihil
3371 5697 3491 5752 sani

1917 5807 2224 5861 praeconum
2257 5807 2407 5850 more
2429 5790 2803 5862 pronuntiant,
2848 5790 3027 5860 vobis,
3054 5805 3190 5863 quos
3225 5806 3341 5846 mea
3373 5805 3489 5846 naac
