3962 6392
1008 240 1041 273 δ

208 362 342 430 1021

1508 373 1604 434 DE
1645 373 1907 433 LlBliiS
1956 375 2150 436 SUIS.

3313 379 3450 442 1022

203 482 426 554 θρωπον
464 481 623 544 εἰδὼς
652 485 917 556 φυλακήν.
953 485 1016 540 El
1046 484 1106 541 δὲ
1136 486 1232 540 καὶ
1258 486 1351 541 τὸν
1378 487 1479 556 τῆς
1520 491 1784 560 ἀντιγραά

1904 495 2164 549 :essitatis
2196 510 2427 550 causam
2488 496 2627 550 bene
2663 494 2759 550 tibi
2812 504 2995 548 notam
3053 510 3249 549 saevam
3290 507 3455 563 atque

200 577 317 647 φῆς
343 574 518 643 αὐτῆς
546 574 711 643 λόγον
735 576 943 641 ἐθέλεις
977 579 1197 649 μαθεῖν,
1222 579 1384 634 τοῦτο
1416 581 1781 653 μεταποίησιν

200 668 448 737 γίνωσκε
480 663 619 720 εἶναι
654 667 867 720 πολλῶν
914 669 1007 739 τῆς
1044 670 1409 742 πρωτοτύπου
1465 670 1649 747 βίϐλου
1682 689 1783 742 με-

207 758 345 830 ρῶν.
387 759 506 812 Ἵνα
558 759 613 811 τί
642 759 904 829 γένηταις
944 761 1064 816 Ἷνα
1110 762 1233 816 τινὰ
1281 762 1388 817 τῶν
1420 765 1783 834 οἰκονομικωιι

203 849 395 918 τέρων
441 850 575 919 ἡμῖν
631 851 690 904 ὲν
715 854 781 922 τῇ
813 855 1155 926 πρωτοτύπῳ
1185 854 1351 926 βίϐλῳ
1372 856 1783 927 διαληφθέντων

204 941 314 994 ὑπὸ
365 941 476 994 τῶν
530 942 588 993 ὲν
653 943 975 1015 ἀντιγράφει)
1031 947 1445 1019 ἀκριϐεστέρων
1502 949 1655 1020 σχοίη
1686 949 1786 1022 τὴν

202 1031 517 1098 διόρθωσιν.

284 1309 351 1380 β’.
387 1311 539 1363 Ἐπεὶ
566 1312 673 1384 γὰρ
690 1312 751 1366 τὺ
773 1314 862 1368 διὰ
880 1314 1080 1379 παντὸς
1102 1316 1198 1370 τοῦ
1231 1320 1372 1370 κατὰ
1397 1318 1506 1372 τῶν
1527 1320 1628 1390 τῆς
1653 1319 1787 1389 ἀλη-

207 1404 362 1464 θείας
401 1404 617 1474 ἐχθρῶν
648 1406 859 1474 ἀγῶνος
898 1409 1034 1479 ἡμῖν
1064 1409 1564 1478 περισπούδαστον,
1604 1412 1785 1465 ἐκεῖνό

208 1508 278 1561 γε
304 1488 394 1563 ἦν,
421 1494 480 1546 τὸ
510 1494 685 1549 πάντα
725 1496 794 1549 τά
823 1499 956 1566 παρ’
986 1497 1165 1551 αὐτῶν
1196 1501 1289 1553 ἐπὶ
1317 1500 1539 1572 διαϐολῇ
1566 1501 1661 1555 τοῦ
1686 1503 1782 1573 ὀρ-

211 1586 311 1639 θοῦ
366 1589 765 1656 προτεινόμενα
793 1590 1067 1658 δόγματος
1109 1590 1186 1661 μὴ
1217 1595 1340 1656 ταῖς
1377 1594 1616 1656 οἴκοθεν,
1646 1594 1785 1650 ἀλλά

207 1677 335 1739 ταῖς
363 1677 428 1729 ἐκ
465 1677 576 1730 τῶν
623 1680 910 1749 πατρικῶν
938 1680 1233 1749 θεολοτιῶν
1285 1685 1523 1747 ἐννοίαις
1555 1686 1788 1755 ἀνατρέ-

207 1783 339 1819 πειν
378 1767 474 1820 καὶ
505 1767 773 1833 διαλύειν,
817 1769 922 1823 κάν
962 1788 1068 1824 που
1096 1773 1191 1825 καί
1220 1791 1367 1836 τινος
1399 1777 1536 1844 ἡμῖν
1577 1777 1787 1829 οἰκονο-

211 1856 342 1924 μίας
394 1858 584 1931 δεήσῃ.
640 1831 765 1913 καὶ*
799 1861 1007 1930 ταύτην
1042 1864 1117 1935 μὴ
1154 1863 1219 1918 ἂν
1250 1831 1485 1934 ἄλλωξῆ
1517 1868 1658 1921 κατά
1701 1868 1788 1936 μί·
1820 1831 1865 1891 Β

211 1966 384 2018 μησιν
434 1951 543 2003 τῶν
600 1952 835 2015 ἐκείνοις
881 1956 1352 2026 οίκονομηθέντων
1402 1958 1788 2028 μεταχειρίσα-

209 2041 343 2094 σθαι
396 2041 496 2107 (ὡς
540 2044 650 2115 γὰρ
675 2046 704 2098 ό
735 2047 836 2116 τῆς
872 2046 1148 2115 θεολογίας
1175 2050 1300 2119 ὅρος
1353 2067 1414 2103 τε
1451 2052 1546 2104 καὶ
1604 2050 1786 2105 κανὼν

209 2132 477 2204 ἄντικρυς
537 2137 857 2208 Γρηγόριος,
895 2142 930 2211 ή
970 2139 1067 2193 τοῦ
1115 2143 1428 2210 πνεύματος
1474 2143 1783 2210 ἀνάπαυλα,

212 2220 349 2291 ἔφη,
381 2224 501 2277 οὐδὲ
528 2227 629 2289 τὰς
653 2225 942 2297 ἐλαχίστας
976 2231 1206 2300 πράξεις
1236 2233 1360 2301 είκῇ
1385 2231 1791 2301 σπουδασθῆναι

212 2317 324 2376 τοῖς
359 2315 718 2386 ρναγράῲασι
757 2319 973 2387 γέγονε,
1015 2323 1107 2375 καὶ
1154 2324 1322 2390 μέχρι
1384 2323 1480 2374 τοῦ
1519 2323 1791 2389 παρόντος

214 2406 411 2477 μνήμῃ
456 2408 848 2480 διασωσθῆναι,
910 2412 1032 2465 ἀλλ’
1092 2414 1158 2465 ἵν’
1193 2416 1355 2483 ἡμεῖς
1405 2414 1620 2484 ἔχωμεν
1659 2415 1792 2467 ὐπο-

217 2499 484 2566 μνηματα
511 2502 606 2554 καὶ
641 2503 986 2571 παιδεύματα
1013 2505 1122 2558 τῶν
1155 2507 1378 2576 ὁμοίων,
1412 2508 1622 2559 εἴποτε
1656 2522 1794 2573 συμ-

216 2591 376 2643 πέσοι
408 2592 602 2662 καιρὸς
650 2594 1018 2665 διασκέψεως,
1077 2592 1192 2651 οἷον
1221 2598 1415 2651 κανόσι
1440 2600 1552 2651 τισὶ
1576 2598 1670 2650 καὶ
1698 2598 1793 2650 τύ-

211 2697 342 2744 ποις
391 2685 504 2746 τοῖς
556 2686 927 2755 προλαϐοῦσιν
989 2690 1249 2757 ἑπόμενοι
1321 2688 1788 2758 παραδείγμασιν)

209 2769 343 2824 οὗτε
375 2775 435 2825 τὸ
455 2777 819 2845 οἰκονομικῶς
847 2782 1028 2832 εἰπεῖν
1063 2798 1184 2833 τινα
1217 2781 1360 2833 κατὰ
1391 2781 1581 2852 καιρὸν
1646 2798 1793 2852 παρ-

207 2860 509 2930 ελείπομεν
569 2866 663 2918 τὸν
689 2869 1058 2938 προ-ιήκοντα,
1116 2869 1229 2922 οὔτ’
1259 2871 1424 2923 αὑτοῦ
1472 2871 1668 2943 καιροῦ
1698 2871 1795 2942 τὴν

210 2951 506 3020 ἀκρίϐειαν
544 2956 923 3024 ἀπαιτοῦντος,
954 2959 1162 3029 ταύτην
1196 2962 1545 3032 παρείδομεν.

286 3043 360 3112 γ’.
394 3046 605 3100 Λύτίκα
642 3047 702 3100 τὸ
749 3048 810 3113 ἕξ
845 3051 1020 3122 ἀρχῆς
1048 3052 1273 3123 πρώτην
1301 3055 1619 3125 οἰκονομίαν
1647 3054 1795 3119 εδοξε

1884 587 2240 641 inhumanam
2271 586 2788 653 custodiam.Quod
2824 586 2870 641 si
2906 587 3292 654 exseriptioiiis
3317 603 3457 658 quo—

1883 694 1990 746 que
2022 679 2287 733 rationem
2321 680 2626 748 intelligere
2653 690 2802 740 aves,
2834 679 2974 732 scito
3001 692 3121 731 eam
3156 693 3263 731 non
3291 680 3452 734 aliam

1886 770 2062 825 fuisse
2088 811 2102 833 ,
2153 786 2312 837 quam
2350 769 2623 840 prototypi
2654 770 2842 825 multis
2893 770 2950 823 in
2981 769 3228 839 partibus
3255 770 3456 823 immu-

1888 865 2175 918 tationem.
2211 861 2458 928 Quonam
2510 877 2643 915 vero
2691 875 2862 930 scopo
2902 871 2957 914 et
3005 861 3150 914 fine?
3201 858 3272 915 Ut
3322 877 3460 914 non-

1889 955 2064 1017 nulla,
2102 970 2222 1023 qua:
2252 955 2304 1008 in
2337 964 2629 1023 prototypo
2665 968 2693 1007 a
2728 953 2886 1008 nobis
2925 954 2991 1008 ad
3026 970 3145 1018 res,
3176 968 3299 1023 quae
3338 968 3453 1008 tum

1886 1047 2186 1117 urgebant,
2217 1044 2692 1098 accommodatius
2718 1053 3049 1112 pertractata
3080 1044 3340 1110 fuerant,
3387 1048 3457 1101 ab

1884 1136 1956 1193 iis
1990 1152 2111 1204 quae
2141 1135 2195 1189 in
2226 1129 2524 1205 exemplari
2565 1133 2943 1196 continentur.
2975 1137 3291 1190 accuratius
3336 1151 3460 1191 cor-

1882 1227 2211 1296 rigerentur.

1958 1318 2014 1373 2.
2064 1317 2203 1374 Cum
2236 1321 2382 1374 enim
2442 1321 2497 1375 in
2554 1322 2829 1376 universis
2887 1319 3152 1374 adversus
3212 1320 3460 1374 veritatis

1891 1410 2081 1466 hostes
2130 1413 2528 1468 certaminibus
2583 1413 2713 1467 illud
2774 1427 2888 1481 prae
2936 1410 3194 1465 omnibus
3247 1424 3463 1464 summo

1889 1501 2075 1556 studio
2106 1513 2234 1556 ante
2264 1503 2456 1556 oculos
2487 1502 2651 1559 fuerit
2678 1543 2693 1568 ,
2747 1517 3093 1572 quaecunque
3124 1501 3199 1555 illi
3253 1511 3464 1555 rectum

1889 1593 2087 1662 dogma
2115 1594 2472 1649 criminantes
2502 1595 2919 1664 proponebant,
2956 1609 3064 1646 non
3099 1608 3164 1647 ex
3198 1592 3463 1662 propriis,

1893 1685 1988 1740 sed
2039 1702 2102 1741 ex
2151 1684 2376 1740 Patrum
2432 1687 2758 1757 tlieologicis
2822 1687 3110 1741 sententiis
3161 1699 3227 1740 ac
3279 1684 3462 1746 dictis,

1890 1776 2137 1831 refellere
2173 1790 2239 1830 ac
2265 1776 2582 1839 dissolvere,
2621 1785 2679 1830 et
2725 1774 2901 1829 sicubi
2968 1773 3276 1828 teconomia
3327 1785 3465 1839 opus

1891 1873 2077 1927 esset,
2129 1865 2373 1919 eamdem
2433 1864 2655 1918 illorum
2707 1863 3097 1927 tenmlatione,
3141 1862 3290 1916 circa
3344 1874 3469 1929 quae

1891 1954 2255 2009 oeconomiam
2317 1961 2695 2023 usurparunt,
2743 1954 2898 2020 sequi
2949 1949 3449 2022 (quemadmodum

1906 2047 2054 2100 enim
2090 2044 2398 2115 ,theologiae
2452 2059 2590 2114 apex
2637 2052 2693 2097 et
2724 2044 2908 2112 regula
2981 2057 3107 2097 vere
3146 2041 3465 2109 Gregorius,

1891 2138 2227 2208 spiritusque
2280 2137 2495 2190 mansio
2552 2134 2744 2209 dixit,
2803 2135 3058 2188 minimas
3126 2133 3367 2187 actiones
3438 2149 3471 2187 a

1893 2227 2257 2296 scriptoribus
2301 2240 2410 2282 non
2441 2240 2563 2281 esse
2604 2224 3058 2292 temere'scripto
3106 2222 3342 2277 traditas
3364 2259 3382 2285 ,
3415 2229 3472 2276 et

1893 2321 1958 2375 ad
1995 2321 2111 2375 haec
2143 2334 2318 2388 usque
2374 2328 2621 2387 tempora
2657 2317 2919 2371 memoria
2954 2324 3336 2378 conservatas,
3365 2316 3461 2370 sed

1892 2423 1954 2469 ut
1996 2428 2096 2469 uos
2146 2421 2201 2466 et
2243 2411 2669 2477 commentaria,
2723 2416 2779 2464 et
2831 2422 3017 2462 rerum
3073 2407 3335 2462 similium
3378 2422 3471 2460 ru-

1893 2505 2137 2559 dimenta
2193 2504 2567 2565 haberemus,
2621 2510 2677 2556 et
2735 2501 2781 2555 si
2836 2501 3061 2570 quando
3113 2499 3466 2555 consultandi

1894 2608 2112 2668 tempus
2175 2596 2523 2661 occurrerit,
2575 2595 2743 2650 veluti
2802 2594 3022 2663 regulas
3075 2594 3469 2663 quasdam,et

1893 2689 2226 2758 exemplaria
2249 2689 2429 2758 aliqua
2460 2701 2584 2757 quae
2612 2692 3001 2755 praecesserant
3025 2724 3040 2744 .
3074 2688 3463 2753 sequeremur)

1894 2796 2073 2851 neque
2103 2780 2442 2835 (ecouomice
2475 2778 2741 2848 digerere,
2769 2792 2947 2846 neque
2975 2792 3099 2831 cum
3133 2785 3347 2844 tempus
3371 2788 3466 2828 ex—

1896 2873 2151 2944 quisitam
2169 2886 2350 2925 rerum
2381 2869 2760 2924 tractationem
2786 2869 3046 2937 exigeret,
3075 2882 3196 2923 eam
3221 2868 3470 2936 tempore

1896 2976 2205 3038 opportuno
2236 2955 2595 3033 negleximus.

1966 3060 2022 3115 5.
2047 3057 2114 3111 Et
2141 3058 2324 3112 statim
2373 3056 2443 3110 ab
2478 3054 2636 3108 initio
2665 3054 2898 3123 primam
2934 3052 3076 3108 hanc
3110 3051 3472 3109 (economiam

215 3138 524 3206 μετελθεῖν,
569 3139 652 3193 ὅτι
681 3157 744 3209 γε
792 3142 841 3193 οῖ
870 3143 973 3212 τῆς
999 3142 1259 3211 ἀληθείας
1290 3145 1474 3216 ἐχθροὶ
1506 3147 1575 3200 τὰ
1631 3149 1795 3217 μωρὰ

1904 3150 2049 3221 sequi
2084 3148 2255 3203 visum
2286 3156 2391 3203 est.
2435 3144 2572 3201 Cum
2603 3147 2752 3199 enim
2781 3145 3029 3200 veritatis
3083 3147 3273 3200 hostes
3321 3159 3480 3198 vesa-

214 3226 317 3277 καὶ
349 3227 521 3295 ἄλογα
572 3229 754 3300 πλήθη
805 3231 866 3295 ἐξ
920 3233 1156 3302 ἀρχαίας
1197 3235 1398 3296 είδότες
1443 3237 1792 3306 προλήψεως,

213 3319 365 3370 ἐπὰν
418 3319 716 3377 ἀκούσειαν
767 3324 831 3375 ἑκ
885 3324 1096 3393 Πατρὸς
1153 3327 1249 3377 καὶ
1309 3325 1440 3378 Υἱοῦ
1475 3330 1536 3379 τὸ
1566 3329 1795 3398 Πνεῦμα

211 3412 687 3481 ἐκπορευόμενον,
724 3416 819 3466 καὶ
853 3417 993 3485 πρὸς
1028 3415 1199 3485 μόνην
1225 3417 1653 3489 δυσχεραίνοντα
1693 3422 1795 3490 τὴν

223 3503 434 3573 φωνὴν,
476 3505 635 3557 αὐτοὶ
675 3506 775 3576 μὲν
821 3506 898 3570 ὡς
929 3508 1028 3579 τὴν
1059 3510 1124 3562 ὲκ
1177 3511 1392 3581 Πατρὺς
1428 3513 1523 3564 καὶ
1543 3512 1675 3566 Υίοῦ
1704 3517 1797 3566 ὲκ-

178 3632 191 3639 -
214 3597 484 3664 πόρευσιν
517 3596 611 3649 τοῦ
648 3598 974 3669 Πνεύματος
1008 3600 1270 3669 λέγοντας
1296 3603 1468 3673 ἡμᾶς,
1502 3605 1597 3657 καὶ
1648 3605 1795 3660 διδά-

213 3701 455 3748 σκοντας
501 3687 899 3756 διαϐάλλοντες,
959 3690 1120 3744 τοῦτο
1150 3691 1235 3763 ,δὴ
1263 3693 1322 3746 τὸ
1378 3697 1670 3764 πρόχειρον
1696 3695 1798 3764 τῆς

212 3779 347 3832 καθ’
397 3778 556 3850 ἡμῶν
626 3782 909 3837 ἐποιοῦντο
967 3783 1221 3855 σπουδῆς.
1261 3784 1457 3855 Ἡμεῖς
1495 3787 1553 3840 δὲ
1592 3787 1709 3840 δέον
1737 3787 1798 3840 ὃν

213 3869 325 3940 τῆς
364 3873 550 3943 φωνῆς
598 3873 748 3944 ἡμᾶς
799 3873 1005 3945 ταύτης
1041 3877 1388 3947 ἀντέχεσθαι,
1438 3880 1533 3933 καὶ
1576 3880 1669 3933 ἐπὶ
1704 3897 1799 3933 συ-

221 3961 421 4014 στάσει
446 3963 652 4034 ταύτης
701 3968 1136 4037 ἀντιπροτείνειν
1170 3970 1347 4025 ὁπόσα
1379 3972 1408 4025 ὁ
1439 3972 1800 4044 ἠγαπημένος

220 4054 325 4104 καὶ
371 4054 688 4126 ἑπιστήθιος
741 4059 1156 4131 Εὐαγγελιστὴς
1210 4063 1269 4115 ἐν
1300 4066 1367 4134 τῇ
1430 4064 1802 4134 Ἀποκαλύψει

219 4147 294 4199 ἐκ
328 4146 543 4218 Πατρὸς
578 4149 673 4202 καὶ
709 4149 840 4205 Υἰοῦ
875 4151 1054 4223 δηλῶν
1081 4154 1145 4207 τὸ
1173 4155 1402 4228 Πνεῦμα
1432 4159 1806 4228 ἐκπορευόμε-

223 4254 348 4304 νον,
382 4238 511 4309 ἕφη,
549 4241 688 4295 ἀλλά
713 4241 779 4314 δὴ
809 4244 902 4296 καὶ
931 4245 1032 4298 ὅσα
1061 4244 1200 4300 ἄλλα
1241 4248 1346 4318 τῆς
1377 4249 1605 4320 Γραφῆς
1662 4252 1804 4323 ῥητὰ

215 4331 331 4403 τὴν
365 4334 429 4386 ὲκ
460 4332 676 4403 Πατρὺς
702 4335 797 4390 καὶ
847 4336 979 4391 Υίοῦ
1013 4339 1344 4410 ἐκπόρευσιν
1384 4341 1658 4411 ἀριδὴλως
1689 4344 1804 4397 δια-

219 4426 443 4494 τρανοῖ,
473 4424 512 4480 ἃ
551 4425 733 4480 πάντα
763 4428 968 4482 είσεται
999 4431 1028 4484 ό
1057 4427 1374 4501 ζητητικὸς,
1408 4433 1469 4486 ὲν
1509 4427 1592 4496 οἷς
1642 4436 1807 4505 ἡμεῖς

1899 3257 2051 3305 nam,
2081 3254 2182 3294 nec
2214 3236 2442 3293 rationis
2467 3244 2776 3305 compotem
2799 3236 3205 3291 multitudinem
3249 3237 3477 3296 scirent,

1903 3335 1974 3388 ob
2001 3333 2307 3400 antiquam,
2335 3344 2458 3399 quae
2486 3328 2661 3396 ipsam
2719 3314 3222 3397 praeoccupaverat,
3256 3325 3476 3395 Opinio-

1903 3439 2049 3489 nem,
2079 3424 2208 3479 dum
2246 3421 2416 3484 audit,
2460 3435 2527 3475 ex
2578 3418 2758 3481 Patre,
2805 3427 2861 3475 et
2888 3417 3030 3473 Filio
3059 3417 3322 3488 Spiritum
3351 3432 3479 3487 pro-

1903 3518 2117 3577 cedere,
2147 3514 2230 3568 vel
2257 3512 2430 3567 solam
2463 3514 2635 3581 ipsam
2667 3525 2857 3567 vocem
2914 3510 3266 3567 intoleranter
3313 3507 3480 3574 ferre,

1906 3616 2118 3678 nosque
2145 3604 2448 3667 criminari,
2481 3605 2572 3673 qui
2627 3618 2693 3659 ex
2716 3602 2883 3659 Patre
2921 3612 2976 3658 et
3000 3602 3144 3658 Filio
3170 3600 3484 3670 processio-

1906 3715 2051 3765 nem,
2088 3710 2141 3754 et
2174 3697 2533 3758 affirmamus,
2562 3695 3127 3757 ctalios'edocemus,
3180 3691 3321 3747 hanc
3348 3706 3483 3747 suo-

1905 3807 2027 3847 rum
2055 3800 2349 3846 conatuum
2379 3795 2571 3842 contra
2595 3801 2696 3843 nos
2723 3800 2911 3841 ansam
2947 3787 3298 3853 arripuerunt
3326 3799 3341 3836 :
3379 3797 3482 3836 nos

1907 3897 2060 3947 vero,
2092 3896 2215 3937 eum
2239 3879 2440 3936 dictam
2466 3892 2654 3949 vocem
2680 3877 2954 3934 sustinere
2999 3886 3162 3945 atque
3191 3873 3486 3929 defendere

1909 3975 2254 4040 deberemus,
2281 3981 2335 4026 et
2356 3971 2411 4026 in
2449 3970 2595 4026 illius
2630 3969 2952 4041 probatione
2991 3977 3181 4025 contra
3209 3981 3486 4036 opponere

1909 4077 2248 4135 quaecunque
2274 4062 2524 4128 dilectus,
2560 4069 2616 4117 et
2645 4061 2741 4131 qui
2767 4061 2820 4114 in
2852 4068 3040 4129 pectus
3068 4059 3282 4113 Domini
3324 4073 3484 4112 recu—

1910 4157 2046 4223 buit,
2070 4153 2401 4224 evangelista
2449 4153 2504 4208 in
2537 4152 2886 4223 Apocalypsi.
2921 4166 2989 4206 ex
3034 4149 3194 4204 Patre
3219 4173 3225 4179 -
3248 4157 3303 4204 et
3346 4145 3487 4201 Filio

1909 4247 2174 4318 Spiritum
2208 4246 2502 4316 procedere
2530 4251 2809 4307 astruens,
2835 4242 2974 4297 dixit
3000 4258 3017 4308 ;
3053 4241 3165 4295 imo
3189 4249 3240 4295 et
3269 4238 3482 4307 reliqua

1916 4340 2213 4411 Scriptura:
2236 4337 2421 4392 omnia
2447 4337 2617 4400 dicta,
2650 4350 2775 4406 quae
2811 4349 2879 4390 ex
2906 4333 3063 4388 Patre
3116 4340 3171 4386 et
3191 4330 3330 4386 Filio
3356 4345 3489 4400 pro-

1914 4432 2222 4488 cessionem
2245 4427 2540 4485 manifesto
2569 4426 2904 4498 exprimunt,
2929 4434 2987 4481 et
3018 4424 3178 4496 plane
3206 4437 3271 4478 ea
3294 4421 3483 4477 omnia

219 4518 334 4587 τὴν
360 4517 679 4589 ἀντίρρησιν
709 4517 806 4573 τοῦ
830 4520 1059 4578 δεκάτου
1092 4522 1254 4578 ἕκτου
1279 4524 1389 4578 τῶν
1417 4523 1513 4580 τοῦ
1544 4525 1797 4597 Μοσχάμ·

1912 4521 2214 4592 comperiet
2252 4520 2506 4576 curiosus
2530 4520 2586 4575 in
2619 4518 2711 4584 iis,
2735 4531 2858 4588 quae
2885 4530 2986 4573 nos
3029 4514 3297 4571 adversus
3319 4511 3486 4567 deci-

228 4626 353 4678 παρ
383 4610 783 4681 ἐσχεδιὰσαμεν
808 4613 1143 4683 κεφαλαίων,
1176 4615 1334 4671 τοῦτο
1385 4616 1484 4688 μὲν
1536 4620 1635 4689 οὐχ
1669 4618 1809 4671 ἑτοί-

230 4718 358 4772 μως
403 4697 560 4773 ἧμενξ
589 4705 889 4772 ποιοῦντες,
934 4709 997 4760 τὺ
1023 4707 1080 4761 δὲ
1108 4709 1243 4779 πρὸς
1277 4710 1378 4781 την
1402 4714 1468 4763 ὲκ
1494 4713 1710 4783 Πατρδς
1732 4712 1808 4766 δι’

232 4794 372 4848 Υῑοῦ
395 4796 726 4869 ὲκπόρευσιν
754 4799 1150 4870 ἀναντίρρητον
1181 4803 1582 4867 κατανοοῦντες
1606 4804 1807 4870 αὐτῶν,

230 4890 335 4941 καὶ
368 4888 572 4961 ταύτην
605 4891 775 4964 μηδὲν
804 4892 902 4963 τῆς
933 4890 994 4956 ἐξ
1031 4891 1237 4960 ἀμφοῖν
1271 4894 1556 4966 διαφέρειν
1606 4896 1812 4962 εἰδότες

227 4979 314 5041 ὡς
348 4979 616 5051 ἀκριϐῶς,
668 4980 826 5036 αὐτοὶ
888 4983 985 5052 μὲν
1036 4981 1137 5051 τὴν
1194 4982 1260 5035 ὲκ
1290 4985 1502 5055 Πατρδς
1554 4985 1624 5038 δι’
1676 4983 1810 5039 Υῑοῦ

233 5069 571 5141 ἐκπόρευσιν
600 5073 873 5144 στέργειν,
906 5074 1002 5127 καὶ
1031 5073 1379 5144 πρεσϐεύειν,
1410 5076 1510 5146 τὴν
1529 5076 1586 5129 δὲ
1611 5078 1813 5130 καταλ-

228 5162 411 5231 ὶαγὴν
438 5163 548 5216 τῶν
587 5162 646 5228 ἐξ
676 5165 879 5235 ἀμφοῖν
924 5164 1195 5234 λεγόντων
1241 5166 1415 5236 αὐτὴν
1469 5166 1558 5220 διὰ
1604 5166 1665 5218 τὸ
1712 5166 1814 5236 τῆς

228 5255 307 5319 ἐξ
340 5256 434 5308 κα)⁸
493 5255 592 5309 διὰ
649 5254 996 5326 ἰσοδύναμον,
1031 5256 1419 5327 ἀνεπιλήπτως
1453 5240 1808 5326 ποιήσασθαι,

233 5347 437 5401 πλατεῖ
460 5344 541 5417 τῷ
574 5347 805 5416 στόματι
854 5347 1378 5419 ἑπαῤῥησιαζόμεθα
1398 5363 1413 5379 °
1445 5330 1637 5418 ῶσπερ
1662 5348 1730 5402 ἃν
1763 5349 1813 5402 εί

232 5439 338 5493 καὶ
367 5440 395 5491 ὁ
428 5440 602 5509 μέγας
646 5440 970 5503 Ἀθανάσιος
1009 5440 1162 5511 παρά
1195 5440 1304 5494 τῶν
1331 5440 1432 5502 τὰς
1481 5442 1631 5511 τρεῖς
1678 5441 1813 5492 ὑπο-

234 5530 462 5591 στάσεις
508 5530 781 5599 λεγόντων
837 5532 1305 5603 διενοχλούμενος,
1376 5533 1451 5596 ὡς
1516 5533 1591 5603 μὴ
1630 5531 1815 5595 καλῶς

228 5621 399 5693 δῆθεν
420 5625 522 5695 τὴν
548 5623 686 5694 πρὸς
711 5625 836 5686 τοὺς
863 5625 995 5693 μίαν
1019 5627 1225 5697 ταύτην
1248 5624 1587 5693 φρονοῦντας
1610 5628 1814 5678 καταλ-

231 5714 413 5785 λαγὴν
445 5717 846 5789 μετερχόμενος
875 5720 1002 5781 τοὺς
1039 5718 1446 5790 διενοχλοῦντας
1479 5718 1690 5783 πάντας
1716 5717 1815 5786 ἒμ-

243 5808 510 5879 φράττειν
539 5805 706 5880 εἶχεν,
751 5809 826 5875 ὡς
861 5811 1027 5876 αὐτὸς
1072 5811 1174 5884 μὲν
1216 5811 1315 5883 τῆς
1345 5809 1453 5868 τῶν
1484 5809 1653 5881 τριῶν
1682 5812 1813 5882 ὁμο-

1910 4628 2060 4668 mum
2086 4623 2297 4669 sextum
2336 4610 2765 4681 Moschamparis
2789 4616 2954 4677 caput
2985 4605 3333 4665 dictavimus.
3379 4605 3486 4657 hoc

1911 4719 2019 4759 non
2039 4704 2113 4758 ita
2138 4719 2411 4774 propenso
2438 4704 2622 4758 animo
2675 4702 2929 4766 fecimus,
2964 4708 3022 4754 ut
3055 4714 3180 4753 cum
3223 4712 3288 4751 ex
3330 4696 3489 4749 Patre

1915 4810 2008 4866 per
2034 4794 2232 4851 Filium
2264 4797 2675 4867 proeessionem
2712 4795 2848 4850 adeo
2906 4791 3276 4854 manifestam,
3319 4797 3378 4843 ut
3412 4787 3489 4841 illi

1913 4887 2213 4943 contradici
2250 4896 2502 4957 nequeat,
2557 4887 3010 4961 intelligeremus,
3065 4897 3294 4952 eamque
3355 4879 3493 4934 nihil

1914 4981 1983 5036 ab
2013 4996 2099 5045 ea,
2144 4996 2268 5047 quae
2299 4992 2382 5036 est
2404 4996 2470 5035 ex
2501 4989 2733 5048 utroque
2760 4977 2998 5042 diﬂ'erre,
3027 4976 3272 5047 apprime
3319 4972 3493 5029 scirc-

1913 5086 2060 5135 mus,
2120 5086 2219 5127 nos
2250 5086 2316 5126 ex
2355 5072 2514 5126 Patre
2540 5085 2634 5140 per
2675 5068 2873 5124 Filium
2922 5069 3325 5140 processionem
3374 5081 3496 5120 am-

1914 5159 2097 5230 plecti,
2140 5166 2197 5215 et
2228 5174 2497 5222 asserere,
2556 5160 2773 5229 illisq‘ue
2820 5158 3005 5227 quis:
3058 5166 3290 5226 utroque
3340 5153 3490 5208 illam

1915 5259 2251 5316 asseverant,
2283 5258 2505 5320 propter
2537 5250 2987 5320 praepositionum
3020 5262 3084 5300 ex
3108 5254 3162 5299 et
3192 5259 3285 5314 per
3331 5258 3493 5312 pares

1916 5358 1982 5400 ac
2002 5344 2239 5413 aequales
2264 5343 2437 5411 vires,
2489 5342 2701 5398 nullum
2734 5343 2876 5397 laesae
2929 5338 3053 5393 ﬁdei
3087 5336 3295 5391 crimen
3323 5334 3494 5396 inuri,

1917 5446 2230 5509 apertoore
2254 5437 2636 5507 proﬁteremur
2666 5451 2681 5501 ;
2711 5433 2793 5489 uti
2841 5443 3074 5501 magnus
3132 5425 3496 5487 Athanasius.

1919 5531 2044 5586 licet
2077 5531 2145 5586 ab
2169 5531 2234 5586 iis
2251 5530 2345 5601 qui
2365 5538 2478 5586 tres
2504 5529 2830 5601 hypostases
2852 5523 3130 5587 dicebant,
3157 5520 3494 5581 turbaretur,

1919 5614 2211 5694 quasi'non
2247 5625 2383 5680 bene
2417 5638 2542 5678 cum
2574 5624 2665 5687 iis,
2697 5619 2790 5690 qui
2818 5631 2983 5671 unam
3030 5615 3180 5670 illam
3215 5611 3495 5675 tenebant,

1921 5716 2236 5772 societatem
2277 5716 2507 5779 iniisset,
2537 5711 2916 5771 infestantium
2938 5707 3185 5765 omnium
3209 5719 3304 5759 ora
3340 5717 3463 5758 com
3482 5731 3499 5740 -

1922 5808 2231 5878 pressisset,
2266 5810 2312 5867 si
2343 5808 2590 5875 dixisset,
2627 5819 2748 5866 sese
2778 5802 2942 5861 trium
2974 5800 3338 5875 hypostascon
3369 5808 3494 5867 prc-
