3962 6414
579 382 716 447 1023

1636 381 1843 472 JOAN.
1890 379 2095 441 VECCI
2140 374 2247 436 ΕΡ.
2295 370 2801 434 ΡΑΤΒΙΑΒαΗίΕ

3620 367 3725 433 lilii

579 501 875 552 fessionem
913 500 1076 563 tueri,
1110 515 1271 552 unam
1319 514 1449 552 vero
1493 498 1876 560 assert-utinm,
1929 503 2146 565 propter

2256 486 2440 552 λογίας
2490 485 2850 538 ὕποστάσεων
2881 482 3263 552 ἀντεχόμενος,
3311 482 3402 550 τὴν
3427 481 3476 534 δὲ
3517 480 3726 534 καταλλα-

581 589 888 659 hypostasis
927 590 1072 643 varia
1127 589 1429 658 signiﬁcata
1466 588 1784 652 amicitiam,
1817 587 2022 653 absque
2060 600 2147 638 re-

580 679 940 749 prehensione
960 680 1326 748 amplexatum
1358 679 1548 744 fuisse,
1583 677 1726 748 quod
1759 677 1833 730 illi
1865 677 2149 732 sententiae

579 785 691 824 SIMB
721 784 826 823 non
867 780 1248 839 repugnarent.

645 861 700 914 4.
733 862 795 912 Ει
823 861 965 915 hanc
994 861 1212 929 quidem
1240 862 1601 917 mcunomiam
1627 863 1786 932 primi
1819 860 2148 928 exemplaris

579 951 749 1005 nostri
771 967 1052 1008 sermones
1080 964 1425 1012 conservant.
1463 954 1710 1010 Secunda
1737 969 1836 1009 nec
1863 955 2144 1006 minimum

577 1044 795 1112 quidem
819 1045 987 1100 distat
1020 1061 1050 1099 a
1080 1047 1276 1114 prima.
1315 1046 1446 1100 Nam
1509 1063 1576 1100 ex
1603 1049 1762 1102 Patre
1803 1062 1898 1113 per
1923 1044 2148 1106 Filium,

578 1133 808 1204 ideoque
845 1152 911 1190 ex
948 1145 1179 1203 utroque
1222 1137 1599 1191 exsistenliam
1637 1136 1839 1190 vivitici
1881 1137 2146 1204 Spiritus,

576 1241 642 1280 ex
707 1227 912 1295 scripto
989 1228 1224 1291 traditis,
1289 1244 1426 1296 quas
1488 1244 1588 1282 nec
1671 1228 1970 1283 adversarii
2047 1227 2148 1294 ipsi

577 1316 791 1379 inﬁcias
824 1317 1044 1380 iverint,
1077 1319 1364 1374 sententiis
1405 1320 1870 1382 demonstrantes,
1914 1319 2152 1389 indeque

590 1409 850 1463 Romanae
910 1409 1167 1465 Ecclesiae
1201 1409 1538 1480 inculpatum
1571 1412 1764 1482 dogma
1813 1411 2149 1480 colligentes,

578 1515 647 1554 ex
717 1513 826 1553 una
891 1515 1059 1556 causa
1140 1500 1300 1555 Patre
1363 1511 1418 1556 et
1487 1502 1621 1556 Filio
1704 1517 1826 1557 esse
1891 1502 2150 1572 Spiritum

578 1594 914 1655 asserentis,
991 1608 1098 1646 non
1187 1594 1365 1663 palam
1451 1594 1680 1650 similem
1769 1609 1957 1649 vocem
2010 1595 2152 1649 scri-

577 1691 670 1748 pto
739 1684 1108 1750 tradebamus,
1205 1687 1298 1741 sed
1354 1687 1407 1741 in
1491 1686 1763 1755 plerisque
1834 1695 2148 1745 nostrarum

578 1774 934 1840 scriptionum
967 1776 1234 1844 partibus,
1287 1778 1460 1832 dictas
1499 1777 1706 1847 scripto
1751 1778 1976 1834 traditas
2029 1793 2153 1833 sen-

578 1867 776 1920 tentias
799 1868 1127 1935 digerentes,
1165 1871 1424 1924 continuo
1471 1870 1878 1932 colligebamus,
1937 1885 2000 1922 ex
2045 1884 2155 1923 uno

574 1972 698 2012 esse
738 1957 869 2022 Deo,
917 1975 1081 2028 quam
1113 1975 1303 2014 vocem
1335 1962 1404 2014 ab
1441 1962 1694 2016 omnibus
1715 1961 1958 2015 hilariter
1978 1959 2158 2028 excipi

575 2051 1066 2118 cognoscebamus.
1130 2051 1304 2114 Onam
1341 2067 1503 2120 porro
1531 2053 1600 2106 ob
1628 2067 1849 2106 causam
1880 2051 2154 2121 negotium

575 2140 658 2196 sic
689 2143 1168 2212 transigebamus?
1205 2142 1538 2197 (Economia
1573 2153 1809 2210 utentes,
1865 2159 2024 2212 quam
2071 2143 2156 2198 cui

578 2244 607 2282 a
652 2229 926 2300 theologia
982 2246 1177 2286 nomen
1229 2239 1333 2296 est,
1377 2249 1572 2304 magno
1621 2233 1822 2288 Basilio
1879 2235 2152 2296 vendicat,

577 2335 703 2375 cum
749 2322 816 2375 de
851 2322 944 2376 illo
997 2323 1207 2377 tradit:
1241 2323 1330 2378 Sic
1387 2325 1476 2379 ille
1531 2326 1586 2378 in
1635 2325 1848 2394 judicio
1896 2340 2158 2378 sermones

577 2429 700 2466 suos
721 2413 997 2481 disponere
1022 2416 1326 2482 judicabat,
1349 2417 1650 2481 paululum,
1684 2434 1746 2471 ac
1776 2417 1900 2470 belli
1934 2426 2158 2485 tempus,

582 2513 631 2556 et
697 2504 1067 2557 haereticorum
1127 2507 1418 2574 potentiam
1470 2506 1860 2576 aliquantisper
1911 2513 2160 2565 tolerare.

577 2592 751 2660 quoad
786 2591 1051 2647 libertatis
1087 2593 1594 2662 tranquillitatisque
1625 2605 1825 2664 tempus
1873 2594 2162 2647 successis-

581 2693 680 2746 set,
727 2683 1058 2755 dedissetque
1111 2685 1310 2756 lingua:
1380 2685 1778 2753 conﬁdentiam.
1837 2682 1974 2738 Cum
2014 2684 2159 2738 enim

579 2775 715 2830 nihil
767 2775 984 2830 dill‘erat
1036 2791 1100 2830 ex
1141 2793 1250 2831 uno
1278 2779 1408 2841 Deo,
1472 2777 1556 2829 vel
1587 2791 1652 2830 ex
1684 2793 1790 2831 una
1825 2791 1992 2830 causa
2036 2775 2160 2840 hoc,

581 2867 844 2934 quidquid
866 2878 969 2935 est,
1008 2882 1131 2923 esse
1151 2883 1417 2934 asserere,
1462 2869 1508 2921 si
1554 2868 1818 2939 quidquid
1850 2883 1915 2923 ex
1950 2869 2058 2922 Deo
2107 2877 2161 2922 et

582 2973 681 3028 per
713 2957 880 3012 Deum
909 2974 1031 3013 esse
1065 2959 1394 3024 affirmatur,
1439 2961 1812 3014 tantummodo
1865 2959 2158 3014 secundum

587 3065 770 3104 causa;
821 3049 1108 3115 rationem,
1172 3066 1271 3104 ncc
1314 3051 1542 3106 alterius
1576 3053 1878 3120 cuiuspiam
1915 3050 2158 3105 dicitur:

2253 578 2357 646 γὴν
2384 577 2494 630 τῶν
2525 577 2657 646 μίαν
2697 576 2966 642 λεγόντων
3003 575 3299 628 ὑπόστασιν
3327 572 3410 626 διὰ
3451 571 3504 624 τὸ
3542 570 3630 623 ἀπὸ
3652 571 3728 622 τῶν

2253 668 2546 737 σημασιῶν
2570 668 2672 736 τῆς
2697 667 3048 728 ὑποστάσεως
3096 665 3189 718 ἐπὶ
3225 665 3481 732 συνδρομῇ
3506 662 3586 715 τοῦ
3603 663 3728 714 αὐτοῦ

2252 761 2605 830 φρονήματος
2637 760 2930 829 σύμφωνον
2959 757 3344 826 ἀνεπιλήπτως
3385 754 3682 823 ποιούμενος.

2318 852 2380 904 δ’.
2434 851 2665 920 Πρώτην
2722 851 2820 919 μὲν
2871 846 2967 904 οὖν
3027 848 3231 918 ταύτην
3277 847 3563 914 οἰκονομίαν
3597 846 3637 898 οἰ
3663 846 3733 912 τῆς

2253 943 2615 1013 πρωτοτύπου
2645 944 2803 1014 ἡμῶν
2839 942 3020 1011 βίϐλου
3053 941 3237 1010 ἔχουσι
3269 940 3438 1007 λόγοι⁹
3465 937 3736 1006 δευτέρανόὲ

2251 1035 2352 1103 τῆς
2411 1035 2634 1103 πρώτης
2693 1033 3032 1087 ἀποδέουσαν
3085 1031 3350 1100 οὐδαμῶς,
3406 1032 3564 1095 δτιγε
3593 1026 3672 1095 τὴν
3693 1029 3738 1078 ἐκ

2253 1123 2470 1191 Πατρὸς
2525 1122 2594 1176 δι’
2655 1122 2809 1186 Υίοῦ,
2860 1121 2956 1174 καί
3011 1120 3152 1174 κατὰ.
3205 1118 3474 1171 τοῦτοκαὶ
3502 1117 3553 1180 ἐξ
3585 1117 3739 1183 ἀμεοῑν

2255 1212 2494 1281 ὕπαρξιν
2523 1213 2619 1266 τοῦ
2645 1211 2961 1283 ζωαρχικοῦ
2993 1209 3332 1279 Πνεύματος,
3363 1207 3418 1271 ἐξ
3455 1200 3525 1259 ὧν
3566 1207 3606 1257 οί
3635 1205 3741 1256 ἀντι-

2253 1303 2537 1366 δικοῦντες
2565 1303 2719 1357 αὐτοὶ
2742 1303 3031 1374 γραφικῶν
3061 1302 3371 1371 ὡμολόγουν
3398 1294 3740 1352 ἀποδεικνύντες

2253 1397 2443 1466 ἡμεῖς,
2501 1394 2806 1447 κάντεῦθεν
2867 1393 2931 1446 τὸ
2979 1393 3077 1461 τῆς
3150 1389 3456 1460 Ῥωμαῖκῆς
3488 1384 3742 1453 Ἐκκλησίας

2257 1489 2510 1552 συνάγειν
2562 1486 2777 1557 ἔχοντες
2826 1485 3226 1553 ἀνεπίληπτον,
3281 1481 3338 1546 ὲξ
3381 1482 3490 1543 te;
3516 1478 3662 1531 αἰτίου
3681 1474 3742 1526 τοῦ

2257 1578 2472 1647 Πατρός
2517 1595 2578 1630 τε
2627 1579 2722 1632 καὶ
2745 1577 2846 1631 τοῦ
2883 1577 3012 1630 Υίοῦ
3041 1575 3105 1629 τὸ
3136 1573 3361 1642 Πνεῦμα
3383 1572 3623 1640 λεγούσης
3647 1564 3744 1621 εἰναι

2254 1669 2316 1720 τὸ
2355 1667 2534 1736 ἅγιον,
2568 1668 2692 1738 οὐχὶ
2718 1668 2936 1736 τρανῶς
2968 1667 3067 1736 τὴν
3095 1665 3354 1733 τοιαύτην
3412 1660 3744 1730 ἐλογογραφοῦ-

2189 1819 2228 1872 Β
2263 1776 2361 1828 μεν
2419 1759 2628 1831 φωνὴν,
2697 1760 2812 1813 ἀλλ’
2867 1761 2924 1811 έν
2969 1759 3187 1820 πολλοῖς
3231 1755 3340 1808 τῶν
3370 1754 3624 1826 ἡμετέρων
3654 1768 3747 1818 τρι-

2258 2036 2376 2098 ὲνδς
2411 2036 2744 2106 ἐποιούμεθα
2773 2035 2934 2102 Θεοῦ,
2973 2037 3070 2090 ἆτε
3104 2034 3168 2105 δὴ
3205 2035 3407 2094 πάντας
3437 2033 3530 2100 τὴν
3554 2027 3747 2090 τοιαύτην

2256 2124 2496 2195 δρῶντες
2562 2125 2766 2197 ἱλαρῶς
2839 2129 3244 2197 προσιεμένους
3297 2124 3494 2194 φωνήν.
3541 2120 3598 2174 Τί
3641 2119 3749 2172 τοῦτο

2260 2203 2575 2282 ποιοῦντες;
2614 2219 2724 2286 Τὴν
2752 2220 3066 2287 οἰκονομίαν
3095 2218 3398 2290 μετιόντες,
3426 2215 3488 2285 ῆν
3523 2215 3548 2266 ό
3573 2212 3651 2280 τῆς
3677 2211 3747 2260 θεο-

2259 2308 2446 2374 λογίας
2479 2311 2766 2379 ἐπώνυμος
2796 2310 2872 2380 τῷ
2904 2311 3128 2381 μεγάλῳ
3158 2309 3419 2378 Βασιλείῳ
3469 2320 3743 2377 προσμαρτυσ

2276 2401 2360 2468 ρεῖ
2391 2401 2448 2451 ὲν
2484 2395 2564 2463 οἷς
2592 2400 2721 2468 περὶ
2751 2399 2916 2452 αὐτοῦ
2947 2415 3136 2470 φησιν’
3175 2401 3278 2464 Ὣς
3330 2392 3636 2464 οἰκονομεῖν
3658 2388 3740 2448 τοὺς

2258 2492 2487 2559 λόγους
2535 2491 2606 2544 ἐν
2656 2491 2849 2557 κρίσει
2884 2491 3004 2544 τῶν
3052 2490 3302 2544 δικαίων
3333 2485 3563 2554 ἐνόμιζε,
3595 2481 3742 2552 μικρὸν

2259 2581 2410 2635 ὅσον
2447 2582 2555 2635 τὸν
2588 2582 2694 2635 τοῦ
2720 2582 2989 2651 πολέμου
3019 2581 3316 2652 διαφέρων
3340 2580 3554 2646 καιρὸν,
3577 2575 3653 2627 καί
3677 2572 3747 2634 τὴν

2258 2673 2378 2726 τῶν
2418 2674 2730 2742 αἰρετικῶν
2772 2674 3164 2739 δυναστείαν,
3219 2674 3330 2739 ἕως
3380 2674 3412 2725 ὀ
3455 2669 3556 2736 τῆς
3580 2667 3748 2720 ἐλευθε-

2251 2769 2392 2832 ρίας
2417 2765 2514 2818 καὶ
2547 2765 2656 2834 τῆς
2681 2766 2913 2832 αἰθρίας
2950 2765 3210 2832 ἐπιλάϐῃ
3249 2763 3471 2831 καιρὸς,
3501 2759 3588 2813 καὶ
3615 2755 3677 2819 δῷ
3704 2748 3749 2814 τῦ

2259 2859 2510 2927 τοῖώσσῃ
2536 2857 2653 2922 τὴν
2709 2858 3076 2924 παρρησίαν.
3123 2857 3281 2908 Ἐπεὶ
3314 2855 3421 2924 γὰρ
3445 2851 3657 2919 διαφέρει
3683 2859 3750 2911 μη·

2259 2947 2348 3001 δὲν
2365 2947 2422 3012 ἐξ
2443 2948 2561 3010 ἑνὸς
2582 2946 2794 3017 Θεοῦ,ἣ
2820 2947 2876 3011 ἐξ
2903 2946 3015 3008 ἐνὸς
3043 2947 3243 3004 αἰτίου.
3261 2945 3379 2997 τόδε
3405 2935 3749 2996 τιεῖναιείπεῖν.
3852 2935 3853 2988 l

2257 3039 2376 3107 εἴγε
2407 3040 2516 3092 πᾶν
2545 3038 2604 3091 τὺ
2625 3039 2688 3090 ὲκ
2707 3037 2843 3090 Θεοῦ
2877 3035 2972 3090 καὶ
2994 3037 3084 3089 διὰ
3109 3035 3208 3089 τοῦ
3231 3035 3365 3088 Θεοῦ
3390 3029 3751 3095 εῖναιλεγὸμενον

582 3142 924 3210 aduectoque
958 3142 1066 3209 iam
1104 3144 1339 3198 orationi
1388 3158 1544 3206 mete,
1571 3143 1833 3211 reliquum
1875 3141 2158 3211 theologici

2269 3131 2409 3184 κατὰ
2440 3130 2601 3200 μόνον
2632 3128 2724 3182 τὸν
2760 3129 2860 3198 τῆς
2889 3128 3094 3192 αἰτίας,
3121 3129 3332 3211 ἥκιστα
3357 3126 3490 3180 κατὰ
3521 3116 3751 3211 lorarii-5'

580 3239 734 3301 dicti.
753 3239 1209 3317 quemadmodum
1241 3254 1472 3308 magnus
1499 3239 1656 3294 Pater
1684 3249 1869 3294 noster
1893 3241 2159 3306 Bas’tius,

585 3339 639 3385 et
669 3334 831 3388 rebus
853 3334 1076 3401 agendis
1109 3333 1346 3388 eximius
1375 3351 1388 3387 :
1426 3333 1560 3387 Cum
1593 3335 1830 3388 veritatis
1861 3337 2033 3388 hostes
2066 3351 2164 3388 nu-

582 3425 707 3475 dam
741 3435 790 3476 et
840 3434 1080 3491 apertam
1105 3423 1167 3478 de
1197 3423 1404 3494 Spiritu
1437 3443 1633 3490 vocem,
1663 3429 1801 3496 quod
1831 3438 1967 3480 esset
1998 3428 2160 3492 Deus,

587 3516 865 3568 criminari
918 3525 1241 3586 satagerent,
1302 3517 1443 3586 quod
1490 3519 1702 3588 quidem
1737 3519 1949 3572 tametsi
1986 3536 2162 3574 verum

582 3617 718 3667 erat,
753 3609 972 3676 impium
1007 3617 1180 3664 tamen
1204 3609 1267 3662 ab
1291 3610 1422 3669 illis,
1466 3621 1624 3678 atque
1678 3611 1839 3678 impio
1871 3611 2163 3680 impietatis

585 3702 819 3754 antistiti
867 3702 1235 3770 reputabatur,
1278 3703 1400 3756 hinc
1430 3704 1488 3756 in
1542 3703 1668 3756 aliis
1697 3703 1906 3772 quidem
1953 3703 2164 3758 vocibus

583 3793 782 3860 scripto
836 3794 1072 3855 traditis.
1107 3801 1156 3849 et
1192 3795 1510 3848 testimoniis
1548 3795 1764 3849 minime
1825 3796 2023 3859 dubiis,
2071 3795 2163 3849 sed

587 3886 728 3938 idem
780 3887 1111 3950 sonantibus,
1167 3887 1243 3941 sic
1285 3885 1704 3941 contradicentes
1755 3889 2045 3953 coercebat,
2103 3897 2164 3942 ut

586 3988 770 4030 contra
798 3977 998 4032 hiscere
1038 3994 1142 4031 non
1177 3978 1452 4039 auderent,
1476 3980 1566 4032 sed
1600 3980 1828 4049 propriis
1851 3980 1935 4033 illi
1956 3979 2164 4033 vocibus

587 4069 967 4137 colligarentur
993 4085 1010 4122 :
1033 4070 1302 4137 propriam
1334 4077 1511 4122 autem
1549 4085 1722 4123 uocem
1756 4071 1811 4123 in
1848 4069 1998 4123 aliud
2029 4081 2165 4123 tem-

587 4177 685 4230 pus
713 4159 1014 4228 differebat,
1066 4158 1267 4212 nullum
1323 4159 1446 4213 inde
1493 4160 1734 4226 futurum
1773 4160 2165 4214 incommodum

587 4254 923 4314 existimans,
992 4254 1039 4307 si
1103 4268 1390 4322 parumper
1431 4253 1639 4306 vocibus
1698 4249 2020 4313 immutatis,
2079 4249 2165 4302 di-

586 4348 848 4400 ctionibus
915 4346 1039 4401 aliis
1120 4346 1258 4400 idem
1337 4327 1662 4399 educeretur.
1739 4341 1892 4407 Quod
1949 4357 2052 4394 non
2110 4341 2164 4394 in

585 4438 751 4492 verbis
778 4439 975 4508 potius,
1022 4453 1180 4506 quam
1208 4438 1262 4490 in
1299 4433 1451 4489 rebus
1484 4445 1666 4488 nostra
1699 4432 1844 4486 solus
1882 4431 2159 4485 consistat.

587 4529 710 4583 Pari
744 4531 955 4583 ratione
994 4543 1094 4581 nos
1131 4543 1348 4596 quoque
1375 4526 1452 4581 uti
1475 4523 1702 4587 alumni,
1755 4532 1808 4576 et
1850 4521 2160 4577 administri

589 4620 836 4689 magistri
869 4619 1188 4687 dominique
1216 4618 1400 4674 Basilii
1451 4616 1694 4686 vestigiis
1730 4613 2066 4675 insistentes,
2097 4629 2164 4667 ex

590 4726 699 4764 uno
734 4710 844 4765 Deo
892 4721 1278 4781 proponentes,
1319 4711 1464 4781 quod
1507 4708 1737 4764 faciliter
1792 4706 1932 4774 apud
1973 4705 2164 4759 adver-

592 4803 768 4858 sarios
789 4803 967 4859 locum
998 4803 1325 4868 inveniebat,
1377 4802 1520 4869 quod
1575 4817 1642 4854 ex
1676 4815 1782 4853 una
1817 4813 1982 4853 causa
2015 4811 2168 4853 asse-

591 4896 772 4960 rebat,
809 4899 862 4952 in
896 4899 1041 4953 aliud
1077 4907 1294 4968 tempus
1329 4895 1732 4955 deferebamus,
1773 4893 1903 4946 illud
1945 4906 2170 4959 prorsus

591 4991 762 5061 probe
790 5000 1054 5054 tenentes,
1107 5006 1234 5045 cum
1269 5000 1635 5058 opportunum
1672 4995 1885 5053 tempus
1936 4983 2168 5037 institis-

596 5093 700 5149 set,
741 5099 769 5138 a
819 5083 1120 5137 dictionum
1170 5083 1221 5134 vi
1255 5080 1450 5148 aequali
1500 5079 1804 5144 eodemque
1859 5076 2166 5145 signiﬁcatu

596 5175 956 5230 exhibendam
984 5174 1142 5228 nobis
1177 5173 1507 5234 libertatem,
1545 5181 1597 5224 et
1636 5166 2022 5223 conﬁdentiam
2076 5183 2175 5221 ex-

595 5269 785 5341 quisiti
815 5266 1083 5336 dagmatis
1111 5265 1415 5320 asserentli.

671 5361 724 5415 5.
759 5360 821 5413 Ει
855 5358 1098 5418 tandem.
1160 5356 1234 5410 ttti
1267 5355 1703 5424 exspectabatur,
1758 5352 1958 5407 evenit.
2010 5349 2176 5403 Nam-

601 5468 711 5524 que
765 5468 873 5507 non
903 5452 1065 5520 longo
1099 5449 1382 5517 iuterjecto
1436 5447 1739 5510 intervallo,
1805 5454 2015 5513 tempus
2051 5456 2178 5496 vere

605 5545 761 5599 nobis
809 5543 1118 5597 serenitatis
1173 5556 1237 5594 ac
1264 5539 1526 5594 libertatis
1553 5538 1758 5592 nullutu
1797 5535 2007 5597 incidit,
2034 5532 2176 5602 quod

607 5635 895 5704 theologia;
920 5635 1268 5704 mguominis
1300 5632 1568 5687 libertatis
1612 5643 1664 5684 et
1694 5626 2181 5684 conﬁdentizetem-

611 5744 713 5794 pus
751 5726 1120 5789 existimabat,
1167 5725 1356 5780 incidit
1407 5722 1783 5783 nihilominus,
1833 5717 1977 5788 quod
2012 5725 2063 5769 et
2112 5729 2174 5769 ex

614 5827 930 5886 tempestate
964 5819 1017 5872 in
1065 5817 1182 5888 ipso
1227 5826 1434 5884 exorta,
1503 5827 1553 5871 et
1601 5816 1653 5871 in
1701 5815 1819 5885 ipso
1870 5821 2179 5884 potentatus

2270 3238 2364 3290 pov
2409 3220 2628 3284 λέγεται
2653 3233 2669 3249 ⁸
2701 3219 2796 3271 καὶ
2825 3219 2901 3288 τῷ
2945 3218 3090 3287 λόγῳ
3281 3215 3593 3287 προστίθημι
3620 3210 3667 3261 τὺ
3689 3207 3752 3270 τῆς

2267 3309 2582 3380 θεολογικῆς
2607 3309 2891 3362 ἐπίλοιπον
2918 3309 3154 3378 ρήσεως,
3184 3307 3372 3374 ὥσπερ
3395 3308 3420 3358 ό
3448 3304 3600 3373 μέγας
3623 3292 3752 3357 Πατὴρ
3852 3329 3853 3380 η

2263 3401 2424 3472 ἡμῶν
2480 3402 2760 3464 Βασίλειος
2806 3401 2835 3452 ὁ
2895 3398 3062 3460 πολύς
3091 3417 3106 3430 ·
3139 3399 3264 3454 Τῶν
3288 3397 3397 3466 τῆς
3426 3391 3673 3460 ἀληθείας
3691 3384 3756 3472 ἐκῄ

2269 3469 2428 3562 θρῶν
2467 3492 2801 3561 ζητούντων
2824 3491 3114 3545 λαϐέσθαι
3146 3489 3380 3560 γυμνῆς
3416 3488 3518 3554 τῆς
3544 3480 3652 3549 περί
3686 3469 3754 3528 τοῦ

2265 3586 2615 3654 Πνεύματος
2640 3582 2869 3652 φωνῆς,
2897 3581 2978 3647 ὡς
3002 3580 3095 3647 εἴη
3131 3583 3302 3646 Θεὸς,
3339 3579 3478 3644 ὅπερ
3501 3574 3565 3628 ὃν
3599 3563 3757 3660 ἀληθές

2265 3676 2480 3741 ἀσεϐὲς
2537 3675 2794 3738 ἐκείνοις
2839 3671 3323 3742 ὑπελαμϐάνετο,
3382 3668 3477 3722 καὶ
3522 3664 3592 3729 τῷ
3642 3669 3755 3714 raw

2266 3769 2574 3839 προστάτῃ
2625 3767 2736 3836 τῆς
2770 3766 3075 3832 ἀσεϐείας,
3123 3765 3311 3830 αὐτὸς
3356 3764 3424 3816 ἐν
3465 3759 3651 3818 ἄλλοις
3680 3746 3757 3818 μίὲγ

2266 3862 2492 3933 φωναῖς
2513 3859 2850 3930 τραφικαῖς,
2879 3858 2980 3911 καὶ
3005 3858 3356 3927 μαρτυρίαις
3383 3845 3756 3920 ἀναμφιλέκτως

2267 3957 2490 4010 ταυτὸν
2519 3953 2882 4022 δυναμέναις
2911 3951 3100 4015 οὕτως
3132 3947 3285 4018 ἦγχε
3318 3947 3456 4011 τοὺς
3492 3935 3757 4001 ἀντιλέγον·

2265 4064 2393 4113 τας,
2454 4047 2534 4112 ὡς
2588 4046 2725 4114 μηδ’
2785 4045 3152 4097 ἀντιϐαίνειν
3208 4043 3392 4110 ἔχειν,
3423 4037 3550 4093 ἀλλ’
3575 4027 3756 4114 οἰκείαις

2267 4113 2623 4193 συνδεῖσθαι
2650 4135 2899 4205 φωναῖς’
2927 4135 3045 4201 τὴν
3070 4133 3140 4186 δὲ
3192 4133 3408 4200 κυρίαν
3439 4123 3625 4198 φωνὴν
3658 4113 3756 4173 τέως

2267 4231 2668 4298 ὑπερετίθετο,
2696 4227 2997 4296 μηδεμίαν
3029 4221 3185 4280 εῖναι
3236 4222 3442 4293 ζημίαν
3479 4215 3753 4285 ἡγούμενοῦ

2266 4323 2392 4392 εἴτε
2418 4321 2636 4392 μικρὸν
2684 4319 2802 4374 τῶν
2849 4319 3080 4373 ,λέξεων
3119 4309 3653 4379 ὑπαλλαττομένων.
3677 4310 3754 4392 φίξν

2269 4387 2658 4481 reticuit/tau;
2721 4413 2788 4466 τὸ
2833 4413 2974 4466 ἴσον
3019 4411 3390 4466 διδάσκεται·
3445 4404 3528 4458 ὅτι
3578 4387 3756 4481 μηδ’-έν

2194 4483 2238 4538 Ῑ)
2258 4478 2488 4574 ῥήμασι
2513 4478 2758 4572 μᾶλλον
2806 4501 2844 4570 ἢ
2904 4500 3253 4571 πράγμασιν
3283 4500 3321 4567 ἡ
3356 4491 3598 4560 σωτηρία
3621 4478 3753 4574 ’ἴως’

2269 4568 2412 4652 οῦτω
2449 4568 2546 4651 καλ
2580 4597 2762 4667 ἡμεῖς,
2786 4568 2838 4648 οἰ
2877 4568 2955 4654 (bs
2999 4568 3241 4664 μαθηταὶ
3293 4591 3386 4644 καὶ
3441 4584 3596 4640 δοῦλοί
3621 4568 3755 4668 9'96}:

2271 4690 2532 4756 δασκάλῳ
2588 4653 2684 4744 διαὶ
2723 4653 3303 4757 ’δεσπότῃΙΒασιλείῳ
3359 4679 3609 4746 ἑπόμενοι,

2420 4741 2556 4831 Θεοῦ
2588 4741 2986 4847 προτείνοντες,
3019 4775 3110 4828 διὰ
3139 4775 3200 4826 τὸ
3228 4741 3623 4858 εύπαράδεκτον,
3656 4741 3753 4858 viii

2275 4871 2395 4936 ἑνὸς
2425 4872 2603 4924 αἰτίου
2639 4869 3050 4936 ἀνεϐαλλόμεθα
3079 4866 3216 4936 πρὸς
3243 4863 3445 4934 καιρὸν,
3475 4854 3752 4942 ἐκεῖνο·

2277 4983 2386 5028 τως
2413 4965 2595 5026 καλῶς
2629 4962 2998 5032 λογιζόμενοι,
3032 4960 3129 5022 ὡς,
3161 4958 3299 5011 ἐπὰν
3328 4957 3355 5008 ὁ
3377 4950 3634 5020 προσήκων
3660 4937 3754 5032 Δἡμῖν

2278 5059 2502 5128 ὲνσταίη
2537 5029 2730 5127 καιρὸς
2755 5029 2948 5108 τὸντῶν
2975 5051 3174 5118 λέξεων
3210 5046 3518 5112 ἰσοδύναμον
3554 5029 3752 5128 napi-5.1“

2280 5151 2346 5206 ἂν
2377 5116 2512 5219 ἡμῖν
2541 5116 2764 5218 τὴνεῇ
2792 5147 2871 5216 τῷ
2893 5116 3116 5214 ἀκριϐεῖ
3164 5142 3259 5194 τοῦ
3309 5138 3558 5206 δόγματος
3601 5116 3752 5188 satir-

2279 5244 2420 5296 σίαν.
3705 5293 3742 5304 Α,

2350 5347 2411 5393 ε’.
2444 5339 2622 5407 Ὅπερ
2651 5333 2768 5397 οὖν,
2801 5335 2876 5398 ὡς
2907 5332 3294 5404 προσεδοκᾶτο,
3335 5324 3422 5377 καί
3474 5317 3676 5407 γέγογξν·
3700 5297 3747 5407 (ἶ)

2281 5431 2418 5485 πολὺ
2453 5429 2561 5498 γὰρ
2594 5400 2661 5480 τὸ
2716 5429 2774 5480 ὲν
2810 5400 2980 5496 μέσῳ,
3031 5425 3129 5477 καὶ
3162 5419 3352 5486 καιρὸς
3382 5414 3472 5484 μὲν
3499 5400 3673 5498 ἀληθῶς

2283 5524 2442 5594 Opta;
2469 5523 2565 5574 καὶ
2599 5518 2916 5590 ἐλευθερίας
2964 5519 3098 5587 ἡμῖν
3128 5513 3332 5577 ἐπέστη
3359 5502 3534 5599 οὐδεὶῆ
3571 5502 3714 5599 δῖ

2284 5583 2566 5686 θεολογίας
2589 5583 2880 5683 ἐπώνυμος
2911 5583 3104 5680 καιρὲν
3131 5601 3268 5661 εἶναι
3292 5583 3748 5695 παρρησίας,

2287 5675 2493 5781 ἐπέστη
2546 5710 2602 5762 δὲ
2645 5675 2797 5777 ὅμως
2922 5675 3158 5775 μάλιστα
3209 5698 3311 5753 ὑπὸ
3337 5690 3505 5784 τοῦΑέγ

2292 5807 2489 5879 μῶνοςν
2525 5803 2618 5859 καὶ
2643 5800 2744 5871 τῆς
2787 5801 2843 5852 ἓν
2876 5797 3024 5867 αὐτῷ
3047 5788 3356 5850 δυναστείας
3378 5777 3527 5846 αὐτὴν
3547 5765 3743 5823 anguem

2258 1851 2376 1918 φῶν
2419 1853 2612 1922 μέρεσι
2659 1853 2758 1916 τὰς
2817 1851 3112 1920 εἰρημένας
3147 1845 3633 1913 καταστρωννύντες
3655 1859 3747 1910 γραο
3852 1845 3853 1878 l

2260 1943 2427 2012 φικὰς
2483 1945 2671 2014 ῥήσεις
2730 1945 3108 2013 συμπέρασμα
3167 1938 3445 2008 πανταχοῦ
3497 1936 3579 1990 τοῦ
3618 1936 3674 1996 ὡς
3709 1933 3747 1996 ἐξ
3852 1967 3853 1970 η

3571 5491 3620 5544 ὃν
3646 5485 3668 5535 ὁ
3685 5476 3750 5538 τῆς
3852 5519 3853 5534 ι
