3962 6400
254 351 396 416 1025
1571 346 1668 404 DE
1708 347 1964 407 LIBRlS
2003 346 2196 409 SUIS.
3355 349 3489 416 1026

249 459 384 513 Ὅτε
429 456 527 527 μὲν
559 454 670 524 γὰρ
704 452 789 512 .τά
821 452 951 524 περὶ
1001 454 1099 524 τῆς
1145 453 1615 522 ἐκκλησιαστικής
1641 454 1813 522 ἐλογο-

1930 461 2268 528 deposceret.
2327 455 2462 514 Cum
2500 456 2646 512 enim
2706 458 2941 526 primum
3008 459 3074 514 de
3126 461 3493 517 ecclesiastica

248 549 518 624 γραφεῖτό
553 566 642 620 μοι
697 546 929 618 πρώτως
970 548 1224 618 εἰρήνης,
1261 546 1416 609 ἐλπίς
1443 563 1527 609 τις
1575 547 1672 600 ἐπὶ
1699 550 1812 611 τοῖς

1930 551 2146 615 unione,
2183 561 2235 604 et
2268 565 2397 619 pace
2419 551 2946 616 commentabamur,
2973 567 3096 621 spes
3124 563 3240 608 erat
3271 569 3371 608 nos
3385 554 3494 608 cir-

248 643 598 711 ἀντιλέγουσι
654 639 1068 710 περιθάλπουσά
1122 657 1193 710 με
1257 638 1584 709 μεταϐολῆς.
1620 639 1679 690 '0
1714 639 1812 708 γὰρ

1938 640 2258 696 ευηιίονιιηε
2281 639 2510 708 eos,‘qui
2531 639 2801 693 contraria
2819 643 3147 706 asse.eliant,
3171 656 3292 696 esse
3309 642 3502 693 immu-

248 734 445 803 ἀγαθῷ
481 731 748 786 συνειδότι
776 731 932 784 οὐδὲν
957 731 1102 784 οὕτω
1131 731 1319 801 ῥᾴδιον
1351 730 1492 801 έχων
1523 732 1606 794 εἰς
1634 731 1696 783 τὸ
1725 732 1812 784 πά-

1935 731 2138 784 Landos.
2191 729 2291 796 Qui
2323 730 2467 784 enim
2515 731 2683 797 proba
2731 731 3066 786 conscientia
3094 731 3144 784 id
3179 747 3346 785 unum
3397 731 3499 785 sibi

252 843 356 894 σης
385 823 740 878 ἐθελοϐοὑλου
775 822 1150 893 ἰδιορρυθμίας
1179 823 1280 893 τὴν
1310 823 1574 892 ἀλήθειαν
1626 822 1816 876 ἀνταλ·

1937 821 2238 890 proposuit.
2293 818 2529 888 propria:
2561 828 2615 873 et
2648 819 2968 874 voluntaria:
2999 819 3242 887 Opinioni
3277 820 3501 886 reliquis

246 915 564 980 λάττεσθαι,
600 913 652 966 τί
685 914 752 967 ἂν
797 913 925 966 ἄλλο
956 915 1085 983 περί¹
1132 913 1239 965 τῶν
1273 912 1448 966 ἄλλων
1517 911 1810 982 διανοηθείς

1943 910 2273 980 posthabitis
2343 911 2630 962 veritatem
2695 925 3029 983 prwponere,
3081 910 3209 976 quid
3263 925 3504 976 unquam

249 1007 416 1074 ποτέ;
474 1006 665 1076 ὥσπερ
691 1022 775 1068 τις
809 1005 990 1075 ἀγαθὴ
1045 1004 1297 1076 ἀνέπειθε
1334 1006 1638 1075 σύμϐουλος
1687 1004 1813 1066 τῶν¹

1937 1001 2000 1052 de
2033 999 2156 1053 aliis
2193 999 2598 1067 excogitasset?
2649 999 2696 1052 ls
2736 999 2900 1052 veluti
2946 1003 3118 1052 lionus
3157 998 3501 1053 coxisilianus

252 1100 330 1161 ὡς
387 1099 628 1170 εἴρηται,
659 1099 943 1167 πατρικῶν
987 1073 1304 1168 μεμνῆσθοαι
1334 1097 1676 1166 οἰκονομιῶν,
1734 1097 1816 1149 καπ

1939 1091 2214 1156 suasisset,
2242 1089 2620 1158 praedictarum
2653 1090 2874 1145 Patrum
2904 1091 3332 1145 (Iaconotniurum
3357 1105 3503 1142 mcu-

254 1193 419 1242 παντὶ
472 1189 652 1242 σθένει
685 1189 784 1250 τὰς
837 1188 974 1257 πρὸς
1007 1189 1133 1250 τοὺς
1183 1189 1562 1256 ἀντιλέγοντας
1613 1189 1818 1258 ὁμιλίας

1935 1182 2136 1235 ti0nein
2176 1181 2453 1246 inducere,
2491 1192 2544 1237 et
2582 1183 2730 1236 omni
2767 1184 2947 1237 studio
2984 1184 3244 1236 adversus
3279 1189 3499 1235 contra-

254 1278 674 1350 ἐξομαλίζοντα,
705 1278 774 1330 δι’
809 1279 1030 1332 ἐκείνων
1056 1279 1256 1344 ταύτας
1287 1280 1394 1332 τῶν
1443 1279 1615 1348 λόγων
1657 1282 1818 1332 ποιεῖ·

1937 1272 2200 1337 dicentes,
2233 1287 2358 1326 eum
2405 1273 2498 1342 qui
2533 1288 2654 1326 cum
2693 1274 2812 1326 aliis
2864 1273 2919 1326 in
2954 1273 3373 1328 collocutiouem
3409 1288 3501 1327 ve.-

252 1371 399 1434 σθαι,
449 1364 530 1432 οἷς
591 1369 914 1439 ἱλαρώτερον
961 1364 1106 1424 οὗτοι
1155 1374 1255 1434 τάς
1280 1371 1449 1433 ἀκοὰς
1500 1371 1816 1441 προσέχουσι

1935 1363 2036 1426 ηἰι,
2069 1377 2353 1416 sermones
2383 1363 2773 1428 emollientem,
2817 1379 2910 1432 per
2957 1380 3021 1418 ea
3078 1365 3150 1418 ita
3195 1364 3499 1418 orationem

259 1461 512 1530 μάλιστα.
547 1459 748 1512 Μέντοι
782 1477 845 1528 γε
866 1460 961 1514 καὶ
987 1460 1115 1525 τοὺς
1159 1460 1421 1533 ῥηθέντας
1452 1459 1823 1532 οἰκονομικοὺς

1941 1454 2187 1523 dirigere,
2227 1454 2427 1515 quibus
2471 1453 2549 1506 illi
2577 1455 2942 1524 pmissimum,
2981 1465 3034 1510 et
3068 1456 3240 1523 magis
3265 1455 3505 1507 hilariter

269 1552 484 1623 μετῄειν
525 1551 716 1620 λόγους
747 1551 879 1620 ἐγώ.

1941 1559 2093 1598 aures
2123 1545 2500 1612 praebuissent.
2535 1545 2769 1614 Ideoque
2791 1557 2844 1599 et
2880 1561 3040 1614 supra
3085 1545 3335 1600 laudatas
3361 1559 3505 1598 ωρο-

1935 1632 2241 1686 nomiarum
2285 1633 2526 1687 rationes
2557 1638 2673 1703 ipse
2707 1636 3056 1704 usurpabant.

326 1776 401 1842 ς’.
433 1777 563 1831 Ὅτε
623 1775 680 1830 δὲ
718 1778 828 1831 τῶν
878 1779 1223 1849 πραγμάτων
1280 1779 1705 1846 ἀλλοιωθέντων,
1759 1781 1828 1835 τὰ
1861 1822 1890 1876 Ε

2000 1770 2054 1825 6.
2108 1769 2245 1826 Cum
2289 1787 2420 1827 vero
2450 1773 2616 1829 rehus
2645 1776 2945 1831 immutatis
2976 1776 3191 1843 negotia
3231 1775 3497 1830 ecclesia-

250 1871 689 1941 ἐκκλησιαστικά
740 1871 860 1940 τὴν,
889 1871 964 1934 ὡς
1009 1874 1213 1925 ἀπασιν
1240 1871 1531 1942 ἔγνωσται,
1561 1875 1814 1941 φαυλοτά·

1939 1866 2092 1929 stica,
2125 1863 2377 1933 pessimae
2416 1864 2746 1931 confusioni,
2793 1876 2852 1920 ut
2899 1882 3091 1923 omnes
3130 1877 3355 1932 norunt,
3402 1867 3503 1921 ob-

251 1981 357 2034 την
393 1963 658 2032 σύγχυσιν
693 1962 986 2034 συνεχύθη,
1022 1966 1118 2018 καὶ
1168 1966 1218 2018 οἰ
1265 1967 1358 2019 τοῦ
1410 1966 1640 2036 ψεύδους
1699 1968 1815 2036 ἡγε-

1938 1956 2096 2008 noxia
2157 1956 2301 2010 facta
2330 1967 2480 2021 sunt,
2523 1965 2577 2011 et
2626 1958 2896 2013 mendacii
2931 1959 3100 2014 duces
3141 1969 3195 2013 et
3232 1970 3502 2023 auctores,

253 2054 421 2124 μόνες
451 2056 547 2106 καὶ
595 2055 832 2124 ἀρχηγοὶ
875 2056 1014 2123 μετά
1061 2055 1162 2123 τὴν
1197 2058 1254 2109 ἐν
1293 2058 1481 2125 μέσοις
1511 2055 1817 2126 ἀνακτόροις

1938 2055 2055 2115 post
2081 2055 2358 2101 certamen
2395 2063 2426 2101 a
2459 2048 2618 2102 nobis
2648 2051 2876 2103 adversa
2913 2050 3050 2104 facie
3082 2051 3135 2102 in
3173 2050 3350 2103 media
3383 2049 3502 2102 aula

253 2149 683 2216 ἀντιπρόσωπον
730 2145 888 2216 ἡμῶν
936 2147 1076 2218 πρὸς
1109 2149 1307 2211 αὐτοὺς
1362 2149 1620 2217 ἅμιλλαν,
1677 2149 1817 2200 τόσοι

1941 2154 2056 2192 cum
2117 2139 2228 2192 illis
2279 2139 2496 2203 initum,
2558 2141 2894 2195 tantumdem
2957 2142 3011 2194 in
3067 2157 3256 2195 verum
3309 2143 3505 2210 dogma

249 2239 350 2293 τοῦ
385 2239 617 2309 ἀληθοῦς
673 2238 1175 2308 κατηναιδεύσαντο
1231 2239 1519 2309 δόγματος,
1565 2238 1706 2292 ὥστε
1738 2240 1813 2291 κα

1940 2231 2303 2286 inverecunde
2346 2232 2664 2288 debacchati
2721 2243 2874 2300 sunt,
2915 2245 2972 2289 ut
3011 2235 3310 2304 scriptione
3341 2234 3504 2287 etiam

253 2331 504 2399 γραφαῖς
554 2331 626 2380 τὰ
678 2327 920 2398 πρόδηλα
975 2328 1080 2398 τῆς
1135 2328 1316 2382 αὐτῶν
1345 2330 1612 2400 αἱρέσεως
1651 2345 1817 2398 παρα·

1945 2326 2182 2380 haeresim
2231 2328 2407 2396 palam
2452 2326 2652 2391 facere,
2697 2337 2750 2380 et
2785 2337 2964 2384 tomos
3004 2329 3264 2390 scribere,
3298 2329 3401 2391 vel,
3449 2337 3509 2381 ut

251 2422 466 2485 δοῦναι,
487 2419 583 2474 καὶ
606 2419 804 2488 τόμους
828 2420 1107 2486 ἐκθέσθαι,
1130 2419 1164 2489 ἢ
1181 2420 1381 2490 στήλας
1405 2423 1706 2492 ἀναστῆσαι
1730 2419 1815 2489 τῆς

1945 2419 2054 2488 quis
2085 2419 2265 2488 aptius
2310 2422 2536 2487 diceret,
2580 2422 2889 2485 columnas,
2947 2431 3000 2476 et
3039 2422 3226 2491 cippos
3272 2423 3509 2492 propria:

257 2513 440 2566 αὐτῶν
487 2511 766 2575 ἀσεϐείας,
800 2510 945 2562 εῖποι
1001 2527 1084 2574 τις
1145 2511 1211 2564 ἂν
1242 2510 1577 2581 κυριώτερον
1638 2510 1821 2582 καιρὸν

1933 2509 2234 2576 impietatis
2267 2511 2498 2578 erigere,
2532 2511 2832 2576 auderi-ut,
2867 2511 2969 2564 hoc
3006 2526 3126 2565 esse
3158 2522 3370 2579 tempus
3404 2527 3497 2564 ex-

256 2600 399 2656 εῒναι
453 2601 643 2657 τοῦτον
702 2603 804 2671 τῆς
836 2604 932 2655 ἐπὶ
996 2603 1063 2671 τῇ
1119 2602 1378 2673 ἀκριϐείᾳ
1407 2603 1502 2654 τοῦ
1558 2600 1820 2669 δόγματος

1941 2597 2120 2667 quisiti
2163 2599 2432 2667 dogmatis
2482 2601 2782 2664 asserendi,
2831 2609 2886 2654 et
2938 2601 3193 2669 loquendi
3235 2601 3505 2654 libertatis

257 2697 574 2769 παρρησίας
607 2697 770 2767 ἡμεῖς
804 2695 1179 2764 λογισάμενοι,
1219 2696 1280 2746 ἐν
1337 2694 1450 2764 ἰδίῳ
1476 2709 1537 2747 τε
1579 2695 1732 2763 τόμῳ
1763 2694 1821 2745 τᾶ

1939 2691 2056 2753 rati,
2080 2690 2341 2759 peculiari
2374 2699 2521 2744 tomo
2544 2692 2686 2745 dicta
2708 2692 2962 2761 dogmata
2987 2693 3252 2761 complexi
3285 2707 3503 2756 sumus,

257 2791 498 2864 ρηθέντα
534 2789 783 2860 δόγματα
829 2787 1174 2856 διελὰϐομεν,
1221 2787 1316 2842 καὶ
1344 2790 1372 2840 ό
1401 2787 1568 2856 τόμος
1599 2787 1692 2839 τὸν
1716 2785 1821 2857 τρί·

1940 2791 1986 2836 et
2029 2792 2210 2837 tomus
2274 2783 2492 2837 tertium
2540 2783 2723 2853 Cyprii
2788 2785 3066 2839 haereseon
3123 2792 3504 2855 argumentum

253 2902 357 2937 τον
387 2884 495 2937 τῶν
522 2887 618 2936 τοῦ
664 2881 912 2951 Κυπρίου
953 2882 1220 2950 αἰρέσεων
1246 2880 1556 2951 ἀναπληροῖ
1583 2878 1817 2950 ἔλεγχον1

1945 2873 2185 2938 absolvit,
2217 2883 2270 2928 ct
2298 2874 2546 2927 volumen
2601 2876 3032 2942 exscriploribus
3066 2877 3278 2928 tradere
3306 2891 3509 2929 necrs-

255 2978 358 3030 xal.
388 2977 486 3046 τὴν
519 2975 700 3045 βίϐλον
739 2975 1050 3044 ἀντιγραφῇ
1093 2973 1426 3043 παραδοῦναι
1456 2973 1563 3026 τῶν
1605 2973 1819 3025 δεόντων

1934 2967 2137 3020 sarium
2169 2977 2294 3018 esse
2327 2965 2604 3026 duximus,
2639 2975 2696 3018 ut
2731 2975 2910 3020 tomus
2955 2967 3054 3020 iste
3080 2967 3200 3019 libri
3234 2967 3495 3035 exscripti

253 3069 585 3137 διέγνωμεν,
638 3069 713 3130 ὡς
741 3064 810 3119 ἂν
857 3069 885 3119 ό
919 3067 1085 3134 τόμος
1119 3059 1295 3130 οὗτος,
1339 3063 1439 3133 τῆς
1491 3063 1817 3132 ἀντιγράφου

1947 3069 2062 3123 pars
2120 3051 2284 3118 facta,
2349 3055 2485 3109 satis
2543 3057 2865 3126 abundeque
2920 3058 3242 3122 insinuaret,
3283 3075 3388 3128 qua
3443 3061 3511 3115 de

256 3159 505 3230 γεγονὼς
558 3159 742 3231 μέρος,
778 3159 839 3212 τὸ
864 3159 1049 3212 ἰκανὸν
1081 3158 1218 3228 πρὸς
1267 3156 1663 3232 ἐπισημείωσιν
1696 3156 1820 3223 ἐξει,

1941 3159 2103 3198 causa
2134 3159 2252 3208 nos,
2296 3159 2418 3214 qua:
2463 3146 2516 3199 in
2580 3147 2853 3217 plerisque
2902 3151 3151 3218 partibus
3203 3153 3505 3220 primarum

260 3250 344 3306 ὼν
381 3253 540 3323 ἡμεῖς
574 3252 990 3321 μεταποιήσεων
1017 3248 1112 3301 ἐπὶ
1147 3247 1364 3309 πολλοῖς
1401 3246 1509 3299 τῶν
1553 3247 1824 3316 προτέρων

1941 3247 2252 3292 nostrarum
2290 3237 2727 3294 lucubrationum
2765 3241 2898 3296 alias
2944 3243 3207 3308 diximus,
3245 3244 3503 3299 immuta-

258 3346 442 3413 λόγων
491 3344 647 3415 ἡμῶν
688 3343 1066 3414 ἐποιησάμεθα
1120 3344 1363 3412 μέρεσιν.
1420 3341 1577 3394 Ἐστι
1611 3339 1712 3409 μὲν
1744 3337 1822 3393 οὗπ

1945 3331 2140 3385 vimus.
2176 3329 2424 3400 Namque
2468 3331 2524 3386 in
2557 3333 2835 3388 nonnullis
2867 3334 3157 3398 dictiones,
3193 3352 3331 3404 quas
3360 3351 3509 3391 αςοο-

257 3435 376 3489 τῶν
406 3435 916 3504 οἰκονομικωτέρως
949 3433 1260 3504 εἰρημένων
1316 3432 1518 3497 λέξεων
1546 3434 1645 3494 τάς
1677 3435 1821 3499 ἀκρι-

1946 3423 2135 3478 nomize
2165 3423 2524 3486 attendentes,
2555 3426 2931 3494 apposuimus,
2964 3427 3018 3480 in
3069 3428 3190 3482 aliis
3232 3431 3510 3485 exactiore

260 3529 528 3598 ϐεστέρας
586 3526 1098 3596 ἀνταλλαττόμενοι,
1145 3528 1263 3579 ἐστι
1293 3525 1349 3579 δέ
1398 3518 1460 3578 οὗ
1489 3524 1584 3578 καὶ
1615 3539 1824 3595 περικο·

1951 3517 2128 3571 studio
2161 3515 2292 3569 moti
2331 3517 2765 3582 immutavimus,
2807 3530 2862 3572 et
2901 3519 2955 3572 in
2981 3521 3260 3578 nonnullis
3305 3522 3515 3592 perico-

259 3623 376 3686 πάς
398 3623 525 3685 ὅλας
553 3621 732 3676 αὐτῶν
761 3621 1178 3690 διαγράφοντες.

1941 3622 2042 3678 pas
2070 3623 2285 3677 quoque
2315 3608 2550 3678 integras
2573 3609 2955 3676 expunximus.

341 3758 386 3824 ζ’
415 3760 487 3811 Σὺ
521 3757 675 3828 γοῦν,
709 3758 808 3828 τὴν
840 3757 1020 3827 βίϐλον
1048 3756 1256 3827 ταύτην
1280 3756 1594 3826 δεξάμενος,
1629 3757 1749 3812 ἐπεὶ
1770 3755 1838 3809 τά

2014 3769 2067 3824 7.
2110 3769 2192 3823 Tu
2241 3769 2406 3838 igitur
2451 3769 2650 3822 librum
2697 3771 2841 3823 hunc
2885 3771 3181 3840 accipiens,
3236 3789 3360 3828 cum
3387 3792 3508 3844 qua:

267 3850 708 3924 προηγησάμενα
738 3849 834 3918 τῆς
866 3848 1226 3921 πρωτοτύπου
1257 3849 1567 3918 ἀντίγραφα
1601 3850 1655 3911 ἐς
1682 3846 1831 3901 τόσον

1941 3870 2342 3933 praecesserunt
2395 3862 2554 3928 primi
2599 3861 2886 3930 originalis
2933 3864 3264 3932 exemplaria
3296 3865 3348 3918 in
3379 3883 3503 3921 eum

267 3947 478 4017 μέτρου
507 3943 790 4013 προελθεῖν
813 3939 980 4008 οἶδας,
1003 3943 1078 4004 ὡς
1105 3944 1162 3996 ἐν
1180 3942 1403 4004 πολλαῖς
1420 3942 1528 3994 τῶν
1551 3940 1831 4010 ἡμετέρων

1946 3969 2232 4008 numerum
2261 3963 2638 4018 excreverunt,
2677 3955 2755 4008 uti
2782 3954 2919 4009 bene
2951 3953 3139 4019 calles,
3175 3965 3234 4011 ut
3259 3957 3326 4011 ad
3355 3961 3510 4012 mul-

264 4039 522 4104 γενέσθαι
546 4036 686 4089 αὐτὰ
712 4038 937 4102 πόλεων,
969 4035 1074 4088 ἴσθι
1104 4035 1202 4101 μὲν
1231 4037 1295 4104 τῇ
1323 4034 1417 4104 νέα
1445 4033 1618 4103 ταύτῃ
1643 4032 1828 4102 ἐπιψη-

1947 4054 2030 4100 las
2073 4047 2236 4100 urbes
2271 4055 2487 4100 nostras
2543 4045 2742 4111 delata,
2792 4048 3048 4103 omnibus
3109 4064 3219 4117 pra;
3259 4052 3511 4105 manibus

267 4131 594 4201 φιζομένους
612 4133 759 4201 ἡμᾶς
775 4132 845 4183 τά
873 4132 1136 4198 πρωτεῖα,
1159 4130 1234 4200 μὴ
1251 4129 1432 4200 μέντοι
1453 4145 1516 4198 γε
1531 4129 1624 4181 καί
1641 4129 1831 4197 ἀργίαν

1949 4139 2078 4201 sint,
2132 4139 2293 4205 scito,
2351 4152 2451 4192 nos
2509 4139 2712 4192 recenti
2764 4139 2892 4194 huic
2943 4155 3195 4209 novoque
3249 4144 3513 4198 volumini

269 4223 501 4278 ἁπασῶν
531 4222 1088 4292 καταψηφιζομένους
1113 4223 1362 4275 ἐκείνων.
1390 4223 1452 4274 Εἰ
1479 4223 1590 4292 γὰρ
1614 4222 1712 4274 καὶ
1733 4223 1833 4273 τῶν

1949 4226 2193 4293 potiores
2218 4233 2398 4294 partes
2419 4224 2664 4292 deferre;
2704 4241 2879 4296 neque
2903 4239 3186 4298 propterea
3218 4230 3308 4284 illa
3329 4233 3513 4286 omnia

268 4314 680 4384 ἀκριϐεστέρων
699 4315 1061 4383 περιληπτικὴ
1089 4315 1235 4365 ἐστιν
1254 4312 1414 4382 αὕτη,
1436 4313 1552 4366 ἀλλ’
1579 4313 1611 4380 ἡ
1631 4317 1686 4364 ἐν
1703 4313 1832 4383 αὐτῇ

1947 4319 2298 4386 suspendere.
2336 4315 2488 4370 Licet
2524 4317 2670 4370 enim
2702 4317 2807 4371 hoc
2836 4320 3177 4374 accuratiora
3212 4323 3511 4386 contineat,

270 4404 677 4474 ἐπισημείωσις
720 4405 826 4455 τῶν
862 4405 920 4455 ἐν
949 4401 1190 4464 ἐκείναις
1243 4403 1732 4471 οἰκονομικώτερον
1765 4404 1834 4454 εἰ·

1951 4425 2070 4478 ηυαι
2116 4420 2298 4464 tamen
2349 4409 2404 4462 in
2450 4423 2516 4464 eo
2551 4419 2657 4473 est,
2692 4412 2755 4464 de
2801 4409 2888 4472 iis,
2944 4425 3066 4479 quae
3095 4411 3149 4464 in
3204 4413 3311 4467 illis
3340 4416 3515 4484 magis

274 4497 532 4568 ρημένων
578 4496 840 4558 κάκείνας
875 4499 1152 4564 ἐπικυροί.
1192 4494 1348 4548 Ἐπεὶ
1403 4493 1498 4546 καὶ
1533 4492 1705 4545 πολλὰ
1735 4494 1838 4545 τῶν

1949 4501 2272 4555 oeconomiae
2304 4502 2650 4554 attendentes
2683 4501 3031 4568 scripsimus,
3073 4503 3506 4569 animadversio,

269 4588 706 4658 ἐκταδικώτερον
759 4588 817 4639 ἐν
871 4586 1571 4667 ἐκείναιςιδιειλημμένων
1623 4586 1761 4656 πρὸς
1785 4583 1833 4637 τὲ

1954 4595 2110 4647 etiam
2150 4594 2264 4648 haec
2299 4594 2413 4663 ipsa
2445 4593 2782 4648 constabilit.
2827 4593 2963 4648 Cum
2999 4594 3167 4648 multa
3210 4595 3264 4647 in
3296 4595 3401 4650 illis
3433 4596 3518 4649 fu-

273 4683 710 4753 συνεσταλμένον
771 4681 829 4731 ἐν
886 4678 1060 4750 ταύτῃ
1111 4679 1261 4732 ἐστιν
1305 4679 1511 4748 εὑρεῖν·
1559 4679 1651 4732 καὶ
1677 4679 1737 4730 οὑ
1765 4678 1837 4730 δεῖ

1949 4685 2063 4738 sius
2099 4693 2445 4754 pertractata,
2475 4685 2989 4754 cornpeudiosiusin
3023 4687 3128 4741 isto
3159 4687 3475 4757 digerantur
3501 4705 3513 4742 :

269 4776 492 4837 πάντως
526 4773 624 4844 τὴν
658 4772 922 4842 συστολὴν
955 4771 1164 4840 ταύτην
1191 4774 1268 4835 εἰς
1302 4772 1505 4840 ἀργίαν
1530 4770 1833 4838 λογίζεσθαι

1948 4790 2124 4842 neque
2176 4785 2461 4845 propterea
2534 4776 2641 4830 isto
2709 4777 3037 4846 compendio
3100 4778 3194 4832 illa
3252 4781 3509 4846 suspendi

269 4886 396 4922 τινα
455 4867 564 4920 τῶν
622 4867 905 4928 ἁπάντων,
967 4865 1104 4918 ἀλλά
1152 4865 1244 4916 τὸν
1300 4864 1462 4933 λόγον
1518 4867 1698 4919 εἰδότα
1747 4867 1833 4937 τῆς

1948 4865 2225 4935 quispiam
2263 4868 2579 4932 existimet;
2637 4866 2730 4921 sed
2765 4869 3080 4938 compendii
3121 4871 3334 4924 ratione
3367 4885 3511 4924 com-

273 4959 536 5030 συστολῆς
615 4960 716 5028 τῆς
792 4957 1070 5030 ἡμετέρας
1119 4956 1333 5026 καρπὸν
1381 4956 1622 5019 διανοίας
1689 4959 1837 5027 ἡγεῖ·

1955 4967 2102 5027 perte
2135 4965 2340 5022 teneat,
2371 4959 2541 5013 nostri
2578 4959 2886 5014 intellectus
2916 4961 3059 5014 hunc
3090 4959 3280 5026 fetum,
3313 4963 3519 5016 nullam

273 5052 420 5115 σθαι,
481 5051 568 5103 ἐπ’
630 5049 859 5119 οὐδεμιᾷ
914 5047 1328 5116 ἐναντιοφωνίᾳ,
1379 5047 1613 5114 καὶτὰς
1643 5049 1702 5100 ἐν
1755 5043 1837 5108 αἷς

1951 5049 2005 5103 in
2035 5065 2095 5104 se
2121 5050 2564 5103 contrarietatem
2605 5050 2904 5115 continere,
2937 5053 3102 5106 etiam
3139 5052 3194 5105 in
3236 5053 3364 5116 illis,
3393 5068 3514 5121 qua:

271 5145 440 5215 ἡμεῖς
466 5143 528 5196 τὸ
557 5141 978 5212 πλατυκώτερον
1010 5139 1104 5193 τοῦ
1133 5140 1293 5207 λόγου
1321 5138 1658 5208 δεδώκαμεν.
1702 5139 1759 5190 '0
1786 5139 1835 5193 δί

1955 5141 2005 5194 in
2079 5141 2271 5208 primis
2323 5140 2499 5194 fusius
2551 5142 3022 5197 concinnavimus.
3090 5142 3156 5197 Et
3210 5137 3519 5212 comp’endii

269 5230 376 5298 τῆς
413 5229 680 5298 συστολῆς
741 5229 917 5297 λόγος.
975 5229 1056 5282 ὅτι
1113 5230 1251 5298 μετά
1312 5227 1374 5280 τὸ
1408 5228 1505 5290 τὰς
1557 5227 1698 5280 κατά
1735 5229 1833 5282 Φω-

1955 5243 2175 5283 causam
2215 5237 2418 5284 teneto.
2451 5230 2745 5300 Postquam
2789 5232 3054 5286 adversus
3088 5232 3365 5294 Photium,
3393 5232 3519 5297 ,Με-

271 5323 414 5388 τίου,
455 5322 552 5375 καὶ
589 5321 687 5374 τοῦ
717 5321 1004 5391 Μεθώνης,
1043 5321 1260 5391 Φουρνῆ
1300 5337 1382 5386 τε,
1431 5320 1524 5372 καί¹
1555 5319 1646 5372 τοῦ
1680 5320 1835 5372 Βουλε

1955 5323 2296 5386 thonensem,
2351 5331 2406 5377 et
2454 5322 2725 5393 Bulgaria:
2752 5325 3247 5393 archiepiscopum,
3309 5338 3519 5379 necnon

273 5414 494 5482 γαρίας,
513 5414 596 5466 ἐτι
619 5413 676 5466 δὲ
706 5415 802 5466 καὶ
831 5413 928 5483 τῆς
957 5411 1050 5465 τοῦ
1082 5413 1416 5484 Καματηροῦ
1456 5415 1641 5484 βίϐλου
1675 5413 1837 5475 ἰδίως,

1958 5414 2226 5471 Carnateri
2277 5416 2477 5470 librum
2509 5417 2764 5480 seorsim,
2808 5430 3114 5485 rursusque
3151 5416 3318 5469 etiam
3363 5429 3522 5484 sepa—

274 5506 371 5557 καί
401 5505 468 5559 αὖ
498 5506 652 5574 παρὰ
684 5506 848 5576 μέρος
900 5509 1037 5576 μετὰ
1062 5507 1122 5560 τὸ
1153 5510 1253 5570 τὰς
1283 5509 1424 5561 κατά
1452 5507 1545 5561 τοῦ
1582 5508 1838 5578 Μοσχάμι

1958 5510 2114 5564 ratitn
2156 5509 2604 5580 Moschatnparis,
2637 5510 3098 5564 contradictiones
3123 5521 3343 5563 nostras
3384 5511 3522 5561 scri-

271 5597 822 5668 παρολογογραφῆσαι
855 5600 1001 5668 ἡμᾶς
1059 5600 1432 5671 ἀντιρρήσεις,
1463 5600 1642 5654 ἄλλων
1686 5601 1835 5655 πάλιν

1956 5605 2276 5674 psissemus,
2318 5604 2442 5659 aliis
2491 5613 2658 5672 atque
2689 5603 2810 5658 aliis
2838 5605 3016 5655 denuo
3047 5600 3292 5655 veritatis
3330 5599 3520 5654 adver-

269 5688 462 5756 ὦσπερ
494 5689 555 5756 ἐξ
589 5690 846 5760 ὑπαρχῆς
893 5691 1171 5760 πολεμίων
1199 5691 1298 5762 τῆς
1343 5691 1602 5763 ἀληθείας
1629 5693 1833 5762 ἀναφα‹

1957 5673 2118 5750 sariis
2137 5673 2531 5764 .dcprehensis,
2585 5695 2783 5763 Cyprio
2814 5708 3026 5761 nempe,
3053 5703 3107 5747 et
3140 5693 3233 5762 qui
3264 5691 3521 5762 Cyprium

271 5783 492 5846 νὲντων,
521 5787 548 5837 ὁ
579 5784 824 5852 Κύπριος
862 5774 1036 5850 οὗτος,
1066 5786 1162 5837 καὶ
1190 5788 1238 5838 οἱ
1285 5787 1411 5854 περὶ
1439 5787 1531 5839 τὸν
1577 5787 1835 5858 Κύπριον

1958 5791 2344 5857 sequebantur,
2390 5797 2582 5840 contra
2633 5800 2729 5840 eos
2758 5795 3034 5839 certamen
3069 5802 3098 5839 a
3138 5785 3295 5839 nobis
3331 5785 3522 5838 merito
