3962 6434
296 391 434 459 1029

1617 383 1709 440 ΤΕ
1722 381 2209 444 STAMENTUM.

3400 374 3532 440 1030

292 518 386 574 ρον
439 498 673 570 ἔχουσιν,
703 497 788 566 ἐφ’
831 489 874 564 ᾧ
909 496 972 549 ἂν
1022 495 1115 548 καὶ
1166 493 1481 556 διαθῶνται,
1517 491 1632 544 ἀλλ’
1682 493 1756 554 ὼς
1801 495 1856 544 ὲν

1965 501 2253 554 testentur.
2300 489 2660 546 nihilominus
2702 489 2806 546 sub
2849 491 3159 545 testamenti
3190 491 3363 544 forma
3400 491 3534 545 faci-

287 593 445 662 τύπῳ
477 590 606 660 γοῦν
636 591 902 659 διαθήκης
934 589 1033 657 τὴν
1053 587 1148 640 τοῦ
1174 586 1522 654 ἐγκλήματος
1564 583 1855 654 ἐξάρνησιν

286 683 610 747 διατίθεται,
638 681 724 751 ἐφ’
751 675 795 748 ᾧ
825 682 890 735 ἄν
915 697 1001 743 τις
1031 677 1179 748 αύτῷ
1203 678 1298 730 καὶ
1331 677 1484 747 τύχοι
1517 676 1614 746 τὴν
1644 676 1860 745 ὲξορίαν

287 773 384 826 καὶ
412 771 660 841 φυλακὴν
693 768 1114 831 καταδικασθείς
1137 784 1151 799 ·
1195 766 1470 830 ἐντεῦθεν,
1496 760 1677 835 οἴμαι,
1707 767 1861 820 οὐδὲν

289 863 812 934 πραγματευόμενοι
865 862 1052 932 ἕτερον
1085 862 1117 931 ἢ
1156 861 1216 913 τὸ
1259 859 1357 929 τῆς
1403 857 1764 928 κακουργίας,
1793 859 1860 912 δι’

284 956 356 1026 ἣν
396 957 445 1010 oi
493 954 677 1007 πολλοὶ⁸
731 955 832 1016 τὰς
861 952 1122 1014 τοιαύτας
1156 951 1456 1011 καταδίκας
1512 948 1858 1016 ὑφίστανται,

285 1047 709 1118 ἀπο-τριϐόμενοι
751 1045 972 1107 δνειδος.
1022 1043 1178 1112 Ἐμοὶ
1233 1043 1291 1095 δὲ
1350 1042 1427 1111 τῷ
1481 1039 1724 1109 ταπεινῷ
1763 1036 1861 1091 καὶ

285 1137 628 1208 ἁμαρτωλῷ,
654 1137 748 1190 τοῦ
795 1152 852 1188 τε
905 1135 1116 1204 θρόνου,
1151 1133 1211 1186 ὃν
1248 1135 1365 1196 τοῖς
1415 1133 1679 1202 ἀρρήτοις
1723 1127 1860 1182 Θεοῦ

287 1233 551 1301 κρίμασιν
591 1228 810 1298 ἔλαχον,
837 1225 1142 1295 διωχθέντι,
1173 1225 1270 1287 τάς
1311 1241 1370 1277 τε
1416 1224 1579 1292 μέχρι
1625 1222 1859 1276 θανάτου

288 1321 504 1390 ἐξορίας
553 1316 1049 1381 καταδικασθέντι,
1111 1315 1208 1367 καὶ
1260 1312 1508 1382 φυλακὰς
1570 1310 1628 1362 ού
1699 1311 1860 1379 μόνον

290 1409 446 1476 μέλει
475 1407 626 1459 οὐδὲν
662 1408 720 1459 ἐν
754 1406 1188 1476 χρείᾳγεγονὸτι
1220 1405 1440 1474 πτωχῆς
1472 1402 1564 1456 καὶ
1597 1405 1860 1473 πενιχρᾶς

289 1497 558 1567 διαθήκης
586 1497 648 1549 τὸ
697 1500 904 1549 τούτων
955 1513 1045 1565 μοι
1080 1493 1369 1564 παραίτιον
1415 1493 1668 1563 ἔγκλημα
1700 1492 1862 1563 ἐξαρ-

291 1589 578 1658 νήσασθαι,
608 1588 747 1642 ἀλλὰ
776 1590 870 1641 καὶ
896 1588 1055 1640 τόσον
1091 1585 1183 1639 διὰ
1226 1583 1461 1654 σπουδῆς
1491 1585 1524 1653 ἠ
1569 1583 1857 1652 ὁμολογία,

285 1682 368 1732 ὅτι
432 1680 526 1732 καὶ
573 1681 674 1750 τὴν
726 1679 1097 1733 ἐπιτελεύτιον
1163 1677 1382 1746 φθάνων
1443 1675 1714 1745 ἀνάγκην,
1765 1674 1860 1728 καὶ

283 1772 620 1841 διατίθεμαι,
661 1774 756 1823 καὶ
805 1770 1074 1840 ὁμολογῶ.
1135 1769 1222 1833 Ὠς
1253 1769 1359 1840 γὰρ
1405 1770 1519 1830 τοῖς
1560 1768 1741 1829 ἄλλοις
1777 1769 1858 1830 είς

283 1863 598 1930 ἀποσκευὴν
630 1863 866 1925 ὀνείδους
920 1859 1014 1915 τοῦ
1046 1861 1137 1914 ἐπὶ
1176 1860 1481 1931 κακουργίᾳ
1528 1859 1623 1913 τοῦ
1655 1858 1856 1928 ιέγκλή⁴

287 1969 459 2020 ματος
498 1954 531 2023 ῆ
577 1952 910 2022 ἀπάρνησις,
962 1951 1137 2015 οὕτως
1182 1954 1305 2021 ἔμοι
1359 1951 1498 2020 πρὸς
1543 1952 1636 2004 τὸν
1691 1951 1858 2004 αὑτὸν

287 2045 554 2118 σκοπὸνή
594 2047 878 2114 ἀπολογία.
938 2044 1093 2098 Ἐπεὶ
1134 2045 1243 2115 γὰρ
1278 2045 1338 2097 τὸ
1385 2044 1485 2116 τῆν
1528 2047 1592 2098 ὲκ
1641 2045 1858 2114 Πατρὸς

285 2136 355 2189 δι’
390 2137 524 2190 Υἱοῦ
579 2139 907 2208 ὲκπόρευσιν
950 2137 1043 2191 τοῦ
1086 2138 1400 2207 Πνεύματος
1437 2135 1532 2190 τοῦ
1592 2137 1750 2204 ἁγίου
1795 2140 1859 2190 ὲκ

289 2227 503 2296 Πατρὸς
544 2227 612 2279 δι’
667 2226 797 2279 Υἱοῦ
840 2225 1076 2296 ὓπαρξιν
1119 2229 1354 2296 φρονεῖν,
1402 2226 1499 2278 καὶ
1529 2225 1859 2295 πρεσϐεύειν

285 2336 376 2386 με,
413 2319 665 2389 ἔγκλημα
713 2317 970 2387 ἐλογίσθη
1011 2335 1104 2387 μοι
1147 2319 1247 2385 τῆς
1292 2317 1387 2371 τοῦ
1449 2317 1856 2388 πατριαρχικοῦ

283 2407 614 2472 ἐκπτώσεως
653 2409 865 2478 θρόνου,
896 2408 1121 2462 καὶτῶν
1151 2410 1246 2460 ἐπὶ
1273 2412 1444 2478 ταύτῃ
1474 2409 1581 2470 ἕως
1617 2407 1852 2460 θανάτου

283 2499 534 2568 ὲξοριῶν,
567 2499 661 2551 καὶ
687 2500 946 2567 φυλακῶν
973 2499 1146 2565 ἄξιον,
1178 2501 1238 2552 ού
1276 2502 1460 2568 φεύγω
1494 2501 1553 2552 τὸ
1583 2500 1858 2569 ἔγκλημα,

284 2592 384 2644 ούκ
413 2590 767 2661 ἀπαρνοῦμαι
815 2591 888 2654 ὡς
943 2591 1154 2661 μῶμον,
1201 2591 1274 2654 ὼς
1323 2591 1527 2654 ὄνειδος
1569 2593 1671 2644 οὐκ
1721 2593 1858 2644 ἁπο-

285 2682 648 2751 σκευάζομαι,
678 2683 780 2736 κᾶν
813 2700 917 2735 τινι
950 2684 1169 2748 ἐπάξιον
1211 2684 1442 2752 ὕϐρεως,
1479 2683 1589 2750 ἐγὼ
1614 2684 1858 2737 τοιοῦτον

283 2771 500 2841 ὕϐρεως
527 2771 792 2838 στέφανον
828 2771 1144 2824 ἀναδεῖσθαι
1173 2773 1273 2825 ούκ
1301 2773 1705 2835 ἁπαναίνομαι.
1731 2773 1857 2836 Πῶς

283 2864 394 2934 γὰρ
447 2862 512 2915 ἂν
559 2863 654 2914 καὶ
710 2862 1060 2933 ἀρνησαίμην
1099 2862 1405 2931 ὀνειδισμὸν
1451 2866 1544 2915 ἐπὶ
1600 2863 1856 2932 δόγματι,

281 2957 422 3024 ὅπερ
450 2955 543 3007 καὶ
582 2957 662 3016 είς
695 2955 998 3022 ὀνειδισμὸν
1025 2955 1191 3009 αὑτοῦ
1236 2956 1330 3008 τοῦ
1357 2955 1597 3025 Χριστοῦ
1627 2957 1676 3008 οί
1711 2958 1858 3009 ἀντι-

284 3046 535 3113 λέγοντες
578 3047 711 3115 ἡμῖν
751 3045 1214 3116 περιτρέπουσιν;
1271 3045 1330 3096 Et
1384 3045 1493 3115 γάρ
1547 3061 1673 3098 τινα
1719 3045 1860 3098 ὀνει-

281 3137 475 3208 δισμδν
526 3138 621 3191 τοῦ
675 3139 938 3208 Χριστοῦ,
973 3140 1140 3208 φησιν
1192 3140 1225 3208 ὴ
1281 3139 1320 3191 Γ
1328 3141 1495 3210 ραφὴ,
1526 3137 1719 3193 τοῦτον
1758 3139 1859 3192 ούκ

282 3190 586 3296 axioma
603 3190 606 3191 γ
623 3190 778 3300 cpi—,1;
799 3190 938 3282 Ἆέδιῗ
958 3190 1225 3283 τὶξοῦέοῶ
1246 3190 1391 3284 at;
1412 3190 1779 3298 ’ἑῦειδιειλδνξ
1797 3190 1859 3285 οι
1885 3190 1930 3249 ο

283 3321 397 3392 γὰρ
436 3321 541 3373 ὑπὸ
579 3323 676 3392 τῆς
719 3324 1084 3393 στενοχωρίας
1108 3321 1204 3376 τοῦ
1233 3323 1343 3376 τῶν
1361 3323 1601 3392 Τραφῶν
1631 3323 1856 3392 ἐλέγχου

282 3414 723 3486 ἀναγκαζόμενοι
772 3417 870 3484 τὴν
930 3417 997 3469 δι’
1031 3415 1159 3469 Υἱοῦ
1207 3417 1536 3487 ὲκπόρευσιν
1591 3419 1857 3487 πατρικὸν

281 3501 428 3561 εἶναι
452 3508 626 3576 δόγμα
663 3508 973 3576 ὁμολογεῖν,
1003 3509 1100 3560 καὶ
1143 3507 1280 3577 μηδὲ
1321 3511 1400 3570 είς
1428 3510 1527 3579 τὴν
1559 3509 1660 3578 τῆς
1692 3512 1858 3570 ἐκπο-

285 3600 526 3668 ρεύσεως
579 3600 905 3668 ὁμωνυμίαν
963 3598 1406 3667 ὀρθοποδοῦντες,
1463 3601 1538 3666 ὡς
1593 3602 1702 3654 ἀπὸ
1758 3603 1856 3670 τῆς

280 3687 456 3757 αὐτῆς
504 3689 612 3739 τῶν
670 3689 907 3757 Γραφών
961 3689 1324 3757 στενοχωρίας
1379 3690 1700 3760 ἁγχόμενοι,
1746 3693 1856 3744 τῶν

283 3780 656 3850 ὑποστατικὴν
706 3781 798 3833 τοῦ
849 3781 1058 3851 Πατρὸς
1098 3781 1336 3851 ίδιὸτητα
1387 3785 1486 3852 τὴν
1525 3785 1856 3853 ὲκπὸρευσιν

281 3873 726 3942 διατρανουσῶνο
779 3875 925 3943 ὅμως
964 3875 1168 3941 μέντοι.
1205 3876 1269 3927 ἐκ
1310 3876 1469 3945 μόνου
1515 3878 1609 3930 τοῦ
1643 3879 1857 3947 Πατρὸς

284 3965 773 4034 ἀναισχυντοῦντες
804 3966 984 4030 λέγειν
1013 3965 1077 4017 τό
1107 3965 1330 4036 Πνεῦμα
1363 3968 1508 4038 ἔχειν
1540 3971 1638 4040 τὴν
1679 3971 1858 4038 ἄπαρ-

285 4058 370 4120 ξιν
407 4060 569 4110 παντὶ
601 4059 776 4110 σθένει
827 4061 1070 4128 ἀνάγκης
1099 4058 1487 4128 ἀποδεικτικῆς
1522 4062 1855 4132 ἀπελέγχου-

281 4165 374 4199 ται
425 4147 547 4200 κατ’
578 4148 747 4219 αὐτὴν
796 4150 894 4218 τὴν
941 4152 1290 4218 ἐκπὸρευσιν,
1343 4153 1539 4204 ταυτὸν
1581 4153 1639 4204 δὲ
1681 4154 1854 4206 είπεῖν

283 4247 387 4310 τὴν
446 4239 698 4310 ὕπαρξιν,
753 4243 838 4311 ἣν,
895 4242 970 4304 ὡς
1026 4242 1180 4294 αὐτοί
1233 4260 1416 4309 φασιν,
1449 4244 1513 4296 ὲκ
1546 4244 1705 4311 μόνου
1753 4244 1850 4298 τοῦ

282 4335 497 4403 Πατρὸς
530 4336 590 4386 τὸ
621 4333 842 4403 Πνεῦμα
878 4334 1022 4404 ἔχειν
1053 4337 1113 4387 τὸ
1153 4337 1304 4402 ἅγιον
1330 4337 1636 4405 ὀργανικῶς
1663 4337 1853 4408 διῆκον

283 4429 416 4479 αὐτὸ
442 4431 661 4496 φρονεῖν
707 4428 795 4481 διὰ
853 4427 1005 4494 Υίοῦ,
1039 4428 1110 4487 ὡς
1155 4429 1424 4498 ἑπόμενον
1487 4429 1662 4498 τούτῳ
1730 4447 1853 4482 συν·

1963 601 2069 639 nus
2096 584 2387 653 abnegant,
2422 583 2490 637 ob
2525 583 2668 652 quod
2707 583 2759 637 in
2809 582 3085 647 exsilium,
3130 592 3227 637 aut
3256 597 3534 636 carcerem

1962 677 2180 732 deducti
2222 685 2371 739 sunt.
2421 691 2486 730 eo
2530 676 2876 730 solummodo
2935 690 3124 744 scopo,
3177 683 3239 728 ut
3283 674 3536 729 maleficii

1964 767 2244 835 probrum,
2290 767 2447 836 cujus
2484 780 2646 819 causa
2681 765 2834 820 ntulti
2876 764 3082 819 similes
3133 779 3324 833 pinnas
3353 765 3536 826 luunt,

1961 873 2026 912 ex
2052 872 2174 911 sese
2219 857 2498 926 abjiciant.
2550 855 2678 910 Mihi
2706 871 2887 910 autem
2923 857 3112 910 humili
3145 866 3196 910 et
3232 858 3535 925 peccaturi,

1961 949 2137 1018 deque
2163 951 2314 1011 sede,
2356 963 2518 1017 quam
2567 947 2823 1002 inelIabiii
2876 948 2969 1002 Dei
3033 949 3240 1014 judicio
3286 949 3540 1003 obtinue-

1962 1054 2101 1103 ram,
2137 1039 2312 1107 pulso,
2355 1047 2410 1092 et
2448 1038 2678 1101 exsiliis,
2707 1047 2761 1092 et
2793 1040 3105 1092 carceribus
3135 1039 3200 1106 ad
3230 1047 3536 1092 extremum

1962 1144 2137 1198 usque
2188 1129 2438 1198 spiritum
2493 1129 2896 1189 condemnato,
2960 1136 3170 1181 tantum
3218 1130 3418 1190 abest,
3477 1137 3540 1181 ut.

1961 1233 2108 1273 cura:
2165 1220 2275 1285 sit,
2335 1235 2460 1273 cum
2518 1220 2774 1273 miserum
2833 1232 3107 1287 egensque
3153 1227 3535 1273 testamentum

1961 1311 2229 1364 coniicere
2280 1308 2531 1375 debeam,
2568 1319 2626 1363 ut
2678 1309 2945 1363 malorum
3001 1309 3133 1362 milti
3187 1324 3432 1372 causam,
3467 1310 3540 1363 ob

1959 1398 2106 1470 quod
2135 1401 2186 1453 in
2215 1401 2478 1470 judicium
2508 1416 2694 1466 vocor,
2729 1402 2936 1455 crimen
2967 1401 3252 1470 abnegem,
3285 1410 3342 1454 ιιι
3364 1401 3529 1454 etiam

1959 1491 2142 1545 studio
2173 1491 2225 1545 id
2255 1489 2536 1554 allirmem,
2570 1500 2625 1547 et
2673 1502 2919 1546 extrema
2969 1493 3162 1546 mortis
3213 1494 3539 1546 necessitate

1959 1596 2203 1652 pressus,
2255 1591 2426 1638 tester
2493 1593 2661 1653 atque
2728 1585 3014 1639 confitear.
3071 1583 3540 1649 Quemadmodum

1960 1673 2106 1728 enim
2138 1674 2261 1728 aliis
2288 1674 2354 1728 ad
2403 1675 2774 1729 antolitionem
2807 1675 3115 1739 dedecoris,
3162 1675 3418 1729 facinoris
3443 1675 3541 1728 ab-

1961 1768 2175 1838 negatio
2205 1767 2498 1837 plurimum
2526 1767 2691 1834 facit;
2727 1767 2807 1822 sic
2849 1769 2981 1821 mihi
3011 1768 3078 1822 ad
3117 1769 3371 1822 eumdem
3408 1780 3538 1821 sco-

1964 1874 2090 1926 pum
2123 1858 2406 1926 responsio
2430 1857 2680 1912 vertitur.
2732 1855 2963 1922 Quando
2999 1859 3144 1911 enim
3189 1872 3216 1910 a
3245 1857 3406 1910 Patre
3441 1869 3540 1925 per

1963 1949 2160 2004 Filium
2203 1949 2606 2020 processionem
2665 1949 2900 2017 Spiritus
2935 1955 3130 2014 sancti,
3177 1964 3208 2002 a
3247 1948 3406 2003 Patre
3442 1962 3539 2017 per

1965 2040 2158 2096 Filium
2217 2041 2594 2096 exsistcntiam
2640 2042 2872 2102 sentire,
2905 2051 2960 2094 et
3007 2055 3253 2096 asserere
3279 2040 3538 2094 delictum

1965 2132 2117 2197 mihi,
2147 2147 2246 2201 pro
2281 2147 2389 2200 quo
2418 2146 2446 2184 e
2479 2130 2841 2200 patriarchico
2862 2131 2999 2184 solio
3033 2130 3352 2197 depellercr,
3381 2134 3539 2198 appi-

1965 2236 2114 2281 ctutn
2164 2235 2266 2290 est,
2303 2226 2636 2293 dignumque
2677 2225 2872 2280 exsilio
2937 2233 2994 2279 et
3041 2239 3286 2289 carcere,
3339 2224 3538 2293 quibus

1965 2321 2180 2373 tandem
2211 2334 2241 2373 e
2273 2320 2382 2372 vita
2416 2319 2667 2372 traderer
2703 2335 2716 2371 :
2760 2317 2966 2372 facinus
3000 2332 3109 2371 non
3137 2317 3403 2381 detrecto,
3428 2330 3539 2369 non

1967 2410 2176 2462 inficior
2206 2419 2264 2464 ut
2293 2410 2672 2478 opprobrium,
2714 2417 2768 2463 et
2791 2409 3025 2464 dedecus
3057 2407 3167 2462 non
3201 2409 3456 2472 amolior,
3481 2419 3536 2461 et

1966 2502 2009 2554 si
2057 2501 2110 2554 in
2161 2516 2436 2569 quoquam
2493 2499 2716 2554 infamia
2761 2501 2984 2569 dignum
3039 2508 3343 2568 reputatur,
3388 2500 3540 2552 illius

1966 2591 2200 2646 infantiae
2266 2607 2470 2647 corona
2513 2593 2652 2662 cingi
2690 2594 2916 2646 minime
2971 2607 3184 2646 recuso.
3221 2591 3336 2656 Qua
3389 2592 3537 2645 enim

1965 2683 2081 2752 ipse
2105 2684 2316 2737 ratione
2339 2685 2575 2737 dedecus
2606 2698 2703 2751 pro
2731 2683 2984 2750 dogmate
3023 2696 3358 2746 recusarem,
3390 2681 3537 2751 quod

1963 2775 2018 2828 in
2050 2775 2284 2828 dedecus
2310 2774 2482 2842 ipsius
2515 2773 2716 2828 Christi
2750 2775 2906 2828 nobis
2939 2774 3288 2828 adversantes
3311 2788 3539 2828 conver-

1973 2874 2116 2921 tunt.
2149 2866 2365 2920 Etenim
2401 2866 2444 2920 si
2479 2865 2701 2935 aliquod
2745 2864 2982 2918 dedecus
3016 2863 3216 2919 Christi
3255 2864 3540 2932 Scriptura

1965 2957 2235 3021 enuntiat,
2290 2959 2394 3011 hoc
2440 2958 2555 3028 ipse
2598 2957 2810 3010 nullum
2863 2957 3009 3009 aliud
3044 2971 3166 3010 esse
3194 2957 3422 3012 aflirm-t.
3459 2953 3538 3009 llli

1965 3029 2167 3118 quippe
2195 3049 2286 3117 qui
2313 3063 2340 3101 a
2365 3049 2772 3117 Scripturarunt
2802 3049 3056 3101 examine
3094 3048 3257 3102 veluti
3285 3047 3337 3101 in
3371 3063 3541 3117 angu-

1967 3141 2102 3194 stias
2119 3139 2650 3207 redacti,co,guntur,
2677 3155 2768 3206 per
2784 3138 2982 3193 Filium
3003 3140 3409 3208 processionem
3436 3139 3538 3194 Pa-

1965 3243 2106 3288 trum
2129 3249 2250 3288 esse
2269 3234 2595 3288 sententiam
2615 3231 2887 3287 afﬁrmare
2916 3250 2928 3286 :
2956 3248 3056 3286 nec
3081 3243 3225 3287 recte
3247 3233 3299 3286 in
3324 3248 3544 3302 proces-

1965 3326 2138 3381 sinnis
2175 3325 2522 3394 homonyutia
2547 3325 2908 3389 ambulantes,
2947 3334 3209 3391 tanquam
3251 3325 3319 3378 ab
3348 3325 3537 3377 iisdem

1959 3405 2259 3486 'Scripturis
2290 3418 2483 3470 arctati
2520 3412 2910 3485 ltypostatic:tttt
2945 3412 3121 3468 Patris
3156 3417 3538 3484 proprii-tatem

1958 3511 2363 3579 processionetn
2389 3509 2750 3572 ediceutibus,
2770 3524 2832 3561 ex
2861 3508 2978 3561 solo
2997 3506 3154 3561 Patre
3181 3507 3542 3560 inverecunde

1960 3602 2144 3664 nim—is,
2159 3603 2535 3654 exsistentiam
2560 3599 2820 3667 Spiritum
2845 3601 3049 3652 habere
3063 3608 3370 3652 aSSt'EellleS
3390 3596 3542 3651 omni

1959 3693 2282 3746 necessaria:
2309 3691 2793 3744 detnnttStrationis
2830 3692 2877 3742 vi
2918 3691 3318 3756 redarguuntur
3352 3701 3537 3741 contra

1959 3784 2131 3853 ipsam
2158 3786 2589 3852 processionetn.
2619 3781 2762 3832 Idem
2788 3783 2930 3833 enim
2967 3791 3050 3834 est
3074 3783 3252 3834 dicere
3279 3782 3543 3834 exsisten-

1961 3875 2319 3942 tiam,quam,
2341 3883 2396 3926 tit
2423 3873 2523 3941 ipsi
2547 3872 2721 3931 aiunt.
2737 3887 2800 3924 ex
2821 3873 2935 3925 solo
2954 3871 3111 3923 Patre
3130 3872 3286 3923 habet
3303 3871 3540 3938 Spiritus

1959 3977 2203 4030 sanctus,
2228 3964 2716 4019 instruntentaltler
2735 3979 2826 4031 per
2846 3963 3039 4016 Filium
3067 3963 3357 4025 transiens,
3392 3964 3459 4016 ita
3483 3971 3542 4016 ut

1961 4062 2101 4114 hanc
2122 4069 2455 4114 sententiam
2491 4058 2756 4126 consequi
2783 4058 3054 4120 videatur,
3098 4057 3316 4111 eosdem
3360 4055 3540 4110 verbis

1959 4161 2168 4213 tantum
2213 4153 2374 4206 nudis
2420 4153 2696 4220 prottrium
2748 4147 2869 4204 Filii
2912 4150 3198 4219 Spiritum,
3253 4167 3310 4205 re
3359 4161 3539 4204 tamen

1959 4258 2086 4297 vera
2117 4282 2132 4308 ,
2193 4243 2262 4296 ab
2327 4243 2445 4310 ipso
2502 4243 2738 4295 alicnuut
2790 4245 3167 4306 constituere,
3217 4257 3342 4295 cum
3390 4241 3540 4296 nulla

1962 4336 2127 4389 fuerit
2177 4336 2340 4400 ratio,
2405 4349 2524 4403 quae
2583 4335 2814 4388 suadere
2869 4337 3064 4394 valeat.
3099 4335 3375 4403 proprium
3418 4349 3539 4386 esse

1960 4424 2106 4488 Filii,
2165 4424 2310 4493 quod
2339 4441 2401 4477 ex
2460 4425 2578 4492 ipso
2608 4440 2714 4476 non
2762 4434 2868 4484 est,
2917 4435 3010 4476 aut
3054 4439 3145 4492 per
3184 4423 3359 4491 ipsum
3413 4436 3542 4490 pro-

295 4519 693 4587 αναφαίνεσθαι
749 4519 826 4589 τῷ
873 4521 1206 4589 φρονήματι,
1257 4520 1356 4572 καὶ
1399 4523 1460 4573 τὸ
1488 4520 1648 4590 μέχρι
1681 4520 1854 4588 λόγων

1964 4518 2132 4584 priaut
2169 4516 2539 4570 exsistentiaut
2570 4531 2677 4568 non
2711 4517 2893 4569 habet.
2921 4514 3046 4570 Haec
3078 4519 3260 4582 itaque
3289 4516 3398 4567 duo
3432 4513 3538 4566 ab-

279 4609 461 4678 ψιλῶν
497 4610 628 4662 ἴδιον
660 4609 811 4672 Υἱοῦ,
857 4609 1072 4679 ἀληθῶς
1108 4611 1164 4663 δὲ
1190 4611 1469 4682 ἀλλότριον
1502 4611 1669 4664 αὐτοῦ
1719 4629 1854 4682 πρε-

283 4699 502 4752 σϐεύειν
558 4701 709 4754 αὑτό.
765 4700 917 4753 Ἐπεὶ
962 4701 1119 4768 λόγος
1169 4702 1387 4756 ἐσταιό
1421 4705 1627 4756 πείσων
1678 4703 1854 4766 οὐδεὶς

285 4791 418 4842 ὶδιον
449 4787 585 4842 εἶναι
617 4789 744 4842 Υἱοῦ
779 4790 841 4842 τὸ
872 4791 948 4860 μὴ
979 4791 1036 4856 ἐξ
1070 4791 1259 4856 αὑτοῦ,
1304 4795 1422 4864 ῆτοι
1463 4794 1531 4846 δι’
1565 4795 1733 4848 αὑτοῦ
1757 4795 1853 4865 τὴν

288 4881 539 4950 ὓπαρξιν
574 4881 697 4950 ἔχον
728 4881 828 4952 τὴν
861 4881 1080 4934 ἑαυτοῦ.
1109 4882 1233 4935 Ὀτι
1273 4884 1406 4952 γοῦν
1438 4889 1507 4940 τὰ
1549 4886 1642 4940 δύο
1681 4889 1857 4943 ταῦτα

281 4975 493 5024 ἔκτοπα
548 4971 624 5034 ὡς
676 4970 891 5040 ἀληθῶς
931 4969 1282 5040 ἀσεϐήματα,
1312 4975 1578 5043 ὀργανική
1615 4994 1674 5029 τε
1705 4980 1849 5047 ύπη⁴

283 5063 444 5130 ρεσία
471 5061 566 5114 τοῦ
615 5060 746 5114 Υίοῦ
784 5062 861 5131 τῷ
912 5063 1087 5131 Πατρὶ
1135 5065 1227 5115 ἐπὶ
1257 5067 1322 5134 τῇ
1380 5067 1711 5136 ὲκπορεύσει
1758 5067 1853 5120 τοῦ

281 5153 628 5221 Πνεύματος,
659 5153 1008 5224 ἀλλοτριότης
1055 5169 1114 5206 τε
1147 5153 1241 5206 τοῦ
1278 5155 1595 5226 Πνεύματος
1617 5158 1690 5226 ,ἐξ
1730 5158 1854 5212 Υἱοῦ

278 5244 701 5312 ἀναγκαστικῶς
750 5246 1190 5309 ἀποδείκνυνται,
1226 5245 1285 5310 ἐξ
1343 5241 1417 5300 ὦν
1473 5264 1641 5316 φασιν
1689 5251 1740 5302 οί
1789 5252 1854 5304 ὲκ

283 5335 451 5404 μόνου
503 5334 600 5387 τοῦ
650 5336 864 5405 Πατρὸς
917 5336 979 5388 τὸ
1031 5337 1254 5406 Πνεῦμα
1283 5337 1431 5407 ἔχειν
1465 5340 1564 5406 τὴν
1595 5338 1853 5411 ὓπαρξιν,

277 5426 534 5492 λέγοντες
566 5427 658 5478 καὶ
687 5428 786 5493 τὴν
815 5422 887 5478 δι*
915 5424 1044 5478 Υἱοῦ
1072 5427 1398 5496 ὲκπόρευσιν
1437 5429 1580 5482 κατὰ
1611 5433 1708 5500 τὴν
1748 5431 1855 5485 ὰπὸ

276 5515 376 5568 τοῦ
426 5515 538 5568 τῶν
586 5516 820 5585 Γραφῶν
891 5516 1119 5588 ἐλέγχου
1182 5521 1550 5592 στενοχωρίαν
1613 5525 1709 5576 σὺν
1776 5523 1854 5594 τῷ

281 5606 542 5673 ἰδιάζοντι
570 5609 669 5676 τῆς
697 5608 1080 5679 ὲκπορεύσεως
1107 5611 1470 5680 ἀπαρνεῖσθαι
1499 5613 1574 5685 μὴ
1611 5614 1851 5685 ἔχοντες,

279 5704 361 5765 είς
391 5700 693 5770 ὀνειδισμὸν
728 5701 837 5768 ἐγώ
865 5718 1007 5771 φημι
1038 5703 1134 5755 τοῦ
1165 5704 1403 5772 Χριστοῦ
1429 5707 1528 5774 τὴν
1551 5709 1614 5757 ὲκ
1644 5707 1854 5774 Πατρὸς

280 5789 349 5842 δι’
388 5787 516 5840 Υἱόῦ
545 5788 869 5858 ὲκπόρευσιν
895 5793 1251 5860 περιτρέπειν
1281 5794 1497 5858 αὐτούς.
1545 5796 1608 5848 Τί
1648 5799 1757 5868 γὰρ
1784 5798 1848 5849 ἂν

1958 4610 2122 4662 surda
2182 4623 2247 4662 ac
2284 4608 2473 4676 impia,
2532 4618 2590 4660 ut
2630 4622 2818 4661 verum
2869 4607 3066 4672 fatear,
3116 4609 3282 4670 dicta,
3326 4606 3538 4659 instru-

1959 4701 2191 4754 mentaie
2248 4701 2394 4754 Patri
2465 4703 2825 4756 ministerium
2887 4699 3010 4754 Filii
3065 4703 3116 4753 in
3181 4701 3537 4770 processione

1958 4791 2218 4860 Spiritus,
2259 4803 2311 4846 et
2345 4793 2582 4862 Spiritus
2620 4807 2686 4846 ex
2723 4790 2862 4844 Ftlio
2891 4791 3144 4844 alienatio
3175 4829 3188 4854 ,
3221 4789 3532 4843 necessarie

1958 4884 2406 4939 demonstrantur
2455 4901 2523 4940 ex
2579 4887 2668 4950 iis,
2720 4900 2842 4953 quae
2895 4885 3103 4947 dicunt,
3162 4883 3256 4952 qui
3307 4897 3374 4935 ex
3421 4880 3540 4934 solo

1957 4974 2118 5029 Patre
2165 4973 2427 5044 Spiritum
2484 4977 2858 5030 exsistentiatn
2911 4976 3113 5028 habere
3151 4978 3429 5034 asserunt,
3480 4978 3538 5023 et

1959 5081 2054 5134 per
2079 5065 2273 5118 Filium
2307 5068 2736 5134 proceSsionem,
2770 5067 2991 5135 quando
3018 5065 3130 5134 jam
3162 5064 3214 5118 id
3243 5063 3540 5117 sententiao

1957 5172 2078 5210 rum
2111 5167 2302 5210 exacto
2334 5157 2585 5210 examine
2618 5157 2778 5211 fateri
2805 5167 3096 5227 coguntur,
3131 5171 3257 5209 cum
3289 5155 3537 5224 proprie-

1961 5257 2072 5300 tate
2103 5248 2470 5315 processiouis
2502 5248 2711 5303 inficias
2753 5250 2834 5304 ire
2884 5266 2990 5303 non
3045 5251 3310 5310 valetttes,
3343 5246 3396 5297 in
3441 5261 3540 5313 op-

1958 5342 2260 5408 probrium,
2280 5348 2340 5393 ut
2367 5355 2469 5410 ego
2505 5342 2646 5406 dico,
2678 5340 2880 5396 Christi
2916 5358 2981 5396 ex
3017 5341 3177 5395 Patre
3205 5355 3302 5408 per
3330 5337 3530 5392 Filium

1961 5433 2368 5502 processionent
2425 5442 2772 5487 convertunt.
2837 5433 2978 5497 Quid
3015 5435 3161 5486 enim
3219 5428 3535 5488 ianristi

1958 5525 2312 5595 upprobrium
2366 5526 2638 5595 quispiam
2691 5524 3030 5592 excogitaret
3065 5525 3333 5593 iniquius,
3361 5535 3532 5592 quam

1960 5616 2240 5686 proprium
2271 5617 2443 5686 ipsius
2482 5617 2771 5686 Spit-itum,
2816 5616 2909 5683 qui
2952 5601 3079 5670 vera
3102 5615 3273 5685 ipsius
3303 5625 3387 5670 est
3417 5614 3536 5684 glo-

1961 5711 2057 5773 ria,
2087 5721 2147 5761 at
2181 5711 2293 5775 ipse
2323 5709 2520 5770 Patris,
2549 5710 2616 5762 ab
2647 5721 2711 5760 eo
2752 5706 3040 5760 alienare?
3080 5706 3144 5758 Et
3174 5707 3306 5775 quid
3350 5708 3403 5758 in
3441 5721 3545 5774 op-

1959 5803 2240 5868 pl'ubllum
2306 5801 2509 5855 ChriSti
2567 5799 2906 5854 comminisci
2957 5805 3142 5867 posset
3201 5797 3539 5858 immanius,
