3962 6408
498 359 629 424 1031
1563 350 2077 412 CONSTANTIVI
2117 349 2683 412 MELITENIOT/E.
3559 355 3663 420 1033

483 487 648 539 quam
677 467 1036 525 ministeriale
1067 465 1321 524 eumdem
1352 479 1619 535 organum
1659 463 1836 520 Patris
1860 463 2047 520 fateri?

2101 470 2135 528 Α
2167 465 2248 526 εἰς
2281 460 2592 530 ὀνειδισμὸν
2638 455 2878 529 Χριστοῦ
2913 458 3008 510 καὶ
3060 455 3266 525 γένοιτο
3307 458 3472 530 χεῖρον
3513 461 3591 514 τοῦ
3621 463 3665 516 τὸ

485 564 650 618 Plane
686 563 800 616 lnec
844 561 1045 615 Ariana
1069 566 1219 614 sunt.
1265 556 1331 611 Et
1364 558 1468 611 hoc
1495 571 1595 627 ego
1624 556 1824 618 vitans,
1856 570 2049 626 oppro-

2176 555 2309 607 ίδιον
2357 552 2526 606 αὑτοῦ
2575 550 2824 620 Πνεῦμα,
2881 551 3018 620 ὅπερ
3063 551 3095 620 ἡ
3149 549 3350 620 ἀληθὴς
3398 553 3542 605 αὐτοῦ
3581 557 3669 610 ἐστι

484 655 659 708 brium
703 669 808 707 non
864 651 1095 721 refugio,
1142 649 1242 705 etsi
1288 664 1395 704 non
1449 649 1653 705 nemini
1698 649 1935 704 dedecus
1972 650 2048 702 vi-

2171 646 2320 709 δόξα,
2367 647 2442 707 ὡς
2481 644 2644 706 αὐτὸς
2701 644 2796 696 τοῦ
2843 641 3284 710 σῐῖατρὸς“αὒτοῦ
3311 679 3326 703 ,
3373 642 3671 713 ἀλλοτριοῦνς

483 747 696 809 deatur,
737 761 801 799 ex
849 745 1008 798 Patre
1079 757 1175 812 per
1229 741 1430 796 Filium
1489 742 1920 810 processiouem,
1993 755 2047 794 ex

2172 738 2284 791 Καὶ
2313 738 2366 789 τί
2401 735 2468 790 ἃν
2497 739 2578 799 είς
2609 734 2915 801 ὀνειδισμὸν
2967 733 3204 804 Χριστοῦ
3244 733 3335 786 καὶ
3376 735 3563 800 γένοιτο
3586 739 3673 804 χεῖ-

486 835 650 890 Patre
696 851 791 904 per
845 833 1044 888 Filium
1093 833 1471 888 exsistentiam
1521 843 1706 888 tenere
1773 835 2050 903 palamque

2173 845 2266 899 ρον
2299 827 2392 881 τοῦ
2428 828 2764 898 ὑπηρετικὸν
2803 827 2967 880 αὑτὸν
3003 823 3329 893 πρεσϐεύειν
3356 823 3565 894 ὄργανον
3602 828 3673 880 τοῦ

483 929 747 995 proﬁteri.
791 925 941 980 Hanc
970 925 1374 981 confessionem
1416 926 1545 980 huic
1585 941 1704 979 meo
1737 935 2047 980 testamentt

2171 921 2379 987 Πατρός
2411 936 2426 985 ;
2474 920 2857 990 Ἀρειανισμὺς
2882 920 3098 979 πάντως
3134 915 3304 969 ταῦτα
3334 915 3679 985 λαμπρό;.Καὶ

483 1021 700 1088 ρτιῐειίεο
728 1036 743 1073 :
796 1021 1058 1089 deinceps
1086 1035 1215 1073 vero
1248 1027 1437 1081 testor,
1467 1035 1575 1071 non
1606 1033 1759 1088 opes,
1788 1035 1896 1074 non
1921 1019 2047 1074 divi-

2167 1012 2360 1066 τοῦτον
2389 1011 2610 1080 φεύγων
2644 1009 2756 1079 ἐγὼ
2814 1011 2904 1062 τόν
2932 1025 2992 1062 τε
3021 1008 3326 1074 ὀνειδισμὸν
3363 1008 3460 1059 οὐκ
3503 1009 3678 1060 ἀναίνο-

483 1113 606 1172 tias,
643 1125 750 1163 non
803 1112 1198 1179 possessiones,
1239 1111 1441 1179 quibus
1467 1111 1725 1164 omnibus
1783 1127 1890 1165 una
1939 1126 2047 1166 cun

2175 1122 2295 1175 μαι,
2327 1105 2392 1158 ἄν
2419 1123 2524 1157 τινι
2559 1104 2792 1172 αίοκχύνη
2825 1104 2955 1170 δοκῇ
3005 1101 3105 1169 τὴν
3149 1104 3214 1153 ὲκ
3250 1100 3453 1165 Πατρδς
3499 1100 3560 1153 δι’
3585 1099 3683 1151 Tim":

483 1204 687 1256 throno
746 1203 1010 1270 spoliatus
1058 1218 1204 1265 sum,
1258 1203 1498 1272 propriis
1530 1203 1836 1270 alienisque
1875 1203 2047 1258 distri-

2171 1198 2496 1267 ὲκπόρευσιν
2522 1197 2588 1248 ὲκ
2621 1196 2833 1263 Πατρός
2860 1194 2928 1246 δι’
2963 1194 3094 1246 Υἰοῦ
3117 1192 3352 1262 ὕπαρξιν
3387 1195 3586 1262 φρονεῖν
3611 1192 3682 1242 καὶ

485 1287 681 1344 buens.
744 1291 848 1344 Sed
889 1293 1025 1352 haec,
1069 1307 1190 1360 quae
1241 1293 1374 1344 milii
1409 1309 1555 1346 nunc
1596 1301 1910 1363 suppetunt,
1947 1309 2049 1347 mo-

2173 1291 2500 1361 πρεσϐεύειν
2555 1307 2644 1360 με,
2691 1291 2793 1358 τήν
2827 1305 2887 1341 τε
2933 1287 3231 1356 ὁμολογίαν
3258 1285 3460 1355 ταύτην
3503 1285 3587 1353 τῆς
3609 1301 3689 1336 πα-

483 1375 604 1432 dica
658 1388 712 1431 et
767 1381 974 1448 dejecta
1019 1380 1104 1446 iis,
1166 1381 1258 1449 qui
1305 1381 1356 1434 in
1411 1397 1630 1435 carcere
1688 1396 1793 1434 una
1854 1396 2047 1436 mecuu

2178 1381 2379 1452 ρούσης
2426 1399 2526 1451 μου
2581 1381 2851 1451 διαθήκης
2909 1379 3328 1450 προανατάττω.
3398 1374 3602 1445 Ἐφεξῆς
3646 1374 3689 1426 δὲ

486 1483 662 1536 usque
690 1472 1066 1540 perstiterunt,
1101 1489 1334 1541 quorum
1384 1489 1525 1528 nnus
1572 1474 1688 1536 lilii,
1721 1475 1864 1528 alius
1895 1474 2050 1528 admi

2177 1473 2486 1542 διατίθεμαι
2515 1473 2577 1525 οὐ
2605 1473 2857 1534 πλοῦτον,
2892 1473 2952 1524 οῦ
2989 1474 3274 1542 χρήματα,
3306 1469 3424 1522 οὐδὲ
3464 1469 3691 1536 κτήματα.

487 1557 648 1612 uistri
689 1561 810 1614 loco
839 1569 944 1624 est,
975 1562 1042 1615 ad
1077 1564 1365 1616 arbitrium
1398 1578 1577 1616 meum
1611 1565 1922 1632 dispertior.

2182 1565 2368 1617 Πάντα
2393 1565 2503 1634 γὰρ
2532 1561 2920 1633 συναφηρέθην
2952 1560 3031 1631 τῷ
3081 1560 3278 1630 θρόνῳ,
3313 1559 3523 1619 οίκείοις
3558 1557 3694 1607 διανέ-

490 1669 608 1722 μων
658 1645 753 1708 καὶ
808 1656 1135 1728 ἀλλοτρίοις.
1169 1659 1250 1712 Τὰ
1309 1658 1366 1712 δὲ
1425 1659 1700 1728 προσόντα
1733 1675 1825 1727 μοι
1892 1658 2104 1728 βραχέα
2139 1661 2238 1714 καὶ
2283 1659 2524 1731 πενιχρὰ
2564 1662 2680 1723 τοῖς
2731 1662 2792 1712 ὲν
2835 1660 2904 1729 τῇ
2956 1657 3178 1728 φυλακῇ
3267 1649 3696 1724 συμπαραμεὶνασί

491 1759 580 1812 μοι
611 1747 823 1809 παισὶν,
849 1743 925 1800 ὦν
957 1749 985 1800 ὁ
1026 1749 1126 1818 μὲν
1153 1749 1233 1812 είς
1261 1748 1415 1816 τάξιν
1446 1747 1564 1801 υἱοῦ
1610 1765 1699 1818 μοι
1738 1747 2067 1818 λελόγισται,
2107 1753 2187 1816 είς
2251 1753 2536 1823 ὑπηρέτην
2567 1750 2626 1802 δέ
2651 1765 2742 1819 μοι
2771 1749 2800 1800 ό
2837 1747 3031 1818 ἕτερος
3087 1747 3231 1800 κατὰ
3263 1745 3360 1816 τὴν
3395 1741 3598 1795 ἐνοῦσάν
3632 1755 3698 1808 μοι

487 1836 798 1905 διαμερίςω
824 1840 1128 1910 ἐπίκρισιν.

562 1928 826 1998 Joannes,
857 1934 1079 1989 humilis
1113 1935 1466 1991 miseratione
1495 1937 1675 1991 divina
1709 1937 2077 2006 archiepisco-
2108 1953 2126 2009 ι

2134 1955 2151 2008 ι
2265 1937 2521 2005 Ἰωάννης
2575 1933 2834 1995 ταπεινὸς
2900 1932 3037 2002 ὲλέῳ
3108 1929 3252 1984 Θεοῦ
3318 1927 3698 1998 ἀρχιεπίσκοπος

489 2039 593 2092 pus
639 2023 1314 2096 Constantinopolitanus,
1370 2029 1463 2084 sed
1511 2031 1580 2083 ob
1613 2045 1800 2083 verum
1846 2031 2053 2085 Patrun

2180 2027 2835 2090 Κωνσταντινουπόὶεως,
2865 2025 2956 2077 διὰ
2983 2024 3039 2078 δὲ
3073 2025 3136 2076 τὸ
3170 2023 3368 2092 ἀληθὲς
3417 2021 3521 2072 τῶν
3567 2019 3699 2072 Πατέ-

490 2113 707 2182 dogma,
745 2130 813 2168 ex
842 2114 1004 2170 Patre
1071 2119 1276 2173 scilicet
1305 2137 1400 2190 per
1429 2120 1628 2175 Filium
1665 2124 2054 2191 processionen

2182 2137 2293 2190 ρων
2326 2118 2642 2187 δόγμα,τὴν
2673 2119 2737 2170 ἐκ
2775 2118 2988 2186 ηατρὺς
3024 2116 3276 2185 δηλονότι
3320 2113 3388 2166 δι’
3444 2111 3558 2164 Υἱοῦ
3585 2110 3701 2161 Exiti-

375 2263 384 2268 γ
493 2202 730 2270 Spiritus
789 2207 986 2268 sancti,
1055 2207 1252 2263 exsilio
1311 2224 1645 2281 carcereque
1714 2213 1780 2265 ad
1842 2229 1939 2266 ῐηοι

2182 2228 2366 2282 ρευσιν
2419 2210 2514 2262 τοῦ
2567 2207 2891 2280 live-39.110:
2914 2208 3006 2261 τοῦ
3043 2209 3226 2274 ἁγίου,
3259 2208 3360 2278 τὴν
3393 2205 3493 2266 ἕως
3520 2203 3701 2256 θανᾶτου

493 2308 669 2363 usque
717 2297 1006 2364 multatus,
1049 2301 1150 2354 hoc
1202 2317 1382 2356 meum
1425 2313 1812 2360 testamentum
1855 2307 2057 2360 nroori:

2181 2303 2398 2372 ἑξορίαν
2449 2306 2545 2355 καὶ
2592 2303 2840 2372 φυλακὴν
2882 2301 3346 2364 καταδικασθεὶς,
3383 2294 3699 2364 οἰκειοχείρως

493 2397 660 2439 manu
698 2388 894 2457 scripsi
928 2389 1364 2462 subscripsiqne.

2181 2395 2280 2464 τὴν
2321 2393 2605 2465 παροῦσάν
2638 2411 2740 2464 μου
2773 2393 3043 2462 διαθήκην
3075 2391 3299 2464 γράψας
3340 2386 3628 2457 ὑπέγραψα.

506 2589 3702 2642 Μ..
2853 2636 2910 2642 _.

2544 2634 2910 2642 rm..—

1745 2782 1918 2829 ΔΝΝΟ
1953 2781 2182 2829 DOMINI
2228 2783 2519 2829 MCCLXXV

1045 2948 1184 3004 ΤΟΥ
1220 2949 1622 3005 ΣΟΦΩΤΔΤΟΥ
1659 2951 2218 3010 ΧΑΡΤΟΦΥΛΛΚΟΣ
2255 2955 2391 3009 ΤΗΣ
2429 2954 2762 3009 ΜΕΓΑΛΗΣ
2799 2953 3209 3010 ΕΚΚΑΗΣΙΔΣ

1171 3119 3124 3302 ΚΩΝΣΤΑΝΤΙΝΟΥ

1786 3397 1925 3452 ΤΟΥ
1962 3395 2492 3450 ΜΕΛῙΤΗΝΙΩΤΟΥ

643 3581 817 3636 ΠΕΡΙ
859 3580 998 3634 ΤΗΣ
1026 3579 1673 3634 ΕΚΚΑΗΣΙΑΣΤΙΚΗΣ
1710 3583 2053 3637 ΕΝΩΣΕΩΣ
2090 3583 2410 3638 ΛΑΤΙΝΩΝ
2445 3585 2533 3638 TE
2572 3584 2699 3638 ΚΑΙ
2741 3583 2792 3635 Γ
2798 3581 3077 3648 ΡΑΙΚΩΝ,
3121 3587 3253 3640 ΚΑΙ
3287 3585 3459 3639 ΠΕΡΙ
3495 3583 3618 3638 ΤΗΣ

1139 3653 1674 3706 ΕΚΠΟΡΕΥΣΕΩΣ
1714 3654 1855 3706 ΤΟΥ
1881 3656 2108 3708 ΑΓΙΟΥ
2141 3654 2578 3710 ΠΝΕΥΜΑΤΟΣ
2613 3655 2719 3728 AIA
2762 3657 2898 3710 ῚῸΥ
2931 3655 3132 3719 ΥΙΟῙΣ,

1960 3811 2182 3886 ΛυΓΟΣ
2217 3813 2262 3866 Α

1049 4129 1644 4194 SAPIENTISSIMI
1682 4133 1988 4197 MAGNE
2043 4134 2450 4197 ECCLESIE
2491 4130 3225 4195 CHARTOPHYLACIS

753 4311 2039 4484 CONSTANTINI
2153 4332 2317 4484 Μῖ

1974 4334 2039 4482 Ι
2153 4327 3531 4491 ΜΕΕΙΤΕΝΙΟΤλἘ

729 4597 849 4657 DE
888 4598 1564 4678 ECCLESIASTICA
1619 4599 1946 4663 UNIONE
1987 4599 2492 4663 LATINORUM
2536 4602 2661 4662 ET
2705 4601 3221 4678 GRECORUM,
3267 4603 3390 4664 ET
3423 4599 3536 4662 DE

1141 4677 1738 4743 PROCESSIONE
1791 4680 2189 4742 SPIRITUS
2238 4681 2554 4744 SANCTI
2597 4682 2768 4743 PER
2808 4682 3141 4756 FILIUM,

1950 4845 2239 4906 ORATIO
2281 4845 2331 4906 Ι.

1709 5011 1828 5077 (Leo
1856 5011 2006 5062 Allat.
2037 5012 2192 5064 erc.
2215 5011 2408 5064 ori/10d.
2434 5019 2470 5062 t.
2506 5013 2587 5075 ll.)

582 5327 743 5392 Audi,
798 5326 1006 5390 caelum,
1056 5332 1106 5377 et
1145 5323 1351 5393 loquar,
1404 5330 1454 5375 et
1511 5321 1695 5375 audiat
1732 5330 1876 5375 terra
1935 5320 2146 5386 νει-ινα(

2267 5323 2560 5391 Πρόσεχε,
2622 5322 2861 5391 οὐρανέ,
2923 5324 3020 5378 καὶ
3057 5323 3344 5390 λαλήσω,
3387 5318 3480 5373 καί
3507 5309 3728 5408 ἁκοιιέτιῖ)

512 5437 577 5475 ex
625 5435 714 5474 ore
781 5419 959 5472 meo'.
1001 5416 1241 5487 Tempus
1286 5413 1553 5485 siquidem
1606 5423 1692 5470 est
1729 5415 1917 5469 eadem
1967 5428 2076 5468 cun

2201 5413 2539 5482 τ’ἦρήματα
2577 5413 2646 5468 ἐκ
2687 5416 2989 5484 στόματός
3027 5435 3168 5485 μου.
3220 5415 3422 5482 Καιρδς
3448 5410 3548 5478 γὰρ
3573 5403 3649 5473 μοὶ
3677 5403 3728 5448 τὰ

513 5508 834 5564 beatissimo
870 5508 1081 5579 Moyse,
1114 5507 1239 5562 licet
1270 5522 1378 5562 non
1409 5522 1471 5560 ex
1497 5506 1613 5576 pari
1647 5504 1865 5570 ail'ectu,
1898 5519 1999 5558 nec
2028 5505 2077 5557 (ιι

2203 5506 2344 5558 αῦτὰ
2371 5507 2450 5578 τῷ
2485 5509 2893 5578 μακαριωτάτῳ
2917 5509 3127 5580 Μωῦσῇ
3161 5503 3508 5575 φθέγξασθαι,
3536 5495 3626 5550 κᾶν
3648 5491 3727 5543 οὐκ

513 5603 679 5654 rebus
709 5600 1005 5660 similibus.
1043 5592 1374 5657 orationem
1399 5599 1663 5656 exordiri.
1698 5597 1929 5664 Quando
1967 5596 2077 5667 qui-

2202 5601 2265 5652 ἐκ
2293 5599 2588 5664 διαθέσεως
2618 5602 2761 5671 ἴσης,
2782 5601 2905 5654 οὐδὲ
2937 5601 3022 5670 ἐφ’
3051 5597 3260 5671 ὁμοίοις
3289 5597 3402 5660 τοῖς
3429 5589 3723 5665 πράγμασιν·

592 5777 606 5806 ¹
644 5774 793 5828 Deut.
833 5792 1000 5842 xxx",
1032 5777 1079 5830 1.
