3962 6458
1602 190 1635 197 -ο

251 329 387 398 1033

1090 335 1190 398 DE
1226 324 1746 397 PROCESSIONE
1785 328 1844 389 S.
1891 322 2148 389 SPiRIT
2155 325 2249 391 US
2287 326 2511 388 ORA'I‘.
2555 321 2605 385 Ι.

3348 307 3484 375 103i

259 449 519 521 Ἐπείπερ
550 451 579 505 ό
608 451 707 522 μὲν
750 450 841 506 ἐπὶ
885 449 1001 522 λαῷ
1049 451 1446 519 παθαινόμενος
1498 443 1865 503 ἀπειθοῦντιί

1955 459 2037 497 em
2064 442 2150 499 ille
2172 458 2270 515 pro
2288 441 2488 513 popqu
2516 438 2763 494 indolens
2790 432 3184 506 refragante,et
3206 429 3487 502 praeceptis

247 540 343 592 καὶ
369 539 704 609 ἀντιλέγοντι
732 542 846 605 τοῖς
881 539 977 595 τοῦ
1011 541 1217 611 Κυρίου
1253 536 1688 610 προστάγμασιν,
1724 533 1816 586 τὸν

248 627 478 698 οὐρανὸν
532 630 875 701 μαρτύρεται
917 634 1014 684 καὶ
1039 628 1140 702 τὴν
1169 628 1274 698 γῆν
1304 627 1414 696 ἐγὼ
1437 627 1495 680 δὲ
1520 626 1821 696 γηθόμενοξ

249 718 334 788 ἐφ’
364 717 447 782 οἷς
474 720 700 792 ἐποίησε
733 721 830 775 νῦν
867 722 1173 792 μεγαλείως
1202 722 1282 783 είς
1314 720 1464 788 ἡμᾶς
1496 719 1524 770 ό
1553 716 1822 786 κρείττων

250 829 310 867 τε
356 812 453 866 καὶ
502 812 643 881 ὕπέρ
691 814 861 883 ἡμᾶς.
891 814 999 866 Καὶ
1046 814 1075 866 ό
1115 813 1214 882 μὲν
1264 813 1340 873 ὼς
1386 807 1666 861 ὀνειδίσων
1728 807 1823 859 τὸν

250 896 558 973 γογγυστῆν
613 903 851 975 Ἰσραὴλ,
895 901 1008 971 ἐγὼ
1038 903 1082 956 δ’
1121 901 1197 964 ώς
1222 901 1300 969 τῷ
1349 896 1665 960 δεσπόζοντι
1714 897 1823 950 τῶν

251 995 386 1047 ὅλων
417 992 1011 1063 ἀνθομολογησάμενος.
1048 991 1203 1047 Ἀλλὰ
1238 991 1361 1044 τίνα
1382 989 1454 1042 τὰ
1477 989 1697 1060 ῥήματα
1724 986 1825 1056 τῆς

253 1085 312 1136 ἐν
348 1084 669 1148 ἀγαλλιάσει
703 1085 842 1153 πρὸς
888 1084 979 1137 τὸν
1013 1082 1277 1153 ’Υψιστον
1306 1080 1824 1150 ἁνθομολογήσεως;

256 1176 438 1247 ’Δπερ
464 1177 626 1240 αὐτὸς
652 1178 859 1239 ἐκεῖνος
881 1179 911 1230 ό
945 1175 1248 1246 θεολήπτης
1280 1172 1536 1244 ἀπαρχὴν
1564 1173 1663 1239 τῆς
1693 1171 1830 1244 πρὸς

255 1262 382 1329 τοὺς
450 1266 996 1336 παραπικραίνοντας
1089 1264 1433 1335 ἐπιπλήξεως
1514 1264 1829 1334 ἐποιήσατοὶ

258 1361 421 1423 Θεὸς,
453 1357 717 1424 ἀληθινὰ
762 1358 837 1411 τὰ
880 1358 1026 1427 ἔργα
1056 1356 1266 1423 αὐτοῦ,
1293 1355 1393 1410 καὶ
1416 1354 1607 1410 πᾶσαι
1623 1357 1683 1409 αι
1706 1351 1835 1408 ὁδοὶ

256 1447 444 1502 αὐτοῦ
469 1449 720 1515 κρίσεις.
776 1447 922 1512 Θεὸς
953 1446 1192 1513 πιστός,
1234 1445 1332 1500 καί
1364 1448 1476 1500 οὐκ
1508 1447 1678 1500 ἔστιν
1702 1442 1833 1498 ἁδι-

260 1538 454 1592 κίαὲν
482 1538 664 1603 αὐτῷ.
711 1538 951 1602 Δίκαιος
1001 1537 1103 1591 καὶ
1154 1537 1324 1603 ὅσιος
1373 1541 1408 1591 ό
1460 1538 1698 1604 Κύριος,
1753 1535 1834 1600 ὃς,

265 1630 352 1684 ἵνα
390 1629 451 1682 τὸ
476 1629 586 1682 ἀπὸ
625 1627 780 1682 τοῦδε
811 1630 922 1691 τοῖς
951 1627 1046 1681 τοῦ
1086 1629 1367 1699 προφήτου
1398 1628 1496 1680 καὶ
1539 1624 1836 1695 νομοθέτου

262 1719 632 1792 προσαρμότω
660 1718 730 1772 τὰ
758 1718 1021 1788 ἐμαυτοῦ,
1061 1716 1390 1788 σπλάγχνοις
1432 1715 1837 1786 φιλανθρώποις

261 1810 667 1878 ἐπικαμφθεὶς,
712 1810 813 1862 οὐκ
840 1809 1026 1863 εἴασεν
1053 1809 1204 1879 ἡμᾶς
1236 1809 1417 1861 ὀπίσω
1464 1807 1574 1860 τῶν
1619 1806 1838 1861 οίκείων

262 1900 585 1970 θελημάτων
636 1898 968 1970 πορεύεσθαι
1015 1900 1157 1953 κατὰ
1201 1899 1327 1962 τοὺς
1357 1897 1588 1961 πολλοὺς
1621 1900 1749 1962 τοὺς
1781 1899 1840 1952 ἐν

259 1995 380 2054 ταῖς
428 1993 859 2061 παρῳχημέναις
908 1990 1219 2062 ἔμπροσθεν
1258 1993 1491 2058 γενεαῖς,
1540 1989 1591 2042 οἳ
1647 1989 1743 2042 καὶ
1768 1987 1842 2041 τὰ

258 2084 523 2138 δοκοῦντα
547 2085 677 2155 περὶ
708 2082 801 2137 τοῦ
829 2084 928 2154 τῆς
960 2082 1289 2152 ὕπερουσίου
1318 2081 1545 2150 Τριάδος
1576 2082 1718 2145 ἐνὸς,
1747 2080 1842 2133 τοῦ

262 2175 535 2242 παναγίου
610 2176 705 2229 καὶ
748 2174 1060 2246 ζωαρχικοῦ
1113 2176 1258 2243 λέγω
1345 2173 1688 2243 Πνεῦματος,
1734 2170 1845 2226 ἀπὸ

262 2267 474 2329 κοιλίας
491 2267 590 2338 ὴρε
602 2266 818 2336 ῦγοντο,
852 2267 1045 2320 πλατεῖ
1072 2266 1166 2320 καὶ
1188 2266 1363 2335 ἀνέτω
1382 2265 1461 2333 τῷ
1489 2264 1722 2334 στόματι
1746 2265 1845 2333 τὴν

262 2358 545 2428 ἄφραστον
584 2358 749 2411 αὐτοῦ
785 2358 1166 2426 θεολογοῦντες
1213 2357 1308 2426 ἀφ’
1338 2355 1550 2409 ἑαυτῶν
1584 2354 1843 2426 ὕπαρξιν,

263 2446 364 2499 καὶ
410 2447 865 2519 λογομαχοῦντες,
897 2447 1032 2516 αρεῦῐ
1068 2448 1162 2500 ἐπὶ
1192 2448 1549 2518 καταστροφῇ
1574 2446 1683 2499 τῶν
1723 2446 1846 2499 Ἐκο

268 2537 510 2607 κλησιῶν
565 2540 645 2601 εἰς
673 2539 826 2592 οὐδὲν
862 2539 1156 2611 χρήσιμον,
1182 2538 1243 2591 τὸ
1293 2538 1690 2606 ὀλεθριώτατον
1737 2537 1851 2592 τῶν

274 2626 530 2680 ἁπάντων
561 2629 658 2689 καὶ
683 2629 1184 2695 ἐπικινδυνότατον,
1215 2627 1333 2681 ἀλλ’
1361 2629 1636 2698 ἐπισκοπῇ
1666 2627 1849 2695 κρείτ-

269 2733 389 2771 τονι
419 2718 579 2787 λόγου
615 2718 709 2773 καὶ
739 2718 980 2781 διανοίας
1034 2717 1492 2788 ἐπισκεψάμενος,
1536 2717 1724 2789 ῶσπερ
1753 2719 1851 2771 αῦ-

269 2810 363 2872 τδς
414 2810 443 2862 ὸ
489 2809 693 2881 Κύριος
749 2811 807 2863 ἐν
861 2808 1214 2891 Εὑαγγελίοις
1249 2809 1689 2881 παρεκελεύσατο
1739 2813 1851 2874 τοῖς

273 2903 466 2967 πᾶσιν,
521 2899 858 2968 Ἐρευνᾶτε,
892 2918 911 2951 ι
939 2900 1416 2970 προτρεπόμενος,
1454 2901 1560 2966 τὰς
1584 2901 1850 2971 Γραφὰς,

271 2992 433 3048 τοῦτο
459 2993 527 3046 τὰ
553 2992 649 3046 νῦν
678 2991 843 3063 ἔργον
872 2991 1059 3045 θέσθαι
1092 2991 1510 3047 σπουδαιότατον
1539 2993 1687 3063 ἡμᾶς
1710 2992 1857 3048 διαν-

1925 533 2222 590 Dominicis
2245 533 2675 596 contradicente,
2697 530 2896 585 cmlum
2921 535 3230 593 terramque
3258 521 3314 576 in
3337 521 3486 576 testi-

1927 627 2167 682 monium
2206 627 2476 691 advocat;
2527 638 2626 693 ego
2659 637 2789 677 vero
2831 619 3020 675 laetitia
3065 615 3349 673 exsultans
3394 628 3488 683 pro

1927 718 2231 788 magnilicis
2257 716 2310 771 in
2347 733 2446 771 nos
2477 716 2546 771 ab
2580 731 2666 776 eo,
2692 714 2785 784 qui
2822 712 2980 767 nobis
3015 709 3211 766 melior
3242 717 3297 763 et
3328 722 3495 775 supra

1926 825 2027 865 nos
2082 819 2187 874 est,
2242 808 2467 878 patratis
2516 825 2530 860 :
2581 806 2672 861 ille
2719 814 2771 859 et
2796 815 2846 859 te
2896 805 3188 871 increpans
3238 798 3494 853 lsraelem

1927 899 2454 962 obmurmurantem,
2487 910 2587 965 ego
2615 894 2691 950 uti
2738 908 2921 948 rerum
2970 891 3214 946 omnium
3266 887 3499 941 Domino

1928 990 2131 1060 gratias
2172 998 2418 1043 acturus.
2456 987 2561 1042 Sed
2602 999 2848 1056 quaenam
2893 984 3055 1038 verba
3116 980 3320 1036 fuerint
3369 991 3495 1047 erga

1929 1078 2362 1135 excelsissimum
2425 1077 2776 1141 illnm,dum
2848 1072 3221 1129 subsultamus
3276 1069 3499 1140 gaudio,

1931 1169 2229 1239 gratiarum
2277 1167 2549 1223 actionis?
2593 1166 2686 1220 [lla
2731 1165 2943 1230 eadem,
3000 1178 3122 1233 qua:
3151 1161 3362 1216 afﬂatus
3411 1160 3503 1215 ille

1930 1261 2163 1317 Numine
2205 1259 2602 1332 objurgationis
2647 1258 2909 1312 adversus
2950 1257 3032 1312 sui
3061 1254 3230 1325 ipsius
3258 1257 3502 1308 animum

1933 1355 2269 1410 olfendentes
2301 1353 2514 1407 initium
2555 1350 2722 1406 fecit:
2779 1348 2940 1413 Deus,
2978 1362 3100 1402 vera
3143 1362 3302 1416 opera
3332 1345 3502 1412 illius,

1933 1460 1982 1500 et
2024 1461 2201 1500 omnes
2224 1446 2323 1500 via:
2363 1446 2479 1514 ejus
2513 1442 2720 1513 judicia
2749 1458 2769 1496 :
2811 1439 2950 1496 Deus
2989 1438 3162 1509 ﬁdelis
3202 1448 3253 1494 et
3284 1455 3389 1493 non
3431 1447 3509 1492 est

1936 1539 2205 1610 injustitia
2243 1538 2299 1592 in
2332 1553 2416 1600 eo,
2450 1538 2635 1608 justus
2661 1546 2709 1589 et
2748 1544 2922 1590 rectus
2951 1531 3213 1588 Dominus
3241 1534 3288 1599 ’,
3320 1550 3341 1584 ι
3390 1532 3511 1601 qui,

1939 1639 1998 1684 ut
2058 1629 2184 1683 inde
2233 1644 2353 1684 mea
2394 1627 2462 1682 ad
2502 1628 2780 1698 prephetze
2835 1626 2980 1680 illius
3045 1635 3099 1681 et
3140 1625 3513 1695 legumlatoris

1937 1720 2100 1774 verba
2149 1721 2419 1790 adaptem,
2481 1719 2785 1774 visceribus
2843 1716 3234 1772 misericordiae
3304 1724 3525 1781 motus,

1940 1802 2048 1865 non
2113 1810 2355 1865 deseruit
2409 1825 2530 1879 nos,
2584 1818 2642 1865 ut
2703 1818 2824 1881 post
2881 1811 3194 1863 voluntates
3259 1808 3514 1879 preprias

1942 1903 2372 1965 ambularemus,
2413 1903 2578 1959 sicuti
2624 1903 2868 1974 plerique
2926 1903 3179 1972 quiante
3219 1917 3320 1957 nos
3350 1916 3516 1971 supe—

1943 1991 2183 2047 rioribus
2214 1991 2660 2060 generationibus
2699 2001 3121 2062 praecesserunt,
3153 1991 3246 2063 qui
3275 1992 3521 2062 compla-

1943 2084 2052 2138 cita
2123 2083 2226 2138 sibi
2300 2084 2367 2139 dc
2427 2099 2537 2139 uno
2603 2084 3153 2155 supersubstantialis
3207 2082 3519 2150 Trinitatis,

1946 2175 2295 2231 sanctissimo
2337 2176 2556 2246 inquam
2609 2187 2664 2231 et
2703 2176 2922 2229 vivifico
2965 2173 3201 2246 Spiritu,
3231 2191 3298 2232 ex
3333 2185 3525 2232 ventre

1945 2272 2297 2330 eructarunt,
2351 2265 2463 2319 lato
2522 2260 2836 2333 en‘renoque
2919 2280 3015 2321 ore
3086 2266 3513 2321 inenarrabilem

1947 2355 2092 2411 illius
2123 2371 2192 2412 ex
2220 2356 2415 2426 seipsis
2443 2356 2819 2412 exsistentiam
2845 2357 3225 2421 decernentes,
3260 2366 3316 2411 et
3341 2357 3525 2413 verbis

1948 2447 2360 2514 contendentes,
2394 2463 2473 2501 va:
2500 2448 2628 2501 illis!
2663 2448 2717 2501 in
2745 2428 3112 2503 Ecclesiaru'm
3155 2447 3527 2518 perniciosam

1949 2538 2400 2615 destructionem,
2437 2543 2580 2608 quod
2612 2536 2857 2593 omnium
2903 2549 2987 2593 est
3017 2540 3255 2594 maxime
3298 2538 3525 2594 noxium

1952 2635 2003 2682 et
2029 2628 2416 2698 periculosum;
2454 2629 2546 2683 sed
2575 2629 2796 2683 meliore
2818 2629 3048 2685 rationis
3067 2637 3122 2684 et
3148 2627 3529 2699 intelligentia

1954 2719 2288 2790 inspectione
2314 2720 2564 2787 visitans,
2596 2721 2670 2773 uti
2702 2721 2821 2789 ipse
2856 2720 3121 2777 Dominus
3142 2721 3194 2776 in
3220 2720 3530 2792 Evangeliis

1955 2813 2199 2884 praecipit
2253 2812 2512 2867 omnibus
2562 2829 2580 2869 :
2633 2811 2884 2868 Scrutare
2939 2812 3249 2884 Scriptura:
3284 2814 3327 2882 ³,
3401 2823 3530 2871 ante

1956 2904 2140 2959 omnia
2197 2913 2252 2959 et
2297 2902 2571 2974 precipue
2626 2904 2907 2968 excitavit,
2977 2902 3268 2977 effecitque
3321 2915 3380 2959 ut
3427 2920 3530 2962 nos

1958 3003 2275 3051 sanctorum
2309 2992 2531 3053 Patrum
2568 2992 2775 3065 scripta
2809 3010 3278 3067 percurreremus,
3313 2995 3533 3068 illisque

274 3085 516 3156 έστησε,“
551 3085 650 3149 τὰς
725 3085 836 3138 τῶν
886 3085 1060 3152 ἁγίων
1107 3084 1371 3155 Πατέρων
1430 3083 1856 3154 παρασκευάσας

1960 3103 2069 3143 non
2100 3087 2447 3160 indiligenter
2480 3087 2762 3157 inspectis,
2795 3088 3056 3159 optimam
3087 3101 3278 3144 eorum
3347 3101 3536 3159 perce-

273 3178 496 3249 γραφὰς
549 3174 855 3245 μετελθεῖν,
897 3171 985 3239 αἷς
1036 3177 1171 3245 δῆτα
1218 3176 1314 3230 καὶ
1370 3175 1488 3245 μετ’
1540 3176 1855 3246 ἐπιμελείας

274 3268 622 3338 ἐγκύψαντας
653 3266 886 3337 ἀρίστως
937 3267 1220 3321 ἐπιϐαλεῖν
1256 3265 1334 3336 τῷ
1366 3265 1646 3336 Πνεῦματι
1674 3267 1856 3322 καθωο

272 3360 545 3429 δήγησεν·
584 3357 642 3424 ἐξ
675 3354 748 3410 ὧν
777 3357 876 3428 τὴν
913 3357 1078 3428 μέχρι
1107 3357 1262 3410 τοῦδε
1296 3359 1683 3428 κρυπτομένην
1716 3360 1856 3413 ἀπο-

276 3448 647 3518 καλυφθὲντες
694 3447 954 3516 ἀλήθειαν
1000 3445 1414 3518 κατελάϐομεν,
1449 3447 1546 3501 καὶ
1584 3448 1860 3518 συνήφθηο

280 3557 383 3611 μεν
432 3544 490 3593 ὲν
531 3538 610 3605 τῷ
643 3539 870 3608 παρόντι
910 3542 1023 3602 τοῖς
1073 3540 1173 3609 τῆς
1208 3539 1592 3609 πρεσὸυτέρας
1635 3539 1861 3611 Ῥώμης

276 3630 497 3701 ἀληθῶς
531 3631 628 3683 καὶ
661 3630 802 3682 κατὰ
830 3630 1087 3699 Χριστὸν,
1122 3623 1203 3692 οἷς
1231 3629 1299 3700 δὴ
1337 3628 1444 3699 πρὸ
1479 3628 1707 3698 βραχέος
1736 3629 1860 3700 τρόο

279 3739 386 3782 so;
435 3724 586 3792 ἡμᾶς
626 3722 941 3792 οίκονομίας
978 3722 1288 3786 συνέδησεν,
1318 3722 1737 3792 ἀπορραγέντας
1767 3720 1865 3773 αῦ-

278 3814 392 3868 τῶν
418 3814 508 3867 διὰ
537 3815 701 3884 κενῆς
730 3818 793 3868 ἐκ
827 3814 1064 3884 μακροῦ,
1091 3814 1252 3870 τοῦτο
1292 3810 1391 3866 τοῦ
1435 3812 1570 3865 Θεοῦ
1599 3812 1687 3865 διὰ
1721 3812 1864 3881 πλῆο

1958 3180 2198 3250 ptionem
2227 3178 2433 3249 Spiritu
2458 3179 2741 3245 conduxit,
2772 3189 2827 3234 et
2847 3178 2913 3234 ad
2938 3179 3054 3235 haec
3085 3193 3259 3249 usque
3288 3185 3534 3248 tempora

1958 3271 2236 3326 occultata
2262 3270 2490 3325 veritate
2538 3269 2896 3338 deprehensa,
2923 3282 3048 3323 cum
3080 3267 3318 3323 senioris
3347 3267 3536 3323 Roma

1959 3363 2183 3418 asseclis
2211 3376 2335 3417 vere
2384 3374 2438 3417 et
2477 3360 2775 3416 secundum
2827 3357 3106 3413 Christum
3156 3358 3437 3427 conjuncti
3479 3357 3535 3410 in

1961 3451 2246 3523 praesentia
2272 3465 2487 3513 sumus,
2517 3450 2720 3520 quibus
2744 3462 2842 3503 nos
2869 3448 3034 3518 paulo
3056 3456 3181 3502 ante
3218 3447 3539 3502 meonomiae

1962 3542 2159 3598 modus
2214 3541 2513 3611 colligavit,
2540 3541 2609 3595 ab
2654 3539 2860 3596 eisdem
2917 3548 3121 3594 temere
3171 3553 3266 3608 per
3305 3536 3539 3592 multum

1964 3643 2089 3688 ante
2116 3630 2332 3703 tempus
2361 3632 2691 3702 disjnnctos,
2721 3632 2828 3685 hoc
2861 3631 2968 3685 Deo
3001 3640 3224 3701 prepter
3252 3631 3539 3685 innumera

1969 3735 2151 3780 nostra
2213 3725 2421 3780 scelera
2482 3724 2550 3779 ad
2603 3723 3031 3780 internecionem
3088 3722 3305 3794 generis
3367 3720 3539 3775 nostri

1968 3816 2336 3885 permittente.

283 3906 379 3968 θος
408 3905 701 3976 ἁμαρτιῶν
728 3906 945 3969 πάντως
974 3905 1477 3976 παραχωρήσαντος
1509 3904 1597 3955 ἐπ’
1620 3902 1867 3979 ἀπωλείᾳ
1960 3933 1968 3942 -

279 3995 381 4051 τοῦ
407 3998 601 4065 γένους
631 3997 814 4069 ἡμῶν.

361 4087 427 4160 β’.
463 4087 749 4143 Ἐντεῦθεν
777 4088 888 4160 γὰρ
910 4089 1088 4144 πάντα
1110 4089 1409 4142 συνέπεσεν
1442 4091 1577 4159 ἡμῖν
1598 4089 1667 4141 τὰ
1693 4088 1865 4156 δεινὰ,

282 4180 384 4235 καὶ
434 4181 509 4234 τὰ
546 4181 651 4250 τῆς
694 4180 994 4252 εὐκληρίας
1029 4182 1129 4250 τῆς
1161 4183 1400 4245 παλαιᾶς
1430 4182 1866 4251 ἀνατέτραπται,

284 4272 351 4325 τὸ
407 4272 510 4343 μὲν
535 4272 648 4326 τῶν
695 4273 795 4344 τῆς
828 4274 1015 4345 ’Ἅγαρ
1061 4274 1347 4342 ἀπογόνων
1403 4273 1870 4345 καταδραμόντων

283 4366 386 4430 τὰς
413 4364 537 4419 καθ’
565 4365 680 4418 Ἕω
710 4365 931 4429 πλείους
961 4367 1145 4428 πόλεις
1199 4364 1295 4419 καὶ
1324 4363 1507 4434 χώρας
1560 4366 1741 4435 ἡμῶν,
1774 4363 1869 4417 καὶ

284 4457 492 4520 ταύτας
544 4457 932 4526 ποιησαμένων
983 4457 1195 4511 ἑαυτῶν
1244 4457 1587 4525 καταγώγια,
1620 4456 1712 4509 ναὶ
1758 4457 1866 4526 μὴν

284 4550 382 4604 καὶ
434 4542 777 4618 κατεχόντων
826 4550 884 4612 ἐς
931 4547 1093 4619 δεῦρο
1139 4550 1502 4620 τυραννικῶς,
1536 4547 1612 4611 ώς
1646 4548 1772 4601 ενθα
1800 4548 1887 4602 τὰο

282 4640 381 4693 τοῦ
433 4638 677 4712 Χριστοῦ
722 4641 990 4709 πρότερον
1021 4642 1306 4710 ἐνηργεῖτο
1341 4641 1461 4693 θεῖα
1493 4642 1771 4710 μυστήρια
1800 4639 1869 4694 τὰ

278 4729 381 4785 τοῦ
421 4729 624 4800 μιαροῦ
659 4729 906 4800 Μωάμεδ
964 4729 1307 4783 ἐκτελεῖσθαι
1369 4731 1463 4784 νῦν
1518 4730 1714 4801 ὄργια,
1775 4729 1872 4781 καὶ

277 4820 415 4883 ’τοὺς
451 4821 631 4892 ἱεροὺς
684 4822 779 4874 καὶ
834 4807 1169 4891 σεϐασμίους
1208 4821 1370 4885 ναοὺς
1401 4820 1498 4874 τοῦ
1531 4820 1667 4874 Θεοῦ
1701 4837 1872 4891 πονη-

284 4911 402 4983 ρῶν
427 4912 526 4965 καὶ
555 4911 916 4983 ψυχοὸλαϐῶν
954 4911 1227 4980 δαιμόνων
1260 4907 1400 4965 εἶναι
1442 4915 1870 4982 κατοικητήρια,

279 5005 366 5076 τῷ
392 5006 491 5075 τὴν
524 5010 780 5078 μυσαρὰν
813 5008 909 5059 καὶ⁹
956 5005 1186 5077 βέὃηλον
1218 5004 1310 5057 τοῦ
1346 5006 1644 5076 Μαχοῦμετ
1677 5007 1873 5076 κλῆσιν

280 5098 346 5149 ἐν
376 5096 590 5160 τούτοις
646 5097 1127 5170 ἀνακηρύττεσθαι
1182 5096 1390 5165 σφόδρα
1438 5095 1649 5157 κακῶς,
1683 5098 1741 5147 ἐν
1792 5091 1874 5158 οἷς

282 5201 423 5238 ποτε
447 5186 507 5237 τὸ
540 5186 684 5255 μέγα
715 5189 806 5239 καὶ
856 5187 1081 5256 φρικτὸν
1121 5186 1492 5255 ἁνευφημεῖτο
1522 5184 1875 5246 πάνυκαλῶς

281 5276 385 5328 τοῦ
440 5276 691 5347 Σωτῆρος
739 5279 896 5347 ἡμῶν
934 5279 1123 5347 ὄνομα·
1171 5264 1328 5329 τίδ’δέ
1373 5276 1605 5328 καὶτῶν
1651 5274 1873 5327 Ἰταλῶν

280 5367 562 5436 δυσμόθεν
612 5368 948 5422 ἐπελθόντων
985 5370 1139 5438 ἡμῖν,
1183 5369 1317 5439 παρ’
1347 5362 1423 5421 ὧν
1452 5369 1648 5439 πρῶτοι
1683 5368 1782 5437 μέν
1813 5368 1874 5422 τὸ

287 5459 477 5529 μεῖζον
513 5460 610 5513 καὶ
650 5463 942 5532 χείριστον,
979 5456 1166 5531 ὧνπερ
1198 5463 1537 5529 ὑπέστημεν,
1584 5459 1691 5531 τῆς
1714 5462 1872 5513 Κων-

283 5553 597 5616 σταντίνου,
633 5553 773 5622 φεῦῑ
814 5553 1041 5617 ἆλωσις.
1083 5553 1149 5606 Ὦ
1194 5556 1277 5618 τίς
1310 5554 1432 5608 καθ’
1464 5552 1739 5625 Ἰερεμίαν
1779 5554 1873 5608 τὸν

362 5714 387 5749 θ
413 5711 569 5773 Deut.
600 5730 771 5781 xxxu,
804 5715 859 5771 4.
937 5714 957 5747 ³
979 5713 1137 5769 Joan.
1174 5729 1228 5774 v,
1264 5714 1354 5769 59.

608 5807 878 5867 Ρηιιοι.
905 5810 1020 5867 Gn.
1052 5804 1262 5869 CXLI.

2037 4098 2094 4154 2.
2138 4096 2274 4152 Hinc
2318 4095 2463 4150 enim
2514 4108 2671 4149 noxae
2721 4107 2912 4147 omnes
2966 4102 3065 4146 n05
3116 4104 3458 4166 Oppressere,
3489 4097 3546 4144 et

1972 4189 2207 4245 felicitas
2236 4187 2461 4256 antiqua
2510 4194 2563 4240 et
2604 4199 2866 4256 prospera
2894 4183 2951 4238 in
2985 4181 3346 4237 infortunium
3394 4198 3545 4239 verse

1968 4291 2073 4346 est,
2134 4279 2330 4349 partim
2402 4278 2546 4346 quod
2611 4276 2682 4331 ab
2738 4275 2917 4346 Agare
2988 4273 3205 4328 oriundi
3259 4275 3551 4344 plerasque

1971 4373 2211 4431 Orientis
2265 4372 2452 4436 urbes,
2503 4371 2865 4441 regionesque
2911 4376 3128 4424 nostras
3180 4370 3550 4433 vastaverint;

1972 4467 2138 4535 inque
2171 4464 2278 4519 illis
2325 4466 2483 4518 sedes
2530 4472 2584 4516 et
2645 4461 3003 4515 tabernacula
3049 4458 3457 4522 colloraverint,
3499 4468 3556 4511 et
3654 4530 3659 4535 ‘

1974 4558 2041 4612 ad
2094 4558 2235 4611 hanc
2277 4543 2488 4610 aetatem
2548 4554 2835 4626 tyrannide
2882 4562 3129 4623 premant
3166 4551 3324 4615 adeo,
3359 4558 3421 4605 ut
3463 4552 3554 4603 ubi

1973 4654 2131 4703 antea
2166 4646 2374 4701 Christi
2428 4645 2610 4699 divina
2657 4644 2916 4715 mysteria
2944 4641 3354 4707 efﬁciebantur,
3409 4655 3557 4719 nunc

1974 4739 2172 4809 impuri
2196 4735 2490 4792 Mahometi
2527 4736 2869 4791 caeremonia-
2898 4742 3251 4805 peragantur,
3286 4742 3341 4787 et
3372 4746 3561 4787 saeto-

1973 4840 2177 4883 sanctaa
2206 4838 2260 4883 et
2297 4830 2620 4884 veneranda:
2669 4825 2919 4880 Numinis
2946 4826 3112 4889 aedes,
3148 4827 3201 4879 in
3240 4838 3555 4895 pravorum,

1975 4932 2027 4979 et
2054 4922 2252 4976 animis
2305 4924 2620 4976 nocentium
2676 4920 2986 4975 daemonum
3037 4919 3409 4973 habitationes
3435 4934 3563 4973 eva-

1981 5013 2176 5078 serint,
2214 5012 2362 5082 quod
2404 5014 2457 5066 in
2500 5012 2609 5066 illis
2634 5015 2968 5068 exsecranda
3006 5011 3348 5083 profanaque
3371 5010 3565 5066 Moha-

1982 5106 2108 5157 meti
2149 5103 2436 5172 appellatio
2478 5103 2867 5172 proclametur,
2930 5105 3163 5171 pessime
3209 5103 3476 5173 profecto,
3506 5103 3563 5158 in

1979 5195 2183 5263 quibus
2231 5195 2527 5263 aliquando
2576 5211 2830 5262 magnum
2879 5204 2934 5250 et
2970 5195 3212 5249 terribile
3258 5194 3562 5250 Salvatnris

1978 5283 2148 5336 nostri
2204 5297 2403 5336 nomen
2475 5285 2807 5359 prohissime
2859 5284 3306 5336 concinebatur:
3367 5283 3563 5353 partim

1983 5376 2126 5445 quod
2157 5374 2303 5429 Italis
2329 5390 2396 5430 ex
2427 5375 2674 5431 occiduis
2702 5375 2948 5446 partibus
2984 5375 3039 5427 in
3082 5390 3182 5429 nos
3210 5376 3566 5444 irrumpenti-
3616 5422 3619 5425 .

1979 5468 2101 5531 bus,
2140 5467 2439 5521 maximum
2471 5466 2602 5521 illud
2649 5482 2713 5520 ac
2746 5468 2994 5521 omnium
3029 5466 3565 5534 perniciosissimum

1985 5557 2336 5628 pertulimus,
2375 5558 3019 5630 Constantinopolitanae,
3060 5555 3187 5613 heu!
3225 5555 3377 5612 urbis
3412 5554 3566 5612 exci-

3125 5808 3198 5873 33
