3962 6436
314 323 442 388 103Ἱ

1165 323 1260 383 DE
1306 318 1823 381 PROCESSIONE
1971 320 2330 379 Sl’lRlTUS
2368 320 2586 380 OllAT.
2634 321 2680 380 I.

3427 315 3558 377 1οΊξέ

312 435 423 498 κῶς
453 435 576 488 οὐδὲ
609 434 918 504 φιλαληθώς
955 435 1096 490 κατὰ
1127 436 1330 488 τούτων
1367 431 1735 501 συνέγραψαν.
1777 428 1891 482 Καὶ
1922 481 1924 489 ,

2013 430 2579 493 lemonstratinnilnis,
2647 434 2727 486 vel
2770 431 3016 486 veritatis
3065 444 3251 484 amore
3299 431 3556 483 atiV._'t'Stts

314 528 404 580 διὰ
437 528 597 580 τοῦτο
646 530 756 580 πᾶν
797 528 1110 580 τούναντίον
1143 526 1274 596 περὶ
1322 525 1502 578 αὐτῶν
1550 521 1885 592 φρονοῦντας

1989 520 2264 575 Romanos
2314 523 2734 588 concinnarunt,
2794 530 3191 592 proptereaque
3237 523 3544 590 Oppositum

317 620 412 670 καὶ
454 619 737 686 λέγοντας,
784 617 1110 670 σπείσασθαι
1159 617 1238 688 τῷ
1284 617 1422 676 τέως
1472 611 1888 683 παρασκευάζει

2013 627 2152 666 ιιηιιο
2196 613 2261 667 de
2305 613 2369 667 iis
2404 614 2721 678 sentientes,
2751 625 2804 668 et
2854 615 3230 684 obloqucnles,
3270 615 3424 683 prius
3453 616 3553 667 hos

315 710 533 772 τούτοις
563 712 712 779 ἡμᾶς
748 711 841 763 ἐπὶ
882 710 1187 779 συμϐάσεσι
1231 707 1400 778 μηδέν
1445 723 1497 758 τι
1531 706 1592 757 τὸ
1621 705 1888 774 παράπαν

317 801 810 864 ὲπικοινωνούσαις
833 803 945 864 τοῖς
969 803 1134 869 ἱεροῖς
1173 799 1452 868 δόγμασιν.
1492 797 1608 848 Ἵνα
1639 796 1692 847 τί
1732 796 1894 862 γένη-

317 910 432 955 ται,
476 891 570 945 καὶ
595 892 719 944 τίνα
765 892 1016 964 τρυγήσῃ
1063 889 1163 959 τὴν
1190 888 1528 957 ἐπικαρπίαν
1567 885 1838 948 ἐντεῦθεν,
1865 887 1893 937 ὁ

318 985 498 1037 πάντα
529 984 788 1052 προνοίας
813 985 1035 1053 μέτροις
1058 980 1367 1034 ἐπιστατῶν
1396 996 1412 1045 ;
1448 980 1534 1032 ἵνα
1564 976 1758 1046 καιροῦ
1793 994 1894 1029 κα-

317 1073 564 1138 λοῦντος,
598 1073 865 1137 τοιούτοις
903 1076 982 1136 είς
1007 1073 1106 1143 τὴν
1134 1072 1272 1141 πρὸς
1302 1071 1496 1132 αὐτοὺς
1536 1071 1686 1139 ἡμᾶς
1715 1067 1896 1120 λαϐὼν

323 1165 667 1235 ἡμερότητα,
714 1166 810 1216 καὶ
858 1165 955 1234 τὴν
1001 1165 1148 1216 ἔνδον
1195 1163 1440 1232 γαλήνην
1475 1161 1582 1213 τῶν
1619 1158 1897 1228 λογισμῶν

317 1251 408 1308 οἷα
441 1255 544 1322 τῆς
590 1255 730 1307 κατὰ
762 1253 972 1308 τούτων
1000 1255 1230 1325 ἐνούσης
1253 1256 1387 1324 ἡμῖν
1420 1253 1652 1323 ἀρχαίας
1699 1251 1898 1312 κακίας

324 1345 903 1414 ἁποσκορακισοείσης
949 1345 1214 1411 τοτέλεον,
1263 1345 1464 1416 ῥᾳδίως
1497 1343 1762 1414 ὑπαγάγῃ
1788 1345 1901 1403 τοῖς

325 1435 662 1504 ἔμπροσθεν,
717 1437 812 1488 καὶ
851 1438 952 1504 τὴν
1005 1436 1124 1489 κατ’
1160 1437 1442 1489 εὐσέϐειαν
1489 1435 1664 1497 οὕτως
1706 1435 1902 1486 ἕνωσιν

326 1525 735 1596 ἀπεργάσηται,
766 1526 834 1578 τὰ
871 1527 1000 1597 περὶ
1029 1527 1122 1578 τοῦ
1155 1527 1446 1595 δόγματος,
1495 1525 1572 1589 ὡς
1600 1527 1736 1594 ἔχει,
1763 1524 1904 1577 κατὰ

327 1615 520 1669 λεπτὸν
553 1619 636 1681 εἰς
667 1618 758 1670 τὸν
782 1620 1054 1687 ἡμέτερον
1083 1618 1208 1673 νοῦν
1236 1618 1515 1688 ἐμϐαλὼν,
1550 1617 1608 1682 ἐξ
1637 1612 1710 1671 ὢν
1737 1617 1786 1668 οἱ
1807 1613 1903 1667 τοῦ

281 1689 300 1696 “
329 1708 464 1760 Πνεύ
473 1726 640 1777 ματος
665 1710 722 1761 ὲν
750 1708 1025 1779 διαφόροις
1041 1712 1280 1779 γραφαῖς
1305 1709 1482 1763 αὐτῶν
1532 1707 1905 1774 θεολογοῦντες

323 1802 744 1869 ἐφιλοσόφησαν.

323 1984 606 2053 οἰκονόμος
636 1985 945 2056 πόρρωθεν,
970 1986 1160 2055 ὥσπερ
1192 1985 1280 2037 ἀεὶ
1302 1984 1464 2052 νόμος
1489 1983 1660 2053 αὐτῷ,
1695 2000 1906 2054 προκα-

325 2078 587 2131 ταὸάλλει
621 2078 720 2141 τὰς
752 2077 1033 2150 ἀφορμὰς,
1070 2078 1162 2131 τὸν
1207 2076 1472 2147 θεοστεφῆ
1519 2077 1612 2130 καὶ
1652 2079 1907 2146 μέγιστον

325 2170 486 2238 ἡμῶν
519 2169 902 2240 αὐτοκράτορα
929 2169 1023 2222 τοῦ
1067 2168 1232 2239 ἔργου
1267 2167 1462 2221 τούτου
1519 2168 1723 2238 θερμὸν
1756 2169 1909 2221 ἀντι-

329 2261 578 2330 λήπτορα
615 2263 1092 2330 προστησάμενος,
1125 2259 1183 2322 ὃς
1215 2253 1326 2310 οἷον
1350 2259 1441 2311 τὸν
1477 2256 1641 2327 ζῆλον
1681 2258 1776 2310 καὶ
1807 2258 1908 2324 τὴν

327 2352 469 2421 ὑπὲρ
503 2351 602 2419 τῆς
637 2355 859 2423 εἰρήνης
893 2351 1204 2424 προθυμίαν
1245 2351 1338 2404 καὶ
1368 2349 1606 2420 σπουδὴν
1644 2349 1910 2415 ἐνεδείξα-

327 2459 410 2506 το,
442 2443 527 2504 τίς
564 2444 747 2507 ἱκανὸς
777 2444 860 2512 τῷ
891 2444 1037 2514 λόγῳ
1060 2441 1377 2512 περιλαϐεῖν
1405 2457 1421 2507 ;
1447 2443 1511 2493 οὺ
1541 2440 1648 2515 μὴν
1674 2439 1789 2523 ἀλλ’
1821 2441 1911 2493 οὺς

325 2535 384 2587 δὲ
419 2536 518 2606 τὴν
558 2536 614 2588 ἐν
658 2535 871 2598 τούτοις
904 2536 1043 2605 ὑπὲρ
1076 2535 1362 2604 ἄνθρωπον
1398 2532 1566 2587 αὑτοῦ
1601 2534 1905 2602 καρτερίαν

329 2625 504 2681 οὐδενὶ
529 2624 640 2680 τῶν
663 2627 921 2680 ἁπάντων
952 2627 1105 2695 ἰσχὺς
1135 2624 1286 2677 ἔσται
1319 2616 1629 2688 διεξελθεῖν.
1686 2625 1760 2676 Οὑ
1798 2623 1911 2694 γὰρ

327 2717 466 2784 ὁμοῦ
503 2733 562 2770 τε
609 2717 924 2787 προσετάγη
955 2715 1140 2770 θεόθεν
1172 2714 1514 2785 ὑπηρετῆσαι
1550 2712 1628 2784 τῷ
1669 2715 1912 2784 λειτουρ-

331 2807 564 2876 γήματι,
611 2809 708 2861 καὶ
742 2808 880 2878 ὁμοῦ
906 2809 1019 2871 τοῖς
1053 2807 1146 2860 ὑπ’
1192 2806 1355 2859 αὑτὸν
1397 2805 1773 2874 ἐντειλάμενος
1810 2804 1910 2874 ἦρ-

327 2915 509 2966 κεσεν,
540 2899 729 2971 ὥσπερ
757 2903 825 2954 ἂν
863 2899 919 2952 εί
947 2917 1032 2964 τις
1064 2897 1328 2952 ὑπολάϐοι
1375 2897 1476 2969 τὴν
1512 2895 1721 2951 ἄνωθεν
1756 2896 1906 2967 αὺτῷ

329 2993 580 3046 δοθεῖσαν
618 2992 870 3057 ἐξουσίαν
899 2991 1252 3057 ἀποσκοπῶν,
1305 2989 1444 3044 ἀλλὰ
1482 2990 1690 3052 πάντας
1725 2989 1911 3058 σχεδὸν

334 3083 772 3153 ἀνθισταμένους
802 3083 1007 3154 εὑρὼν,
1035 3084 1130 3136 καὶ
1160 3084 1242 3136 ὄτι
1277 3082 1469 3152 χρόνος
1493 3082 1703 3151 μακρὸς
1729 3081 1822 3149 ἀφ’
1847 3073 1908 3135 οῦ

333 3178 404 3229 τὰ
430 3175 526 3228 τοῦ
560 3176 883 3246 σχίσματος,
917 3178 993 3240 ὠς
1025 3177 1189 3247 νόμον
1217 3175 1278 3228 τὸ
1307 3173 1620 3245 παράλογον
1643 3175 1765 3238 ἔθος
1789 3173 1916 3227 τοῦ·

332 3283 396 3320 τσ
421 3267 713 3337 κρατύνειν
739 3267 1042 3332 ἐθέλοντας,
1073 3270 1144 3339 τῇ
1173 3266 1381 3320 τούτων
1409 3265 1668 3336 ἀσθενείᾳ
1703 3282 1914 3334 συγκα-

332 3357 604 3420 ταϐαίνει,
638 3357 735 3411 καὶ
763 3357 1136 3428 μακροθύμως
1172 3356 1499 3426 μετέρχεται
1525 3357 1590 3409 τὰ
1610 3355 1707 3407 τοῦ
1739 3357 1916 3425 πράγ-

335 3466 528 3519 ματος.
598 3451 708 3501 Καὶ
777 3449 874 3502 νῦν
945 3449 1044 3519 μὲν
1110 3448 1317 3501 πείθειν
1384 3449 1412 3498 ὁ
1477 3444 1731 3514 βασιλεὺς
1786 3447 1915 3510 τοὺς

340 3542 618 3612 ὑπηκόους
663 3542 956 3610 ἐπιχειρεῖ,
998 3539 1091 3592 νῦν
1111 3539 1156 3590 δ’
1190 3539 1444 3608 ἀνέχεται
1479 3537 1589 3588 τῶν
1610 3537 1716 3589 ὑπὸ
1758 3539 1920 3607 χεῖρα

337 3633 760 3703 μεγαλοφρόνως
784 3633 811 3685 ὁ
836 3631 1102 3699 δεσπότης
1129 3630 1523 3696 ἀντιλεγόντων
1554 3629 1726 3700 αὐτῷ,
1757 3628 1916 3684 τοῦτο

345 3725 447 3796 μὲν
476 3727 542 3794 τῇ
591 3725 772 3794 οἰκείᾳ
817 3724 1096 3778 κανταῦθα
1128 3724 1373 3792 συνήθως
1406 3723 1738 3792 χρηστότητι
1771 3724 1916 3795 χρώ-

334 3831 520 3884 μενος,
551 3815 709 3868 τοῦτο
737 3815 794 3869 δὲ
827 3817 921 3868 καὶ
947 3815 1218 3885 διακρίσει
1265 3815 1436 3877 διδοὺς
1473 3816 1683 3880 ἑαυτὸν,
1712 3811 1795 3878 οἷς
1832 3817 1915 3868 ὃτι

332 3905 394 3957 τὸ
424 3907 524 3974 τῆς
563 3906 762 3977 ἔχθρας
793 3909 1112 3977 μεσότοιχον
1150 3905 1411 3970 πολυετὲς
1465 3924 1525 3959 τε
1571 3907 1668 3960 καὶ
1706 3923 1915 3978 μακρο-

332 3999 574 4071 χρόνιον,
603 4000 663 4064 ἐξ
686 3994 758 4052 ὧν
789 4000 885 4053 καὶ
909 4001 1086 4054 πάντα
1118 4001 1320 4072 τρόπον
1351 4001 1631 4068 ἐπείγεται
1658 4001 1914 4069 γενέσθαι

327 4092 431 4160 τῆς
469 4091 691 4164 εἰρήνης
721 4091 882 4158 ὑμᾶς.
911 4089 1001 4142 Ἐν
1015 4090 1188 4158 τούτῳ
1217 4089 1311 4142 τοῦ
1333 4090 1538 4144 σκοποῦ
1563 4090 1909 4160 διημερεύων

332 4181 447 4246 ἀεὶ,
474 4183 571 4234 καὶ
597 4183 796 4244 νύκτας
824 4182 949 4243 ὅλας
980 4182 1257 4250 ἄγρυπνος
1299 4181 1694 4252 διακαρτερῶν,
1725 4182 1830 4244 ἓως
1867 4187 1917 4236 εί

336 4278 436 4324 καὶ
475 4271 548 4341 μὴ
588 4274 818 4337 πάντας,
869 4272 994 4324 ἐπεὶ
1028 4271 1165 4341 μηδὲ
1211 4270 1435 4324 πάντων
1478 4273 1511 4341 ἡ
1549 4272 1772 4340 γνῶσις,
1819 4273 1917 4326 καὶ⁹

334 4363 434 4415 τοῦ
481 4362 892 4427 λυσιτελοῦντος
928 4366 962 4434 ὴ
999 4366 1329 4434 κατανόησις
1355 4379 1368 4393 °
1399 4363 1461 4415 τὸ
1487 4364 1617 4432 γοῦν
1661 4364 1914 4417 πλεῖστον

335 4455 434 4506 καὶ
465 4456 761 4526 κράτιστον
803 4455 968 4526 μέρος
992 4456 1089 4509 τοῦ
1116 4456 1214 4525 τῆς
1255 4455 1581 4525 Ἐκκλησίας
1613 4454 1914 4526 πληρώμα-

333 4563 430 4611 τος
460 4549 788 4617 συναγαγὼν
815 4550 894 4611 είς
935 4551 1120 4612 ταυτὸ,
1162 4549 1256 4602 καὶ
1300 4551 1430 4619 μιᾶς
1468 4550 1693 4620 γνώμης
1722 4566 1782 4600 τε
1817 4551 1912 4604 καὶ

337 4641 536 4712 βουλῆς
582 4642 802 4706 τούτους
843 4643 1306 4712 ἀπεργασάμενος
1344 4644 1410 4712 τῇ
1449 4643 1540 4694 τοῦ
1581 4643 1909 4713 είρηνάρχου

333 4734 577 4802 Χριστοῦ
623 4734 916 4805 συνεργείᾳ
961 4735 1056 4787 καὶ
1107 4736 1315 4804 χάριτι,
1364 4735 1463 4805 τὴν
1503 4736 1642 4804 μετὰ
1678 4736 1774 4805 τῆς
1805 4735 1912 4788 τῶν

347 4826 643 4895 Ῥωμαίων
683 4826 1012 4897 Ἐκκλησίας
1041 4828 1267 4896 εἰρήνην
1323 4826 1588 4895 θεοφιλῶς
1635 4828 1915 4881 ἐκτετέλε-

337 4936 458 4972 κεν.
506 4919 668 4972 Ἀλλὰ
696 4922 763 4972 τὰ
796 4918 898 4989 μὲν
941 4918 1082 4971 κατὰ
1127 4918 1221 4970 τὸν
1261 4919 1530 4987 ἡμέτερον
1569 4919 1914 4990 αύσονάρχην

339 5011 435 5061 τὸν
463 5007 730 5079 θεοστεφῆ
781 5026 842 5061 τε
882 5010 976 5063 καὶ
1033 5008 1486 5077 θεομεγάλυντον,
1521 5011 1671 5072 ὅπως
1710 5013 1913 5081 θερμό-

339 5116 483 5154 τατα
512 5100 632 5152 λίαν
661 5103 1073 5169 ἀγωνισάμενος
1103 5101 1222 5169 μεθ’
1256 5102 1388 5168 ὅσης
1417 5118 1476 5156 τε
1520 5102 1620 5171 τῆς
1653 5106 1792 5156 κατὰ
1815 5103 1917 5173 ψυ-

339 5190 444 5261 χὴν
474 5192 767 5262 διαπύρου,
809 5197 903 5245 καὶ
948 5193 1368 5260 συντομωτάτης
1415 5192 1616 5261 ὁρμῆς,
1649 5195 1744 5246 καὶ
1795 5196 1916 5262 μεθ’

337 5280 460 5343 οἵας
494 5283 595 5351 τῆς
631 5284 909 5353 ὑπομονῆς
943 5285 1040 5336 καὶ
1088 5284 1494 5354 μεγαλοψυχίας
1544 5285 1644 5354 τὴν
1691 5287 1914 5355 εἰρήνην

341 5373 736 5446 κατώρθωσεν,
771 5377 831 5428 ού
867 5375 964 5428 τοῦ
994 5377 1263 5444 παρόντος
1296 5376 1475 5443 λέγειν
1499 5377 1714 5447 καιροῦ.
1745 5378 1917 5440 Μόλις

338 5466 451 5533 γὰρ
497 5468 564 5519 ἂν
617 5467 711 5520 καὶ
763 5467 869 5538 ἰδίᾳ
903 5484 988 5530 τις
1037 5469 1394 5540 πραγματείᾳ
1430 5469 1494 5521 τὰ
1535 5469 1660 5538 περὶ
1708 5468 1914 5521 τούτων

341 5559 722 5627 παραστήσειε
760 5559 996 5637 τρανῶς.

1923 1797 1972 1856 Β

393 1890 457 1947 ε’.
486 1893 649 1949 Ταῦτ’
679 1893 789 1961 ἄρα
822 1896 916 1946 καὶ
938 1893 1194 1956 τοιαύτας
1220 1896 1246 1946 ὁ
1269 1893 1376 1947 τῶν
1399 1894 1684 1961 ἡμετέρων
1712 1891 1904 1962 ψυχῶν
1969 1926 1992 1942 κ

1993 704 2272 756 nobiscum
2296 704 2361 756 ad
2389 705 2689 772 pactionem
2714 706 2880 774 adigit
2903 708 2968 761 iis
2994 705 3418 766 conditionibus.
3441 722 3561 774 qua:

1995 809 2116 845 cum
2153 807 2310 848 sacro
2342 793 2590 862 dogmate
2621 797 2751 850 nihil
2802 797 3064 852 haberent
3107 811 3419 850 commune.
3444 799 3562 862 Quo

1995 888 2210 939 tandem
2242 901 2428 954 scopo,
2460 897 2514 942 et
2539 904 2700 957 quem
2729 890 2854 942 inde
2895 888 3129 943 fructum
3178 891 3559 957 decerptut-ns,

1996 977 2178 1030 omnia
2207 977 2560 1048 providentia-
2588 996 2840 1035 mensura
2889 983 3188 1050 gubernat?
3216 980 3286 1036 Ut
3319 995 3560 1051 tempore

2001 1069 2344 1136 postmodum
2375 1079 2705 1138 opportuno,
2733 1070 2806 1124 ita
2843 1070 3068 1127 aﬂ‘ectos
3107 1086 3203 1126 nos
3253 1086 3562 1134 assumens,

1999 1161 2050 1213 in
2089 1169 2423 1214 mansuetam
2457 1171 2511 1215 et
2551 1162 2819 1214 interuam
2867 1163 3257 1230 cogitationum
3298 1162 3568 1230 tranquil-

1999 1249 2230 1313 litatem,
2257 1260 2445 1303 nostro
2475 1251 2740 1305 adversus
2781 1269 2873 1306 eos
2905 1253 3131 1322 antiquo
3175 1254 3300 1307 odio
3344 1269 3567 1322 prorsus

2001 1341 2292 1404 dissoluto,
2329 1343 2474 1396 facili
2522 1344 2743 1412 negotio
2793 1344 3107 1408 deduceret,
3153 1356 3206 1398 et
3246 1344 3324 1398 sic
3353 1345 3571 1420 pictatis

2005 1433 2260 1486 unionem
2286 1433 2613 1496 absolveret,
2636 1437 2798 1487 rebus
2835 1435 3128 1506 dogmatis,
3163 1437 3237 1490 uti
3257 1452 3317 1491 sc
3346 1437 3570 1498 habent,

2005 1523 2271 1591 paulatim
2323 1525 2376 1577 in
2409 1537 2648 1579 nostrain
2677 1539 2911 1580 mentem
2965 1528 3251 1591 immissis,
3284 1528 3573 1582 occasione

2007 1624 2222 1682 sumpta
2254 1629 2317 1667 ex
2347 1615 2436 1679 iis,
2464 1631 2583 1684 «piae
2606 1617 2831 1685 Spiritui
2856 1618 3020 1673 dediti
3045 1619 3435 1688 scriptionibus
3461 1621 3574 1672 suis

2009 1705 2175 1759 variis
2203 1705 2572 1777 philosophati
2614 1720 2763 1764 sunt.
3231 1741 3259 1763 ο

2078 1889 2131 1943 5.
2169 1889 2292 1944 Haec
2347 1892 2548 1961 itaque,
2586 1908 2683 1948 nec
2715 1894 2992 1952 absimiles
3024 1908 3335 1952 nostrorum
3368 1899 3578 1951 animo-

2005 1996 2125 2034 rum
2172 1982 2540 2049 dispensator,
2598 1985 2835 2050 eminus,
2878 1989 2955 2037 uti
2985 1988 3096 2054 ipse
3145 1988 3338 2052 suevit,
3378 2001 3578 2040 causas

2006 2072 2243 2140 pi-ujicit,
2279 2087 2375 2140 per
2423 2073 2588 2126 Deum
2638 2085 2928 2138 coronato,
2986 2077 3333 2144 maximoque
3383 2085 3576 2132 nostro

2008 2161 2330 2228 imperatore
2363 2163 2592 2234 hujusce
2620 2167 2801 2234 operis
2839 2166 3046 2220 fervido
3073 2175 3383 2234 protectore
3445 2183 3578 2231 cou-

2008 2253 2222 2313 stitulo,
2246 2255 2338 2320 qui
2407 2266 2668 2322 quantum
2721 2260 2918 2320 zelum,
2951 2269 3001 2308 et
3025 2273 3121 2326 pro
3156 2273 3285 2325 pace
3329 2259 3576 2312 ardorem

2007 2343 2325 2403 ostenderit,
2355 2351 2408 2397 et
2433 2358 2623 2397 curam
2653 2347 2921 2414 posuerit,
2948 2351 3070 2416 quis
3110 2349 3252 2417 polis
3281 2347 3441 2402 fuerit
3467 2364 3583 2402 ser-

2009 2447 2168 2486 mone
2198 2435 2547 2503 exprimere?
2579 2438 2690 2492 ltuo
2725 2438 2897 2508 ipsius
2937 2456 3100 2510 supra
3137 2443 3406 2496 humanas
3433 2442 3580 2495 vires

2008 2525 2226 2577 assidua
2258 2528 2435 2580 studia
2469 2529 2648 2583 verbis
2677 2531 2931 2600 prosequi
2966 2533 3166 2585 nemini
3196 2535 3442 2587 omnium
3497 2534 3580 2588 l'as

2009 2614 2196 2670 fuerit.
2265 2616 2452 2688 Neque
2528 2622 2674 2675 enim
2733 2623 2898 2676 simul
2955 2623 3220 2679 divinitus
3284 2626 3578 2696 imperiutn

2010 2707 2244 2776 accepit,
2283 2711 2671 2765 utministerio
2703 2713 3019 2775 assert-iret,
3058 2725 3105 2767 et
3145 2715 3309 2770 simul
3346 2717 3582 2772 subditis

2011 2799 2358 2867 praecipiens,
2392 2801 2558 2855 veluti
2601 2803 2646 2857 si
2699 2805 2822 2872 quis
2873 2805 2928 2859 in
2973 2806 3152 2860 datam
3202 2809 3306 2862 sibi
3346 2809 3582 2880 desuper

2011 2894 2394 2948 auctoritatem
2445 2896 2762 2965 respiciens,
2817 2899 3068 2954 mandata
3116 2911 3404 2958 exsecutus
3450 2913 3578 2961 est:

2013 2982 2106 3036 sed
2143 2997 2266 3037 cum
2325 3000 2515 3038 omnes
2575 2985 2688 3040 fere
2728 2988 2832 3042 sibi
2885 2989 3160 3045 adversari
3206 2994 3583 3063 comperisset,

2012 3082 2088 3137 et,
2121 3077 2263 3144 quod
2296 3076 2407 3145 jam
2441 3088 2654 3146 tempus
2704 3082 2924 3150 longum
2958 3084 3331 3150 praeteriisset,
3353 3100 3420 3140 ex
3463 3101 3577 3156 quo

2015 3165 2302 3220 dissidium
2331 3178 2579 3223 exortum
2613 3170 2811 3237 fuerat,
2851 3173 3145 3228 absurdam
3181 3176 3320 3230 hanc
3349 3193 3587 3232 consue-

2017 3259 2260 3313 tudinem
2289 3276 2444 3331 atque
2474 3271 2636 3332 atque
2664 3265 2834 3333 legem
2867 3266 3110 3320 stabilire
3140 3278 3494 3335 conarentur,
3520 3271 3588 3324 ad

2015 3365 2204 3404 eorum
2250 3351 2622 3408 inﬁrmitatem
2661 3369 2725 3408 ac
2770 3364 2960 3410 nutum
3025 3367 3197 3410 totum
3240 3374 3296 3412 se
3341 3360 3493 3429 ﬁngit
3536 3371 3589 3414 et

2017 3446 2417 3510 accommodat,
2449 3456 2505 3500 et
2536 3449 2829 3502 toleranter
2856 3449 3020 3503 nimis
3046 3451 3322 3520 negotium
3350 3454 3586 3508 conﬁcit.

2017 3534 2085 3588 Et
2115 3552 2261 3592 nunc
2303 3539 2524 3607 quidem
2577 3541 2681 3594 sibi
2719 3541 2989 3597 obnoxios
3031 3544 3343 3613 .imperator
3397 3546 3593 3599 blande

2018 3627 2227 3682 illicere
2284 3633 2598 3698 aggreditur
2651 3648 2665 3684 :
2725 3649 2870 3688 nunc
2915 3649 3105 3689 eorum
3151 3637 3243 3704 qui
3291 3637 3395 3690 sub
3446 3639 3591 3691 illius

2017 3728 2291 3788 potestate
2318 3731 2496 3785 erant,
2524 3722 2790 3778 Dominus
2813 3739 2919 3778 non
2952 3727 3160 3795 absque
3192 3727 3360 3780 animi
3387 3732 3594 3797 magni-

2021 3813 2213 3868 tudine
2239 3815 2499 3869 adversos
2529 3826 2761 3871 conatus
2785 3819 3043 3880 sustinet,
3077 3819 3271 3886 partim
3312 3821 3590 3888 propriam

2017 3907 2181 3960 etiam
2234 3908 2287 3961 in
2333 3908 2438 3962 hoc
2480 3923 2578 3978 pro
2616 3923 2772 3964 more
2816 3924 2917 3965 suo
2947 3910 3244 3965 bonitatem
3295 3925 3590 3980 usurpans,

2017 4001 2216 4071 partim
2249 4001 2580 4056 discretione
2621 4002 2792 4056 multa
2834 4003 3088 4067 metiens,
3123 4005 3268 4074 quod
3297 4005 3593 4063 simultatis

2017 4101 2181 4161 atque
2217 4091 2520 4146 inimicitia:
2566 4093 2920 4150 interstitium
2958 4111 3054 4166 per
3088 4098 3290 4152 multos
3322 4113 3496 4155 annos
3538 4110 3595 4155 et

2017 4183 2376 4237 diuturnitate
2407 4199 2505 4238 sua
2527 4185 2883 4241 obduruerat.
2911 4187 3095 4252 Quare
3125 4191 3303 4243 modis
3333 4192 3592 4248 omnibus

2016 4284 2070 4328 et
2122 4275 2314 4330 sedulo
2363 4276 2545 4330 studio
2600 4278 2668 4331 ad
2717 4280 3118 4334 conciliandam
3184 4284 3344 4338 nobis
3401 4301 3587 4354 pacem

2017 4367 2375 4430 convertitur,
2409 4371 2462 4421 in
2491 4371 2592 4422 hoc
2612 4371 2894 4439 proposito
2923 4374 3187 4428 continuo
3219 4378 3458 4448 integros
3476 4381 3592 4435 dies

2020 4458 2321 4526 insutnens,
2373 4471 2426 4515 et
2483 4471 2670 4517 noctes
2733 4465 2973 4533 integras
3032 4466 3308 4522 insomnes
3356 4471 3593 4537 ducens,

2018 4551 2212 4612 donec,
2263 4553 2361 4604 etsi
2400 4567 2507 4605 non
2561 4554 2732 4619 omni,
2761 4571 2938 4624 neque
2986 4559 3128 4610 enim
3193 4560 3436 4614 onmium
3493 4578 3591 4617 co-

2019 4643 2212 4710 gnitio,
2248 4660 2423 4714 neque
2468 4646 2617 4700 utilis
2667 4648 3086 4717 comprehensio
3115 4659 3236 4718 est,
3279 4653 3486 4722 majore
3532 4669 3596 4710 ac

2020 4735 2231 4802 potiore
2285 4738 2643 4793 ecrlesiastici
2696 4741 3074 4810 complementi
3136 4753 3286 4812 parte
3333 4747 3385 4799 in
3423 4764 3593 4801 unum

2023 4837 2232 4892 coacta,
2271 4838 2326 4883 et
2373 4830 2573 4886 Christi
2623 4833 2775 4900 pacis
2835 4835 3079 4888 auctoris
3147 4851 3252 4906 ope
3307 4847 3361 4893 et
3421 4841 3596 4908 gratia

2023 4934 2212 4975 eorum
2244 4923 2490 4977 consiliis
2535 4923 2936 4994 sententiisque
2966 4927 3033 4981 ad
3064 4942 3219 4982 suam
3262 4932 3596 4987 voluntatem

2023 5014 2297 5076 adductis,
2350 5028 2473 5067 cum
2512 5013 2756 5068 Romana
2802 5015 3044 5073 Ecclesia
3098 5035 3308 5089 pacem,
3368 5023 3444 5075 uti
3489 5022 3599 5077 Deo

2023 5103 2323 5170 placuerat,
2375 5104 2628 5158 absolvit.
2681 5107 2784 5161 Sed
2825 5111 3101 5177 quomodo
3165 5115 3456 5183 imperator
3511 5116 3598 5170 hic

2023 5201 2229 5258 noster,
2288 5196 2378 5262 qui
2440 5211 2468 5247 a
2514 5193 2624 5250 Deo
2669 5212 2963 5257 coronatus
3019 5215 3124 5268 est,
3171 5220 3222 5260 et
3281 5223 3381 5262 sua
3424 5210 3599 5262 incre-

2026 5297 2204 5338 menta
2272 5288 2552 5357 suscepit.
2616 5292 3098 5349 vehementissima
3165 5299 3479 5356 incitatione
3546 5311 3600 5355 et

2026 5377 2218 5432 ardore
2282 5378 2539 5433 insatiato
2589 5382 2968 5449 decertavcrit,
3037 5397 3090 5440 et
3136 5403 3300 5458 quam
3363 5391 3596 5458 forvido,

2027 5480 2081 5524 et
2129 5472 2474 5526 contentiosu
2521 5475 2690 5527 animi
2741 5476 2969 5544 impetu,
3020 5488 3075 5532 et
3132 5494 3236 5547 qua
3309 5482 3596 5537 tolerantia

2028 5571 2081 5616 et
2153 5565 2601 5635 magnanimitate
2669 5579 2859 5637 pacem
2923 5569 3256 5639 perfecerit,
3322 5589 3429 5627 non
3515 5585 3599 5629 est

341 5652 633 5719 praesentis
661 5658 920 5726 temporis
952 5657 1216 5714 scribere.
1246 5655 1343 5713 Vix
1381 5661 1526 5713 enim
1587 5669 1641 5712 et
1707 5657 1974 5728 singulari
2015 5660 2286 5730 quispiam
2342 5663 2600 5718 dehisce
2661 5665 3010 5732 tractatione,
3065 5669 3247 5723 omnia
3302 5672 3598 5740 perspicue

339 5760 585 5803 memora
595 5752 752 5804 verit.
