3962 6410
452 272 587 336 1039
1505 278 2016 340 CONSTANTINI

2071 281 2609 344 ilELlTENIOT/E
3487 290 3496 295 ’
3523 287 3635 351 Ῑθίθ

517 387 570 439 6.
598 385 686 441 Dei
712 400 874 456 porro
918 388 1189 444 mirabilia
1211 389 1303 459 qui
1336 389 1486 445 illum
1530 392 1595 445 ad
1637 391 1750 446 haec
1782 391 2020 460 impulit,
2048 395 2081 452 Α

2073 395 2096 452 λ
2198 400 2275 456 ς’.
2303 396 2386 448 Τὰ
2411 397 2467 448 δὲ
2523 397 2618 449 τοῦ
2671 395 2994 467 κινήσαντος
3021 394 3184 451 αὐτὸν
3223 395 3299 460 είς
3333 397 3477 452 τοῦτο
3503 399 3637 465 Θεοῦ,

440 479 504 531 ad
524 493 644 547 rpite
667 487 832 547 supra
865 482 1160 534 orationem
1192 489 1591 548 converteram,
1614 483 1883 538 undenam
1918 484 2004 538 mi-

2117 489 2257 556 πρὸς
2284 487 2320 540 ἀ
2349 489 2442 541 καὶ
2472 488 2679 542 ἀνωθεν
2709 489 3001 560 ὥρμημαι,
3048 487 3212 542 πόθεν
3245 506 3333 559 μοι
3371 493 3526 561 πηγαὶ
3559 497 3641 564 ῥα-

443 571 497 624 hi
523 585 839 625 sermonum
872 570 1050 625 fontes
1084 581 1370 641 erumpent
1413 581 1468 627 et
1513 573 1836 643 cognitionis
1863 590 2007 630 venre

2117 583 2376 649 γήσονται
2406 580 2600 650 λόγων,
2633 583 2726 635 καὶ
2754 582 2948 650 φλέϐες
2972 581 3508 652 ἀναστομωθήσονται
3530 586 3645 651 γνὼ-

440 662 810 726 recludentur,
842 673 920 728 ιιι,
949 663 1049 716 etsi
1082 677 1187 716 non
1214 679 1312 732 pro
1338 663 1618 734 dignitate,
1655 665 1768 720 haec
1790 667 1934 720 enim
1958 677 2004 720 el

2118 690 2276 736 σεως,
2305 673 2380 736 ὡς
2405 672 2498 739 ἂν,
2531 676 2580 726 εἰ
2611 675 2705 728 καὶ
2736 674 2814 745 μὴ
2844 676 2966 727 κατ’
2999 674 3177 739 ἀξίαν,
3209 675 3509 745 ὑπερϐαίνει
3553 677 3646 746 γὰρ

439 766 677 810 mentem
711 765 762 807 et
786 756 1168 825 cogitationem
1206 769 1562 828 exsuperant,
1597 759 1834 814 humana
1863 761 2003 814 nihi-

2115 767 2292 819 ταῦτα
2333 767 2511 821 πάντα
2552 771 2678 820 νοῦν
2717 767 2812 820 καὶ
2865 769 3129 834 διάνοιαν,
3163 767 3308 837 ὅμως
3360 768 3646 840 ἀνθρωπίνῃ

440 847 675 900 lominus
697 846 876 912 lingua
905 858 958 900 et
989 847 1262 902 intellectu
1295 858 1660 918 congruenter
1679 864 2004 904 commemo-

2119 858 2334 929 γλώττῃ
2383 861 2480 912 καὶ
2525 862 2686 930 φρενὶ
2740 861 3096 931 καταλλήλως
3133 859 3542 930 ὲκδιηγήσωμαι,
3571 868 3650 914 καὶ

439 954 572 1002 rem,
623 945 676 990 et
720 954 825 990 non
890 939 1224 992 tantumdem
1275 940 1343 992 ab
1391 956 1578 994 eorum
1633 941 2003 1008 magnitudine

2123 951 2197 1019 μὴ
2229 953 2379 1020 παρά
2407 952 2662 1005 τοσοῦτον
2691 953 3008 1020 ἀπολειφθῶ
3036 951 3139 1021 τῆς
3175 955 3375 1005 τούτων
3405 952 3652 1019 μεγαλειὸ·

437 1029 648 1090 ιειιΙιιιῐι,
682 1025 944 1096 quantum
969 1030 1112 1094 aliis,
1135 1031 1226 1100 qui
1248 1030 1387 1084 infra
1410 1043 1610 1085 terram
1634 1033 2001 1098 obambulant,

2114 1057 2276 1108 τητος
2309 1043 2440 1111 παρ’
2499 1043 2622 1096 ὅσον
2683 1045 2876 1113 ἐτέρου
2924 1047 3034 1096 τῶν
3067 1045 3217 1100 κάτω
3267 1044 3544 1112 βαινὸντων
3570 1049 3651 1099 καὶ

435 1109 487 1172 et
523 1121 777 1174 sensibus
806 1124 1134 1182 asserviunt,
1162 1121 1389 1176 inferior
1428 1121 1586 1175 sum?
1634 1121 1751 1175 Non
1783 1138 1999 1192 prorsus

2113 1109 2470 1186 δουλευόντων
2497 1135 2752 1206 αίσθήσει
2781 1109 3067 1202 ιραίνεσθαι
3095 1109 3364 1204 δεύτεροςς
3392 1135 3501 1190 Οὐκ
3521 1135 3655 1188 ἄλλο·

435 1213 649 1267 aliuude
683 1215 813 1267 mihi
847 1215 1120 1279 obreniet,
1166 1231 1330 1285 quam
1366 1232 1393 1269 a
1451 1216 1679 1284 Spiritu,
1711 1229 1876 1270 Vitam
1918 1217 1999 1271 der

2115 1228 2208 1278 θεν
2248 1227 2528 1297 πάντωςῆ
2566 1227 2720 1298 παρά
2759 1227 2852 1280 τοῦ
2889 1228 2986 1281 καὶ
3011 1232 3121 1291 τοις
3149 1230 3360 1295 νεκροῖς
3388 1226 3525 1297 ζωήν
3569 1230 3656 1297 ιμ-

437 1306 664 1359 mortuis
694 1309 1015 1374 inspirante,
1047 1309 1198 1374 dum,
1224 1319 1282 1360 ut
1315 1323 1438 1360 cum
1469 1308 1604 1362 Isaia
1636 1309 1882 1378 eloquar,
1913 1309 2001 1364 im-

2114 1319 2368 1383 πνέοντος
2401 1321 2541 1372 Πνεύ
2551 1337 2738 1388 ματος,
2763 1323 2898 1392 ὅπερ
2920 1323 2968 1374 εί
2989 1322 3084 1374 καὶ
3111 1319 3236 1374 καθ’
3269 1319 3487 1373 Ἠσαίαν
3509 1321 3658 1372 είπείν

437 1415 570 1466 pura
601 1401 740 1452 labia
764 1399 1140 1454 circumferam
1161 1411 1213 1454 et
1246 1401 1428 1455 multis
1452 1411 1796 1469 peccatorum
1821 1400 2001 1456 sordi-

2111 1413 2394 1482 ἀκάθαρτα
2443 1414 2596 1484 χείλη
2641 1416 2948 1484 περιφέρω,
3015 1416 3112 1468 καὶ
3181 1413 3347 1466 πολὺν
3402 1411 3659 1484 ἁμαρτιῶν

436 1490 538 1544 bus
590 1491 809 1553 obruar,
852 1492 1172 1560 benignitati
1230 1501 1412 1546 tamen
1444 1493 1588 1546 illius
1646 1493 1837 1553 lidens,
1864 1492 2000 1562 quod

2112 1505 2443 1576 ὲτιισύρομαι
2477 1506 2758 1576 βόρϐορον,
2794 1507 2908 1561 ἀλλ’
2936 1506 3029 1561 οῦν
3069 1506 3150 1576 τῷ
3188 1505 3470 1577 φιλαγάθῳ
3510 1503 3662 1572 τιγᾶτῳ

433 1588 654 1649 propter
676 1581 1174 1636 misericordiarum
1205 1582 1424 1652 pelagus
1457 1582 1664 1637 Numen
1699 1593 1997 1650 peccatores

2113 1596 2413 1667 θαρρήσας,
2432 1599 2512 1651 ὅτι
2541 1597 2662 1667 μηδ’
2684 1598 3087 1667 ἀποστρέφεται
3113 1598 3174 1651 τ’)
3190 1579 3345 1651 Θεῖον
3365 1596 3482 1656 τούς
3503 1595 3660 1664 πλημ-

436 1691 544 1726 non
572 1685 875 1739 aversatur,
910 1675 957 1729 si
989 1676 1056 1729 ad
1092 1675 1270 1743 ipsum
1308 1691 1498 1730 rursus
1536 1675 1791 1730 conversi
1823 1676 2000 1729 animo

2117 1689 2412 1756 μελοῦντας
2451 1689 2540 1743 διὰ
2574 1691 2810 1757 πέλαγος
2857 1689 3182 1760 οἰκτιρμῶν,
3233 1689 3392 1758 μόνον
3442 1689 3503 1742 ἂν
3547 1687 3664 1755 πρὸς

436 1766 788 1832 inclinentur,
809 1768 1040 1835 indeque
1074 1783 1134 1821 os
1162 1782 1430 1831 reserans,
1456 1779 1509 1820 ιιι
1530 1768 1821 1837 Deiparens
1849 1768 2000 1822 Davic

2117 1781 2250 1832 αὐτὸ
2279 1780 2373 1832 καὶ
2406 1780 2569 1833 πάλιν
2601 1783 3059 1852 ἐπιστρεφόμενοι
3087 1781 3357 1850 νεύωμεν,
3401 1777 3663 1832 κάντεῦθεν

431 1859 600 1923 canit,
620 1860 838 1912 odorem
866 1860 1158 1924 attraham,
1184 1848 1488 1930 iterumque
1507 1863 1750 1927 Christo,
1777 1863 1995 1931 indeque

2111 1872 2331 1936 ἀνοίξας
2379 1873 2442 1925 τὸ
2501 1873 2696 1942 στόμα,
2750 1848 2916 1927 καθά-
2954 1873 3055 1926 πού
3110 1848 3280 1942 φησιν
3331 1875 3358 1926 ὁ
3409 1871 3665 1942 θεοπάτωρ

431 1963 589 2004 enata
617 1953 788 2020 gratia
825 1953 1127 2022 complear,
1160 1969 1266 2022 qua
1296 1957 1369 2007 uti
1392 1957 1628 2009 carbone
1663 1957 1922 2019 nutritus,
1953 1965 1995 2010 el

2107 1961 2292 2025 Δαυῒδ,
2329 1964 2545 2016 έλκύσω
2585 1963 2684 2034 τὴν
2718 1964 2975 2032 εὐωδίαν,
3006 1964 3190 2034 τὸτῆς
3238 1965 3458 2033 Γραφῆς
3491 1963 3663 2026 εἰπεῖν,

429 2045 598 2098 corde
646 2053 817 2112 atque
859 2047 1114 2098 sensibus
1155 2048 1510 2115 depurgatus.
1574 2047 1993 2100 ascensionesin

2109 2054 2202 2106 atati.
2234 2053 2387 2116 αὖθις
2425 2053 2687 2124 Χριστοῦ,
2720 2056 2812 2106 καὶ
2839 2055 2940 2122 τῆς
2978 2055 3192 2109 ἐκεῖθεν
3249 2054 3421 2118 οὕτως
3475 2053 3664 2123 έμπλη·

431 2137 551 2202 ipso
591 2135 910 2204 disponam.
941 2145 1002 2188 et
1030 2149 1153 2187 cum
1184 2135 1370 2188 divino
1409 2152 1655 2204 praecone
1679 2135 1844 2191 Paulo
1882 2152 1995 2190 nar-

2111 2148 2379 2217 σθήσομαι
2411 2149 2651 2218 χάριτος,
2679 2149 2742 2202 δι’
2775 2144 2842 2218 ἧς
2876 2150 2952 2212 ὡς
2983 2149 3050 2202 δι’
3077 2149 3353 2220 ἄνθρακος
3377 2146 3665 2218 ψωμισθέν·

429 2227 563 2280 rabo
591 2228 915 2296 sapientiam
948 2226 1152 2280 multos
1197 2241 1372 2281 annos
1405 2228 1811 2294 absconditam,
1839 2246 1993 2298 quani

2109 2257 2197 2301 τος
2238 2257 2352 2309 μοι,
2379 2243 2475 2308 τήν
2509 2255 2568 2292 τε
2604 2241 2834 2307 καρδίαν
2871 2240 2966 2293 καὶ
2995 2239 3063 2292 τὰ
3096 2241 3432 2310 αἰσθητήρια
3482 2237 3663 2308 καθαρ·

427 2317 752 2372 auctoritate
779 2333 886 2386 qua
909 2330 1012 2382 εει,
1035 2319 1251 2372 occulta
1289 2320 1532 2374 revelatis
1566 2321 1711 2377 Deus
1758 2339 1858 2392 per
1888 2323 1991 2377 haet

2108 2331 2242 2395 θεὶς,
2303 2331 2596 2393 ἀναϐάσεις
2631 2335 2690 2384 ὲν
2733 2333 2870 2402 αὐτῇ
2921 2333 3277 2402 διαθήσομαι,
3320 2333 3415 2386 καὶ
3452 2332 3665 2402 λαλήσω,

431 2410 609 2463 media
645 2409 827 2479 dignis
870 2409 978 2464 alio
1005 2419 1167 2479 atque
1195 2412 1306 2465 alio
1332 2421 1570 2480 tempore
1601 2423 1872 2482 retegens,
1927 2415 1995 2469 uti

2109 2423 2248 2475 κατά
2275 2422 2366 2474 τὸν
2396 2422 2707 2492 θεοκήρυκα
2742 2423 2975 2488 Παῦλον,
3015 2425 3213 2491 σοφίαν
3242 2422 3342 2493 τὴν
3370 2422 3511 2476 ἔτεσι
3535 2423 3671 2474 πλεί-

428 2499 519 2568 qui
549 2501 922 2556 examinandis
957 2501 1110 2556 libris
1150 2503 1393 2556 animum
1443 2503 1668 2565 addixit,
1702 2520 1766 2558 ex
1819 2506 1992 2561 multis

2107 2529 2250 2574 στοις
2282 2515 2808 2583 ἀποκεκρυμμένην,
2833 2514 2902 2584 ἢν
2926 2517 2954 2567 ὁ
2986 2517 3105 2568 κατ’
3133 2517 3388 2582 ἐξουσίαν
3424 2512 3669 2569 ἀποκαλύ·

431 2592 713 2648 addiscere
747 2593 908 2656 valet,
941 2596 1202 2648 extremis
1238 2596 1388 2649 hisce
1413 2595 1604 2649 diebus
1637 2598 1796 2652 nobis
1823 2599 1995 2652 omni-

2107 2623 2256 2660 πτων
2285 2606 2456 2676 βαθέα
2471 2605 2603 2670 Θεὸς
2637 2607 2725 2660 διὰ
2755 2607 2934 2675 μέσων
2956 2607 3163 2661 τούτων
3189 2603 3302 2672 τοῖς
3324 2609 3489 2673 ἀξίοις
3518 2623 3669 2676 παρα-

429 2687 536 2739 bus
568 2702 662 2754 per
683 2685 991 2740 divinarum
1023 2685 1431 2754 Scriptor-arum
1466 2689 1859 2756 expositionem
1892 2706 1993 2742 mat

2107 2697 2404 2766 γυμνώσας
2448 2697 2592 2750 κατά
2653 2700 2899 2768 καιροὺς,
2962 2701 3037 2761 ὼς
3093 2698 3277 2754 ένεστι
3311 2701 3390 2771 τῷ
3427 2703 3548 2770 περὶ
3583 2699 3667 2767 τὴν

427 2775 724 2838 nii'estavit,
763 2777 888 2830 inJe
914 2778 1073 2832 nobis
1096 2793 1422 2847 comparans
1451 2787 1505 2832 et
1540 2779 1921 2847 perfectiorem
1951 2789 1991 2832 et

2105 2790 2351 2856 ἐξέτασιν
2373 2790 2483 2842 τῶν
2503 2790 2700 2860 βίϐλων
2725 2791 3120 2861 προστετηκότι
3151 2794 3351 2862 μαθεῖν
3371 2794 3432 2846 ὲκ
3459 2791 3664 2852 πολλῶν,

425 2865 839 2927 absolutiorein.
873 2883 1037 2937 quam
1079 2881 1240 2922 antea
1299 2885 1544 2938 unquam
1612 2869 1812 2933 fuerat,
1850 2886 1989 2926 com-

2107 2881 2195 2932 ἐπ’
2226 2881 2472 2950 ὲσχάτων
2503 2881 2709 2934 τούτων
2733 2882 2958 2952 ήμερῶν
2992 2885 3162 2938 πᾶσιν
3185 2887 3323 2955 ἡμῖν
3347 2887 3435 2940 διὰ
3461 2887 3552 2952 τῆς
3576 2885 3667 2938 τῶν

425 2961 764 3011 munionem.
812 2957 899 3013 Uti
929 2960 1196 3028 siquidem
1233 2971 1316 3016 est
1347 2961 1456 3013 Itex
1491 2977 1672 3030 regum
1718 2973 1772 3016 et
1816 2961 1989 3016 Domi-

2174 2969 2268 3022 ίων
2303 2970 2538 3038 Γραφῶν
2569 2971 2917 3036 ἀναπτύξεως
2947 2973 3290 3044 ἐφανέρωσε,
3347 2976 3481 3045 πρὸς
3537 2977 3666 3028 έντε-
3727 2966 3731 2968 ’

429 3065 528 3104 nus
561 3048 958 3102 dominantium
1006 3049 1170 3112 D..-us,
1221 3051 1302 3105 sic
1345 3067 1436 3120 per
1467 3066 1617 3116 euut,
1648 3055 1739 3121 qui
1769 3070 1913 3107 nunc
1951 3062 1993 3106 el

2106 3059 2365 3130 λεστέραν
2426 3059 2578 3114 ἐνθεν
2618 3063 2766 3132 ήμᾶς
2825 3065 3135 3130 κοινωνίαν,
3179 3067 3276 3118 καὶ⁸
3318 3066 3531 3136 μείζονα
3585 3065 3667 3131 τῆς

427 3142 622 3193 merito
663 3140 949 3208 imperium
986 3145 1320 3208 moderatur,
1346 3155 1401 3198 et
1430 3161 1591 3214 quem
1621 3147 1825 3197 invenit
1849 3158 1991 3212 acun

2111 3111 2332 3222 πρώτης
2391 3111 2893 3224 μετακαλξύμενος.
2936 3155 3025 3212 Ὠς
3079 3159 3193 3227 γὰρ
3223 3160 3252 3211 ὁ
3288 3111 3546 3220 Βιασιλεὺς
3573 3155 3666 3209 τῶν

423 3242 589 3300 atque
651 3229 930 3298 Davudem,
989 3249 1112 3286 vere
1147 3236 1424 3288 hominem
1474 3237 1628 3304 juxta
1687 3251 1781 3288 cor
1818 3250 1987 3288 suum.

2109 3243 2527 3312 βασιλευόντων,
2561 3247 2658 3299 καὶ
2716 3247 2922 3316 Κύριος
2953 3247 3061 3300 τῶν
3113 3252 3483 3318 κυριευόντων
3528 3246 3663 3308 Θεὸς,

423 3327 651 3381 discissa
686 3329 754 3380 ab
794 3339 1022 3394 antiquo
1051 3337 1294 3394 tempore
1331 3327 1586 3382 Ecclesia:
1606 3325 1805 3381 Christi
1837 3341 1987 3379 mem-

2103 3337 2245 3390 οὐτω
2277 3337 2367 3390 διὰ
2403 3336 2498 3390 τοῦ
2527 3337 2622 3390 νῦν
2663 3337 3044 3406 βασιλεύοντος
3067 3340 3164 3394 ἐπὶ
3190 3342 3297 3412 γῆς
3321 3338 3662 3410 ἀξιοπρεπῶς,

426 3421 522 3472 lira
551 3418 606 3472 in
633 3434 797 3471 unum
827 3420 996 3486 probe
1026 3419 1390 3487 conjungens,
1421 3419 1474 3472 in
1501 3417 1718 3472 vinculo
1766 3418 1990 3472 Charita-

2103 3431 2160 3484 ὃν
2201 3425 2357 3501 εὗρεν
2395 3430 2471 3492 ὡς
2510 3431 2600 3483 τὸν
2631 3431 2797 3484 Δαυῒδ
2827 3433 3046 3504 ἀληθῶς
3072 3433 3252 3503 ἄνδρα
3276 3435 3414 3487 κατά
3438 3435 3530 3503 τὴν
3549 3446 3667 3498 καρ-

425 3513 496 3565 tis
527 3525 712 3580 pacein
750 3512 984 3579 pritnutn
1019 3510 1272 3565 ﬁrmavit.

2101 3522 2219 3575 δίαν
2257 3522 2447 3587 αὐτοῦ,
2469 3523 2538 3575 τὰ
2565 3522 2900 3593 διερρωγότα
2928 3525 2988 3576 τὸ
3019 3525 3255 3580 παλαιὸν
3284 3527 3423 3598 μέλη
3445 3526 3536 3594 τῆς
3567 3522 3662 3574 Ἐκ-

2103 3615 2331 3685 κλησίας
2365 3614 2605 3686 Χριστοῦ
2659 3615 2904 3684 συνάψας
2943 3617 3125 3680 καλῶς
3182 3620 3245 3673 ὲν
3297 3619 3376 3688 τῷ
3411 3617 3668 3684 συνδέσμῳ

2101 3709 2199 3776 τῆς
2230 3709 2454 3777 ἀγάπης
2491 3707 2589 3777 τὴν
2621 3709 2848 3780 εἰρήνην
2876 3709 3159 3779 καταρχὰς
3190 3712 3603 3782 ἑπρυτάνευσεν.

493 3795 543 3847 7.
589 3791 888 3862 Oportebat
940 3791 1106 3861 igitur
1141 3805 1251 3846 non
1287 3791 1462 3846 multo
1498 3800 1620 3861 post
1683 3799 1737 3845 et
1777 3792 1999 3846 univer-

2174 3795 2239 3862 ζ’.
2274 3797 2424 3851 Ἐδει
2443 3797 2498 3850 δὲ
2530 3799 2638 3869 ἄρα
2664 3800 2784 3868 μετ’
2815 3799 2876 3852 οὐ
2909 3799 3048 3851 πολύ
3077 3803 3175 3853 καὶ
3207 3801 3271 3854 τὺ
3297 3803 3406 3855 πᾶν
3434 3802 3525 3870 τῆς
3551 3802 3662 3870 περὶ

424 3899 546 3940 sum
575 3886 718 3938 circa
742 3897 843 3939 nos
888 3897 1002 3936 sua:
1057 3882 1412 3951 providentia:
1443 3884 1758 3954 mysterium
1825 3887 1988 3939 mani-

2101 3886 2247 3955 ἡμᾶς
2277 3886 2445 3940 αὐτοῦ
2479 3886 2826 3958 προμηθείας
2858 3887 3219 3959 ἀποκαλύψαι
3245 3892 3559 3962 μυστήριον,
3581 3891 3662 3942 καὶ

426 3978 636 4041 testari,
665 3975 989 4044 ostendique
1021 3974 1325 4029 Romanam
1358 3975 1658 4030 Ecclesiam
1686 3978 1738 4030 in
1786 3977 1990 4046 pietatis

2102 3977 2274 4043 δεῖξαι
2313 3978 2412 4048 τὴν
2469 3977 2577 4031 τῶν
2629 3979 2922 4049 Ῥωμαίων
2973 3981 3315 4052 Ἐκκλησίαν
3357 3985 3456 4053 τῆς
3487 3982 3663 4054 ήμετέ-

375 4093 380 4098 ι
424 4070 711 4126 sanctitate
777 4069 908 4124 nihil
938 4084 970 4124 a
1019 4080 1210 4123 nostra
1271 4069 1520 4125 diﬂ‘erre.
1561 4070 1702 4137 Quid
1751 4087 1882 4142 ergo
1913 4073 1939 4125 il

2107 4085 2204 4137 ρας
2245 4071 2386 4122 κατά
2417 4069 2509 4122 τὸν
2543 4072 2639 4139 τῆς
2668 4070 2951 4134 εὐσεϐείας
2999 4071 3159 4140 λόγον
3191 4074 3366 4144 μηδὲν
3396 4075 3662 4144 διαφέρου-

422 4173 702 4231 operatur,
753 4175 807 4216 et
855 4161 1132 4231 quomodo
1165 4177 1288 4215 vere
1328 4163 1674 4218 admirabilia
1707 4173 1762 4219 et
1787 4167 1986 4220 occulta

2105 4178 2224 4227 σαν,
2256 4162 2308 4214 τί
2341 4163 2503 4222 ποιεῖ,
2539 4163 2636 4214 καὶ
2673 4161 2789 4226 πῶς
2821 4164 2901 4223 είς
2953 4163 3076 4231 φῶς
3117 4165 3306 4234 ἐξάγει
3339 4166 3408 4218 τά
3440 4166 3532 4234 τῆς
3554 4163 3664 4215 θαυ-

422 4273 520 4311 sua
553 4255 781 4311 consilia
823 4257 877 4309 in
913 4256 1088 4310 lucem
1131 4253 1428 4325 producit?
1463 4256 1538 4310 Ex
1576 4257 1665 4318 iis,
1716 4258 1806 4325 qui
1841 4269 1986 4311 ante:

2106 4254 2310 4322 μασίας
2336 4253 2414 4322 τῷ
2443 4254 2558 4308 δντι
2597 4254 2692 4307 καὶ
2746 4255 2983 4325 κρυφίου
3039 4255 3248 4327 ταύτης
3309 4258 3534 4330 βουλῆςς
3590 4252 3665 4317 Ἐξ

422 4365 535 4405 rem
557 4349 961 4419 oppugnabant,
998 4347 1172 4401 virum
1199 4359 1312 4402 tum
1337 4348 1608 4412 doctrina,
1639 4358 1752 4403 tum
1783 4349 1986 4404 dicendi

2103 4346 2284 4398 αὐτῶν
2345 4346 2453 4399 τῶν
2508 4346 2702 4417 πρώην
2765 4346 3181 4417 ἀνθεστηκότων
3249 4350 3423 4419 ἄνδρα
3473 4350 3558 4401 τὸν
3605 4347 3662 4398 τὰ

421 4441 474 4494 vi
499 4441 551 4493 iu
602 4440 976 4495 ecclesiastico
1007 4448 1151 4494 coetu
1213 4440 1372 4495 facile
1416 4443 1714 4510 principem
1755 4441 1985 4510 (gradu:

2107 4435 2300 4504 πρῶτα
2355 4439 2589 4505 φέροντα
2647 4435 2747 4504 τῆς
2815 4437 3289 4508 ὲκκλησιαστικῆς
3359 4437 3661 4508 ὁμηγύρεως

419 4533 566 4586 enim
601 4543 654 4584 et
683 4532 896 4584 ordinis
927 4530 1010 4582 vel
1039 4532 1375 4584 mentionem
1430 4533 1690 4587 inducere
1729 4548 1828 4587 nos
1857 4534 1983 4586 haut

2103 4529 2195 4581 ἐπί
2233 4546 2290 4580 τε
2328 4527 2490 4599 σοφίᾳ
2526 4529 2621 4580 καὶ
2658 4527 2838 4596 λόγοις
2875 4529 3086 4594 αὐτοῖς,
3121 4531 3214 4583 τὸν
3262 4531 3372 4601 γὰρ
3417 4531 3509 4583 τοῦ
3551 4527 3661 4599 βαθ-

419 4633 662 4692 paratos,
683 4637 912 4692 prorsus
933 4637 1397 4691 supervacaneum
1423 4623 1610 4694 duco),
1643 4635 1699 4678 ut
1722 4623 1983 4691 quondan

2105 4620 2208 4689 μοῦ
2231 4622 2327 4673 καὶ
2360 4626 2458 4688 τῆς
2489 4620 2696 4684 τάξεως
2719 4621 2814 4672 καὶ
2845 4621 3152 4691 μνησθῆναι
3185 4623 3386 4693 κομιδῆ
3409 4620 3657 4692 περιττὸν,

421 4730 678 4782 magnum
715 4714 945 4768 Paulum
1001 4716 1223 4782 excitat,
1272 4734 1378 4770 non
1419 4731 1602 4786 pacem
1652 4717 1985 4770 solummodt

2105 4712 2362 4782 ἐξαίφνης
2393 4712 2466 4774 ὦς
2503 4729 2632 4766 ποτε
2667 4714 2758 4765 τὸν
2791 4715 2963 4782 μέγαν
2995 4715 3208 4768 Παῦλον
3241 4717 3540 4781 ἀνίστησιν,
3576 4711 3661 4762 οὐκ

421 4807 859 4870 denuntiantem,
897 4815 951 4858 et
986 4806 1196 4874 reliqua
1249 4809 1434 4860 omnia
1503 4807 1668 4869 bona,
1706 4820 1828 4873 quae
1881 4821 1985 4873 pOSl

2105 4806 2332 4873 εἰρήνην
2374 4803 2862 4873 εὐαγγελιζόμενον
2913 4807 3097 4876 μόνον,
3127 4807 3268 4860 ἀλλά
3298 4807 3392 4860 καὶ
3423 4805 3545 4858 ἄλλο
3567 4801 3660 4852 πᾶν

424 4897 572 4966 pacis
620 4897 888 4966 praeconia
949 4913 1014 4952 ex
1043 4900 1216 4953 sacris
1248 4897 1568 4967 ‘Scripturis
1605 4897 1838 4965 collegit,
1870 4897 1988 4950 dum

2102 4896 2330 4963 ἀγαθὸν,
2364 4898 2503 4966 ὅπερ
2538 4900 2602 4950 ἐκ
2643 4898 2751 4950 τῶν
2785 4898 2946 4952 θείων
2987 4899 3223 4969 Γραφῶν
3272 4901 3411 4968 μετά
3453 4897 3510 4949 τὸ
3542 4893 3657 4946 ταύ·

424 5005 532 5044 ιιοιι
571 4991 649 5044 ιιιί
682 4990 772 5044 alii
806 4989 961 5044 multi
993 4991 1046 5044 in
1075 4989 1220 5044 facto
1251 4990 1528 5053 substitit,
1575 5004 1750 5056 neque
1789 4997 1988 5042 tantum

2102 5005 2201 5056 την
2229 4986 2520 5039 ἐπαινέσαι
2548 4987 2853 5054 συνέλεξεν,
2893 4988 3015 5040 ἐπεὶ
3049 4989 3178 5058 μηδ’
3208 4988 3560 5056 ἐναπέμεινεν
3594 4979 3658 5038 ὡς

422 5082 479 5135 in
509 5097 572 5136 ea
600 5082 737 5135 bene
767 5082 1134 5152 promovenda
1153 5081 1448 5149 acquievit.
1477 5082 1568 5134 sed
1599 5080 1817 5133 curiosa
1843 5096 1986 5132 men-

2102 5080 2151 5131 οἱ
2185 5078 2370 5131 πολλοὶ
2408 5078 2486 5150 τῷ
2512 5080 2781 5147 γεγονότι,
2828 5079 2961 5150 μηδὲ
3003 5081 3195 5150 στῆναι
3239 5081 3405 5149 μέχρί
3459 5078 3552 5144 τῆς
3591 5073 3655 5123 οἶ-

425 5174 494 5229 tis
534 5175 1120 5244 indaginezsanctorum
1147 5172 1366 5226 Patrum
1387 5172 1587 5240 scripta
1613 5171 1989 5240 exponensrad

2103 5175 2359 5256 xovopiz‘;
2385 5172 2484 5236 τῆς
2507 5173 2600 5224 καὶ
2631 5173 2801 5243 αὐτῆς
2833 5173 3013 5236 καλῶς
3045 5173 3339 5243 προϐἀσης
3365 5170 3648 5240 ἠγάπησεν,

427 5266 684 5320 ulteriora
731 5265 878 5318 illius
914 5264 1200 5332 processit,
1236 5271 1290 5316 et
1321 5262 1479 5316 tinem
1503 5278 1693 5316 eorum
1727 5279 1848 5332 qua:
1873 5277 1991 5316 exa-

2101 5263 2236 5315 ἀλλά
2267 5266 2329 5332 τῇ
2360 5262 2452 5315 τοῦ
2489 5263 2606 5324 νοὸς
2641 5262 3146 5334 πολυπραγμοσύνῃ
3205 5264 3308 5326 τὰς
3352 5262 3458 5314 τῶν
3505 5256 3654 5323 ἁγίων

425 5357 776 5413 minabantur
830 5354 1268 5424 apprehendens,
1359 5353 1821 5424 complementum
1877 5352 1989 5423 paci

2103 5355 2362 5422 Πατέρων
2401 5353 2674 5424 ἐξηγήσας
2723 5357 2962 5425 γραφὰς,
3021 5356 3114 5408 ἐπὶ
3159 5356 3221 5408 τὸ
3257 5355 3420 5407 πλέον
3475 5348 3654 5410 ταύτης

426 5450 730 5505 secundum
792 5446 1070 5500 Christum
1123 5459 1251 5499 vere
1331 5443 1655 5514 sincereque
1720 5445 1990 5513 apposuit.

2101 5443 2274 5511 διέϐη,
2311 5443 2403 5495 καὶ
2433 5445 2494 5496 τὸ
2517 5444 2626 5496 τῶν
2653 5445 3004 5514 ζητουμένων
3038 5446 3194 5507 τέλος
3246 5438 3557 5497 καταλαϐὼν
3602 5431 3653 5483 τὸ

426 5542 583 5596 Hunc
615 5545 857 5594 adversa:
885 5537 1058 5606 partis
1093 5547 1278 5599 antea,
1320 5537 1436 5590 zelo
1465 5535 1534 5591 ad
1585 5541 1814 5591 honesta
1847 5551 1990 5604 qua:-

2103 5536 2382 5605 πλήρωμα
2432 5537 2530 5606 τῆς
2595 5539 2735 5589 κατὰ
2800 5539 3039 5606 Χριστὸν
3075 5539 3324 5608 εἰρήνης,
3358 5536 3428 5595 ὠς
3460 5524 3651 5596 ἀληθῶς

424 5651 530 5701 que
560 5647 783 5702 prorsus
815 5632 976 5697 bono,
1012 5641 1122 5683 tum
1151 5632 1315 5685 etiam
1342 5640 1811 5700 propugnatorem
1843 5629 1988 5698 agni-

2101 5631 2454 5702 διεπράξατο.
2506 5630 2710 5684 Τοῦτον
2762 5632 2854 5684 καὶ
2900 5633 3001 5700 τῆς
3034 5632 3288 5693 ἐναντίας
3349 5629 3530 5696 μοίρας
3557 5614 3649 5686 πρὸ

428 5734 562 5782 ιιιιιι,
595 5724 682 5790 qui
717 5721 971 5790 ιιι-ωιηιιξρι
1008 5719 1192 5774 omnia
1222 5729 1347 5775 ante
1403 5735 1566 5788 quam
1602 5720 1730 5772 liant
1783 5718 1992 5787 praidc-

2103 5723 2257 5775 τοῦδε
2320 5722 2398 5794 τῷ
2462 5725 2589 5793 περὶ
2643 5724 2709 5777 τά
2770 5725 2909 5778 καλὰ
2955 5723 3169 5783 πάντως
3223 5721 3368 5791 ζήλῳ
3410 5715 3496 5770 καὶ
3543 5713 3642 5761 tit-‘-
