3962 6452
353 490 477 554 ίθίί

1193 497 1287 557 DE
1330 497 1851 564 PROCESSIONE
1889 499 1949 564 S.
1996 498 2356 562 SPIRITUS
2386 500 2608 566 ORAT.
2648 498 2698 568 Ῐ.

3452 507 3585 570 1042

347 601 748 671 γνωριζόμενον
792 607 1094 676 πρόμαχον,
1152 608 1179 658 ὀ
1234 607 1497 680 προειδὼς
1558 608 1732 666 πάντα
1789 613 1919 683 πρὶν

2030 615 2352 690 terminavit,
2405 617 2458 669 in
2512 616 2800 687 prmsentia
2850 616 2928 672 uti
2989 618 3277 688 praesulem
3341 618 3587 682 addecet,

348 693 614 759 γενέσεως
663 694 840 749 αὑτῶν
889 699 1195 770 προώρισεν
1259 703 1662 772 ἀρχιερατικῶς
1721 706 1778 754 ἐν
1839 699 1916 774 τῷ

351 786 580 855 παρόντι
615 790 917 860 προστῆναι
943 794 1043 862 τῆς
1088 795 1419 866 Ἐκκλησίας
1458 793 1646 862 αὺτοῦ,
1673 798 1767 850 καὶ
1794 795 1917 851 δοῦ-

348 891 440 928 ναι
483 877 669 930 πίστιν
713 883 846 952 περὶ
893 884 1002 936 τῶν
1050 886 1429 958 προκειμένων
1478 889 1605 958 ύμῖν
1642 888 1700 956 ἐξ
1753 889 1920 960 ὕψους

351 966 809 1036 ἀποκαλυφθέντα
856 975 957 1042 τήν
990 991 1048 1028 τε
1100 976 1341 1030 διάνοιαν
1377 976 1469 1030 καὶ
1523 978 1580 1029 τ).
1617 977 1778 1047 βάθος
1814 978 1921 1030 τῶν

351 1055 517 1109 θείων
547 1058 800 1128 Γραφῶν,
836 1063 1082 1133 ἀρχηγοῦ
1110 1067 1388 1120 κάνταῦθα
1417 1067 1512 1121 τοῦ
1544 1069 1918 1138 κραταρχοῦν-

351 1161 444 1210 τος
477 1147 633 1218 ἡμῶν
661 1153 1122 1222 χρηματίσαντος,
1147 1157 1206 1220 ὃς
1228 1139 1455 1228 ’πρῶτος
1483 1162 1576 1212 καὶ
1603 1161 1762 1226 μόνος
1792 1159 1923 1212 ἐϐα-

353 1252 455 1290 πτε
509 1237 610 1307 μὶν
642 1241 879 1310 ἀρχῆθεν
916 1244 1017 1312 τῆς
1071 1246 1331 1316 ἀληθείας
1363 1248 1556 1310 αὐτὸς,
1587 1248 1662 1311 ὡς
1710 1251 1774 1302 ἐκ
1813 1249 1922 1300 τῶν

350 1326 584 1396 ὕστερον
644 1330 852 1385 τούτων
912 1334 1254 1406 ἐγνώκαμεν,
1315 1338 1548 1399 οἴκοθεν,
1617 1338 1820 1408 μᾶλλον
1865 1339 1922 1392 δὲ

349 1417 538 1472 θεόθεν
596 1426 967 1492 μαρμαρυγὰς
1025 1443 1175 1492 τινας
1211 1430 1494 1498 φωτισμοῦ
1543 1432 1671 1502 περὶ
1717 1430 1924 1500 ταύτης

354 1507 662 1578 δεχόμενος,
713 1513 813 1567 οὐκ
849 1509 965 1584 εἶχε
1009 1516 1065 1570 δὲ
1107 1521 1202 1571 καὶ
1235 1521 1349 1582 τοῖς
1388 1520 1569 1584 ἀλλοις
1610 1522 1791 1583 αὐτοῖς
1836 1522 1925 1574 ἐκ·

355 1599 565 1668 λάμψαι
618 1604 854 1670 τρανῶς,
889 1605 985 1658 ἅτε
1045 1607 1168 1677 μηδ’
1217 1609 1466 1680 εὐπορῶν
1495 1611 1633 1672 ὅλως
1663 1611 1756 1664 τοῦ
1797 1628 1925 1680 συγ-

358 1690 678 1759 κροτοῦντος
716 1695 809 1747 ἐπὶ
859 1695 1053 1767 τούτῳ,
1093 1700 1188 1752 καὶ
1232 1703 1634 1771 συναρήγοντος
1660 1718 1675 1734 ο
1731 1703 1924 1771 ἀμέλει

350 1797 436 1834 τοι
474 1785 569 1835 καὶ
601 1789 882 1855 γραφικάς
914 1789 1149 1857 ἀπορίας
1180 1793 1240 1843 ἐν
1277 1793 1351 1860 τῷ
1395 1794 1545 1862 μέσῳ
1595 1793 1922 1864 προτείνων,

349 1874 449 1925 καὶ
496 1875 596 1937 τὰς
633 1876 813 1930 αὐτῶν
866 1878 1048 1943 λύσεις
1111 1883 1376 1936 πάντοθεν
1436 1885 1920 1954 εἰσπραττόμενος,

347 1965 434 2018 ὅτι
494 1970 569 2037 μὴ
627 1967 719 2020 τὸν
772 1970 1030 2041 ίσχὺοντα
1093 1975 1452 2044 συμϐιϐάζειν
1507 1978 1596 2030 τὸν
1652 1975 1777 2030 νοῦν
1826 1973 1922 2030 τόῦ

349 2056 682 2124 γράμματος
708 2057 955 2130 εὕρισκε,
990 2061 1086 2114 τοῦ
1117 2065 1214 2133 μὲν
1254 2067 1396 2119 κατά
1427 2066 1628 2119 σκοπὸν
1661 2067 1794 2136 πρὸς
1837 2085 1923 2137 μι-

351 2148 483 2218 κρὸν
511 2150 860 2218 ἀνεκόπτετό,
900 2153 998 2222 τῆς
1033 2155 1090 2208 δὲ
1131 2155 1238 2208 τῶν
1291 2158 1528 2228 Γραφῶν
1569 2158 1797 2229 ἐρεύνης
1827 2159 1926 2213 οὐκ

351 2238 621 2306 ἀφίστατο
654 2241 857 2305 τέλεον,
885 2243 980 2297 τοῦ
1012 2245 1147 2298 Θεοῦ
1188 2248 1404 2309 πάντως
1451 2249 1613 2300 αὐτὸν
1642 2249 1722 2310 εἰς
1771 2247 1928 2302 τοῦτο

355 2329 845 2399 παραϐιϐάζοντος,
876 2335 960 2386 ἵνα
988 2339 1048 2388 τὸ
1077 2337 1282 2404 φέγγος
1304 2338 1401 2406 τῆς
1437 2338 1698 2408 ἀληθείας
1719 2330 1794 2393 ’ἐκ
1819 2339 1914 2394 τοῦ

355 2423 593 2493 συνεχῶς
622 2426 847 2490 ταύταις
881 2429 1292 2499 ἐνασχολεῖσθαι
1348 2432 1441 2483 καὶ
1473 2437 1585 2494 τοῖς
1639 2433 1746 2487 τῶν
1776 2437 1927 2487 ἀντι-

351 2515 622 2584 λεγόντων
648 2518 1035 2588 ἐναστράψειεν
1073 2519 1340 2590 ὀμμασιν,
1371 2523 1508 2592 ὅπερ
1539 2523 1676 2590 δῆτα
1705 2526 1797 2578 καὶ
1827 2527 1928 2578 οὐκ

351 2606 433 2668 είς
459 2607 676 2675 μακράν
708 2610 951 2677 γέγονεν.
1033 2609 1090 2664 Ὁ
1122 2611 1230 2682 γάρ
1263 2628 1344 2665 τοι
1376 2613 1469 2666 τὸν
1506 2614 1697 2684 πρώην
1724 2619 1930 2671 ἐκεῖνον

351 2694 516 2764 ζῆλον
545 2697 710 2760 πολὺς
742 2700 880 2766 μετὰ
915 2699 1087 2770 βραχὺ
1123 2702 1310 2756 θεόθεν
1338 2704 1433 2756 καὶ
1475 2707 1633 2768 αὐτὸς
1684 2711 1930 2774 ἐμπνευ-

353 2787 503 2850 σθεὶς
552 2788 650 2860 τὴν
676 2789 826 2844 θείαν
885 2792 1163 2861 ἐπιμελῶς
1234 2796 1646 2866 προτεθύμηται
1705 2801 1742 2852 Γ
1749 2801 1928 2871 ραφὴν

353 2879 610 2946 διελθεῖν,
663 2883 729 2953 ἢν
769 2883 986 2937 καὶτὸν
1033 2886 1235 2954 τρόπον
1263 2887 1452 2942 τοῦτον
1495 2890 1930 2962 ἐπισκεψάμενος

351 2971 624 3041 ἐπέστησε
650 2974 741 3025 τὸν
779 2975 904 3027 νοῦν
935 2975 1224 3047 πολλαχοῦ,
1253 2979 1348 3032 καὶ
1381 2983 1490 3044 τοῖς
1533 2981 1810 3052 λογισμοῖς
1833 2987 1932 3053 ἐμ-

352 3065 614 3130 ϐαθύνας,
659 3070 756 3137 τῆς
799 3086 858 3122 τε
899 3071 993 3124 τοῦ
1035 3073 1304 3142 δόγματος
1353 3076 1640 3146 ἀκριϐείας
1689 3078 1926 3145 ἐφίκετο,

353 3159 451 3212 καὶ
479 3163 590 3222 τοῖς
631 3162 798 3214 πᾶσιν
823 3164 902 3226 εἰς
935 3165 1244 3234 τούμφανὲς
1279 3170 1377 3237 τὴν
1411 3169 1518 3221 τῶν
1549 3170 1758 3235 ἀδήλων
1787 3170 1930 3238 γνῶ-

2025 703 2276 760 Eeclesiae
2307 722 2420 761 suae
2444 709 2727 771 antistare,
2767 717 2819 762 et
2858 709 2925 762 de
2956 709 3252 779 propositis
3290 709 3472 771 nobis,
3522 725 3600 790 et;

2021 796 2130 851 alto
2152 807 2206 854 et
2234 801 2534 853 sententias
2565 810 2618 854 et
2648 801 2951 856 divinarum
2989 803 3398 872 Scripturarum
3446 816 3579 872 pro-

2024 887 2185 941 funda
2215 891 2466 943 edoctum
2506 891 2662 944 tidem
2699 890 2900 958 facere,
2946 893 2998 945 in
3033 893 3121 947 his
3153 908 3369 962 quoque
3402 904 3591 945 nostro

2024 980 2350 1048 imperatore
2373 983 2667 1050 principem
2698 984 2880 1037 locum
2905 993 3228 1053 occupante,
3255 985 3346 1052 qui
3381 985 3592 1052 primus

2023 1074 2278 1141 solusque
2327 1089 2354 1126 a
2414 1074 2683 1143 principio
2737 1089 2847 1128 non
2883 1088 3033 1130 extra
3103 1077 3347 1130 veritatis
3393 1076 3593 1129 limites

2024 1165 2324 1228 incedebat,
2359 1165 2436 1218 uti
2463 1181 2525 1218 ex
2562 1167 2627 1218 iis
2651 1180 2773 1233 quae
2796 1178 2981 1221 secuta
3008 1177 3156 1228 sunt,
3186 1168 3499 1228 didicimus,
3531 1167 3597 1219 de

2026 1255 2281 1324 prepriis,
2307 1256 2417 1310 imo
2448 1271 2513 1310 ex
2575 1257 2810 1312 Numine
2852 1259 3035 1311 radios
3095 1261 3360 1328 quosdam
3395 1257 3598 1310 illumi-

2026 1347 2265 1401 nationis
2291 1362 2389 1416 pro
2411 1348 2515 1402 hac
2545 1348 2660 1415 ipsa
2697 1350 2998 1418 accipiens,
3036 1350 3161 1404 licet
3190 1351 3312 1404 aliis
3344 1349 3600 1418 praaclare

2027 1439 2207 1492 lumen
2230 1438 2425 1492 addere
2471 1453 2577 1492 non
2606 1447 2812 1507 posset,
2865 1447 3124 1508 tanquam
3157 1439 3248 1508 qui
3282 1438 3338 1492 in
3373 1440 3476 1492 hoc
3506 1452 3604 1490 ne-

2027 1531 2192 1599 gotio,
2221 1529 2317 1599 qui
2372 1529 2476 1584 sibi
2499 1545 2658 1598 opem
2705 1531 3022 1600 auxiliaque
3079 1532 3332 1593 deferret,
3393 1529 3596 1583 nullum

2026 1622 2261 1676 habebat
2292 1640 2308 1676 :
2340 1621 2532 1677 sedulo
2566 1633 2745 1677 tamen
2781 1637 2848 1676 ex
2885 1622 3107 1691 scriptis
3146 1622 3341 1691 petitas
3363 1621 3594 1674 dillicnl-

2025 1720 2164 1767 tates
2181 1727 2486 1780 preponens
2502 1713 2558 1766 in
2581 1711 3411 1780 medio,jearumquejsolutiones
3431 1711 3598 1764 unde-

2028 1818 2244 1873 quaque
2292 1801 2644 1873 conquirens,
2692 1818 2815 1857 cum
2846 1803 2942 1872 qui
2994 1801 3321 1856 sententiain
3392 1802 3598 1869 scripto

2029 1893 2308 1962 adaptaret
2341 1908 2448 1947 non
2497 1893 2850 1962 reperiretur,
2892 1908 2922 1948 a
2955 1893 3235 1962 proposito
3284 1893 3386 1947 sibi
3438 1908 3602 1961 scopo

2031 1982 2317 2037 minimum
2352 1981 2694 2048 deﬂectebat,
2728 1983 2819 2037 sed
2851 1998 2884 2036 a
2937 1965 3349 2051 Scripturarum
3381 1980 3605 2033 investi-

2027 2076 2246 2142 gatione
2293 2087 2404 2126 non
2460 2072 2769 2136 recedebat,
2817 2070 2931 2126 Deo
2966 2086 3194 2142 prorsus
3243 2071 3422 2140 ipsum
3467 2071 3605 2124 inid

2028 2175 2408 2237 promovente,
2445 2174 2504 2220 ut
2525 2165 2773 2222 veritatis
2807 2165 2994 2220 lumen
3019 2181 3083 2220 ex
3125 2164 3391 2220 continua
3417 2179 3604 2220 earum

2033 2259 2392 2328 inquisitione
2447 2260 2950 2314 contradicentium
2999 2258 3193 2315 oculos
3251 2256 3604 2315 illuminaret.

2028 2353 2173 2420 quod
2203 2351 2414 2405 tandem
2453 2365 2556 2405 nec
2610 2351 2782 2404 multo
2812 2360 2936 2421 post
2988 2351 3192 2405 exitum
3240 2348 3448 2404 hahuit.
3504 2345 3606 2413 Qui

2030 2456 2265 2511 namque
2310 2441 2485 2511 primo
2535 2440 2633 2496 illo
2655 2441 2776 2497 zelo
2826 2441 3220 2503 invalescebat,
3280 2440 3443 2508 paulo
3479 2449 3601 2508 post

2030 2532 2146 2603 ipse
2204 2548 2424 2602 quoque
2476 2530 2713 2588 Numine
2741 2531 2979 2597 afﬂatus,
3031 2532 3271 2587 divinam
3321 2532 3609 2599 diligenter

2032 2623 2368 2694 Scripturam
2399 2637 2718 2694 percurrere
2750 2624 2853 2678 sibi
2896 2623 2950 2677 in
2982 2624 3168 2676 animo
3215 2623 3415 2691 posuit,
3444 2633 3607 2690 quam

2031 2729 2085 2767 et
2119 2715 2221 2768 hac
2245 2715 2460 2768 ratione
2503 2714 2799 2778 meditans,
2856 2713 3043 2768 multis
3103 2713 3155 2764 in
3191 2713 3326 2767 locis
3358 2712 3604 2765 animum

2035 2807 2171 2870 lixit,
2205 2816 2259 2860 et
2277 2805 2812 2860 considerationibus
2834 2804 3103 2873 profunda
3141 2805 3455 2874 expiscans.
3512 2819 3611 2858 aee

2034 2903 2278 2950 curatam
2315 2893 2580 2963 dogmatis
2643 2893 2921 2947 notitiam.
2951 2893 3165 2958 habuit,
3192 2903 3246 2948 et
3267 2894 3525 2948 omnibus
3554 2893 3610 2946 in

2034 2995 2276 3055 apertum
2342 2985 2486 3038 haud
2517 2984 2590 3038 ita
2636 2999 2816 3038 rerum
2867 2984 3167 3054 patentium
3236 2984 3607 3053 cognitionem

2034 3073 2478 3134 communicavit,
2510 3074 2686 3127 zelum
2748 3075 2803 3126 in
2829 3075 3109 3127 contraria
3175 3086 3522 3138 convertens,
3555 3081 3608 3126 et

2034 3181 2112 3221 eo.
2143 3166 2486 3219 fervidiorem
2539 3166 2624 3217 hic
2682 3180 2845 3234 quam
2913 3165 2984 3219 ibi
3037 3173 3385 3230 consecutus,
3421 3179 3530 3234 quo
3555 3173 3610 3218 et

355 3269 444 3306 σιν
475 3254 830 3325 κατέστησεν,
860 3257 952 3312 τὸν
983 3259 1146 3328 ζῆλον
1182 3261 1410 3324 δεόντως
1455 3263 1587 3331 πρὸς
1621 3265 1930 3316 τούναντίον

2035 3259 2194 3327 longe
2243 3257 2479 3311 maxima
2531 3272 2595 3310 ex
2629 3257 2850 3325 scriptis
2883 3241 3215 3310 testimoniis
3278 3256 3609 3310 eertitudine

355 3344 701 3413 μεταϐαλὼν,
737 3349 832 3401 καὶ
868 3351 1200 3420 θερμότερον
1252 3354 1487 3407 ἐνταῦθα
1541 3355 1727 3407 τοῦτον
1778 3356 1928 3425 ἥπερ

350 3440 534 3490 ἐκεῖσε
566 3441 930 3511 κτησάμενος,
961 3444 1086 3497 ὅσον
1127 3448 1222 3499 καὶ
1263 3448 1527 3516 μεγίστην
1561 3449 1624 3499 ἐκ
1655 3448 1766 3500 τῶν
1790 3464 1929 3518 γρα-

353 3528 533 3597 φικῶν
583 3533 900 3602 μαρτυριῶν
929 3534 1029 3604 τὴν
1061 3537 1432 3608 πληροφορίαν
1461 3539 1783 3609 ἐπλούτησε,
1821 3542 1930 3594 Καὶ

352 3618 450 3671 νῦν
476 3619 588 3671 τῶν
642 3621 878 3690 λογικῶν
912 3627 1148 3695 Χριστοῦ
1191 3631 1479 3699 προϐάτων
1515 3631 1720 3701 ποιμὴν
1763 3649 1929 3701 γεγο-

354 3709 482 3779 νὼς,
535 3713 855 3780 διδάσκαλος
907 3718 1005 3788 τῆς
1051 3719 1309 3789 ἀληθείας
1339 3725 1471 3792 ἡμῖν
1527 3723 1926 3780 ἀναδείκνυται.

350 3805 434 3858 Δι’
467 3799 531 3859 οὗ
567 3809 654 3860 καὶ
689 3809 828 3878 πρὸς
859 3809 1087 3879 ζήτησιν
1135 3813 1240 3866 τῶν
1301 3816 1460 3885 ἱερῶν
1491 3815 1688 3884 λογίων
1723 3818 1930 3881 πάντας

349 3895 479 3957 τοὺς
501 3895 778 3968 ὀλιγώρως
800 3900 982 3953 αὐτῶν
1001 3903 1060 3954 τὸ
1088 3903 1354 3974 πρότερον
1381 3905 1603 3974 ἔχοντας
1632 3905 1926 3978 διεγείρας,

350 3991 380 4040 ὀ
409 3990 581 4042 ποιῶν
617 3994 794 4046 πάντα
823 3995 917 4046 καὶ
950 3995 1373 4064 μετασκευάζων
1397 3997 1526 4060 Θεός
1562 4001 1703 4070 πλὴν
1733 3999 1930 4068 ὀλίγων

350 4081 537 4147 τινῶν,
571 4084 758 4154 ἐπειδὴ
790 4087 885 4141 καὶ
940 4089 1037 4153 τῆς
1089 4089 1287 4152 κακίας
1337 4094 1519 4159 μεῖναι
1558 4093 1929 4163 κατάλειμμα,

351 4173 448 4224 καὶ
481 4173 539 4224 ἐν
579 4172 658 4243 τῷ
697 4176 924 4245 παρόντι
957 4178 1019 4230 τὸ
1072 4180 1179 4233 πᾶν
1207 4181 1304 4252 τῆς
1343 4183 1523 4251 ίσχύος
1576 4184 1714 4256 αὐτῇ
1748 4187 1930 4240 πᾶσαν

351 4264 712 4320 θεόπνευστον
750 4269 990 4340 Γραφὴν,
1044 4271 1142 4342 τὴν
1179 4274 1234 4333 ἐς
1274 4273 1435 4340 δεῦρο
1495 4276 1628 4345 μηδὲ
1668 4293 1932 4344 γινωσκο·

355 4361 526 4430 μένην
556 4361 789 4426 πολλοῖς,
832 4363 880 4416 εἰ
915 4365 988 4434 μὴ
1016 4365 1082 4418 τά
1121 4366 1292 4419 πλείω
1329 4366 1533 4439 ταύτης
1565 4369 1764 4423 εἰδέναι
1795 4372 1928 4444 φαίη

349 4470 434 4515 τις
477 4453 534 4520 ἐξ
579 4453 865 4523 ὀνόματος,
900 4457 980 4519 είς
1007 4457 1066 4510 τδ
1103 4457 1267 4527 μέσον
1303 4458 1616 4529 παρήγαγε,
1659 4463 1754 4515 καὶ
1790 4465 1931 4533 παρ-

349 4545 548 4615 ῥησίας
585 4546 788 4616 ταύτην
825 4549 1122 4603 ἀπολαύειν
1169 4551 1425 4621 ἠξίωσεν.
1470 4551 1558 4618 ἘΞ
1615 4547 1683 4625 ἦς
1728 4555 1761 4625 ἡ
1816 4555 1928 4608 τῶν

363 4638 652 4708 Ῥωμαίων
707 4637 1022 4710 Ἐκκλησία,
1048 4641 1209 4710 βαϐαὶ
1236 4643 1342 4696 τῶν
1391 4642 1613 4712 ἀφάτων
1644 4645 1736 4698 τοῦ
1793 4645 1929 4698 Θεοῦ

350 4729 571 4798 δωρεῶι
599 4731 612 4783 l
647 4730 947 4800 διεγνώσθη
979 4732 1301 4800 πρεσϐεύειν
1326 4734 1523 4804 ὀρθῶς,
1548 4737 1640 4789 καὶ
1668 4736 1809 4790 κατά
1837 4737 1930 4790 τὸν

348 4818 475 4873 νοῦν
502 4820 612 4873 τῶν
664 4820 838 4889 ἁγίων
894 4821 1152 4890 Πατέρων
1200 4828 1437 4893 φρονεῖν.
1476 4827 1669 4881 Ἔνθεν
1697 4845 1778 4882 τοι
1835 4829 1930 4881 καὶ⁹

348 4913 505 4964 πάσα
539 4913 834 4966 σκανδάλου
866 4914 1142 4984 πρόφασις
1188 4916 1322 4983 ἡμῖν
1356 4917 1711 4989 περιῄρηται,
1752 4921 1925 4976 καθά·
1965 4939 1967 4941 ‘

349 5019 458 5074 περ
490 5005 634 5068 ίστὸς
665 5006 907 5077 ἀράχνης
931 5006 1265 5073 διαλυθεῖσα,
1291 5009 1386 5061 καὶ
1412 5011 1490 5073 εἰς
1520 5011 1580 5063 τὸ
1606 5013 1775 5082 μηδὲν
1798 5030 1930 5066 κατ-

349 5099 657 5168 αντήσασα.
720 5100 801 5152 Τὰ
825 5099 882 5150 δὲ
911 5100 1009 5168 τῆς
1040 5101 1260 5171 εἰρήνης
1295 5102 1583 5172 περιπολεῖ
1607 5103 1924 5173 προφανῶς,

352 5190 626 5260 μηδεμίαν
682 5191 938 5263 ἀφορμὴν
985 5192 1194 5246 διδόντα
1247 5193 1581 5257 διαστάσεως
1634 5195 1926 5265 πρόξενον·

347 5277 582 5350 ἐπείπερ
627 5277 718 5342 οὓς
760 5283 1272 5352 ἐναντιογνωμονεῖν
1316 5284 1445 5353 ὑμῖν
1481 5285 1622 5338 κατὰ
1656 5284 1718 5338 τδ
1765 5284 1931 5348 σέϐας

348 5369 484 5440 πρὶν
524 5371 920 5436 ὑποπτεύοντες
957 5373 1032 5437 ὡς
1073 5374 1301 5450 ἐχθροὺς
1338 5377 1634 5441 ἀσπόνδους
1678 5374 1933 5430 ἀπεσειό-

350 5461 515 5529 μεθα,
545 5464 772 5527 τούτους
809 5465 1011 5537 ἀρτίως
1041 5467 1333 5535 ὁμοδόξους
1358 5463 1497 5522 εἶναι
1529 5468 1932 5541 κατανενοηκό-

348 5572 462 5622 τες,
515 5559 604 5611 ναὶ
637 5559 746 5628 γάρ
787 5559 1075 5629 ὁμοδόξους
1114 5563 1247 5634 ἡμῖν
1292 5563 1420 5626 τοὺς
1465 5563 1564 5633 τῆς
1606 5565 1931 5638 Ἐκκλησίας

346 5645 460 5700 τῶν
493 5647 781 5720 Ῥωμαίων
813 5650 982 5715 καλῶ,
1013 5653 1108 5714 καὶ
1137 5652 1319 5709 καλῶν
1341 5653 1595 5709 οὐδέποτε
1627 5657 1930 5730 παύσομαι,

348 5741 401 5792 εί
433 5739 526 5793 καί
558 5758 702 5805 τινες
735 5741 766 5814 ἢ
811 5744 978 5814 κακία
1023 5746 1386 5816 στοιχοῦντες,
1412 5747 1445 5816 ἢ
1475 5749 1568 5802 καὶ
1611 5749 1806 5821 ἀγνοίᾳ
1831 5769 1930 5806 κα-

351 5833 724 5902 θνπαγόμενοι
752 5835 1172 5908 διαρῤήγυνται,
1204 5840 1511 5911 στέργομεν
1539 5842 1615 5906 ὡς
1643 5841 1927 5912 ἀδελφοὺς,

352 5922 448 6006 καί
486 5921 731 5996 καθάπερ
782 5927 963 5980 οίκεῖα
997 5929 1132 6003 μέλη
1170 5927 1363 5998 πρῶτά
1402 5945 1458 5982 τε
1486 5931 1581 5984 καὶ
1626 5927 1930 6003 τιμιώτερα

2031 3351 2318 3404 ditaretur.
2345 3348 2568 3403 Etnunc
2594 3349 2803 3403 ratione
2829 3347 3180 3418 praeditarum
3202 3346 3404 3401 Christi
3426 3347 3608 3401 ovium

2031 3451 2218 3512 pastor
2246 3440 2494 3504 effertus,
2534 3440 2776 3494 veritatis
2811 3439 3255 3510 magister‘nohis
3292 3439 3611 3502 innotescit,

2032 3549 2128 3605 per
2155 3549 2316 3602 quem
2347 3541 2400 3586 et
2430 3533 2496 3585 ad
2533 3546 2818 3586 sacrorum
2847 3530 3204 3601 Eloqutorum
3235 3530 3612 3600 investigatio-

2031 3639 2155 3678 nem
2184 3638 2374 3678 omnes
2399 3661 2414 3687 ,
2443 3623 2532 3691 qui
2580 3623 2686 3677 illis
2742 3622 3120 3677 examinandis
3185 3637 3245 3676 se
3277 3621 3613 3692 negligenter

2033 3716 2342 3777 tradebant,
2375 3713 2646 3778 excitans,
2680 3713 2772 3783 qui
2806 3713 2934 3768 facit
2959 3715 3144 3767 omnia
3174 3721 3229 3767 et
3276 3720 3612 3768 transmutat

2032 3806 2196 3869 Deus,
2243 3806 2431 3875 paucis
2460 3807 2784 3875 quibusdam
2829 3807 3093 3874 exceptis,
3127 3807 3349 3875 quando
3402 3813 3456 3859 et
3505 3806 3612 3860 im-

2031 3901 2320 3970 probitatis
2352 3899 2607 3970 reliquias
2632 3914 2951 3968 permanere
2975 3906 3242 3969 Oporteat,
3275 3907 3328 3951 et
3355 3899 3606 3966 praesenti

2035 3995 2138 4048 hoc
2169 4001 2412 4062 tempore
2451 3994 2558 4046 vim
2593 3994 2740 4048 illius
2769 4008 2988 4046 omnem
3017 3991 3364 4061 adaperiens,
3390 3989 3614 4046 univer-

2033 4101 2148 4139 sam
2182 4085 2444 4138 divinitus
2467 4087 2784 4153 lnspiratam
2814 4084 3157 4153 Scripturam
3185 4084 3249 4137 ad
3286 4083 3400 4138 haec
3435 4099 3610 4152 usque

2033 4187 2275 4245 tempora
2334 4171 2518 4232 multis
2575 4192 2685 4230 non
2717 4178 2978 4246 agnitam,
3045 4177 3097 4231 ni
3136 4177 3283 4230 illius
3344 4176 3608 4246 pleraque

2031 4271 2302 4338 quispiam
2333 4268 2474 4322 scire
2500 4268 2720 4323 nomine
2751 4277 2911 4322 tenus
2947 4267 3381 4337 praesumpserit,
3413 4267 3467 4320 in
3495 4281 3607 4320 me-

2032 4359 2182 4414 dium
2215 4359 2463 4424 adduxit,
2489 4357 2747 4428 fecitque,
2777 4369 2836 4413 ut
2869 4360 2958 4414 illa
2988 4359 3324 4414 confidenter
3352 4367 3406 4412 et
3438 4359 3608 4414 libere
3643 4393 3656 4399 -

2033 4451 2174 4506 inter
2198 4451 2447 4506 homines
2479 4459 2806 4506 versaretur.
2844 4451 2964 4516 Qua
3021 4451 3270 4505 Romana
3331 4449 3601 4515 Ecclesia,

2032 4543 2654 4614 papaainenarrabilium
2695 4543 2788 4598 Dei
2821 4543 3091 4598 donorum
3125 4544 3138 4597 ί
3193 4552 3343 4597 recte
3383 4541 3610 4604 sentire,
3657 4599 3664 4604 ,

2034 4643 2092 4690 et
2114 4636 2181 4690 ad
2206 4643 2442 4692 mentem
2473 4647 2781 4692 sanctorum
2813 4634 3035 4690 Patrum
3103 4636 3396 4691 decernere
3417 4633 3640 4703 dijudL,

2033 4735 2153 4781 cata
2183 4737 2267 4781 est
2301 4744 2316 4781 :
2352 4727 2589 4798 indeque
2622 4729 2786 4783 totius
2811 4728 3054 4784 scandali
3081 4727 3299 4782 occasio
3323 4769 3338 4793 ,
3371 4725 3449 4780 uti
3491 4740 3614 4779 ara-

2032 4835 2149 4875 neas
2199 4821 2303 4875 tela
2335 4821 2602 4876 dissoluta
2633 4830 2687 4875 et
2719 4821 2786 4874 ad
2818 4820 3051 4874 nihilum
3086 4820 3315 4875 deducta
3345 4857 3360 4882 ,
3395 4819 3609 4874 sublata

2032 4921 2136 4977 est,
2171 4923 2226 4969 et
2249 4929 2356 4984 pax
2388 4923 2592 4983 aperte
2639 4913 3183 4984 familiarissimeque
3233 4911 3608 4982 congreditur,

2031 5008 2236 5062 nullam
2289 5007 2552 5062 exhibens
2595 5021 2840 5070 causam,
2898 5021 3019 5075 quae
3068 5003 3352 5060 dissidium
3394 5002 3606 5064 all‘erat.

2033 5113 2160 5153 cum
2192 5113 2328 5165 quos
2357 5099 2462 5151 alia
2504 5108 2668 5165 atque
2706 5113 2809 5151 nos
2840 5097 2983 5152 circa
3002 5097 3210 5150 cultum
3241 5106 3423 5150 tenere
3451 5103 3609 5148 antea

2032 5190 2318 5260 suspicati,
2370 5190 2528 5259 quasi
2601 5190 2784 5245 hostes
2839 5189 3324 5244 irreconciliabiles
3367 5204 3401 5243 a
3457 5188 3616 5241 nobis
3640 5228 3658 5233 ..

2032 5281 2454 5350 repellebamus,
2510 5296 2606 5335 eos
2655 5296 2800 5334 nunc
2834 5281 3078 5349 ejusdem
3137 5281 3461 5337 cumnobis
3490 5295 3614 5334 esse

2033 5373 2317 5430 sententia:
2347 5382 2729 5443 agnoscentes,
2765 5374 2845 5428 sic
2877 5373 3020 5426 enim
3060 5371 3321 5430 Romanae
3353 5372 3612 5428 Ecclesia:

2035 5465 2276 5525 asseclas
2331 5479 2617 5533 nuncupo,
2669 5475 2723 5520 et
2751 5479 2965 5533 semper
3000 5465 3052 5516 in
3079 5471 3356 5537 posterum
3390 5478 3614 5518 nuncu-

2031 5557 2197 5633 pandi
2241 5557 2448 5612 nullum
2483 5560 2642 5616 line-ui
2674 5557 2893 5619 faciam,
2953 5556 3077 5608 licet.
3109 5554 3354 5612 norinulli
3381 5565 3476 5609 aut
3506 5557 3610 5609 im-

2034 5651 2320 5724 probitati,
2347 5652 2572 5716 addicti.
2605 5661 2698 5708 aut
2757 5649 3061 5721 ignorantia
3093 5650 3362 5713 distracti,
3401 5649 3608 5702 dirum—

2034 5757 2256 5814 pantur,
2317 5745 2395 5798 uti
2447 5742 2643 5798 fratres
2703 5743 2999 5813 diligimus,
3056 5752 3110 5796 et
3157 5743 3318 5795 veluti
3389 5743 3609 5812 propria

2034 5845 2276 5895 membra
2306 5838 2502 5902 prima,
2529 5845 2582 5890 et
2621 5835 2742 5896 aliis
2803 5837 3157 5890 lionoratiora
3195 5835 3606 5904 amplectimur,

2035 5944 2228 6003 parum
2256 5937 2512 5987 curantes
2566 5928 2632 5985 de
2668 5927 2756 5994 iis,
2781 5927 2873 5999 qtti
2901 5942 2966 5984 cx
3005 5926 3238 5999 propriis
3259 5927 3327 5982 de
3354 5927 3604 5997 dogmate
