3962 6400
243 437 384 505 1049

1092 450 1189 525 DE
1228 451 1746 511 PROCESSIUNE
1789 452 1846 509 S.
1895 452 2257 512 SPlHlTUS
2296 453 2521 514 ORAT.
2567 455 2593 512 Ι

3357 444 3487 508 1050

239 555 338 607 καὶ
396 557 534 626 πρὸς
589 558 828 629 παντελῆ
871 559 962 613 τὸν
989 559 1298 631 ἀφανισμὸν
1349 562 1445 614 καὶ
1496 561 1596 628 τὴν
1648 559 1820 625 ὲξολό-
1847 591 1860 618 λ

1951 562 2300 618 μεῖνεηίεεεηι
2331 563 2396 617 ad
2434 564 2699 633 integram
2725 563 3084 633 perditionem
3121 571 3284 630 atque
3327 561 3494 614 inter-

245 646 494 717 θρευσιν,
536 649 790 720 καθάπερ
820 651 1066 712 εἰπόντες
1099 651 1344 725 ἔφθημεν
1384 653 1612 716 ἀνωθεν,
1659 654 1706 705 εί
1743 653 1820 722 μὴ

247 737 454 808 Κύριος
484 739 733 808 ἐναργῶς
763 741 919 812 ἡμῶν
949 741 1298 809 ἀντελάϐετο,
1330 743 1424 795 καὶ
1451 743 1546 795 νῦν
1586 742 1644 796 δὲ
1675 742 1820 810 μετὰ

243 829 348 898 τὴν
396 831 496 898 τῆς
547 830 806 900 ἀληθείας
847 831 1104 904 εὕρεσιν,
1146 835 1242 888 καὶ
1283 834 1608 904 κατάληψιν,
1651 834 1719 905 ἢν
1760 834 1823 886 τὸ

246 917 477 988 Πνεῦμα
519 918 582 972 τὸ
621 920 779 988 ἅγιον
816 924 1145 995 ἐχορήγησε,
1193 923 1300 979 τῶν
1346 926 1634 995 ἡμετέρων
1680 923 1822 985 τινὲς

245 1009 351 1080 τῆς
382 1011 656 1084 προτέρας
686 1010 913 1084 γνώμης
945 1017 1040 1068 καὶ
1073 1011 1140 1069 αὖ
1170 1017 1545 1086 ἀντεχόμενοι,
1579 1019 1823 1086 βλασφη-

253 1101 388 1170 μίαν
411 1102 524 1165 τοῖς
553 1104 618 1155 ἐκ
665 1104 763 1171 τῆς
799 1104 910 1157 τῶν
977 1105 1268 1176 Ῥωμαίων
1304 1107 1631 1174 Ἐκκλησίας
1659 1109 1826 1175 ὲπεγ·

251 1191 500 1254 καλοῦσι,
537 1195 618 1246 ὅτι
651 1195 758 1248 κάκ
785 1196 880 1248 τοῦ
910 1196 1038 1250 Υίοῦ
1068 1199 1128 1251 τὸ
1155 1198 1380 1270 Πνεῦμα
1410 1199 1823 1270 πρεσϐεύουσιν,

252 1287 350 1338 καί⁸
388 1285 479 1338 τὸν
515 1286 659 1339 κατά
684 1286 815 1341 Θεὸν
847 1288 1004 1358 ἡμῶν
1031 1290 1342 1344 ἑνωθέντων
1375 1298 1588 1354 τούτοις
1639 1289 1826 1353 κακῶς

252 1376 660 1445 άποσχίξονται,
715 1378 1010 1432 σκάνδαλον
1059 1381 1137 1442 ὡς
1185 1382 1392 1436 ἐπίπαν
1437 1383 1531 1434 καὶ
1583 1381 1827 1454 ταραχὴν

249 1467 642 1538 οἰκουμενικὴν
673 1470 978 1540 ἐμποιῆσαι
1023 1472 1436 1537 σπουδάζοντες.
1472 1473 1691 1544 Γυμνῆς
1720 1475 1828 1545 γὰρ

258 1559 411 1623 ἅπαξ
435 1563 532 1628 τῆς
565 1560 678 1613 ἄνω
711 1561 973 1633 ῥηθείσης
1007 1564 1371 1634 εύαγγελικῆς
1401 1565 1693 1635 λαϐόμενοι
1734 1565 1827 1618 τοῦ

257 1650 511 1720 Σωτῆρος
534 1653 744 1722 φωνῆς,
779 1655 1004 1724 ἀμέσως
1037 1657 1100 1708 ἐκ
1133 1655 1228 1709 τοῦ
1269 1657 1480 1727 Πατρδς
1519 1658 1578 1710 τὸ
1606 1656 1831 1725 Πνεῦμα

254 1743 511 1812 λέγουσιν
538 1745 956 1814 ἐκπορεύεσθαι,
1002 1749 1142 1818 μήτε
1181 1736 1250 1818 τῇ
1290 1750 1393 1819 πρὸ
1430 1751 1636 1821 ταύτης
1682 1751 1830 1820 πάσῃ

259 1837 537 1904 περικοπῇ
568 1836 659 1889 τὸν
696 1836 819 1890 νοῦν
847 1838 1256 1906 ὲιριστάνοντες,
1299 1840 1367 1892 δι’
1413 1836 1480 1910 ἧς
1509 1843 1624 1903 τοῖς
1659 1856 1834 1909 προσ-

1925 654 2232 718 necionem,
2289 661 2348 708 ut
2417 670 2580 724 supra
2630 654 3200 717 commemoravimus,
3250 653 3309 705 .ni
3351 651 3493 705 Deus

1925 746 2068 800 clare
2105 745 2262 800 nobis
2307 746 2584 814 snppetias
2613 746 2847 800 tulisset.
2899 743 2963 798 Et
2999 753 3126 798 tunc
3152 743 3316 797 etiam
3370 748 3495 810 post

1925 846 2191 906 repertam
2217 836 2719 904 deprehensamque
2755 835 3064 896 veritatem,
3101 847 3265 901 quam
3314 830 3494 899 Spiri—

1926 935 2014 982 tus
2048 936 2273 982 sauctus
2301 927 2560 996 elargitus
2593 936 2695 990 est,
2729 941 2794 980 ex
2828 926 3031 980 nostris
3056 923 3300 977 nonnulli
3341 921 3493 990 prio-

1926 1035 2049 1075 rum
2074 1019 2398 1074 sententiam
2448 1027 2871 1088 prepugnantes,
2933 1016 3191 1070 Romanae
3241 1014 3498 1068 Ecclesia:

1927 1112 2150 1166 asseclis
2183 1099 2535 1180 blasphemia:
2560 1113 2769 1164 crimen
2801 1109 3049 1170 inurunt,
3084 1107 3227 1176 quod
3261 1121 3327 1160 ex
3360 1103 3500 1157 Filio

1927 1202 2186 1272 Spiritum
2210 1211 2487 1266 asserunt,
2519 1211 2618 1257 eta
2645 1201 2824 1265 nobis,
2856 1199 2948 1269 qui
2983 1199 3280 1253 secundum
3331 1195 3496 1250 Deum

1928 1294 2036 1349 illis
2068 1294 2420 1357 adhaesimus,
2451 1294 2591 1348 male
2619 1292 3009 1350 dissociantur,
3031 1298 3085 1342 et
3111 1287 3426 1341 scandalum
3446 1293 3502 1338 et

1933 1385 2122 1440 turbas
2179 1385 2515 1439 universales
2573 1385 2896 1453 ingenerare
2937 1379 3294 1434 contendunt.
3347 1375 3500 1429 Nuda

1932 1475 2224 1546 siquidem,
2256 1492 2420 1546 quam
2452 1491 2616 1544 supra
2671 1475 2985 1544 posuimus,
3032 1470 3342 1538 evangelica
3378 1465 3504 1520 Sal-

1933 1569 2140 1622 vatoris
2174 1583 2305 1622 voce
2344 1568 2710 1638 apprehensa,
2748 1565 3064 1620 immediate
3088 1579 3151 1616 ex
3184 1559 3343 1614 Patre
3377 1557 3506 1627 Spi-

1933 1661 2099 1714 ritum
2127 1660 2314 1713 dicunt
2345 1658 2660 1727 procedere,
2696 1673 2870 1726 neque
2891 1656 2958 1711 ad
3011 1656 3322 1716 universam
3365 1666 3506 1719 pra:-

1934 1751 2217 1807 ccdentem
2252 1751 2561 1818 pericopem
2613 1749 2855 1802 animum
2885 1748 3252 1809 advertentes,
3289 1758 3397 1814 qua
3421 1742 3506 1797 vel

1938 1842 2436 1914 quomodocunque
2484 1840 2890 1896 altendentibus
2941 1855 3049 1892 non
3102 1847 3258 1892 extra
3307 1835 3504 1890 Filium

259 1926 477 1997 έχουσιν
509 1930 758 1982 ὁπωσοῦν
816 1931 919 1983 οὐκ
956 1931 1111 1993 ἐκτὸς
1157 1931 1427 2003 ὑπάρχειν
1466 1931 1561 1984 τοῦ
1598 1930 1730 1984 Υἱοῦ
1771 1931 1831 1982 τὸ

1951 1939 2179 2008 Spiritus
2201 1936 2576 1992 exsistentiam
2611 1949 2735 1990 esse
2783 1931 3248 2000 deprehenditur;
3285 1937 3340 1982 et
3385 1941 3510 1996 qua:

261 2019 492 2089 Πνεῦμα
542 2022 1048 2092 καταλαμϐάνεται,
1109 2024 1205 2076 καὶ
1259 2026 1356 2085 τὰς
1411 2023 1535 2077 καθ’
1595 2022 1836 2092 ἑκάστην

257 2113 778 2182 ἀναγινωσκομένας
801 2114 896 2166 ἐπ’
933 2115 1264 2184 Ἐκκλησίας
1295 2115 1388 2168 τοῦ
1421 2115 1659 2184 μεγάλου
1689 2113 1838 2167 Παύο

263 2202 382 2268 λου,
409 2204 504 2256 τοῦ
543 2205 643 2274 τῆς
689 2205 972 2270 εὐσεϐείας
1019 2207 1348 2278 προστάτου,
1395 2209 1606 2277 ῥήσεις,
1657 2206 1712 2259 αἳ
1740 2207 1840 2276 τῆς

267 2295 440 2362 αὐτῆς
471 2296 710 2360 διανοίας
762 2299 899 2350 είσὶν
948 2299 1411 2368 παρατρέχοντες,
1465 2300 1563 2364 τὰς
1617 2299 1675 2352 δὲ
1710 2300 1840 2372 περὶ

157 2386 162 2388 ’
268 2387 460 2442 τούτου
511 2390 621 2443 τῶν
674 2391 951 2461 θεοφόρων
1010 2392 1271 2462 Πατέρων
1330 2393 1576 2462 Γραφὰς,
1638 2395 1696 2446 ὲν
1740 2387 1839 2455 ιαῘς

268 2482 539 2552 ἀριδήλως
573 2479 712 2539 εἶναι
757 2483 847 2536 διὰ
875 2483 968 2537 τοῦ
997 2484 1128 2536 Υίοῦ
1158 2485 1219 2536 τὸ
1251 2485 1478 2553 Πνεῦμα
1509 2487 1842 2555 κηρύττεται

272 2575 537 2644 μηδαμῶς
565 2576 984 2646 μελετήσαντες,
1015 2576 1132 2629 ἀλλ’
1161 2578 1377 2640 ἑαυτοῖς
1399 2575 1735 2651 κενοφωνίαν
1763 2579 1844 2640 είς

265 2663 567 2738 ἀρέσκειαν
595 2663 899 2736 ἀνθρώπων
923 2667 1331 2734 ἐπινοήσαντες.

343 2757 432 2829 ιβ’.
510 2759 702 2829 Ἡμεῖς
753 2760 810 2812 δέ
875 2777 1095 2830 φαμεν,
1153 2763 1276 2822 ταῖς
1331 2759 1685 2828 θεοφθόγγοις
1737 2759 1846 2812 τῶν

269 2851 444 2919 ἁγίων
465 2851 782 2921 ἑρμηνείαις
815 2850 1104 2918 ἑπόμενοι,
1131 2849 1340 2903 τούτων
1370 2850 1426 2903 δὲ
1454 2850 1554 2917 τὴν
1582 2850 1641 2901 ἐν
1668 2848 1846 2915 Εὐαγ-

266 2941 470 3010 γελίοις
501 2943 602 2995 οὐκ
633 2941 792 3009 ὀλίγα
824 2940 918 2994 τοῦ
953 2940 1160 3011 Κυρίου
1212 2940 1416 3010 φωνὴν,
1460 2944 1554 2993 καὶ
1582 2943 1679 3002 τὰς
1709 2941 1850 2992 ἀπο·

271 3035 526 3094 στολικάς
578 3033 768 3103 ῥήσεις
814 3033 912 3101 οὐχ
945 3028 1111 3101 ἦττον
1142 3030 1212 3083 δι’
1246 3032 1417 3099 αὐτῆς
1471 3031 1851 3083 ἀναπτύσσον-

270 3143 382 3190 σιν,
414 3125 480 3188 ἃς
514 3127 611 3177 καὶ
639 3125 925 3196 προϊόντος
955 3122 1050 3176 τοῦ
1076 3121 1238 3189 λόγου
1274 3120 1462 3190 σχεδὸν
1493 3119 1675 3181 πάσας
1704 3118 1848 3170 κατὰ

271 3217 467 3287 καιρὸν
493 3217 731 3284 ἑκάστην
763 3216 1092 3286 ἐκθήσομεν,
1133 3216 1217 3268 ὅτι
1260 3214 1322 3266 τὸ
1352 3212 1576 3281 Πνεῦμα
1607 3212 1667 3262 τδ
1693 3209 1849 3275 ἅγιον

268 3313 337 3364 ὲκ
357 3311 452 3366 τοῦ
482 3310 694 3379 Πατρδς
727 3312 814 3364 διὰ
842 3311 935 3364 τοῦ
970 3310 1125 3372 Υίοῦ,
1157 3309 1236 3363 διδ
1265 3310 1360 3362 καὶ
1390 3308 1542 3377 παρὰ
1568 3303 1661 3357 τοῦ
1692 3301 1846 3367 Υίοῦ,

271 3401 351 3464 ὡς
376 3401 464 3455 διά
490 3399 588 3453 τοῦ
621 3399 752 3453 Υίοῦ
779 3400 1050 3469 λαμϐάνει
1080 3399 1179 3467 τὴν
1214 3395 1469 3467 ὓπαρξιν.
1519 3395 1578 3447 '0
1609 3393 1706 3462 μὲν
1739 3392 1850 3460 γὰρ

272 3491 406 3554 Υίδς
461 3492 684 3560 ἀμέσως
723 3491 973 3562 πρόεισιν
1023 3491 1088 3543 ἐκ
1125 3488 1362 3558 Πατρὺς,
1417 3487 1476 3538 τὸ
1530 3486 1586 3539 δὲ
1631 3485 1853 3555 Πνεῦμα

268 3587 336 3638 τὸ
389 3583 543 3652 ἆγιον
590 3583 678 3636 διὰ
721 3583 818 3635 τοῦ
849 3579 982 3634 Υἱοῦ
1009 3598 1022 3612 ·
1076 3579 1172 3633 καὶ
1215 3579 1374 3632 τοῦτό
1401 3580 1516 3629 ἐστι
1567 3576 1628 3628 τὸ
1689 3577 1852 3643 μέσον

271 3676 484 3730 τούτων
537 3676 638 3745 τὴν
693 3675 959 3745 διαφορὰν
1007 3671 1403 3744 ἐργαζόμενον,
1441 3668 1563 3722 καθ’
1593 3668 1662 3736 ἢν
1694 3669 1721 3720 ό
1754 3666 1855 3734 μὲν

276 3773 405 3832 Tib;
434 3771 692 3839 ὑπάρχει,
724 3768 820 3821 καὶ
847 3768 1004 3838 μόνος
1025 3767 1282 3833 γεννητὸς
1307 3761 1558 3817 ἐντεῦθεν
1577 3775 1855 3830 προσαγο-

282 3863 528 3932 ρεύεται,
581 3861 640 3913 τὸ
684 3860 742 3912 δὲ
780 3858 927 3912 τοῦθ’
961 3861 1098 3926 ὅπερ
1130 3857 1380 3910 καλεῖται
1421 3852 1646 3923 Πνεῦμα
1703 3850 1854 3920 ἆγιόν

271 3953 396 4008 ὲστί
453 3970 537 4017 τε,
593 3953 689 4006 καὶ
745 3951 907 4020 μόνον
968 3947 1300 4017 ὲκπορευτὸν
1347 3944 1694 4015 ὀνομάζεται.
1748 3941 1857 3992 Καὶ

280 4045 556 4116 μαρτυρεῖ
592 4060 682 4114 μοι
716 4041 793 4111 τῷ
824 4042 968 4112 λόγῳ
1021 4037 1322 4110 Γρηγόριος
1369 4040 1397 4090 ό
1442 4038 1586 4089 πάνυ
1619 4035 1718 4103 τῆς
1748 4033 1858 4084 τῶν

277 4138 580 4193 Νυσσαέων
646 4136 981 4204 Ἐκκλησίας
1033 4134 1062 4184 ό
1120 4133 1406 4202 πρόεδρος,
1457 4129 1537 4195 ὃς,
1582 4127 1669 4180 διὰ
1729 4127 1856 4194 μιᾶς

278 4233 495 4294 πόλεως
523 4229 728 4300 ταύτης
768 4229 950 4282 πάντα
998 4227 1068 4279 τὰ
1115 4225 1210 4278 τοῦ
1254 4225 1461 4294 κόσμου
1505 4223 1717 4291 πέρατα
1747 4222 1860 4281 τοῖς

277 4322 509 4383 οἰκείοις
541 4320 853 4390 περιλαϐὼν
877 4319 1166 4387 δόγμασιν,
1197 4319 1255 4369 ὲν
1286 4318 1352 4384 τῇ
1383 4313 1527 4385 πρὸς
1574 4311 1860 4364 Ἀϐλάϐιον

281 4415 454 4468 αὐτοῦ
485 4413 736 4483 θεολογίᾳ
763 4413 889 4466 τάδε
925 4411 1060 4482 φησι
1089 4427 1105 4444 ·
1148 4409 1221 4463 Τὸ
1251 4407 1720 4475 ἀπαράλλακτον
1749 4403 1860 4471 τῆς

280 4509 527 4578 φύσεως
557 4503 1017 4575 ὁμολογοῦντες,
1073 4501 1189 4570 τὴν
1214 4500 1368 4554 κατὰ
1415 4499 1481 4551 τὸ
1529 4497 1724 4548 αἴτιον
1759 4495 1859 4547 καί

280 4601 554 4656 uitiator
610 4597 903 4664 διαφορὰν
961 4598 1072 4648 οὐκ
1100 4594 1458 4661 ἀρνούμεθα,
1489 4589 1557 4642 ὲν
1606 4580 1654 4654 ᾦ
1695 4587 1860 4656 μόνῳ

281 4693 690 4762 διακρίνεσθαι
735 4691 800 4745 τὸ
829 4688 1034 4756 ἕτερον
1062 4687 1167 4740 τοῦ
1189 4686 1392 4753 ἑτέρου
1414 4680 1862 4752 καταλαμϐάνε-

281 4808 400 4860 μεν
430 4804 445 4817 ’
477 4787 559 4852 τῷ
589 4786 656 4839 τὸ
689 4784 806 4855 μὲν
831 4783 1024 4837 αἴτιον
1050 4781 1363 4835 πιστεύειν
1397 4775 1572 4843 εἶναι,
1604 4778 1669 4831 τὸ
1700 4776 1768 4830 δὲ
1793 4776 1862 4828 ἐκ

289 4883 400 4936 τοῦ
449 4882 662 4944 αίτίου,
692 4879 786 4932 καὶ
815 4878 882 4931 τὸ
911 4876 978 4938 ἐξ
1018 4875 1212 4928 αἰτίου
1243 4873 1313 4926 δὲ
1343 4873 1404 4925 ὅτ·
1417 4891 1518 4939 τος
1546 4873 1732 4926 πάλιν
1759 4871 1865 4925 ἆλ-

283 4981 413 5042 λην,
431 4973 723 5041 διαφορὰν
753 4969 1101 5036 ἐννοοῦμεν.
1148 4966 1223 5019 Τὸ
1270 4965 1387 5032 μέν
1417 4965 1526 5034 γὰρ
1554 4962 1866 5032 προσεχῶς

292 5069 364 5120 ἐκ
399 5065 509 5119 τοῦ
544 5065 801 5132 πρώτου,
841 5063 907 5116 τὸ
935 5061 1003 5114 δὲ
1042 5060 1139 5113 διὰ
1171 5058 1278 5113 τοῦ
1307 5057 1620 5125 προσεχῶς
1655 5058 1724 5110 ἐκ
1755 5055 1864 5108 τοῦ

287 5159 546 5228 πρώτου.
579 5158 688 5210 Καὶ
730 5155 903 5209 ταῦτα
933 5154 1029 5223 μὲν
1081 5151 1378 5221 Γρηγόριος
1408 5150 1435 5200 ό
1469 5147 1690 5216 Νύσσης
1723 5148 1864 5216 μάρ-

291 5270 389 5314 τυς
434 5251 543 5302 τῶν
575 5249 886 5318 εἰρημένων
927 5243 1132 5300 ἄνωθεν
1175 5243 1492 5311 ἀξιόχρεως,
1535 5239 1594 5304 ἐξ
1622 5232 1697 5291 ὧν
1733 5239 1863 5306 ἡμῖν

290 5341 614 5395 πιστεύεται
642 5340 739 5393 κα)⁵
773 5336 953 5400 καλῶς
1011 5336 1072 5389 τὸ
1128 5335 1353 5404 Πνεῦμα
1413 5332 1696 5401 διαφέρειν
1729 5330 1864 5400 πρὸς

287 5433 383 5485 τὸν
419 5432 547 5484 Υίὸν
575 5431 633 5483 ἑν
661 5429 740 5500 τῷ
775 5428 846 5482 δι’
894 5425 1060 5481 αὐτοῦ
1103 5425 1203 5495 τὴν
1256 5422 1493 5494 ὓπαρξιν
1535 5422 1678 5492 ἔχειν
1711 5420 1866 5491 παρὰ

291 5525 528 5595 Πατρός.
592 5522 854 5592 Ἐπείπερ
888 5523 937 5573 εί
967 5519 1040 5590 μὴ
1071 5517 1250 5585 τοῦτο,
1279 5519 1492 5579 πάντως
1518 5515 1583 5569 ἂν
1630 5513 1697 5582 ἦν
1737 5514 1864 5578 Υίὸς

291 5621 386 5671 καὶ
417 5619 577 5680 αὐτὸς
607 5606 885 5684 γεννητός.
921 5614 994 5666 Ἤ
1029 5614 1110 5676 τίς
1132 5614 1161 5664 ὁ
1193 5612 1350 5678 λόγος
1379 5609 1569 5663 τοῦτον
1603 5609 1703 5678 μὲν
1737 5607 1864 5658 Υίὶιν

293 5705 460 5773 εῖναι,
485 5709 544 5760 τὸ
566 5709 622 5760 δὲ
662 5707 882 5776 Πνεῦμα
910 5705 1005 5758 καὶ
1034 5705 1130 5772 οὺχ
1173 5704 1302 5756 Υίόν
1327 5719 1342 5767 ;
1388 5701 1534 5754 Δότω
1561 5719 1644 5764 τις
1671 5699 1865 5768 ἑτέραν

301 5800 508 5870 μεταξὺ
537 5799 637 5866 τὴν
667 5798 952 5866 διαφορὰν,
986 5796 1043 5860 ἐξ
1075 5789 1142 5864 ἧς
1176 5795 1269 5848 καὶ
1295 5795 1395 5855 τὰς
1424 5794 1644 5863 κλήσεις
1679 5791 1865 5858 διαφό-

301 5909 463 5963 ρους,⁴
511 5890 586 5954 ὡς
635 5891 799 5954 εἰκὸς,
850 5888 1052 5957 ἕξουσι,
1117 5889 1208 5942 καὶ
1274 5889 1434 5959 ἡμεῖς
1493 5889 1862 5956 σιωπήσομεν.

1875 3269 1924 3332 C

1938 2030 2171 2100 singulis
2198 2029 2392 2082 diebus
2417 2028 2471 2081 in
2523 2025 2765 2080 Ecclesia
2792 2022 2972 2092 magni
3004 2020 3156 2076 Pauli
3183 2018 3400 2089 pietatis
3422 2032 3511 2071 as-

1939 2122 2169 2177 sertoris
2229 2119 2400 2181 dicta,
2461 2116 2710 2170 eamdem
2771 2112 3101 2168 sententiam
3175 2108 3511 2164 insinuantia

1939 2216 2214 2284 leguntur,
2245 2211 2347 2266 levi
2376 2225 2536 2264 manu
2567 2212 2969 2276 percurrentes,
3005 2216 3104 2256 nec
3135 2216 3246 2256 non
3308 2200 3377 2254 de
3411 2199 3514 2252 hac

1939 2307 2127 2364 eadem
2187 2321 2245 2360 re
2299 2303 2500 2372 scripta
2537 2300 2848 2355 divinarum
2889 2297 3146 2358 Patrum,
3203 2293 3256 2346 in
3306 2289 3512 2360 quibus

1941 2396 2103 2469 quam
2127 2393 2474 2467 apertissime
2527 2408 2623 2462 per
2679 2390 2902 2454 Filium,
2965 2396 3021 2442 et
3075 2401 3141 2442 ex
3203 2383 3342 2439 Filio
3393 2395 3516 2436 esse

1945 2491 2212 2562 Spiritum
2267 2487 2612 2558 praedicatur,
2653 2483 2804 2537 nullo
2859 2479 3023 2534 modo
3081 2475 3513 2536 considerantes,

1944 2597 2114 2639 novas
2142 2580 2243 2636 sibi
2275 2594 2457 2644 voces,
2485 2586 2542 2631 ut
2577 2574 2886 2631 hominibus
2919 2571 3196 2641 placeant,
3231 2567 3512 2634 ellingunt.

2018 2776 2107 2829 12.
2157 2771 2269 2826 Nos
2299 2784 2462 2840 porro
2507 2767 2872 2836 diviniloquas
2896 2771 3211 2818 sanctorum
3248 2759 3517 2825 interpre-

1950 2867 2185 2921 tationes
2207 2869 2520 2929 sequentes.
2553 2870 2765 2911 necnon
2791 2851 3136 2913 eorumdem,
3191 2860 3245 2902 et
3273 2842 3519 2916 Apostoli

1949 2959 2094 3012 dicta
2127 2970 2235 3010 non
2279 2967 2452 3023 pauca
2478 2948 2847 3017 evangelicam
2885 2942 3102 2997 Domini
3135 2954 3320 2995 vocem
3351 2951 3522 3004 eapuo

1954 3047 2159 3111 nentia,
2215 3061 2338 3113 qua:
2371 3041 2702 3112 procedente
2761 3038 3010 3092 oratione
3041 3033 3155 3089 fere
3193 3029 3376 3085 omnia
3419 3042 3522 3082 suo

1952 3150 2196 3207 tempore
2225 3149 2588 3205 apponemus,
2622 3131 2878 3195 dicimus,
2948 3126 3214 3196 Spiritum
3269 3128 3520 3177 sanctum

1952 3247 2020 3287 ex
2059 3229 2217 3283 Patre
2243 3242 2340 3296 per
2387 3223 2606 3284 Filium,
2655 3221 2887 3287 ideoque
2935 3234 3000 3274 ex
3037 3215 3196 3280 Filio,
3242 3214 3400 3283 quasi
3429 3226 3524 3281 per

1956 3324 2154 3380 Filium
2206 3320 2454 3388 accipere
2488 3315 2892 3371 cxsistentiam.
2944 3309 3116 3364 Filius
3145 3307 3289 3362 enim
3336 3306 3525 3358 imme-

1952 3418 2097 3471 diate
2122 3431 2188 3470 es
2214 3412 2374 3465 Patre
2407 3408 2776 3480 progreditur,
2838 3403 3079 3472 Spiritus
3138 3415 3268 3454 vero
3298 3407 3525 3451 sanctus

1953 3525 2048 3579 per
2082 3506 2302 3569 Filium,
2333 3513 2387 3556 et
2422 3503 2525 3555 hoc
2557 3499 2795 3577 medium
2829 3497 3023 3550 borum
3056 3503 3162 3557 est,
3203 3491 3345 3560 quod
3377 3487 3530 3579 diffe-

1955 3598 2186 3652 rentiam
2213 3601 2492 3663 operatur,
2537 3566 2840 3646 secundum
2878 3600 3041 3654 quam
3074 3582 3247 3636 Filius
3281 3563 3523 3641 exsistit,

1953 3699 2007 3741 ct
2034 3687 2184 3740 solus
2217 3683 2432 3753 genitus
2456 3680 2582 3733 inde
2611 3677 2934 3746 appellatur,
2974 3676 3074 3729 lioc
3113 3685 3240 3726 vero
3262 3670 3354 3738 qui
3390 3684 3531 3722 nuu-

1955 3785 2189 3844 cupatur
2247 3771 2486 3840 Spiritus
2515 3778 2743 3823 sanctus
2780 3775 2884 3829 est,
2925 3774 2979 3818 et
3032 3763 3184 3818 solus
3225 3759 3530 3830 procedens

1957 3868 2178 3922 dicitur.
2220 3864 2436 3918 Dictum
2492 3874 2671 3914 meum
2711 3857 3025 3912 testimonio
3051 3869 3152 3909 suo
3208 3851 3530 3920 comprobat

1957 3975 2186 4030 magnus
2215 3957 2472 4026 Nysseuae
2515 3951 2769 4006 Ecclesia:
2815 3949 3010 4017 praesul
3058 3945 3377 4013 Gregorius,
3433 3941 3527 4010 qui

1957 4067 2024 4108 ex
2066 4066 2169 4104 una
2194 4049 2306 4101 liae
2334 4047 2468 4100 urbe
2492 4059 2686 4098 omnes
2747 4042 2898 4096 orbis
2935 4051 3206 4094 terrarum
3247 4036 3384 4089 ﬁnes
3416 4039 3531 4088 suis

1959 4139 2306 4211 dogmatibus
2325 4137 2641 4205 complevit,
2683 4137 2734 4188 in
2767 4134 2850 4187 bis
2885 4146 3008 4200 qua:
3038 4131 3106 4184 de
3154 4129 3261 4182 Deo
3315 4125 3524 4188 scribit,

1961 4235 2188 4302 epistola
2229 4231 2297 4286 ad
2325 4228 2659 4283 Ablabium:
2713 4223 3106 4278 [inmutabilem
3144 4234 3192 4275 et
3229 4235 3320 4288 per
3353 4217 3533 4273 antnia

1963 4325 2192 4380 similent
2239 4333 2490 4375 naturam
2554 4318 2884 4385 conﬁtentes,
2931 4313 3216 4366 discrimen
3263 4325 3442 4362 causae
3481 4315 3531 4360 et

1961 4419 2174 4486 effectus
2210 4432 2312 4469 non
2335 4413 2666 4481 inﬁciantur,
2692 4411 2748 4463 in
2781 4423 2882 4477 quo
2911 4407 3082 4460 solum
3119 4403 3352 4470 disjuugi
3404 4399 3536 4452 alte—

1964 4528 2083 4565 runt
2125 4509 2190 4563 ab
2220 4507 2388 4560 altera
2445 4502 2918 4572 deprehendimus;
2953 4515 3072 4552 cum
3106 4498 3384 4549 credamus
3439 4493 3535 4544 hoc

1895 4627 1939 4686 υ
1966 4601 2177 4674 quidem
2216 4615 2435 4653 causam
2459 4613 2590 4660 esse,
2625 4593 2759 4648 illud
2797 4607 2863 4646 ex
2911 4607 3098 4654 causa,
3149 4597 3198 4642 et
3226 4585 3371 4639 illius
3400 4583 3537 4652 quod

1970 4710 2034 4748 ea:
2057 4709 2220 4748 causa
2246 4701 2349 4754 est,
2399 4689 2549 4742 aliud
2581 4704 2765 4742 rursus
2796 4685 3082 4740 discrimen
3145 4675 3540 4748 comprehendi-

1972 4803 2088 4839 mus
2130 4801 2148 4837 :
2185 4799 2408 4852 namque
2445 4782 2541 4835 hoc
2577 4781 2784 4852 quidem
2827 4791 2902 4833 est
2948 4775 3248 4829 immediate
3281 4789 3312 4823 α
3344 4770 3539 4838 primo,

1972 4881 2067 4931 hoc
2090 4893 2210 4932 vero
2234 4892 2326 4946 per
2356 4865 2492 4928 illud
2549 4876 2684 4942 quod
2722 4872 2962 4941 contigue
2989 4878 3065 4922 est
3101 4880 3164 4920 ea:
3218 4865 3412 4931 primo.
3479 4861 3542 4911 Et

1974 4970 2088 5023 haec
2124 4967 2342 5036 quidem
2380 4967 2536 5019 testis
2568 4965 3008 5033 supradictorutn
3041 4961 3145 5014 [ide
3183 4957 3379 5026 dignus
3412 4951 3519 5021 Nys

1973 5075 2141 5114 senus
2163 5057 2478 5126 Gregorius,
2511 5057 2710 5124 quibus
2738 5071 2770 5109 a
2798 5053 2956 5108 nobis
2987 5051 3228 5106 creditur
3257 5055 3313 5102 et
3351 5043 3540 5114 probe,

1971 5151 2230 5217 Spiritum
2272 5146 2490 5202 differre
2515 5161 2545 5197 a
2573 5144 2734 5208 Filio,
2768 5145 2912 5215 quod
2942 5158 3040 5213 per
3071 5143 3246 5209 ipsum
3277 5138 3545 5192 exsistun-

1975 5241 2101 5292 tiam
2129 5239 2294 5292 liabet
2325 5253 2354 5291 a
2383 5237 2565 5291 Patre.
2599 5235 3048 5304 Quandoquidem
3080 5233 3125 5285 si
3150 5231 3198 5284 id
3243 5243 3350 5282 non
3377 5236 3541 5287 esset,

1974 5346 2199 5400 prorsus
2222 5338 2276 5384 et
2313 5331 2425 5400 ipse
2449 5337 2595 5384 esset
2647 5329 2820 5383 Filius
2851 5325 3088 5396 genitus.
3133 5321 3242 5374 Aut
3293 5335 3542 5390 quaenam

1975 5421 2114 5476 ratio
2155 5421 2339 5484 fuerit,
2373 5420 2776 5490 hunciquidem
2821 5417 3014 5470 Filium
3050 5429 3192 5474 esse,
3221 5412 3369 5464 illum
3414 5426 3542 5463 vero

1975 5511 2235 5580 Spiritum
2259 5520 2312 5566 et
2345 5527 2454 5565 non
2486 5508 2722 5578 Filium;l
2758 5506 3008 5562 Proferat
3049 5502 3316 5572 quispiam
3376 5501 3539 5554 aliam

1973 5606 2115 5658 inter
2146 5605 2267 5658 illos
2296 5603 2687 5667 differentiam;
2723 5616 2788 5654 ex
2821 5613 2929 5667 qua
2955 5605 3010 5651 et
3040 5594 3434 5664 appellationes
3458 5592 3545 5642 di-

1973 5710 2252 5759 versas,ut
2272 5695 2602 5750 conveniens
2631 5700 2734 5756 est,
2759 5702 3148 5758 assequamur,
3180 5695 3234 5739 et
3267 5698 3368 5739 nos
3398 5693 3547 5738 tace-

1976 5787 2173 5842 bimus.
2216 5789 2319 5843 Sed
2341 5787 2520 5840 nullus
2553 5786 2712 5838 aliam
2759 5783 3000 5852 proferre
3045 5795 3282 5850 unquam
3332 5779 3547 5848 poterit,

1975 5899 2260 5951 quousque
2295 5881 2510 5937 divinus
2548 5879 2636 5936 hic
2696 5878 2856 5934 Pater
2890 5876 3031 5940 apud
3059 5891 3250 5931 ontnrs
3286 5873 3547 5929 a:scritur
