3962 6404
527 418 655 482 1051
1000 443 1004 448 ·
1587 435 2096 502 CONSTANTINI

524 555 772 609 veritatis
807 571 928 609 csse
961 560 1242 628 magister,
1295 563 1387 631 qui
1425 563 1477 616 in
1505 564 1606 619 hoc
1649 567 1765 622 solo
1798 569 2093 628 discrimen

533 644 652 698 Filii
680 658 730 698 et
763 646 996 714 Spiritus
1027 655 1331 716 constituit,
1359 659 1525 725 quod,
1547 660 1644 712 hoc
1663 663 1870 729 quidem
1897 677 1970 718 est
2003 667 2101 720 im-

525 739 754 788 mediate
784 757 813 789 α
845 738 1026 800 Patre,
1079 743 1174 795 hoc
1210 760 1328 799 vero
1353 763 1445 812 per
1478 749 1633 810 illud,
1690 755 1828 822 quod
1858 757 2102 826 contigue

531 837 603 878 est
642 843 706 879 ea:
750 830 940 896 prium,
988 835 1131 900 quod
1166 836 1308 888 idem
1357 849 1439 892 est
1477 841 1682 905 dicere,
1741 859 1834 912 per
1881 845 2102 901 Filium.

524 915 650 970 “ille
690 920 869 986 itaque
900 938 1022 975 cum
1057 924 1129 977 ita
1162 942 1220 979 se
1271 927 1528 995 habeant,
1572 948 1678 985 non
1730 935 1943 1004 eritqui
1970 953 2101 992 con-

531 1017 609 1059 tra
643 1025 702 1060 se
730 1021 994 1077 opponat,
1056 1015 1099 1066 si
1142 1018 1304 1069 modo
1329 1020 1598 1087 sapientia
1651 1025 2091 1089 commendatur,

524 1108 578 1151 et
607 1102 746 1167 sapit
789 1101 957 1168 pleno
995 1114 1213 1173 pectore
1237 1123 1252 1173 ;
1273 1109 1408 1165 alias
1438 1112 1763 1182 longissime
1785 1132 1811 1168 a
1841 1126 1983 1171 recta
2022 1119 2100 1170 via

532 1189 722 1244 aberra
735 1197 868 1248 verit

600 1467 687 1521 l3.
714 1469 977 1536 Spiritum
1028 1489 1159 1536 vero
1183 1488 1430 1533 sanctum
1465 1496 1560 1549 per
1591 1481 1786 1538 Filium
1840 1489 2104 1544 exsistere

527 1574 592 1609 ex
625 1558 785 1612 Patre
819 1575 1014 1631 pra-ter
1056 1567 1158 1621 hoc
1186 1568 1444 1624 Ecclesia:
1470 1571 1676 1638 lumen,
1714 1576 1804 1641 qui
1831 1577 1886 1630 in
1923 1581 2104 1634 multis

444 1663 449 1668 ·
529 1643 661 1702 aliis’
702 1651 818 1705 suis
866 1655 1083 1722 scriptis
1115 1669 1300 1725 aperte
1360 1659 1476 1715 hac
1509 1663 1698 1718 eadem
1745 1665 2005 1732 decrevit,
2047 1680 2107 1724 ut

533 1739 832 1804 procedens
892 1744 1075 1796 oratio
1130 1746 1528 1814 manifestabit,
1579 1751 1648 1805 ab
1689 1755 1942 1810 omnibus
1995 1757 2105 1812 fere

532 1832 739 1886 sanctis
788 1831 1058 1898 Patrihus,
1102 1853 1333 1903 quorum
1365 1847 1762 1898 commentaria
1789 1847 1866 1899 uti
1904 1848 2105 1916 lapides

529 1935 560 1974 ε
593 1917 702 1975 Dco
725 1923 926 1978 incisas
956 1926 1047 1980 Dei
1080 1927 1320 1984 Ecclesia
1356 1943 1540 1988 tenere
1571 1937 1974 2002 determinavit,
2019 1939 2102 1993 si-

532 2015 646 2068 mili
687 2016 899 2072 ratione
939 2028 1334 2088 pertractatum
1371 2033 1456 2076 est
1497 2041 1510 2076 :
1554 2036 1606 2077 et
1633 2027 1829 2095 dogma
1857 2028 1958 2080 hoc
1989 2037 2104 2081 erat

527 2122 822 2161 commune
850 2119 904 2162 et
938 2109 1250 2164 universale
1278 2127 1306 2165 ε
1338 2113 1531 2181 priscis
1564 2116 1908 2184 temporibus
1939 2119 2103 2172 veluti

531 2201 586 2252 iu
633 2201 888 2254 thesauro
917 2202 994 2255 illi
1061 2213 1463 2264 conservatum.
1528 2207 1652 2260 licet
1710 2223 1856 2262 nunc
1918 2210 2105 2264 nescio

530 2303 639 2356 qua
711 2306 876 2345 causa
927 2293 1083 2346 multi
1132 2295 1264 2348 illud
1341 2312 1449 2348 non
1501 2295 1844 2365 admittant,
1901 2311 1952 2354 et
1994 2300 2105 2355 haec

531 2388 656 2448 post
736 2390 942 2436 tantam
1004 2385 1256 2439 ueritatis
1323 2387 1763 2455 inquisitionem,
1847 2391 2108 2458 illiusque

533 2472 847 2526 inventura.
918 2473 984 2526 Et
1051 2476 1286 2545 primum
1365 2494 1597 2543 titaguus
1661 2479 1713 2531 in
1769 2481 1930 2535 rebus
1956 2481 2108 2538 theo-

531 2563 720 2632 togicis
769 2568 1174 2630 per-tractandis
1255 2567 1515 2629 Basilius,
1579 2571 1666 2623 cui
1717 2572 1784 2623 ab
1848 2571 2105 2623 omnibus

531 2653 718 2708 omnia
767 2656 1164 2723 conceduntur,
1218 2659 1273 2712 in
1327 2675 1436 2713 uno
1478 2675 1545 2714 ex
1587 2662 1702 2714 suis
1736 2663 1801 2714 ad
1857 2670 2104 2714 sanctum

533 2745 977 2813 Amphilochium
1021 2749 1323 2816 capitibus,
1396 2752 1509 2805 litec
1563 2751 1725 2806 habet
1771 2770 1785 2805 :
1833 2751 2108 2816 Quomodo

535 2837 698 2904 igitur
717 2839 1127 2904 separabantur,
1152 2857 1269 2908 qua
1300 2844 1538 2909 separari
1569 2854 1848 2910 nequeunt,
1886 2843 2107 2898 Verbum

540 2926 654 2990 Dei,
690 2937 740 2980 et
774 2927 1005 2996 Spiritus
1037 2947 1104 2984 ea:
1141 2933 1249 2985 Deo
1287 2949 1377 3001 per
1406 2931 1653 2987 Filium?
1679 2934 1817 2998 Quis
1853 2951 2106 3004 magnum

535 3019 683 3072 hunc
716 3021 936 3088 pietatis
967 3038 1271 3090 praeconem
1303 3025 1555 3086 audiens,
1591 3041 1699 3079 non
1732 3029 1918 3080 statim
1947 3028 2108 3079 dictis

534 3113 858 3176 assenserit,
889 3113 1106 3172 illisque
1134 3115 1385 3170 addictus
1413 3126 1878 3184 consecratusque
1907 3118 2103 3183 dogma

539 3218 637 3269 pro
669 3204 880 3257 viribus
911 3208 1360 3274 propugnarerit,
1408 3207 1530 3261 ﬁdei
1571 3223 1686 3261 sua:
1719 3209 1913 3262 ducem
1952 3209 2106 3265 simi-

537 3296 642 3350 lem
680 3309 936 3362 sequens,
968 3311 1130 3362 quem
1171 3297 1380 3364 magnis
1424 3297 1529 3351 illis
1563 3297 1818 3352 Patribus
1849 3315 1954 3353 noti
2010 3300 2114 3356 tui-

539 3401 644 3440 nus
676 3385 887 3439 Numen
935 3389 1233 3441 honoribus
1282 3390 1574 3442 adauctum
1620 3388 1933 3453 illustravit,
1965 3392 2106 3458 quotl

538 3491 919 3544 saepenumero
942 3477 1174 3545 plurima
1201 3494 1297 3546 pro
1320 3465 1520 3554 pietate
1540 3480 1838 3536 certamina
1867 3481 2008 3543 iniit,
2039 3481 2117 3533 i.!—

541 3583 649 3636 que
677 3568 983 3624 clarissime
1011 3571 1392 3624 deumnstrant
1429 3571 1679 3638 ejusdem
1712 3571 1976 3628 adversus
2004 3573 2114 3626 bte-

541 3662 741 3716 reticos
771 3663 1255 3725 contradictiones,
1287 3665 1500 3732 linguas
1521 3663 1809 3717 universas
1839 3665 2116 3733 improbas

541 3762 707 3821 atque
744 3756 938 3824 impias
969 3757 1351 3824 reprimentes,
1385 3757 1436 3810 in
1468 3759 1668 3826 quibus
1691 3759 2020 3826 quandoque
2045 3758 2116 3811 de

543 3863 604 3902 re
637 3849 794 3901 nobis
837 3850 1116 3917 proposita
1155 3848 1400 3911 disserit,
1436 3856 1494 3900 ut
1525 3862 1589 3900 ex
1639 3847 1745 3900 alio
1779 3863 1998 3915 quoque
2028 3863 2118 3901 ca—

544 3941 653 4007 pite
681 3941 934 4008 colligere
961 3955 1271 4007 possumus.
1303 3939 1685 3992 Dubitantihus
1714 3940 1859 3993 enim
1895 3960 1908 3994 :
1941 3940 2120 4003 Quare

542 4047 651 4084 non
702 4041 750 4084 et
799 4031 1030 4100 Spiritus
1066 4041 1281 4083 sanctus
1336 4029 1481 4097 ﬁlius
1533 4028 1711 4082 Filii?
1756 4046 1986 4100 magnus
2033 4031 2121 4084 hic

540 4123 809 4182 occurrit,
853 4137 916 4174 ac
947 4123 994 4174 si
1043 4121 1119 4174 illi
1153 4135 1381 4188 prorsus
1419 4129 1752 4186 everterent,
1802 4121 1954 4174 illum
1994 4135 2116 4175 esse

545 4224 644 4276 per
690 4206 911 4269 Filium,
957 4216 1011 4261 et
1064 4208 1364 4262 absurdqu
1418 4210 1565 4277 quod
1611 4208 1738 4263 inde
1783 4210 2120 4278 sequebatur

547 4300 858 4360 destructis.
901 4301 1193 4369 respondet
1226 4319 1240 4354 :
1277 4299 1400 4356 Non
1429 4302 1568 4370 quod
1619 4318 1722 4355 non
1775 4304 1844 4354 sit
1899 4316 1962 4356 ea:
2013 4301 2119 4354 Deo

547 4409 642 4461 per
666 4393 887 4454 Filium,
920 4401 973 4446 et
1003 4409 1224 4448 causam
1251 4395 1444 4448 addit:
1479 4393 1583 4448 Sed
1618 4411 1682 4448 ue
1710 4393 1996 4448 multitudo
2034 4393 2120 4446 in-

546 4501 768 4537 numera
801 4485 1053 4548 Trinitas,
1087 4495 1135 4538 et
1169 4485 1313 4552 filios
1363 4502 1428 4539 ea:
1451 4487 1606 4554 ﬁliis,
1639 4499 1698 4539 ut
1730 4487 1785 4539 in
1821 4486 2118 4542 Itamittt'bus

548 4578 634 4644 ﬁt,
667 4576 855 4629 habere
896 4586 1248 4642 reputaretur.
1296 4578 1431 4632 Illud
1461 4594 1628 4646 porro
1651 4593 1744 4647 per
1771 4574 1978 4633 Filium
2012 4586 2121 4632 sta-

551 4669 749 4724 tiiliens
795 4668 1089 4736 Scriptum
1136 4685 1308 4724 sacrae
1354 4671 1732 4726 auctoritatem
1787 4668 2118 4738 subjungit:

550 4760 836 4826 Propterea
883 4776 948 4812 ex
993 4761 1099 4814 Deo
1153 4761 1411 4830 Spiritum
1452 4777 1558 4815 esse
1599 4770 1778 4827 aperte
1819 4761 2124 4828 praedicavit

551 4857 834 4922 Apostolus
863 4858 1062 4919 dicens,
1096 4856 1354 4926 Spiritum
1381 4858 1471 4926 qui
1511 4872 1576 4909 ea:
1622 4857 1728 4908 Deo
1776 4865 1873 4915 est,
1919 4856 2123 4920 accepi-

555 4965 690 5007 mus,
715 4957 760 5000 et
793 4964 884 5014 per
915 4948 1113 5002 Filium
1145 4964 1402 5018 apparere
1428 4947 1646 5016 planum
1674 4948 1815 5016 fecit,
1848 4962 1966 5000 cum
1997 4946 2126 4999 Filii

557 5041 814 5107 Spiritum
860 5041 1013 5094 illum
1054 5042 1394 5108 nuncupavit,
1426 5039 1869 5108 quemadmodum
1917 5040 2034 5100 Dei.
2076 5051 2125 5093 et

557 5143 775 5185 mentem
804 5133 1003 5187 Christi
1043 5143 1214 5194 vocat,
1248 5133 1325 5184 uti
1355 5146 1401 5186 et
1432 5132 1525 5184 Dei
1560 5129 1841 5199 Spiritum,
1875 5132 2126 5200 quemad-

562 5227 773 5276 modum
811 5225 1061 5276 hominis.
1113 5223 1391 5288 Quosnam
1437 5224 1665 5276 insania:
1707 5224 1840 5276 lines
1884 5239 1990 5275 non
2028 5238 2126 5276 ex-

558 5315 806 5375 cesserit,
834 5313 925 5380 qui
961 5313 1120 5364 verba
1159 5314 1273 5365 huic
1305 5313 1532 5366 audiens
1563 5312 1616 5365 iu
1661 5313 1856 5368 melius
1904 5321 2127 5366 senten-

561 5403 690 5454 tiam
735 5418 841 5454 non
874 5402 1083 5454 mutat?
1113 5409 1166 5454 et
1212 5402 1554 5470 potissimum
1597 5417 1719 5458 cum
1768 5418 1996 5469 inagutts
2029 5404 2130 5455 iste

559 5492 720 5546 Pater
775 5492 1024 5556 Paulum,
1090 5508 1152 5546 os
1204 5493 1432 5558 Christi,
1495 5509 1650 5546 suam
1708 5496 2128 5546 conliruzantcm

565 5584 891 5637 sententiam
927 5583 1179 5648 adducat,
1213 5584 1340 5638 dum
1383 5586 1584 5638 dictata
1616 5585 1683 5636 ab
1716 5598 1782 5634 co
1806 5584 1872 5635 de
1921 5582 2126 5651 Spiritu

563 5678 780 5730 videtur
840 5678 1228 5747 interpretari,
1282 5678 1505 5747 quibus,
1566 5691 1623 5730 ut
1674 5689 1835 5729 antea
1887 5676 2023 5739 dixi,
2080 5685 2131 5729 et

563 5770 929 5836 evangelicum
971 5786 1157 5824 vocem
1205 5771 1550 5824 considerate
1590 5769 1678 5820 illa
1717 5769 2127 5836 pervestigand-

570 5857 668 5909 ltus
720 5861 1000 5923 explanat,
1047 5865 1088 5917 si
1140 5863 1272 5916 nihil
1307 5862 1452 5916 aliud
1519 5861 1606 5916 illa
1659 5876 1819 5914 uuam
1862 5862 2058 5916 dictata
2101 5878 2129 5914 ιι

2136 448 2678 512 MELlTENlOT/E
3605 463 3717 530 1052

2129 565 2170 617 Δ
2213 559 2354 612 Ἀλλ’
2385 561 2487 614 οὐκ
2536 563 2602 615 ἂν
2651 564 2926 634 ίσχύσειεν
2967 567 3229 637 οὐδεμίαν
3269 567 3430 642 ἄλλην
3469 570 3622 634 οὐδεὶς
3654 578 3721 639 ἐξ.

2200 655 2381 706 ειπείν
2411 667 2425 684 ⁸
2453 655 2556 715 ἓως
2598 657 2665 708 ἂν
2699 659 2726 708 ό
2756 657 3043 723 θεσπέσιος
3089 655 3240 724 οὗτος
3283 663 3464 732 Πατὴρ
3491 665 3708 733 ὁμολογεῖ

2199 761 2291 797 ται
2317 747 2467 814 παρά
2529 748 2663 800 πᾶσι
2713 750 2811 815 τῆς
2857 751 3115 819 ἀληθείας
3167 749 3304 806 εῖναι
3347 754 3725 820 διδάσκαλος.δς

2203 837 2460 907 ἐντούτῳ
2498 839 2643 906 μόνῳ
2696 840 2795 907 τὴν
2840 841 3104 910 διαφορὰν
3158 842 3289 896 Υίοῦ
3335 843 3427 897 καὶ
3458 847 3727 914 Πνεύματος

2203 930 2563 999 περιέστησεν
2595 933 2650 983 ὲν
2679 932 2754 1000 τῷ
2800 933 2911 985 τὸν
2931 932 3050 1002 μὲν
3081 934 3394 1006 προσεχῶς
3433 931 3729 1004 εἶναιπαρὰ

2203 1022 2454 1086 Πατρὸς,
2471 1023 2537 1076 τὸ
2563 1023 2632 1075 δὲ
2655 1023 2751 1077 διὰ
2781 1026 2887 1078 τοῦ
2916 1026 3250 1094 προσεχῶς,
3268 1029 3460 1080 ταύτὸν
3479 1027 3533 1080 δὲ
3562 1030 3724 1095 εἰπεῖν,

2202 1111 2290 1163 διὰ
2318 1111 2412 1164 τοῦ
2440 1113 2588 1165 Τίοῦ.
2623 1115 2791 1166 Τοῦτο
2827 1117 2925 1184 μὲν
2965 1112 3060 1168 οὖν
3097 1116 3272 1182 οὕτως
3313 1118 3454 1188 ἔχον,
3491 1120 3584 1171 οὐκ
3611 1118 3731 1170 ἐστιν

2195 1203 2355 1265 ὅστις
2385 1203 2450 1256 ἂν
2500 1206 2748 1258 ἀντείποι
2809 1205 2918 1259 τῶν
2960 1206 3270 1261 εὐσυνέτων
3330 1211 3421 1262 καὶ
3460 1209 3518 1262 τὸ
3549 1210 3734 1279 φρονεῖν

2203 1295 2520 1365 σταθηρῶν,
2555 1298 2694 1368 πλὴν
2728 1301 2774 1350 εί
2814 1301 2886 1370 μή
2923 1317 3025 1354 που
3061 1300 3163 1367 τῆς
3196 1301 3409 1365 εὐθείας
3438 1302 3639 1372 μακρὰν
3663 1303 3736 1354 ἐκ·

2203 1386 2566 1454 δεδράμηκεν.
3239 1406 3244 1412 '

2281 1482 2367 1542 ιγ’.
2394 1478 2517 1531 ’Ότι
2553 1479 2610 1532 δὲ
2637 1479 2705 1532 δι’
2750 1479 2882 1532 Υίοῦ
2917 1482 2977 1534 τὸ
3021 1479 3247 1549 Πνεῦμα
3277 1481 3336 1534 τδ
3364 1481 3514 1549 ἅγιον
3539 1482 3738 1553 ὑπάρχει

2206 1569 2358 1637 παρὰ
2389 1571 2601 1639 Πατρὸς
2631 1571 2766 1642 πρὸς
2808 1572 2887 1642 τῷ
2917 1573 3166 1642 φωστῆρι
3215 1573 3388 1643 τούτῳ
3415 1576 3508 1640 τῆς
3551 1575 3740 1645 Ἐκκλη-

2209 1661 2354 1725 σίας,
2385 1661 2443 1724 ὃς
2471 1663 2528 1715 ἐν
2568 1663 2783 1728 πολλοῖς
2818 1667 2914 1718 καὶ
2951 1666 3135 1726 ἄλλοις
3162 1666 3277 1718 τῶν
3309 1665 3472 1718 αὑτοῦ
3505 1667 3662 1729 λόγων
3685 1673 3740 1719 τὰ

2208 1753 2338 1818 περὶ
2366 1752 2556 1804 τούτου
2596 1756 2784 1822 σαφῶς
2828 1757 3212 1823 ἐδογμάτισεν,
3265 1755 3341 1818 ὡς
3371 1757 3739 1825 παρακατιὼνὸ

2210 1839 2369 1904 λόγος
2424 1840 2682 1910 δηλώσει,
2737 1843 2830 1894 καὶ
2879 1846 2994 1904 τοῖς
3045 1844 3180 1896 πᾶσι
3224 1843 3414 1913 σχεδδιν
3452 1843 3553 1895 τῶν
3602 1843 3740 1908 ἁγίων

2131 1897 2176 1954 Β
2209 1897 2488 2000 Πατέρων,
2539 1926 2613 1983 ὧν
2671 1897 2744 1984 τὰ
2788 1897 3204 2000 συγγραμματα
3259 1897 3518 2002 ’καθάπερ
3564 1897 3738 1992 πλάκας

2207 2019 2545 2089 θεογράφους
2573 2024 2606 2091 ἡ
2662 2022 2963 2090 Ἐκκλησία
3010 2023 3144 2074 Θεοῦ
3180 2025 3438 2092 κατέχειν
3466 2026 3737 2091 διέγνωκεν,

2205 2107 2346 2160 οὕτω
2387 2110 2796 2180 τεθεολόγηται;
2833 2115 2919 2165 καὶ
2969 2115 3150 2183 δόγμα
3197 2115 3358 2167 τοῦτο
3387 2116 3561 2168 κοινὸν
3584 2111 3643 2186 ἦν
3669 2119 3739 2168 καὶ

2206 2198 2492 2252 καθολικὸν
2533 2201 2798 2256 ἀνέκαθεν
2836 2204 3450 2274 ἀποτεθησαυρισμένον
3481 2207 3625 2276 αὐτῇ,
3659 2206 3739 2258 κᾶν

2207 2290 2302 2345 νῦν
2340 2293 2440 2344 οὐκ
2487 2289 2604 2348 οἶδα
2642 2294 2698 2346 τί
2738 2295 3006 2357 παθόντες
3045 2297 3093 2348 oi
3122 2298 3316 2350 πολλοὶ
3341 2299 3448 2350 τῶν
3478 2297 3736 2367 ἀνθρώπων
3776 2363 3780 2370 _

2206 2383 2269 2435 οὐ
2299 2382 2698 2451 παραδέχονται
2743 2385 2837 2436 καὶ
2871 2385 3046 2438 ταῦτα
3082 2386 3230 2453 μετὰ
3257 2387 3362 2454 τὴν
3397 2387 3495 2453 τῆς
3525 2386 3736 2453 ἀληθείας

2205 2472 2476 2543 τοσαύτην
2521 2472 2794 2538 ἐξέτασιν,
2849 2478 2942 2527 καὶ
2991 2475 3264 2546 τοιαύτην
3330 2478 3624 2547 ἀνεύρεσιν.
3664 2477 3738 2528 Ati-

2207 2567 2335 2617 τίκα
2369 2565 2478 2634 γὰρ
2536 2569 2565 2618 ὸ
2609 2567 2777 2628 πολὺς
2829 2569 2900 2619 τὰ
2955 2567 3076 2620 θεῖα
3123 2569 3437 2635 Βασίλειος,
3477 2563 3520 2636 ᾧ
3575 2568 3658 2621 καὶ
3694 2567 3738 2616 τ’]

2210 2659 2361 2726 παρὰ
2392 2660 2609 2711 πάντων
2640 2659 2698 2711 έν
2730 2659 2904 2712 ἅπασι
2940 2662 3393 2732 συγκεχωρηκὸς,
3451 2661 3506 2714 εν
3523 2677 3624 2714 τινι
3652 2655 3740 2714 τόι

2211 2750 2346 2818 πρὸς
2374 2755 2466 2802 τὸν
2508 2749 2652 2816 ἱερὸν
2703 2751 3054 2822 Ἀμφιλόχιον
3085 2753 3260 2806 αὑτοῦ
3284 2753 3592 2820 κεφαλαίων
3627 2747 3739 2802 οὕτω

2210 2841 2344 2908 φησι
2374 2856 2388 2871 ·
2453 2839 2582 2906 Πῶς
2610 2840 2687 2894 ἂν
2715 2837 2833 2896 οὖν
2870 2842 3172 2912 χωρίζοιτο
3198 2845 3276 2898 τὰ
3307 2843 3616 2913 ἁχώριστα,
3655 2840 3742 2896 Δός

2207 2948 2312 2997 γος
2351 2931 2502 2984 Θεοῦ
2521 2933 2616 2984 καὶ
2641 2933 2884 3002 Πνεῦμα
2912 2933 2980 2990 ἐκ
3015 2934 3168 2988 Θεοῦ
3198 2937 3276 2989 δι’
3318 2935 3455 2989 Υίοῦ
3485 2952 3503 3000 ;
3534 2933 3622 2994 Τίς
3668 2931 3740 2984 τοῦ

2222 3024 2461 3092 μεγάλου
2495 3024 2692 3077 τούτου
2736 3026 2842 3094 τῆς
2884 3027 3169 3090 εὐσεϐείας
3231 3029 3474 3099 κήρυκος
3517 3023 3742 3078 κατακού-

2214 3133 2330 3178 σας.
2369 3117 2469 3169 οὺκ
2493 3116 2562 3170 ἂν
2619 3117 2788 3180 εὐθὺς
2821 3118 3092 3186 ἑφέψηται
3122 3123 3246 3182 τοῖς
3269 3119 3530 3190 ῥηθεῖσιν,
3558 3115 3624 3172 ὧν
3673 3114 3743 3166 καὶ

2137 3227 2179 3282 ε
2212 3208 2508 3277 γενόμενος
2549 3207 2690 3271 ὅλος,
2739 3210 3152 3279 ἀντιποιήσαιτο
3203 3211 3302 3264 τοῦ
3359 3211 3616 3277 δόγματος
3665 3207 3741 3270 ὅση

2213 3297 2466 3364 δύναμις,
2529 3298 2776 3350 τοιοῦτον
2827 3298 2976 3367 ἔχειν
3032 3299 3132 3367 τῆς
3172 3300 3416 3362 πίστεως
3438 3295 3744 3366 καθηγεμόνα

2217 3386 2564 3456 βουλόμενος,
2595 3388 2656 3440 δν
2687 3388 2901 3450 οὐδενὸς
2923 3383 3086 3460 ἦττον
3125 3391 3243 3442 τῶν
3290 3390 3432 3458 ὐπὶρ
3465 3389 3578 3442 λίαν
3601 3385 3744 3440 ﬂati-

2217 3493 2328 3544 ρων
2359 3477 2420 3527 τὸ
2443 3477 2600 3529 Θεῖον
2637 3476 2886 3540 ἐδόξασεν
2908 3516 2922 3540 ,
2961 3476 3058 3530 ἅτε
3121 3480 3302 3532 πολλὰ
3334 3479 3586 3539 πολλάκις
3638 3466 3753 3537 ὑπὲρ

2215 3567 2318 3633 τῆς
2357 3568 2646 3632 εὐσεϐείας
2672 3569 3107 3639 ἀγωνισάμενον,
3142 3571 3245 3624 καὶ
3298 3571 3457 3625 τοῦτο
3483 3565 3746 3640 παρισώσι

2216 3659 2428 3721 τρανῶς
2449 3661 2505 3712 αἱ
2536 3660 2671 3729 πρὸς
2701 3662 2831 3723 τοὺς
2851 3663 3160 3726 αἱρετικοὺς
3200 3664 3566 3735 ἀντιρρήσεις,
3591 3660 3640 3712 al
3663 3657 3746 3709 πᾶ-

2220 3767 2320 3805 σαν
2343 3751 2598 3817 γλῶσσαν
2627 3753 3096 3823 ἀποστομίζουσαι
3130 3759 3393 3826 πονηρὰν
3428 3755 3522 3808 καὶ
3550 3750 3746 3822 παράνο-

2223 3859 2344 3917 μον,
2363 3843 2421 3894 ἐν
2444 3841 2532 3904 αίς
2557 3842 2706 3896 εστιν
2729 3839 2792 3898 οὗ
2819 3848 2916 3900 καὶ
2971 3847 3100 3916 περὶ
3134 3847 3236 3899 τοῦ
3296 3844 3640 3917 προκειμένου
3667 3840 3747 3891 ’δι-

2220 3911 2443 3997 έξείσιν,
2475 3933 2552 3994 ὼς
2589 3933 2650 3987 ὲν
2679 3934 2855 4004 ἑτέρῳ
2878 3934 2986 3990 τῶν
3013 3911 3182 3988 αὐτοῦ
3212 3911 3525 4003 κεφαλαίων
3553 3926 3738 3985 δυνατὸν

2219 4023 2478 4078 κατιδεῖν.
2507 4026 2648 4092 Πρὸς
2683 4029 2790 4095 γὰρ
2844 4027 2973 4089 τοὺς
3029 4027 3318 4095 λέγοντας,
3383 4027 3540 4080 Διατί
3601 4017 3744 4092 μὴτὸ

2220 4115 2465 4184 Πνεῦμα
2489 4115 2554 4168 τὸ
2575 4115 2748 4185 ἅγιον
2793 4118 2928 4181 Υἱὸς
2992 4117 3098 4172 τοῦ
3161 4118 3351 4181 Υιοῦ;
3415 4117 3595 4184 φθάνει
3646 4124 3747 4174 προς

2221 4207 2482 4260 απαντῶν
2545 4210 2572 4260 ὁ
2603 4208 2797 4277 μέγας,
2858 4209 2932 4270 ὡς
2982 4209 3146 4278 δῆθεν
3175 4209 3537 4279 ἀναιροῦντας
3557 4206 3611 4260 τὺ
3637 4198 3745 4255 εἶναι

2224 4300 2464 4360 συνόλως
2489 4299 2626 4352 αὐτὸ
2655 4299 2722 4351 δι’
2785 4299 2938 4356 Υίοῦ.
2963 4301 3060 4353 καὶ
3088 4301 3150 4352 τὸ
3183 4303 3387 4354 ἄτοπον
3430 4292 3746 4365 ἀπαγορεύων

2222 4391 2380 4460 φησί’
2419 4392 2500 4444 Οὐ
2535 4391 2634 4445 διὰ
2655 4391 2722 4444 τὸ
2749 4393 2838 4460 μὴ
2874 4389 3030 4445 εἶναι
3063 4393 3133 4445 ὲκ
3161 4393 3314 4448 Θεοῦ
3375 4393 3449 4446 δι’
3505 4388 3648 4450 Υίοῦ,
3676 4383 3746 4436 καὶ

2219 4484 2320 4554 τὴν
2353 4485 2536 4538 αίτίαν
2564 4485 2809 4552 ἐπάγων,
2842 4485 2990 4537 οὕτω
3049 4487 3408 4558 προστίθησιν
3428 4501 3443 4517 ⁸
3502 4481 3642 4537 Ἀλλ’
3672 4471 3754 4529 ί›·α’

2147 4583 2200 4642 Ῑ)
2219 4575 2595 4647 μὴ-νομισθῇ
2634 4576 2869 4643 πλῆθος
2890 4576 3144 4645 ἄπειρον
3183 4579 3223 4646 ἡ
3260 4579 3451 4644 Τριὰς,
3483 4573 3641 4637 υἱοὺς
3691 4565 3744 4626 ἐξ

2224 4667 2392 4733 υίῶν,
2417 4668 2499 4732 ὡς
2524 4667 2622 4721 καί
2651 4668 2721 4720 ἐν
2748 4668 3102 4736 ἀνθρώποις,
3135 4670 3304 4738 ἐχειν
3327 4660 3742 4725 ὑποπτευθεῦῖα.

2227 4759 2303 4811 Τὸ
2321 4760 2376 4811 δὲ
2411 4757 2485 4810 δι’
2541 4757 2680 4812 Υίοῦ
2719 4759 2850 4828 μετ’
2891 4759 3048 4825 ὀλίγα
3114 4761 3382 4829 συστῆσαι
3444 4756 3618 4814 θέλων,
3665 4747 3745 4802 ἀπὸ

2226 4851 2476 4919 χρήσεως
2507 4851 2786 4920 γραφικῆς
2817 4851 3069 4919 ἐπιφέρει
3094 4864 3109 4879 ο
3141 4852 3245 4906 Διὰ
3271 4850 3348 4918 δὴ
3376 4851 3544 4904 τοῦτο
3579 4847 3637 4899 τὸ
3655 4841 3745 4910 μὲν

2227 4941 2295 4992 ἐκ
2355 4941 2502 4994 Θεοῦ
2547 4943 2614 4993 τὸ
2677 4941 2918 5010 Πνεῦμα
2963 4938 3113 4994 εἶναι
3163 4941 3392 5009 τρανῶς
3421 4932 3733 5004 ἐκήρυξενό

2233 5031 2635 5095 -Ἀπόστολος,
2694 5031 2891 5099 λέγων
2945 5030 3034 5085 ὅτι
3076 5031 3142 5084 τὸ
3207 5031 3453 5100 Πνεῦμα
3491 5029 3552 5082 τὸ
3579 5027 3640 5084 ἐκ
3665 5015 3745 5073 τοῦ

2234 5123 2382 5176 Θεοῦ
2412 5123 2726 5191 ἐλάϐομεν,
2755 5123 2852 5175 καί
2873 5125 2937 5177 τὸ
2960 5125 3035 5176 δι’
3069 5123 3206 5178 Υίοῦ
3251 5122 3573 5191 πεφηνέναι
3592 5114 3746 5180 σαφές

2231 5216 2577 5280 πεποίηκεν,
2599 5215 2740 5269 Υίοῦ
2761 5216 3004 5283 Πνεῦμα
3026 5215 3330 5284 ὀνομάσας
3359 5214 3512 5275 auro;
3528 5205 3746 5266 καθάπερ

2233 5305 2405 5372 Θεοῦ,
2427 5307 2524 5360 καί
2547 5305 2665 5360 νῦν
2690 5307 2949 5374 Χριστοῦ
2980 5307 3327 5374 προσειπὼν
3377 5306 3620 5366 καθάπερ
3669 5294 3743 5345 καὶ

2232 5399 2382 5454 Θεοῦ
2405 5397 2651 5467 Πνεῦμα
2685 5397 2767 5462 ὡς
2791 5397 2898 5450 τοῦ
2950 5398 3289 5465 ἀνθρώπου.
3353 5398 3508 5456 Ποίας
3550 5393 3608 5446 ἂν
3642 5389 3745 5438 ἀπο·

2233 5495 2380 5546 λίποι
2446 5492 2644 5560 μανίας
2706 5490 3010 5562 ὑπερϐολὴν
3052 5493 3081 5542 ὁ
3120 5491 3230 5541 τῶν
3292 5488 3562 5558 παρόντων
3605 5474 3744 5548 ῥημά’

2233 5603 2339 5638 των
2390 5585 2836 5654 ἀκροασάμενος,
2883 5582 3075 5636 ἔπειτα
3135 5580 3211 5648 μὴ
3260 5580 3354 5649 τὴν
3421 5577 3624 5644 γνώμην
3670 5579 3723 5632 με

2233 5677 2528 5744 ταθέμενος
2583 5675 2719 5745 πρὸς
2773 5675 2833 5726 τὸ
2908 5674 3151 5743 βέλτιονς
3215 5681 3307 5724 καὶ
3341 5668 3531 5737 μᾶλλον
3558 5658 3742 5759 ἐπείῗερ

2235 5771 2263 5821 ὁ
2299 5770 2472 5838 μέγας
2524 5768 2712 5835 Πατὴρ
2761 5766 2854 5818 καὶ
2897 5765 3107 5816 ΙΙχῦὶον
3145 5765 3206 5814 τὸ
3230 5762 3322 5814 τοῦ
3354 5758 3740 5846 Χριστοῦ-στομα

2245 5861 2480 5919 παράγει
2543 5857 2635 5911 τὴν
2663 5855 2858 5908 ἑαυῖοῦ
2925 5854 3256 5907 συνιστῶντα
3290 5853 3531 5905 διάνοιαν.
3581 5844 3628 5892 ἐν
3675 5848 3739 5879 ⁰’³
