3962 6400
191 435 324 503 1053

1030 435 1130 496 DE
1168 432 1686 495 PROCESSIONE
1728 430 1788 490 S.
1830 432 2193 492 SPlRITUS
2233 432 2452 494 ORAT.
2497 432 2544 492 Ι,

3297 421 3432 487 1054

186 552 283 612 τὰς
312 547 781 617 ύπαγορευθείσας
806 548 955 620 αὐτῷ
985 548 1116 617 περὶ
1141 548 1236 603 τοῦ
1263 550 1583 616 Πνεῦματος
1653 547 1754 616 ῥή-
1780 562 1798 606 Δ

1886 545 2023 600 'aulo
2059 554 2228 599 notat.
2260 543 2363 611 Qui
2395 545 2538 609 enim
2591 543 2642 595 in
2687 540 2980 609 Evangelia
3004 557 3017 591 :
3041 538 3270 608 Spiritus
3304 542 3428 592 ueri-

191 657 306 703 σεις
333 637 699 708 ἐξηγούμενος
753 639 1030 709 φαίνεται,
1091 640 1172 693 δι’
1225 633 1323 701 ὧν,
1361 640 1437 701 ὡς
1491 638 1760 709 προείρη-

1866 637 1991 691 tatis
2042 636 2195 690 audit
2216 636 2258 699 ⁸,
2294 634 2461 689 Paulo
2494 631 2625 686 Filii
2695 630 2951 700 Spiritus,
2983 638 3035 683 et
3066 628 3266 683 Clariin
3289 645 3433 683 mens

188 730 295 785 ταί
331 745 444 798 μοι,
495 729 593 781 καὶ
646 728 749 797 τὴν
803 729 1174 801 εύαγγελικὴν
1241 729 1581 784 ἀναπτύσσει
1647 731 1762 791 τοῖς

1886 739 1967 787 est.
2016 729 2271 785 Christus
2305 744 2432 783 vero
2476 728 2673 782 veritas
2722 735 2825 779 est.
2862 724 3005 778 Bene
3037 722 3220 790 itaque
3269 734 3434 788 supra

188 820 615 889 ἑπεσκεμμένως
670 807 927 886 διεξιοῦσι
950 821 1154 885 ταύτας
1203 820 1412 891 φωνὴν,
1454 822 1611 891 είπερ
1664 819 1763 872 οὐκ

191 912 317 967 ἄλλο
353 911 413 964 τὸ
449 912 578 982 παρ’
608 910 777 981 αὐτῆς
818 914 1242 985 σημαινόμενον,
1272 910 1387 965 ἀλλ’
1416 912 1552 981 ὅπερ
1577 912 1762 963 αὐταῦ

195 1008 255 1058 τδ
300 1006 411 1073 γὰρ
454 1003 607 1074 παρὰ
659 1004 739 1074 τῷ
792 1004 1111 1074 Εὐαγγελίῳ
1164 1004 1406 1071 Πνεῦμα
1455 1003 1563 1071 τῆς
1620 1003 1767 1068 ἀλη-

194 1102 372 1163 θείας,
423 1096 667 1166 Πνεῦμα
714 1098 858 1150 κατὰ
890 1098 1097 1150 Παῦλον
1138 1097 1294 1162 Υίοῦ,
1319 1095 1417 1149 καί
1459 1094 1606 1161 νιῦς
1633 1097 1766 1163 Χρι-

194 1188 363 1244 στοῦ.
411 1187 647 1257 Χριστὸς
705 1187 763 1240 δὲ
811 1189 845 1258 η
897 1188 1150 1257 ἀλήθεια.
1210 1187 1409 1251 Καλῶς
1475 1186 1765 1254 τοιγαροῦν

195 1280 565 1350 προλαϐόντες
627 1278 894 1348 ἐλέγομεν
948 1281 1029 1341 είς
1087 1280 1258 1351 αὐτὴν
1304 1279 1521 1348 ἐκείνην
1568 1276 1664 1349 τὴν
1703 1278 1762 1333 ὲν

201 1371 553 1441 Εὐαγγελίοις
587 1370 917 1441 περικοπὴν,
949 1371 1084 1425 ἀλλὰ
1115 1371 1180 1440 δὴ
1231 1371 1325 1427 καὶ
1374 1371 1476 1433 τὰς
1535 1371 1770 1424 ἀποστο-

198 1464 357 1527 me;
408 1464 598 1534 ῥήσεις
654 1463 1022 1534 προσπταίειν
1077 1464 1206 1527 τοὺς
1234 1460 1768 1530 ἀντιδιατιθεμένους

202 1557 334 1625 ἡμῖν
365 1557 427 1607 ὲκ
478 1556 578 1625 τῆς
613 1554 905 1625 Κυριακῆς
963 1555 1106 1624 τάχα
1137 1555 1323 1623 φωνῆς
1376 1553 1452 1615 ὡς
1472 1554 1768 1622 παρέργως

202 1648 491 1717 μετιόντας
525 1648 595 1702 τά
627 1648 755 1717 περὶ
777 1646 1007 1712 τούτων,
1042 1647 1138 1700 καὶ
1175 1647 1249 1717 μὴ
1276 1646 1413 1717 μετὰ
1453 1645 1551 1714 τῆς
1599 1660 1771 1715 προσ-

195 1736 440 1808 ηκούσης
481 1737 815 1800 ἐπιστασίας
843 1740 941 1791 καί
968 1736 1332 1806 διασκέψεως.
1362 1737 1553 1806 Ὅμως
1585 1736 1633 1788 εί
1664 1735 1765 1790 καὶ

198 1830 278 1901 μὴ
307 1829 522 1902 πρώην,
553 1830 635 1893 είς
668 1829 730 1882 τὸ
766 1828 896 1898 ἑξῆς
923 1828 1055 1896 γοῦν
1075 1827 1221 1883 δοκῶ
1248 1826 1460 1898 μηδένα
1487 1824 1598 1880 τῶν
1619 1829 1765 1882 πάν-

194 1940 326 1986 των,
359 1922 471 1975 ὅσοι
493 1920 570 1992 μὴ
591 1920 681 1974 διὰ
710 1920 902 1985 τέλους
938 1919 1304 1992 ίδιορρύθμως
1328 1919 1467 1988 πρὸς
1490 1920 1669 1973 πάντα
1687 1917 1776 1972 λό-

197 2029 295 2082 γον
325 2012 661 2069 ἀντιϐαίνειν
709 2010 1009 2081 ἐγνώκασι,
1036 2013 1245 2065 τούτων
1273 2027 1328 2063 τι
1387 2009 1771 2080 παραδραμεῖν

194 2104 579 2169 ἀνεξέταστον,
602 2104 746 2174 μήτε
790 2103 899 2172 μὴν
920 2104 1000 2166 είς
1023 2103 1229 2170 γνῶσιν
1271 2101 1452 2157 αὐτῶν
1506 2100 1776 2170 ἀφικόμερ

197 2214 310 2262 νον,
345 2197 529 2266 μεῖναι
550 2195 655 2264 τῆς
677 2194 892 2259 οἰκείας
922 2192 1278 2250 ὲθελοϐούλου
1308 2191 1552 2263 ξγνώμης
1597 2190 1774 2244 εἰσέτι

198 2291 384 2351 κακῶς
406 2288 753 2358 έξεχόμενον,
786 2286 1068 2357 τρέψαντα
1092 2287 1151 2341 δὲ
1199 2286 1301 2357 τὴν
1340 2284 1538 2352 ἄλογον
1585 2283 1779 2339 ἐνστα-

203 2397 289 2435 σιν
337 2377 494 2449 οἶμαι
547 2379 732 2433 πάντα
782 2381 1050 2441 τοιοῦτον,
1113 2379 1194 2441 είς
1217 2376 1401 2445 θαῦμα
1449 2374 1777 2446 μεταϐαλεῖν

198 2472 300 2543 τὴν
326 2470 676 2543 προαίρεσιν,
704 2470 799 2522 καὶ
855 2469 975 2539 μεθ’
1006 2468 1165 2538 ἡμῶν
1221 2467 1480 2538 γενέσθαι
1516 2467 1625 2521 τῶν
1677 2468 1778 2532 τῆς

200 2561 455 2633 ἀληθείας
494 2560 876 2625 ὑπασπιστῶν,
933 2560 1002 2632 ἢν
1027 2560 1054 2611 ό
1083 2562 1226 2621 θεῖος
1268 2552 1424 2620 οὖτας
1444 2557 1581 2628 ἀνὴρ
1604 2557 1764 2611 δυνά-

205 2670 301 2725 μει
349 2654 510 2721 λόγου
537 2652 941 2721 καθυποδείξας
987 2653 1142 2723 ἡμῖν,
1206 2651 1553 2725 ὑπερμαχεῖν
1596 2647 1769 2716 αὐτῆς

199 2741 405 2809 τρόπον
421 2744 545 2795 τινὰ
583 2742 987 2811 προετρέψατο,
1023 2741 1122 2812 τὴν
1150 2741 1342 2810 κοινὴν
1403 2739 1773 2805 πιστούμενος

197 2831 429 2893 ἔννοιαν,
458 2833 580 2903 ἥτις
615 2829 760 2904 εἶχεν
793 2835 881 2889 ἀεὶ
923 2834 1003 2887 δι’
1029 2832 1158 2888 Υίοῦ
1176 2833 1238 2886 τὸ
1265 2831 1583 2902 Πνεῦμαιίτδ
1627 2829 1781 2897 ἆγιον

195 2922 502 2992 λαμϐάνειν
559 2923 661 2994 τὴν
731 2922 993 2995 ὕπαρξιν,
1052 2924 1130 2991 ὡς
1179 2924 1340 2992 δῆλον
1383 2924 1491 2977 κάκ
1533 2921 1634 2991 τῆς
1664 2920 1776 2977 τῶν

197 3014 551 3084 ἀπορούντων
572 3015 810 3076 διανοίας
830 3015 1001 3070 ἐστίν.
1033 3015 1193 3069 Ἐπεὶ
1221 3014 1308 3078 τίς
1343 3016 1372 3067 ὁ
1395 3013 1552 3081 λόγος
1575 3012 1675 3081 τὴν
1698 3011 1784 3066 αἱ·

1866 824 2204 883 dicebanius,
2246 822 2299 876 in
2334 822 2422 875 illa
2451 821 2568 890 ipsa
2599 818 2874 887 Evangelii
2904 817 3171 885 pericope,
3214 811 3345 883 quin
3380 811 3433 863 in

1866 914 2184 985 apostolicis
2222 914 2383 968 etiam
2432 912 2613 973 dictis,
2660 923 2846 962 errare
2887 921 3003 960 sese
3057 904 3217 959 nobis
3265 915 3437 967 oppo-

1868 1017 2080 1070 nentes,
2127 1007 2255 1062 dum
2302 1003 2640 1059 Dominicam
2695 1001 2837 1054 hanc
2877 1013 3062 1052 vocem
3108 993 3435 1064 producunt.

1868 1108 2127 1166 tanquam
2162 1095 2256 1165 qui
2289 1102 2492 1147 temere
2525 1090 2727 1148 similia
2756 1094 3015 1147 tractant,
3038 1098 3135 1137 nec
3168 1082 3220 1135 in
3248 1095 3438 1133 eorum

1868 1186 2118 1243 examine
2157 1183 2453 1238 addceente
2481 1178 2925 1237 c'onsidcratione
2950 1185 3113 1245 atque
3152 1170 3444 1241 investiga-

1870 1282 2017 1335 tione
2052 1287 2304 1334 utuntur.
2338 1273 2702 1329 Nihilominus
2746 1271 2870 1325 licet
2897 1270 2946 1324 id
2977 1283 3086 1322 non
3121 1274 3278 1321 antea
3317 1278 3439 1335 ege—

1870 1373 2003 1438 rint,
2032 1370 2085 1424 in
2123 1376 2403 1440 posterum
2438 1376 2617 1421 tamen
2662 1374 2898 1433 tempus,
2930 1361 3144 1414 nullum
3174 1373 3237 1412 ex
3272 1356 3443 1419 hisee,

1871 1466 1969 1536 qui
2018 1478 2127 1519 non
2176 1463 2242 1517 ad
2300 1462 2463 1516 ﬁnem
2520 1473 2695 1528 usque
2742 1453 2962 1527 proprio
3010 1450 3238 1507 arbitrio
3271 1449 3441 1509 ducti,

1871 1556 2135 1628 quidquid
2167 1551 2410 1618 affertur,
2441 1563 2754 1621 oppugnare
2785 1546 3212 1606 constituerunt,
3248 1540 3442 1594 horum

1871 1650 2006 1706 nihil
2056 1648 2266 1717 absque
2316 1642 2673 1713 inquisitione
2714 1636 3182 1709 praetermissuros
3227 1645 3447 1703 :neque

1873 1754 1997 1795 cum
2045 1739 2099 1793 in
2130 1752 2320 1793 eorum
2352 1735 2722 1804 cognitionem
2753 1729 2986 1793 venerit,
3029 1727 3085 1780 in
3115 1724 3363 1796 propria,
3394 1731 3450 1776 et

1873 1847 2037 1901 quam
2077 1829 2179 1885 sibi
2218 1827 2361 1882 male
2406 1823 2778 1896 pratlixerunt,
2830 1820 3093 1891 Opinione
3127 1829 3451 1887 permansu-

1875 1939 1968 1980 ros
2002 1939 2016 1976 :
2045 1921 2137 1977 sed
2168 1920 2319 1973 nulla
2349 1919 2563 1974 ratione
2591 1916 2772 1970 nixam
2802 1911 3212 1967 contentionem
3248 1908 3449 1962 immu-
3485 1900 3489 1905 ’

1875 2022 2089 2071 laturos
2122 2027 2313 2066 omnes
2367 2009 2645 2070 existimo,
2690 2015 2746 2060 et
2788 2004 3108 2058 electionem
3153 1998 3451 2054 admiratos

1877 2123 1984 2163 uni
2036 2104 2320 2159 nobiscum
2374 2102 2592 2157 futuros
2634 2097 2881 2152 veritatis
2924 2090 3450 2164 propugnatoribus,

1877 2215 2038 2271 quam
2072 2197 2297 2254 divinus
2329 2197 2433 2252 iste
2459 2196 2563 2259 vir,
2616 2192 2667 2246 vi
2706 2189 3072 2257 facultateque
3102 2182 3319 2238 dicendi
3358 2181 3453 2234 de-

1876 2297 2240 2351 monstratam
2297 2288 2484 2363 aliquo
2540 2284 2703 2340 modo
2759 2279 3053 2337 defendere
3111 2276 3451 2331 adhortatur.
3532 2318 3535 2321 .

1877 2396 2222 2441 communem
2278 2378 2606 2434 sententiam
2664 2372 3020 2435 conﬁrmans,
3072 2382 3180 2437 qua
3240 2377 3455 2433 semper

1879 2477 2249 2533 indubitatum
2297 2478 2435 2534 erat,
2485 2483 2586 2538 per
2618 2464 2822 2525 Filium
2885 2460 3150 2531 Spiritum
3204 2464 3451 2512 sanctum

1877 2562 2256 2622 exsistentiam
2303 2559 2572 2627 accipere,
2623 2554 2701 2610 uti
2748 2549 3094 2605 manifestum
3146 2548 3205 2600 tit
3246 2559 3310 2599 ex
3343 2559 3439 2598 eo-

1878 2672 2024 2721 rum,
2077 2653 2172 2724 qui
2218 2649 2562 2711 addubitant,
2619 2654 2822 2699 mente.
2872 2640 2989 2708 Qua
3038 2641 3184 2695 enim
3239 2637 3454 2691 ratione

1878 2760 2097 2804 causam
2134 2744 2208 2799 illi
2241 2740 2557 2813 perquirent
2585 2756 2598 2791 :
2630 2738 2807 2802 Quare
2849 2740 2951 2788 non
2993 2733 3139 2803 ﬁlius
3171 2729 3299 2784 Filii
3336 2728 3459 2797 Spi-

1879 2842 2017 2913 ritus
2048 2845 2289 2896 sanctus,
2326 2833 2433 2888 nisi
2460 2832 2495 2886 ii
2532 2846 2625 2900 per
2653 2830 2830 2898 ipsum
2869 2824 3240 2881 exsistentiam
3279 2821 3458 2892 possi-

1882 2934 2015 2989 dere
2048 2931 2168 2985 sine
2211 2924 2590 2983 controversia
2634 2925 2948 2982 censerent,
2993 2925 3046 2970 et
3093 2914 3236 2986 apud
3268 2928 3460 2968 omnes

1880 3021 2059 3078 simile
2089 3020 2286 3087 dogma
2352 3013 2558 3082 absque
2609 3010 2721 3064 ulla
2769 3007 3109 3064 dubitatione
3141 3003 3356 3058 ﬁrmum
3397 3016 3460 3085 ac

195 3107 321 3165 τίαν
370 3106 597 3169 τούτους
634 3107 842 3177 ζητεῖν,
874 3108 1080 3177 ὅτιπερ
1103 3109 1216 3176 οὐχ
1253 3106 1387 3172 Υἱὸς
1415 3105 1521 3160 τοῦ
1551 3104 1687 3163 Υίοῦ
1714 3102 1783 3156 τὸ

1886 3111 2084 3170 Stabile
2108 3124 2232 3164 esse
2263 3102 2698 3179 cognoscerent?
2732 3100 2848 3155 lloc
2876 3112 3100 3170 prorsus
3129 3111 3193 3150 ex
3227 3084 3459 3164 respon-

197 3199 447 3269 Πνεῦμα
473 3202 540 3254 τὸ
561 3201 757 3269 ἅγιον.
794 3204 845 3255 εί
878 3202 952 3273 μὴ
977 3200 1047 3255 δι’
1073 3202 1244 3256 αὑτοῦ
1277 3202 1440 3254 τοῦτο
1468 3197 1779 3268 κεκτῆσθαι

1886 3205 2038 3261 sione
2088 3217 2191 3257 sua
2247 3200 2314 3257 ad
2365 3197 2616 3261 eosdem,
2669 3193 2875 3250 caelesti
2924 3188 3191 3260 sapientia
3241 3185 3463 3240 abunde

195 3293 300 3361 τὴν
359 3291 596 3363 ὓπαρξιν
623 3292 1072 3365 ὁμολογουμένως
1104 3292 1461 3364 ἐπρέσϐευον,
1495 3292 1592 3344 καὶ
1627 3289 1780 3360 παρὰ

1886 3309 1987 3365 pro
2017 3292 2130 3349 suis
2157 3288 2413 3345 maximis
2467 3284 2904 3352 clarissimisque
2935 3279 3232 3335 virtutibus
3256 3277 3462 3331 ditatus

199 3387 342 3442 πᾶσι
366 3386 427 3441 τὸ
448 3386 696 3441 τοιοῦτον
718 3387 899 3457 δόγμα
936 3386 1168 3458 κρατεῖν
1233 3383 1626 3457 ἀναμφιϐόλως
1683 3381 1781 3437 καὶ

1891 3389 2301 3447 demonsuans,
2339 3378 2587 3434 veritatis
2615 3374 2950 3445 virtutisque
2986 3370 3146 3443 plena
3181 3370 3343 3424 verba
3379 3367 3463 3420 lo-

198 3477 449 3548 στεῤῥῶς
481 3477 717 3549 ᾔδεσαν;
759 3480 920 3535 τοῦτο
949 3480 1010 3534 δὲ
1056 3480 1281 3544 πάντως
1321 3479 1428 3533 κᾶν
1492 3476 1592 3545 τῆς
1644 3474 1782 3545 πρὸς

1889 3488 2052 3535 cutus
2101 3471 2466 3529 conﬁrmavit.
2523 3469 2587 3527 Et
2640 3469 2755 3525 haec
2789 3466 3009 3537 quidem
3049 3462 3229 3532 magni
3274 3458 3464 3514 Basilii

198 3571 402 3630 αὐτοὺς
432 3569 729 3636 ἀπολογίας
766 3570 795 3623 ό
826 3570 927 3642 τὴν
968 3571 1222 3642 οὐράνιον
1281 3568 1480 3638 σοφίαν
1523 3565 1784 3635 παριόντι

1891 3577 2048 3633 sunt,
2085 3580 2149 3625 ea
2189 3564 2449 3619 ﬁrmitate
2481 3561 2726 3630 praedita,
2763 3572 2996 3628 eamque
3034 3555 3145 3609 vim
3188 3552 3465 3615 habentia,

199 3658 524 3727 πλουτήσας
543 3658 648 3729 τῆς
678 3658 884 3731 ἀρετῆς
915 3658 1089 3724 οὕτως
1111 3660 1261 3730 ἔχειν
1287 3657 1785 3728 παραστησάμενος

1897 3670 1960 3719 ιιι
2015 3659 2181 3715 rectis
2240 3657 2388 3711 illius
2452 3651 2801 3722 dogmatibus
2855 3662 3144 3709 assensum
3203 3653 3466 3715 praestare

197 3749 564 3816 ἐϐεϐαίωσεν,
600 3750 859 3820 ἀληθείας
906 3751 1315 3820 καὶδυνάμεως
1352 3750 1593 3820 γέμοντα
1621 3747 1788 3817 φθεγ-

1895 3748 2111 3802 animos
2143 3752 2361 3814 cogant.

198 3839 440 3909 ξάμενος
471 3841 719 3911 ῥήματα.
752 3840 836 3894 Τὰ
870 3841 969 3912 μὲν
997 3841 1063 3911 δὴ
1089 3841 1185 3894 τοῦ
1221 3840 1459 3911 μεγάλου
1526 3837 1812 3893 Βασιλείου
1851 3836 2104 3900 τοιαῦτα,
2171 3834 2269 3888 καὶ
2326 3831 2502 3896 οὕτως
2553 3829 2755 3894 ἱκανῶς
2815 3827 3010 3903 ἔχοντα
3071 3826 3259 3877 πεῖσαι
3289 3821 3466 3893 ψυχὴν

201 3931 501 3993 συνθῖςῖθαι
526 3938 639 4001 τοῖς
676 3936 860 4007 ὀρθοῖς
891 3935 1087 3991 τούτου
1145 3935 1437 4005 δόγμασιν,
1497 3936 1593 3991 άτε
1636 3935 1769 3988 πολὺ
1809 3930 2147 3988 πλουτοῦντα
2172 3928 2232 3982 τὸ
2263 3926 2506 3999 ἰσχυρόν.

282 4028 366 4082 ιδ’.
400 4029 537 4083 Τίνα
567 4028 623 4081 δὲ
652 4029 747 4080 καὶ
768 4030 839 4082 τὰ
869 4027 950 4096 τῷ
978 4028 1207 4098 Νύσσης
1237 4028 1556 4099 Γρηγορίῳ,
1577 4027 1656 4097 τῷ
1687 4043 1792 4097 μη-

206 4125 302 4177 δὲν
326 4119 493 4195 ἦττον
532 4121 750 4191 ἀδελφῷ
788 4119 1014 4191 τὴνιτῆς
1039 4122 1276 4187 πίστεως
1298 4120 1596 4190 ὁμολογίαν
1633 4120 1668 4191 ἢ
1694 4122 1792 4189 τὴν

205 4213 402 4284 σχέσιν
427 4213 528 4281 τῆς
563 4211 775 4281 φύσεως
795 4212 853 4264 ὲν
882 4210 1162 4281 διαφόροις
1191 4210 1628 4280 δογματισθέντα
1665 4211 1794 4277 περὶ

203 4306 406 4360 τούτου
431 4304 881 4373 συγγράμμασιν,
911 4300 948 4356 ά
982 4304 1076 4356 καὶ
1109 4303 1306 4374 μικρὸν
1352 4302 1588 4374 πρόσθεν
1613 4320 1798 4373 παρα-

1964 4024 2057 4077 14.
2097 4021 2228 4086 Quae
2273 4034 2404 4074 vero
2448 4014 2729 4089 Nysseuus
2776 4013 3073 4083 Gregorius
3127 4026 3233 4065 non
3283 4010 3467 4066 minus

1896 4113 2245 4173 confessione
2294 4109 2448 4173 ﬁdei,
2490 4123 2657 4178 quam
2704 4117 2913 4165 naturae
2957 4103 3273 4159 habitudine
3303 4101 3468 4155 frater

1898 4208 1955 4265 in
2017 4206 2189 4263 variis
2238 4203 2304 4258 de
2365 4201 2468 4257 hac
2522 4215 2584 4253 re
2643 4195 3057 4253 commentariis
3104 4192 3370 4259 decernit,
3420 4199 3469 4241 rt

1901 4300 2064 4372 paulo
2106 4307 2230 4350 ante
2271 4292 2602 4364 procedente
2649 4288 2895 4344 oratione
2942 4286 3188 4356 digerere
3219 4282 3463 4354 promisi-

205 4402 387 4453 θεῖναι
410 4401 693 4469 προϊόντος
720 4394 813 4455 τοῦ
842 4397 1001 4464 λόγου
1025 4395 1524 4466 καθυπισχόμεθας
1579 4395 1798 4465 Συνῳδᾶ

1905 4391 2066 4447 mus?
2114 4388 2439 4458 Congruunt
2481 4394 2538 4439 et
2568 4383 2658 4445 illa
2694 4379 2962 4452 profecto.
2994 4386 3049 4432 et
3077 4390 3243 4446 quam
3289 4374 3471 4427 consi-

207 4493 310 4545 καὶ
338 4489 532 4553 ταῦτα,
564 4491 659 4542 καὶ
677 4489 741 4541 τὸ
778 4489 887 4542 πᾶν
909 4489 1200 4556 σύμφωνα,
1251 4487 1314 4541 τό
1337 4504 1399 4540 τε
1446 4486 1635 4549 σθένος
1693 4487 1793 4538 οὐκ

1903 4487 2052 4539 milia
2076 4491 2224 4546 sunt,
2263 4495 2429 4550 quam
2458 4483 2685 4547 possunt
2710 4472 2988 4537 omnibus,
3020 4484 3119 4523 nec
3154 4469 3337 4521 minus
3369 4482 3472 4517 an-

212 4583 523 4639 ἀποδέοντα
551 4579 663 4639 τῶν
706 4580 1152 4650 προειρημένων,
1202 4581 1300 4634 καὶ
1328 4578 1589 4649 τοιαύτην
1638 4595 1795 4646 περι-

210 4674 543 4743 ζωννύμενα
572 4672 671 4744 τὴν
698 4671 986 4741 ἀλήθειαν.
1027 4671 1116 4725 Ἐν
1151 4671 1260 4742 γὰρ
1294 4671 1371 4740 τῷ
1403 4670 1608 4741 πρώτῳ
1648 4669 1793 4740 λόγῳ

208 4769 328 4825 τῶν
356 4767 526 4827 αὑτοῦ
568 4767 707 4836 πρὸς
737 4764 1004 4834 Εὐνόμιον
1029 4758 1464 4833 ’Λντιρρητικῶν
1485 4764 1659 4819 ταῦτα
1680 4764 1795 4822 δια-

205 4858 533 4927 λαμϐάνων,
564 4857 660 4917 καὶ
690 4851 851 4919 οὗτός
880 4868 1019 4924 φησι
1055 4869 1068 4883 ·
1134 4853 1335 4924 Πατὴρ
1379 4852 1496 4919 μὲν
1532 4853 1797 4930 ἄναρχος

206 4951 317 5007 καί
384 4950 716 5018 ἀγέννητος
764 4944 1010 5009 νοεῖται.
1080 4943 1181 5011 Ἐξ
1223 4942 1411 4997 αὐτοῦ
1451 4943 1519 4995 δὲ
1554 4945 1701 5003 κατὰ
1729 4944 1797 5003 τὸ

205 5040 521 5110 προσεχὲς
542 5038 917 5102 ἀδιαστάτως
950 5038 983 5089 ὁ
1005 5033 1347 5107 μονογενὴς
1393 5030 1521 5097 Υἱὸς
1556 5032 1635 5096 τῷ
1676 5037 1797 5087 Ila-

205 5137 307 5205 τρί
339 5133 791 5193 συγεπινοεῐται
818 5148 832 5164 ο
872 5130 946 5183 δι’
988 5128 1176 5183 αὑτοῦ
1206 5125 1277 5181 δὲ
1312 5126 1411 5183 καὶ
1437 5126 1563 5194 μετ’
1610 5125 1799 5178 αὐτοῦ

208 5229 366 5296 πρίν
424 5244 479 5281 τι
522 5226 706 5283 κενόν
765 5241 827 5278 τε
858 5223 956 5283 καί
1020 5222 1448 5277 ἀνυπόστατον
1486 5216 1581 5270 διὰ
1602 5217 1797 5286 μέσου

207 5317 634 5389 παρεμπεσεῖν
686 5316 906 5385 νόημα,
968 5313 1152 5378 εὐθὺς
1207 5314 1406 5368 καὶτὸ
1457 5310 1703 5379 Πνεῦμα
1732 5310 1800 5368 τὸ

208 5413 396 5482 ἅγιον
431 5407 830 5478 συνῃμμένως
851 5403 1405 5481 καταλαμϐάνεται..
1428 5406 1541 5469 οὐχ
1615 5404 1799 5457 ὑστε-

199 5505 385 5575 ρίζον
410 5504 527 5570 τὴν
573 5500 838 5569 ῦπαρξιν
878 5497 1028 5568 μετὰ
1068 5485 1175 5559 ι’ὸρ
1227 5497 1385 5559 Υἱιὲν,
1448 5494 1605 5547 ὥστε
1662 5490 1807 5551 ποτὲ

210 5600 332 5654 τὸν
347 5596 663 5666 Mor-orem?
680 5597 821 5665 δίχα
838 5594 946 5653 τοῦ
968 5592 1316 5661 Πνεύματος
1333 5587 1646 5661 νοηθῆναι,
1670 5584 1807 5645 ἀλλ’

1900 4586 1987 4631 tea
2047 4572 2332 4645 productis
2397 4568 2709 4633 validiora,
2787 4578 2889 4618 nec
2940 4558 3194 4617 dissimili
3247 4558 3474 4611 veritate

1899 4669 2125 4723 vallata.
2187 4664 2362 4721 Primo
2412 4676 2650 4731 namque
2698 4672 2926 4714 suorum
2987 4654 3249 4709 adversus
3295 4648 3474 4702 Euno-

1901 4763 2073 4817 niiuni
2104 4756 2601 4813 Antirrheticorum
2631 4753 2771 4806 libro
2798 4751 2914 4803 haec
2948 4746 3333 4802 continentur:
3369 4742 3477 4795 Pa-

1906 4862 1983 4909 ter
2014 4849 2224 4926 quidem
2268 4850 2382 4903 sine
2426 4844 2685 4917 principio
2714 4852 2764 4896 et
2804 4840 3069 4910 ingenitus
3122 4834 3477 4903 intelligitur;

1903 4962 1969 5003 ea:
2001 4960 2061 4999 eo
2101 4958 2220 4998 vero
2278 4938 2584 4999 immediate
2621 4948 2670 4991 et
2705 4935 2926 4989 indivise
2961 4929 3265 5007 unigenitus
3308 4925 3353 4977 F
3357 4926 3480 4979 ilius

1906 5054 2027 5093 cum
2068 5035 2232 5090 Patre
2280 5032 2439 5088 simul
2489 5029 2860 5100 intelligitur:
2892 5042 2984 5097 per
3026 5025 3165 5076 hunc
3201 5029 3377 5073 autem
3428 5025 3480 5069 et

1907 5142 2023 5180 cum
2055 5126 2190 5194 ipso,
2223 5131 2509 5191 antequam
2538 5122 2715 5173 inanis
2745 5128 2794 5174 et
2835 5134 2938 5172 non
2969 5117 3256 5173 subsistens
3298 5112 3352 5164 in
3379 5125 3469 5162 me-

1907 5220 1996 5277 dio
2019 5215 2281 5283 perceptio
2324 5212 2553 5278 incidat,
2601 5213 2785 5265 statim
2818 5209 3049 5279 Spiritus
3095 5211 3312 5258 sanctus
3360 5197 3481 5262 iun-

1907 5311 2032 5365 ctim
2073 5309 2389 5376 concipitur,
2435 5322 2535 5361 non
2578 5312 2694 5379 post
2736 5300 2941 5356 Filium
2979 5295 3282 5354 exsistentia
3311 5289 3482 5346 subsi-

1908 5416 2070 5471 stens,
2100 5410 2157 5459 ut
2189 5399 2482 5472 aliquando
2513 5394 2822 5469 Unigenitus
2854 5393 3047 5465 absque
3079 5389 3284 5460 Spiritu
3309 5384 3482 5439 conci-

1909 5498 2115 5568 piatur,
2140 5495 2228 5551 sed
2285 5508 2351 5548 ea:
2416 5505 2591 5544 rerum
2649 5487 2881 5541 omnium
2940 5484 3050 5538 Deo
3109 5495 3154 5535 et
3212 5482 3320 5551 ipse
3370 5489 3482 5531 suta

1909 5590 2150 5644 assentire
2181 5603 2399 5641 causam
2431 5583 2646 5646 habens,
2678 5579 2815 5647 unde
2860 5584 2909 5631 et
2950 5574 3277 5642 unigenitum
3310 5572 3486 5624 lumen

208 5693 289 5745 ἐκ
326 5690 445 5760 μὲν
465 5659 574 5745 τοῦ
605 5659 902 5746 Θεούντείν
958 5659 1240 5740 litteram!
1299 5682 1448 5739 αὐτὸ
1472 5682 1588 5750 τὴν
1614 5659 1798 5737 αἰτίαν

1915 5681 2106 5743 oritur,
2135 5695 2226 5749 per
2252 5692 2427 5737 verum
2448 5683 2622 5737 autent
2659 5671 2832 5724 lumen
2861 5665 3176 5726 elucescens,
3216 5675 3376 5730 neque
3402 5659 3486 5716 div

310 5853 328 5881 ἰ
352 5850 513 5905 .lnan.
552 5864 666 5913 pm,
708 5845 785 5903 Ξῖ.
