3962 6428
178 312 296 378 105⁸1

1002 313 1100 372 DE
1140 305 1656 370 PROCESSIONE
1697 308 1752 367 S.
1802 307 2166 368 SPIRITUS
2201 308 2425 369 ORAT.
2464 306 2516 371 Ι.

3263 307 3401 371 1058

181 423 291 493 περὶ
315 420 505 476 τούτου
534 421 771 474 διάνοιαν
793 418 1235 487 ἐξαγγέλλοντες,
1269 410 1344 471 ὧν
1380 416 1481 486 μὲν
1526 432 1728 487 προγε-
1755 468 1760 479 η

1842 415 2158 470 sententiain
2206 413 2486 469 ferentes:
2526 414 2718 466 horum
2772 410 3050 481 antiquior
3093 414 3144 467 in
3177 415 3403 470 Rcfuta-

178 516 407 582 νέστερος
441 514 498 564 ὲν
527 507 609 573 οἷς
632 511 854 582 ἔλεγχον
885 512 978 563 τὸν
1001 510 1129 581 περὶ
1157 509 1424 563 Μελέτιον
1453 507 1728 561 ἐκτίθεται

175 606 263 659 καὶ
285 602 559 667 Εὑσέϐιον,
586 598 705 656 Ἦν
731 600 801 654 δὲ
828 600 1130 656 ἀδύνατον
1161 600 1232 654 ἐν
1254 597 1329 668 τῇ
1346 598 1455 664 τῆς
1491 598 1732 666 Τριάδος

174 695 310 763 δόξῃ
334 693 401 746 τὸ
426 693 688 759 Πνεῦμα,
718 692 885 759 λέγει,
911 688 1261 755 δοξάζεσθαι
1289 688 1376 757 μὴ
1399 688 1732 756 προοδικῶς

174 788 244 841 ὃν
265 787 328 840 ἐκ
356 785 505 840 Θεοῦ
558 784 632 836 δι’
684 784 838 846 Υἱοῦ,
893 781 1057 838 ἀλλὰ
1105 780 1426 848 ποιητικῶς
1482 780 1549 832 ἐκ
1583 779 1731 834 Θεοῦ

176 877 428 947 γεγονὸς,
469 875 547 939 ὡς
586 874 898 942 λέγουσιν.
929 871 1248 942 Ὀρθοδόξου
1303 871 1362 924 δὲ
1418 872 1583 924 πάλιν
1637 870 1733 924 καὶ

176 967 495 1023 Μακεδονίου
521 965 754 1028 διάλεξιν
786 963 1152 1034 ἐκτιθέμενος,
1183 963 1328 1016 οὕτω
1361 963 1549 1032 φησίν·
1589 962 1732 1015 Ἐὰν

177 1052 280 1112 οὖν
311 1052 518 1123 δειχθῇ
538 1056 648 1119 τῆς
680 1053 869 1119 αὐτῆς
894 1049 1048 1107 εἶναι
1074 1055 1314 1121 φύσεως
1329 1054 1425 1106 καὶ
1455 1053 1735 1118 θεότητος

176 1146 252 1213 τῷ
286 1145 392 1212 Υιῷ
418 1147 517 1199 καὶ
566 1144 645 1210 τῷ
674 1147 854 1213 Πατρὶ
890 1145 957 1198 τὸ
1004 1146 1248 1215 Πνεῦμα
1302 1144 1371 1197 τὸ
1429 1131 1504 1207 ἐξ
1547 1144 1733 1198 αὑτοῦ

176 1238 277 1290 τοῦ
320 1235 554 1304 Πατρός
576 1234 674 1287 διὰ
693 1234 803 1288 τοῦ
841 1234 979 1288 Υἱοῦ
1010 1234 1288 1303 ἐκχυθὲν,
1328 1234 1427 1287 καὶ
1468 1250 1735 1300 προσκυ-

178 1328 354 1394 νητὸν
382 1325 482 1378 καὶ
515 1323 851 1390 λατρευτὸν
874 1323 1403 1391 ἀποδειχθήσεται.
1467 1322 1737 1391 Κύριλ>.ος

178 1417 234 1472 δὲ
257 1417 582 1489 μεθύστερον
613 1418 672 1467 ὲν
705 1416 804 1485 μὲν
854 1418 921 1485 τῇ
946 1413 1214 1485 ἑρμηνείᾳ
1242 1413 1338 1466 τοῦ
1376 1402 1535 1466 κασιιά⁴
1566 1412 1737 1466 Ἰωάν·

181 1524 275 1576 νην
331 1503 687 1572 εὐαγγελικοῡ
745 1500 912 1572 ῥητοῦ
959 1501 1053 1553 τοῦ
1107 1499 1380 1568 λέγοντος,
1411 1499 1598 1552 Ὅταν
1625 1493 1739 1552 οὖν

183 1598 320 1665 ἔλθῃ
347 1598 379 1649 ό
415 1595 830 1663 Παράκλητος.
897 1593 1125 1659 Ὠσπερ
1180 1591 1290 1662 γάρ
1348 1591 1520 1644 ἐστιν
1583 1589 1739 1644 ιδιον

1838 505 1981 559 tione
2006 515 2197 559 contra
2232 505 2566 575 hypocrisim
2621 500 2817 556 Mcletii
2850 514 2903 554 et
2939 501 3158 556 Eusebii
3186 506 3353 558 tradit
3385 524 3403 561 :

1834 593 1995 664 Atqui
2052 594 2373 664 impossibile
2405 602 2520 646 erat
2546 595 2602 645 in
2637 590 2916 645 Trinitatis
2945 592 3113 662 gloria
3144 591 3407 661 Spiritum

1834 686 2248 757 congloriﬁcari,
2287 687 2390 740 nisi
2424 701 2489 740 ex
2534 684 2642 738 Deo
2672 700 2762 753 per
2791 682 2994 737 Filium
3033 686 3407 754 progrediendi

1834 778 2009 840 modo,
2039 794 2141 830 non
2184 787 2361 831 autent
2389 777 2549 844 ﬂendi
2597 776 2802 829 ratione
2842 790 2906 828 ex
2938 774 3044 827 Deo
3077 775 3166 836 sit,
3203 784 3260 828 ut
3302 775 3409 845 ipsi

1835 870 2006 921 aiunt.
2063 867 2366 922 Ortliodoxi
2406 867 2533 921 item
2574 874 2627 919 et
2655 865 3028 920 Macedoniani
3069 867 3409 934 Disputatio-

1836 976 1958 1014 nem
2000 976 2358 1031 prosequens,
2409 962 2602 1016 scribit
2633 978 2647 1014 :
2682 959 2871 1027 Itaque
2918 959 2964 1012 si
2995 968 3259 1012 ostensum
3290 957 3406 1026 fue-

1837 1056 1907 1109 rit
1951 1057 2187 1125 ejusdem
2228 1072 2341 1110 esse
2383 1056 2679 1110 divinitatis
2729 1056 2987 1122 Spiritum
3017 1062 3135 1107 cum
3169 1050 3313 1106 Filio
3355 1061 3409 1107 et

1836 1149 2020 1213 Patre,
2059 1150 2148 1219 qui
2176 1164 2242 1203 ex
2282 1147 2444 1203 Patre
2466 1165 2560 1218 per
2591 1146 2792 1200 Filium
2822 1146 3023 1215 e/fusus
3054 1154 3155 1207 est,
3190 1154 3240 1197 et
3270 1145 3408 1198 ado~

1840 1234 2040 1287 randus
2087 1245 2136 1287 et
2176 1236 2420 1289 colendus
2459 1251 2571 1288 esse
2614 1233 3086 1288 demoustrubitur.
3120 1232 3411 1287 Reccnlior

1836 1342 1968 1380 tero
1997 1325 2231 1397 Cyrillus
2261 1327 2314 1381 in
2357 1326 2699 1396 espositione
2729 1325 2861 1379 dicti
2907 1324 3204 1391 evangelici
3240 1321 3410 1376 Joan-

1837 1417 1924 1471 nis
1988 1432 2003 1468 :
2052 1417 2184 1471 Cum
2234 1418 2413 1488 itaque
2476 1418 2790 1471 Paraclelus
2842 1415 3038 1468 venerit
3078 1416 3098 1446 ⁵
3135 1453 3150 1476 ,
3206 1413 3408 1468 docet:

1839 1507 2293 1573 Quemadmodum
2324 1509 2570 1579 proprius
2604 1518 2679 1562 est
2708 1506 2941 1575 Spiritus
2977 1503 3112 1558 Filii
3144 1503 3412 1557 naturali-

1841 1608 1921 1652 ter
1956 1599 2009 1651 in
2047 1599 2159 1665 ipso
2189 1600 2466 1663 exsistens,
2496 1608 2545 1653 et
2573 1614 2665 1668 per
2703 1599 2878 1668 ipsum
2911 1594 3272 1665 progrediens.
3330 1595 3411 1645 ita

182 1684 413 1754 Πνεῦμα
450 1684 559 1739 τοῦ
602 1684 764 1747 Υἱοῦ,
797 1683 1061 1748 διδάσκει,
1094 1681 1367 1751 φυσικῶς
1395 1683 1465 1735 ὲν
1486 1681 1648 1746 αὐτῷ
1673 1698 1737 1735 τε

1842 1699 1917 1743 est
1946 1700 1994 1742 et
2027 1689 2234 1743 Patris.
2268 1689 2410 1744 Idem
2442 1690 2498 1743 in
2528 1690 2659 1743 illud
2692 1706 2706 1742 :
2742 1687 2921 1756 Neque
2943 1687 3085 1739 enim
3109 1686 3351 1753 loquetur
3378 1699 3413 1735 a

177 1751 470 1845 ὑπάργον,
526 1775 624 1827 καὶ
646 1773 722 1827 δι’
763 1772 952 1828 αὑτοῦ
1011 1774 1243 1840 προϊὸν,
1284 1772 1438 1825 οὕτω
1486 1771 1583 1824 καὶ
1626 1770 1735 1824 τοῦ

1842 1797 1896 1834 se
1920 1780 2069 1850 ipso:
2109 1780 2342 1834 Praedixi
2380 1782 2541 1842 enim,
2573 1779 2674 1843 ait,
2709 1788 2758 1832 et
2790 1778 2836 1830 si
2873 1792 2975 1831 non
3007 1775 3194 1828 valetis
3234 1771 3413 1826 omnia

179 1869 422 1934 Πατρός.
489 1863 551 1918 '0
606 1864 768 1927 αὐτὸς
822 1864 904 1927 εις
927 1863 1010 1928 τὸ,
1063 1865 1146 1917 Οὐ
1184 1863 1295 1934 γὰρ
1342 1861 1738 1931 λαλήσειάφ*

175 1957 417 2011 ἑαυτοῦ·
457 1956 788 2024 ΠροεΙρηκα
808 1954 939 2026 ¹γὰρ,
970 1954 1183 2024 φησιν,
1213 1956 1266 2008 ει
1289 1954 1390 2007 καὶ
1419 1954 1506 2023 μὴ
1561 1953 1738 2008 δεδύ-

175 2050 358 2114 νησθε
381 2049 581 2101 πάντα
601 2045 837 2115 μαθεῖν.
874 2049 995 2099 οὐκ
1042 2046 1121 2100 ἂν
1159 2041 1270 2100 οὖν
1325 2044 1441 2112 ἄρα
1475 2043 1739 2111 καθάπερ

172 2138 286 2207 ἐγὼ
305 2137 545 2207 προερεῖ
561 2139 634 2191 τὰ
659 2137 947 2206 ἐσόμενα,
975 2136 1061 2207 μὴ
1100 2136 1238 2205 οὐχὶ
1266 2134 1503 2200 πάντως
1527 2135 1742 2205 ἐνέμοι

173 2244 236 2283 τε
263 2230 557 2297 ὑπάρχον,
582 2227 679 2281 καὶ
708 2229 785 2280 δι’
809 2226 956 2297 ἐμοῦ
1023 2228 1256 2294 προτόν.
1309 2226 1402 2290 Τὸ,
1468 2225 1732 2291 Ἐκεῖνος

177 2319 278 2387 ἐμὲ
327 2317 597 2382 δοξάσει,
665 2316 826 2371 πάλιν
871 2316 1328 2387 ὲπεξηγούμενος,
1392 2314 1632 2382 Ἐπειδὴ
1673 2314 1741 2367 δὲ

175 2408 494 2476 ὀμοούσιόν
538 2408 603 2462 τέ
651 2408 783 2462 ἐστι
815 2407 896 2473 τῷ
940 2406 1074 2474 Υἱῷ,
1108 2408 1284 2476 λέγει,
1335 2406 1436 2459 καὶ
1505 2407 1739 2474 πρόεισι

175 2499 513 2568 θεοπρεπῶς
529 2498 605 2552 δι’
633 2496 844 2564 αὑτοῦ,
859 2498 1068 2555 πᾶσαν
1091 2499 1281 2553 αὐτοῦ
1300 2500 1417 2566 τὴν
1437 2498 1528 2567 ἐφ’
1550 2497 1741 2552 ἅπασι

178 2591 545 2660 τελεωτάτην
577 2593 725 2661 ἕχον
739 2590 1046 2661 ἐνέργειαν
1074 2608 1138 2645 τε
1181 2590 1281 2644 καὶ
1320 2591 1576 2660 δύναμιν
1602 2605 1618 2621 ·
1643 2589 1743 2644 διὰ

172 2679 353 2739 τοῦτό
394 2701 588 2752 φησιν
635 2685 725 2739 ὅτι
762 2703 782 2738 ι
825 2686 928 2738 Ἐκ
949 2680 1058 2740 τοῦ
1078 2680 1224 2755 ἐμοῦ
1250 2684 1548 2753 λήψεται·
1591 2702 1611 2737 ι
1649 2683 1744 2737 καὶ

170 2774 487 2844 προϐαίνων
520 2780 719 2845 μικρὸν
755 2772 911 2838 αὖθις
942 2793 1077 2846 φησι
1111 2775 1352 2844 ’Προτὸν
1385 2775 1498 2846 τὰρ
1523 2774 1601 2828 δι’
1628 2776 1737 2828 αὺ-

168 2862 281 2922 τοῦ
309 2866 603 2937 φυσικῶς,
636 2868 718 2934 ὡς
752 2867 909 2922 ιδιον
934 2868 1120 2923 αὐτοῦ
1155 2869 1302 2936 μετὰ
1348 2866 1614 2932 πάντων,
1657 2862 1743 2920 ὧν

166 2960 294 3027 ἔχει
325 2961 587 3024 τελείως,
604 2959 933 3029 λαμϐάνειν
964 2958 1201 3029 λέγεται
1228 2960 1301 3015 τὰ
1320 2960 1528 3014 αὐτοῦ.
1557 2960 1624 3012 Τί
1651 2959 1743 3024 διες

1845 1873 2136 1927 addiscere.
2170 1872 2292 1926 Non
2319 1872 2501 1942 itaque
2541 1870 2623 1924 uti
2669 1886 2761 1939 ego
2792 1869 2974 1937 futura
2999 1867 3274 1936 pradicet,
3306 1862 3414 1916 nisi

1840 1980 2057 2033 prorsus
2084 1967 2140 2018 in
2177 1980 2255 2017 me
2283 1964 2578 2029 exsisteret,
2603 1972 2654 2015 et
2684 1977 2775 2031 per
2805 1975 2885 2013 me
2922 1958 3322 2028 progrederetur
3343 1952 3411 2008 ⁸⁸.

1842 2056 2059 2111 Necnon
2111 2066 2164 2111 et
2227 2056 2380 2118 illud,
2429 2053 2532 2108 Ille
2554 2054 2877 2125 gloriﬁcabit
2920 2054 2963 2115 ⁸,
2999 2051 3297 2119 explanans
3328 2047 3415 2099 in-

1843 2151 1995 2219 quit:
2016 2149 2147 2204 Cum
2169 2164 2285 2203 vero
2305 2148 2540 2218 ejusdem
2552 2147 2793 2201 essentiaz
2813 2161 2930 2198 cum
2952 2141 3092 2196 Filio
3108 2142 3203 2208 sit,
3222 2150 3272 2193 et
3294 2154 3419 2208 pro-

1840 2239 2148 2310 grediatur,
2205 2239 2283 2292 uti
2329 2239 2543 2293 addecet
2571 2238 2776 2303 Deum,
2824 2251 2917 2304 per
2963 2236 3166 2302 ipsum,
3211 2244 3417 2284 omnem

1841 2347 1995 2386 suam
2026 2333 2080 2384 in
2107 2331 2346 2384 omnibus
2372 2312 2811 2400 perfectissimam
2846 2328 3207 2396 operationem
3236 2333 3285 2375 et
3312 2323 3421 2375 uir-

1844 2436 2006 2478 tutem
2048 2424 2343 2493 possidens,
2397 2431 2672 2493 propterea
2723 2422 2875 2487 dicit,
2938 2438 2957 2471 ι
2986 2420 3062 2473 De
3102 2436 3215 2474 meo
3275 2419 3422 2473 acci-

1841 2516 2005 2584 piet".
2047 2533 2066 2565 ι
2106 2513 2168 2566 Ει
2200 2514 2390 2583 paucis
2426 2515 2696 2579 annexis,
2746 2510 3098 2581 Progrediens
3137 2512 3278 2567 enim
3326 2526 3421 2578 per

1842 2606 2012 2674 ipsum
2042 2605 2382 2670 naturaliter,
2421 2615 2477 2657 ut
2519 2605 2768 2677 proprius
2796 2603 2966 2672 ipsius
2998 2619 3117 2655 cum
3152 2602 3416 2665 omnibus,

1842 2678 1959 2767 qua:
2007 2698 2260 2765 possidet.
2312 2695 2559 2764 perfecte,
2618 2695 2818 2747 dicitur
2869 2693 3056 2749 habere
3109 2710 3228 2763 qua:
3266 2693 3417 2747 illius

1844 2798 1986 2841 sunt.
2024 2785 2116 2840 Vis
2147 2784 2336 2854 plura?
2373 2785 2583 2838 Dictum
2633 2783 2763 2837 illud
2798 2820 2815 2847 ,
2874 2783 3213 2850 Qua’cunque
3264 2784 3420 2836 habet

1844 2877 2012 2932 Pater
2057 2863 2169 2929 mea
2229 2885 2372 2936 sunt,
2417 2869 2696 2941 explicans
2774 2874 3065 2927 enuntiat:
3133 2870 3423 2941 Propterea

1844 2970 1957 3033 dixi
1989 2967 2149 3032 vobis,
2180 2968 2317 3036 quod
2348 2967 2411 3019 de
2452 2980 2564 3019 meo
2593 2965 2807 3032 accipit,
2848 2972 2897 3017 et
2934 2964 3268 3019 auuuntiabit
3308 2979 3409 3016 co-

166 3049 264 3101 καὶ
306 3048 405 3119 τὴν
448 3048 655 3102 Πάντα
718 3048 836 3102 ὅσα
901 3051 1027 3119 ἔχει
1076 3050 1109 3103 ὸ
1170 3050 1375 3117 Πατὴρ
1438 3048 1551 3118 ἐμά
1608 3049 1739 3103 ἐστι

1851 3059 1987 3117 bis“.
2025 3056 2252 3126 Spiritus
2308 3072 2506 3124 nempe,
2560 3056 2648 3123 qui
2693 3071 2786 3124 per
2854 3056 3047 3122 ipsum,
3093 3065 3142 3109 et
3197 3055 3251 3108 in
3306 3056 3420 3125 ipso

170 3143 338 3211 ῥῆσιν
401 3144 721 3211 σαφηνιζων
782 3144 1159 3212 μυσταγωγεῖ⁸
1217 3141 1320 3195 Διὰ
1350 3141 1524 3195 τοῦτο
1564 3137 1740 3195 εἷπον

1844 3161 1943 3204 est.
2007 3150 2129 3205 Ilasc
2175 3151 2355 3218 itaque
2410 3165 2475 3203 ex
2518 3162 2670 3207 sacra
2728 3149 2778 3200 in
2833 3147 3091 3202 Joannem
3142 3149 3421 3216 evangeli-

164 3234 317 3302 ἡμῖν
342 3232 433 3287 ὅτι
483 3234 553 3287 ἐκ
590 3234 698 3288 τοῦ
715 3232 867 3303 ἐμοῦ
903 3234 1217 3303 λαμϐάνει,
1267 3235 1364 3287 καὶ
1422 3232 1746 3304 ἀναγγελεῖ

160 3324 332 3391 ὑμῖν,
360 3324 425 3377 τὸ
463 3325 706 3393 Πνεῦμα
749 3324 1032 3391 δηλονότι
1049 3326 1113 3378 τὸ
1137 3323 1418 3378 διἀὺτοῦ
1440 3340 1504 3378 τε
1538 3325 1638 3378 καὶ
1673 3325 1744 3378 ἐν

161 3414 351 3480 αὐτῷ.
382 3414 570 3469 Ταῦτα
602 3418 700 3485 μὲν
732 3412 825 3469 οὖν
871 3417 979 3469 ἀπὸ
1009 3416 1108 3485 τῆς
1140 3416 1282 3468 κατὰ
1345 3418 1435 3468 τὸν
1501 3417 1745 3483 Εὐαγγε-

161 3506 363 3575 λιστὴν
429 3506 684 3572 Ἰωάννην
733 3507 885 3577 ἱερᾶς
955 3507 1253 3577 ἑρμηνείας
1317 3506 1587 3576 Κυριλλου
1645 3505 1740 3558 τοῦ

162 3596 336 3666 σοφοῦ
395 3598 794 3668 συνελέγησαν,
864 3596 953 3663 ὅς,
1012 3598 1190 3668 ἑαυτῷ
1262 3597 1541 3668 πανταχοῦ
1602 3598 1743 3668 σύμ·-

130 3760 135 3763 ,
165 3705 353 3754 φωνος
379 3687 476 3753 ὣν,
510 3689 569 3742 ἐν
601 3688 699 3759 μὲν
731 3688 811 3760 τῷ
841 3688 1082 3760 δευτέρῳ
1133 3690 1242 3741 τῶν
1299 3690 1433 3758 πρὸς
1490 3687 1747 3756 Ἑρμείαν

161 3784 341 3838 αὐτοῦ
387 3783 562 3853 λόγων
588 3784 763 3838 ταῦτα
805 3784 1162 3855 διαλαμσάνει
1192 3784 1373 3854 ῥητῶς
1397 3798 1411 3813 ο
1451 3782 1653 3852 Ἅγιον
1679 3781 1748 3834 δὲ

164 3879 421 3948 Πνεῦμα
449 3880 770 3950 προσερεῖς
810 3880 878 3933 τὸ
917 3879 989 3933 ἐκ
1037 3877 1186 3933 Θεοῦ
1232 3878 1465 3946 Πατρὸς
1512 3877 1587 3931 δι’
1608 3876 1743 3930 Υἱοῦ

161 3973 584 4040 προχεόμενον
609 3972 905 4044 φυσικῶς,
921 3972 1022 4026 καὶ
1045 3971 1312 4040 καθάπερ
1334 3971 1405 4027 ἐν
1437 3972 1602 4036 τύπῳ
1632 3970 1746 4039 τῆς

1850 3251 1989 3296 stam
2023 3240 2383 3310 Expositione
2439 3238 2707 3308 sapientis
2738 3237 3217 3309 Cyrillitlecerpta
3268 3248 3417 3302 sunt,

1850 3334 1943 3404 qui
1988 3335 2041 3387 in
2073 3332 2327 3387 omnibus
2355 3332 2680 3401 sibimetipsi
2718 3346 2949 3387 concors
2980 3332 3035 3385 in
3083 3331 3324 3386 secundo
3350 3332 3419 3384 ad

1852 3427 2126 3481 Hermiam
2195 3426 2334 3479 libro
2392 3425 2507 3478 [nec
2568 3425 2842 3493 ipsissima
2899 3424 3062 3477 verba
3123 3422 3416 3476 continet:

1854 3515 2107 3569 Sanctum
2137 3529 2293 3584 porro
2320 3511 2579 3593 Spiritum
2607 3514 2808 3566 dixeris
2833 3500 2925 3581 qui
2958 3528 3022 3566 ea:
3049 3512 3158 3567 Deo
3177 3521 3227 3566 et
3260 3511 3423 3565 Patre

1847 3622 1938 3681 per
1977 3605 2534 3681 Filiumeﬂ'unditur,
2581 3616 2629 3660 et
2675 3619 2734 3660 ut
2780 3608 3013 3674 exemplo
3040 3607 3095 3659 id
3142 3606 3418 3674 explicem,

1848 3698 2215 3775 respirationis
2257 3713 2413 3750 suam
2461 3696 2606 3749 nobis
2644 3698 3007 3750 exsistentiam
3052 3696 3316 3749 indicans.
3362 3695 3418 3748 Ιιι

1848 3788 2005 3843 libris
2036 3789 2202 3843 etiam
2238 3789 2305 3842 ad
2341 3788 2664 3854 Palladium,
2695 3797 2997 3843 secundum
3029 3790 3417 3857 intermgatio-

1848 3896 1972 3935 nem
1998 3888 2052 3934 et
2087 3880 2505 3950 responsionem
2538 3882 2886 3935 cOncinnatis
2914 3880 2968 3934 in
3008 3881 3156 3932 hunc
3187 3879 3410 3932 modum

1846 3971 2099 4026 edisserit
2130 3988 2143 4025 :
2176 3971 2445 4027 Mutabilis
2479 3988 2594 4026 vero
2636 3971 2783 4026 nullo
2832 3971 2986 4026 modo
3031 3969 3263 4040 Spiritus
3291 3979 3366 4023 est
3399 3985 3421 4024 .'

159 4064 233 4116 ἐκ
257 4061 381 4116 τῶν
405 4063 719 4132 στομάτων
740 4062 1039 4145 διᾳπνοῆς
1054 4061 1169 4131 τὴν
1181 4061 1338 4115 ἰδίαν
1350 4061 1497 4131 ἡμῖν
1511 4064 1746 4129 ὐποσηυ

1849 4060 2038 4128 quodsi
2078 4062 2362 4115 mutationi
2405 4063 2661 4116 obnoxius
2702 4072 2803 4130 est,
2851 4063 2920 4116 ad
2969 4064 3144 4131 ipsam
3185 4060 3420 4145 diuinam

161 4153 409 4219 μαινων
430 4151 713 4219 ὓπαρξιν.
752 4134 841 4207 Ἐὶν
870 4152 927 4206 δὲ
953 4153 1067 4215 τοῖς
1092 4151 1227 4220 πρὸς
1261 4150 1577 4214 Παλλάδιον,
1601 4148 1746 4221 ἅπερ

1852 4162 2104 4207 naturant
2149 4154 2467 4223 vituperatio
2504 4163 2756 4217 recurret,
2786 4156 2833 4206 si
2876 4164 2949 4209 est
2991 4153 3091 4207 Dei
3132 4163 3182 4207 et
3216 4134 3419 4213 Patris.

160 4244 264 4296 καὶ
287 4243 432 4296 αὐτὰ
454 4244 598 4296 κατὰ
615 4242 808 4296 πεῦσίν
829 4247 935 4296 εἰσι
968 4245 1063 4296 καὶ
1082 4244 1395 4312 απόκρισιν,
1424 4239 1579 4304 αὖθις
1600 4239 1742 4295 οὕτω

1850 4256 2107 4316 praeterea
2139 4254 2191 4300 et
2218 4245 2342 4299 Filii
2373 4247 2725 4300 essentialiter
2756 4261 2821 4299 ea:
2853 4246 3131 4312 ambobus,
3164 4260 3228 4300 ea:
3257 4243 3423 4299 Patre

158 4336 431 4403 διέξεισι·
467 4335 725 4404 Τρεπτὸν
752 4334 823 4388 δὲ
842 4334 913 4388 οὐ
938 4349 994 4387 τι
1021 4350 1139 4387 που
1158 4333 1225 4386 τὸ
1253 4331 1497 4402 Πνεῦμά
1515 4332 1648 4396 ἐστι
1666 4345 1681 4363 ⁶
1707 4333 1746 4402 ἢ

1855 4337 2053 4393 scilicet
2084 4353 2179 4408 per
2207 4335 2408 4392 Filium
2436 4338 2638 4407 effusus
2675 4335 2928 4413 Spiritus.

156 4427 340 4497 ειπερ
377 4428 442 4481 τὸ
473 4427 794 4496 τρέπεσθαι
828 4425 1020 4491 νοσεῖ,
1064 4426 1158 4479 ἐπ’
1222 4422 1420 4492 αὐτὴν
1469 4427 1506 4478 ό
1541 4424 1746 4495 μῶμος
1782 4427 1900 4494 τὴν
1952 4429 2120 4484 θείαν
2188 4429 2613 4500 άναδραμεῖται
2654 4432 2865 4500 φύσιν,
2921 4431 3090 4497 ειπερ
3136 4429 3269 4482 ἐστὶ
3314 4426 3425 4483 τοῦ

156 4520 319 4576 Θεοῦ
336 4521 437 4573 καὶ
461 4508 837 4588 Πατρὸς,’καὶ
860 4517 987 4587 μὴν
1015 4518 1120 4573 τοῦ
1148 4517 1309 4583 Υιοῦ,
1336 4516 1404 4570 τὸ
1453 4517 1759 4585 οὐσιωδῶς
1794 4520 1864 4584 ἐξ
1902 4520 2150 4590 ἀμφοῖν,
2191 4520 2386 4593 ἤγουν
2429 4522 2501 4576 ἐκ
2581 4523 2813 4593 Πατρός
2849 4523 2927 4577 δι’
2992 4521 3131 4578 Υἱοῦ
3177 4525 3426 4592 προχεό-

147 4627 359 4679 μενον
385 4610 651 4679 Πνεῦμα.

233 4708 342 4766 ις’.
403 4702 471 4755 Τί
525 4702 664 4772 πρὸς
715 4703 815 4772 τὴν
870 4702 943 4768 ἐξ
988 4703 1214 4772 ἀμφοῖν
1257 4704 1441 4774 ςωνὴν
1472 4702 1567 4757 τοῦ
1601 4702 1746 4757 Θειου

1938 4709 2026 4764 16.
2067 4707 2207 4775 Quid
2252 4709 2318 4763 ad
2355 4708 2525 4763 divini
2569 4709 2801 4779 hujusce
2845 4706 3026 4763 Patris
3066 4722 3132 4761 ea:
3174 4708 3426 4763 ambobus

147 4793 367 4846 τούτου
402 4791 621 4862 Πατρδς
643 4791 851 4846 εἴποιεν
885 4793 950 4847 ἂν
979 4794 1027 4846 oi
1057 4793 1158 4864 τὴν
1183 4793 1258 4846 δι’
1286 4796 1421 4850 Υἱοῦ
1454 4798 1592 4866 μήτε
1622 4812 1749 4849 συν-

1850 4815 2042 4857 vocem
2092 4799 2525 4868 respondebunt,
2556 4802 2649 4870 qui
2697 4801 2845 4855 illam
2891 4817 2987 4871 per
3026 4797 3231 4852 Filium
3276 4799 3427 4853 nullo

145 4886 305 4968 όλως
368 4885 823 4957 παραδεχόμενοι,
897 4888 990 4940 καὶ
1030 4886 1255 4954 προσέτι
1309 4887 1517 4958 σφόδρα
1577 4888 1743 4942 κακί-

1850 4899 2016 4962 pacto
2063 4889 2382 4955 admittunt,
2425 4891 2677 4961 quinimo
2723 4891 3075 4944 vehementer
3127 4888 3428 4942 criminan-

145 4975 397 5041 ζοντεςς
437 4975 496 5029 '0
517 4977 619 5046 μὲν
641 4977 752 5046 γὰρ
780 4976 839 5042 ἐξ
860 4978 1061 5045 ἀμφοῖν
1090 4971 1230 5028 εἶναι
1259 4974 1408 5044 λέγει
1435 4976 1497 5030 τὸ
1524 4976 1747 5050 Πνεῦμα

1850 4980 1984 5036 tur?
2015 4978 2116 5035 Hic
2143 4975 2290 5035 enim
2334 4994 2400 5034 ex
2452 4982 2721 5035 ambobus
2754 4994 2878 5035 esse
2918 4981 3117 5034 asserit
3163 4977 3427 5048 Spiritum

140 5071 216 5123 τὸ
295 5068 481 5135 ἅγιον,
546 5069 640 5120 καὶ
691 5066 791 5138 τὴν
845 5068 1145 5138 ἑρμηνείαν
1193 5067 1392 5137 ἁθρόον
1442 5069 1741 5139 ἐπήγαγεν,

1854 5081 2124 5137 sanctum,
2160 5072 2432 5140 simulque
2465 5075 2862 5141 expositionem
2913 5071 3210 5137 connectit,
3248 5086 3430 5139 nempe

138 5162 365 5231 ἤγουν
384 5161 451 5214 ἐκ
471 5159 710 5226 Πατρός
735 5157 815 5212 δι’
846 5157 1010 5224 Υὶοῦ,
1044 5158 1112 5212 δι’
1132 5158 1202 5230 ἢν
1269 5156 1567 5229 ἑρμηνείαν
1624 5160 1745 5212 οὐδὲ

1852 5179 1917 5217 ea:
1943 5163 2108 5217 Patre
2130 5180 2222 5232 per
2244 5162 2474 5226 Filium,
2504 5179 2611 5232 qua
2646 5178 2747 5220 nec
2789 5162 3232 5233 praepositionem
3279 5176 3346 5214 es:
3372 5162 3429 5214 in

135 5256 255 5325 τὴν
295 5251 369 5305 ἐκ
399 5252 533 5304 κάπὶ
554 5250 649 5305 τοῦ
683 5250 815 5304 Υἱοῦ
864 5250 1124 5321 πρόθεσιν
1150 5248 1535 5314 ἁποόάλλεται,
1566 5249 1746 5312 καλῶς

1855 5249 1996 5305 Filio
2022 5254 2293 5320 repudiat,
2328 5255 2532 5323 optime
2567 5270 2722 5317 sane,
2755 5269 3092 5324 prorsnsque
3124 5267 3221 5321 pro
3245 5251 3428 5320 digni-
3491 5239 3501 5248 ”

135 5342 367 5409 ποιῶν,
404 5343 618 5412 καὶτῆς
679 5343 875 5396 ἑαυτοῦ
920 5342 1293 5411 μεγαλοφυῖας
1325 5339 1567 5405 ἐπαξίως
1612 5358 1748 5393 παν-

1860 5350 1971 5396 tate
2003 5359 2115 5397 sum
2146 5344 2565 5415 magniﬁcentiae
2602 5347 2838 5412 locutus,
2874 5360 3000 5399 cum
3043 5344 3176 5398 satis
3207 5342 3427 5406 calleat,

132 5437 445 5491 τάπασινο
491 5437 725 5506 ἐπείπερ
754 5435 867 5489 οἶδε
895 5437 972 5506 μὴ
1013 5435 1424 5506 λυμαινομένην
1482 5435 1748 5505 μηδαμῶς

1859 5435 2012 5489 nullo
2071 5435 2235 5490 modo
2280 5436 2537 5506 pietatem
2585 5436 2734 5499 itedi,
2787 5435 3008 5506 quando
3055 5447 3253 5504 nempe
3303 5445 3428 5485 eam

131 5530 253 5605 τὴν
304 5526 615 5590 εὐσέϐειαν,
653 5528 782 5582 ὅταν
803 5527 1005 5598 δηλαδὴ
1035 5525 1217 5584 καθὼς
1251 5525 1412 5588 αὐτὸς
1436 5523 1746 5595 ἐξηγήσατο

1858 5525 2301 5597 praepositionem
2338 5527 2415 5582 uti
2459 5528 2552 5585 ille
2587 5528 2978 5599 interpretatus
3022 5537 3125 5595 est,
3152 5522 3426 5597 quispiam

214 5690 248 5723 Ρ
280 5685 446 5748 antn,
485 5705 572 5745 XV.
597 5687 687 5740 96.
798 5689 842 5721 ⁸⁸
869 5683 1028 5741 Jonn.
1067 5684 1298 5749 “1,15.
1375 5683 1550 5739 “ibid.
1593 5685 1678 5741 Μ.
1757 5684 1958 5743 'Joan.
1989 5701 2101 5745 XIV.
2144 5683 2229 5740 15.
2303 5686 2325 5720 ⁸
2352 5686 2482 5743 ibid.
2524 5687 2609 5742 15.
