3962 6394
202 317 328 384 1061

1042 319 1137 377 DE
1178 311 1691 376 PROCESSIONE
1733 311 1793 369 S.
1840 309 2201 369 SPIlllTUS
2237 308 2458 368 ORAT.
2501 307 2549 368 Ῐ.

3318 300 3457 364 1062

200 437 292 489 καί
327 450 462 502 φασι
505 433 672 503 μηδὲν
724 433 1010 502 τυγχάνειν
1062 433 1160 484 σὺν
1210 433 1276 499 τῇ
1324 427 1598 499 παρούσῃ,
1637 423 1770 494 μηδὲ

1892 437 2040 476 nunc
2101 423 2279 492 palam
2329 421 2627 489 explodunt
2662 435 2677 472 :
2710 425 3075 485 asseruntqne
3131 431 3304 485 neque
3351 429 3462 484 jam

194 526 295 588 τὰς
327 525 435 576 τῶν
464 524 977 593 ἀναγεγραμμένων
1009 523 1258 591 χρήσεων
1294 520 1514 579 πλείους
1547 517 1684 586 πρὸς
1713 518 1771 568 τὸ

197 615 564 686 προκείμενον
585 632 598 647 ·
627 617 707 668 ὅτι
739 615 811 684 μὴ
845 615 904 667 τὸ
925 611 1080 667 εἶναι
1114 611 1365 675 ταύταις,
1398 612 1429 680 ἢ
1478 611 1540 662 τὺ
1583 609 1771 675 ὑπάρ-

195 726 325 778 χειν·
348 709 529 778 ῥητῶς
558 708 906 777 πρόσκειται.
931 707 1009 775 Τῇ
1050 706 1152 774 μὲν
1179 706 1287 772 γὰρ
1317 705 1376 756 τὸ
1407 702 1766 770 πεφηνέναι,

193 802 314 861 ταῖς
349 797 404 851 δὲ
455 800 519 850 τὸ
567 798 918 866 ἐκλάμπειν,
951 798 1170 868 ἑτέραις
1203 797 1264 850 τὸ
1314 793 1670 862 προχεῖσθαί
1711 808 1772 843 τε

195 889 288 941 καὶ
322 889 656 956 ἐκκεῖσθαι,
686 891 810 951 ταῖς
870 891 987 958 μετ’
1040 887 1212 947 αὐτὰς
1252 888 1312 938 τὸ
1342 886 1676 952 προΐεσθαι.
1704 884 1770 952 τῇ

193 981 250 1032 δὲ
303 982 363 1032 τὸ
409 980 824 1047 προέρχεσθαι,
873 983 969 1034 καὶ
1020 979 1198 1051 ταύτῃ
1251 980 1312 1030 τὸ
1363 975 1773 1045 ἐκπέμπεσθαι

197 1073 344 1138 παρὰ
365 1070 477 1122 τῶν
505 1071 677 1138 ἁγίων
713 1073 1141 1138 ἀπονενέμηται.
1172 1069 1388 1122 Τούτων
1417 1069 1464 1122 δ’
1489 1068 1640 1121 οὐδὲν
1674 1067 1772 1137 τὴν

195 1160 430 1231 ὓπαρξιν
481 1161 740 1231 σημαίνει
783 1162 878 1214 τοῦ
921 1161 1272 1229 Πνεύματος,
1318 1159 1551 1211 ἕκαστον
1603 1158 1661 1210 δὲ
1713 1159 1771 1211 τὸ

193 1251 370 1320 τούτῳ
418 1251 756 1320 κατάλληλον
777 1266 793 1280 ο
837 1252 897 1302 τὸ
933 1251 1268 1318 πεφηνέναι
1312 1249 1408 1317 τὴν
1442 1249 1608 1300 αὑτοῦ
1635 1248 1771 1317 πρὸς

198 1344 343 1412 ἡμᾶς
371 1341 638 1411 ἔκφανσιν
659 1359 674 1374 ο
720 1343 782 1394 τὸ
813 1341 1152 1409 ἐκλάμπειν
1195 1340 1298 1409 τὴν
1338 1340 1418 1400 είς
1447 1339 1537 1392 τὸν
1565 1340 1770 1408 κόσμον

198 1436 441 1506 ἀρρήτου
469 1434 664 1487 τούτου
690 1435 1069 1502 φωταύγειαψ
1115 1432 1178 1484 τὸ
1203 1429 1559 1499 προχεῖσθαί
1587 1447 1646 1482 τε
1676 1431 1769 1483 καὶ

202 1528 506 1596 ἐκκεῖσθαι
536 1527 640 1597 τὴν
673 1526 780 1580 τῶν
809 1525 1171 1595 χαρισμάτων
1214 1521 1382 1575 αὑτοῦ
1441 1525 1551 1583 τοῖς
1599 1521 1770 1586 ἀξίοις

198 1621 458 1688 διανομήν
479 1634 495 1648 ο
530 1619 592 1670 τὸ
630 1619 965 1685 προΐεσθαι,
1007 1619 1142 1685 πρὸς
1165 1616 1222 1669 δὲ
1251 1619 1343 1670 καὶ
1375 1613 1772 1681 προέρλεσθαι

195 1711 295 1778 τὴν
327 1711 385 1761 ἐν
417 1710 551 1778 ἡμῖν
583 1708 748 1762 αὑτοῦ
805 1709 958 1761 Θείαν
1004 1707 1327 1760 ὲπέλευσιν·
1372 1708 1430 1758 τὸ
1464 1707 1522 1758 δὲ
1553 1703 1769 1772 ἐκπέμ-

195 1802 416 1853 πεσθαι
455 1800 552 1871 τὴν
603 1799 797 1853 τούτου
854 1803 970 1862 τοῖς
1017 1799 1289 1868 μαθηταῖς
1339 1797 1774 1864 ὲπαγγελθεῖσαν

197 1889 352 1956 παρὰ
388 1888 485 1940 τοῦ
538 1887 795 1957 Σωτῆρος
846 1887 1151 1958 ἀποστολήν
1178 1903 1192 1917 ο
1222 1886 1259 1940 ἀ
1295 1887 1473 1939 πάντα
1523 1888 1611 1939 διὰ
1679 1886 1772 1939 τοῦ

203 1976 330 2030 Υίοῦ
387 1977 718 2046 γεγενῆσθαι
766 1980 1119 2045 πιστεύομεν,
1181 1979 1409 2046 μηδενὸς
1461 1978 1642 2030 αὐτῶν
1677 1981 1775 2046 τὴν

196 2065 294 2118 τοῦ
350 2068 672 2135 Πνεύματος
723 2067 1083 2138 σημαίνοντος
1132 2065 1389 2137 ὕπαρξιν.
1445 2070 1552 2119 Καὶ
1598 2066 1775 2119 ταῦτα

199 2153 300 2221 μὲν
353 2145 523 2217 οὗτοι,
561 2155 699 2225 μήτε
749 2154 880 2225 περὶ
925 2149 1000 2208 ὧν
1026 2155 1383 2213 διατείνονται
1418 2156 1478 2208 τὸ
1512 2157 1774 2224 παράπαν

199 2242 587 2308 γινώσκοντες,
628 2246 721 2297 καὶ
768 2248 866 2305 τὰς
909 2246 1112 2315 μεταξὺ
1147 2248 1242 2300 τοῦ
1277 2265 1336 2300 τε
1381 2248 1620 2315 μεγάλου
1674 2248 1778 2300 Βα-

201 2334 548 2398 σιλείου,3ιαὶ
591 2337 686 2388 τοῦ
733 2336 879 2389 θείου
931 2339 1144 2408 Πατρὸς
1191 2339 1513 2392 Ἀθανασίου
1561 2341 1774 2410 ῥήσεις,

201 2428 256 2479 ὲν
294 2421 383 2490 αἶς
412 2428 475 2480 τὸ
498 2423 652 2482 εἶναι
695 2429 1017 2499 πρόσκειται
1065 2431 1391 2501 κακούργως
1441 2433 1773 2502 ἀποκρυψάο

207 2533 382 2586 μενοι.
410 2519 547 2588 Περὶ
575 2521 684 2590 γὰρ
713 2520 808 2590 τῆς
849 2507 1075 2592 πρώτης
1125 2521 1374 2590 οὐδαμῶς
1422 2522 1778 2590 διαφέρεσθαι

204 2607 320 2661 ww
368 2610 540 2680 ἡμᾶς,
566 2609 643 2676 ὡς
680 2611 952 2665 ἀπολύτου
1000 2613 1280 2681 κειμένης,
1322 2615 1417 2665 καὶ
1457 2613 1578 2683 δίχα
1634 2617 1780 2677 τινος

200 2701 338 2764 ὅλως
367 2705 635 2774 ῥήματος,
663 2707 712 2758 εί
760 2707 854 2759 καὶ
903 2704 1132 2774 δυνάμει
1163 2708 1267 2758 κάν
1308 2706 1477 2779 ταύτῃ
1505 2709 1567 2760 τὸ
1595 2708 1783 2775 ὑπάρ-

211 2808 350 2860 χειν
381 2795 498 2847 ἐστὶ
530 2798 672 2848 κατά
699 2795 828 2858 τοὺς
861 2800 990 2866 περὶ
1026 2796 1204 2850 ταῦτα
1221 2797 1430 2860 δεινοὺς
1465 2799 1781 2866 ἀναγκαίως

198 2883 511 2954 νοούμενον.
547 2887 739 2956 Ὅμως
772 2880 918 2939 οὗτοι
950 2888 1048 2956 μὲν
1097 2888 1186 2941 διὰ
1216 2888 1323 2940 τῶν
1370 2891 1628 2942 τοιούτων
1683 2890 1782 2961 τὴν

197 2973 412 3026 οἰκείαν
485 2973 715 3046 γνώμην
780 2976 1170 3046 παρέστησανο
1228 2973 1344 3042 ἐγὼ
1376 2975 1432 3028 δὲ
1483 2979 1596 3038 τοῖς
1661 2975 1780 3028 δια-

1881 513 2160 566 laudatum
2228 512 2607 566 testimonium
2672 525 2848 578 neque
2916 509 3180 575 majorem
3253 518 3461 576 partem

1883 619 2098 667 eorum,
2134 619 2256 674 qua:
2295 619 2461 672 supra
2503 603 2670 656 allata
2699 612 2846 664 sunt,
2889 602 3186 669 quidquam
3219 599 3286 654 ad
3334 615 3463 668 pro-

1880 697 2116 764 positum
2171 697 2351 748 facere
2389 712 2402 747 :
2436 695 2579 762 quod
2631 695 2684 746 in
2737 693 2844 745 illis
2895 707 3069 760 neque
3102 708 3234 750 esse,
3285 706 3462 755 neque

1876 787 2128 839 exsistere
2161 785 2479 837 nominatim
2529 783 2860 851 proferatur,
2893 782 2984 833 uni
3021 781 3290 848 siquidmn
3329 781 3462 833 illud

1877 893 2156 946 apparere.
2214 877 2335 929 aliis
2365 876 2610 938 elucere,
2662 874 2784 927 aliis
2843 872 3090 942 profundi
3129 882 3181 924 ct
3236 871 3460 938 e/Tumtt,

1881 969 2162 1023 nonnullis
2208 967 2482 1034 provenire
2523 974 2577 1018 et
2627 963 2894 1034 progredi,
2934 972 2988 1016 et
3028 973 3304 1032 postremo
3339 964 3462 1014 huic

1871 1060 2043 1114 emitti
2073 1076 2104 1112 ει
2133 1060 2337 1113 sanctis
2366 1057 2673 1126 appositum
2709 1067 2812 1109 est.
2843 1054 3046 1107 Horum
3081 1068 3208 1107 vero
3246 1053 3456 1105 nullum

1883 1150 2124 1219 Spiritus
2147 1149 2548 1212 exsistentiam,
2581 1148 2676 1202 sed
2701 1145 3162 1215 unumquodque,
3191 1143 3335 1212 quod
3358 1142 3460 1196 sibi

1878 1241 2164 1308 respondet.
2222 1248 2278 1294 et
2321 1254 2627 1308 congruum
2660 1247 2764 1301 est,
2804 1237 3073 1308 signiﬁcat
3121 1253 3134 1290 :
3186 1250 3462 1305 apparere,

1879 1330 2026 1384 illius
2055 1330 2122 1383 ad
2158 1345 2255 1382 nos
2289 1329 2716 1399 apparitionem;
2752 1328 2976 1392 elucere,
3009 1327 3157 1382 illius
3199 1327 3252 1380 in
3291 1335 3463 1380 terra-

1878 1435 1998 1473 rum
2057 1420 2244 1473 orbem
2307 1419 2730 1474 inenarrabilem
2787 1419 3286 1474 illuminationem:
3339 1433 3463 1485 pro-

1879 1513 2031 1580 fundi
2059 1523 2112 1566 et
2141 1513 2366 1581 e/fundi,
2402 1512 2674 1568 donorum
2714 1512 2861 1566 illius
2891 1526 3018 1581 erga
3053 1510 3244 1580 dignos
3273 1509 3464 1564 distrit-

1883 1605 2154 1658 butionem
2183 1623 2198 1670 ;
2247 1607 2311 1659 ad
2353 1606 2488 1669 haec,
2516 1605 2805 1675 provenire,
2836 1611 2890 1658 et
2916 1603 3184 1673 progredi,
3222 1601 3464 1654 divinum

1811 1729 1848 1781 Β
1887 1695 2034 1750 illius
2081 1696 2134 1749 in
2171 1713 2270 1751 nos
2302 1698 2638 1763 adventum;
2672 1697 2845 1750 emitti
2886 1695 3103 1750 tandem
3153 1695 3300 1749 illius
3345 1708 3464 1758 apo-

1876 1788 2033 1842 stolis
2056 1802 2085 1841 a
2114 1787 2400 1842 Salvatore
2423 1788 2748 1855 promissam
2781 1788 3119 1850 missionem,
3140 1799 3262 1853 quae
3277 1785 3462 1838 omnia

1877 1896 1971 1946 per
2033 1879 2229 1933 Filium
2290 1889 2499 1949 patrata
2546 1894 2669 1934 esse
2703 1880 2999 1943 credimus,
3064 1893 3188 1932 cum
3246 1877 3457 1930 nullunt

1880 1969 2078 2022 horum
2129 1969 2372 2038 Spiritus
2428 1970 2805 2024 exsistentiam
2839 1979 3007 2022 notat.
3044 1967 3110 2022 Et
3154 1967 3207 2020 Ιιὶ
3236 1968 3460 2036 quidem

1879 2059 2014 2120 haec.
2049 2077 2262 2125 eorum,
2287 2061 2355 2116 de
2384 2062 2584 2130 quibus
2615 2061 2974 2126 contendunt,
3000 2073 3229 2129 prorsus
3253 2059 3458 2130 ignari,

1877 2159 1934 2205 et
1995 2151 2154 2206 dictis
2202 2154 2345 2206 inter
2401 2167 2465 2207 ea
2496 2153 2677 2222 magni
2727 2152 2912 2206 Basilii
2953 2161 3007 2205 et
3067 2151 3236 2205 divini
3283 2151 3462 2207 Patris

1879 2242 2164 2297 Athanasii
2219 2244 2467 2313 digestis,
2499 2245 2553 2297 in
2588 2245 2792 2313 quibus
2843 2260 2954 2298 esse
3004 2244 3326 2313 adjunctum
3359 2255 3462 2307 est,

1879 2333 2152 2388 malitiose
2186 2335 2403 2388 silentio
2430 2335 2728 2402 involutis:
2765 2351 3002 2404 namque
3031 2335 3100 2390 de
3129 2336 3308 2404 primo
3330 2336 3465 2389 nulli

1880 2426 2106 2479 dubium
2158 2441 2278 2480 esse
2325 2426 2508 2491 debet,
2554 2429 2684 2482 licet
2729 2427 2980 2482 absolute
3041 2428 3315 2496 prolatum
3370 2429 3463 2492 sit,

1882 2527 1940 2572 et
1993 2519 2202 2586 absque
2243 2518 2353 2572 ullo
2392 2533 2620 2588 prorsus
2676 2521 2880 2584 verbo,
2933 2520 3134 2574 virtute
3189 2521 3462 2590 siquidem
3511 2513 3530 2525 ⁷

1883 2609 2106 2662 verbum
2139 2609 2389 2662 exsistere
2441 2612 2706 2673 continet,
2756 2609 2933 2680 utqui
2985 2611 3038 2664 in
3092 2611 3256 2665 rebus
3305 2611 3460 2666 hisce

1881 2701 2106 2755 exerciti
2139 2710 2289 2766 sunt,
2337 2711 2392 2756 et
2435 2703 2779 2771 perspicaces
2825 2703 3154 2773 intelligunt.
3181 2703 3244 2758 Et
3274 2704 3325 2757 hi
3362 2719 3461 2774 per

1884 2793 2084 2846 similia
2129 2794 2410 2861 propriam
2477 2795 2801 2847 sententiam
2861 2809 3234 2862 expressere;
3268 2809 3456 2848 verum

1884 2897 1987 2952 ego
2006 2885 2118 2951 iam
2172 2884 2374 2947 allatis,
2429 2892 2484 2936 et
2516 2898 2639 2953 quae
2672 2885 2762 2938 illa
2793 2886 3225 2953 subsea'luuntur,
3269 2902 3462 2954 super-

1891 2973 2114 3038 addam,
2142 2986 2335 3039 nempe
2362 2988 2656 3042 erumpere,
2688 2976 2969 3040 scaturire,
2997 2984 3048 3028 et
3077 2976 3122 3030 si
3151 2977 3279 3045 quid
3309 2977 3460 3032 aliud

200 3064 454 3134 ληφθεῖσι
482 3065 820 3136 προστίθημι
869 3067 964 3119 καὶ
988 3066 1155 3119 τᾶλλα
1177 3068 1247 3120 τὰ
1277 3065 1486 3130 τούτοις
1511 3067 1774 3136 ἑπόμενα,

1883 3064 2058 3116 simile
2113 3063 2314 3132 ubique
2377 3064 2432 3116 in
2501 3063 2704 3118 divinis
2766 3065 3068 3134 Scripturis
3122 3077 3342 3136 accepta
3392 3069 3460 3123 de

194 3159 260 3212 τὸ
297 3157 651 3218 ἁναϐλύζειν
694 3157 920 3228 δηλαδή,
941 3158 1002 3210 τὸ
1028 3155 1328 3226 πηγάζειν,
1372 3162 1466 3212 καὶ
1501 3158 1555 3211 εί
1586 3160 1640 3212 τί
1675 3177 1780 3230 περ

194 3249 392 3318 ἕτερον
431 3249 642 3316 ὅμοιον,
705 3248 848 3318 ἅπερ
915 3248 1191 3316 πανταχοῦ
1237 3251 1335 3317 τῆς
1369 3248 1516 3312 θείας
1558 3251 1782 3320 Γραφῆς

198 3339 296 3392 ἐπὶ
330 3338 421 3392 τοῦ
453 3341 764 3408 Πνεύματος
791 3339 1106 3410 εὑρίσκεται
1142 3342 1534 3410 λαμῦανύμενα
1558 3359 1571 3372 ·
1606 3343 1779 3397 ταῦτα

196 3433 378 3484 πάντα
415 3433 512 3500 τήν
539 3431 705 3484 αὑτοῦ
733 3431 932 3501 δηλοῦν
962 3432 1135 3498 λέγων
1164 3430 1396 3501 ὓπαρξιν
1423 3449 1436 3463 ·
1483 3433 1578 3487 καὶ
1617 3435 1777 3487 τοῦτο

193 3524 546 3594 δειχθήσεται
580 3526 724 3577 κατά
760 3525 824 3577 τὸ
858 3525 1141 3586 παντελῶς
1183 3524 1576 3593 ἀναμφίόολον,
1615 3527 1674 3590 ἐξ
1704 3523 1777 3582 ὦν

196 3618 389 3686 συχνοὶ
416 3617 526 3668 τῶν
557 3617 749 3684 ἀγίων,
781 3617 926 3669 κάπὶ
977 3615 1070 3684 τῆς
1118 3617 1182 3668 ἐκ
1238 3617 1451 3686 Harpe;
1484 3619 1776 3688 ὑπάρξεως

187 3707 294 3761 τοῦ
330 3707 462 3760 Υίοῦ
494 3708 593 3768 τὰς
622 3698 890 3770 τοιαύτας
914 3706 1100 3776 φωνὰς
1147 3707 1578 3776 παρειλήφασιν,
1610 3704 1685 3762 ὧν
1717 3712 1774 3764 ai

193 3798 391 3868 ῥήσεις
427 3796 624 3865 μικρὸν
673 3795 898 3864 ὕστερον
961 3793 1149 3846 ἐνθάδε
1205 3796 1774 3867 καταστρωθήσονται.

187 3889 319 3943 Νῦν
350 3891 410 3942 δὲ
436 3890 576 3952 τέως
615 3889 710 3942 καὶ
744 3889 852 3940 τῶν
899 3887 1415 3955 ἀναγεγραμμένων
1447 3890 1505 3939 ἐν
1536 3890 1636 3960 μιᾷ
1670 3906 1774 3943 τινι

190 3982 450 4051 χρήσεων
487 3980 548 4032 τὸ
577 3978 816 4031 τοιοῦτον
849 3978 1044 4045 ὁρᾶται
1070 3979 1182 4038 τοῖς
1214 3978 1272 4028 οὐ
1306 3979 1599 4048 παρέργως
1633 3983 1769 4032 ἁναο

192 4071 674 4140 γινώσκουσιν.’Τὸ
701 4070 812 4139 γὰρ
826 4067 1154 4136 ἐκλάμπειν
1172 4069 1198 4119 ὁ
1227 4066 1446 4136 Νύσσης
1477 4069 1776 4139 Γρηγὸριος

193 4164 471 4234 πρότερον
518 4163 610 4214 ἐπὶ
659 4159 754 4213 τοῦ
805 4159 954 4221 Υἰοῦ,
987 4162 1079 4211 καὶ
1112 4159 1235 4212 τότε
1274 4159 1502 4220 δεόντως
1535 4163 1630 4212 ἐπὶ
1677 4160 1773 4214 τοῦ

193 4254 525 4324 Πνεύματος
582 4252 848 4314 τέθεικεν,
893 4252 980 4302 ἱνα
1048 4251 1232 4302 πᾶσαν
1286 4249 1592 4317 ἀντιλογίας
1635 4252 1774 4304 ἀπο-

190 4347 392 4418 κλείσῃ
415 4347 526 4405 τοί,
555 4345 796 4414 φιλέρισι
825 4343 1122 4412 πρόφασιν,
1149 4341 1222 4393 Ού
1257 4343 1364 4410 γὰρ
1398 4341 1462 4410 δὴ
1509 4345 1646 4395 κάττί
1677 4342 1770 4394 τοῦ

1887 3154 2090 3224 Spiritu
2157 3156 2537 3224 reperiuntur;
2612 3165 2864 3212 astruens
2927 3159 3015 3212 illa
3069 3159 3253 3212 omnia
3311 3161 3458 3214 illius

1883 3249 2252 3302 essistentiam
2277 3257 2576 3302 connotare
2606 3266 2620 3302 :
2651 3258 2705 3302 et
2729 3249 2832 3304 hoc
2861 3249 2931 3303 ita
2959 3265 3080 3304 esse
3112 3253 3320 3320 absque
3345 3253 3460 3304 ullo

1883 3339 2052 3392 dubio
2079 3341 2579 3405 demonstrabitur,
2633 3357 2756 3396 cum
2803 3343 3048 3411 plerique
3097 3345 3266 3396 sancti
3299 3346 3461 3398 hasce

1886 3442 2046 3481 voces
2089 3430 2157 3482 de
2194 3428 2316 3482 Filii
2367 3446 2432 3484 ex
2485 3429 2647 3484 Patre
2698 3433 3022 3486 exsistentia
3051 3437 3458 3502 usurpaverint,

1881 3532 2114 3586 quorum
2147 3520 2286 3573 dicta
2335 3521 2498 3586 paulo
2552 3523 2809 3591 posthac
2859 3525 3046 3576 eadem
3092 3525 3339 3578 oratione
3367 3527 3464 3578 de-

1881 3608 2212 3660 scribentur.
2248 3606 2448 3662 Verum
2475 3615 2619 3664 nunc
2653 3611 2868 3664 interim
2909 3613 2962 3664 in
3000 3627 3108 3664 uno
3137 3614 3338 3681 exjatn
3365 3617 3463 3666 aa!-

1880 3699 2062 3754 ductis
2095 3701 2427 3754 testimoniis
2455 3702 2663 3755 clarum
2702 3711 2926 3771 apparet
2957 3703 3089 3760 illis.
3121 3706 3214 3773 qui
3257 3707 3458 3760 similia

1879 3805 1988 3842 non
2024 3799 2225 3844 temere
2241 3801 2288 3844 et
2329 3792 2673 3862 indiligenter
2701 3805 2944 3848 versant.
2972 3795 3193 3850 Elucere
3222 3811 3460 3868 namque

1879 3877 2158 3948 Nyssenus
2184 3880 2483 3951 Gregorius
2526 3885 2680 3952 prius
2715 3885 2782 3938 de
2815 3883 2979 3949 Filio,
3011 3895 3125 3940 tum
3176 3887 3458 3958 deinceps,

1879 3973 1958 4025 uti
1993 3987 2091 4040 par
2119 3981 2264 4040 erat,
2294 3979 2361 4030 de
2395 3975 2599 4044 Spiritu
2649 3979 2852 4047 posuit,
2883 3988 2941 4031 ut
2979 3994 3198 4032 omnem
3237 3991 3460 4033 contra-

1877 4064 2134 4118 dit-tionis
2175 4079 2364 4119 ansam
2407 4071 2768 4124 contentiosis
2801 4073 3054 4137 eriperet.
3094 4069 3282 4141 Neque
3311 4075 3458 4127 enim

1879 4152 1931 4206 in
1965 4150 2104 4204 Filio
2129 4151 2392 4225 frigidum
2424 4172 2614 4209 eorum
2641 4158 2934 4212 consilium
2958 4159 3134 4215 locum
3157 4161 3266 4215 ullo
3299 4165 3460 4216 modo

1878 4246 2082 4302 habere
2110 4247 2179 4301 ab
2232 4249 2404 4316 aequis
2450 4243 2747 4302 lectoribus
2798 4252 3159 4319 reputabitur.
3193 4250 3460 4307 Praterea

1877 4336 2146 4404 siquidem
2179 4338 2380 4403 dicere,
2409 4347 2464 4390 et
2495 4340 2778 4406 profundi,
2804 4351 2859 4393 et
2891 4343 3062 4392 emitti
3091 4357 3212 4393 cum
3246 4342 3456 4396 adnexa

193 4441 338 4492 Υίοῦ
382 4439 443 4490 τὸ
497 4437 708 4506 ψυχρὸν
735 4435 916 4487 αὐτῶν
956 4437 1132 4486 ἐκεῖνο
1177 4433 1354 4502 νόημα
1398 4431 1582 4503 χώραν
1625 4432 1770 4496 ἕξειν

1882 4428 1979 4480 sibi
2009 4429 2266 4482 nonnulla
2300 4429 2610 4497 praeferant,
2646 4431 2750 4483 hoc
2792 4432 3015 4500 quidem
3059 4442 3276 4496 aeterne,
3321 4433 3455 4487 illud

189 4529 384 4592 ποσῶς
434 4528 824 4598 νομισθήσεται
880 4528 991 4586 τοῖς
1051 4525 1161 4577 τῶν
1215 4525 1500 4594 ἀκροατῶν
1543 4523 1775 4592 ἐπιγνώ-

195 4637 385 4690 μοσιν.
431 4616 663 4684 ’Δφίημι
701 4617 810 4684 γὰρ
829 4614 1032 4680 λέγειν,
1080 4613 1160 4665 ὅτι
1189 4616 1282 4665 καὶ
1311 4614 1370 4666 τὸ
1396 4614 1771 4681 προχεῖσθαι.

191 4713 296 4765 καὶ
352 4713 413 4762 τὸ
476 4709 889 4776 ἐκπέμπεσθαι
951 4705 1322 4774 προσκείμενα
1381 4723 1503 4758 τινα
1563 4707 1776 4770 route;

189 4805 418 4872 ἔχοντα,
453 4799 612 4852 τοῦτο
638 4797 736 4867 μὲν
763 4799 822 4850 τὸ
851 4795 1075 4860 ἀῖδίως,
1115 4795 1293 4847 ἐκεῖνο
1321 4797 1375 4848 δὲ
1412 4797 1473 4848 τὸ
1501 4796 1777 4866 φυσικῶς

193 4893 300 4946 καὶ
353 4889 662 4954 οὐσιωδῶς
723 4890 821 4950 τὰς
891 4887 1150 4957 ῥηθείσας
1207 4886 1414 4948 ἐννοίας
1463 4888 1666 4940 τούτοιν
1713 4890 1774 4942 οὐ

186 4981 628 5049 παραδέχονται,
671 4978 794 5040 [Ιῶς
836 4976 942 5046 γὰρ
995 4975 1056 5027 τὸ
1107 4974 1335 5043 Πνεῦμα
1379 4979 1628 5042 φυσικῶς
1681 4983 1776 5034 καὶ

182 5075 476 5135 οὐσιωδῶς
507 5071 876 5142 προχεόμενον
903 5070 996 5120 ἐπὶ
1033 5066 1141 5120 τῶν
1171 5069 1525 5137 χαρισμάτων
1561 5071 1772 5141 ληφοήο

1882 4535 2011 4575 vero
2051 4521 2392 4586 naturaliter,
2426 4531 2477 4574 et
2505 4523 2876 4585 essentiatiter,
2922 4523 3098 4576 dictas
3139 4524 3459 4577 eorumdem

1881 4613 2239 4683 cogitationes
2277 4628 2383 4666 non
2415 4614 2722 4668 admittere.
2755 4613 2873 4678 Qua
2905 4617 3048 4668 enim
3089 4615 3300 4669 ratione
3332 4616 3457 4684 Spi-

1885 4716 2023 4760 ι·ιιιιε
2055 4706 2373 4760 naturaliter
2403 4716 2459 4758 et
2503 4707 2866 4761 essentialiter
2918 4705 3144 4769 ell‘usus,
3193 4708 3260 4760 de
3300 4708 3461 4762 donis

1887 4799 2224 4868 accipietur?
2259 4797 2321 4852 Et
2359 4799 2638 4868 quomodo
2687 4808 2891 4853 aeterne
2935 4802 3172 4854 emissus
3206 4799 3276 4852 de
3325 4800 3458 4854 mis-

1883 4892 2038 4946 sione
2096 4891 2467 4962 intelligetur?
2502 4890 2609 4945 Sed
2666 4891 2782 4944 ltaw
2821 4891 3042 4959 quidem
3097 4891 3150 4944 in
3203 4891 3458 4958 transitu,

1882 4999 2003 5052 qua).
2035 4984 2102 5037 de
2131 4983 2455 5037 ads‘crsarits
2488 4988 2658 5036 multo
2708 4985 2921 5037 roboris
2966 4984 3255 5038 intervallo
3285 4986 3457 5038 victo-

1880 5077 2016 5128 riam
2052 5075 2190 5128 ferre
2225 5084 2502 5144 poterunt.

184 5181 398 5228 σεται;
430 5165 549 5225 Πῶς
597 5163 652 5213 δὲ
687 5162 780 5214 καὶ
825 5160 1010 5222 ἀῖδίως
1054 5158 1475 5228 ἐκπεμπόμενον
1525 5161 1618 5211 ἐπὶ
1672 5163 1771 5231 τῆς
1810 5163 2116 5235 ἀποστολῆς
2182 5165 2552 5234 νοηθήσεταις
2598 5167 2742 5238 Πλὴν
2807 5167 2980 5220 ταῦτα
3036 5167 3136 5235 μὲν
3180 5171 3323 5219 κατὰ
3367 5169 3444 5220 πά

181 5258 380 5330 ροδον,
406 5253 506 5306 κᾶν
529 5255 577 5304 εί
614 5250 721 5303 τῶν
759 5250 1099 5303 ὑπεναντίων
1142 5249 1236 5301 καὶ
1261 5249 1403 5302 οὕτω
1427 5254 1600 5321 κρατῇ
1632 5255 1774 5306 κατά
1814 5256 2016 5326 πολλὴν
2047 5258 2368 5325 περιουσίαν
2399 5260 2708 5326 δυνάμεως.

271 5349 361 5401 ιϐ’.
399 5346 538 5413 Ἤδη
587 5345 644 5396 δὲ
694 5345 785 5396 καὶ
820 5342 918 5405 τὰς
956 5341 1063 5395 τῶν
1104 5341 1276 5408 ἀγίων
1321 5343 1451 5412 περὶ
1493 5344 1598 5395 τῶν
1636 5362 1768 5414 προ·

179 5445 500 5514 λεχθέντων
533 5439 772 5494 ἐκθεῖναι
811 5440 997 5509 ῥήσεις
1028 5437 1129 5489 οὐκ
1161 5438 1412 5510 ἄκαιρον.
1452 5439 1509 5491 '0
1538 5441 1639 5509 μὲν
1663 5442 1773 5510 γὰρ

179 5534 542 5606 ἀκράδαντος
579 5531 774 5592 στῦλος
828 5531 926 5597 τῆς
988 5527 1320 5590 Ἐκκλησίας
1377 5529 1695 5592 Ἀθανάσιος
1745 5532 1772 5583 ὁ

181 5631 398 5703 μέγας,
445 5619 507 5676 οὗ
543 5625 769 5677 πλεῖστα
813 5624 882 5676 τὰ
929 5622 1068 5690 ὑπὲρ
1113 5622 1221 5676 τῶν
1260 5621 1436 5692 ὀρθῶν
1484 5621 1775 5691 δογμάτων

191 5717 592 5781 παλαίσματα,
629 5713 729 5782 τῆς
772 5714 1053 5777 εὐσεϐείας
1097 5716 1124 5766 ὁ
1166 5717 1413 5782 γενναῖος
1467 5716 1774 5786 ἀγωνιστὴς

1953 5350 2042 5401 19.
2081 5350 2184 5404 Sed
2218 5351 2329 5419 jam
2365 5364 2679 5406 sanctorum
2728 5353 2794 5406 de
2827 5352 3096 5422 praedictis
3144 5352 3452 5405 testimonia

1881 5456 2156 5509 apponere
2215 5458 2328 5496 non
2387 5441 2814 5513 inopportunum
2879 5442 3062 5496 fuerit.
3121 5441 3451 5498 Inconcussa

1881 5535 2024 5587 enim
2053 5533 2310 5589 Ecclesia:
2348 5536 2604 5589 columna
2640 5550 2868 5604 Inaguus
2895 5534 3248 5597 Athanasius,
3290 5535 3452 5600 cujus

1881 5640 1979 5694 pro
2039 5628 2202 5682 rectis
2229 5627 2576 5696 dogmatibus
2618 5628 2876 5696 pleraque
2941 5635 3232 5678 narrantur
3275 5638 3451 5678 certa.

1886 5718 2052 5785 mina,
2085 5735 2384 5790 generosus
2433 5721 2648 5790 pietatis
2708 5718 2911 5773 athleta
2960 5729 3013 5772 et
3059 5725 3454 5786 propugnator,
