  <div class='ocr_page' id='page_1' title='image "/cluster/home/n/w/nwhite01/storage/ocr_20150623/141/coo.31924054870468/535.png"; bbox 0 0 3962 6410; ppageno 0'>
   <div class='ocr_carea' id='block_1_1' title="bbox 543 301 678 364">
    <p class='ocr_par' dir='ltr' id='par_1_1' title="bbox 543 301 678 364">
     <span class='ocr_line' id='line_1_1' title="bbox 543 301 678 364; baseline 0.015 -2"><span class='ocrx_word' id='word_1_1' title='bbox 543 301 678 364; x_wconf 77' lang='lat'><strong><em>1033</em></strong></span> 
     </span>
    </p>
   </div>
   <div class='ocr_carea' id='block_1_2' title="bbox 1598 293 2692 361">
    <p class='ocr_par' dir='ltr' id='par_1_2' title="bbox 1598 293 2692 361">
     <span class='ocr_line' id='line_1_2' title="bbox 1598 293 2692 361; baseline -0.007 0"><span class='ocrx_word' id='word_1_2' title='bbox 1598 297 2102 361; x_wconf 57' lang='lat' dir='ltr'><strong><em>CONSTANTINI</em></strong></span> <span class='ocrx_word' id='word_1_3' title='bbox 2146 293 2692 356; x_wconf 68' lang='lat' dir='ltr'><strong><em>MELITEN’IOTE</em></strong></span> 
     </span>
    </p>
   </div>
   <div class='ocr_carea' id='block_1_3' title="bbox 3601 302 3699 367">
    <p class='ocr_par' dir='ltr' id='par_1_3' title="bbox 3601 302 3699 367">
     <span class='ocr_line' id='line_1_3' title="bbox 3601 302 3699 367; baseline 0.01 -1"><span class='ocrx_word' id='word_1_4' title='bbox 3601 302 3699 367; x_wconf 64' lang='lat' dir='ltr'><strong><em>10H</em></strong></span> 
     </span>
    </p>
   </div>
   <div class='ocr_carea' id='block_1_4' title="bbox 540 405 2134 485">
    <p class='ocr_par' dir='ltr' id='par_1_4' title="bbox 540 413 2118 485">
     <span class='ocr_line' id='line_1_4' title="bbox 540 413 2118 485; baseline -0.004 -13"><span class='ocrx_word' id='word_1_5' title='bbox 540 418 790 473; x_wconf 89' lang='lat' dir='ltr'><strong><em>oratione</em></strong></span> <span class='ocrx_word' id='word_1_6' title='bbox 818 414 885 470; x_wconf 88' lang='lat' dir='ltr'><strong><em>de</em></strong></span> <span class='ocrx_word' id='word_1_7' title='bbox 907 415 1241 485; x_wconf 84' lang='lat' dir='ltr'><strong><em>sempiterna</em></strong></span> <span class='ocrx_word' id='word_1_8' title='bbox 1269 415 1584 470; x_wconf 69' lang='lat' dir='ltr'><strong><em>essistcntia</em></strong></span> <span class='ocrx_word' id='word_1_9' title='bbox 1625 414 1744 467; x_wconf 86' lang='lat' dir='ltr'><strong>Filii</strong></span> <span class='ocrx_word' id='word_1_10' title='bbox 1770 424 1823 468; x_wconf 87' lang='lat' dir='ltr'><strong><em>et</em></strong></span> <span class='ocrx_word' id='word_1_11' title='bbox 1855 413 2118 482; x_wconf 78' lang='lat' dir='ltr'><strong><em>Spiritus.</em></strong></span> 
     </span>
    </p>
   </div>
   <div class='ocr_carea' id='block_1_5' title="bbox 2236 405 3704 485">
    <p class='ocr_par' dir='ltr' id='par_1_5' title="bbox 2236 405 3704 485">
     <span class='ocr_line' id='line_1_5' title="bbox 2236 405 3704 485; baseline 0.003 -24"><span class='ocrx_word' id='word_1_12' title='bbox 2236 410 2318 462; x_wconf 66' lang='lat' dir='ltr'><strong><em>iui.</em></strong></span> <span class='ocrx_word' id='word_1_13' title='bbox 2364 408 2702 478; x_wconf 71' lang='grc' dir='ltr'><em>ὑπερμαχος,</em></span> <span class='ocrx_word' id='word_1_14' title='bbox 2737 409 2793 459; x_wconf 86' lang='grc' dir='ltr'><strong><em>ὲν</em></strong></span> <span class='ocrx_word' id='word_1_15' title='bbox 2834 405 2910 476; x_wconf 81' lang='grc' dir='ltr'><strong><em>τῷ</em></strong></span> <span class='ocrx_word' id='word_1_16' title='bbox 2966 406 3092 477; x_wconf 75' lang='grc' dir='ltr'><em>περὶ</em></span> <span class='ocrx_word' id='word_1_17' title='bbox 3136 410 3229 478; x_wconf 80' lang='grc' dir='ltr'><strong><em>τῆς</em></strong></span> <span class='ocrx_word' id='word_1_18' title='bbox 3279 409 3434 465; x_wconf 85' lang='grc' dir='ltr'>ἁῖδίου</span> <span class='ocrx_word' id='word_1_19' title='bbox 3475 411 3704 485; x_wconf 73' lang='grc' dir='ltr'><strong><em>ὑπάρξεως</em></strong></span> 
     </span>
    </p>
   </div>
   <div class='ocr_carea' id='block_1_6' title="bbox 544 504 2120 576">
    <p class='ocr_par' dir='ltr' id='par_1_6' title="bbox 544 504 2120 576">
     <span class='ocr_line' id='line_1_6' title="bbox 544 504 2120 576; baseline -0.003 -17"><span class='ocrx_word' id='word_1_20' title='bbox 544 523 798 576; x_wconf 78' lang='lat' dir='ltr'><strong><em>apparere</em></strong></span> <span class='ocrx_word' id='word_1_21' title='bbox 828 521 1014 560; x_wconf 90' lang='lat' dir='ltr'><strong><em>vocem</em></strong></span> <span class='ocrx_word' id='word_1_22' title='bbox 1052 506 1120 558; x_wconf 90' lang='lat' dir='ltr'><strong><em>de</em></strong></span> <span class='ocrx_word' id='word_1_23' title='bbox 1160 504 1280 558; x_wconf 88' lang='lat' dir='ltr'><strong>Filii</strong></span> <span class='ocrx_word' id='word_1_24' title='bbox 1311 520 1374 559; x_wconf 83' lang='lat' dir='ltr'><strong><em>ex</em></strong></span> <span class='ocrx_word' id='word_1_25' title='bbox 1410 505 1574 559; x_wconf 78' lang='lat' dir='ltr'><strong><em>Patre</em></strong></span> <span class='ocrx_word' id='word_1_26' title='bbox 1600 505 1913 559; x_wconf 77' lang='lat' dir='ltr'><strong><em>exsistentia</em></strong></span> <span class='ocrx_word' id='word_1_27' title='bbox 1956 517 2120 556; x_wconf 82' lang='lat' dir='ltr'><strong><em>usur-</em></strong></span> 
     </span>
    </p>
   </div>
   <div class='ocr_carea' id='block_1_7' title="bbox 545 593 2121 669">
    <p class='ocr_par' dir='ltr' id='par_1_7' title="bbox 545 593 2121 669">
     <span class='ocr_line' id='line_1_7' title="bbox 545 593 2121 669; baseline -0.003 -19"><span class='ocrx_word' id='word_1_28' title='bbox 545 615 699 669; x_wconf 85' lang='lat' dir='ltr'><strong><em>pans,</em></strong></span> <span class='ocrx_word' id='word_1_29' title='bbox 748 601 862 651; x_wconf 84' lang='lat' dir='ltr'><strong><em>haec</em></strong></span> <span class='ocrx_word' id='word_1_30' title='bbox 921 598 1081 650; x_wconf 88' lang='lat' dir='ltr'><strong><em>habet</em></strong></span> <span class='ocrx_word' id='word_1_31' title='bbox 1116 613 1128 648; x_wconf 92' lang='lat'>:</span> <span class='ocrx_word' id='word_1_32' title='bbox 1169 595 1345 664; x_wconf 90' lang='lat' dir='ltr'><strong><em>Igitur</em></strong></span> <span class='ocrx_word' id='word_1_33' title='bbox 1378 611 1541 665; x_wconf 88' lang='lat' dir='ltr'><strong><em>neque</em></strong></span> <span class='ocrx_word' id='word_1_34' title='bbox 1601 595 1772 649; x_wconf 81' lang='lat' dir='ltr'><strong><em>Filius</em></strong></span> <span class='ocrx_word' id='word_1_35' title='bbox 1815 593 2036 647; x_wconf 82' lang='lat' dir='ltr'><strong><em>Verbum</em></strong></span> <span class='ocrx_word' id='word_1_36' title='bbox 2068 593 2121 646; x_wconf 90' lang='lat' dir='ltr'><strong><em>in</em></strong></span> 
     </span>
    </p>
   </div>
   <div class='ocr_carea' id='block_1_8' title="bbox 543 683 2120 751">
    <p class='ocr_par' dir='ltr' id='par_1_8' title="bbox 543 683 2120 751">
     <span class='ocr_line' id='line_1_8' title="bbox 543 683 2120 751; baseline -0.003 -8"><span class='ocrx_word' id='word_1_37' title='bbox 543 689 697 744; x_wconf 88' lang='lat' dir='ltr'><strong><em>corde</em></strong></span> <span class='ocrx_word' id='word_1_38' title='bbox 762 688 964 751; x_wconf 91' lang='lat' dir='ltr'><strong><em>Patris,</em></strong></span> <span class='ocrx_word' id='word_1_39' title='bbox 1023 687 1112 740; x_wconf 90' lang='lat' dir='ltr'><strong><em>sed</em></strong></span> <span class='ocrx_word' id='word_1_40' title='bbox 1162 686 1388 740; x_wconf 78' lang='lat' dir='ltr'><strong><em>Verbum</em></strong></span> <span class='ocrx_word' id='word_1_41' title='bbox 1434 689 1608 740; x_wconf 87' lang='lat' dir='ltr'><strong><em>vivens</em></strong></span> <span class='ocrx_word' id='word_1_42' title='bbox 1657 704 1688 739; x_wconf 90' lang='lat' dir='ltr'><strong><em>a</em></strong></span> <span class='ocrx_word' id='word_1_43' title='bbox 1734 687 1932 740; x_wconf 88' lang='lat' dir='ltr'><strong><em>vivente</em></strong></span> <span class='ocrx_word' id='word_1_44' title='bbox 1989 683 2120 750; x_wconf 87' lang='lat' dir='ltr'><strong><em>Deo,</em></strong></span> 
     </span>
    </p>
   </div>
   <div class='ocr_carea' id='block_1_9' title="bbox 542 779 2124 848">
    <p class='ocr_par' dir='ltr' id='par_1_9' title="bbox 542 779 2124 848">
     <span class='ocr_line' id='line_1_9' title="bbox 542 779 2124 848; baseline -0.003 -13"><span class='ocrx_word' id='word_1_45' title='bbox 542 793 738 835; x_wconf 75' lang='lat' dir='ltr'><strong><em>(eterna</em></strong></span> <span class='ocrx_word' id='word_1_46' title='bbox 812 781 1146 848; x_wconf 78' lang='lat' dir='ltr'><strong><em>generatione</em></strong></span> <span class='ocrx_word' id='word_1_47' title='bbox 1209 795 1472 848; x_wconf 75' lang='lat' dir='ltr'><strong><em>apparens</em></strong></span> <span class='ocrx_word' id='word_1_48' title='bbox 1505 820 1517 838; x_wconf 85' lang='lat'><strong><em>,</em></strong></span> <span class='ocrx_word' id='word_1_49' title='bbox 1597 782 1788 846; x_wconf 79' lang='lat' dir='ltr'><strong><em>absque</em></strong></span> <span class='ocrx_word' id='word_1_50' title='bbox 1866 779 2124 848; x_wconf 88' lang='lat' dir='ltr'><strong><em>principio</em></strong></span> 
     </span>
    </p>
   </div>
   <div class='ocr_carea' id='block_1_10' title="bbox 543 870 2124 940">
    <p class='ocr_par' dir='ltr' id='par_1_10' title="bbox 543 870 2124 940">
     <span class='ocr_line' id='line_1_10' title="bbox 543 870 2124 940; baseline 0 -17"><span class='ocrx_word' id='word_1_51' title='bbox 543 871 696 924; x_wconf 85' lang='lat' dir='ltr'><strong><em>Patri</em></strong></span> <span class='ocrx_word' id='word_1_52' title='bbox 729 872 1058 938; x_wconf 88' lang='lat' dir='ltr'><strong><em>conjunctus.</em></strong></span> <span class='ocrx_word' id='word_1_53' title='bbox 1109 871 1349 940; x_wconf 88' lang='lat' dir='ltr'><strong><em>Cyrillus</em></strong></span> <span class='ocrx_word' id='word_1_54' title='bbox 1383 872 1434 923; x_wconf 90' lang='lat' dir='ltr'><strong><em>in</em></strong></span> <span class='ocrx_word' id='word_1_55' title='bbox 1475 870 1640 924; x_wconf 82' lang='lat' dir='ltr'><strong><em>rebus</em></strong></span> <span class='ocrx_word' id='word_1_56' title='bbox 1672 870 1994 935; x_wconf 73' lang='lat' dir='ltr'><strong><em>tlteologicis</em></strong></span> <span class='ocrx_word' id='word_1_57' title='bbox 2028 870 2124 923; x_wconf 88' lang='lat' dir='ltr'><strong><em>de-</em></strong></span> 
     </span>
    </p>
   </div>
   <div class='ocr_carea' id='block_1_11' title="bbox 543 957 2128 1029">
    <p class='ocr_par' dir='ltr' id='par_1_11' title="bbox 543 957 2128 1029">
     <span class='ocr_line' id='line_1_11' title="bbox 543 957 2128 1029; baseline -0.001 -14"><span class='ocrx_word' id='word_1_58' title='bbox 543 960 832 1015; x_wconf 82' lang='lat' dir='ltr'><strong><em>cernendis</em></strong></span> <span class='ocrx_word' id='word_1_59' title='bbox 865 975 1134 1022; x_wconf 81' lang='lat' dir='ltr'><strong><em>sttmmus,</em></strong></span> <span class='ocrx_word' id='word_1_60' title='bbox 1167 960 1413 1012; x_wconf 78' lang='lat' dir='ltr'><strong><em>oratione</em></strong></span> <span class='ocrx_word' id='word_1_61' title='bbox 1445 960 1509 1013; x_wconf 87' lang='lat' dir='ltr'><strong><em>ad</em></strong></span> <span class='ocrx_word' id='word_1_62' title='bbox 1540 957 1883 1013; x_wconf 79' lang='lat' dir='ltr'><strong><em>Valerianum</em></strong></span> <span class='ocrx_word' id='word_1_63' title='bbox 1917 961 2128 1029; x_wconf 88' lang='lat' dir='ltr'><strong><em>episco-</em></strong></span> 
     </span>
    </p>
   </div>
   <div class='ocr_carea' id='block_1_12' title="bbox 544 1051 2127 1119">
    <p class='ocr_par' dir='ltr' id='par_1_12' title="bbox 544 1051 2127 1119">
     <span class='ocr_line' id='line_1_12' title="bbox 544 1051 2127 1119; baseline 0.003 -19"><span class='ocrx_word' id='word_1_64' title='bbox 544 1066 693 1118; x_wconf 84' lang='lat' dir='ltr'><strong><em>pum.</em></strong></span> <span class='ocrx_word' id='word_1_65' title='bbox 734 1051 879 1104; x_wconf 84' lang='lat' dir='ltr'><strong><em>hunc</em></strong></span> <span class='ocrx_word' id='word_1_66' title='bbox 910 1051 963 1104; x_wconf 93' lang='lat' dir='ltr'><strong><em>in</em></strong></span> <span class='ocrx_word' id='word_1_67' title='bbox 998 1053 1215 1104; x_wconf 86' lang='lat' dir='ltr'><strong><em>modum</em></strong></span> <span class='ocrx_word' id='word_1_68' title='bbox 1233 1051 1484 1105; x_wconf 85' lang='lat' dir='ltr'><strong><em>elocutus</em></strong></span> <span class='ocrx_word' id='word_1_69' title='bbox 1515 1061 1634 1105; x_wconf 85' lang='lat' dir='ltr'><strong><em>est:</em></strong></span> <span class='ocrx_word' id='word_1_70' title='bbox 1664 1051 1892 1106; x_wconf 88' lang='lat' dir='ltr'><strong><em>Sanctus</em></strong></span> <span class='ocrx_word' id='word_1_71' title='bbox 1917 1051 2127 1119; x_wconf 85' lang='lat' dir='ltr'><strong><em>quidem</em></strong></span> 
     </span>
    </p>
   </div>
   <div class='ocr_carea' id='block_1_13' title="bbox 541 1141 2124 1210">
    <p class='ocr_par' dir='ltr' id='par_1_13' title="bbox 541 1141 2124 1210">
     <span class='ocr_line' id='line_1_13' title="bbox 541 1141 2124 1210; baseline 0 -16"><span class='ocrx_word' id='word_1_72' title='bbox 541 1144 825 1195; x_wconf 85' lang='lat' dir='ltr'><strong><em>secundum</em></strong></span> <span class='ocrx_word' id='word_1_73' title='bbox 855 1151 1103 1194; x_wconf 86' lang='lat' dir='ltr'><strong><em>naturam</em></strong></span> <span class='ocrx_word' id='word_1_74' title='bbox 1127 1158 1243 1193; x_wconf 87' lang='lat' dir='ltr'><strong><em>cum</em></strong></span> <span class='ocrx_word' id='word_1_75' title='bbox 1277 1143 1368 1202; x_wconf 86' lang='lat' dir='ltr'><strong><em>sit,</em></strong></span> <span class='ocrx_word' id='word_1_76' title='bbox 1401 1142 1839 1210; x_wconf 86' lang='lat' dir='ltr'><strong><em>quemadmodum</em></strong></span> <span class='ocrx_word' id='word_1_77' title='bbox 1869 1153 1916 1194; x_wconf 92' lang='lat' dir='ltr'><strong><em>et</em></strong></span> <span class='ocrx_word' id='word_1_78' title='bbox 1945 1141 2124 1204; x_wconf 89' lang='lat' dir='ltr'><strong><em>Pater,</em></strong></span> 
     </span>
    </p>
   </div>
   <div class='ocr_carea' id='block_1_14' title="bbox 541 1232 2128 1302">
    <p class='ocr_par' dir='ltr' id='par_1_14' title="bbox 541 1232 2128 1302">
     <span class='ocr_line' id='line_1_14' title="bbox 541 1232 2128 1302; baseline 0.002 -19"><span class='ocrx_word' id='word_1_79' title='bbox 541 1233 630 1300; x_wconf 84' lang='lat' dir='ltr'><strong><em>qui</em></strong></span> <span class='ocrx_word' id='word_1_80' title='bbox 662 1247 727 1284; x_wconf 79' lang='lat' dir='ltr'><strong><em>ea:</em></strong></span> <span class='ocrx_word' id='word_1_81' title='bbox 764 1235 879 1295; x_wconf 79' lang='lat' dir='ltr'><strong><em>ipso</em></strong></span> <span class='ocrx_word' id='word_1_82' title='bbox 918 1233 1172 1301; x_wconf 86' lang='lat' dir='ltr'><strong><em>apparuit</em></strong></span> <span class='ocrx_word' id='word_1_83' title='bbox 1197 1233 1494 1301; x_wconf 88' lang='lat' dir='ltr'><strong><em>unigenitus</em></strong></span> <span class='ocrx_word' id='word_1_84' title='bbox 1527 1232 1729 1297; x_wconf 88' lang='lat' dir='ltr'><strong><em>Filius,</em></strong></span> <span class='ocrx_word' id='word_1_85' title='bbox 1761 1234 2128 1302; x_wconf 81' lang='lat' dir='ltr'><strong><em>sanctiﬁcatus</em></strong></span> 
     </span>
    </p>
   </div>
   <div class='ocr_carea' id='block_1_15' title="bbox 545 1321 2127 1392">
    <p class='ocr_par' dir='ltr' id='par_1_15' title="bbox 545 1321 2127 1392">
     <span class='ocr_line' id='line_1_15' title="bbox 545 1321 2127 1392; baseline 0.002 -19"><span class='ocrx_word' id='word_1_86' title='bbox 545 1322 707 1390; x_wconf 77' lang='lat' dir='ltr'><strong><em>fuisse</em></strong></span> <span class='ocrx_word' id='word_1_87' title='bbox 733 1323 930 1374; x_wconf 90' lang='lat' dir='ltr'><strong><em>dicitur</em></strong></span> <span class='ocrx_word' id='word_1_88' title='bbox 961 1340 991 1374; x_wconf 94' lang='lat' dir='ltr'><strong><em>a</em></strong></span> <span class='ocrx_word' id='word_1_89' title='bbox 1033 1321 1218 1383; x_wconf 84' lang='lat' dir='ltr'><strong><em>Patre,</em></strong></span> <span class='ocrx_word' id='word_1_90' title='bbox 1251 1339 1370 1375; x_wconf 81' lang='lat' dir='ltr'><strong><em>cum</em></strong></span> <span class='ocrx_word' id='word_1_91' title='bbox 1401 1333 1454 1374; x_wconf 90' lang='lat' dir='ltr'><strong><em>ut</em></strong></span> <span class='ocrx_word' id='word_1_92' title='bbox 1491 1323 1646 1376; x_wconf 84' lang='lat' dir='ltr'><strong><em>homo</em></strong></span> <span class='ocrx_word' id='word_1_93' title='bbox 1691 1325 1960 1392; x_wconf 82' lang='lat' dir='ltr'><strong><em>apparuit.</em></strong></span> <span class='ocrx_word' id='word_1_94' title='bbox 1986 1323 2127 1376; x_wconf 90' lang='lat' dir='ltr'><strong><em>Idem</em></strong></span> 
     </span>
    </p>
   </div>
   <div class='ocr_carea' id='block_1_16' title="bbox 541 1414 2130 1482">
    <p class='ocr_par' dir='ltr' id='par_1_16' title="bbox 541 1414 2130 1482">
     <span class='ocr_line' id='line_1_16' title="bbox 541 1414 2130 1482; baseline 0.003 -18"><span class='ocrx_word' id='word_1_95' title='bbox 541 1414 746 1466; x_wconf 82' lang='lat' dir='ltr'><strong><em>elucere</em></strong></span> <span class='ocrx_word' id='word_1_96' title='bbox 775 1430 882 1466; x_wconf 88' lang='lat' dir='ltr'><strong><em>non</em></strong></span> <span class='ocrx_word' id='word_1_97' title='bbox 913 1415 1022 1467; x_wconf 89' lang='lat' dir='ltr'><strong><em>alio</em></strong></span> <span class='ocrx_word' id='word_1_98' title='bbox 1054 1415 1216 1467; x_wconf 87' lang='lat' dir='ltr'><strong><em>modo</em></strong></span> <span class='ocrx_word' id='word_1_99' title='bbox 1242 1414 1518 1482; x_wconf 84' lang='lat' dir='ltr'><strong><em>accipiens</em></strong></span> <span class='ocrx_word' id='word_1_100' title='bbox 1543 1415 1596 1467; x_wconf 89' lang='lat' dir='ltr'><strong><em>in</em></strong></span> <span class='ocrx_word' id='word_1_101' title='bbox 1633 1431 1740 1468; x_wconf 89' lang='lat' dir='ltr'><strong><em>uno</em></strong></span> <span class='ocrx_word' id='word_1_102' title='bbox 1769 1430 1833 1467; x_wconf 84' lang='lat' dir='ltr'><strong><em>ex</em></strong></span> <span class='ocrx_word' id='word_1_103' title='bbox 1859 1414 2130 1482; x_wconf 79' lang='lat' dir='ltr'><strong><em>capitibus</em></strong></span> 
     </span>
    </p>
   </div>
   <div class='ocr_carea' id='block_1_17' title="bbox 545 1505 2133 1574">
    <p class='ocr_par' dir='ltr' id='par_1_17' title="bbox 545 1505 2133 1574">
     <span class='ocr_line' id='line_1_17' title="bbox 545 1505 2133 1574; baseline 0.002 -19"><span class='ocrx_word' id='word_1_104' title='bbox 545 1506 662 1558; x_wconf 83' lang='lat' dir='ltr'><strong><em>suis</em></strong></span> <span class='ocrx_word' id='word_1_105' title='bbox 709 1505 775 1558; x_wconf 88' lang='lat' dir='ltr'><strong><em>de</em></strong></span> <span class='ocrx_word' id='word_1_106' title='bbox 804 1508 1160 1574; x_wconf 85' lang='lat' dir='ltr'><strong><em>perpetuitate</em></strong></span> <span class='ocrx_word' id='word_1_107' title='bbox 1191 1506 1313 1560; x_wconf 86' lang='lat' dir='ltr'><strong><em>Filii</em></strong></span> <span class='ocrx_word' id='word_1_108' title='bbox 1376 1509 1489 1560; x_wconf 58' lang='lat' dir='ltr'><strong><em>haec</em></strong></span> <span class='ocrx_word' id='word_1_109' title='bbox 1524 1507 1798 1574; x_wconf 82' lang='lat' dir='ltr'><strong><em>ipsissima</em></strong></span> <span class='ocrx_word' id='word_1_110' title='bbox 1841 1507 2002 1559; x_wconf 72' lang='lat' dir='ltr'><strong><em>verba</em></strong></span> <span class='ocrx_word' id='word_1_111' title='bbox 2037 1506 2133 1558; x_wconf 85' lang='lat' dir='ltr'><strong><em>Ita-</em></strong></span> 
     </span>
    </p>
   </div>
   <div class='ocr_carea' id='block_1_18' title="bbox 544 1596 2134 1664">
    <p class='ocr_par' dir='ltr' id='par_1_18' title="bbox 544 1596 2134 1664">
     <span class='ocr_line' id='line_1_18' title="bbox 544 1596 2134 1664; baseline 0.002 -15"><span class='ocrx_word' id='word_1_112' title='bbox 544 1596 638 1649; x_wconf 73' lang='lat' dir='ltr'><strong><em>Itet</em></strong></span> <span class='ocrx_word' id='word_1_113' title='bbox 674 1615 688 1650; x_wconf 89' lang='lat'><strong>:</strong></span> <span class='ocrx_word' id='word_1_114' title='bbox 721 1596 824 1660; x_wconf 84' lang='lat' dir='ltr'><strong><em>Qui</em></strong></span> <span class='ocrx_word' id='word_1_115' title='bbox 856 1614 974 1651; x_wconf 88' lang='lat' dir='ltr'><strong><em>vero</em></strong></span> <span class='ocrx_word' id='word_1_116' title='bbox 1013 1615 1174 1664; x_wconf 86' lang='lat' dir='ltr'><strong><em>supra</em></strong></span> <span class='ocrx_word' id='word_1_117' title='bbox 1203 1599 1377 1652; x_wconf 85' lang='lat' dir='ltr'><strong><em>omnia</em></strong></span> <span class='ocrx_word' id='word_1_118' title='bbox 1403 1598 1640 1651; x_wconf 83' lang='lat' dir='ltr'><strong><em>ascendit</em></strong></span> <span class='ocrx_word' id='word_1_119' title='bbox 1661 1597 1820 1662; x_wconf 86' lang='lat' dir='ltr'><strong><em>Deus,</em></strong></span> <span class='ocrx_word' id='word_1_120' title='bbox 1849 1599 2134 1652; x_wconf 77' lang='lat' dir='ltr'><strong><em>eluceseere</em></strong></span> 
     </span>
    </p>
   </div>
   <div class='ocr_carea' id='block_1_19' title="bbox 544 1689 2130 1758">
    <p class='ocr_par' dir='ltr' id='par_1_19' title="bbox 544 1689 2130 1758">
     <span class='ocr_line' id='line_1_19' title="bbox 544 1689 2130 1758; baseline 0.003 -18"><span class='ocrx_word' id='word_1_121' title='bbox 544 1689 741 1757; x_wconf 75' lang='lat' dir='ltr'><strong><em>faciens</em></strong></span> <span class='ocrx_word' id='word_1_122' title='bbox 793 1705 857 1742; x_wconf 78' lang='lat' dir='ltr'><strong><em>ex</em></strong></span> <span class='ocrx_word' id='word_1_123' title='bbox 918 1695 1192 1758; x_wconf 83' lang='lat' dir='ltr'><strong><em>semetipso</em></strong></span> <span class='ocrx_word' id='word_1_124' title='bbox 1252 1693 1474 1746; x_wconf 89' lang='lat' dir='ltr'><strong><em>indivise</em></strong></span> <span class='ocrx_word' id='word_1_125' title='bbox 1525 1693 1742 1746; x_wconf 84' lang='lat' dir='ltr'><strong><em>Filium.</em></strong></span> <span class='ocrx_word' id='word_1_126' title='bbox 1784 1692 1847 1746; x_wconf 87' lang='lat' dir='ltr'><strong><em>Et</em></strong></span> <span class='ocrx_word' id='word_1_127' title='bbox 1877 1693 1930 1746; x_wconf 91' lang='lat' dir='ltr'><strong><em>in</em></strong></span> <span class='ocrx_word' id='word_1_128' title='bbox 1979 1692 2130 1746; x_wconf 84' lang='lat' dir='ltr'><strong><em>alio:</em></strong></span> 
     </span>
    </p>
   </div>
   <div class='ocr_carea' id='block_1_20' title="bbox 549 1777 2126 1853">
    <p class='ocr_par' dir='ltr' id='par_1_20' title="bbox 549 1777 2126 1853">
     <span class='ocr_line' id='line_1_20' title="bbox 549 1777 2126 1853; baseline 0.005 -23"><span class='ocrx_word' id='word_1_129' title='bbox 549 1777 709 1832; x_wconf 85' lang='lat' dir='ltr'><strong><em>Pater</em></strong></span> <span class='ocrx_word' id='word_1_130' title='bbox 732 1795 795 1833; x_wconf 78' lang='lat' dir='ltr'><strong><em>ea:</em></strong></span> <span class='ocrx_word' id='word_1_131' title='bbox 817 1782 1091 1849; x_wconf 84' lang='lat' dir='ltr'><strong><em>semetipso</em></strong></span> <span class='ocrx_word' id='word_1_132' title='bbox 1119 1782 1404 1836; x_wconf 85' lang='lat' dir='ltr'><strong><em>elucescere</em></strong></span> <span class='ocrx_word' id='word_1_133' title='bbox 1433 1783 1555 1853; x_wconf 75' lang='lat' dir='ltr'><strong><em>fecit</em></strong></span> <span class='ocrx_word' id='word_1_134' title='bbox 1586 1783 1635 1836; x_wconf 89' lang='lat' dir='ltr'><em>F</em></span> <span class='ocrx_word' id='word_1_135' title='bbox 1639 1785 1791 1837; x_wconf 83' lang='lat' dir='ltr'><strong><em>ilium</em></strong></span> <span class='ocrx_word' id='word_1_136' title='bbox 1826 1786 2047 1838; x_wconf 84' lang='lat' dir='ltr'><strong><em>indivise</em></strong></span> <span class='ocrx_word' id='word_1_137' title='bbox 2078 1794 2126 1838; x_wconf 89' lang='lat' dir='ltr'><strong><em>et</em></strong></span> 
     </span>
    </p>
   </div>
   <div class='ocr_carea' id='block_1_21' title="bbox 543 1870 2128 1942">
    <p class='ocr_par' dir='ltr' id='par_1_21' title="bbox 543 1870 2128 1942">
     <span class='ocr_line' id='line_1_21' title="bbox 543 1870 2128 1942; baseline 0.003 -20"><span class='ocrx_word' id='word_1_138' title='bbox 543 1870 989 1935; x_wconf 86' lang='lat' dir='ltr'><strong><em>inseparabiliter.</em></strong></span> <span class='ocrx_word' id='word_1_139' title='bbox 1028 1871 1092 1926; x_wconf 87' lang='lat' dir='ltr'><strong><em>Et</em></strong></span> <span class='ocrx_word' id='word_1_140' title='bbox 1127 1873 1179 1926; x_wconf 87' lang='lat' dir='ltr'><strong><em>in</em></strong></span> <span class='ocrx_word' id='word_1_141' title='bbox 1210 1874 1321 1928; x_wconf 91' lang='lat' dir='ltr'><strong><em>alio</em></strong></span> <span class='ocrx_word' id='word_1_142' title='bbox 1359 1876 1856 1939; x_wconf 77' lang='lat' dir='ltr'><strong><em>:Quemadmodum</em></strong></span> <span class='ocrx_word' id='word_1_143' title='bbox 1898 1875 2128 1942; x_wconf 84' lang='lat' dir='ltr'><strong><em>Spiritus</em></strong></span> 
     </span>
    </p>
   </div>
   <div class='ocr_carea' id='block_1_22' title="bbox 543 1962 2132 2018">
    <p class='ocr_par' dir='ltr' id='par_1_22' title="bbox 543 1962 2132 2018">
     <span class='ocr_line' id='line_1_22' title="bbox 543 1962 2132 2018; baseline 0 -4"><span class='ocrx_word' id='word_1_144' title='bbox 543 1971 759 2014; x_wconf 89' lang='lat' dir='ltr'><strong><em>sanctus</em></strong></span> <span class='ocrx_word' id='word_1_145' title='bbox 795 1977 895 2014; x_wconf 90' lang='lat' dir='ltr'><strong><em>non</em></strong></span> <span class='ocrx_word' id='word_1_146' title='bbox 929 1962 1066 2014; x_wconf 86' lang='lat' dir='ltr'><strong><em>subit</em></strong></span> <span class='ocrx_word' id='word_1_147' title='bbox 1101 1964 1245 2015; x_wconf 90' lang='lat' dir='ltr'><strong><em>circa</em></strong></span> <span class='ocrx_word' id='word_1_148' title='bbox 1275 1966 1556 2016; x_wconf 82' lang='lat' dir='ltr'><strong><em>essentiam</em></strong></span> <span class='ocrx_word' id='word_1_149' title='bbox 1587 1964 1894 2018; x_wconf 85' lang='lat' dir='ltr'><strong><em>divisionem</em></strong></span> <span class='ocrx_word' id='word_1_150' title='bbox 1956 1964 2132 2016; x_wconf 82' lang='lat' dir='ltr'><strong><em>diver-</em></strong></span> 
     </span>
    </p>
   </div>
   <div class='ocr_carea' id='block_1_23' title="bbox 543 2052 2128 2121">
    <p class='ocr_par' dir='ltr' id='par_1_23' title="bbox 543 2052 2128 2121">
     <span class='ocr_line' id='line_1_23' title="bbox 543 2052 2128 2121; baseline -0.001 -17"><span class='ocrx_word' id='word_1_151' title='bbox 543 2069 628 2105; x_wconf 92' lang='lat' dir='ltr'><strong><em>sos</em></strong></span> <span class='ocrx_word' id='word_1_152' title='bbox 660 2053 715 2103; x_wconf 90' lang='lat' dir='ltr'><strong><em>in</em></strong></span> <span class='ocrx_word' id='word_1_153' title='bbox 777 2052 930 2105; x_wconf 89' lang='lat' dir='ltr'><strong><em>donis</em></strong></span> <span class='ocrx_word' id='word_1_154' title='bbox 976 2052 1160 2104; x_wconf 87' lang='lat' dir='ltr'><strong><em>modos</em></strong></span> <span class='ocrx_word' id='word_1_155' title='bbox 1199 2053 1478 2117; x_wconf 88' lang='lat' dir='ltr'><strong><em>emittens,</em></strong></span> <span class='ocrx_word' id='word_1_156' title='bbox 1527 2055 1602 2105; x_wconf 91' lang='lat' dir='ltr'><strong><em>sic</em></strong></span> <span class='ocrx_word' id='word_1_157' title='bbox 1657 2062 1708 2105; x_wconf 89' lang='lat' dir='ltr'><strong><em>et</em></strong></span> <span class='ocrx_word' id='word_1_158' title='bbox 1769 2052 2128 2121; x_wconf 88' lang='lat' dir='ltr'><strong><em>generativam</em></strong></span> 
     </span>
    </p>
   </div>
   <div class='ocr_carea' id='block_1_24' title="bbox 545 2141 2130 2212">
    <p class='ocr_par' dir='ltr' id='par_1_24' title="bbox 545 2141 2130 2212">
     <span class='ocr_line' id='line_1_24' title="bbox 545 2141 2130 2212; baseline -0.002 -15"><span class='ocrx_word' id='word_1_159' title='bbox 545 2144 824 2197; x_wconf 81' lang='lat' dir='ltr'><strong><em>essentiam</em></strong></span> <span class='ocrx_word' id='word_1_160' title='bbox 860 2142 977 2204; x_wconf 78' lang='lat' dir='ltr'><strong><em>Dei,</em></strong></span> <span class='ocrx_word' id='word_1_161' title='bbox 1013 2158 1163 2195; x_wconf 90' lang='lat' dir='ltr'><strong><em>nemo</em></strong></span> <span class='ocrx_word' id='word_1_162' title='bbox 1192 2143 1341 2196; x_wconf 78' lang='lat' dir='ltr'><strong><em>exiis</em></strong></span> <span class='ocrx_word' id='word_1_163' title='bbox 1375 2143 1462 2212; x_wconf 87' lang='lat' dir='ltr'><strong><em>qui</em></strong></span> <span class='ocrx_word' id='word_1_164' title='bbox 1496 2144 1708 2210; x_wconf 88' lang='lat' dir='ltr'><strong><em>sapiunt</em></strong></span> <span class='ocrx_word' id='word_1_165' title='bbox 1743 2142 1942 2210; x_wconf 86' lang='lat' dir='ltr'><strong><em>injuria</em></strong></span> <span class='ocrx_word' id='word_1_166' title='bbox 1978 2141 2130 2209; x_wconf 79' lang='lat' dir='ltr'><strong><em>afﬁci</em></strong></span> 
     </span>
    </p>
   </div>
   <div class='ocr_carea' id='block_1_25' title="bbox 545 2229 2130 2300">
    <p class='ocr_par' dir='ltr' id='par_1_25' title="bbox 545 2229 2130 2300">
     <span class='ocr_line' id='line_1_25' title="bbox 545 2229 2130 2300; baseline -0.001 -16"><span class='ocrx_word' id='word_1_167' title='bbox 545 2232 900 2294; x_wconf 84' lang='lat' dir='ltr'><strong><em>asseverabit,</em></strong></span> <span class='ocrx_word' id='word_1_168' title='bbox 937 2239 1032 2282; x_wconf 89' lang='lat' dir='ltr'><strong><em>aut</em></strong></span> <span class='ocrx_word' id='word_1_169' title='bbox 1088 2231 1414 2292; x_wconf 87' lang='lat' dir='ltr'><strong><em>divisionem,</em></strong></span> <span class='ocrx_word' id='word_1_170' title='bbox 1459 2241 1552 2283; x_wconf 91' lang='lat' dir='ltr'><strong><em>aut</em></strong></span> <span class='ocrx_word' id='word_1_171' title='bbox 1601 2231 1845 2300; x_wconf 76' lang='lat' dir='ltr'><strong><em>eﬂ&#39;luxunt</em></strong></span> <span class='ocrx_word' id='word_1_172' title='bbox 1905 2229 2130 2299; x_wconf 83' lang='lat' dir='ltr'><strong><em>aliquem</em></strong></span> 
     </span>
    </p>
   </div>
   <div class='ocr_carea' id='block_1_26' title="bbox 546 2325 2129 2396">
    <p class='ocr_par' dir='ltr' id='par_1_26' title="bbox 546 2325 2129 2396">
     <span class='ocr_line' id='line_1_26' title="bbox 546 2325 2129 2396; baseline 0.001 -18"><span class='ocrx_word' id='word_1_173' title='bbox 546 2327 786 2388; x_wconf 80' lang='lat' dir='ltr'><strong><em>subiisse,</em></strong></span> <span class='ocrx_word' id='word_1_174' title='bbox 831 2343 994 2378; x_wconf 82' lang='lat' dir='ltr'><strong><em>unum</em></strong></span> <span class='ocrx_word' id='word_1_175' title='bbox 1036 2335 1084 2380; x_wconf 89' lang='lat' dir='ltr'><strong><em>et</em></strong></span> <span class='ocrx_word' id='word_1_176' title='bbox 1136 2325 1306 2379; x_wconf 84' lang='lat' dir='ltr'><strong><em>solum</em></strong></span> <span class='ocrx_word' id='word_1_177' title='bbox 1349 2343 1414 2379; x_wconf 69' lang='lat' dir='ltr'><strong><em>ea:</em></strong></span> <span class='ocrx_word' id='word_1_178' title='bbox 1467 2330 1638 2396; x_wconf 82' lang='lat' dir='ltr'><strong><em>seipsa</em></strong></span> <span class='ocrx_word' id='word_1_179' title='bbox 1671 2326 1874 2380; x_wconf 84' lang='lat' dir='ltr'><strong><em>elucere</em></strong></span> <span class='ocrx_word' id='word_1_180' title='bbox 1925 2325 2129 2380; x_wconf 88' lang='lat' dir='ltr'><strong><em>Filium</em></strong></span> 
     </span>
    </p>
   </div>
   <div class='ocr_carea' id='block_1_27' title="bbox 546 2418 2129 2489">
    <p class='ocr_par' dir='ltr' id='par_1_27' title="bbox 546 2418 2129 2489">
     <span class='ocr_line' id='line_1_27' title="bbox 546 2418 2129 2489; baseline 0 -18"><span class='ocrx_word' id='word_1_181' title='bbox 546 2418 887 2487; x_wconf 74' lang='lat' dir='ltr'><strong><em>efﬁcientem.</em></strong></span> <span class='ocrx_word' id='word_1_182' title='bbox 933 2419 1101 2472; x_wconf 87' lang='lat' dir='ltr'><strong><em>Divus</em></strong></span> <span class='ocrx_word' id='word_1_183' title='bbox 1133 2433 1324 2472; x_wconf 84' lang='lat' dir='ltr'><strong><em>rursus</em></strong></span> <span class='ocrx_word' id='word_1_184' title='bbox 1366 2432 1430 2471; x_wconf 89' lang='lat' dir='ltr'><strong><em>ac</em></strong></span> <span class='ocrx_word' id='word_1_185' title='bbox 1479 2434 1710 2489; x_wconf 75' lang='lat' dir='ltr'><strong><em>magnus</em></strong></span> <span class='ocrx_word' id='word_1_186' title='bbox 1747 2419 1801 2472; x_wconf 90' lang='lat' dir='ltr'><strong><em>in</em></strong></span> <span class='ocrx_word' id='word_1_187' title='bbox 1841 2419 2004 2472; x_wconf 85' lang='lat' dir='ltr'><strong><em>rebus</em></strong></span> <span class='ocrx_word' id='word_1_188' title='bbox 2049 2418 2129 2471; x_wconf 89' lang='lat' dir='ltr'><strong><em>di-</em></strong></span> 
     </span>
    </p>
   </div>
   <div class='ocr_carea' id='block_1_28' title="bbox 546 2508 2130 2578">
    <p class='ocr_par' dir='ltr' id='par_1_28' title="bbox 546 2508 2130 2578">
     <span class='ocr_line' id='line_1_28' title="bbox 546 2508 2130 2578; baseline 0.001 -18"><span class='ocrx_word' id='word_1_189' title='bbox 546 2510 694 2564; x_wconf 78' lang='lat' dir='ltr'><strong><em>vinis</em></strong></span> <span class='ocrx_word' id='word_1_190' title='bbox 724 2509 1059 2577; x_wconf 81' lang='lat' dir='ltr'><strong><em>exponendis</em></strong></span> <span class='ocrx_word' id='word_1_191' title='bbox 1097 2509 1435 2562; x_wconf 79' lang='lat' dir='ltr'><strong><em>Athanasius</em></strong></span> <span class='ocrx_word' id='word_1_192' title='bbox 1485 2510 1735 2564; x_wconf 71' lang='lat' dir='ltr'><strong><em>oratiouna</em></strong></span> <span class='ocrx_word' id='word_1_193' title='bbox 1765 2509 1832 2562; x_wconf 93' lang='lat' dir='ltr'><strong><em>de</em></strong></span> <span class='ocrx_word' id='word_1_194' title='bbox 1870 2508 2130 2578; x_wconf 79' lang='lat' dir='ltr'><strong><em>Dionysio</em></strong></span> 
     </span>
    </p>
   </div>
   <div class='ocr_carea' id='block_1_29' title="bbox 548 2599 2130 2671">
    <p class='ocr_par' dir='ltr' id='par_1_29' title="bbox 548 2599 2130 2671">
     <span class='ocr_line' id='line_1_29' title="bbox 548 2599 2130 2671; baseline 0 -17"><span class='ocrx_word' id='word_1_195' title='bbox 548 2603 828 2671; x_wconf 82' lang='lat' dir='ltr'><strong><em>episcopo.</em></strong></span> <span class='ocrx_word' id='word_1_196' title='bbox 861 2602 1160 2654; x_wconf 88' lang='lat' dir='ltr'><strong><em>ostendens</em></strong></span> <span class='ocrx_word' id='word_1_197' title='bbox 1183 2599 1384 2668; x_wconf 71' lang='lat' dir='ltr'><strong><em>effundi</em></strong></span> <span class='ocrx_word' id='word_1_198' title='bbox 1426 2601 1590 2654; x_wconf 87' lang='lat' dir='ltr'><strong><em>etiam</em></strong></span> <span class='ocrx_word' id='word_1_199' title='bbox 1623 2602 1690 2656; x_wconf 91' lang='lat' dir='ltr'><strong><em>de</em></strong></span> <span class='ocrx_word' id='word_1_200' title='bbox 1727 2599 1850 2654; x_wconf 83' lang='lat' dir='ltr'><strong><em>Filii</em></strong></span> <span class='ocrx_word' id='word_1_201' title='bbox 1874 2616 1940 2653; x_wconf 79' lang='lat' dir='ltr'><strong><em>ex</em></strong></span> <span class='ocrx_word' id='word_1_202' title='bbox 1971 2600 2130 2654; x_wconf 87' lang='lat' dir='ltr'><strong><em>Patre</em></strong></span> 
     </span>
    </p>
   </div>
   <div class='ocr_carea' id='block_1_30' title="bbox 547 2690 2130 2757">
    <p class='ocr_par' dir='ltr' id='par_1_30' title="bbox 547 2690 2130 2757">
     <span class='ocr_line' id='line_1_30' title="bbox 547 2690 2130 2757; baseline -0.003 -9"><span class='ocrx_word' id='word_1_203' title='bbox 547 2693 869 2748; x_wconf 81' lang='lat' dir='ltr'><strong><em>exsistentia</em></strong></span> <span class='ocrx_word' id='word_1_204' title='bbox 905 2693 1144 2757; x_wconf 87' lang='lat' dir='ltr'><strong><em>desumi,</em></strong></span> <span class='ocrx_word' id='word_1_205' title='bbox 1205 2693 1318 2744; x_wconf 66' lang='lat' dir='ltr'><strong><em>haec</em></strong></span> <span class='ocrx_word' id='word_1_206' title='bbox 1375 2692 1649 2745; x_wconf 86' lang='lat' dir='ltr'><strong><em>invenitur</em></strong></span> <span class='ocrx_word' id='word_1_207' title='bbox 1700 2692 1948 2746; x_wconf 81' lang='lat' dir='ltr'><strong><em>dixisse:</em></strong></span> <span class='ocrx_word' id='word_1_208' title='bbox 1981 2690 2130 2745; x_wconf 86' lang='lat' dir='ltr'><strong><em>Fons</em></strong></span> 
     </span>
    </p>
   </div>
   <div class='ocr_carea' id='block_1_31' title="bbox 551 2783 2128 2855">
    <p class='ocr_par' dir='ltr' id='par_1_31' title="bbox 551 2783 2128 2855">
     <span class='ocr_line' id='line_1_31' title="bbox 551 2783 2128 2855; baseline 0.002 -20"><span class='ocrx_word' id='word_1_209' title='bbox 551 2785 805 2837; x_wconf 89' lang='lat' dir='ltr'><strong><em>bonorum</em></strong></span> <span class='ocrx_word' id='word_1_210' title='bbox 849 2785 1081 2836; x_wconf 88' lang='lat' dir='ltr'><strong><em>omnium</em></strong></span> <span class='ocrx_word' id='word_1_211' title='bbox 1134 2783 1270 2835; x_wconf 89' lang='lat' dir='ltr'><strong><em>Deus</em></strong></span> <span class='ocrx_word' id='word_1_212' title='bbox 1328 2791 1428 2848; x_wconf 85' lang='lat' dir='ltr'><strong><em>est,</em></strong></span> <span class='ocrx_word' id='word_1_213' title='bbox 1478 2783 1671 2848; x_wconf 78' lang='lat' dir='ltr'><strong><em>fluvius</em></strong></span> <span class='ocrx_word' id='word_1_214' title='bbox 1710 2801 1826 2839; x_wconf 86' lang='lat' dir='ltr'><strong><em>vero</em></strong></span> <span class='ocrx_word' id='word_1_215' title='bbox 1879 2787 2128 2855; x_wconf 79' lang='lat' dir='ltr'><strong><em>profusus</em></strong></span> 
     </span>
    </p>
   </div>
   <div class='ocr_carea' id='block_1_32' title="bbox 552 2874 2128 2945">
    <p class='ocr_par' dir='ltr' id='par_1_32' title="bbox 552 2874 2128 2945">
     <span class='ocr_line' id='line_1_32' title="bbox 552 2874 2128 2945; baseline 0.003 -19"><span class='ocrx_word' id='word_1_216' title='bbox 552 2874 751 2935; x_wconf 83' lang='lat' dir='ltr'><strong><em>Filius,</em></strong></span> <span class='ocrx_word' id='word_1_217' title='bbox 807 2877 1000 2942; x_wconf 81' lang='lat' dir='ltr'><strong><em>scripto</em></strong></span> <span class='ocrx_word' id='word_1_218' title='bbox 1048 2877 1392 2944; x_wconf 82' lang='lat' dir='ltr'><strong><em>consignatur</em></strong></span> <span class='ocrx_word' id='word_1_219' title='bbox 1423 2887 1446 2928; x_wconf 87' lang='lat'><strong><em>.&#39;</em></strong></span> <span class='ocrx_word' id='word_1_220' title='bbox 1479 2877 1694 2945; x_wconf 72' lang='lat' dir='ltr'><strong><em>efﬂuxus</em></strong></span> <span class='ocrx_word' id='word_1_221' title='bbox 1751 2879 1890 2930; x_wconf 91' lang='lat' dir='ltr'><strong><em>enim</em></strong></span> <span class='ocrx_word' id='word_1_222' title='bbox 1942 2878 2128 2932; x_wconf 90' lang='lat' dir='ltr'><strong><em>mentis</em></strong></span> 
     </span>
    </p>
   </div>
   <div class='ocr_carea' id='block_1_33' title="bbox 565 2967 2130 3038">
    <p class='ocr_par' dir='ltr' id='par_1_33' title="bbox 565 2967 2130 3038">
     <span class='ocr_line' id='line_1_33' title="bbox 565 2967 2130 3038; baseline 0.003 -20"><span class='ocrx_word' id='word_1_223' title='bbox 565 2967 808 3028; x_wconf 83' lang='lat' dir='ltr'><strong><em>Verbum,</em></strong></span> <span class='ocrx_word' id='word_1_224' title='bbox 858 2977 906 3019; x_wconf 91' lang='lat' dir='ltr'><strong><em>et</em></strong></span> <span class='ocrx_word' id='word_1_225' title='bbox 944 2978 997 3018; x_wconf 91' lang='lat' dir='ltr'><strong><em>ut</em></strong></span> <span class='ocrx_word' id='word_1_226' title='bbox 1047 2967 1317 3019; x_wconf 83' lang='lat' dir='ltr'><strong><em>hominum</em></strong></span> <span class='ocrx_word' id='word_1_227' title='bbox 1365 2970 1600 3037; x_wconf 66' lang='lat' dir='ltr'><strong><em>exemplo</em></strong></span> <span class='ocrx_word' id='word_1_228' title='bbox 1627 2969 1681 3021; x_wconf 86' lang='lat' dir='ltr'><strong><em>id</em></strong></span> <span class='ocrx_word' id='word_1_229' title='bbox 1723 2971 2037 3038; x_wconf 73' lang='lat' dir='ltr'><strong><em>exprimam,</em></strong></span> <span class='ocrx_word' id='word_1_230' title='bbox 2063 2985 2130 3025; x_wconf 71' lang='lat' dir='ltr'><strong><em>ea:</em></strong></span> 
     </span>
    </p>
   </div>
   <div class='ocr_carea' id='block_1_34' title="bbox 2222 497 3709 572">
    <p class='ocr_par' dir='ltr' id='par_1_34' title="bbox 2222 497 3709 572">
     <span class='ocr_line' id='line_1_34' title="bbox 2222 497 3709 572; baseline 0.007 -21"><span class='ocrx_word' id='word_1_231' title='bbox 2222 501 2314 554; x_wconf 77' lang='grc' dir='ltr'><strong><em>τοῦ</em></strong></span> <span class='ocrx_word' id='word_1_232' title='bbox 2351 500 2484 553; x_wconf 82' lang='grc' dir='ltr'>Υἱοῦ</span> <span class='ocrx_word' id='word_1_233' title='bbox 2521 499 2614 552; x_wconf 81' lang='grc' dir='ltr'><em>καὶ</em></span> <span class='ocrx_word' id='word_1_234' title='bbox 2666 497 2761 551; x_wconf 73' lang='grc' dir='ltr'><strong><em>τοῦ</em></strong></span> <span class='ocrx_word' id='word_1_235' title='bbox 2809 497 3126 567; x_wconf 78' lang='grc' dir='ltr'><em>Πνεύματος</em></span> <span class='ocrx_word' id='word_1_236' title='bbox 3167 499 3324 570; x_wconf 79' lang='grc' dir='ltr'><em>λόγῳ,</em></span> <span class='ocrx_word' id='word_1_237' title='bbox 3349 502 3405 554; x_wconf 81' lang='grc' dir='ltr'><strong><em>τδ</em></strong></span> <span class='ocrx_word' id='word_1_238' title='bbox 3432 506 3709 572; x_wconf 74' lang='grc' dir='ltr'><strong><em>πεφηνέναι</em></strong></span> 
     </span>
    </p>
   </div>
   <div class='ocr_carea' id='block_1_35' title="bbox 2223 590 3709 660">
    <p class='ocr_par' dir='ltr' id='par_1_35' title="bbox 2223 590 3709 660">
     <span class='ocr_line' id='line_1_35' title="bbox 2223 590 3709 660; baseline 0.004 -16"><span class='ocrx_word' id='word_1_239' title='bbox 2223 591 2413 654; x_wconf 75' lang='grc' dir='ltr'><em>τιθεὶς,</em></span> <span class='ocrx_word' id='word_1_240' title='bbox 2462 592 2598 643; x_wconf 70' lang='grc' dir='ltr'><strong><em>κάπὶ</em></strong></span> <span class='ocrx_word' id='word_1_241' title='bbox 2645 590 2745 658; x_wconf 77' lang='grc' dir='ltr'><strong><em>τῆς</em></strong></span> <span class='ocrx_word' id='word_1_242' title='bbox 2796 590 2860 642; x_wconf 80' lang='grc' dir='ltr'><em>ὲκ</em></span> <span class='ocrx_word' id='word_1_243' title='bbox 2933 590 3145 658; x_wconf 74' lang='grc' dir='ltr'><em>Πατρδς</em></span> <span class='ocrx_word' id='word_1_244' title='bbox 3192 591 3460 660; x_wconf 73' lang='grc' dir='ltr'><strong><em>ὑπάρξεως</em></strong></span> <span class='ocrx_word' id='word_1_245' title='bbox 3503 594 3582 646; x_wconf 82' lang='grc' dir='ltr'><strong><em>τοῦ</em></strong></span> <span class='ocrx_word' id='word_1_246' title='bbox 3616 598 3709 651; x_wconf 82' lang='grc' dir='ltr'><strong><em>Υιοῦ</em></strong></span> 
     </span>
    </p>
   </div>
   <div class='ocr_carea' id='block_1_36' title="bbox 2223 679 3713 756">
    <p class='ocr_par' dir='ltr' id='par_1_36' title="bbox 2223 679 3713 756">
     <span class='ocr_line' id='line_1_36' title="bbox 2223 679 3713 756; baseline 0.003 -21"><span class='ocrx_word' id='word_1_247' title='bbox 2223 681 2398 737; x_wconf 79' lang='grc' dir='ltr'><strong><em>ταῦτά</em></strong></span> <span class='ocrx_word' id='word_1_248' title='bbox 2422 698 2558 750; x_wconf 84' lang='grc' dir='ltr'><em>φησι</em></span> <span class='ocrx_word' id='word_1_249' title='bbox 2581 697 2592 710; x_wconf 82' lang='grc'><em>’</em></span> <span class='ocrx_word' id='word_1_250' title='bbox 2630 680 2850 734; x_wconf 85' lang='grc' dir='ltr'><em>Τοίνυν</em></span> <span class='ocrx_word' id='word_1_251' title='bbox 2891 679 3034 734; x_wconf 79' lang='grc' dir='ltr'><strong><em>οὐδὲ</em></strong></span> <span class='ocrx_word' id='word_1_252' title='bbox 3063 683 3096 734; x_wconf 86' lang='grc' dir='ltr'><em>ὁ</em></span> <span class='ocrx_word' id='word_1_253' title='bbox 3141 683 3270 746; x_wconf 82' lang='grc' dir='ltr'><strong><em>Υἱὸς</em></strong></span> <span class='ocrx_word' id='word_1_254' title='bbox 3303 686 3479 752; x_wconf 80' lang='grc' dir='ltr'><strong><em>Λόγος</em></strong></span> <span class='ocrx_word' id='word_1_255' title='bbox 3507 685 3568 738; x_wconf 77' lang='grc' dir='ltr'><em>ἐν</em></span> <span class='ocrx_word' id='word_1_256' title='bbox 3607 705 3713 756; x_wconf 75' lang='lat' dir='ltr'><strong><em>uap-</em></strong></span> 
     </span>
    </p>
   </div>
   <div class='ocr_carea' id='block_1_37' title="bbox 2225 771 3716 845">
    <p class='ocr_par' dir='ltr' id='par_1_37' title="bbox 2225 771 3716 845">
     <span class='ocr_line' id='line_1_37' title="bbox 2225 771 3716 845; baseline 0.004 -19"><span class='ocrx_word' id='word_1_257' title='bbox 2225 773 2327 839; x_wconf 77' lang='grc' dir='ltr'><strong><em>δίᾳ</em></strong></span> <span class='ocrx_word' id='word_1_258' title='bbox 2373 773 2484 827; x_wconf 82' lang='grc' dir='ltr'><strong><em>τοῦ</em></strong></span> <span class='ocrx_word' id='word_1_259' title='bbox 2535 772 2783 840; x_wconf 78' lang='grc' dir='ltr'><strong><em>Πατρός,</em></strong></span> <span class='ocrx_word' id='word_1_260' title='bbox 2824 772 2984 826; x_wconf 81' lang='grc' dir='ltr'><em>ἀλλὰ</em></span> <span class='ocrx_word' id='word_1_261' title='bbox 3023 773 3210 840; x_wconf 77' lang='grc' dir='ltr'><strong><em>Λόγος</em></strong></span> <span class='ocrx_word' id='word_1_262' title='bbox 3257 771 3364 833; x_wconf 81' lang='grc' dir='ltr'><strong><em>ζῶν</em></strong></span> <span class='ocrx_word' id='word_1_263' title='bbox 3408 775 3514 828; x_wconf 82' lang='grc' dir='ltr'><strong><em>ἀπὸ</em></strong></span> <span class='ocrx_word' id='word_1_264' title='bbox 3549 775 3716 845; x_wconf 81' lang='grc' dir='ltr'><em>ζῶντος</em></span> 
     </span>
    </p>
   </div>
   <div class='ocr_carea' id='block_1_38' title="bbox 2229 861 3716 934">
    <p class='ocr_par' dir='ltr' id='par_1_38' title="bbox 2229 861 3716 934">
     <span class='ocr_line' id='line_1_38' title="bbox 2229 861 3716 934; baseline -0.005 -14"><span class='ocrx_word' id='word_1_265' title='bbox 2229 865 2378 920; x_wconf 83' lang='grc' dir='ltr'><strong><em>Θεοῦ</em></strong></span> <span class='ocrx_word' id='word_1_266' title='bbox 2411 864 2582 931; x_wconf 79' lang='grc' dir='ltr'><em>ἀϊδίῳ</em></span> <span class='ocrx_word' id='word_1_267' title='bbox 2602 863 2885 934; x_wconf 81' lang='grc' dir='ltr'><em>γεννήσει</em></span> <span class='ocrx_word' id='word_1_268' title='bbox 2918 861 3219 930; x_wconf 76' lang='grc' dir='ltr'><em>πεφηνὼς,</em></span> <span class='ocrx_word' id='word_1_269' title='bbox 3238 863 3495 931; x_wconf 81' lang='grc' dir='ltr'><em>ἁνάρχως</em></span> <span class='ocrx_word' id='word_1_270' title='bbox 3521 864 3590 930; x_wconf 81' lang='grc' dir='ltr'><strong><em>τῷ</em></strong></span> <span class='ocrx_word' id='word_1_271' title='bbox 3627 872 3716 920; x_wconf 81' lang='grc' dir='ltr'><strong><em>[ια.</em></strong></span> 
     </span>
    </p>
   </div>
   <div class='ocr_carea' id='block_1_39' title="bbox 2227 953 3718 1029">
    <p class='ocr_par' dir='ltr' id='par_1_39' title="bbox 2227 953 3718 1029">
     <span class='ocr_line' id='line_1_39' title="bbox 2227 953 3718 1029; baseline 0.001 -19"><span class='ocrx_word' id='word_1_272' title='bbox 2227 956 2319 1025; x_wconf 75' lang='grc' dir='ltr'><strong><em>τρὶ</em></strong></span> <span class='ocrx_word' id='word_1_273' title='bbox 2341 956 2570 1012; x_wconf 86' lang='grc' dir='ltr'><em>συνών.</em></span> <span class='ocrx_word' id='word_1_274' title='bbox 2614 955 2674 1008; x_wconf 89' lang='lat'><strong><em>&#39;0</em></strong></span> <span class='ocrx_word' id='word_1_275' title='bbox 2713 955 2772 1008; x_wconf 83' lang='grc' dir='ltr'>δὲ</span> <span class='ocrx_word' id='word_1_276' title='bbox 2807 953 3265 1020; x_wconf 81' lang='grc' dir='ltr'><strong><em>Θεολογικώτατος</em></strong></span> <span class='ocrx_word' id='word_1_277' title='bbox 3306 955 3553 1024; x_wconf 58' lang='lat' dir='ltr'><strong><em>Rupilio;</em></strong></span> <span class='ocrx_word' id='word_1_278' title='bbox 3589 961 3637 1010; x_wconf 82' lang='grc' dir='ltr'><strong><em>ὲν</em></strong></span> <span class='ocrx_word' id='word_1_279' title='bbox 3663 962 3718 1029; x_wconf 80' lang='grc' dir='ltr'><strong><em>τῷ</em></strong></span> 
     </span>
    </p>
   </div>
   <div class='ocr_carea' id='block_1_40' title="bbox 2230 1043 3720 1122">
    <p class='ocr_par' dir='ltr' id='par_1_40' title="bbox 2230 1043 3720 1122">
     <span class='ocr_line' id='line_1_40' title="bbox 2230 1043 3720 1122; baseline 0.001 -20"><span class='ocrx_word' id='word_1_280' title='bbox 2230 1049 2366 1118; x_wconf 76' lang='grc' dir='ltr'><em>πρὸς</em></span> <span class='ocrx_word' id='word_1_281' title='bbox 2389 1047 2759 1118; x_wconf 77' lang='grc' dir='ltr'><strong><em>Οὐαλεριανὸν</em></strong></span> <span class='ocrx_word' id='word_1_282' title='bbox 2801 1047 3104 1122; x_wconf 79' lang='grc' dir='ltr'><em>ἐπίσκοπον</em></span> <span class='ocrx_word' id='word_1_283' title='bbox 3137 1047 3300 1116; x_wconf 82' lang='grc' dir='ltr'><em>λόγῳ,</em></span> <span class='ocrx_word' id='word_1_284' title='bbox 3331 1048 3419 1098; x_wconf 80' lang='grc' dir='ltr'><em>καὶ</em></span> <span class='ocrx_word' id='word_1_285' title='bbox 3447 1043 3582 1111; x_wconf 76' lang='grc' dir='ltr'>οὗτος</span> <span class='ocrx_word' id='word_1_286' title='bbox 3614 1048 3720 1105; x_wconf 79' lang='grc' dir='ltr'><strong><em>οὕτω</em></strong></span> 
     </span>
    </p>
   </div>
   <div class='ocr_carea' id='block_1_41' title="bbox 2232 1136 3723 1209">
    <p class='ocr_par' dir='ltr' id='par_1_41' title="bbox 2232 1136 3723 1209">
     <span class='ocr_line' id='line_1_41' title="bbox 2232 1136 3723 1209; baseline -0.001 -15"><span class='ocrx_word' id='word_1_287' title='bbox 2232 1159 2345 1203; x_wconf 80' lang='grc' dir='ltr'><strong><em>πως</em></strong></span> <span class='ocrx_word' id='word_1_288' title='bbox 2376 1141 2599 1209; x_wconf 80' lang='grc' dir='ltr'><em>εἴρηκεν</em></span> <span class='ocrx_word' id='word_1_289' title='bbox 2621 1156 2635 1170; x_wconf 92' lang='grc'><strong>·</strong></span> <span class='ocrx_word' id='word_1_290' title='bbox 2673 1139 2866 1206; x_wconf 79' lang='grc' dir='ltr'><em>Ἄγιος</em></span> <span class='ocrx_word' id='word_1_291' title='bbox 2906 1137 3018 1206; x_wconf 77' lang='grc' dir='ltr'><em>γὰρ</em></span> <span class='ocrx_word' id='word_1_292' title='bbox 3046 1136 3132 1189; x_wconf 84' lang='grc' dir='ltr'><em>ὢν</em></span> <span class='ocrx_word' id='word_1_293' title='bbox 3154 1137 3300 1191; x_wconf 82' lang='grc' dir='ltr'><em>κατὰ</em></span> <span class='ocrx_word' id='word_1_294' title='bbox 3317 1139 3495 1204; x_wconf 68' lang='grc' dir='ltr'><em>φύσιν</em></span> <span class='ocrx_word' id='word_1_295' title='bbox 3513 1140 3723 1209; x_wconf 73' lang='grc' dir='ltr'><em>καθάπερ</em></span> 
     </span>
    </p>
   </div>
   <div class='ocr_carea' id='block_1_42' title="bbox 2230 1228 3724 1302">
    <p class='ocr_par' dir='ltr' id='par_1_42' title="bbox 2230 1228 3724 1302">
     <span class='ocr_line' id='line_1_42' title="bbox 2230 1228 3724 1302; baseline -0.003 -14"><span class='ocrx_word' id='word_1_296' title='bbox 2230 1232 2438 1302; x_wconf 79' lang='grc' dir='ltr'><em>ἀμέλει</em></span> <span class='ocrx_word' id='word_1_297' title='bbox 2465 1233 2562 1284; x_wconf 75' lang='grc' dir='ltr'><em>καὶ</em></span> <span class='ocrx_word' id='word_1_298' title='bbox 2608 1235 2642 1285; x_wconf 84' lang='grc' dir='ltr'><em>ὁ</em></span> <span class='ocrx_word' id='word_1_299' title='bbox 2679 1231 2881 1298; x_wconf 78' lang='grc' dir='ltr'><em>Πατὴρ</em></span> <span class='ocrx_word' id='word_1_300' title='bbox 2933 1234 2966 1284; x_wconf 85' lang='lat' dir='ltr'><strong><em>d</em></strong></span> <span class='ocrx_word' id='word_1_301' title='bbox 2997 1230 3066 1294; x_wconf 78' lang='grc' dir='ltr'><strong><em>ἐξ</em></strong></span> <span class='ocrx_word' id='word_1_302' title='bbox 3105 1228 3291 1284; x_wconf 81' lang='grc' dir='ltr'><em>αὑτοῦ</em></span> <span class='ocrx_word' id='word_1_303' title='bbox 3333 1232 3586 1299; x_wconf 61' lang='lat' dir='ltr'><strong><em>mpm-ibt;</em></strong></span> <span class='ocrx_word' id='word_1_304' title='bbox 3627 1234 3724 1297; x_wconf 83' lang='grc' dir='ltr'><strong><em>Υιὸς</em></strong></span> 
     </span>
    </p>
   </div>
   <div class='ocr_carea' id='block_1_43' title="bbox 2225 1323 3723 1394">
    <p class='ocr_par' dir='ltr' id='par_1_43' title="bbox 2225 1323 3723 1394">
     <span class='ocr_line' id='line_1_43' title="bbox 2225 1323 3723 1394; baseline -0.002 -15"><span class='ocrx_word' id='word_1_305' title='bbox 2225 1323 2564 1394; x_wconf 74' lang='grc' dir='ltr'><em>μονογενὴς</em></span> <span class='ocrx_word' id='word_1_306' title='bbox 2592 1323 2876 1391; x_wconf 76' lang='grc' dir='ltr'><em>ἡτιάσθαι</em></span> <span class='ocrx_word' id='word_1_307' title='bbox 2919 1323 3159 1391; x_wconf 73' lang='grc' dir='ltr'><em>λέγεται</em></span> <span class='ocrx_word' id='word_1_308' title='bbox 3196 1324 3352 1389; x_wconf 88' lang='grc' dir='ltr'><em>παρὰ</em></span> <span class='ocrx_word' id='word_1_309' title='bbox 3395 1323 3493 1376; x_wconf 83' lang='grc' dir='ltr'>τοῦ</span> <span class='ocrx_word' id='word_1_310' title='bbox 3527 1324 3723 1390; x_wconf 78' lang='grc' dir='ltr'><em>Πατρός.</em></span> 
     </span>
    </p>
   </div>
   <div class='ocr_carea' id='block_1_44' title="bbox 2233 1413 3726 1483">
    <p class='ocr_par' dir='ltr' id='par_1_44' title="bbox 2233 1413 3726 1483">
     <span class='ocr_line' id='line_1_44' title="bbox 2233 1413 3726 1483; baseline -0.003 -13"><span class='ocrx_word' id='word_1_311' title='bbox 2233 1416 2375 1470; x_wconf 85' lang='grc' dir='ltr'><em>καθὸ</em></span> <span class='ocrx_word' id='word_1_312' title='bbox 2403 1416 2673 1483; x_wconf 65' lang='grc' dir='ltr'><em>πέφηνεν</em></span> <span class='ocrx_word' id='word_1_313' title='bbox 2695 1414 3030 1482; x_wconf 79' lang='grc' dir='ltr'><em>ἅνθρωπος.</em></span> <span class='ocrx_word' id='word_1_314' title='bbox 3074 1414 3134 1466; x_wconf 83' lang='grc' dir='ltr'>Ὀ</span> <span class='ocrx_word' id='word_1_315' title='bbox 3164 1414 3322 1477; x_wconf 80' lang='grc' dir='ltr'><em>αὐτὸς</em></span> <span class='ocrx_word' id='word_1_316' title='bbox 3361 1414 3417 1466; x_wconf 77' lang='grc' dir='ltr'><strong><em>τὸ</em></strong></span> <span class='ocrx_word' id='word_1_317' title='bbox 3455 1413 3726 1482; x_wconf 70' lang='grc' dir='ltr'><strong><em>ἐκλάμπειν</em></strong></span> 
     </span>
    </p>
   </div>
   <div class='ocr_carea' id='block_1_45' title="bbox 2235 1505 3726 1578">
    <p class='ocr_par' dir='ltr' id='par_1_45' title="bbox 2235 1505 3726 1578">
     <span class='ocr_line' id='line_1_45' title="bbox 2235 1505 3726 1578; baseline -0.003 -18"><span class='ocrx_word' id='word_1_318' title='bbox 2235 1507 2328 1560; x_wconf 70' lang='grc' dir='ltr'><em>καὶ</em></span> <span class='ocrx_word' id='word_1_319' title='bbox 2376 1506 2547 1578; x_wconf 78' lang='grc' dir='ltr'><strong><em>ταύτῃ</em></strong></span> <span class='ocrx_word' id='word_1_320' title='bbox 2578 1506 2753 1568; x_wconf 83' lang='grc' dir='ltr'>διδοὺς</span> <span class='ocrx_word' id='word_1_321' title='bbox 2794 1505 2852 1558; x_wconf 74' lang='grc' dir='ltr'><strong><em>ἐν</em></strong></span> <span class='ocrx_word' id='word_1_322' title='bbox 2893 1523 3001 1558; x_wconf 82' lang='grc' dir='ltr'>τινι</span> <span class='ocrx_word' id='word_1_323' title='bbox 3033 1505 3143 1557; x_wconf 86' lang='grc' dir='ltr'><strong><em>τῶν</em></strong></span> <span class='ocrx_word' id='word_1_324' title='bbox 3188 1505 3316 1573; x_wconf 81' lang='grc' dir='ltr'><em>περὶ</em></span> <span class='ocrx_word' id='word_1_325' title='bbox 3352 1505 3443 1574; x_wconf 84' lang='grc' dir='ltr'><strong><em>τῆς</em></strong></span> <span class='ocrx_word' id='word_1_326' title='bbox 3485 1505 3726 1574; x_wconf 77' lang='grc' dir='ltr'><strong><em>ἁῖδιότητος</em></strong></span> 
     </span>
    </p>
   </div>
   <div class='ocr_carea' id='block_1_46' title="bbox 2233 1594 3728 1664">
    <p class='ocr_par' dir='ltr' id='par_1_46' title="bbox 2233 1594 3728 1664">
     <span class='ocr_line' id='line_1_46' title="bbox 2233 1594 3728 1664; baseline -0.004 -12"><span class='ocrx_word' id='word_1_327' title='bbox 2233 1599 2328 1652; x_wconf 76' lang='grc' dir='ltr'><strong><em>τοῦ</em></strong></span> <span class='ocrx_word' id='word_1_328' title='bbox 2381 1598 2513 1650; x_wconf 80' lang='grc' dir='ltr'>Υἱοῡ</span> <span class='ocrx_word' id='word_1_329' title='bbox 2571 1595 2884 1663; x_wconf 75' lang='grc' dir='ltr'>κεφαλαίων</span> <span class='ocrx_word' id='word_1_330' title='bbox 2942 1597 3151 1662; x_wconf 76' lang='grc' dir='ltr'><strong><em>αὐτοῦ,</em></strong></span> <span class='ocrx_word' id='word_1_331' title='bbox 3204 1594 3422 1648; x_wconf 83' lang='grc' dir='ltr'><strong><em>τοιαῦτα</em></strong></span> <span class='ocrx_word' id='word_1_332' title='bbox 3468 1595 3588 1664; x_wconf 82' lang='grc' dir='ltr'><em>πρὸς</em></span> <span class='ocrx_word' id='word_1_333' title='bbox 3634 1597 3728 1654; x_wconf 70' lang='grc' dir='ltr'><em>ἔπος</em></span> 
     </span>
    </p>
   </div>
   <div class='ocr_carea' id='block_1_47' title="bbox 2234 1684 3732 1754">
    <p class='ocr_par' dir='ltr' id='par_1_47' title="bbox 2234 1684 3732 1754">
     <span class='ocr_line' id='line_1_47' title="bbox 2234 1684 3732 1754; baseline -0.003 -11"><span class='ocrx_word' id='word_1_334' title='bbox 2234 1690 2517 1754; x_wconf 59' lang='grc' dir='ltr'><strong><em>διέξεισιν</em></strong></span> <span class='ocrx_word' id='word_1_335' title='bbox 2557 1687 2622 1740; x_wconf 85' lang='lat'><strong><em>&#39;0</em></strong></span> <span class='ocrx_word' id='word_1_336' title='bbox 2666 1686 2734 1740; x_wconf 81' lang='grc' dir='ltr'><strong><em>δὲ</em></strong></span> <span class='ocrx_word' id='word_1_337' title='bbox 2779 1688 2903 1740; x_wconf 76' lang='grc' dir='ltr'><em>ἄνω</em></span> <span class='ocrx_word' id='word_1_338' title='bbox 2943 1687 3188 1741; x_wconf 81' lang='grc' dir='ltr'><em>πάντων</em></span> <span class='ocrx_word' id='word_1_339' title='bbox 3240 1684 3594 1753; x_wconf 74' lang='grc' dir='ltr'><em>ἀναϐεϐηκὼς</em></span> <span class='ocrx_word' id='word_1_340' title='bbox 3625 1685 3732 1749; x_wconf 73' lang='grc' dir='ltr'><em>Θεὸς</em></span> 
     </span>
    </p>
   </div>
   <div class='ocr_carea' id='block_1_48' title="bbox 2233 1776 3731 1850">
    <p class='ocr_par' dir='ltr' id='par_1_48' title="bbox 2233 1776 3731 1850">
     <span class='ocr_line' id='line_1_48' title="bbox 2233 1776 3731 1850; baseline -0.008 -15"><span class='ocrx_word' id='word_1_341' title='bbox 2233 1780 2552 1850; x_wconf 69' lang='grc' dir='ltr'><em>ἐκλάμψας</em></span> <span class='ocrx_word' id='word_1_342' title='bbox 2577 1780 2912 1846; x_wconf 82' lang='grc' dir='ltr'><em>ἀμερίστως</em></span> <span class='ocrx_word' id='word_1_343' title='bbox 2945 1779 3014 1842; x_wconf 76' lang='grc' dir='ltr'><strong><em>ἐξ</em></strong></span> <span class='ocrx_word' id='word_1_344' title='bbox 3048 1778 3237 1832; x_wconf 82' lang='grc' dir='ltr'><em>αὑτοῦ</em></span> <span class='ocrx_word' id='word_1_345' title='bbox 3266 1778 3370 1831; x_wconf 83' lang='grc' dir='ltr'><strong><em>τὸν</em></strong></span> <span class='ocrx_word' id='word_1_346' title='bbox 3402 1779 3548 1831; x_wconf 79' lang='grc' dir='ltr'><em>Υίόν.</em></span> <span class='ocrx_word' id='word_1_347' title='bbox 3582 1776 3669 1828; x_wconf 76' lang='grc' dir='ltr'><strong><em>Καὶ</em></strong></span> <span class='ocrx_word' id='word_1_348' title='bbox 3693 1777 3731 1824; x_wconf 73' lang='grc' dir='ltr'><strong><em>ἐν</em></strong></span> 
     </span>
    </p>
   </div>
   <div class='ocr_carea' id='block_1_49' title="bbox 2231 1869 3733 1942">
    <p class='ocr_par' dir='ltr' id='par_1_49' title="bbox 2231 1869 3733 1942">
     <span class='ocr_line' id='line_1_49' title="bbox 2231 1869 3733 1942; baseline -0.007 -14"><span class='ocrx_word' id='word_1_349' title='bbox 2231 1874 2408 1942; x_wconf 81' lang='grc' dir='ltr'><em>ἄλλῳ·</em></span> <span class='ocrx_word' id='word_1_350' title='bbox 2445 1873 2509 1924; x_wconf 79' lang='grc' dir='ltr'>Ὀ</span> <span class='ocrx_word' id='word_1_351' title='bbox 2549 1872 2750 1938; x_wconf 79' lang='grc' dir='ltr'><em>Πατὴρ</em></span> <span class='ocrx_word' id='word_1_352' title='bbox 2775 1873 3126 1939; x_wconf 74' lang='grc' dir='ltr'><strong><em>ἐξέλαμψεν</em></strong></span> <span class='ocrx_word' id='word_1_353' title='bbox 3163 1870 3232 1933; x_wconf 78' lang='grc' dir='ltr'><strong><em>ἐξ</em></strong></span> <span class='ocrx_word' id='word_1_354' title='bbox 3278 1871 3460 1926; x_wconf 84' lang='grc' dir='ltr'><em>αὐτοῦ</em></span> <span class='ocrx_word' id='word_1_355' title='bbox 3498 1870 3593 1923; x_wconf 85' lang='grc' dir='ltr'><strong><em>τὸν</em></strong></span> <span class='ocrx_word' id='word_1_356' title='bbox 3632 1869 3733 1920; x_wconf 75' lang='grc' dir='ltr'><strong><em>Υίόν</em></strong></span> 
     </span>
    </p>
   </div>
   <div class='ocr_carea' id='block_1_50' title="bbox 2229 1961 3731 2032">
    <p class='ocr_par' dir='ltr' id='par_1_50' title="bbox 2229 1961 3731 2032">
     <span class='ocr_line' id='line_1_50' title="bbox 2229 1961 3731 2032; baseline -0.005 -14"><span class='ocrx_word' id='word_1_357' title='bbox 2229 1965 2565 2032; x_wconf 81' lang='grc' dir='ltr'><em>ἁμερίστως</em></span> <span class='ocrx_word' id='word_1_358' title='bbox 2645 1963 2745 2016; x_wconf 77' lang='grc' dir='ltr'><em>καὶ</em></span> <span class='ocrx_word' id='word_1_359' title='bbox 2809 1962 3208 2029; x_wconf 78' lang='grc' dir='ltr'><em>ἀδιαστὰτως.</em></span> <span class='ocrx_word' id='word_1_360' title='bbox 3292 1963 3399 2016; x_wconf 68' lang='grc' dir='ltr'><strong><em>Καὶ</em></strong></span> <span class='ocrx_word' id='word_1_361' title='bbox 3462 1964 3514 2012; x_wconf 83' lang='grc' dir='ltr'><strong><em>ὲν</em></strong></span> <span class='ocrx_word' id='word_1_362' title='bbox 3577 1961 3731 2028; x_wconf 77' lang='grc' dir='ltr'><strong><em>ἑτέρῳ·</em></strong></span> 
     </span>
    </p>
   </div>
   <div class='ocr_carea' id='block_1_51' title="bbox 2233 2047 3732 2121">
    <p class='ocr_par' dir='ltr' id='par_1_51' title="bbox 2233 2047 3732 2121">
     <span class='ocr_line' id='line_1_51' title="bbox 2233 2047 3732 2121; baseline -0.005 -15"><span class='ocrx_word' id='word_1_363' title='bbox 2233 2055 2458 2119; x_wconf 85' lang='grc' dir='ltr'><em>’Ὠσπερ</em></span> <span class='ocrx_word' id='word_1_364' title='bbox 2488 2053 2552 2106; x_wconf 84' lang='grc' dir='ltr'><strong><em>τὸ</em></strong></span> <span class='ocrx_word' id='word_1_365' title='bbox 2579 2052 2818 2119; x_wconf 83' lang='grc' dir='ltr'><strong><em>Πνεῦμα</em></strong></span> <span class='ocrx_word' id='word_1_366' title='bbox 2838 2052 2904 2104; x_wconf 87' lang='grc' dir='ltr'><strong><em>τὸ</em></strong></span> <span class='ocrx_word' id='word_1_367' title='bbox 2935 2051 3109 2121; x_wconf 79' lang='grc' dir='ltr'><em>ἅγιον</em></span> <span class='ocrx_word' id='word_1_368' title='bbox 3127 2054 3200 2106; x_wconf 85' lang='grc' dir='ltr'><strong><em>οὺ</em></strong></span> <span class='ocrx_word' id='word_1_369' title='bbox 3231 2052 3518 2120; x_wconf 85' lang='grc' dir='ltr'><em>μερισμὸν</em></span> <span class='ocrx_word' id='word_1_370' title='bbox 3559 2047 3732 2116; x_wconf 76' lang='grc' dir='ltr'><em>ὑπομέ·</em></span> 
     </span>
    </p>
   </div>
   <div class='ocr_carea' id='block_1_52' title="bbox 2229 2142 3734 2216">
    <p class='ocr_par' dir='ltr' id='par_1_52' title="bbox 2229 2142 3734 2216">
     <span class='ocr_line' id='line_1_52' title="bbox 2229 2142 3734 2216; baseline -0.007 -13"><span class='ocrx_word' id='word_1_371' title='bbox 2229 2166 2320 2203; x_wconf 86' lang='grc' dir='ltr'><em>νει</em></span> <span class='ocrx_word' id='word_1_372' title='bbox 2353 2148 2488 2216; x_wconf 78' lang='grc' dir='ltr'><em>περὶ</em></span> <span class='ocrx_word' id='word_1_373' title='bbox 2539 2151 2655 2214; x_wconf 83' lang='grc' dir='ltr'><strong><em>τὴν</em></strong></span> <span class='ocrx_word' id='word_1_374' title='bbox 2685 2147 2908 2201; x_wconf 82' lang='grc' dir='ltr'><em>οὐσίαν</em></span> <span class='ocrx_word' id='word_1_375' title='bbox 2945 2145 3270 2215; x_wconf 78' lang='grc' dir='ltr'><em>διαφόρους</em></span> <span class='ocrx_word' id='word_1_376' title='bbox 3314 2145 3600 2212; x_wconf 74' lang='grc' dir='ltr'><em>ἐκπέμπον</em></span> <span class='ocrx_word' id='word_1_377' title='bbox 3631 2142 3734 2205; x_wconf 75' lang='grc' dir='ltr'><em>τοὺς</em></span> 
     </span>
    </p>
   </div>
   <div class='ocr_carea' id='block_1_53' title="bbox 2230 2236 3734 2308">
    <p class='ocr_par' dir='ltr' id='par_1_53' title="bbox 2230 2236 3734 2308">
     <span class='ocr_line' id='line_1_53' title="bbox 2230 2236 3734 2308; baseline -0.007 -14"><span class='ocrx_word' id='word_1_378' title='bbox 2230 2243 2299 2294; x_wconf 87' lang='grc' dir='ltr'><em>ἐν</em></span> <span class='ocrx_word' id='word_1_379' title='bbox 2327 2241 2450 2306; x_wconf 85' lang='grc' dir='ltr'><em>τοῖς</em></span> <span class='ocrx_word' id='word_1_380' title='bbox 2477 2243 2808 2308; x_wconf 85' lang='grc' dir='ltr'><em>χαρίσμασι</em></span> <span class='ocrx_word' id='word_1_381' title='bbox 2835 2240 3095 2306; x_wconf 78' lang='grc' dir='ltr'><strong><em>τρόπους</em></strong></span> <span class='ocrx_word' id='word_1_382' title='bbox 3124 2253 3139 2267; x_wconf 92' lang='grc'><strong>·</strong></span> <span class='ocrx_word' id='word_1_383' title='bbox 3187 2241 3340 2292; x_wconf 81' lang='grc' dir='ltr'><em>οὓτω</em></span> <span class='ocrx_word' id='word_1_384' title='bbox 3379 2238 3473 2290; x_wconf 80' lang='grc' dir='ltr'><em>καὶ</em></span> <span class='ocrx_word' id='word_1_385' title='bbox 3511 2236 3611 2302; x_wconf 84' lang='grc' dir='ltr'><strong><em>τὴν</em></strong></span> <span class='ocrx_word' id='word_1_386' title='bbox 3642 2251 3734 2302; x_wconf 65' lang='grc' dir='ltr'><strong><em>τεν.</em></strong></span> 
     </span>
    </p>
   </div>
   <div class='ocr_carea' id='block_1_54' title="bbox 2230 2324 3730 2398">
    <p class='ocr_par' dir='ltr' id='par_1_54' title="bbox 2230 2324 3730 2398">
     <span class='ocr_line' id='line_1_54' title="bbox 2230 2324 3730 2398; baseline -0.006 -13"><span class='ocrx_word' id='word_1_387' title='bbox 2230 2331 2488 2398; x_wconf 85' lang='grc' dir='ltr'><em>νητικὴν</em></span> <span class='ocrx_word' id='word_1_388' title='bbox 2521 2330 2744 2384; x_wconf 86' lang='grc' dir='ltr'><em>οὐσίαν</em></span> <span class='ocrx_word' id='word_1_389' title='bbox 2770 2328 2874 2380; x_wconf 85' lang='grc' dir='ltr'>τοῦ</span> <span class='ocrx_word' id='word_1_390' title='bbox 2905 2326 3053 2382; x_wconf 84' lang='grc' dir='ltr'><strong><em>Θεοῦ</em></strong></span> <span class='ocrx_word' id='word_1_391' title='bbox 3077 2329 3192 2380; x_wconf 89' lang='grc' dir='ltr'><em>οὐκ</em></span> <span class='ocrx_word' id='word_1_392' title='bbox 3228 2327 3304 2379; x_wconf 81' lang='grc' dir='ltr'><em>ἄν</em></span> <span class='ocrx_word' id='word_1_393' title='bbox 3323 2345 3409 2392; x_wconf 83' lang='grc' dir='ltr'><em>τις</em></span> <span class='ocrx_word' id='word_1_394' title='bbox 3441 2324 3548 2379; x_wconf 86' lang='grc' dir='ltr'><em>τῶν</em></span> <span class='ocrx_word' id='word_1_395' title='bbox 3573 2325 3730 2391; x_wconf 71' lang='grc' dir='ltr'><em>εὐφρο-</em></span> 
     </span>
    </p>
   </div>
   <div class='ocr_carea' id='block_1_55' title="bbox 2231 2413 3725 2488">
    <p class='ocr_par' dir='ltr' id='par_1_55' title="bbox 2231 2413 3725 2488">
     <span class='ocr_line' id='line_1_55' title="bbox 2231 2413 3725 2488; baseline -0.007 -10"><span class='ocrx_word' id='word_1_396' title='bbox 2231 2425 2500 2478; x_wconf 85' lang='grc' dir='ltr'><em>νούντων</em></span> <span class='ocrx_word' id='word_1_397' title='bbox 2558 2420 2892 2476; x_wconf 84' lang='grc' dir='ltr'><em>ἀδικεῖσθαι</em></span> <span class='ocrx_word' id='word_1_398' title='bbox 2945 2419 3229 2488; x_wconf 70' lang='grc' dir='ltr'><em>φήσειεν,</em></span> <span class='ocrx_word' id='word_1_399' title='bbox 3281 2419 3320 2488; x_wconf 79' lang='grc' dir='ltr'><strong>ἢ</strong></span> <span class='ocrx_word' id='word_1_400' title='bbox 3369 2413 3725 2488; x_wconf 84' lang='grc' dir='ltr'><em>μερισμὸν,ῆ</em></span> 
     </span>
    </p>
   </div>
   <div class='ocr_carea' id='block_1_56' title="bbox 2230 2503 3732 2583">
    <p class='ocr_par' dir='ltr' id='par_1_56' title="bbox 2230 2503 3732 2583">
     <span class='ocr_line' id='line_1_56' title="bbox 2230 2503 3732 2583; baseline -0.001 -14"><span class='ocrx_word' id='word_1_401' title='bbox 2230 2512 2558 2583; x_wconf 74' lang='grc' dir='ltr'><em>ἀπόρροιαν</em></span> <span class='ocrx_word' id='word_1_402' title='bbox 2595 2527 2731 2565; x_wconf 77' lang='grc' dir='ltr'><em>τινα</em></span> <span class='ocrx_word' id='word_1_403' title='bbox 2763 2511 2978 2566; x_wconf 83' lang='grc' dir='ltr'><strong><em>παθεῖν</em></strong></span> <span class='ocrx_word' id='word_1_404' title='bbox 3014 2511 3126 2564; x_wconf 77' lang='grc' dir='ltr'><em>ἕνα</em></span> <span class='ocrx_word' id='word_1_405' title='bbox 3168 2512 3264 2564; x_wconf 73' lang='grc' dir='ltr'><em>καὶ</em></span> <span class='ocrx_word' id='word_1_406' title='bbox 3295 2511 3485 2579; x_wconf 86' lang='grc' dir='ltr'><em>μόνον</em></span> <span class='ocrx_word' id='word_1_407' title='bbox 3515 2508 3576 2571; x_wconf 81' lang='grc' dir='ltr'><strong><em>ἐξ</em></strong></span> <span class='ocrx_word' id='word_1_408' title='bbox 3597 2503 3732 2570; x_wconf 81' lang='grc' dir='ltr'><em>αὐτῆς</em></span> 
     </span>
    </p>
   </div>
   <div class='ocr_carea' id='block_1_57' title="bbox 2230 2593 3736 2671">
    <p class='ocr_par' dir='ltr' id='par_1_57' title="bbox 2230 2593 3736 2671">
     <span class='ocr_line' id='line_1_57' title="bbox 2230 2593 3736 2671; baseline -0.009 -12"><span class='ocrx_word' id='word_1_409' title='bbox 2230 2603 2638 2671; x_wconf 73' lang='grc' dir='ltr'><strong><em>ἐκλάμψασαν</em></strong></span> <span class='ocrx_word' id='word_1_410' title='bbox 2685 2601 2844 2655; x_wconf 86' lang='grc' dir='ltr'><em>Υίόν.</em></span> <span class='ocrx_word' id='word_1_411' title='bbox 2907 2601 2966 2654; x_wconf 90' lang='lat'><strong>&#39;0</strong></span> <span class='ocrx_word' id='word_1_412' title='bbox 3023 2603 3203 2670; x_wconf 81' lang='grc' dir='ltr'><strong><em>μέγας</em></strong></span> <span class='ocrx_word' id='word_1_413' title='bbox 3243 2597 3396 2662; x_wconf 82' lang='grc' dir='ltr'><em>αὖθις</em></span> <span class='ocrx_word' id='word_1_414' title='bbox 3443 2600 3505 2650; x_wconf 72' lang='grc' dir='ltr'><strong><em>τὰ</em></strong></span> <span class='ocrx_word' id='word_1_415' title='bbox 3529 2597 3631 2650; x_wconf 77' lang='grc' dir='ltr'><em>θεῖα</em></span> <span class='ocrx_word' id='word_1_416' title='bbox 3671 2593 3736 2646; x_wconf 71' lang='grc' dir='ltr'><em>καὶ</em></span> 
     </span>
    </p>
   </div>
   <div class='ocr_carea' id='block_1_58' title="bbox 2231 2687 3738 2764">
    <p class='ocr_par' dir='ltr' id='par_1_58' title="bbox 2231 2687 3738 2764">
     <span class='ocr_line' id='line_1_58' title="bbox 2231 2687 3738 2764; baseline -0.007 -14"><span class='ocrx_word' id='word_1_417' title='bbox 2231 2697 2400 2758; x_wconf 83' lang='grc' dir='ltr'><em>πολὺς</em></span> <span class='ocrx_word' id='word_1_418' title='bbox 2432 2695 2755 2756; x_wconf 81' lang='grc' dir='ltr'><em>Ἀθανάσιος</em></span> <span class='ocrx_word' id='word_1_419' title='bbox 2777 2695 2836 2746; x_wconf 83' lang='grc' dir='ltr'><strong><em>ὲν</em></strong></span> <span class='ocrx_word' id='word_1_420' title='bbox 2858 2693 2940 2762; x_wconf 84' lang='grc' dir='ltr'><strong><em>τῷ</em></strong></span> <span class='ocrx_word' id='word_1_421' title='bbox 2976 2695 3108 2764; x_wconf 67' lang='grc' dir='ltr'><em>περὶ</em></span> <span class='ocrx_word' id='word_1_422' title='bbox 3142 2695 3420 2747; x_wconf 78' lang='grc' dir='ltr'><strong><em>Διονυσίου</em></strong></span> <span class='ocrx_word' id='word_1_423' title='bbox 3461 2691 3548 2746; x_wconf 82' lang='grc' dir='ltr'><strong><em>τοῦ</em></strong></span> <span class='ocrx_word' id='word_1_424' title='bbox 3574 2687 3738 2743; x_wconf 70' lang='grc' dir='ltr'><strong><em>ἐπισκό-</em></strong></span> 
     </span>
    </p>
   </div>
   <div class='ocr_carea' id='block_1_59' title="bbox 2233 2779 3739 2859">
    <p class='ocr_par' dir='ltr' id='par_1_59' title="bbox 2233 2779 3739 2859">
     <span class='ocr_line' id='line_1_59' title="bbox 2233 2779 3739 2859; baseline -0.007 -17"><span class='ocrx_word' id='word_1_425' title='bbox 2233 2807 2337 2843; x_wconf 86' lang='grc' dir='ltr'><strong><em>που</em></strong></span> <span class='ocrx_word' id='word_1_426' title='bbox 2372 2788 2516 2859; x_wconf 83' lang='grc' dir='ltr'><strong><em>λόγῳ</em></strong></span> <span class='ocrx_word' id='word_1_427' title='bbox 2559 2787 2620 2839; x_wconf 74' lang='grc' dir='ltr'><strong><em>τὸ</em></strong></span> <span class='ocrx_word' id='word_1_428' title='bbox 2670 2785 2996 2856; x_wconf 77' lang='grc' dir='ltr'><em>προχεῖσθαι</em></span> <span class='ocrx_word' id='word_1_429' title='bbox 3037 2785 3264 2850; x_wconf 83' lang='grc' dir='ltr'><em>δεικνὺς</em></span> <span class='ocrx_word' id='word_1_430' title='bbox 3301 2787 3384 2839; x_wconf 83' lang='grc' dir='ltr'><strong><em>ὅτι</em></strong></span> <span class='ocrx_word' id='word_1_431' title='bbox 3427 2783 3554 2837; x_wconf 77' lang='grc' dir='ltr'><strong><em>κάπὶ</em></strong></span> <span class='ocrx_word' id='word_1_432' title='bbox 3584 2781 3665 2849; x_wconf 82' lang='grc' dir='ltr'><strong><em>τῆς</em></strong></span> <span class='ocrx_word' id='word_1_433' title='bbox 3696 2779 3739 2829; x_wconf 77' lang='grc' dir='ltr'><em>ὲκ</em></span> 
     </span>
    </p>
   </div>
   <div class='ocr_carea' id='block_1_60' title="bbox 2233 2869 3739 2950">
    <p class='ocr_par' dir='ltr' id='par_1_60' title="bbox 2233 2869 3739 2950">
     <span class='ocr_line' id='line_1_60' title="bbox 2233 2869 3739 2950; baseline -0.011 -15"><span class='ocrx_word' id='word_1_434' title='bbox 2233 2882 2448 2950; x_wconf 72' lang='grc' dir='ltr'><em>Πατρὸς</em></span> <span class='ocrx_word' id='word_1_435' title='bbox 2471 2879 2763 2949; x_wconf 80' lang='grc' dir='ltr'><strong><em>ὑπάρξεως</em></strong></span> <span class='ocrx_word' id='word_1_436' title='bbox 2811 2877 3224 2946; x_wconf 75' lang='grc' dir='ltr'><em>ἑκλαμὸἀνεται</em></span> <span class='ocrx_word' id='word_1_437' title='bbox 3270 2877 3363 2930; x_wconf 82' lang='grc' dir='ltr'><strong><em>τοῦ</em></strong></span> <span class='ocrx_word' id='word_1_438' title='bbox 3396 2875 3517 2928; x_wconf 80' lang='grc' dir='ltr'>Υῑοῦ</span> <span class='ocrx_word' id='word_1_439' title='bbox 3548 2873 3650 2927; x_wconf 77' lang='grc' dir='ltr'><strong><em>τάδε</em></strong></span> <span class='ocrx_word' id='word_1_440' title='bbox 3677 2869 3739 2920; x_wconf 65' lang='lat' dir='ltr'><strong><em>ii-</em></strong></span> 
     </span>
    </p>
   </div>
   <div class='ocr_carea' id='block_1_61' title="bbox 2233 2965 3739 3044">
    <p class='ocr_par' dir='ltr' id='par_1_61' title="bbox 2233 2965 3739 3044">
     <span class='ocr_line' id='line_1_61' title="bbox 2233 2965 3739 3044; baseline -0.012 -16"><span class='ocrx_word' id='word_1_441' title='bbox 2233 2991 2346 3043; x_wconf 89' lang='grc' dir='ltr'><em>γων</em></span> <span class='ocrx_word' id='word_1_442' title='bbox 2393 2974 2714 3044; x_wconf 79' lang='grc' dir='ltr'><em>εὑρίσκεται</em></span> <span class='ocrx_word' id='word_1_443' title='bbox 2741 2987 2756 3003; x_wconf 91' lang='grc'><strong>·</strong></span> <span class='ocrx_word' id='word_1_444' title='bbox 2819 2973 2992 3042; x_wconf 77' lang='grc' dir='ltr'><strong><em>Πητὴ</em></strong></span> <span class='ocrx_word' id='word_1_445' title='bbox 3045 2970 3171 3025; x_wconf 80' lang='grc' dir='ltr'><strong><em>τῶν</em></strong></span> <span class='ocrx_word' id='word_1_446' title='bbox 3231 2971 3464 3043; x_wconf 78' lang='grc' dir='ltr'><strong><em>ἀγαθῶν</em></strong></span> <span class='ocrx_word' id='word_1_447' title='bbox 3519 2965 3739 3025; x_wconf 75' lang='grc' dir='ltr'><em>ἁπάντων</em></span> 
     </span>
    </p>
   </div>
   <div class='ocr_carea' id='block_1_62' title="bbox 551 3054 2134 3142">
    <p class='ocr_par' dir='ltr' id='par_1_62' title="bbox 551 3057 2127 3128">
     <span class='ocr_line' id='line_1_62' title="bbox 551 3057 2127 3128; baseline 0.003 -18"><span class='ocrx_word' id='word_1_448' title='bbox 551 3059 708 3112; x_wconf 86' lang='lat' dir='ltr'><strong><em>corde</em></strong></span> <span class='ocrx_word' id='word_1_449' title='bbox 751 3073 844 3128; x_wconf 91' lang='lat' dir='ltr'><strong><em>per</em></strong></span> <span class='ocrx_word' id='word_1_450' title='bbox 872 3074 928 3111; x_wconf 91' lang='lat' dir='ltr'><strong><em>os</em></strong></span> <span class='ocrx_word' id='word_1_451' title='bbox 963 3058 1276 3126; x_wconf 72' lang='lat' dir='ltr'><strong><em>eﬂ&#39;unditur.</em></strong></span> <span class='ocrx_word' id='word_1_452' title='bbox 1310 3057 1444 3112; x_wconf 85' lang='lat' dir='ltr'><strong><em>ltetn</em></strong></span> <span class='ocrx_word' id='word_1_453' title='bbox 1483 3061 1864 3115; x_wconf 85' lang='lat' dir='ltr'><strong><em>sanctissimus</em></strong></span> <span class='ocrx_word' id='word_1_454' title='bbox 1893 3069 1948 3115; x_wconf 86' lang='lat' dir='ltr'><strong><em>et</em></strong></span> <span class='ocrx_word' id='word_1_455' title='bbox 1980 3062 2127 3116; x_wconf 85' lang='lat' dir='ltr'><strong><em>divi-</em></strong></span> 
     </span>
    </p>
   </div>
   <div class='ocr_carea' id='block_1_63' title="bbox 2236 3054 3742 3142">
    <p class='ocr_par' dir='ltr' id='par_1_63' title="bbox 2236 3054 3742 3133">
     <span class='ocr_line' id='line_1_63' title="bbox 2236 3054 3742 3133; baseline -0.002 -12"><span class='ocrx_word' id='word_1_456' title='bbox 2236 3067 2403 3121; x_wconf 75' lang='grc' dir='ltr'><em>ἐστὶν</em></span> <span class='ocrx_word' id='word_1_457' title='bbox 2444 3069 2478 3120; x_wconf 84' lang='grc' dir='ltr'><em>ὀ</em></span> <span class='ocrx_word' id='word_1_458' title='bbox 2534 3065 2700 3131; x_wconf 82' lang='grc' dir='ltr'><strong><em>Θεὸς,</em></strong></span> <span class='ocrx_word' id='word_1_459' title='bbox 2736 3065 3004 3132; x_wconf 82' lang='grc' dir='ltr'><em>ποταμὸς</em></span> <span class='ocrx_word' id='word_1_460' title='bbox 3044 3064 3114 3116; x_wconf 81' lang='grc' dir='ltr'><strong><em>δὲ</em></strong></span> <span class='ocrx_word' id='word_1_461' title='bbox 3145 3067 3539 3133; x_wconf 84' lang='grc' dir='ltr'><em>προχεόμενος</em></span> <span class='ocrx_word' id='word_1_462' title='bbox 3583 3062 3610 3114; x_wconf 86' lang='grc' dir='ltr'><em>ό</em></span> <span class='ocrx_word' id='word_1_463' title='bbox 3647 3054 3742 3117; x_wconf 71' lang='grc' dir='ltr'><strong><em>Υἱὸς</em></strong></span> 
     </span>
    </p>
   </div>
   <div class='ocr_carea' id='block_1_64' title="bbox 557 3149 2131 3222">
    <p class='ocr_par' dir='ltr' id='par_1_64' title="bbox 557 3149 2131 3222">
     <span class='ocr_line' id='line_1_64' title="bbox 557 3149 2131 3222; baseline 0.001 -18"><span class='ocrx_word' id='word_1_464' title='bbox 557 3151 821 3204; x_wconf 90' lang='lat' dir='ltr'><strong><em>nissimus</em></strong></span> <span class='ocrx_word' id='word_1_465' title='bbox 856 3149 1090 3220; x_wconf 83' lang='lat' dir='ltr'><strong><em>Cyrillus</em></strong></span> <span class='ocrx_word' id='word_1_466' title='bbox 1131 3150 1182 3202; x_wconf 89' lang='lat' dir='ltr'><strong><em>in</em></strong></span> <span class='ocrx_word' id='word_1_467' title='bbox 1229 3166 1338 3203; x_wconf 90' lang='lat' dir='ltr'><strong><em>uno</em></strong></span> <span class='ocrx_word' id='word_1_468' title='bbox 1387 3166 1455 3206; x_wconf 78' lang='lat' dir='ltr'><strong><em>ex</em></strong></span> <span class='ocrx_word' id='word_1_469' title='bbox 1490 3166 1654 3220; x_wconf 89' lang='lat' dir='ltr'><strong><em>supra</em></strong></span> <span class='ocrx_word' id='word_1_470' title='bbox 1701 3152 1936 3206; x_wconf 85' lang='lat' dir='ltr'><strong><em>laudatis</em></strong></span> <span class='ocrx_word' id='word_1_471' title='bbox 1981 3154 2131 3222; x_wconf 90' lang='lat' dir='ltr'><strong><em>capi-</em></strong></span> 
     </span>
    </p>
   </div>
   <div class='ocr_carea' id='block_1_65' title="bbox 562 3242 2132 3312">
    <p class='ocr_par' dir='ltr' id='par_1_65' title="bbox 562 3242 2132 3312">
     <span class='ocr_line' id='line_1_65' title="bbox 562 3242 2132 3312; baseline 0.003 -19"><span class='ocrx_word' id='word_1_472' title='bbox 562 3243 730 3307; x_wconf 84' lang='lat' dir='ltr'><strong><em>tibus,</em></strong></span> <span class='ocrx_word' id='word_1_473' title='bbox 791 3257 896 3294; x_wconf 90' lang='lat' dir='ltr'><strong><em>non</em></strong></span> <span class='ocrx_word' id='word_1_474' title='bbox 963 3243 1129 3295; x_wconf 89' lang='lat' dir='ltr'><strong><em>alium</em></strong></span> <span class='ocrx_word' id='word_1_475' title='bbox 1200 3242 1567 3310; x_wconf 75' lang='lat' dir='ltr'><strong><em>signiﬁcatum</em></strong></span> <span class='ocrx_word' id='word_1_476' title='bbox 1632 3243 1833 3297; x_wconf 86' lang='lat' dir='ltr'><strong><em>habere</em></strong></span> <span class='ocrx_word' id='word_1_477' title='bbox 1889 3245 2132 3312; x_wconf 85' lang='lat' dir='ltr'><strong><em>progredi</em></strong></span> 
     </span>
    </p>
   </div>
   <div class='ocr_carea' id='block_1_66' title="bbox 552 3332 2136 3397">
    <p class='ocr_par' dir='ltr' id='par_1_66' title="bbox 552 3332 2136 3397">
     <span class='ocr_line' id='line_1_66' title="bbox 552 3332 2136 3397; baseline 0.003 -10"><span class='ocrx_word' id='word_1_478' title='bbox 552 3335 810 3397; x_wconf 82' lang='lat' dir='ltr'><strong><em>ostendit,</em></strong></span> <span class='ocrx_word' id='word_1_479' title='bbox 857 3334 942 3386; x_wconf 90' lang='lat' dir='ltr'><strong><em>bis</em></strong></span> <span class='ocrx_word' id='word_1_480' title='bbox 997 3334 1190 3385; x_wconf 89' lang='lat' dir='ltr'><strong><em>iislem</em></strong></span> <span class='ocrx_word' id='word_1_481' title='bbox 1240 3333 1415 3388; x_wconf 70' lang='lat' dir='ltr'><strong><em>verbis</em></strong></span> <span class='ocrx_word' id='word_1_482' title='bbox 1457 3351 1470 3385; x_wconf 90' lang='lat'><strong>:</strong></span> <span class='ocrx_word' id='word_1_483' title='bbox 1511 3332 1614 3385; x_wconf 82' lang='lat' dir='ltr'><strong><em>Hic</em></strong></span> <span class='ocrx_word' id='word_1_484' title='bbox 1648 3335 1785 3386; x_wconf 89' lang='lat' dir='ltr'><strong><em>enim</em></strong></span> <span class='ocrx_word' id='word_1_485' title='bbox 1816 3350 1881 3387; x_wconf 80' lang='lat' dir='ltr'><strong><em>ea:</em></strong></span> <span class='ocrx_word' id='word_1_486' title='bbox 1909 3339 2136 3391; x_wconf 77' lang='lat' dir='ltr'><strong><em>essentia</em></strong></span> 
     </span>
    </p>
   </div>
   <div class='ocr_carea' id='block_1_67' title="bbox 555 3423 2132 3492">
    <p class='ocr_par' dir='ltr' id='par_1_67' title="bbox 555 3423 2132 3492">
     <span class='ocr_line' id='line_1_67' title="bbox 555 3423 2132 3492; baseline 0.003 -16"><span class='ocrx_word' id='word_1_487' title='bbox 555 3423 734 3478; x_wconf 85' lang='lat' dir='ltr'><strong><em>Patris</em></strong></span> <span class='ocrx_word' id='word_1_488' title='bbox 763 3423 1124 3492; x_wconf 86' lang='lat' dir='ltr'><strong><em>progrediens,</em></strong></span> <span class='ocrx_word' id='word_1_489' title='bbox 1157 3423 1440 3491; x_wconf 87' lang='lat' dir='ltr'><strong><em>genitorem</em></strong></span> <span class='ocrx_word' id='word_1_490' title='bbox 1471 3423 1613 3476; x_wconf 85' lang='lat' dir='ltr'><strong><em>illico</em></strong></span> <span class='ocrx_word' id='word_1_491' title='bbox 1646 3423 1858 3478; x_wconf 89' lang='lat' dir='ltr'><strong><em>Patrem</em></strong></span> <span class='ocrx_word' id='word_1_492' title='bbox 1885 3427 2132 3480; x_wconf 80' lang='lat' dir='ltr'><strong><em>ostendit.</em></strong></span> 
     </span>
    </p>
   </div>
   <div class='ocr_carea' id='block_1_68' title="bbox 558 3515 2133 3586">
    <p class='ocr_par' dir='ltr' id='par_1_68' title="bbox 558 3515 2133 3586">
     <span class='ocr_line' id='line_1_68' title="bbox 558 3515 2133 3586; baseline 0.002 -15"><span class='ocrx_word' id='word_1_493' title='bbox 558 3517 622 3571; x_wconf 84' lang='lat' dir='ltr'><strong><em>Et</em></strong></span> <span class='ocrx_word' id='word_1_494' title='bbox 656 3519 708 3570; x_wconf 92' lang='lat' dir='ltr'><strong><em>in</em></strong></span> <span class='ocrx_word' id='word_1_495' title='bbox 735 3516 842 3568; x_wconf 89' lang='lat' dir='ltr'><strong><em>alio</em></strong></span> <span class='ocrx_word' id='word_1_496' title='bbox 877 3534 890 3568; x_wconf 91' lang='lat'><strong>:</strong></span> <span class='ocrx_word' id='word_1_497' title='bbox 920 3515 1377 3579; x_wconf 76' lang='lat' dir='ltr'><strong><em>Quemadmodum</em></strong></span> <span class='ocrx_word' id='word_1_498' title='bbox 1413 3515 1569 3570; x_wconf 85' lang='lat' dir='ltr'><strong><em>Pater</em></strong></span> <span class='ocrx_word' id='word_1_499' title='bbox 1598 3519 1709 3571; x_wconf 89' lang='lat' dir='ltr'><strong><em>sine</em></strong></span> <span class='ocrx_word' id='word_1_500' title='bbox 1745 3519 2008 3586; x_wconf 84' lang='lat' dir='ltr'><strong><em>principio</em></strong></span> <span class='ocrx_word' id='word_1_501' title='bbox 2035 3532 2133 3586; x_wconf 88' lang='lat' dir='ltr'><strong><em>est,</em></strong></span> 
     </span>
    </p>
   </div>
   <div class='ocr_carea' id='block_1_69' title="bbox 556 3607 2140 3679">
    <p class='ocr_par' dir='ltr' id='par_1_69' title="bbox 556 3607 2140 3679">
     <span class='ocr_line' id='line_1_69' title="bbox 556 3607 2140 3679; baseline 0.002 -17"><span class='ocrx_word' id='word_1_502' title='bbox 556 3612 632 3663; x_wconf 85' lang='lat' dir='ltr'><strong><em>ita</em></strong></span> <span class='ocrx_word' id='word_1_503' title='bbox 662 3617 712 3662; x_wconf 91' lang='lat' dir='ltr'><strong><em>et</em></strong></span> <span class='ocrx_word' id='word_1_504' title='bbox 737 3609 828 3677; x_wconf 88' lang='lat' dir='ltr'><strong><em>qui</em></strong></span> <span class='ocrx_word' id='word_1_505' title='bbox 861 3624 925 3661; x_wconf 70' lang='lat' dir='ltr'><strong><em>ex</em></strong></span> <span class='ocrx_word' id='word_1_506' title='bbox 955 3609 1182 3662; x_wconf 84' lang='lat' dir='ltr'><strong><em>essentia</em></strong></span> <span class='ocrx_word' id='word_1_507' title='bbox 1229 3607 1376 3661; x_wconf 85' lang='lat' dir='ltr'><strong><em>illius</em></strong></span> <span class='ocrx_word' id='word_1_508' title='bbox 1424 3624 1733 3679; x_wconf 84' lang='lat' dir='ltr'><strong><em>progressus</em></strong></span> <span class='ocrx_word' id='word_1_509' title='bbox 1771 3621 1869 3675; x_wconf 92' lang='lat' dir='ltr'><strong><em>est,</em></strong></span> <span class='ocrx_word' id='word_1_510' title='bbox 1919 3612 2140 3666; x_wconf 84' lang='lat' dir='ltr'><strong><em>Verbum</em></strong></span> 
     </span>
    </p>
   </div>
   <div class='ocr_carea' id='block_1_70' title="bbox 556 3700 2138 3770">
    <p class='ocr_par' dir='ltr' id='par_1_70' title="bbox 556 3700 2138 3770">
     <span class='ocr_line' id='line_1_70' title="bbox 556 3700 2138 3770; baseline 0.003 -14"><span class='ocrx_word' id='word_1_511' title='bbox 556 3705 669 3756; x_wconf 82' lang='lat' dir='ltr'><strong><em>sine</em></strong></span> <span class='ocrx_word' id='word_1_512' title='bbox 695 3702 955 3770; x_wconf 78' lang='lat' dir='ltr'><strong><em>principio</em></strong></span> <span class='ocrx_word' id='word_1_513' title='bbox 1000 3710 1102 3753; x_wconf 83' lang='lat' dir='ltr'><strong><em>est.</em></strong></span> <span class='ocrx_word' id='word_1_514' title='bbox 1163 3700 1292 3755; x_wconf 91' lang='lat' dir='ltr'><strong><em>Item</em></strong></span> <span class='ocrx_word' id='word_1_515' title='bbox 1342 3703 1396 3755; x_wconf 93' lang='lat' dir='ltr'><strong><em>in</em></strong></span> <span class='ocrx_word' id='word_1_516' title='bbox 1428 3702 1537 3756; x_wconf 84' lang='lat' dir='ltr'><strong><em>alio</em></strong></span> <span class='ocrx_word' id='word_1_517' title='bbox 1572 3722 1584 3757; x_wconf 90' lang='lat'><strong>:</strong></span> <span class='ocrx_word' id='word_1_518' title='bbox 1619 3704 1710 3758; x_wconf 88' lang='lat' dir='ltr'><strong><em>Sic</em></strong></span> <span class='ocrx_word' id='word_1_519' title='bbox 1748 3716 1794 3758; x_wconf 90' lang='lat' dir='ltr'><strong><em>et</em></strong></span> <span class='ocrx_word' id='word_1_520' title='bbox 1828 3704 2005 3759; x_wconf 85' lang='lat' dir='ltr'><strong><em>Filius</em></strong></span> <span class='ocrx_word' id='word_1_521' title='bbox 2045 3705 2138 3760; x_wconf 89' lang='lat' dir='ltr'><strong><em>Dei</em></strong></span> 
     </span>
    </p>
   </div>
   <div class='ocr_carea' id='block_1_71' title="bbox 555 3791 2138 3865">
    <p class='ocr_par' dir='ltr' id='par_1_71' title="bbox 555 3791 2138 3865">
     <span class='ocr_line' id='line_1_71' title="bbox 555 3791 2138 3865; baseline 0.004 -21"><span class='ocrx_word' id='word_1_522' title='bbox 555 3793 778 3850; x_wconf 87' lang='lat' dir='ltr'><strong><em>indivise</em></strong></span> <span class='ocrx_word' id='word_1_523' title='bbox 806 3807 872 3846; x_wconf 66' lang='lat' dir='ltr'><strong><em>ex</em></strong></span> <span class='ocrx_word' id='word_1_524' title='bbox 897 3791 1059 3846; x_wconf 85' lang='lat' dir='ltr'><strong><em>Patre</em></strong></span> <span class='ocrx_word' id='word_1_525' title='bbox 1098 3807 1429 3860; x_wconf 88' lang='lat' dir='ltr'><strong><em>progressus,</em></strong></span> <span class='ocrx_word' id='word_1_526' title='bbox 1456 3793 1730 3847; x_wconf 80' lang='lat' dir='ltr'><strong><em>character</em></strong></span> <span class='ocrx_word' id='word_1_527' title='bbox 1755 3806 1830 3848; x_wconf 90' lang='lat' dir='ltr'><strong><em>est</em></strong></span> <span class='ocrx_word' id='word_1_528' title='bbox 1873 3798 2138 3865; x_wconf 87' lang='lat' dir='ltr'><strong><em>perpetui-</em></strong></span> 
     </span>
    </p>
   </div>
   <div class='ocr_carea' id='block_1_72' title="bbox 559 3884 2141 3955">
    <p class='ocr_par' dir='ltr' id='par_1_72' title="bbox 559 3884 2141 3955">
     <span class='ocr_line' id='line_1_72' title="bbox 559 3884 2141 3955; baseline 0.003 -17"><span class='ocrx_word' id='word_1_529' title='bbox 559 3887 682 3938; x_wconf 84' lang='lat' dir='ltr'><strong><em>tatis</em></strong></span> <span class='ocrx_word' id='word_1_530' title='bbox 710 3885 876 3938; x_wconf 84' lang='lat' dir='ltr'><strong><em>illius.</em></strong></span> <span class='ocrx_word' id='word_1_531' title='bbox 925 3884 1020 3938; x_wconf 87' lang='lat' dir='ltr'><strong><em>llic</em></strong></span> <span class='ocrx_word' id='word_1_532' title='bbox 1051 3885 1182 3938; x_wconf 90' lang='lat' dir='ltr'><strong><em>item</em></strong></span> <span class='ocrx_word' id='word_1_533' title='bbox 1217 3885 1272 3937; x_wconf 90' lang='lat' dir='ltr'><strong><em>in</em></strong></span> <span class='ocrx_word' id='word_1_534' title='bbox 1320 3885 1428 3937; x_wconf 92' lang='lat' dir='ltr'><strong><em>alio</em></strong></span> <span class='ocrx_word' id='word_1_535' title='bbox 1476 3885 1672 3938; x_wconf 90' lang='lat' dir='ltr'><strong><em>horum</em></strong></span> <span class='ocrx_word' id='word_1_536' title='bbox 1703 3888 1942 3955; x_wconf 88' lang='lat' dir='ltr'><strong><em>capitum</em></strong></span> <span class='ocrx_word' id='word_1_537' title='bbox 1971 3889 2141 3942; x_wconf 90' lang='lat' dir='ltr'><strong><em>emitti</em></strong></span> 
     </span>
    </p>
   </div>
   <div class='ocr_carea' id='block_1_73' title="bbox 558 3978 2140 4043">
    <p class='ocr_par' dir='ltr' id='par_1_73' title="bbox 558 3978 2140 4043">
     <span class='ocr_line' id='line_1_73' title="bbox 558 3978 2140 4043; baseline 0.002 -13"><span class='ocrx_word' id='word_1_538' title='bbox 558 3996 625 4032; x_wconf 66' lang='grc' dir='ltr'><strong><em>ιχ</em></strong></span> <span class='ocrx_word' id='word_1_539' title='bbox 654 3979 812 4034; x_wconf 76' lang='lat' dir='ltr'><strong><em>Patre</em></strong></span> <span class='ocrx_word' id='word_1_540' title='bbox 842 3979 1174 4032; x_wconf 66' lang='lat' dir='ltr'><strong><em>essistentite</em></strong></span> <span class='ocrx_word' id='word_1_541' title='bbox 1219 3979 1561 4043; x_wconf 86' lang='lat' dir='ltr'><strong><em>attribuens,</em></strong></span> <span class='ocrx_word' id='word_1_542' title='bbox 1614 3978 1760 4033; x_wconf 88' lang='lat' dir='ltr'><strong><em>hunc</em></strong></span> <span class='ocrx_word' id='word_1_543' title='bbox 1819 3981 1871 4034; x_wconf 92' lang='lat' dir='ltr'><strong><em>in</em></strong></span> <span class='ocrx_word' id='word_1_544' title='bbox 1920 3981 2140 4034; x_wconf 83' lang='lat' dir='ltr'><strong><em>modum</em></strong></span> 
     </span>
    </p>
   </div>
   <div class='ocr_carea' id='block_1_74' title="bbox 559 4069 2142 4140">
    <p class='ocr_par' dir='ltr' id='par_1_74' title="bbox 559 4069 2142 4140">
     <span class='ocr_line' id='line_1_74' title="bbox 559 4069 2142 4140; baseline -0.001 -14"><span class='ocrx_word' id='word_1_545' title='bbox 559 4073 861 4126; x_wconf 81' lang='lat' dir='ltr'><strong><em>orationem</em></strong></span> <span class='ocrx_word' id='word_1_546' title='bbox 906 4071 1104 4124; x_wconf 76' lang='lat' dir='ltr'><strong><em>direxit</em></strong></span> <span class='ocrx_word' id='word_1_547' title='bbox 1145 4087 1158 4123; x_wconf 93' lang='lat'><strong>:</strong></span> <span class='ocrx_word' id='word_1_548' title='bbox 1195 4069 1326 4134; x_wconf 72' lang='lat' dir='ltr'><strong><em>Quae</em></strong></span> <span class='ocrx_word' id='word_1_549' title='bbox 1374 4072 1513 4123; x_wconf 86' lang='lat' dir='ltr'><strong><em>enim</em></strong></span> <span class='ocrx_word' id='word_1_550' title='bbox 1564 4073 1740 4140; x_wconf 85' lang='lat' dir='ltr'><strong><em>passio</em></strong></span> <span class='ocrx_word' id='word_1_551' title='bbox 1795 4073 1939 4125; x_wconf 86' lang='lat' dir='ltr'><strong><em>circa</em></strong></span> <span class='ocrx_word' id='word_1_552' title='bbox 1980 4073 2142 4126; x_wconf 90' lang='lat' dir='ltr'><strong><em>solem</em></strong></span> 
     </span>
    </p>
   </div>
   <div class='ocr_carea' id='block_1_75' title="bbox 559 4162 2142 4233">
    <p class='ocr_par' dir='ltr' id='par_1_75' title="bbox 559 4162 2142 4233">
     <span class='ocr_line' id='line_1_75' title="bbox 559 4162 2142 4233; baseline 0 -17"><span class='ocrx_word' id='word_1_553' title='bbox 559 4164 881 4233; x_wconf 88' lang='lat' dir='ltr'><strong><em>agnoscitur,</em></strong></span> <span class='ocrx_word' id='word_1_554' title='bbox 913 4178 1030 4216; x_wconf 89' lang='lat' dir='ltr'><strong><em>cum</em></strong></span> <span class='ocrx_word' id='word_1_555' title='bbox 1083 4162 1261 4215; x_wconf 88' lang='lat' dir='ltr'><strong><em>lumen</em></strong></span> <span class='ocrx_word' id='word_1_556' title='bbox 1311 4171 1525 4232; x_wconf 89' lang='lat' dir='ltr'><strong><em>generat</em></strong></span> <span class='ocrx_word' id='word_1_557' title='bbox 1553 4165 1577 4217; x_wconf 83' lang='lat'><strong><em>?</em></strong></span> <span class='ocrx_word' id='word_1_558' title='bbox 1605 4180 1722 4232; x_wconf 69' lang='lat' dir='ltr'><strong><em>quae</em></strong></span> <span class='ocrx_word' id='word_1_559' title='bbox 1773 4165 1918 4217; x_wconf 89' lang='lat' dir='ltr'><strong><em>circa</em></strong></span> <span class='ocrx_word' id='word_1_560' title='bbox 1969 4165 2142 4233; x_wconf 88' lang='lat' dir='ltr'><strong><em>ignem</em></strong></span> 
     </span>
    </p>
   </div>
   <div class='ocr_carea' id='block_1_76' title="bbox 560 4253 2141 4323">
    <p class='ocr_par' dir='ltr' id='par_1_76' title="bbox 560 4253 2141 4323">
     <span class='ocr_line' id='line_1_76' title="bbox 560 4253 2141 4323; baseline 0.001 -17"><span class='ocrx_word' id='word_1_561' title='bbox 560 4255 825 4320; x_wconf 87' lang='lat' dir='ltr'><strong><em>separatio</em></strong></span> <span class='ocrx_word' id='word_1_562' title='bbox 857 4254 1116 4323; x_wconf 88' lang='lat' dir='ltr'><strong><em>contingit</em></strong></span> <span class='ocrx_word' id='word_1_563' title='bbox 1145 4293 1160 4318; x_wconf 94' lang='lat'><strong><em>,</em></strong></span> <span class='ocrx_word' id='word_1_564' title='bbox 1197 4269 1316 4306; x_wconf 90' lang='lat' dir='ltr'><strong><em>cum</em></strong></span> <span class='ocrx_word' id='word_1_565' title='bbox 1339 4269 1404 4306; x_wconf 73' lang='lat' dir='ltr'><strong><em>ex</em></strong></span> <span class='ocrx_word' id='word_1_566' title='bbox 1430 4270 1484 4307; x_wconf 89' lang='lat' dir='ltr'><strong><em>se</em></strong></span> <span class='ocrx_word' id='word_1_567' title='bbox 1506 4253 1950 4308; x_wconf 83' lang='lat' dir='ltr'><strong><em>illutninationem</em></strong></span> <span class='ocrx_word' id='word_1_568' title='bbox 1987 4256 2141 4307; x_wconf 89' lang='lat' dir='ltr'><strong><em>emit-</em></strong></span> 
     </span>
    </p>
   </div>
   <div class='ocr_carea' id='block_1_77' title="bbox 563 4342 2148 4413">
    <p class='ocr_par' dir='ltr' id='par_1_77' title="bbox 563 4342 2148 4413">
     <span class='ocr_line' id='line_1_77' title="bbox 563 4342 2148 4413; baseline 0.001 -17"><span class='ocrx_word' id='word_1_569' title='bbox 563 4346 624 4398; x_wconf 88' lang='lat' dir='ltr'><strong><em>tit</em></strong></span> <span class='ocrx_word' id='word_1_570' title='bbox 659 4345 684 4397; x_wconf 81' lang='lat'><strong><em>?</em></strong></span> <span class='ocrx_word' id='word_1_571' title='bbox 707 4343 912 4411; x_wconf 80' lang='lat' dir='ltr'><strong><em>Quodsi</em></strong></span> <span class='ocrx_word' id='word_1_572' title='bbox 936 4344 1048 4398; x_wconf 82' lang='grc' dir='ltr'><em>Ιιαιο</em></span> <span class='ocrx_word' id='word_1_573' title='bbox 1077 4353 1325 4413; x_wconf 87' lang='lat' dir='ltr'><strong><em>generant</em></strong></span> <span class='ocrx_word' id='word_1_574' title='bbox 1358 4342 1569 4413; x_wconf 88' lang='lat' dir='ltr'><strong><em>quidem</em></strong></span> <span class='ocrx_word' id='word_1_575' title='bbox 1606 4345 1848 4409; x_wconf 75' lang='lat' dir='ltr'><strong><em>indivise,</em></strong></span> <span class='ocrx_word' id='word_1_576' title='bbox 1880 4353 1930 4397; x_wconf 89' lang='lat' dir='ltr'><strong><em>et</em></strong></span> <span class='ocrx_word' id='word_1_577' title='bbox 1951 4345 2148 4413; x_wconf 85' lang='lat' dir='ltr'><strong><em>absque</em></strong></span> 
     </span>
    </p>
   </div>
   <div class='ocr_carea' id='block_1_78' title="bbox 2233 3146 3743 3229">
    <p class='ocr_par' dir='ltr' id='par_1_78' title="bbox 2233 3146 3743 3229">
     <span class='ocr_line' id='line_1_78' title="bbox 2233 3146 3743 3229; baseline -0.005 -14"><span class='ocrx_word' id='word_1_578' title='bbox 2233 3159 2701 3229; x_wconf 70' lang='grc' dir='ltr'><em>ἀναγέγραπται.</em></span> <span class='ocrx_word' id='word_1_579' title='bbox 2743 3159 3060 3224; x_wconf 81' lang='grc' dir='ltr'><em>Ἀπόρῤοια</em></span> <span class='ocrx_word' id='word_1_580' title='bbox 3089 3159 3209 3226; x_wconf 81' lang='grc' dir='ltr'><em>τὰρ</em></span> <span class='ocrx_word' id='word_1_581' title='bbox 3234 3157 3345 3212; x_wconf 88' lang='grc' dir='ltr'>νοῦ</span> <span class='ocrx_word' id='word_1_582' title='bbox 3368 3157 3562 3225; x_wconf 78' lang='grc' dir='ltr'><em>Λόγος,</em></span> <span class='ocrx_word' id='word_1_583' title='bbox 3592 3148 3671 3204; x_wconf 75' lang='grc' dir='ltr'><em>καὶ</em></span> <span class='ocrx_word' id='word_1_584' title='bbox 3689 3146 3743 3207; x_wconf 79' lang='grc' dir='ltr'><strong><em>ὡς</em></strong></span> 
     </span>
    </p>
   </div>
   <div class='ocr_carea' id='block_1_79' title="bbox 2235 3246 3742 3320">
    <p class='ocr_par' dir='ltr' id='par_1_79' title="bbox 2235 3246 3742 3320">
     <span class='ocr_line' id='line_1_79' title="bbox 2235 3246 3742 3320; baseline -0.003 -14"><span class='ocrx_word' id='word_1_585' title='bbox 2235 3254 2327 3306; x_wconf 85' lang='grc' dir='ltr'><strong><em>ἐπ’</em></strong></span> <span class='ocrx_word' id='word_1_586' title='bbox 2359 3252 2684 3320; x_wconf 81' lang='grc' dir='ltr'><em>ἀνθρώπων</em></span> <span class='ocrx_word' id='word_1_587' title='bbox 2713 3249 2906 3304; x_wconf 85' lang='grc' dir='ltr'><em>είπεῑν</em></span> <span class='ocrx_word' id='word_1_588' title='bbox 2941 3251 3062 3304; x_wconf 82' lang='grc' dir='ltr'><strong><em>ἀπὸ</em></strong></span> <span class='ocrx_word' id='word_1_589' title='bbox 3092 3252 3348 3318; x_wconf 85' lang='grc' dir='ltr'><em>καρδίας</em></span> <span class='ocrx_word' id='word_1_590' title='bbox 3391 3249 3484 3303; x_wconf 79' lang='grc' dir='ltr'><strong><em>διὰ</em></strong></span> <span class='ocrx_word' id='word_1_591' title='bbox 3508 3246 3742 3312; x_wconf 81' lang='grc' dir='ltr'><em>στόματος</em></span> 
     </span>
    </p>
   </div>
   <div class='ocr_carea' id='block_1_80' title="bbox 2235 3330 3744 3414">
    <p class='ocr_par' dir='ltr' id='par_1_80' title="bbox 2235 3330 3744 3414">
     <span class='ocr_line' id='line_1_80' title="bbox 2235 3330 3744 3414; baseline -0.009 -15"><span class='ocrx_word' id='word_1_592' title='bbox 2235 3345 2670 3414; x_wconf 75' lang='grc' dir='ltr'><strong><em>ἐξοχετεύεται.</em></strong></span> <span class='ocrx_word' id='word_1_593' title='bbox 2715 3345 2888 3398; x_wconf 80' lang='grc' dir='ltr'><em>Πάλιν</em></span> <span class='ocrx_word' id='word_1_594' title='bbox 2925 3346 2953 3398; x_wconf 82' lang='grc' dir='ltr'><strong>ὁ</strong></span> <span class='ocrx_word' id='word_1_595' title='bbox 2987 3346 3044 3396; x_wconf 80' lang='grc' dir='ltr'><strong><em>ὲν</em></strong></span> <span class='ocrx_word' id='word_1_596' title='bbox 3090 3344 3277 3412; x_wconf 80' lang='grc' dir='ltr'><strong><em>ἁγίοις</em></strong></span> <span class='ocrx_word' id='word_1_597' title='bbox 3323 3341 3629 3398; x_wconf 82' lang='grc' dir='ltr'><em>ὲνθεὼτατος</em></span> <span class='ocrx_word' id='word_1_598' title='bbox 3663 3330 3744 3386; x_wconf 66' lang='lat' dir='ltr'><strong><em>liti-</em></strong></span> 
     </span>
    </p>
   </div>
   <div class='ocr_carea' id='block_1_81' title="bbox 2245 3422 3744 3506">
    <p class='ocr_par' dir='ltr' id='par_1_81' title="bbox 2245 3422 3744 3506">
     <span class='ocr_line' id='line_1_81' title="bbox 2245 3422 3744 3506; baseline -0.01 -16"><span class='ocrx_word' id='word_1_599' title='bbox 2245 3436 2428 3506; x_wconf 82' lang='grc' dir='ltr'><em>ριλλος</em></span> <span class='ocrx_word' id='word_1_600' title='bbox 2471 3435 2528 3488; x_wconf 83' lang='grc' dir='ltr'><strong><em>ἔν</em></strong></span> <span class='ocrx_word' id='word_1_601' title='bbox 2562 3453 2669 3488; x_wconf 85' lang='grc' dir='ltr'>τινι</span> <span class='ocrx_word' id='word_1_602' title='bbox 2717 3435 2827 3488; x_wconf 84' lang='grc' dir='ltr'><strong><em>τῶν</em></strong></span> <span class='ocrx_word' id='word_1_603' title='bbox 2873 3433 3186 3506; x_wconf 78' lang='grc' dir='ltr'><strong><em>εἰρημένων</em></strong></span> <span class='ocrx_word' id='word_1_604' title='bbox 3238 3433 3439 3488; x_wconf 83' lang='grc' dir='ltr'><em>ἄνωθεν</em></span> <span class='ocrx_word' id='word_1_605' title='bbox 3501 3422 3744 3496; x_wconf 73' lang='grc' dir='ltr'>κεφαλαίων</span> 
     </span>
    </p>
   </div>
   <div class='ocr_carea' id='block_1_82' title="bbox 2237 3510 3744 3595">
    <p class='ocr_par' dir='ltr' id='par_1_82' title="bbox 2237 3510 3744 3595">
     <span class='ocr_line' id='line_1_82' title="bbox 2237 3510 3744 3595; baseline -0.009 -16"><span class='ocrx_word' id='word_1_606' title='bbox 2237 3527 2401 3580; x_wconf 85' lang='grc' dir='ltr'><strong><em>αὐτοῦ</em></strong></span> <span class='ocrx_word' id='word_1_607' title='bbox 2428 3525 2490 3577; x_wconf 80' lang='grc' dir='ltr'><strong><em>τὸ</em></strong></span> <span class='ocrx_word' id='word_1_608' title='bbox 2520 3525 2918 3592; x_wconf 84' lang='grc' dir='ltr'><em>προέρχεσθαι</em></span> <span class='ocrx_word' id='word_1_609' title='bbox 2949 3525 3044 3576; x_wconf 74' lang='grc' dir='ltr'><em>καὶ</em></span> <span class='ocrx_word' id='word_1_610' title='bbox 3073 3525 3250 3595; x_wconf 77' lang='grc' dir='ltr'><strong><em>ταύτῃ</em></strong></span> <span class='ocrx_word' id='word_1_611' title='bbox 3292 3520 3618 3595; x_wconf 80' lang='grc' dir='ltr'><em>παριστάνων</em></span> <span class='ocrx_word' id='word_1_612' title='bbox 3644 3510 3744 3567; x_wconf 70' lang='grc' dir='ltr'><em>εἶναι</em></span> 
     </span>
    </p>
   </div>
   <div class='ocr_carea' id='block_1_83' title="bbox 2238 3601 3743 3688">
    <p class='ocr_par' dir='ltr' id='par_1_83' title="bbox 2238 3601 3743 3688">
     <span class='ocr_line' id='line_1_83' title="bbox 2238 3601 3743 3688; baseline -0.003 -16"><span class='ocrx_word' id='word_1_613' title='bbox 2238 3617 2594 3688; x_wconf 68' lang='grc' dir='ltr'><strong><em>κατάλληλον,</em></strong></span> <span class='ocrx_word' id='word_1_614' title='bbox 2629 3616 2779 3669; x_wconf 76' lang='grc' dir='ltr'><strong><em>ταῦτ’</em></strong></span> <span class='ocrx_word' id='word_1_615' title='bbox 2807 3615 3016 3686; x_wconf 75' lang='grc' dir='ltr'><strong><em>ἔφησεν</em></strong></span> <span class='ocrx_word' id='word_1_616' title='bbox 3036 3617 3134 3669; x_wconf 71' lang='grc' dir='ltr'><strong><em>ἐπὶ</em></strong></span> <span class='ocrx_word' id='word_1_617' title='bbox 3167 3616 3369 3679; x_wconf 73' lang='grc' dir='ltr'><em>λέξεως</em></span> <span class='ocrx_word' id='word_1_618' title='bbox 3391 3631 3404 3644; x_wconf 73' lang='grc' dir='ltr'>ο</span> <span class='ocrx_word' id='word_1_619' title='bbox 3448 3613 3506 3665; x_wconf 86' lang='grc' dir='ltr'><em>ὐ</em></span> <span class='ocrx_word' id='word_1_620' title='bbox 3531 3609 3632 3680; x_wconf 79' lang='grc' dir='ltr'><em>μὲν</em></span> <span class='ocrx_word' id='word_1_621' title='bbox 3665 3601 3743 3672; x_wconf 77' lang='grc' dir='ltr'><strong><em>τὰρ</em></strong></span> 
     </span>
    </p>
   </div>
   <div class='ocr_carea' id='block_1_84' title="bbox 2237 3696 3745 3778">
    <p class='ocr_par' dir='ltr' id='par_1_84' title="bbox 2237 3696 3745 3778">
     <span class='ocr_line' id='line_1_84' title="bbox 2237 3696 3745 3778; baseline -0.011 -13"><span class='ocrx_word' id='word_1_622' title='bbox 2237 3711 2307 3764; x_wconf 76' lang='grc' dir='ltr'><em>ἐκ</em></span> <span class='ocrx_word' id='word_1_623' title='bbox 2339 3709 2452 3778; x_wconf 82' lang='grc' dir='ltr'><strong><em>τῆς</em></strong></span> <span class='ocrx_word' id='word_1_624' title='bbox 2495 3709 2712 3774; x_wconf 84' lang='grc' dir='ltr'><strong><em>οὐσίας</em></strong></span> <span class='ocrx_word' id='word_1_625' title='bbox 2754 3707 2860 3762; x_wconf 84' lang='grc' dir='ltr'><strong><em>τοῦ</em></strong></span> <span class='ocrx_word' id='word_1_626' title='bbox 2907 3708 3138 3776; x_wconf 78' lang='grc' dir='ltr'><strong><em>Πατρός</em></strong></span> <span class='ocrx_word' id='word_1_627' title='bbox 3189 3708 3514 3776; x_wconf 84' lang='grc' dir='ltr'><em>προελθὼν,</em></span> <span class='ocrx_word' id='word_1_628' title='bbox 3570 3696 3745 3760; x_wconf 78' lang='grc' dir='ltr'><em>Πατέρα</em></span> 
     </span>
    </p>
   </div>
   <div class='ocr_carea' id='block_1_85' title="bbox 2240 3787 3744 3866">
    <p class='ocr_par' dir='ltr' id='par_1_85' title="bbox 2240 3787 3744 3866">
     <span class='ocr_line' id='line_1_85' title="bbox 2240 3787 3744 3866; baseline -0.009 -12"><span class='ocrx_word' id='word_1_629' title='bbox 2240 3800 2424 3866; x_wconf 83' lang='grc' dir='ltr'><em>εὐθὺς</em></span> <span class='ocrx_word' id='word_1_630' title='bbox 2463 3798 2658 3864; x_wconf 74' lang='grc' dir='ltr'><strong><em>ἔδειξε</em></strong></span> <span class='ocrx_word' id='word_1_631' title='bbox 2713 3797 2816 3852; x_wconf 82' lang='grc' dir='ltr'><strong><em>τὸν</em></strong></span> <span class='ocrx_word' id='word_1_632' title='bbox 2867 3798 3278 3866; x_wconf 77' lang='grc' dir='ltr'><em>γεννήσαντα.</em></span> <span class='ocrx_word' id='word_1_633' title='bbox 3330 3796 3437 3850; x_wconf 77' lang='grc' dir='ltr'><strong><em>Καὶ</em></strong></span> <span class='ocrx_word' id='word_1_634' title='bbox 3487 3796 3540 3846; x_wconf 81' lang='grc' dir='ltr'><strong><em>ὲν</em></strong></span> <span class='ocrx_word' id='word_1_635' title='bbox 3587 3787 3744 3856; x_wconf 73' lang='grc' dir='ltr'><strong><em>ἑτέρῳ·</em></strong></span> 
     </span>
    </p>
   </div>
   <div class='ocr_carea' id='block_1_86' title="bbox 2245 3871 3747 3958">
    <p class='ocr_par' dir='ltr' id='par_1_86' title="bbox 2245 3871 3747 3958">
     <span class='ocr_line' id='line_1_86' title="bbox 2245 3871 3747 3958; baseline -0.006 -15"><span class='ocrx_word' id='word_1_636' title='bbox 2245 3891 2472 3957; x_wconf 82' lang='grc' dir='ltr'><em>’Ὠσπερ</em></span> <span class='ocrx_word' id='word_1_637' title='bbox 2509 3894 2540 3943; x_wconf 87' lang='grc' dir='ltr'><strong><em>ό</em></strong></span> <span class='ocrx_word' id='word_1_638' title='bbox 2587 3888 2790 3958; x_wconf 84' lang='grc' dir='ltr'><em>Πατὴρ</em></span> <span class='ocrx_word' id='word_1_639' title='bbox 2839 3888 3128 3957; x_wconf 78' lang='grc' dir='ltr'><em>ἄναρχος,</em></span> <span class='ocrx_word' id='word_1_640' title='bbox 3169 3888 3325 3942; x_wconf 84' lang='grc' dir='ltr'><em>οὕτω</em></span> <span class='ocrx_word' id='word_1_641' title='bbox 3369 3885 3461 3939; x_wconf 75' lang='grc' dir='ltr'><em>καὶ</em></span> <span class='ocrx_word' id='word_1_642' title='bbox 3508 3885 3538 3936; x_wconf 85' lang='grc' dir='ltr'><em>ό</em></span> <span class='ocrx_word' id='word_1_643' title='bbox 3579 3881 3636 3932; x_wconf 80' lang='grc' dir='ltr'><em>ἐκ</em></span> <span class='ocrx_word' id='word_1_644' title='bbox 3669 3871 3747 3934; x_wconf 79' lang='grc' dir='ltr'><strong><em>τῆς</em></strong></span> 
     </span>
    </p>
   </div>
   <div class='ocr_carea' id='block_1_87' title="bbox 2242 3966 3748 4050">
    <p class='ocr_par' dir='ltr' id='par_1_87' title="bbox 2242 3966 3748 4050">
     <span class='ocr_line' id='line_1_87' title="bbox 2242 3966 3748 4050; baseline -0.01 -13"><span class='ocrx_word' id='word_1_645' title='bbox 2242 3984 2460 4049; x_wconf 82' lang='grc' dir='ltr'><em>οὐσίας</em></span> <span class='ocrx_word' id='word_1_646' title='bbox 2492 3982 2679 4036; x_wconf 82' lang='grc' dir='ltr'><em>αὐτοῦ</em></span> <span class='ocrx_word' id='word_1_647' title='bbox 2721 3981 3033 4050; x_wconf 84' lang='grc' dir='ltr'><em>προελθὼν</em></span> <span class='ocrx_word' id='word_1_648' title='bbox 3075 3982 3270 4050; x_wconf 79' lang='grc' dir='ltr'><strong><em>Λόγος</em></strong></span> <span class='ocrx_word' id='word_1_649' title='bbox 3301 3979 3573 4046; x_wconf 76' lang='grc' dir='ltr'><em>ἄναρχος.</em></span> <span class='ocrx_word' id='word_1_650' title='bbox 3597 3970 3684 4024; x_wconf 79' lang='grc' dir='ltr'><strong><em>Καὶ</em></strong></span> <span class='ocrx_word' id='word_1_651' title='bbox 3707 3966 3748 4015; x_wconf 68' lang='grc' dir='ltr'><strong><em>ἐν</em></strong></span> 
     </span>
    </p>
   </div>
   <div class='ocr_carea' id='block_1_88' title="bbox 2243 4055 3752 4144">
    <p class='ocr_par' dir='ltr' id='par_1_88' title="bbox 2243 4055 3752 4144">
     <span class='ocr_line' id='line_1_88' title="bbox 2243 4055 3752 4144; baseline -0.003 -14"><span class='ocrx_word' id='word_1_652' title='bbox 2243 4075 2427 4144; x_wconf 71' lang='grc' dir='ltr'><em>ἄλλῳο</em></span> <span class='ocrx_word' id='word_1_653' title='bbox 2463 4073 2627 4127; x_wconf 86' lang='grc' dir='ltr'><strong><em>Οὕτω</em></strong></span> <span class='ocrx_word' id='word_1_654' title='bbox 2656 4075 2754 4126; x_wconf 76' lang='grc' dir='ltr'><em>καὶ</em></span> <span class='ocrx_word' id='word_1_655' title='bbox 2791 4076 2823 4126; x_wconf 86' lang='grc' dir='ltr'><em>ὀ</em></span> <span class='ocrx_word' id='word_1_656' title='bbox 2860 4073 2998 4138; x_wconf 81' lang='grc' dir='ltr'><strong><em>Υἱὸς</em></strong></span> <span class='ocrx_word' id='word_1_657' title='bbox 3043 4088 3152 4126; x_wconf 83' lang='grc' dir='ltr'><strong><em>του</em></strong></span> <span class='ocrx_word' id='word_1_658' title='bbox 3199 4071 3348 4126; x_wconf 83' lang='grc' dir='ltr'>Θεοῦ</span> <span class='ocrx_word' id='word_1_659' title='bbox 3386 4067 3677 4138; x_wconf 81' lang='grc' dir='ltr'><em>ἀμερίστως</em></span> <span class='ocrx_word' id='word_1_660' title='bbox 3702 4055 3752 4107; x_wconf 72' lang='grc' dir='ltr'><strong><em>έκ</em></strong></span> 
     </span>
    </p>
   </div>
   <div class='ocr_carea' id='block_1_89' title="bbox 2245 4144 3751 4232">
    <p class='ocr_par' dir='ltr' id='par_1_89' title="bbox 2245 4144 3751 4232">
     <span class='ocr_line' id='line_1_89' title="bbox 2245 4144 3751 4232; baseline -0.013 -14"><span class='ocrx_word' id='word_1_661' title='bbox 2245 4164 2352 4218; x_wconf 82' lang='grc' dir='ltr'>τοῦ</span> <span class='ocrx_word' id='word_1_662' title='bbox 2391 4162 2623 4232; x_wconf 81' lang='grc' dir='ltr'><em>Πατρός</em></span> <span class='ocrx_word' id='word_1_663' title='bbox 2642 4161 2957 4230; x_wconf 87' lang='grc' dir='ltr'><em>προελθὼν</em></span> <span class='ocrx_word' id='word_1_664' title='bbox 2989 4162 3300 4230; x_wconf 82' lang='grc' dir='ltr'><em>χαρακτήρ</em></span> <span class='ocrx_word' id='word_1_665' title='bbox 3330 4162 3458 4214; x_wconf 78' lang='grc' dir='ltr'><em>ἐστι</em></span> <span class='ocrx_word' id='word_1_666' title='bbox 3501 4155 3598 4224; x_wconf 84' lang='grc' dir='ltr'><strong><em>τῆς</em></strong></span> <span class='ocrx_word' id='word_1_667' title='bbox 3618 4144 3751 4206; x_wconf 75' lang='grc' dir='ltr'><em>ἀίδιό-</em></span> 
     </span>
    </p>
   </div>
   <div class='ocr_carea' id='block_1_90' title="bbox 2246 4245 3750 4323">
    <p class='ocr_par' dir='ltr' id='par_1_90' title="bbox 2246 4245 3750 4323">
     <span class='ocr_line' id='line_1_90' title="bbox 2246 4245 3750 4323; baseline -0.011 -17"><span class='ocrx_word' id='word_1_668' title='bbox 2246 4270 2423 4321; x_wconf 85' lang='grc' dir='ltr'><em>τητος</em></span> <span class='ocrx_word' id='word_1_669' title='bbox 2467 4251 2676 4306; x_wconf 84' lang='grc' dir='ltr'><strong><em>αὐτοῦ.</em></strong></span> <span class='ocrx_word' id='word_1_670' title='bbox 2709 4245 2880 4314; x_wconf 72' lang='grc' dir='ltr'>Οὗτος</span> <span class='ocrx_word' id='word_1_671' title='bbox 2926 4253 2985 4302; x_wconf 84' lang='grc' dir='ltr'><strong><em>ἐν</em></strong></span> <span class='ocrx_word' id='word_1_672' title='bbox 3021 4251 3170 4323; x_wconf 81' lang='grc' dir='ltr'><em>ἄλλῳ</em></span> <span class='ocrx_word' id='word_1_673' title='bbox 3220 4253 3329 4305; x_wconf 87' lang='grc' dir='ltr'><strong><em>τῶν</em></strong></span> <span class='ocrx_word' id='word_1_674' title='bbox 3357 4247 3599 4303; x_wconf 80' lang='grc' dir='ltr'><strong><em>τοιούτων</em></strong></span> <span class='ocrx_word' id='word_1_675' title='bbox 3625 4250 3750 4305; x_wconf 74' lang='grc' dir='ltr'><em>κεφα-</em></span> 
     </span>
    </p>
   </div>
   <div class='ocr_carea' id='block_1_91' title="bbox 2247 4326 3751 4428">
    <p class='ocr_par' dir='ltr' id='par_1_91' title="bbox 2247 4326 3751 4428">
     <span class='ocr_line' id='line_1_91' title="bbox 2247 4326 3751 4428; baseline -0.007 -31"><span class='ocrx_word' id='word_1_676' title='bbox 2247 4345 2417 4398; x_wconf 81' lang='grc' dir='ltr'><em>λαίων</em></span> <span class='ocrx_word' id='word_1_677' title='bbox 2452 4343 2620 4397; x_wconf 84' lang='grc' dir='ltr'>αὑτοῦ</span> <span class='ocrx_word' id='word_1_678' title='bbox 2669 4345 2731 4396; x_wconf 76' lang='grc' dir='ltr'><strong><em>τὸ</em></strong></span> <span class='ocrx_word' id='word_1_679' title='bbox 2765 4341 3182 4428; x_wconf 54' lang='grc' dir='ltr'><em>ἐκπέμπεσθαι</em></span> <span class='ocrx_word' id='word_1_680' title='bbox 3221 4346 3291 4415; x_wconf 78' lang='grc' dir='ltr'><strong><em>τῇ</em></strong></span> <span class='ocrx_word' id='word_1_681' title='bbox 3334 4342 3425 4396; x_wconf 83' lang='grc' dir='ltr'><strong><em>τοῦ</em></strong></span> <span class='ocrx_word' id='word_1_682' title='bbox 3474 4335 3605 4428; x_wconf 13' lang='grc' dir='ltr'><strong><em>Υῑοῦν</em></strong></span> <span class='ocrx_word' id='word_1_683' title='bbox 3643 4326 3751 4428; x_wconf 56' lang='grc' dir='ltr'><em>παρά</em></span> 
     </span>
    </p>
   </div>
   <div class='ocr_carea' id='block_1_92' title="bbox 563 4423 2134 4518">
    <p class='ocr_par' dir='ltr' id='par_1_92' title="bbox 563 4438 2134 4506">
     <span class='ocr_line' id='line_1_92' title="bbox 563 4438 2134 4506; baseline 0.001 -16"><span class='ocrx_word' id='word_1_684' title='bbox 563 4441 808 4505; x_wconf 76' lang='lat' dir='ltr'><strong><em>passione</em></strong></span> <span class='ocrx_word' id='word_1_685' title='bbox 857 4453 974 4506; x_wconf 81' lang='lat' dir='ltr'><strong><em>qnte</em></strong></span> <span class='ocrx_word' id='word_1_686' title='bbox 1003 4452 1068 4489; x_wconf 82' lang='lat' dir='ltr'><strong><em>ea:</em></strong></span> <span class='ocrx_word' id='word_1_687' title='bbox 1104 4453 1158 4489; x_wconf 86' lang='lat' dir='ltr'><strong><em>se</em></strong></span> <span class='ocrx_word' id='word_1_688' title='bbox 1217 4447 1378 4499; x_wconf 87' lang='lat' dir='ltr'><strong><em>sunt,</em></strong></span> <span class='ocrx_word' id='word_1_689' title='bbox 1433 4438 1704 4500; x_wconf 87' lang='lat' dir='ltr'><strong><em>emittunt,</em></strong></span> <span class='ocrx_word' id='word_1_690' title='bbox 1755 4453 1931 4490; x_wconf 89' lang='lat' dir='ltr'><strong><em>annon</em></strong></span> <span class='ocrx_word' id='word_1_691' title='bbox 1983 4439 2134 4492; x_wconf 84' lang='lat' dir='ltr'><strong><em>multt</em></strong></span> 
     </span>
    </p>
   </div>
   <div class='ocr_carea' id='block_1_93' title="bbox 2236 4423 3748 4518">
    <p class='ocr_par' dir='ltr' id='par_1_93' title="bbox 2251 4423 3748 4518">
     <span class='ocr_line' id='line_1_93' title="bbox 2251 4423 3748 4518; baseline -0.014 -27"><span class='ocrx_word' id='word_1_692' title='bbox 2251 4439 2469 4508; x_wconf 77' lang='grc' dir='ltr'><em>Πατρὸς</em></span> <span class='ocrx_word' id='word_1_693' title='bbox 2502 4435 2735 4506; x_wconf 80' lang='grc' dir='ltr'><strong><em>ὑπάρξει</em></strong></span> <span class='ocrx_word' id='word_1_694' title='bbox 2769 4423 3094 4506; x_wconf 73' lang='grc' dir='ltr'><em>προσνέμων</em></span> <span class='ocrx_word' id='word_1_695' title='bbox 3128 4437 3329 4490; x_wconf 83' lang='grc' dir='ltr'><em>οὑτωσί</em></span> <span class='ocrx_word' id='word_1_696' title='bbox 3363 4451 3474 4496; x_wconf 86' lang='grc' dir='ltr'><strong><em>πως</em></strong></span> <span class='ocrx_word' id='word_1_697' title='bbox 3495 4423 3748 4518; x_wconf 59' lang='grc' dir='ltr'><strong><em>ἐφθέγξατο·</em></strong></span> 
     </span>
    </p>
   </div>
   <div class='ocr_carea' id='block_1_94' title="bbox 563 4508 2134 4599">
    <p class='ocr_par' dir='ltr' id='par_1_94' title="bbox 563 4528 2134 4598">
     <span class='ocr_line' id='line_1_94' title="bbox 563 4528 2134 4598; baseline 0 -14"><span class='ocrx_word' id='word_1_698' title='bbox 563 4531 728 4598; x_wconf 80' lang='lat' dir='ltr'><strong><em>ntagis</em></strong></span> <span class='ocrx_word' id='word_1_699' title='bbox 757 4528 1058 4583; x_wconf 83' lang='lat' dir='ltr'><strong><em>earumdem</em></strong></span> <span class='ocrx_word' id='word_1_700' title='bbox 1097 4529 1276 4597; x_wconf 73' lang='lat' dir='ltr'><strong><em>opifex</em></strong></span> <span class='ocrx_word' id='word_1_701' title='bbox 1307 4544 1418 4582; x_wconf 74' lang='lat' dir='ltr'><strong><em>sua:</em></strong></span> <span class='ocrx_word' id='word_1_702' title='bbox 1449 4542 1656 4585; x_wconf 78' lang='lat' dir='ltr'><strong><em>natura:</em></strong></span> <span class='ocrx_word' id='word_1_703' title='bbox 1686 4530 1864 4583; x_wconf 89' lang='lat' dir='ltr'><strong><em>lumen</em></strong></span> <span class='ocrx_word' id='word_1_704' title='bbox 1907 4532 2098 4584; x_wconf 89' lang='lat' dir='ltr'><strong><em>emittit</em></strong></span> <span class='ocrx_word' id='word_1_705' title='bbox 2124 4532 2134 4584; x_wconf 74' lang='lat'>1</span> 
     </span>
    </p>
   </div>
   <div class='ocr_carea' id='block_1_95' title="bbox 2236 4508 3753 4599">
    <p class='ocr_par' dir='ltr' id='par_1_95' title="bbox 2253 4508 3753 4599">
     <span class='ocr_line' id='line_1_95' title="bbox 2253 4508 3753 4599; baseline -0.014 -13"><span class='ocrx_word' id='word_1_706' title='bbox 2253 4531 2436 4586; x_wconf 84' lang='grc' dir='ltr'><em>Ποῖον</em></span> <span class='ocrx_word' id='word_1_707' title='bbox 2465 4529 2575 4599; x_wconf 64' lang='grc' dir='ltr'><strong><em>γὰρ</em></strong></span> <span class='ocrx_word' id='word_1_708' title='bbox 2610 4529 2800 4594; x_wconf 81' lang='grc' dir='ltr'><em>πάθος</em></span> <span class='ocrx_word' id='word_1_709' title='bbox 2851 4529 2986 4596; x_wconf 78' lang='grc' dir='ltr'><em>περὶ</em></span> <span class='ocrx_word' id='word_1_710' title='bbox 3044 4529 3157 4583; x_wconf 83' lang='grc' dir='ltr'><strong><em>τὸν</em></strong></span> <span class='ocrx_word' id='word_1_711' title='bbox 3201 4529 3382 4596; x_wconf 81' lang='grc' dir='ltr'><em>ἥλιον</em></span> <span class='ocrx_word' id='word_1_712' title='bbox 3419 4525 3604 4593; x_wconf 82' lang='grc' dir='ltr'><em>ὁρᾶται</em></span> <span class='ocrx_word' id='word_1_713' title='bbox 3639 4508 3753 4599; x_wconf 39' lang='lat' dir='ltr'><strong><em>de:</em></strong></span> 
     </span>
    </p>
   </div>
   <div class='ocr_carea' id='block_1_96' title="bbox 561 4595 2134 4696">
    <p class='ocr_par' dir='ltr' id='par_1_96' title="bbox 561 4595 2134 4693">
     <span class='ocr_line' id='line_1_96' title="bbox 561 4595 2134 4693; baseline 0.001 -17"><span class='ocrx_word' id='word_1_714' title='bbox 561 4595 793 4676; x_wconf 32' lang='lat' dir='ltr'><strong><em>Att‘ltmc</em></strong></span> <span class='ocrx_word' id='word_1_715' title='bbox 818 4621 906 4675; x_wconf 90' lang='lat' dir='ltr'><strong><em>hic</em></strong></span> <span class='ocrx_word' id='word_1_716' title='bbox 939 4621 1079 4674; x_wconf 89' lang='lat' dir='ltr'><strong><em>idem</em></strong></span> <span class='ocrx_word' id='word_1_717' title='bbox 1107 4595 1303 4674; x_wconf 81' lang='lat' dir='ltr'><strong><em>iterum</em></strong></span> <span class='ocrx_word' id='word_1_718' title='bbox 1339 4622 1393 4675; x_wconf 91' lang='lat' dir='ltr'><strong><em>in</em></strong></span> <span class='ocrx_word' id='word_1_719' title='bbox 1426 4639 1535 4676; x_wconf 89' lang='lat' dir='ltr'><strong><em>uno</em></strong></span> <span class='ocrx_word' id='word_1_720' title='bbox 1569 4639 1634 4676; x_wconf 79' lang='lat' dir='ltr'><strong><em>ex</em></strong></span> <span class='ocrx_word' id='word_1_721' title='bbox 1662 4623 1852 4676; x_wconf 86' lang='lat' dir='ltr'><strong><em>iisdem</em></strong></span> <span class='ocrx_word' id='word_1_722' title='bbox 1877 4625 2134 4693; x_wconf 64' lang='lat' dir='ltr'><strong><em>capitibus</em></strong></span> 
     </span>
    </p>
   </div>
   <div class='ocr_carea' id='block_1_97' title="bbox 2236 4595 3752 4696">
    <p class='ocr_par' dir='ltr' id='par_1_97' title="bbox 2245 4595 3752 4696">
     <span class='ocr_line' id='line_1_97' title="bbox 2245 4595 3752 4696; baseline -0.004 -23"><span class='ocrx_word' id='word_1_723' title='bbox 2245 4639 2456 4691; x_wconf 80' lang='grc' dir='ltr'><em>μενον,</em></span> <span class='ocrx_word' id='word_1_724' title='bbox 2472 4595 2586 4674; x_wconf 51' lang='lat' dir='ltr'><strong><em>bis</em></strong></span> <span class='ocrx_word' id='word_1_725' title='bbox 2611 4619 2797 4672; x_wconf 80' lang='grc' dir='ltr'>τίκτει</span> <span class='ocrx_word' id='word_1_726' title='bbox 2825 4620 2889 4672; x_wconf 81' lang='grc' dir='ltr'><strong><em>τὸ</em></strong></span> <span class='ocrx_word' id='word_1_727' title='bbox 2915 4595 3076 4688; x_wconf 44' lang='lat' dir='ltr'><strong><em>totae;</em></strong></span> <span class='ocrx_word' id='word_1_728' title='bbox 3113 4595 3292 4685; x_wconf 83' lang='grc' dir='ltr'><em>Ποῖος</em></span> <span class='ocrx_word' id='word_1_729' title='bbox 3330 4613 3621 4686; x_wconf 82' lang='grc' dir='ltr'><em>συμϐαίνει</em></span> <span class='ocrx_word' id='word_1_730' title='bbox 3657 4595 3752 4696; x_wconf 39' lang='grc' dir='ltr'><strong><em>περὶ</em></strong></span> 
     </span>
    </p>
   </div>
   <div class='ocr_carea' id='block_1_98' title="bbox 561 4699 2134 4785">
    <p class='ocr_par' dir='ltr' id='par_1_98' title="bbox 561 4715 2134 4785">
     <span class='ocr_line' id='line_1_98' title="bbox 561 4715 2134 4785; baseline 0.003 -18"><span class='ocrx_word' id='word_1_731' title='bbox 561 4718 725 4768; x_wconf 86' lang='lat' dir='ltr'><strong><em>etiam</em></strong></span> <span class='ocrx_word' id='word_1_732' title='bbox 782 4715 1056 4782; x_wconf 88' lang='lat' dir='ltr'><strong><em>provenire</em></strong></span> <span class='ocrx_word' id='word_1_733' title='bbox 1111 4715 1164 4767; x_wconf 93' lang='lat' dir='ltr'><strong><em>in</em></strong></span> <span class='ocrx_word' id='word_1_734' title='bbox 1205 4715 1396 4769; x_wconf 90' lang='lat' dir='ltr'><strong><em>eodem</em></strong></span> <span class='ocrx_word' id='word_1_735' title='bbox 1462 4716 1771 4781; x_wconf 77' lang='lat' dir='ltr'><strong><em>signiﬁcatu</em></strong></span> <span class='ocrx_word' id='word_1_736' title='bbox 1835 4717 2134 4785; x_wconf 46' lang='lat' dir='ltr'><strong><em>accipiens1</em></strong></span> 
     </span>
    </p>
   </div>
   <div class='ocr_carea' id='block_1_99' title="bbox 2236 4699 3752 4785">
    <p class='ocr_par' dir='ltr' id='par_1_99' title="bbox 2251 4699 3752 4782">
     <span class='ocr_line' id='line_1_99' title="bbox 2251 4699 3752 4782; baseline -0.013 -15"><span class='ocrx_word' id='word_1_737' title='bbox 2251 4715 2318 4767; x_wconf 85' lang='grc' dir='ltr'><strong><em>τὸ</em></strong></span> <span class='ocrx_word' id='word_1_738' title='bbox 2360 4713 2478 4780; x_wconf 88' lang='grc' dir='ltr'><em>πῦρ</em></span> <span class='ocrx_word' id='word_1_739' title='bbox 2507 4713 2822 4782; x_wconf 85' lang='grc' dir='ltr'><em>μερισμὸς,</em></span> <span class='ocrx_word' id='word_1_740' title='bbox 2874 4712 3022 4765; x_wconf 81' lang='grc' dir='ltr'><em>ὅταν</em></span> <span class='ocrx_word' id='word_1_741' title='bbox 3059 4712 3350 4782; x_wconf 78' lang='grc' dir='ltr'><em>ἐκπέμπει</em></span> <span class='ocrx_word' id='word_1_742' title='bbox 3386 4711 3486 4762; x_wconf 79' lang='grc' dir='ltr'><strong><em>τὸν</em></strong></span> <span class='ocrx_word' id='word_1_743' title='bbox 3515 4704 3577 4767; x_wconf 80' lang='grc' dir='ltr'><strong><em>ἐξ</em></strong></span> <span class='ocrx_word' id='word_1_744' title='bbox 3611 4699 3752 4751; x_wconf 78' lang='grc' dir='ltr'><strong><em>αὐτου</em></strong></span> 
     </span>
    </p>
   </div>
   <div class='ocr_carea' id='block_1_100' title="bbox 564 4792 2134 4876">
    <p class='ocr_par' dir='ltr' id='par_1_100' title="bbox 564 4805 2134 4876">
     <span class='ocr_line' id='line_1_100' title="bbox 564 4805 2134 4876; baseline 0.001 -16"><span class='ocrx_word' id='word_1_745' title='bbox 564 4807 714 4860; x_wconf 86' lang='lat' dir='ltr'><strong><em>bisce</em></strong></span> <span class='ocrx_word' id='word_1_746' title='bbox 744 4807 922 4860; x_wconf 86' lang='lat' dir='ltr'><strong><em>verbis</em></strong></span> <span class='ocrx_word' id='word_1_747' title='bbox 973 4807 1257 4876; x_wconf 87' lang='lat' dir='ltr'><strong><em>eloquitur</em></strong></span> <span class='ocrx_word' id='word_1_748' title='bbox 1321 4805 1685 4860; x_wconf 82' lang='lat' dir='ltr'><strong><em>:Universum</em></strong></span> <span class='ocrx_word' id='word_1_749' title='bbox 1724 4806 1861 4861; x_wconf 89' lang='lat' dir='ltr'><strong><em>Filii</em></strong></span> <span class='ocrx_word' id='word_1_750' title='bbox 1918 4824 2030 4862; x_wconf 88' lang='lat' dir='ltr'><strong><em>esse</em></strong></span> <span class='ocrx_word' id='word_1_751' title='bbox 2083 4823 2134 4861; x_wconf 84' lang='lat' dir='ltr'><strong><em>ea</em></strong></span> 
     </span>
    </p>
   </div>
   <div class='ocr_carea' id='block_1_101' title="bbox 2236 4792 3750 4876">
    <p class='ocr_par' dir='ltr' id='par_1_101' title="bbox 2252 4792 3750 4876">
     <span class='ocr_line' id='line_1_101' title="bbox 2252 4792 3750 4876; baseline 0.005 -21"><span class='ocrx_word' id='word_1_752' title='bbox 2252 4806 2605 4873; x_wconf 69' lang='grc' dir='ltr'><em>φωτισμόν;</em></span> <span class='ocrx_word' id='word_1_753' title='bbox 2650 4803 2716 4855; x_wconf 85' lang='grc' dir='ltr'><em>Εί</em></span> <span class='ocrx_word' id='word_1_754' title='bbox 2757 4801 2824 4853; x_wconf 82' lang='grc' dir='ltr'><em>δὲ</em></span> <span class='ocrx_word' id='word_1_755' title='bbox 2854 4801 3040 4854; x_wconf 83' lang='grc' dir='ltr'><em>ταῦτα</em></span> <span class='ocrx_word' id='word_1_756' title='bbox 3082 4799 3267 4869; x_wconf 78' lang='grc' dir='ltr'><em>γεννᾷ</em></span> <span class='ocrx_word' id='word_1_757' title='bbox 3312 4799 3428 4868; x_wconf 76' lang='grc' dir='ltr'><em>μὲν</em></span> <span class='ocrx_word' id='word_1_758' title='bbox 3467 4792 3750 4876; x_wconf 40' lang='grc' dir='ltr'><strong><em>ἀμερίστῳ]</em></strong></span> 
     </span>
    </p>
   </div>
   <div class='ocr_carea' id='block_1_102' title="bbox 563 4875 2134 4967">
    <p class='ocr_par' dir='ltr' id='par_1_102' title="bbox 563 4896 2134 4967">
     <span class='ocr_line' id='line_1_102' title="bbox 563 4896 2134 4967; baseline 0.001 -16"><span class='ocrx_word' id='word_1_759' title='bbox 563 4897 790 4951; x_wconf 88' lang='lat' dir='ltr'><strong><em>essentia</em></strong></span> <span class='ocrx_word' id='word_1_760' title='bbox 827 4896 1006 4950; x_wconf 86' lang='lat' dir='ltr'><strong><em>Patris</em></strong></span> <span class='ocrx_word' id='word_1_761' title='bbox 1039 4899 1300 4967; x_wconf 88' lang='lat' dir='ltr'><strong><em>provenit.</em></strong></span> <span class='ocrx_word' id='word_1_762' title='bbox 1339 4897 1608 4952; x_wconf 69' lang='lat' dir='ltr'><strong><em>Praaterea</em></strong></span> <span class='ocrx_word' id='word_1_763' title='bbox 1657 4899 1746 4953; x_wconf 91' lang='lat' dir='ltr'><strong><em>bic</em></strong></span> <span class='ocrx_word' id='word_1_764' title='bbox 1793 4899 1933 4952; x_wconf 89' lang='lat' dir='ltr'><strong><em>idem</em></strong></span> <span class='ocrx_word' id='word_1_765' title='bbox 1979 4917 2134 4954; x_wconf 65' lang='lat' dir='ltr'><strong><em>erunt</em></strong></span> 
     </span>
    </p>
   </div>
   <div class='ocr_carea' id='block_1_103' title="bbox 2236 4875 3814 4967">
    <p class='ocr_par' dir='ltr' id='par_1_103' title="bbox 2250 4875 3814 4964">
     <span class='ocr_line' id='line_1_103' title="bbox 2250 4875 3814 4964; baseline -0.008 -16"><span class='ocrx_word' id='word_1_766' title='bbox 2250 4895 2539 4964; x_wconf 75' lang='grc' dir='ltr'><em>ἐκπέμπει</em></span> <span class='ocrx_word' id='word_1_767' title='bbox 2593 4893 2662 4946; x_wconf 83' lang='grc' dir='ltr'><strong><em>δὲ</em></strong></span> <span class='ocrx_word' id='word_1_768' title='bbox 2707 4894 2783 4947; x_wconf 85' lang='grc' dir='ltr'><em>τὰ</em></span> <span class='ocrx_word' id='word_1_769' title='bbox 2843 4893 2912 4955; x_wconf 79' lang='grc' dir='ltr'><strong><em>ἐξ</em></strong></span> <span class='ocrx_word' id='word_1_770' title='bbox 2958 4892 3160 4946; x_wconf 87' lang='grc' dir='ltr'><em>αὐτῶν</em></span> <span class='ocrx_word' id='word_1_771' title='bbox 3204 4889 3466 4955; x_wconf 80' lang='grc' dir='ltr'><em>ἀπαθῶς,</em></span> <span class='ocrx_word' id='word_1_772' title='bbox 3504 4887 3568 4939; x_wconf 87' lang='grc' dir='ltr'>οὐ</span> <span class='ocrx_word' id='word_1_773' title='bbox 3595 4875 3754 4934; x_wconf 59' lang='grc' dir='ltr'><em>πολλῷ</em></span> <span class='ocrx_word' id='word_1_774' title='bbox 3811 4947 3814 4952; x_wconf 34' lang='grc'><strong><em>,</em></strong></span> 
     </span>
    </p>
   </div>
   <div class='ocr_carea' id='block_1_104' title="bbox 565 4971 2134 5063">
    <p class='ocr_par' dir='ltr' id='par_1_104' title="bbox 565 4989 2134 5063">
     <span class='ocr_line' id='line_1_104' title="bbox 565 4989 2134 5063; baseline 0.002 -21"><span class='ocrx_word' id='word_1_775' title='bbox 565 5006 686 5058; x_wconf 88' lang='lat' dir='ltr'><strong><em>pere</em></strong></span> <span class='ocrx_word' id='word_1_776' title='bbox 716 4990 782 5045; x_wconf 90' lang='lat' dir='ltr'><strong><em>de</em></strong></span> <span class='ocrx_word' id='word_1_777' title='bbox 811 4990 925 5059; x_wconf 87' lang='lat' dir='ltr'><strong><em>ipsa</em></strong></span> <span class='ocrx_word' id='word_1_778' title='bbox 960 4989 1084 5044; x_wconf 85' lang='lat' dir='ltr'><strong><em>Filii</em></strong></span> <span class='ocrx_word' id='word_1_779' title='bbox 1128 4991 1452 5045; x_wconf 81' lang='lat' dir='ltr'><strong><em>exsistentia</em></strong></span> <span class='ocrx_word' id='word_1_780' title='bbox 1489 4991 1545 5044; x_wconf 92' lang='lat' dir='ltr'><strong><em>in</em></strong></span> <span class='ocrx_word' id='word_1_781' title='bbox 1584 5006 1692 5045; x_wconf 89' lang='lat' dir='ltr'><strong><em>uno</em></strong></span> <span class='ocrx_word' id='word_1_782' title='bbox 1724 5007 1788 5046; x_wconf 87' lang='lat' dir='ltr'><strong><em>ex</em></strong></span> <span class='ocrx_word' id='word_1_783' title='bbox 1826 4992 2018 5047; x_wconf 88' lang='lat' dir='ltr'><strong><em>iisdem</em></strong></span> <span class='ocrx_word' id='word_1_784' title='bbox 2042 4993 2134 5063; x_wconf 75' lang='lat' dir='ltr'><strong><em>ian</em></strong></span> 
     </span>
    </p>
   </div>
   <div class='ocr_carea' id='block_1_105' title="bbox 2236 4971 3754 5063">
    <p class='ocr_par' dir='ltr' id='par_1_105' title="bbox 2247 4971 3754 5063">
     <span class='ocr_line' id='line_1_105' title="bbox 2247 4971 3754 5063; baseline -0.013 -22"><span class='ocrx_word' id='word_1_785' title='bbox 2247 4985 2490 5056; x_wconf 85' lang='grc' dir='ltr'><em>μᾶλλον</em></span> <span class='ocrx_word' id='word_1_786' title='bbox 2539 4989 2571 5040; x_wconf 84' lang='grc' dir='ltr'><em>ό</em></span> <span class='ocrx_word' id='word_1_787' title='bbox 2611 4986 2838 5038; x_wconf 80' lang='grc' dir='ltr'><em>τούτων</em></span> <span class='ocrx_word' id='word_1_788' title='bbox 2881 4981 3135 5052; x_wconf 80' lang='grc' dir='ltr'><em>ποιητὴς</em></span> <span class='ocrx_word' id='word_1_789' title='bbox 3177 4983 3286 5050; x_wconf 82' lang='grc' dir='ltr'><em>τῆς</em></span> <span class='ocrx_word' id='word_1_790' title='bbox 3329 4979 3536 5037; x_wconf 80' lang='grc' dir='ltr'><em>ἑαυτοῦ</em></span> <span class='ocrx_word' id='word_1_791' title='bbox 3571 4971 3754 5063; x_wconf 44' lang='lat' dir='ltr'><strong><em>ptiust-fc</em></strong></span> 
     </span>
    </p>
   </div>
   <div class='ocr_carea' id='block_1_106' title="bbox 570 5080 2152 5150">
    <p class='ocr_par' dir='ltr' id='par_1_106' title="bbox 570 5080 2152 5150">
     <span class='ocr_line' id='line_1_106' title="bbox 570 5080 2152 5150; baseline 0.001 -18"><span class='ocrx_word' id='word_1_792' title='bbox 570 5081 735 5134; x_wconf 85' lang='lat' dir='ltr'><strong><em>dictis</em></strong></span> <span class='ocrx_word' id='word_1_793' title='bbox 792 5081 1069 5149; x_wconf 87' lang='lat' dir='ltr'><strong><em>capitibus</em></strong></span> <span class='ocrx_word' id='word_1_794' title='bbox 1132 5081 1371 5148; x_wconf 86' lang='lat' dir='ltr'><strong><em>accipit,</em></strong></span> <span class='ocrx_word' id='word_1_795' title='bbox 1433 5081 1564 5134; x_wconf 88' lang='lat' dir='ltr'><strong><em>dttm</em></strong></span> <span class='ocrx_word' id='word_1_796' title='bbox 1626 5081 1755 5135; x_wconf 92' lang='lat' dir='ltr'><strong><em>ait:</em></strong></span> <span class='ocrx_word' id='word_1_797' title='bbox 1801 5080 1934 5135; x_wconf 83' lang='lat' dir='ltr'><strong><em>Erat</em></strong></span> <span class='ocrx_word' id='word_1_798' title='bbox 1986 5082 2152 5150; x_wconf 88' lang='lat' dir='ltr'><strong><em>igitur</em></strong></span> 
     </span>
    </p>
   </div>
   <div class='ocr_carea' id='block_1_107' title="bbox 567 5169 2152 5250">
    <p class='ocr_par' dir='ltr' id='par_1_107' title="bbox 567 5169 2152 5250">
     <span class='ocr_line' id='line_1_107' title="bbox 567 5169 2152 5250; baseline 0 -24"><span class='ocrx_word' id='word_1_799' title='bbox 567 5171 802 5226; x_wconf 80' lang='lat' dir='ltr'><strong><em>Genitori</em></strong></span> <span class='ocrx_word' id='word_1_800' title='bbox 857 5181 1150 5226; x_wconf 66' lang='lat' dir='ltr'><strong><em>coaeternus</em></strong></span> <span class='ocrx_word' id='word_1_801' title='bbox 1223 5169 1398 5224; x_wconf 86' lang='lat' dir='ltr'><strong><em>Filius</em></strong></span> <span class='ocrx_word' id='word_1_802' title='bbox 1461 5172 1540 5224; x_wconf 91' lang='lat' dir='ltr'><strong><em>uti</em></strong></span> <span class='ocrx_word' id='word_1_803' title='bbox 1597 5187 1662 5225; x_wconf 75' lang='lat' dir='ltr'><strong><em>etc</em></strong></span> <span class='ocrx_word' id='word_1_804' title='bbox 1720 5173 1944 5250; x_wconf 66' lang='lat' dir='ltr'><strong><em>quodam</em></strong></span> <span class='ocrx_word' id='word_1_805' title='bbox 2009 5173 2152 5241; x_wconf 83' lang='lat' dir='ltr'><strong><em>fonte</em></strong></span> 
     </span>
    </p>
   </div>
   <div class='ocr_carea' id='block_1_108' title="bbox 565 5261 2151 5331">
    <p class='ocr_par' dir='ltr' id='par_1_108' title="bbox 565 5261 2151 5331">
     <span class='ocr_line' id='line_1_108' title="bbox 565 5261 2151 5331; baseline 0.001 -17"><span class='ocrx_word' id='word_1_806' title='bbox 565 5273 789 5331; x_wconf 80' lang='lat' dir='ltr'><strong><em>paterna</em></strong></span> <span class='ocrx_word' id='word_1_807' title='bbox 822 5263 1053 5315; x_wconf 85' lang='lat' dir='ltr'><strong><em>essentia</em></strong></span> <span class='ocrx_word' id='word_1_808' title='bbox 1086 5277 1385 5330; x_wconf 87' lang='lat' dir='ltr'><strong><em>erumpens.</em></strong></span> <span class='ocrx_word' id='word_1_809' title='bbox 1438 5261 1698 5317; x_wconf 61' lang='lat' dir='ltr'><strong><em>Ecclesiae</em></strong></span> <span class='ocrx_word' id='word_1_810' title='bbox 1735 5279 1925 5318; x_wconf 89' lang='lat' dir='ltr'><strong><em>rursus</em></strong></span> <span class='ocrx_word' id='word_1_811' title='bbox 1967 5263 2151 5316; x_wconf 90' lang='lat' dir='ltr'><strong><em>lumen</em></strong></span> 
     </span>
    </p>
   </div>
   <div class='ocr_carea' id='block_1_109' title="bbox 567 5353 2152 5424">
    <p class='ocr_par' dir='ltr' id='par_1_109' title="bbox 567 5353 2152 5424">
     <span class='ocr_line' id='line_1_109' title="bbox 567 5353 2152 5424; baseline 0 -19"><span class='ocrx_word' id='word_1_812' title='bbox 567 5355 949 5408; x_wconf 82' lang='lat' dir='ltr'><strong><em>divinissitnus</em></strong></span> <span class='ocrx_word' id='word_1_813' title='bbox 987 5353 1322 5408; x_wconf 82' lang='lat' dir='ltr'><strong><em>Athanasius</em></strong></span> <span class='ocrx_word' id='word_1_814' title='bbox 1351 5354 1526 5408; x_wconf 88' lang='lat' dir='ltr'><strong><em>eidem</em></strong></span> <span class='ocrx_word' id='word_1_815' title='bbox 1553 5354 1939 5424; x_wconf 81' lang='lat' dir='ltr'><strong><em>signiﬁcationi</em></strong></span> <span class='ocrx_word' id='word_1_816' title='bbox 1971 5366 2152 5406; x_wconf 85' lang='lat' dir='ltr'><strong><em>scatu-</em></strong></span> 
     </span>
    </p>
   </div>
   <div class='ocr_carea' id='block_1_110' title="bbox 568 5445 2152 5515">
    <p class='ocr_par' dir='ltr' id='par_1_110' title="bbox 568 5445 2152 5515">
     <span class='ocr_line' id='line_1_110' title="bbox 568 5445 2152 5515; baseline 0.002 -16"><span class='ocrx_word' id='word_1_817' title='bbox 568 5449 674 5500; x_wconf 88' lang='lat' dir='ltr'><strong><em>rire</em></strong></span> <span class='ocrx_word' id='word_1_818' title='bbox 701 5447 992 5515; x_wconf 86' lang='lat' dir='ltr'><strong><em>adaptans,</em></strong></span> <span class='ocrx_word' id='word_1_819' title='bbox 1030 5446 1244 5500; x_wconf 90' lang='lat' dir='ltr'><strong><em>Patrem</em></strong></span> <span class='ocrx_word' id='word_1_820' title='bbox 1282 5446 1481 5514; x_wconf 76' lang='lat' dir='ltr'><strong><em>fontem</em></strong></span> <span class='ocrx_word' id='word_1_821' title='bbox 1523 5445 1656 5500; x_wconf 81' lang='lat' dir='ltr'><strong><em>Filii</em></strong></span> <span class='ocrx_word' id='word_1_822' title='bbox 1692 5449 2032 5512; x_wconf 85' lang='lat' dir='ltr'><strong><em>nuncupavit</em></strong></span> <span class='ocrx_word' id='word_1_823' title='bbox 2065 5447 2152 5502; x_wconf 90' lang='lat' dir='ltr'><strong><em>bis</em></strong></span> 
     </span>
    </p>
   </div>
   <div class='ocr_carea' id='block_1_111' title="bbox 566 5537 2151 5609">
    <p class='ocr_par' dir='ltr' id='par_1_111' title="bbox 566 5537 2151 5609">
     <span class='ocr_line' id='line_1_111' title="bbox 566 5537 2151 5609; baseline 0.002 -18"><span class='ocrx_word' id='word_1_824' title='bbox 566 5538 794 5601; x_wconf 78' lang='lat' dir='ltr'><strong><em>verbis,</em></strong></span> <span class='ocrx_word' id='word_1_825' title='bbox 853 5537 1086 5606; x_wconf 87' lang='lat' dir='ltr'><strong><em>epistola</em></strong></span> <span class='ocrx_word' id='word_1_826' title='bbox 1154 5553 1216 5591; x_wconf 78' lang='lat' dir='ltr'><strong><em>es</em></strong></span> <span class='ocrx_word' id='word_1_827' title='bbox 1275 5539 1485 5604; x_wconf 87' lang='lat' dir='ltr'><strong><em>synodo</em></strong></span> <span class='ocrx_word' id='word_1_828' title='bbox 1536 5537 2031 5609; x_wconf 80' lang='lat' dir='ltr'><strong><em>Hierosolymitana</em></strong></span> <span class='ocrx_word' id='word_1_829' title='bbox 2084 5539 2151 5594; x_wconf 88' lang='lat' dir='ltr'><strong><em>ad</em></strong></span> 
     </span>
    </p>
   </div>
   <div class='ocr_carea' id='block_1_112' title="bbox 573 5628 2151 5699">
    <p class='ocr_par' dir='ltr' id='par_1_112' title="bbox 573 5628 2151 5699">
     <span class='ocr_line' id='line_1_112' title="bbox 573 5628 2151 5699; baseline 0 -15"><span class='ocrx_word' id='word_1_830' title='bbox 573 5630 972 5684; x_wconf 81' lang='lat' dir='ltr'><strong><em>Alexandrinos</em></strong></span> <span class='ocrx_word' id='word_1_831' title='bbox 1013 5649 1026 5685; x_wconf 89' lang='lat'>:</span> <span class='ocrx_word' id='word_1_832' title='bbox 1068 5628 1424 5699; x_wconf 86' lang='lat' dir='ltr'><strong><em>Cognoscunt,</em></strong></span> <span class='ocrx_word' id='word_1_833' title='bbox 1479 5631 1570 5694; x_wconf 88' lang='lat' dir='ltr'><strong><em>qui</em></strong></span> <span class='ocrx_word' id='word_1_834' title='bbox 1610 5631 1867 5684; x_wconf 83' lang='lat' dir='ltr'><strong><em>Arianam</em></strong></span> <span class='ocrx_word' id='word_1_835' title='bbox 1912 5631 2151 5685; x_wconf 63' lang='lat' dir='ltr'><strong><em>haeresim</em></strong></span> 
     </span>
    </p>
   </div>
   <div class='ocr_carea' id='block_1_113' title="bbox 576 5717 2152 5788">
    <p class='ocr_par' dir='ltr' id='par_1_113' title="bbox 576 5717 2152 5788">
     <span class='ocr_line' id='line_1_113' title="bbox 576 5717 2152 5788; baseline 0.001 -16"><span class='ocrx_word' id='word_1_836' title='bbox 576 5719 899 5772; x_wconf 84' lang='lat' dir='ltr'><strong><em>anathemati</em></strong></span> <span class='ocrx_word' id='word_1_837' title='bbox 956 5717 1289 5788; x_wconf 85' lang='lat' dir='ltr'><strong><em>subjecerunt</em></strong></span> <span class='ocrx_word' id='word_1_838' title='bbox 1322 5757 1338 5783; x_wconf 89' lang='lat'><strong><em>,</em></strong></span> <span class='ocrx_word' id='word_1_839' title='bbox 1381 5735 1484 5772; x_wconf 90' lang='lat' dir='ltr'><strong><em>non</em></strong></span> <span class='ocrx_word' id='word_1_840' title='bbox 1543 5730 1888 5786; x_wconf 87' lang='lat' dir='ltr'><strong><em>creaturam,</em></strong></span> <span class='ocrx_word' id='word_1_841' title='bbox 1943 5722 2034 5776; x_wconf 84' lang='lat' dir='ltr'><strong><em>sed</em></strong></span> <span class='ocrx_word' id='word_1_842' title='bbox 2087 5737 2152 5776; x_wconf 80' lang='lat' dir='ltr'><strong><em>ea:</em></strong></span> 
     </span>
    </p>
   </div>
   <div class='ocr_carea' id='block_1_114' title="bbox 2249 5054 3754 5147">
    <p class='ocr_par' dir='ltr' id='par_1_114' title="bbox 2249 5054 3754 5147">
     <span class='ocr_line' id='line_1_114' title="bbox 2249 5054 3754 5147; baseline -0.017 -17"><span class='ocrx_word' id='word_1_843' title='bbox 2249 5054 2541 5147; x_wconf 63' lang='grc' dir='ltr'><em>ἐκπέμπει</em></span> <span class='ocrx_word' id='word_1_844' title='bbox 2586 5077 2651 5129; x_wconf 85' lang='grc' dir='ltr'><strong><em>τὸ</em></strong></span> <span class='ocrx_word' id='word_1_845' title='bbox 2699 5077 3111 5146; x_wconf 71' lang='grc' dir='ltr'><em>ἀπαύγασμα;</em></span> <span class='ocrx_word' id='word_1_846' title='bbox 3148 5077 3295 5147; x_wconf 82' lang='grc' dir='ltr'><strong><em>Πρὸς</em></strong></span> <span class='ocrx_word' id='word_1_847' title='bbox 3325 5068 3528 5132; x_wconf 50' lang='grc' dir='ltr'><strong>τοῦἕοις</strong></span> <span class='ocrx_word' id='word_1_848' title='bbox 3568 5067 3594 5117; x_wconf 76' lang='grc' dir='ltr'><em>ὁ</em></span> <span class='ocrx_word' id='word_1_849' title='bbox 3635 5054 3754 5147; x_wconf 54' lang='lat' dir='ltr'><strong><em>absit</em></strong></span> 
     </span>
    </p>
   </div>
   <div class='ocr_carea' id='block_1_115' title="bbox 2253 5143 3751 5248">
    <p class='ocr_par' dir='ltr' id='par_1_115' title="bbox 2253 5143 3751 5248">
     <span class='ocr_line' id='line_1_115' title="bbox 2253 5143 3751 5248; baseline -0.011 -26"><span class='ocrx_word' id='word_1_850' title='bbox 2253 5171 2348 5223; x_wconf 78' lang='grc' dir='ltr'><em>καὶ</em></span> <span class='ocrx_word' id='word_1_851' title='bbox 2383 5170 2546 5221; x_wconf 78' lang='grc' dir='ltr'><em>πάλιν</em></span> <span class='ocrx_word' id='word_1_852' title='bbox 2591 5169 2648 5221; x_wconf 80' lang='grc' dir='ltr'><strong><em>ἐν</em></strong></span> <span class='ocrx_word' id='word_1_853' title='bbox 2698 5185 2806 5221; x_wconf 86' lang='grc' dir='ltr'>τινι</span> <span class='ocrx_word' id='word_1_854' title='bbox 2849 5170 2956 5221; x_wconf 85' lang='grc' dir='ltr'><strong><em>τῶν</em></strong></span> <span class='ocrx_word' id='word_1_855' title='bbox 3010 5168 3176 5221; x_wconf 82' lang='grc' dir='ltr'><strong><em>αὐτοῦ</em></strong></span> <span class='ocrx_word' id='word_1_856' title='bbox 3235 5164 3553 5235; x_wconf 75' lang='grc' dir='ltr'><em>κεφαλαίων.</em></span> <span class='ocrx_word' id='word_1_857' title='bbox 3599 5151 3674 5208; x_wconf 71' lang='grc' dir='ltr'><em>καὶ</em></span> <span class='ocrx_word' id='word_1_858' title='bbox 3706 5143 3751 5248; x_wconf 49' lang='grc' dir='ltr'><strong><em>τξ</em></strong></span> 
     </span>
    </p>
   </div>
   <div class='ocr_carea' id='block_1_116' title="bbox 2253 5249 3754 5334">
    <p class='ocr_par' dir='ltr' id='par_1_116' title="bbox 2253 5249 3754 5334">
     <span class='ocr_line' id='line_1_116' title="bbox 2253 5249 3754 5334; baseline -0.011 -20"><span class='ocrx_word' id='word_1_859' title='bbox 2253 5260 2522 5328; x_wconf 84' lang='grc' dir='ltr'><em>προιέναι</em></span> <span class='ocrx_word' id='word_1_860' title='bbox 2549 5261 2687 5312; x_wconf 77' lang='grc' dir='ltr'><strong><em>κάπὶ</em></strong></span> <span class='ocrx_word' id='word_1_861' title='bbox 2720 5260 2926 5330; x_wconf 81' lang='grc' dir='ltr'><strong><em>ταύτης</em></strong></span> <span class='ocrx_word' id='word_1_862' title='bbox 2956 5260 3444 5330; x_wconf 80' lang='grc' dir='ltr'><em>ὲκλαμδανόμενος,</em></span> <span class='ocrx_word' id='word_1_863' title='bbox 3473 5249 3624 5306; x_wconf 80' lang='grc' dir='ltr'><em>ταῦτα</em></span> <span class='ocrx_word' id='word_1_864' title='bbox 3651 5250 3754 5334; x_wconf 60' lang='grc' dir='ltr'><strong><em>καξι</em></strong></span> 
     </span>
    </p>
   </div>
   <div class='ocr_carea' id='block_1_117' title="bbox 2254 5337 3754 5422">
    <p class='ocr_par' dir='ltr' id='par_1_117' title="bbox 2254 5337 3754 5422">
     <span class='ocr_line' id='line_1_117' title="bbox 2254 5337 3754 5422; baseline -0.021 0"><span class='ocrx_word' id='word_1_865' title='bbox 2254 5353 2406 5422; x_wconf 72' lang='grc' dir='ltr'><strong><em>ῥῆμα</em></strong></span> <span class='ocrx_word' id='word_1_866' title='bbox 2429 5351 2654 5415; x_wconf 75' lang='grc' dir='ltr'><strong><em>διέξεισι</em></strong></span> <span class='ocrx_word' id='word_1_867' title='bbox 2674 5367 2689 5384; x_wconf 83' lang='grc'><strong>⁸</strong></span> <span class='ocrx_word' id='word_1_868' title='bbox 2725 5355 2980 5422; x_wconf 84' lang='grc' dir='ltr'><em>Σύμπαν</em></span> <span class='ocrx_word' id='word_1_869' title='bbox 3011 5353 3078 5405; x_wconf 82' lang='grc' dir='ltr'><strong><em>τὸ</em></strong></span> <span class='ocrx_word' id='word_1_870' title='bbox 3109 5347 3266 5405; x_wconf 83' lang='grc' dir='ltr'><em>εἷναι</em></span> <span class='ocrx_word' id='word_1_871' title='bbox 3306 5349 3407 5404; x_wconf 86' lang='grc' dir='ltr'><strong><em>τοῦ</em></strong></span> <span class='ocrx_word' id='word_1_872' title='bbox 3443 5341 3567 5399; x_wconf 85' lang='grc' dir='ltr'><strong><em>Υίοῦ</em></strong></span> <span class='ocrx_word' id='word_1_873' title='bbox 3594 5337 3650 5390; x_wconf 73' lang='grc' dir='ltr'><strong><em>ἐκ</em></strong></span> <span class='ocrx_word' id='word_1_874' title='bbox 3678 5341 3754 5422; x_wconf 66' lang='grc' dir='ltr'><strong><em>της</em></strong></span> 
     </span>
    </p>
   </div>
   <div class='ocr_carea' id='block_1_118' title="bbox 2251 5416 3755 5512">
    <p class='ocr_par' dir='ltr' id='par_1_118' title="bbox 2251 5416 3755 5512">
     <span class='ocr_line' id='line_1_118' title="bbox 2251 5416 3755 5512; baseline -0.006 -14"><span class='ocrx_word' id='word_1_875' title='bbox 2415 5447 2650 5512; x_wconf 85' lang='grc' dir='ltr'><em>Πατρὸς</em></span> <span class='ocrx_word' id='word_1_876' title='bbox 2699 5416 2916 5511; x_wconf 71' lang='grc' dir='ltr'><em>οὐσίας</em></span> <span class='ocrx_word' id='word_1_877' title='bbox 2978 5450 3240 5512; x_wconf 83' lang='grc' dir='ltr'><em>πρόεισι.</em></span> <span class='ocrx_word' id='word_1_878' title='bbox 3299 5443 3408 5497; x_wconf 80' lang='grc' dir='ltr'><strong><em>Καὶ</em></strong></span> <span class='ocrx_word' id='word_1_879' title='bbox 3467 5436 3565 5508; x_wconf 82' lang='grc' dir='ltr'><strong><em>μὴν</em></strong></span> <span class='ocrx_word' id='word_1_880' title='bbox 3607 5424 3684 5482; x_wconf 63' lang='grc' dir='ltr'><strong><em>καὶ</em></strong></span> <span class='ocrx_word' id='word_1_881' title='bbox 3713 5416 3755 5468; x_wconf 73' lang='grc' dir='ltr'><strong><em>τδ</em></strong></span> 
     </span>
    </p>
   </div>
   <div class='ocr_carea' id='block_1_119' title="bbox 2255 5516 3754 5605">
    <p class='ocr_par' dir='ltr' id='par_1_119' title="bbox 2255 5516 3754 5605">
     <span class='ocr_line' id='line_1_119' title="bbox 2255 5516 3754 5605; baseline 0.001 -13"><span class='ocrx_word' id='word_1_882' title='bbox 2255 5539 2610 5598; x_wconf 82' lang='grc' dir='ltr'><em>ἀναϐλύζειν</em></span> <span class='ocrx_word' id='word_1_883' title='bbox 2663 5541 2692 5592; x_wconf 84' lang='grc' dir='ltr'><strong>ὁ</strong></span> <span class='ocrx_word' id='word_1_884' title='bbox 2744 5539 2990 5600; x_wconf 80' lang='grc' dir='ltr'><strong><em>τοιοῦτος</em></strong></span> <span class='ocrx_word' id='word_1_885' title='bbox 3029 5537 3116 5590; x_wconf 72' lang='grc' dir='ltr'><strong><em>ἐπ’</em></strong></span> <span class='ocrx_word' id='word_1_886' title='bbox 3173 5535 3344 5605; x_wconf 80' lang='grc' dir='ltr'><em>αὐτῆς</em></span> <span class='ocrx_word' id='word_1_887' title='bbox 3399 5533 3492 5600; x_wconf 74' lang='grc' dir='ltr'><strong><em>τῆς</em></strong></span> <span class='ocrx_word' id='word_1_888' title='bbox 3527 5516 3754 5604; x_wconf 63' lang='grc' dir='ltr'><strong><em>ὑπάρξεωξ</em></strong></span> 
     </span>
    </p>
   </div>
   <div class='ocr_carea' id='block_1_120' title="bbox 2254 5605 3750 5698">
    <p class='ocr_par' dir='ltr' id='par_1_120' title="bbox 2254 5605 3750 5698">
     <span class='ocr_line' id='line_1_120' title="bbox 2254 5605 3750 5698; baseline -0.014 -13"><span class='ocrx_word' id='word_1_889' title='bbox 2254 5631 2347 5684; x_wconf 81' lang='grc' dir='ltr'><strong><em>τοῦ</em></strong></span> <span class='ocrx_word' id='word_1_890' title='bbox 2377 5631 2507 5684; x_wconf 80' lang='grc' dir='ltr'><strong><em>Υἱοῦ</em></strong></span> <span class='ocrx_word' id='word_1_891' title='bbox 2549 5631 2765 5698; x_wconf 76' lang='grc' dir='ltr'><em>τίθησιν</em></span> <span class='ocrx_word' id='word_1_892' title='bbox 2802 5632 2859 5682; x_wconf 76' lang='grc' dir='ltr'><strong><em>ἐν</em></strong></span> <span class='ocrx_word' id='word_1_893' title='bbox 2899 5647 3009 5683; x_wconf 83' lang='grc' dir='ltr'>τινι</span> <span class='ocrx_word' id='word_1_894' title='bbox 3054 5628 3162 5682; x_wconf 85' lang='grc' dir='ltr'><strong><em>τῶν</em></strong></span> <span class='ocrx_word' id='word_1_895' title='bbox 3207 5621 3586 5695; x_wconf 73' lang='grc' dir='ltr'><strong><em>διαληφθέντων</em></strong></span> <span class='ocrx_word' id='word_1_896' title='bbox 3625 5605 3750 5698; x_wconf 42' lang='grc' dir='ltr'><strong><em>αὐτὴν</em></strong></span> 
     </span>
    </p>
   </div>
   <div class='ocr_carea' id='block_1_121' title="bbox 2256 5688 3750 5791">
    <p class='ocr_par' dir='ltr' id='par_1_121' title="bbox 2256 5688 3750 5791">
     <span class='ocr_line' id='line_1_121' title="bbox 2256 5688 3750 5791; baseline 0.007 -14"><span class='ocrx_word' id='word_1_897' title='bbox 2256 5723 2571 5781; x_wconf 75' lang='grc' dir='ltr'><em>κεφαλαίων</em></span> <span class='ocrx_word' id='word_1_898' title='bbox 2601 5688 2746 5778; x_wconf 37' lang='lat' dir='ltr'><strong><em>obito)</em></strong></span> <span class='ocrx_word' id='word_1_899' title='bbox 2793 5723 3098 5791; x_wconf 84' lang='grc' dir='ltr'><em>διατρανῶν</em></span> <span class='ocrx_word' id='word_1_900' title='bbox 3123 5736 3139 5754; x_wconf 88' lang='lat'><strong>&#39;</strong></span> <span class='ocrx_word' id='word_1_901' title='bbox 3167 5717 3286 5778; x_wconf 84' lang='grc' dir='ltr'><em>Ἦν</em></span> <span class='ocrx_word' id='word_1_902' title='bbox 3333 5688 3440 5783; x_wconf 58' lang='lat' dir='ltr'><strong><em>al?“</em></strong></span> <span class='ocrx_word' id='word_1_903' title='bbox 3481 5707 3551 5774; x_wconf 75' lang='grc' dir='ltr'><strong><em>τῷ</em></strong></span> <span class='ocrx_word' id='word_1_904' title='bbox 3590 5688 3750 5787; x_wconf 60' lang='lat' dir='ltr'><strong><em>TW&quot;</em></strong></span> 
     </span>
    </p>
   </div>
  </div>
