3962 6408
513 390 645 455 1071

1555 388 2070 459 COXS'l‘AN'l‘lNI
2119 388 2663 456 MELI'I‘ENIOT.E

3587 400 3699 464 1072

513 507 733 570 sciunt,
776 508 1055 575 procedere
1120 509 1452 577 usurpavit?
1504 507 1751 576 Namque
1816 505 2078 575 Spiritum

2197 506 2266 558 Τὸ
2299 509 2523 580 μὲνγὰρ
2551 511 2816 580 ὑπάρχειν
2844 512 2900 563 τὸ
2930 512 3149 582 Πνεῦμα
3173 514 3241 565 δι’
3262 512 3385 566 Υἱοῦ
3408 514 3566 569 δοτέον
3580 517 3704 586 ῐσως,

509 610 607 664 per
644 595 842 651 Filium
876 600 1139 653 exsistere
1176 601 1312 655 forte
1376 600 1787 654 concedendum
1818 609 1984 661 esset,
2023 605 2083 649 ιιι

520 703 583 740 ex
619 690 731 756 jam
793 690 971 744 allatis
1020 692 1371 747 manifestum
1428 704 1509 746 est
1537 737 1549 756 ,
1590 698 1804 761 quando
1851 707 1913 744 cx
1951 691 2085 757 ipsis

522 779 770 832 nonnulli
830 782 1009 849 palam
1043 796 1107 835 eo
1144 783 1367 836 nomine
1427 784 1506 836 nsi
1554 783 1830 845 ridentur,
1868 785 1959 835 sed
1993 795 2085 832 ex-

512 871 819 925 sistentiam
856 873 1057 927 habere
1084 875 1235 929 nullo
1265 876 1452 929 modo.
1516 874 1763 941 Namque
1801 873 1947 927 aliud
2002 880 2085 926 est

515 963 785 1016 exsistere
812 1004 826 1027 ,
858 966 1008 1019 aliud
1046 967 1429 1020 exsistentiam
1477 968 1680 1021 habere
1722 985 1734 1021 :
1772 967 1918 1033 quod
1954 963 2083 1018 illud

512 1054 734 1121 quidem
772 1057 973 1125 swpius
1005 1059 1275 1112 asseritur
1297 1060 1464 1112 etiam
1515 1061 1579 1110 de
1624 1059 1900 1112 extraneis
1926 1098 1941 1122 ,
1981 1057 2086 1111 sic-

507 1144 583 1197 uti
614 1184 628 1206 ,
682 1146 769 1199 hic
813 1161 876 1200 ex
914 1149 1015 1201 hac
1050 1149 1183 1202 urbe
1216 1150 1470 1211 exsistit,
1520 1150 1609 1204 ille
1645 1165 1708 1203 ex
1754 1150 1858 1203 alia
1893 1163 2086 1202 rursus

511 1235 770 1291 fortasse.
828 1240 899 1291 At
949 1241 1329 1295 exsisteutiam
1388 1243 1597 1297 habere
1640 1245 1707 1297 de
1762 1242 1846 1296 liis
1877 1252 2083 1295 tantum

507 1329 788 1393 sumitur,
850 1345 968 1399 qua:
1032 1333 1099 1385 ad
1161 1335 1605 1388 constituendam
1667 1334 2085 1390 subsistentiam

509 1422 878 1477 conducunt.
947 1421 1096 1477 Ilanc
1157 1425 1322 1487 igitur
1386 1440 1548 1491 quam
1612 1427 1850 1479 maxime
1898 1439 2086 1478 vocem

507 1514 945 1582 exprimentem,
994 1523 1053 1567 ut
1104 1525 1157 1568 et
1206 1517 1351 1569 illam
1389 1519 1662 1585 propriam
1712 1516 1990 1586 procedere
2023 1516 2090 1570 de

511 1605 720 1674 Spiritu
767 1618 959 1661 sancto
1005 1617 1339 1674 tacuerunt;
1398 1622 1587 1663 notmn
1621 1626 1750 1663 vero
1792 1619 1876 1665 est
1908 1610 2089 1663 omni-

510 1699 632 1763 bus,
672 1698 814 1751 inter
858 1700 1039 1752 omnia
1081 1700 1213 1753 nihil
1245 1716 1368 1755 esse
1393 1743 1408 1766 ,
1451 1704 1593 1772 quod
1630 1703 1704 1755 illi
1755 1704 1929 1771 magis
1966 1717 2094 1770 pro-

506 1790 684 1857 prium
732 1789 823 1852 sit,
861 1805 1019 1859 quam
1058 1793 1354 1859 procedere.
1410 1794 1468 1847 ld
1517 1795 1716 1848 etenim
1754 1780 1981 1863 Spiritui
2032 1804 2087 1846 (ι

506 1880 605 1934 soli
664 1879 719 1933 in
773 1881 963 1950 primis
1015 1886 1380 1949 attributum,
1443 1886 1728 1956 proprium
1796 1886 1944 1940 illius
1993 1900 2091 1953 ap-

509 1972 757 2038 pellatur.
826 1972 951 2028 H.ec
1003 1977 1148 2030 acuti
1199 1977 1289 2030 isti
1337 1978 1678 2046 solet-tesque
1746 1979 1811 2029 ad
1862 1977 2092 2029 commi-

507 2064 795 2118 niscendas
852 2068 1353 2132 contradictiones,
1430 2079 1487 2122 ut
1544 2068 1816 2137 propriam
1878 2077 2090 2120 tantum

506 2157 819 2224 opilionem
878 2158 1176 2213 slabiliaut.
1233 2159 1338 2214 Sed
1390 2174 1489 2229 ego
1539 2161 1679 2214 intr
1736 2161 1988 2213 exsistere
2039 2168 2093 2213 et

504 2250 874 2302 exsistentinm
930 2250 1151 2314 habere,
1192 2252 1399 2306 nullum
1451 2267 1572 2308 esse
1605 2252 1904 2306 discrimen
1933 2292 1949 2315 ,
1999 2252 2091 2306 sed

507 2354 674 2393 unum
718 2340 973 2410 idemque
1021 2352 1211 2397 notare
1268 2343 1499 2399 allirmo.
1558 2343 1805 2414 Namque
1845 2346 2095 2399 exsistere

507 2430 560 2483 in
622 2430 776 2496 illud,
814 2433 1178 2486 exsistcntinm
1222 2433 1410 2487 habere
1450 2434 1801 2499 dissolvitur;
1848 2445 1902 2490 et
1955 2436 2096 2490 exsi-

504 2524 751 2577 stentiain
783 2524 973 2577 habere
1041 2526 1094 2578 in
1149 2526 1304 2587 illud,
1352 2526 1605 2579 exsistere
1663 2526 1903 2580 Vicissim
1958 2542 2094 2581 con-

506 2616 744 2668 trahitur
794 2634 809 2669 :
869 2632 969 2671 nec
1029 2618 1137 2670 alio
1214 2618 1325 2671 ullo
1390 2620 1552 2672 modo
1618 2618 1701 2672 las
1757 2627 1840 2671 est
1904 2618 2095 2672 istltaac

509 2706 758 2775 intelligi.
817 2708 884 2760 Et
934 2723 1151 2776 possem
1190 2709 1447 2778 equidem
1508 2710 1730 2777 longum
1785 2723 2093 2763 sermonem

510 2796 578 2850 ad
614 2798 665 2851 id
694 2800 1188 2851 demonstrandum
1238 2808 1570 2862 contexere,
1625 2798 1730 2852 nisi
1776 2797 1937 2867 plane
1979 2797 2092 2851 eri-

510 2901 635 2941 men
688 2887 855 2953 inepti
918 2903 1140 2940 Vererer
1187 2888 1496 2942 incurrere.
1549 2889 1651 2941 Cui
1703 2890 1849 2943 enim
1904 2899 2093 2943 notum

510 2995 619 3034 non
654 2988 770 3043 est,
803 2980 894 3033 ubi
936 2982 1205 3033 exsistere
1247 2978 1447 3032 dicitur
1474 3018 1488 3043 ,
1540 2980 1742 3034 ibidem
1792 2981 2093 3035 secundum

515 3088 687 3126 unum
718 3072 1085 3141 eumdemque
1134 3073 1499 3141 signiﬁcatum
1528 3112 1543 3136 ,
1599 3073 1714 3126 sive
1747 3073 2091 3135 naturaliter,

2185 599 2260 660 ὡς
2293 600 2352 663 ἐξ
2376 594 2450 653 ὧν
2509 597 2662 654 εἶπον
2694 604 2900 666 πάντες
2950 604 3249 674 ἐδήλωσαν,
3306 607 3422 681 ἐπεὶ
3472 609 3555 660 καί
3590 627 3706 674 τινες

2189 692 2369 745 αὐτῶν
2404 693 2484 762 τῷ
2515 695 2746 764 τοιούτῳ
2778 697 3063 761 φαίνονται
3093 700 3699 773 χρησάμενοιδιαρῤήδην

2187 781 2415 851 ὀνόματι
2441 800 2455 814 ·
2484 784 2544 835 τὸ
2579 785 2637 837 δὲ
2693 785 2791 856 τὴν
2825 785 3058 855 ὕπαρξιν
3116 786 3258 853 ἔχειν
3307 790 3402 840 οὐκ
3454 791 3532 843 ἄν.
3572 794 3706 846 ’Άλλο

2188 877 2295 944 γὰρ
2347 874 2409 927 τὸ
2439 876 2737 946 ὑπάρχειν,
2774 879 2865 929 καὶ
2908 877 3035 930 ἄλλο
3087 878 3147 929 τὸ
3204 878 3301 949 τὴν
3341 878 3562 949 ὓπαρξιν
3590 882 3708 952 ἔχειν

2188 966 2337 1019 ἐστίν
2356 981 2371 996 ⁸
2397 968 2480 1019 ὅτι
2510 968 2571 1019 τὸ
2606 970 2705 1035 μὲν
2741 968 2897 1020 εἴωθε
2927 969 3195 1031 πολλάκις
3217 971 3462 1037 λέγεσθαι
3490 976 3610 1026 κάπὶ
3628 977 3713 1028 τῶν

2190 1057 2370 1119 ἐκτὸς,
2408 1054 2522 1111 οἷον
2549 1054 2708 1122 οὗτος
2746 1060 2810 1111 ὲκ
2839 1057 3044 1129 ταύτης
3090 1060 3327 1129 ὑπάρχει
3392 1062 3483 1126 τῆς
3523 1063 3712 1125 πόλεως,

2190 1149 2399 1209 ἐκεῖνος
2434 1148 2492 1215 ἐξ
2527 1148 2721 1218 ἐτέρας
2760 1149 2923 1202 πάλιν
2957 1150 3121 1218 τυχόν
3144 1165 3160 1180 ο
3205 1153 3265 1201 τὸ
3296 1151 3349 1201 δὲ
3380 1151 3474 1217 τὴν
3521 1150 3716 1222 ὓπαρξιν

2190 1240 2335 1309 ἔχειν
2368 1239 2463 1293 ἐπὶ
2497 1241 2675 1311 μόνων
2703 1240 3204 1311 παραλαμϐάνεται
3234 1241 3341 1293 τῶν
3372 1241 3717 1296 συντελούντων

2190 1332 2271 1393 εἰς
2299 1331 2398 1399 τὴν
2420 1331 2699 1385 οὑσιωσιν.
2741 1330 2963 1400 Ταύτην
2992 1334 3180 1385 τοίνυν
3213 1333 3310 1401 τὴν
3353 1334 3719 1401 ὲμφαντικωτὰ-

2189 1439 2289 1490 την
2312 1423 2517 1492 φωνὴν,
2550 1422 2753 1491 ὁμοίως
2775 1438 2839 1489 γε
2874 1422 2979 1492 μὴν
3009 1422 3102 1475 καὶ
3123 1422 3185 1474 τὸ
3210 1421 3619 1489 ἐκπορεύεσθαι
3644 1424 3718 1491 τὴν

2191 1510 2392 1582 κυρίαν
2453 1513 2547 1565 ἐπὶ
2584 1511 2680 1564 τοῦ
2744 1511 3063 1580 Πνεύματος
3121 1510 3268 1575 λέξιν
3312 1513 3717 1582 παρεσιώκησαν.

2188 1602 2363 1671 Δῆλον
2398 1603 2457 1655 δὲ
2486 1605 2600 1666 τοῖς
2634 1604 2804 1656 πᾶσιν
2833 1604 2909 1664 ὡς
2955 1602 3110 1655 οὐδὲν
3154 1603 3245 1656 ἐπ’
3285 1604 3445 1657 αὐτοῦ
3488 1604 3586 1657 τῶν
3613 1605 3719 1657 πάν·

2191 1710 2329 1757 των,
2372 1694 2560 1745 ὁποῖον
2621 1693 2682 1748 τὸ
2727 1694 3186 1761 ἐκπορεύεσθαι.
3230 1693 3402 1747 Τοῦτο
3429 1696 3517 1747 καὶ
3552 1697 3644 1765 γὰρ
3663 1696 3721 1763 τῷ

2196 1784 2480 1855 Πνεύματι
2529 1786 2626 1839 καὶ
2692 1786 2840 1855 μόνῳ
2898 1785 3020 1839 κατ’
3062 1786 3347 1855 ἐξαίρετον
3386 1786 3722 1856 ἁποκληρωθὲν

2200 1878 2331 1930 ῐδιον
2362 1876 2530 1930 αὑτοῦ
2555 1880 3005 1947 κατωνόμασται.
3027 1877 3219 1931 Ταῦτα
3249 1879 3347 1946 μὲν
3376 1879 3423 1932 οι
3457 1878 3603 1933 δεινοὶ
3627 1878 3721 1949 τρό-

2197 1986 2334 2032 πους
2365 1970 2677 2035 ἀντιλογίας
2703 1973 2909 2043 εὑρεῖν,
2946 1972 3033 2024 ἴνα
3062 1972 3227 2039 μόνον
3256 1972 3354 2039 τὴν
3384 1972 3576 2026 οἰκείαν
3604 1970 3722 2038 γνώ-

2201 2081 2308 2132 μην
2345 2065 2731 2131 συστήσωσινο
2764 2066 2874 2131 ὲγὸι
2930 2066 2988 2118 δὲ
3037 2067 3177 2137 πρὸς
3219 2066 3317 2134 μὲν
3354 2065 3411 2118 τὸ
3458 2065 3717 2133 ὑπάρχειν.

2195 2158 2291 2209 καὶ
2323 2156 2382 2208 τὸ
2406 2155 2505 2225 τὴν
2534 2156 2800 2223 ὓπαρξιν
2827 2156 3014 2225 ἔχειν,
3047 2159 3129 2210 ὃτι
3168 2158 3297 2226 μιᾶς
3334 2156 3425 2209 καὶ
3475 2156 3562 2223 τῆς
3592 2153 3720 2215 αὐτῆς

2197 2248 2793 2318 σημασίαςάμφότερα
2817 2263 2832 2278 ·
2867 2250 2928 2301 τὸ
2961 2249 3070 2318 γὰρ
3104 2248 3404 2316 ὑπάρχειν
3446 2250 3519 2310 εἰς
3542 2245 3596 2299 τὸ
3635 2243 3719 2309 τὴν

2197 2339 2463 2406 ὕπαρξιν
2488 2339 2657 2407 ἔχειν
2688 2340 2877 2408 σαφῶς
2895 2340 3205 2403 διαλύεται,
3238 2340 3338 2393 καὶ
3365 2341 3423 2393 τὸ
3450 2338 3556 2405 τὴν
3579 2336 3719 2402 ὓπαρ-

2198 2432 2297 2497 ξιν
2320 2433 2487 2501 ἔχειν
2518 2435 2600 2496 εις
2631 2432 2691 2485 τὸ
2740 2432 3039 2502 ὑπάρχειν
3079 2435 3251 2488 πάλιν
3305 2433 3617 2500 συνάγεταν
3652 2426 3713 2480 καὶ

2196 2529 2297 2578 οὐκ
2336 2525 2488 2578 ἐστιν
2536 2524 2715 2588 ἄλλως
2748 2526 2941 2593 νοῆσαι
2966 2526 3034 2579 τὰ
3069 2529 3206 2599 περὶ
3260 2525 3463 2579 τούτων
3495 2524 3719 2575 οὐδοπωσ-

2197 2618 2321 2669 οὖν·
2370 2617 2673 2688 ἐϐουλόμην
2740 2618 3159 2673 καταϐαλέσθαι
3226 2619 3386 2687 λόγον
3438 2614 3615 2686 συχνὸν
3663 2611 3719 2668 εἱς

2199 2709 2498 2774 ἀπόδειξιν,
2538 2710 2587 2761 εξ
2629 2711 2703 2780 μὴ
2740 2710 2960 2781 γραφὴν
2988 2712 3387 2781 ἀπειροκαλίας
3413 2709 3552 2779 ⁴ᾔδειν
3578 2701 3721 2758 ἐντεῦ-

2196 2800 2290 2850 Θεν
2324 2800 2671 2852 ἀποίσεσθαι.
2704 2801 2825 2852 Τὶνι
2856 2803 2966 2871 γὰρ
2990 2801 3101 2855 τῶν
3132 2803 3387 2856 ἁπάντων
3439 2800 3497 2853 οὐ
3539 2792 3721 2864 φανερὸν

2197 2892 2273 2952 ὡς
2302 2891 2431 2944 ἔν’ξα
2462 2891 2683 2958 λέγεται
2719 2891 2780 2944 τὸ
2807 2893 3101 2963 ὑπάρχειν,
3126 2897 3248 2949 ἐκεῖ
3267 2896 3361 2947 καὶ
3384 2893 3439 2945 τὸ
3474 2892 3562 2960 τὴν
3584 2886 3721 2951 ὕπαρ-

2200 2980 2281 3045 ξιν
2314 2981 2462 3050 ἔχειν
2493 2981 2819 3051 λεχθήσεται
2850 2986 2994 3036 κατά
3033 2983 3095 3036 τὸ
3129 2983 3266 3037 αὐτὸ
3298 2983 3391 3036 καὶ
3421 2980 3476 3033 ἓν
3509 2974 3722 3047 superli-

2203 3091 2386 3142 μενον,
2425 3072 2538 3126 εἴτε
2592 3075 2843 3140 φυσικῶς
2879 3075 2972 3127 καὶ
3005 3074 3310 3139 ούσιωδῶς,
3370 3075 3473 3127 εἴτε
3501 3069 3608 3124 καθ’
3633 3068 3722 3118 ἓτε-

514 3166 630 3219 sive
680 3164 1068 3227 essentinliter,
1099 3164 1214 3216 sive
1245 3165 1550 3217 secundum
1605 3165 1767 3217 aliam
1801 3166 2089 3228 rationem,

2200 3181 2293 3233 ρον
2329 3162 2487 3231 λόγον
2517 3162 2794 3233 ὲκάτερας
2836 3164 2931 3216 καὶ
2961 3164 3021 3215 οὐ
3061 3163 3261 3217 διοίσει
3290 3162 3352 3214 τὸ
3390 3160 3627 3230 παράπαν
3657 3154 3723 3204 οἰ-

508 3257 968 3311 etexsistentiam
1024 3256 1223 3309 habere
1254 3256 1402 3310 dici?
1461 3272 1634 3324 neque
1682 3271 1853 3309 unum
1906 3273 1970 3309 cx
2007 3255 2089 3309 his

513 3350 569 3402 in
605 3364 882 3418 quoquam
913 3348 981 3400 ab
1023 3348 1194 3401 altero
1225 3347 1560 3417 discrepabit
1596 3350 1738 3417 apud
1788 3364 1885 3403 eos
1915 3388 1932 3412 ,
1995 3351 2089 3418 qui

516 3457 840 3496 sermonum
878 3455 1041 3493 sensa
1095 3438 1400 3507 dijudieare
1453 3451 1677 3495 norunt.
1734 3440 1875 3495 Ante
1918 3441 2088 3495 etiam

508 3534 849 3603 praeveniens
885 3531 1103 3585 divinus
1134 3532 1377 3602 Cyrillus
1416 3534 1780 3602 quaestionem
1810 3534 2089 3599 dissolvit,

513 3628 567 3681 in
604 3642 711 3679 una
740 3642 803 3680 ex
838 3624 943 3678 illis
972 3662 987 3684 .
1047 3642 1167 3694 qum
1199 3640 1363 3695 supra
1408 3627 1693 3695 descripta:
1724 3636 1853 3681 sunt
1908 3638 2095 3682 aucto-

516 3722 737 3779 ritates,
778 3732 901 3770 cum
939 3718 1064 3770 dicit
1097 3734 1111 3770 :
1144 3716 1401 3786 Spiritum
1444 3735 1562 3771 vero
1590 3728 1833 3771 sanctum
1891 3735 2096 3772 nuncu-

506 3810 662 3877 pabis
688 3849 703 3875 ,
736 3810 875 3879 quod
904 3825 967 3861 ex-
1006 3808 1169 3862 Potre
1199 3827 1292 3877 per
1330 3808 1534 3862 Filium
1568 3812 1893 3864 naturaliter
1920 3811 2099 3879 e/Tun-

510 3902 698 3963 ditur;
747 3912 820 3963 et,
874 3901 952 3953 uti
983 3902 1035 3953 in
1064 3902 1308 3969 exemplo
1349 3902 1660 3969 spiratiouis
1684 3940 1698 3963 ,
1756 3919 1872 3972 qua:
1910 3919 1974 3956 ea:
2010 3920 2098 3957 ore

512 3994 595 4061 ﬁt,
648 3993 919 4061 propriam
973 3993 1119 4046 nobis
1175 3993 1449 4061 signiﬁcat
1512 3994 1901 4048 exsistentiam.
1960 3993 2094 4049 Cum

518 4082 663 4135 enim
715 4084 984 4147 dixisset,
1019 4083 1227 4136 elTundi
1260 4083 1525 4153 Spiritum
1560 4101 1655 4153 per
1706 4084 1906 4139 Filium
1939 4093 2099 4138 natu-

516 4175 739 4237 raliter,
788 4176 1117 4243 silijunxit,
1176 4175 1241 4229 Et
1297 4178 1572 4246 propriam
1622 4180 1778 4232 nobis
1829 4178 2101 4247 significat.

516 4266 895 4320 cxsistentiam
928 4306 942 4327 ,
989 4266 1069 4321 uti
1104 4267 1156 4320 in
1191 4269 1443 4337 exemplo
1470 4269 1785 4338 spirationis
1820 4307 1837 4333 ,
1880 4285 2002 4339 quae
2034 4284 2101 4322 ex

514 4373 613 4410 ore
672 4359 770 4422 fit,
828 4358 1084 4427 clareque
1135 4375 1229 4427 per
1279 4358 1478 4413 Filium
1534 4360 1800 4427 Spiritum
1847 4369 2101 4413 sanctum

512 4451 886 4504 cxsistentiam
922 4450 1133 4505 habere
1151 4452 1413 4516 decernit,
1435 4455 1578 4522 quod
1613 4452 1911 4516 neminem,
1941 4457 2097 4520 puto,

2193 3253 2282 3305 δὲν
2310 3250 2516 3304 τούτοιν
2543 3253 2602 3303 ἐν
2626 3253 2804 3305 οὐδενὶ
2823 3255 2932 3316 τοῖς
2952 3252 3134 3322 ὀρθῶς
3155 3253 3367 3323 κρίνειν
3394 3247 3722 3313 ἐπισταμένας

2196 3342 2360 3410 λόγου
2390 3343 2655 3396 διάνοιαν.
2693 3345 2843 3407 Τέως
2878 3345 3166 3397 κάνταῦθα
3196 3341 3550 3414 προξθάσαςὸ
3574 3333 3721 3388 0-252!-

2201 3452 2319 3497 σιος
2352 3434 2625 3504 Κύριλλος
2656 3434 2716 3486 τὸ
2747 3435 3083 3503 ζητούμενον
3118 3436 3369 3499 λέλυκεν,
3420 3436 3473 3486 ὲν
3500 3427 3574 3493 οἷς
3615 3439 3720 3479 κατα

2199 3530 2326 3599 μίαν
2364 3527 2472 3580 τῶν
2507 3529 3027 3598 ἀναγεγραμμένων
3058 3531 3275 3600 ῥήσεων
3306 3528 3474 3584 οὕτως
3502 3527 3717 3595 εἴρηκεν

2199 3622 2409 3689 Ἀγιον
2432 3618 2501 3673 δὲ
2551 3620 2800 3690 Πνεῦμα
2841 3620 3168 3689 προσερεῖς
3208 3623 3277 3674 τὸ
3314 3622 3383 3675 ἐκ
3437 3617 3643 3685 Πατρὸς
3664 3609 3720 3662 δι’

2196 3714 2331 3766 Υἱοῦ
2363 3712 2776 3780 προχεόμενον
2800 3711 3097 3780 φυσικῶς,
3126 3713 3225 3766 καὶ
3245 3712 3501 3777 καθάπερ
3520 3710 3581 3762 ἐν
3597 3710 3721 3765 τύπφ

2197 3803 2310 3873 τῆς
2348 3805 2418 3857 ἐκ
2451 3802 2573 3856 τῶν
2615 3803 2934 3872 στομάτων
2965 3803 3270 3872 διεκπνοῆς
3304 3804 3417 3871 τὴν
3442 3802 3587 3856 ἰδίαν
3613 3794 3723 3863 ἡμῖν

2199 3894 2631 3964 ὺποσημαῖνον
2661 3894 2947 3961 ὕπαρξιν.
2986 3896 3362 3967 Προχεόμενον
3391 3895 3495 3965 γὰρ
3516 3886 3722 3945 εἰπὼνὲιι

2203 3986 2415 4054 Πατρὸς
2452 3985 2513 4039 τὸ
2546 3986 2771 4057 Πνεῦμα
2798 3986 2865 4039 δι’
2902 3986 3032 4039 Υἱοῦ
3061 3988 3334 4055 φυσικῶς,
3369 3989 3614 4055 ἐπήγαγε,
3641 3976 3722 4031 Καὶ

2200 4079 2300 4148 τὴν
2362 4077 2502 4131 ἰδίαν
2538 4079 2671 4148 ἡμῖν
2730 4079 3115 4149 ὑποσημαῖνον
3146 4080 3382 4150 ὓπαρξιν
3440 4076 3660 4139 καθάπερ
3680 4069 3721 4119 ἐν

2179 4154 2365 4239 ’τύπῳ
2399 4171 2498 4239 τῆς
2532 4171 2596 4221 ἐκ
2628 4168 2739 4222 τῶν
2770 4171 3062 4239 στομάτων
3101 4171 3381 4241 διαπνοῆς,
3414 4170 3481 4224 δι’
3502 4167 3615 4222 Υῑοῦ
3652 4178 3711 4214 κα

2204 4261 2387 4331 θαρῶς
2413 4262 2475 4312 τὸ
2512 4257 2741 4328 Πνεῦμα
2766 4260 2826 4311 τὸ
2861 4259 3017 4328 ἅγιον
3045 4261 3146 4332 τὴν
3180 4260 3415 4331 ὓπαρξιν
3447 4260 3581 4328 ἔχειν
3620 4257 3720 4308 ἁπο-

2205 4353 2542 4423 φηνὰμενος,
2591 4352 2730 4421 ὅπερ
2781 4351 2978 4405 οὐδένα
3018 4351 3130 4405 τῶν
3182 4353 3433 4407 ἁπάντων
3467 4345 3605 4419 οἶμαι
3631 4344 3720 4396 δια-

2204 4442 2492 4497 λανθάνειν
2511 4460 2527 4475 ·
2558 4444 2606 4495 εἰ
2641 4444 2734 4496 καὶ
2763 4440 2873 4494 τῶν
2904 4445 3217 4515 εἰρημένων
3246 4448 3304 4498 ἐν
3333 4445 3477 4515 μέσῳ
3499 4442 3716 4510 κείμενον.

510 4539 677 4603 iatet;
712 4541 841 4593 licet
879 4540 929 4593 hi
967 4556 1088 4609 quze
1123 4540 1270 4595 dicta
1320 4554 1494 4608 sunt,
1536 4542 1637 4595 etsi
1691 4541 1743 4594 in
1792 4541 1972 4595 medio
2011 4543 2093 4612 ja-

2207 4536 2459 4607 φανερῶς
2497 4537 2718 4598 ἑκόντες
2749 4529 2898 4589 οὗτοι
2943 4538 3324 4609 παρέδραμον.
3384 4537 3516 4608 Πρὸς
3543 4533 3626 4604 μὲν
3651 4522 3719 4579 οὖν

516 4638 684 4683 t'canl
713 4640 840 4685 ante
887 4645 1079 4685 omnes
1107 4670 1121 4695 ,
1177 4634 1429 4686 consulto
1485 4632 1885 4701 praeterierunt.
1937 4633 2002 4687 Et
2035 4635 2100 4689 de

521 4723 625 4775 hoc
652 4722 753 4776 ista
779 4722 937 4788 satis,
969 4739 1089 4792 qua:
1114 4739 1239 4778 cum
1269 4724 1575 4778 clarissima
1596 4723 1739 4789 sint,
1769 4725 1940 4777 everti
1974 4739 2102 4794 pm.

520 4812 846 4882 pulsarique
877 4828 980 4867 non
1014 4823 1291 4884 poterunt.

589 4903 683 4957 23.
770 4904 849 4956 Ad
913 4905 1213 4958 secundum
1286 4919 1416 4959 vero
1483 4903 1763 4970 dicimus,
1822 4908 2103 4975 procedere

518 5015 629 5051 non
692 5000 1008 5067 expressius
1082 4997 1289 5052 inferre
1360 5002 1657 5054 essentiam
1733 5002 1905 5070 ipsam
1977 5002 2104 5072 Spi-

523 5085 662 5137 ritus
749 5086 869 5152 ipso
950 5086 1255 5145 exsistere,
1317 5086 1457 5153 quod
1498 5087 1667 5139 .intcr
1732 5088 1838 5141 alia
1918 5089 2102 5142 omnia

522 5175 687 5229 verba
741 5176 976 5243 primum
1033 5184 1226 5227 natura
1287 5183 1413 5239 est,
1459 5186 1512 5229 et
1563 5176 1617 5230 in
1666 5178 1846 5247 quod,
1907 5188 1967 5232 ut
2011 5179 2103 5249 qui

452 5302 463 5317 ,ι
527 5270 672 5322 circa
726 5269 935 5320 similia
994 5266 1315 5330 insaniunt,
1368 5272 1633 5336 tradunt,
1684 5282 1738 5325 et
1783 5273 1886 5326 hoc
1920 5272 2099 5341 ipsum

502 5363 798 5430 procedere
827 5377 935 5429 prae
980 5361 1101 5415 aliis
1155 5365 1334 5417 verbis
1371 5368 1689 5429 resolvitur,
1727 5366 1819 5421 sed
1857 5367 2083 5437 aquali-

502 5456 619 5521 'ter,
649 5467 703 5510 et
732 5455 892 5508 modo
914 5454 1105 5508 eodem
1142 5465 1389 5526 utraque.
1427 5458 1583 5523 Quod
1612 5459 1656 5513 si
1692 5461 1744 5513 in
1776 5461 1881 5514 illis
1910 5459 2109 5514 discrio

521 5564 643 5600 men
708 5544 928 5614 aliquod
982 5546 1398 5612 consideratur,
1449 5548 1581 5601 illud
1666 5559 1747 5603 cst
1805 5550 2105 5604 secundum

518 5644 682 5694 aliam
708 5640 972 5694 rationem
1012 5641 1260 5707 utristh
1288 5645 1563 5710 propriam
1598 5651 1760 5711 atque
1793 5656 2108 5695 accommo-

516 5734 662 5785 dant.
697 5731 911 5784 Etenim
944 5747 1069 5787 cum
1118 5733 1229 5785 Sitti.
1289 5750 1351 5786 cx
1395 5735 1552 5786 Patre
1598 5744 1650 5787 et
1698 5734 1870 5788 Filius
1896 5744 1949 5788 et
1983 5734 2106 5799 Spi-

516 5825 655 5876 ritus
687 5832 931 5886 sanctus,
957 5837 1023 5877 ne
1050 5825 1172 5893 quis
1200 5824 1521 5890 Opinaretur
1549 5827 1712 5879 etiam
1738 5824 2000 5893 Spiritum
2030 5826 2105 5877 uti

2203 4628 2364 4682 τοῦτο
2405 4627 2667 4689 τοσαῦτα,
2701 4628 2795 4680 καὶ
2827 4626 3005 4693 οὕτως
3058 4630 3295 4684 αὐτόθεν
3345 4626 3648 4682 πλουτοῦντα
3674 4616 3718 4668 τὸ

2205 4720 2626 4791 ἀναντίρρητον.
2968 4722 2971 4729 ‘

2276 4904 2383 4974 κγ’.
2409 4904 2549 4974 Πρὸς
2582 4903 2637 4958 δὲ
2665 4904 2725 4957 τὸ
2765 4904 3024 4976 δεύτερον
3061 4907 3257 4977 πρῶτα
3291 4906 3386 4977 μὲν
3424 4905 3630 4990 λέγομεν

2204 5000 2266 5053 οὑ
2300 5000 2362 5053 τὸ
2398 5001 2833 5067 ἐκπορεύεσθαι
2865 5000 3015 5069 δηλοί
3050 5001 3252 5069 μᾶλλον
3285 4997 3413 5051 αὐτὸ
3434 4995 3487 5047 τὸ
3508 4989 3623 5044 εἶναι
3645 4997 3715 5087 ⁴ξου

2208 5090 2533 5159 Πνεῦματος
2561 5089 2594 5161 ἢ
2630 5092 2692 5141 τὸ
2738 5092 3056 5159 ὑπάρχειν,
3089 5090 3152 5142 τὸ
3185 5089 3292 5142 τῶν
3327 5086 3568 5159 ῥημάτων
3607 5086 3713 5127 παν-

2174 5184 2181 5191 ’
2206 5200 2317 5235 των
2334 5182 2809 5252 ἀρχοειδέστερον,
2837 5182 2916 5245 εἰς
2940 5181 2968 5234 ὃ
2989 5182 3134 5234 κατὰ
3150 5181 3277 5242 τοὺς
3302 5178 3421 5249 περὶ
3438 5173 3591 5228 ταῦτα
3609 5161 3709 5218 καθ·

2208 5273 2359 5338 ἅπαξ
2380 5276 2777 5343 ἐπτοημένους,
2800 5274 2896 5325 καὶ
2923 5273 3055 5329 αὐτὸ
3075 5273 3234 5325 τοῦτο
3260 5271 3319 5325 τὸ
3342 5256 3710 5332 ἐκπορεύεσθαι

2210 5366 2347 5434 πρὸς
2378 5367 2495 5427 τοῖς
2524 5365 2701 5428 ἄλλοις
2752 5364 3045 5417 ἀναλύεται
3093 5366 3350 5434 ῥήμασιν,
3403 5359 3507 5412 ἀλλ’
3555 5348 3709 5409 ἐπίσηῖ

2213 5459 2520 5528 ἀμφότερα,
2557 5456 2655 5509 καὶ
2701 5459 2869 5509 κατά’
2897 5459 3099 5528 τρόπον
3132 5461 3224 5510 τον
3275 5457 3467 5525 ὅμοιον.
3502 5447 3555 5500 Εἰ
3582 5440 3627 5494 δέ
3649 5448 3710 5492 τις

2212 5550 2503 5620 θεωρεῖται
2538 5552 2641 5601 κᾶν
2673 5549 2890 5611 τούτοις
2950 5549 3203 5620 διαφορὰ,
3263 5547 3381 5601 καθ’
3411 5544 3577 5609 ἕτερον
3602 5540 3706 5627 συξη

2212 5642 2371 5709 λόγον
2408 5640 2540 5691 ἴδιον
2568 5641 2856 5709 ἑκατέροις
2889 5644 2982 5690 καὶ
3036 5642 3356 5708 πρόσφορον.
3419 5623 3605 5689 Ἐπειδὴ
3627 5623 3707 5685 γάρ

2215 5736 2355 5785 εἰσιν
2385 5734 2447 5784 ὲκ
2486 5732 2697 5800 Πατρὸς
2727 5734 2753 5783 δ
2782 5749 2837 5783 τε
2881 5732 3003 5794 Υἱὸς
3035 5733 3127 5801 ita}.
3156 5732 3213 5783 τὸ
3263 5725 3465 5793 Πνεῦμα
3492 5719 3543 5770 τὸ
3569 5712 3703 5778 ἅγιον»

2212 5825 2285 5885 ὼὲ
2322 5824 2388 5875 ἂν
2424 5824 2497 5892 μὴ
2532 5821 2733 5891 νομίσῃ
2765 5838 2848 5885 τις
2881 5816 3173 5890 γέννᾶσοαι
3208 5820 3295 5870 καὶ
3331 5813 3383 5867 τὶ
3409 5803 3598 5871 Πνεῦμα
3623 5807 3698 5847 κα·
