3970 6420
542 381 678 447 1075

1562 391 2040 455 CONSTANTIN
2048 396 2073 456 Ι
2113 396 2660 461 MELITENIOTE

3596 406 3696 471 1076

531 493 634 549 Sed
667 494 782 548 haec
811 493 944 548 satis
970 493 1082 549 sint
1102 494 1168 548 ad
1195 494 1556 563 probandum,
1596 513 1701 552 non
1725 499 1842 555 sola
1865 495 2079 557 dictiom

2207 507 2530 575 καταλέγειν
2581 506 2786 574 φωνὰς,
2852 504 2911 559 αἳ
2959 505 3092 576 πρὸς
3153 506 3306 560 τοῦτο
3369 512 3698 575 συντείνουσιν.

529 587 898 652 processionis
917 585 1148 652 Spiritus
1171 587 1549 642 essistentiam
1572 606 1884 660 expressam
1908 594 2097 650 fuisse.

525 671 714 743 Neque
754 689 881 728 vero
943 675 1236 729 dictionem
1291 677 1428 732 hanc
1514 696 1641 734 vere
1695 681 1931 747 Spiritus
1976 701 2099 739 esse

528 768 876 840 pramipuam,
939 767 1014 821 ιιιί
1071 769 1412 824 contendunt
1471 774 1794 835 adversarii,
1868 792 2096 845 magnus

528 857 758 911 Basilius
807 868 858 912 et
883 858 1122 912 Joannes
1158 861 1588 931 Cbrysostomus
1619 867 1970 922 concorditer
1996 885 2094 925 nos

521 947 813 1001 docebunt.
849 948 947 1002 llic
987 951 1130 1002 enim
1162 951 1214 1004 in
1251 955 1536 1008 sententiis
1565 956 1936 1024 aphoristieis,
1973 963 2090 1014 ait:

522 1039 757 1102 Spiritus
824 1053 1035 1093 sanctus
1076 1043 1356 1108 potissima
1413 1045 1576 1110 ipsius
1608 1058 1655 1099 et
1681 1051 1898 1117 propria
1921 1053 2096 1120 appel-

517 1131 667 1196 latio,
704 1133 842 1199 quod
881 1135 1202 1201 praecipuum
1253 1136 1545 1204 incorporei
1594 1141 1825 1194 universi
1881 1152 1930 1195 et
1965 1159 2094 1210 pure

515 1223 889 1276 ionntnterialis
918 1242 1101 1277 nomen
1153 1236 1251 1279 est.
1292 1225 1418 1280 Item
1449 1245 1461 1282 :
1498 1227 1678 1298 Neque
1732 1232 1858 1296 quid
1916 1234 2090 1288 minus

516 1318 748 1370 habituri
789 1334 969 1372 sumus
997 1321 1068 1372 ad
1099 1322 1511 1390 cognoscendum
1562 1325 1821 1392 Spiritum
1871 1345 1936 1381 ex
1987 1328 2091 1382 Deo

514 1410 782 1475 exsistere,
812 1408 1071 1476 Spiritum
1117 1413 1225 1466 oris
1255 1413 1402 1468 illius
1430 1454 1444 1477 ,
1478 1415 1631 1468 illum
1660 1419 1958 1472 audientes.
1988 1419 2092 1473 Sed

511 1499 609 1551 ltoc
637 1517 838 1569 quoque
858 1519 1043 1556 nomen
1073 1504 1207 1557 satis
1223 1517 1299 1558 est
1335 1506 1404 1558 ad
1429 1508 1824 1574 exprimendam
1856 1510 2001 1563 illius
2027 1527 2090 1564 ex

517 1593 620 1646 Deo
651 1595 1036 1650 exsistentiam.
1067 1597 1494 1669 Cln'ysostomus
1520 1602 1570 1653 in
1600 1600 1826 1654 homilia
1868 1605 1933 1655 de
1966 1604 2091 1674 Spi-

513 1686 617 1736 ritu
655 1697 850 1740 sancto
880 1704 892 1740 :
928 1686 1139 1740 Dicitur
1173 1691 1350 1758 itaque
1380 1688 1614 1759 Spiritus
1647 1706 1665 1743 :
1701 1691 1813 1744 htec
1841 1697 1976 1748 enim
2010 1706 2086 1748 est

507 1777 723 1844 propria
758 1786 806 1830 et
831 1778 1090 1844 primaria
1113 1778 1425 1847 appellatio.
1451 1796 1566 1849 qua:
1591 1797 1702 1847 pro?
1731 1782 1854 1836 aliis
1879 1795 2088 1838 senten-

2205 595 2368 648 Ἀλλὰ
2396 597 2570 650 ταῦτα
2603 597 2726 665 μὲν,
2759 598 2840 650 ὅτι
2879 597 2952 666 μὴ
2982 598 3070 650 διὰ
3099 597 3191 649 τοῦ
3237 601 3602 669 ἐκπορεύεσθαι
3629 610 3701 661 καὶ

2205 684 2372 752 μόνου
2413 687 2622 754 πέφυκε
2657 686 2952 755 δηλοῦσθαι
2984 686 3084 756 τὴν
3118 687 3211 739 τοῦ
3253 689 3542 756 Πνεύματος
3566 692 3703 764 ὕπαρ-

2204 775 2307 838 ξιν.
2349 777 2474 829 Ὀτι
2505 778 2560 830 δὲ
2586 779 2710 829 κατ’
2735 779 2996 846 ἀλήθειαν
3035 778 3202 846 οὐδ”ἠ
3253 781 3411 847 κυρία
3453 783 3608 852 τούτῳ
3642 785 3705 838 λέο

2206 865 2309 932 ξις,
2343 869 2596 937 καθάπερ
2628 871 2842 940 εἴρηται
2887 871 2999 930 τοῖς
3047 871 3608 937 ἐναντιογνωμονοῡσιν
3636 877 3706 926 ἐπὶ

2200 960 2294 1011 τοῦ
2319 960 2663 1029 Πνεύματος,
2691 964 2719 1014 ὁ
2754 963 2930 1030 μέγας
2959 960 3238 1022 Βασίλειος
3271 964 3358 1014 καὶ
3382 966 3408 1014 ὁ
3437 965 3707 1036 Χρυσορῤήο

2201 1066 2320 1119 μων
2355 1051 2612 1121 Ἰωάννης
2671 1053 2978 1124 συμφώνως
3019 1053 3340 1116 διδάξουσιν.
3401 1054 3455 1106 '0
3493 1057 3582 1124 μὲν
3624 1061 3708 1126 γὰρ

2197 1140 2258 1192 ὲν
2288 1143 2410 1203 ταῖς
2446 1142 2576 1211 περὶ
2605 1143 2702 1196 τοῦ
2736 1143 3058 1211 Πνεύματος
3109 1145 3487 1212 ἀφοριστικαῖς
3515 1147 3707 1207 ἐννοίαις

2195 1234 2331 1303 φησι
2349 1251 2362 1263 ·
2397 1234 2643 1305 Πνεῦμα
2663 1237 2835 1306 ἄτιον
2855 1239 2894 1303 ἡ
2923 1238 3097 1303 κυρία
3119 1237 3306 1290 αὐτοῦ
3335 1239 3423 1290 καὶ
3455 1236 3708 1298 ὶδιάζουσιι

2194 1324 2437 1393 κλῆσις,
2468 1327 2614 1395 ὅπερ
2663 1327 2739 1394 δὴ
2767 1327 3035 1396 μάλιστα
3065 1328 3294 1393 παντὸς
3315 1329 3418 1382 τοῦ
3441 1330 3709 1398 ἀσωμάτου

2193 1418 2292 1470 καὶ
2335 1418 2606 1486 καθαρῶς
2664 1419 2879 1477 ἀῢλου.
2922 1420 3022 1472 καὶ
3059 1419 3318 1487 ἀμέτρου
3362 1419 3536 1488 ὄνομά
3567 1420 3709 1474 ἐστι’

2192 1508 2286 1558 καὶ
2314 1507 2476 1560 πάλιν
2503 1523 2519 1540 ο
2547 1510 2630 1561 Οὺ
2670 1508 2782 1576 γὰρ
2809 1507 3067 1560 ἔλαττόν
3091 1523 3143 1559 τι
3165 1507 3329 1571 ἕξειν
3349 1510 3629 1576 μέλλομεν
3647 1511 3712 1574 εἰς

2192 1595 2259 1649 τὸ
2315 1596 2637 1666 γινώσκειν
2693 1597 2762 1651 τὸ
2831 1596 3077 1666 Πνεῦμα
3131 1599 3428 1666 ὑπάρχειν
3471 1601 3532 1652 ὲκ
3575 1600 3710 1661 Θεοῦ.

2191 1691 2438 1759 Πνεῦμα
2483 1691 2589 1744 τοῦ
2634 1695 2935 1760 στόματος
2975 1691 3184 1758 αὐτοῦ,
3214 1691 3528 1757 ἀκούοντες
3578 1691 3711 1746 αὑτό.

2205 1783 2360 1836 Ἀλλ’
2393 1785 2606 1836 ἰκανὸν
2651 1783 2750 1838 καὶ
2794 1783 2971 1837 τοῦτο
3013 1783 3081 1835 τὸ
3105 1782 3299 1850 ὄνομα
3349 1782 3459 1848 τὴν
3497 1779 3712 1848 ὕπαρξιν

507 1871 636 1921 ιὲιιηι
673 1870 839 1938 magis
888 1871 1218 1940 manifestat,
1251 1881 1299 1923 et
1354 1873 1523 1940 aperit
1553 1881 1799 1926 naturam
1852 1873 2079 1941 Spiritus

2188 1874 2375 1927 αὑτοῦ
2414 1873 2688 1941 δηλῶσαι
2720 1874 2837 1941 τὴν
2879 1873 2948 1926 ἐκ
2980 1873 3151 1927 Θεοῦ.
3217 1872 3279 1926 '0
3307 1873 3363 1925 δὲ
3401 1870 3613 1940 χρυσοῦς
3638 1869 3711 1937 τὴν

505 1961 701 2013 sancti.
745 1962 966 2016 Duobus
990 1964 1138 2016 hisce
1167 1963 1522 2017 ecclesiastici
1558 1965 2080 2019 firmamenti-lumi-

507 2052 668 2105 nibus
702 2051 866 2116 itajdv
892 2052 992 2104 hoc
1023 2052 1462 2114 decernentibus,
1489 2055 1613 2120 quis
1637 2053 1705 2107 ab
1737 2053 1842 2108 illis
1869 2055 2082 2108 dissen-

506 2143 646 2194 tiens
675 2142 954 2209 quidpiam
989 2143 1170 2195 dicere
1204 2143 1443 2208 audebit,
1479 2145 1584 2196 nisi
1611 2159 1734 2198 vere
1767 2147 1987 2205 insanit.
2023 2155 2078 2199 et

504 2245 619 2284 atra
650 2233 753 2284 bile
777 2235 1062 2294 laborans,
1089 2246 1237 2286 extra
1270 2251 1404 2295 rem,
1440 2238 1506 2288 de
1543 2251 1652 2303 qua
1685 2237 1882 2304 agitur,
1914 2237 2085 2290 insui“

503 2338 563 2374 se
621 2321 970 2375 deblaterat?
1008 2321 1250 2375 Primum
1289 2324 1470 2392 itaque
1498 2324 1564 2376 ad
1587 2325 1711 2377 illos
1751 2326 2084 2395 redarguen-

502 2416 602 2465 tlos
634 2415 725 2482 qui
788 2415 986 2467 similia
1022 2415 1296 2479 cli'utiuut,
1321 2425 1514 2469 contra
1539 2417 1914 2484 apposuitnus.

2190 1965 2438 2031 γλῶτταν
2476 1966 2668 2034 Πατὴρ
2699 1969 2757 2018 ἐν
2787 1969 2853 2035 τῇ
2917 1968 3046 2035 περὶ
3094 1965 3194 2017 τοῦ
3251 1966 3409 2030 ἁγίου
3442 1962 3712 2031 Πνεύματος

2187 2057 2376 2126 ὁμιλίᾳ
2401 2074 2416 2088 ο
2446 2059 2694 2126 Λέγεται
2727 2060 2936 2111 τοίνυν
2963 2058 3211 2126 Πνεῦμα
3236 2057 3408 2126 ἄτιον
3427 2072 3441 2086 °
3471 2056 3606 2119 αὕτη
3626 2052 3712 2120 γάρ

2186 2148 2356 2201 ἐστιν
2397 2150 2432 2216 ἡ
2468 2151 2647 2215 κυρία
2705 2150 2805 2203 καὶ
2850 2153 3050 2218 πρώτη
3103 2127 3500 2218 προσηγορία,
3532 2149 3712 2212 ἐκμαν-

2185 2240 2508 2306 τικωτέραν
2536 2241 2771 2308 ἔχουσα
2816 2243 2930 2310 τὴν
2961 2241 3240 2296 διάνοιαν
3286 2241 3384 2294 καὶ
3413 2235 3711 2308 παριστῶσα

2187 2327 2297 2384 τοῦ
2344 2332 2516 2400 ἁγίου
2565 2335 2915 2400 Πνεύμοτος
2958 2333 3075 2400 τὴν
3123 2335 3337 2402 φύσιν.
3373 2331 3576 2384 Τούτων
3632 2326 3710 2378 τῶν

2190 2421 2288 2494 δύο.
2337 2423 2429 2475 τοῦ
2492 2424 2954 2492 τῆςἚκκλησίας·
3003 2424 3396 2494 στερεώματος
3451 2419 3704 2490 φωστήρων

499 2509 726 2561 τοιαῦτα
753 2513 880 2578 περὶ
912 2509 1106 2562 τούτου
1139 2510 1429 2577 λεγόντων,
1485 2509 1568 2571 τίς
1603 2510 1754 2580 παρὰ
1785 2511 1960 2563 ταῦτα
2015 2511 2281 2582 τολμήσει
2321 2515 2380 2566 τὸ
2449 2517 2716 2586 παράπαν
2755 2518 2950 2578 εἰπεῖν,
2989 2517 3038 2568 εἰ
3103 2515 3182 2586 μὴ
3244 2515 3483 2585 μέμηνεν
3514 2509 3708 2580 ἀληθῶς.

503 2608 596 2658 καὶ
637 2605 990 2676 μελαγχολῶν
1022 2607 1281 2676 ἄντικρυς
1324 2606 1819 2675 παραφθέγγεται;
1873 2607 2074 2677 Πρῶτα
2113 2609 2212 2677 μὲν
2245 2605 2338 2663 οὖν
2364 2609 2506 2663 οὕτω
2579 2612 2649 2666 τὰ
2685 2612 2814 2682 περὶ
2867 2610 3076 2664 τούτων
3100 2613 3185 2674 εἰς
3253 2611 3472 2679 ἔλεγχον
3498 2605 3596 2659 τῶν
3615 2597 3711 2670 παρ’

499 2708 684 2760 αὐτῶν
718 2705 1180 2777 προϐαλλομένων
1203 2705 1688 2773 ἅντεπηγάγομεν.

559 2799 660 2850 ει.
693 2794 977 2851 Postremo
1009 2797 1173 2850 etiam
1229 2795 1273 2848 si
1306 2795 1672 2849 concedamus
1718 2812 1904 2849 vocem
1958 2812 2082 2863 pro-

497 2891 681 2942 cedere
714 2890 818 2940 vim
849 2903 968 2940 eam
1010 2889 1235 2947 habere,
1266 2903 1426 2955 quam
1481 2887 1582 2955 ipsi
1617 2888 1720 2940 sibi
1762 2898 2068 2952 autumant,

497 2992 614 3035 tum
649 2981 821 3048 magis
851 2979 958 3034 illis
1016 2995 1116 3034 nos
1197 2979 1406 3034 futuros
1435 2984 1446 3036 Ξ
1475 2980 1806 3048 superiores,
1855 2981 2069 3036 etiamsi

498 3071 694 3134 nolint,
753 3084 861 3123 non
919 3070 1288 3138 desperamus.
1368 3068 1592 3124 Etantc
1641 3072 1847 3136 omnia,
1907 3073 1982 3126 uti
2016 3073 2068 3126 in

2264 2786 2364 2842 κδ’.
2407 2791 2644 2843 Ἔπειτα
2681 2790 2786 2843 κᾶν
2839 2791 3022 2861 δῶμεν
3080 2793 3344 2862 τοιαύτην
3391 2794 3530 2862 ἔχειν
3571 2791 3712 2844 ἐκπο-

2173 2883 2464 2948 ρεύεσθαι
2503 2883 2758 2951 δύναμιν,
2801 2885 2922 2938 οἵαν
2976 2885 3132 2938 αὐτοί
3169 2903 3359 2954 φασιν,
3396 2888 3512 2938 τότε
3545 2883 3710 2952 μᾶλλον

2181 2973 2573 3040 περιγενέσθαι
2600 2974 2810 3026 τούτων
2835 2975 2977 3028 κατὰ
3007 2977 3209 3046 κράτος
3247 2978 3555 3047 ἰσχύσομεν·
3583 2973 3706 3025 τοῦτο

2183 3065 2283 3133 μὲν
2315 3066 2396 3116 ὅτι
2436 3065 2690 3136 καθάπερ
2741 3067 2834 3118 ἐπὶ
2883 3066 2972 3118 τοῦ
3013 3067 3144 3119 Υἱοῦ
3199 3070 3260 3121 τὸ
3322 3068 3625 3138 γεννᾶσθαι
3651 3063 3710 3133 τῷ

496 3165 634 3219 Filio
669 3165 770 3220 hoc
802 3167 1064 3234 generari,
1111 3167 1238 3219 illud
1273 3166 1524 3220 exsistere
1551 3168 1857 3221 necessario
1883 3184 2073 3224 conse-

2184 3155 2478 3224 ὑπάρχειν
2509 3156 2570 3220 ἐξ
2597 3158 2846 3226 ἀνάγκης
2879 3159 3189 3221 ἀκολουθεῖ,
3237 3163 3329 3213 τὸν
3372 3161 3526 3212 αὐτὸν
3547 3158 3708 3227 τρόπον

497 3260 702 3326 quitur,
760 3259 949 3313 eodem
1019 3259 1204 3322 modo,
1237 3271 1289 3312 et
1352 3259 1403 3312 in
1443 3259 1646 3328 Spiritu
1681 3268 1942 3328 sequetur
1977 3279 1990 3324 ;
2022 3273 2075 3313 et

499 3351 810 3419 ubicunque
860 3351 1112 3404 exsistere
1146 3351 1456 3418 reperitur,
1506 3351 1872 3417 processionis
1914 3354 2075 3405 modo

501 3444 622 3496 inde
651 3458 773 3496 esse
833 3443 1182 3510 intelligetur,
1214 3441 1288 3495 uti
1318 3457 1418 3511 par
1450 3452 1551 3494 est.
1590 3441 1743 3507 Quod
1784 3443 1828 3496 si
1863 3444 1935 3496 ita
1967 3459 2073 3496 non

499 3536 684 3595 fuerit,
723 3535 1033 3589 necessario
1096 3535 1421 3604 colligetur,
1485 3535 1636 3588 illum
1705 3538 2074 3606 generationis

502 3628 691 3692 modo,
716 3642 856 3691 esse,
883 3613 1039 3696 quod.
1086 3628 1244 3695 plane
1291 3628 1588 3681 absurdum
1628 3637 1730 3693 est,
1785 3637 1839 3682 et
1873 3644 1902 3681 a
1939 3643 2074 3682 sana

498 3715 717 3772 Patrum
747 3718 994 3772 doctrina
1030 3719 1291 3772 alienum.
1324 3717 1388 3771 Et
1417 3720 1711 3787 deinceps,
1745 3719 2074 3775 sufﬁcientes

496 3812 564 3866 de
597 3812 697 3865 hac
727 3811 965 3864 dictione
1003 3811 1210 3879 scripto
1246 3811 1473 3865 traditas
1509 3813 1864 3866 auctoritates
1910 3813 2074 3867 habe-

498 3905 698 3958 bimus.
734 3903 924 3958 Statim
957 3903 1105 3958 enim
1149 3903 1424 3957 maximus
1472 3915 1523 3956 et
1555 3916 1678 3956 ante
1707 3905 1844 3958 alios
1876 3921 2073 3973 specu-

494 3998 791 4051 lationibus
851 3996 1391 4064 praecellentissimus
1428 3994 1699 4050 Maximus
1755 3997 1806 4049 in
1863 3999 2072 4066 exposi-

495 4092 643 4142 tione
679 4106 694 4143 :
727 4091 1004 4154 Quomodo
1029 4089 1260 4157 intelligi
1291 4089 1510 4142 debeant
1566 4090 1708 4157 apud
1749 4089 2072 4143 Zachariam

494 4183 803 4249 prophetam
842 4181 1483 4242 candelabrnmaureum,
1518 4193 1568 4234 ct
1620 4199 1781 4249 parva
1835 4184 2068 4251 lampas,

493 4274 800 4334 etlucerme,
831 4275 936 4340 aiti:
967 4272 1200 4341 Spiritus
1221 4275 1356 4327 enim
1385 4286 1599 4329 sanctus
1626 4278 2072 4347 quemadmodum

492 4366 777 4419 secundum
813 4365 1095 4419 essentiam
1155 4374 1233 4418 est
1266 4364 1363 4418 Dei
1394 4376 1442 4419 et
1489 4366 1688 4431 Patris,
1739 4369 1818 4419 ita
1855 4376 1905 4418 et
1938 4363 2072 4418 Filii

491 4459 781 4511 secundum
804 4458 1086 4510 essentiam
1116 4467 1217 4521 est,
1251 4467 1505 4528 tanquam
1536 4461 1626 4528 qui
1684 4473 1748 4511 ea:
1789 4456 1950 4511 Patre
1992 4474 2072 4511 es-

2180 3249 2271 3299 ὲπὶ
2296 3249 2389 3299 τοῦ
2436 3249 2753 3317 Πνεύματος
2807 3248 3169 3319 ἀκολουθήσει
3197 3266 3214 3284 ο
3263 3253 3357 3304 καὶ
3393 3253 3608 3319 ὅποιπερ
3658 3246 3707 3297 ἂν

2178 3339 2242 3392 τὸ
2299 3339 2597 3408 ὑπάρχειν
2652 3341 2992 3412 εὑρίσκοιτο,
3049 3343 3110 3394 τὸ
3158 3345 3506 3415 ὲκπορευτῶς
3564 3341 3708 3393 ἐκεῖσε

2178 3431 2336 3484 νοοῑτ’
2371 3431 2460 3496 ἂν,
2491 3433 2567 3494 ὼς
2602 3434 2782 3495 εικόςο
2813 3434 2861 3484 εξ
2899 3433 2955 3485 δὲ
2993 3434 3090 3502 μὴ,
3125 3435 3190 3486 τδ
3227 3436 3414 3489 λοιπὸν
3442 3429 3708 3498 ἀναγκαίως

2175 3523 2391 3592 ἕψεται,
2449 3526 2698 3577 τουτέστι
2748 3527 2810 3578 τὸ
2844 3527 3119 3596 γεννητῶς
3152 3543 3166 3557 ·
3211 3527 3350 3595 ὅπερ
3405 3528 3589 3579 ἄτοπον
3637 3534 3709 3571 κο-

2184 3618 2336 3686 μιδῆ,
2373 3619 2468 3670 καὶ
2509 3617 2612 3688 τῆς
2674 3619 2784 3673 τῶν
2847 3621 3110 3688 Πατέρων
3155 3620 3345 3688 ὑγιοῦς
3401 3613 3704 3671 διδασκαλίας

2176 3713 2464 3786 ἀλλότριον
2489 3731 2505 3748 ο
2539 3716 2698 3768 τοῦτο
2732 3717 2789 3769 δὲ
2852 3717 2947 3770 καὶ
3000 3717 3200 3785 ὅτιπερ
3255 3717 3454 3769 ἱκανῶν
3501 3710 3620 3766 κάπὶ
3651 3707 3701 3774 τῇ

2176 3805 2319 3868 λέξει
2356 3805 2531 3879 ταύτῃ
2564 3807 2673 3859 τῶν
2716 3808 3005 3877 γραφικῶν
3040 3793 3427 3878 εὐπορήσομεν
3473 3805 3702 3874 χρήσεων·

2177 3897 2526 3965 Παραχρῆμα
2559 3899 2653 3950 καὶ
2679 3901 2790 3970 γὰρ
2831 3900 2858 3950 6
2896 3901 3156 3969 μέγιστος
3192 3903 3289 3954 καὶ
3327 3896 3703 3969 θεωρητικὼτα·

2175 4003 2268 4048 τος
2298 3988 2548 4057 Μάξιμος
2579 3991 2636 4041 ὲν
2667 3985 2751 4053 οἷς
2804 3991 3128 4061 ἑρμηνεύει,
3165 3995 3228 4048 Τί
3271 3991 3424 4060 δῆτα
3457 3991 3706 4054 βούλεται

2175 4079 2256 4142 τῷ
2286 4081 2565 4148 προφήτῃ
2595 4085 2864 4151 Ζαχαρέᾳ
2886 4083 2923 4148 ἠ
2956 4082 3159 4150 χρυσῆ
3186 4087 3430 4151 λυχνία,
3453 4081 3540 4134 καὶ
3562 4079 3615 4131 τὸ
3636 4071 3708 4125 ἐπ’

2174 4172 2329 4240 αὐτῇ
2371 4173 2734 4242 λαμπάδιον.
2797 4177 2897 4228 καὶ
2943 4179 2998 4229 οἱ
3041 4179 3262 4244 λύχνοι
3289 4196 3308 4243 ;
3340 4178 3501 4246 φησι·
3537 4177 3596 4228 Τὸ
3623 4173 3706 4239 τὰρ

2175 4269 2420 4337 Πνεῦμα
2455 4271 2522 4322 τὸ
2566 4270 2761 4338 ἅγιον,
2810 4270 3013 4338 ὥσπερ
3051 4273 3178 4324 κατ’
3233 4274 3452 4340 οὐσίαι⁴
3495 4268 3706 4330 ὑπάρχει

2175 4363 2282 4416 τοῦ
2316 4364 2464 4416 Θεοῦ
2492 4363 2587 4415 καὶ
2617 4363 2866 4429 Πατρός,
2895 4363 3050 4416 οὕτω
3070 4364 3166 4416 καὶ
3194 4366 3300 4418 τοῦ
3339 4364 3472 4417 Υιοῦ
3492 4361 3607 4413 κατ’
3626 4357 3703 4410 οὐ·

2177 4455 2324 4507 σίαν
2347 4455 2539 4518 ἐστὶν,
2565 4455 2647 4518 ὠς
2673 4455 2740 4506 ἐκ
2777 4455 2880 4508 τοῦ
2912 4455 3142 4521 Πατρός
3174 4457 3477 4520 οὑσιωόῶς
3497 4451 3562 4504 δι’
3595 4444 3705 4502 1⁸ἰοῦ

493 4549 786 4605 sentialiter
817 4563 907 4615 per
955 4547 1156 4601 Filium
1210 4551 1464 4619 genitum,
1527 4551 1682 4602 modo
1707 4551 1796 4617 qui
1849 4552 2076 4619 exprimi

2184 4545 2575 4616 γεννηθέντος
2607 4545 2927 4613 ἀφράστως
2971 4547 3471 4615 ἐκπορευόμενον.
3521 4543 3705 4594 Πάντως

492 4641 656 4694 rerbis
690 4656 791 4693 non
843 4649 1035 4709 potest,
1089 4641 1348 4708 procedit.
1409 4639 1581 4693 Nemo
1635 4655 1860 4708 prorsus
1920 4641 2072 4696 ltisrc

495 4732 690 4784 merito
723 4731 1080 4798 contradicet,
1136 4732 1242 4788 nisi
1274 4743 1466 4786 natura
1516 4732 1678 4785 fuerit
1709 4734 1926 4801 ineptus
1988 4745 2074 4786 at-

492 4838 598 4891 que
621 4822 900 4891 improbus
936 4841 950 4890 ;
984 4832 1038 4878 et
1067 4823 1132 4876 ad
1162 4839 1348 4891 pacem
1419 4821 1807 4889 acceptandam
1846 4839 2073 4891 prorsus

492 4914 748 4978 dilIicilis,
783 4924 986 4968 temere
1016 4925 1071 4969 et
1100 4914 1412 4969 inconsulto
1439 4913 1650 4967 veritati
1684 4915 1912 4977 resistit,
1938 4915 2071 4967 nihil

493 5005 704 5073 penitus
740 5007 869 5060 recti
898 5007 1262 5076 prospiciens.
1291 5004 1368 5058 En
1420 5005 1690 5074 siquidem
1759 5017 1919 5060 rectae
1951 5008 2070 5060 ﬁdei

490 5099 773 5152 confessor
824 5098 1094 5153 Maximus
1133 5097 1397 5166 Spiritum
1426 5114 1520 5167 per
1548 5096 1746 5152 Filium
1779 5103 2074 5168 procedere

495 5191 668 5258 palam
712 5190 1103 5259 pronuntiavit.
1134 5189 1530 5260 Proptereaque
1585 5190 1734 5244 omni
1789 5193 2072 5246 contradi—

491 5282 736 5336 ctionum
775 5298 910 5337 ausa
937 5282 1298 5338 contentiosis
1324 5287 1600 5351 submota,
1628 5287 1903 5340 universis
1938 5302 2073 5356 pure

491 5377 696 5432 sentire
726 5376 970 5439 tradidit,
1006 5392 1068 5430 ex
1109 5375 1266 5431 Patre
1295 5393 1391 5444 per
1412 5376 1613 5433 Filium
1652 5378 1914 5450 Spiritum
1943 5395 2072 5433 san-

491 5471 953 5529 ctumexsistere.
991 5469 1124 5524 nihil
1185 5469 1238 5522 in
1271 5469 1356 5524 his
1410 5486 1588 5541 neque
1641 5471 2067 5540 circumplexum

493 5574 671 5627 neque
695 5562 841 5628 quod
883 5560 1159 5614 intellectu
1223 5560 1377 5614 lacile
1429 5577 1536 5615 non
1588 5571 1734 5617 esset
1793 5563 2068 5627 elocutus,

491 5648 578 5701 cui
607 5650 674 5703 ab
699 5652 959 5706 erunibus
981 5652 1080 5706 zeli
1110 5650 1410 5726 secundum
1471 5651 1637 5706 Deum
1694 5666 1974 5716 mensura,
2018 5663 2071 5705 et

494 5737 562 5787 de
593 5741 758 5793 rebus
801 5741 998 5796 divinis
1059 5741 1464 5810 supernaturali
1536 5739 1710 5810 ipsius
1762 5742 2068 5810 cognitione
2106 5728 2116 5737 ’

497 5829 852 5885 tonsidet'atis
932 5833 1088 5888 tidem
1159 5833 1404 5901 praestari
1472 5840 1903 5888 consentaneum
1961 5845 2062 5889 est.

2178 4637 2350 4699 οὐδεὶς
2407 4640 2498 4690 ἐπὶ
2549 4637 2725 4706 τούτῳ
2761 4637 2869 4688 τῶν
2920 4639 3180 4691 ἁπάντων
3217 4639 3438 4698 δικαίως
3487 4629 3702 4699 ἀντερεῖ·

2187 4730 2327 4797 πλὴν
2359 4731 2407 4781 el
2446 4729 2521 4800 μὴ
2563 4731 2753 4789 σκαιός
2784 4748 2866 4792 τις
2896 4729 2971 4782 ὢν
3006 4731 3105 4801 τὴν
3164 4732 3352 4799 φύσιν,
3383 4729 3472 4781 καὶ
3500 4727 3562 4779 τὰ
3595 4721 3703 4789 πρὸς

2177 4822 2402 4893 εἰρήνην
2437 4822 2664 4887 δύσνους
2695 4823 3065 4886 παντάπασιν,
3105 4823 3232 4891 εἰκῆ
3269 4825 3361 4874 καὶ
3399 4823 3563 4891 μάτην
3611 4811 3703 4864 ὲθέο

2176 4913 2259 4967 λει
2294 4918 2358 4983 τῇ
2395 4915 2624 4986 ἀληθείᾳ
2657 4917 3085 4987 προσίστασθαι,
3119 4917 3255 4986 πρὸς
3305 4916 3466 4986 μηδὲν
3506 4903 3704 4964 ἀποϐλέ-

2178 5025 2297 5061 πων
2327 5009 2388 5060 τὸ
2413 5013 2678 5076 παρὰπαν
2707 5012 2884 5072 εύθές,
2920 5010 3053 5062 Ἰδοὺ
3095 5011 3206 5079 γὰρ
3236 5013 3264 5062 ὁ
3296 5014 3395 5081 τῆς
3434 5001 3701 5077 ὀρθοδοξὲας

2177 5102 2518 5173 ὁμολογητὴς
2574 5103 2831 5172 Μάξιμος
2865 5103 3268 5172 ἐκπορεύεσθαι
3311 5103 3370 5153 τὸ
3419 5098 3620 5162 Πνεῦμα
3647 5084 3702 5140 δι’

2183 5194 2314 5247 Υἱοῦ
2351 5195 2541 5262 σαφῶς
2571 5194 2786 5264 εἴρηκε.
2821 5195 2920 5246 Διά
2959 5211 3040 5246 τοι
3097 5193 3259 5246 τοῦτο
3299 5194 3391 5245 καὶ
3424 5190 3586 5241 πᾶσαν
3627 5182 3701 5230 ἀν’

2177 5285 2421 5352 τιλογίας
2458 5288 2830 5356 περιαιρήσας
2861 5288 2971 5349 τοῖς
3014 5286 3256 5355 φιλέρισι
3308 5286 3581 5356 πρόφασιν.
3613 5272 3699 5328 τηῖς

2182 5378 2317 5429 πᾶσι
2377 5378 2710 5445 πρεσὸεύειν
2774 5377 2976 5430 δέδωκε
3045 5377 3303 5446 καθαρῶς
3362 5375 3608 5441 ὑπάρχειν
3651 5363 3698 5409 ἐκ

2179 5470 2391 5539 Πατρὸς
2421 5470 2490 5521 δι’
2520 5469 2650 5521 Υἱοῦ
2678 5470 2738 5522 τὸ
2768 5469 2994 5539 Πνεῦμα
3023 5471 3083 5523 τὸ
3113 5471 3288 5537 ἅγιον,
3328 5471 3457 5538 μήτε
3487 5482 3533 5515 τι
3571 5472 3695 5523 περί·

2127 5580 2130 5582 ·
2179 5561 2524 5630 νενοημένον,
2562 5563 2698 5630 μήτε
2749 5561 3055 5631 δύσληπτον
3095 5563 3151 5614 ἐν
3201 5561 3401 5620 τούτοις
3434 5550 3696 5624 φθεγξάμε-

2181 5669 2292 5714 νος,
2325 5644 2369 5716 ᾧ
2401 5651 2497 5702 καὶ
2537 5649 2830 5720 πεισθῆναι
2880 5651 3086 5711 πάντας
3119 5651 3288 5712 εἰκὸς,
3336 5648 3392 5699 τό
3421 5661 3474 5695 τε
3530 5640 3694 5700 μέτρον

2185 5742 2282 5794 τοῦ
2314 5745 2453 5795 κατὰ
2484 5741 2618 5794 Θεὸν
2647 5744 2704 5793 ἐν
2747 5741 2896 5813 αὑτῷ
2937 5744 3116 5811 ζήλου,
3171 5743 3264 5793 καὶ
3299 5739 3394 5808 τὴν
3440 5733 3535 5784 τῶν
3563 5726 3691 5817 θείων

2185 5835 2441 5904 ὑπερφυῇ
2475 5831 2649 5902 τούτῳ
2675 5831 2877 5899 γνῶσιν
2913 5835 3310 5902 σκοπήσαντας.
3343 5829 3399 5879 Εἰ
3425 5825 3475 5876 δὲ
3500 5817 3578 5871 καὶ
3597 5815 3690 5864 δεν-
