3970 6402
286 333 420 395 1οΠ
450 388 454 399 .

1136 332 1233 395 DE
1278 334 1798 395 raocsssroa'a
1837 334 1895 394 s.
1942 330 2301 394 SPIRITUS
2340 332 2563 393 nam.
2606 304 2655 394 ἱ.

3414 335 3547 399 ῘΟῚΒ

286 461 448 514 τερον
492 438 626 497 ἔνιοι
667 445 776 496 τῶν
830 447 1363 502 ἁποδυσπετούντων
1406 448 1867 520 συνεπιζητοῦσιν

1976 444 2176 510 Quodsi
2225 444 2529 498 secundum
2581 460 2646 499 ex
2681 444 2811 508 illis,
2857 443 2951 514 qui
2999 452 3198 500 cuncta
3248 443 3554 503 fastidiunt.

289 536 442 605 αὐτῷ
476 536 536 588 τὸ
570 536 706 606 μηδὲ
729 537 974 602 χελιδόνα
1009 541 1138 607 μίαν
1162 541 1260 610 ἔαρ
1285 545 1459 595 ποιεῖν
1484 543 1869 613 παροιμιακῶς

291 628 659 697 ἐπιλέγοντες,
688 630 827 699 ὅπερ
854 631 950 683 οὐκ
979 633 1088 685 ἀπὸ
1114 635 1323 704 τρόπου
1344 634 1556 698 τούτοις
1589 634 1705 688 ἐστί
1725 651 1738 664 ·
1761 651 1873 688 τοι·

284 721 432 773 οὗτοι
463 722 573 792 γὰρ
597 722 701 792 τὴν
724 722 959 794 γνώμην
981 717 1129 779 οὗτοι
1159 726 1756 798 καταναισχυντοῦντες
1775 730 1871 781 καὶ

283 813 395 867 τῶν
425 814 514 868 διά
548 832 605 867 τε
642 814 799 876 λόγου
837 816 930 869 καὶ
977 817 1254 880 πολιτείας
1300 815 1436 886 ὕψος
1479 816 1648 885 ἀξίων
1686 817 1871 882 αίδοῦς

282 905 380 957 καὶ
415 905 767 975 σεῦἀσματος
789 924 806 940 ν
835 908 1168 977 νηψάτωσαν
1217 910 1351 978 γοῦν
1388 910 1489 981 ὀψὲ
1515 912 1586 982 τῇ
1644 909 1866 978 καρδίᾳ,

283 995 383 1049 καὶ
406 995 468 1049 τδ
499 995 594 1048 τοῦ
624 998 819 1065 ἀνδρὸς
844 1000 1137 1068 μεγαλεῖον
1158 1002 1249 1055 ἐπί
1278 1019 1337 1055 τε
1392 1002 1557 1072 σοφίᾳ
1601 1001 1694 1054 καὶ
1732 1002 1871 1072 λαμ-

283 1089 656 1159 πρότητίβίον
688 1095 1125 1164 κατανοήσαντες
1169 1109 1183 1124 ·
1217 1089 1300 1154 εἷς
1322 1096 1445 1166 κγὰρ
1469 1087 1625 1157 οὗτος
1655 1094 1870 1148 πολλῶν

286 1183 380 1234 ἐπὶ
415 1180 583 1236 πᾶσιν
631 1178 883 1249 ἀντάξιος
920 1201 935 1218 ⁸
971 1187 1030 1240 ὲν
1092 1186 1433 1258 μεταμελείᾳ
1484 1185 1583 1239 τοῦ
1623 1181 1867 1258 χαλεποῦ

282 1274 479 1328 τούτου
502 1277 700 1345 τρόπον
728 1279 1098 1344 γενέσθωσαν,
1123 1279 1515 1342 πιστεύσαντες
1532 1278 1868 1341 ἁδιστὰκτως

285 1369 404 1428 τοῖς
431 1366 611 1433 λόγοις
643 1367 831 1429 αὑτοῦ,
856 1369 951 1421 καὶ
984 1368 1060 1438 μὴ
1093 1369 1379 1438 δεηθέντες
1404 1369 1567 1424 ἄλλου
1619 1368 1763 1433 τινος
1791 1370 1870 1433 είς

291 1456 605 1525 βεϐαίωσιν.
634 1457 784 1520 ὅπως
813 1458 971 1519 ἵλεως
998 1458 1178 1513 ἔσοιτο
1199 1460 1413 1522 τούτοις
1441 1459 1575 1523 Θεὸς
1599 1461 1658 1513 ὲν
1681 1458 1868 1530 ἡμέρᾳ

291 1548 392 1616 τῆς
425 1549 683 1616 κρίσεως.
729 1550 847 1603 Ἵνα
878 1551 936 1605 δὲ
968 1553 1044 1622 μὴ
1071 1552 1197 1624 δόξῃ
1256 1553 1367 1607 τισὶ
1413 1552 1640 1606 τοιαῦτα
1685 1550 1871 1619 λέγειν

291 1640 463 1706 ἡμᾶς,
500 1641 576 1702 ὡς
609 1641 814 1709 ἑτέρων
852 1643 1196 1713 ἀποροῦντας
1248 1646 1329 1707 είς
1376 1643 1476 1714 τὴν
1508 1645 1640 1714 περὶ
1672 1638 1869 1696 τούτου

290 1731 605 1801 μαρτυρίαν
633 1734 726 1784 καὶ
749 1732 1034 1799 σύστασιν,
1061 1737 1089 1788 ό
1133 1736 1494 1805 Δαμασκόθεν
1541 1734 1711 1803 σοφὸς
1755 1735 1868 1789 Ἰω-

287 1820 481 1888 άννης,
516 1824 543 1875 ό
565 1823 716 1895 πάσῃ
736 1825 1044 1895 διαπρέψας
1068 1823 1237 1897 ἀρετῇ
1264 1829 1358 1883 καὶ
1392 1826 1568 1896 λόγων
1594 1829 1872 1890 παντοίοις

287 1912 656 1981 χαρίσμασιν,
688 1913 927 1966 ἐνταῦθα
981 1914 1076 1967 καὶ
1105 1909 1260 1977 οὗτος
1323 1918 1731 1986 παραληφθεὶς,
1772 1916 1871 1986 τὴν

286 2002 473 2056 αὐτῶν
507 2000 842 2074 ἆμφιὸολίαν
869 1998 1047 2073 λύσει,
1086 2008 1180 2061 καὶ
1206 2009 1265 2060 τὸ
1294 2006 1457 2079 ζητού
1470 2025 1650 2076 μενον.
1692 2010 1787 2071 Ὃς
1815 2010 1874 2063 ἐν

288 2096 369 2166 τῷ
408 2099 538 2167 περὶ
570 2097 731 2151 θείων
762 2099 1049 2168 ὀνομάτων
1081 2101 1383 2171 κεφαλαίῳ,
1425 2101 1493 2156 Τὸ
1528 2101 1599 2152 δὲ
1632 2101 1877 2166 Πνεῦμα

286 2184 362 2238 τὸ
415 2184 606 2253 ἅγιον,
646 2186 889 2256 είρηκεν,
942 2189 981 2255 ἡ
1017 2188 1418 2258 ἐκφαντορικὴ
1464 2191 1571 2244 τοῦ
1619 2191 1874 2260 κρυφίου

202 2302 213 2311 ι
293 2275 406 2344 τῆς
451 2278 734 2344 θεότητος
780 2278 1039 2349 δύναμις
1076 2284 1182 2336 τοῦ
1235 2281 1487 2349 Πατρός,
1528 2282 1596 2335 ἐκ
1642 2285 1874 2350 Πατρός

287 2368 518 2422 ἐστιδι⁹
543 2371 676 2424 Υἰοῦ
704 2372 1176 2441 ἐκπορευομένη,
1214 2374 1294 2439 ὡς
1342 2371 1528 2437 οἶδεν,
1550 2377 1632 2439 ,οὐ
1661 2391 1875 2442 renui-

290 2462 441 2526 τῶς*
481 2461 575 2513 διὸ
605 2462 705 2514 καὶ
739 2462 985 2532 Πνεῦμα
1018 2463 1213 2532 ἅγιον.
1252 2459 1422 2527 (ὶῦτος
1473 2468 1568 2519 καὶ
1603 2466 1767 2520 πάλιν
1815 2467 1875 2518 ἐν

296 2552 376 2623 τῷ
407 2553 581 2621 αύτῷ,
611 2551 685 2607 Τὸ
741 2554 984 2622 Πνεῦμα
1033 2556 1169 2610 Υιοῦ
1205 2556 1473 2626 Πνεῦμα,
1521 2561 1636 2626 οὐχ
1677 2558 1758 2624 ὡς
1806 2559 1875 2623 ἐξ

291 2643 503 2707 αὑτοῦ,
542 2641 686 2699 ἀλλ’
718 2646 798 2711 ὠς
853 2648 930 2699 δι’
955 2648 1142 2702 αὐτοῦ
1172 2648 1241 2702 ἐκ
1288 2651 1394 2704 τοῦ
1430 2654 1658 2719 Πατρός
1692 2653 1876 2706 ἐκπο-

283 2739 646 2806 ρευόμενον.
681 2735 814 2792 Οἶδα
845 2738 940 2794 νῦν
977 2741 1051 2801 ὡς
1084 2743 1133 2794 oi
1162 2741 1384 2807 πλείους
1418 2743 1527 2798 τῶν
1577 2745 1877 2797 ἀντιδιατι-

292 2831 538 2901 θεμένων
562 2833 693 2902 ἡμῖν
722 2831 784 2886 τὸ
815 2833 913 2887 διὰ
934 2834 1042 2889 τοῦ
1080 2833 1217 2889 Υἰοῦ
1247 2837 1585 2907 παριδόντες,
1605 2838 1797 2909 ἐπειδή
1824 2854 1880 2891 τι

291 2925 389 2978 καὶ
423 2924 678 2994 βοηθείας
717 2925 968 2979 ἑντεῦθεν
1003 2928 1105 2980 οὐκ
1144 2926 1351 2997 έχουσι,
1391 2928 1593 2997 μᾶλλον
1646 2929 1745 2996 μὲν
1785 2924 1880 2982 οὖν

292 3018 372 3088 τῷ
413 3022 686 3088 προφανεί
733 3018 827 3071 τοῦ
877 3018 1038 3088 λόγου
1093 3025 1189 3075 καὶ
1237 3020 1691 3086 καταδάλλονται,
1742 3022 1880 3090 πρὸς

289 3108 413 3176 τὴν,
451 3111 565 3162 οὐκ
597 3107 668 3172 ἐξ
701 3108 917 3174 αὑτοῦ,
939 3109 1123 3180 φωνὴν
1160 3110 1591 3177 ἀποϐλέπουσιν,
1615 3112 1878 3182 ἀφορμὴν

292 3199 607 3264 ὑποθέσεως
629 3200 840 3271 ταύτην
875 3201 1106 3272 ποιῆσαι
1133 3203 1554 3267 σπουδάζοντες.
1599 3203 1789 3275 Ἠμείς
1816 3203 1875 3256 δδ

272 3292 425 3361 ,περὶ
457 3291 556 3360 μὲν
580 3291 793 3357 τούτου,
829 3292 1016 3354 καθὼς
1047 3294 1372 3366 εἰρήκειμεν
1400 3296 1629 3358 ἄνωθεν,
1664 3297 1720 3348 ὲν
1756 3295 1873 3367 ἰδίῳ

289 3384 450 3455 τόπῳ
478 3383 731 3449 διεξιέναι
786 3387 1192 3457 πειρασόμεθα,
1218 3390 1310 3442 καὶ
1344 3392 1488 3443 κατὰ
1516 3390 1717 3460 σχολήν
1738 3406 1753 3422 ·
1779 3389 1873 3443 νῦν

288 3476 349 3531 δὲ
381 3477 482 3547 τῆς
511 3478 832 3542 ἀκολουθίας
855 3479 967 3533 τῶν
1006 3480 1322 3551 λεγομένων
1373 3482 1613 3552 ἐχόμεθα
1664 3483 1765 3554 τὴν
1814 3484 1874 3538 ἐν

291 3570 524 3641 χρήσεσι
553 3575 852 3640 γραφικαῖς
887 3570 956 3623 δι’
986 3571 1113 3625 Υἱοῦ
1139 3574 1294 3643 παρὰ
1341 3573 1560 3641 Πιτρὸς
1605 3573 1873 3643 ἑκπόρευ-

293 3678 382 3715 σιν
417 3662 791 3728 ὲξετάζοντεςζ
834 3663 994 3717 Οὕτω
1021 3666 1122 3734 μὲν
1151 3659 1246 3718 οὖν
1272 3661 1421 3719 οὗτοι
1447 3666 1619 3735 μηδὲν
1660 3668 1876 3732 ἀξιοπι-

295 3755 453 3817 στίας
498 3755 896 3821 ἐλλελοιπότες,
962 3756 1059 3810 ἅτε
1134 3757 1272 3810 πολὺ
1321 3758 1382 3810 τὸ
1429 3759 1769 3829 ὑπερϐάλλον
1814 3761 1873 3813 ὲν

290 3844 471 3899 ἅπασι
493 3846 608 3909 τοῖς
636 3845 778 3898 κατὰ
823 3844 956 3898 Θεὸν
991 3848 1416 3918 προτερήμασιν
1443 3847 1685 3918 ἔχοντες.
1726 3848 1870 3916 Ἐγὼ

287 3937 351 3990 δὲ
385 3937 482 3990 καὶ
513 3935 699 4006 τρίτον
722 3938 822 3991 οὐκ
844 3938 1064 4006 ὀκνήσω
1085 3941 1457 4008 παραγαγεῖν.
1490 3940 1624 3993 Τίνα
1649 3939 1839 3994 τοῦτον
1854 3957 1869 4005 ;

292 4029 400 4083 Τὸν
427 4029 498 4084 τὰ
529 4030 721 4102 πρῶτα
744 4032 979 4101 φέροντα
1002 4031 1098 4100 τῆς
1129 4034 1239 4084 τῶν
1266 4031 1527 4102 Πατέρων
1553 4031 1774 4102 χορείας
1796 4030 1874 4095 ὡς

291 4121 534 4192 ἀληθῶς,
565 4121 676 4175 τῶν
706 4122 807 4192 τήν
860 4124 1247 4194 οἰκουμενικὴν
1290 4123 1527 4193 ἐόδόμην
1564 4139 1874 4194 συγκρότη-

294 4215 511 4269 σάντων
542 4214 706 4282 ἁγίαν
734 4214 977 4279 σύνοδον,
1008 4216 1109 4286 τὴν
1141 4217 1281 4270 κατὰ
1319 4215 1560 4269 Νίκαιαν
1597 4217 1874 4269 συστᾶσαν

290 4305 356 4361 τὸ
382 4305 657 4374 δεύτερον,
691 4307 766 4370 ὡς
796 4308 864 4362 ἂν
912 4311 1028 4372 τοῖς
1083 4309 1225 4362 κατὰ
1284 4309 1525 4381 Χριστὸν
1576 4312 1701 4372 τοὺς
1752 4309 1873 4362 κατ’

291 4403 472 4454 ἐκεῖνο
498 4399 693 4470 καιροῦ
737 4401 944 4465 πάντας
979 4404 1221 4457 νικῶντα
1255 4403 1731 4475 πλεονεκτήμασι,
1771 4405 1870 4457 καὶ

291 4494 388 4548 διὰ
426 4493 588 4548 τοῦτο
620 4494 931 4567 τηνικαῦτα
979 4496 1080 4565 τῆς
1120 4496 1519 4566 βασιλευούσης
1567 4497 1732 4564 τῆσδε
1763 4498 1874 4551 τῶν

294 4585 509 4639 πόλεων
537 4586 943 4657 ἀρχιερατικῶς
965 4588 1392 4657 προῖστάμενον,
1421 4591 1513 4641 τὸν
1526 4590 1682 4643 θεῖον
1731 4591 1877 4659 λέγω

291 4677 590 4748 Ταράσιον,
631 4678 771 4742 ὃςὲν
800 4681 868 4749 τῇ
904 4678 1044 4746 πρὸς
1084 4680 1213 4742 τοὺς
1256 4682 1539 4752 ἀρχιερεῖς
1595 4683 1689 4734 καὶ
1747 4681 1876 4745 τοὺς

290 4771 489 4835 ἄλλους
538 4772 702 4836 ὄντας
734 4771 836 4825 τοῦ
881 4771 1124 4841 βήματος
1189 4772 1624 4842 ’Δλεξανδρείας,
1671 4777 1879 4829 Ἀντιο-

291 4867 473 4937 χείας,
508 4865 733 4934 καὶτῆς
761 4864 927 4933 ἁγίας
958 4863 1173 4926 πόλεως
1227 4866 1509 4936 ἐπιστολῇ,
1546 4869 1752 4935 ταύτην
1792 4866 1872 4932 δὲ,

296 4958 409 5029 πρὸ
430 4957 528 5011 τοῦ
560 4957 891 5028 συλλεγῆναι
912 4959 1037 5020 τοὺς
1072 4958 1156 5020 είς
1202 4955 1304 5029 τὴν
1361 4958 1621 5027 ῥηθεῖσαν
1656 4961 1877 5014 σύνοδον

293 5049 749 5118 ἀπαντήσαντας,
802 5048 942 5119 πρὸς
997 5048 1128 5111 τοὺς
1178 5047 1602 5119 διειλημμένους
1656 5051 1876 5118 γράψας

290 5140 627 5212 ἐξέπεμψεν,
657 5142 951 5211 ὁμολογίας
980 5141 1153 5195 τύπον
1180 5141 1508 5211 ἐπέχουσαν,
1539 5145 1676 5211 μετὰ
1706 5144 1878 5194 πολλὰ

291 5236 395 5289 καὶ
443 5235 570 5291 τάδε
607 5234 773 5306 φησίν
795 5249 811 5265 ο
855 5236 963 5288 Καὶ
991 5238 1077 5301 εις
1106 5233 1175 5288 τὸ
1210 5234 1455 5302 Πνεῦμα
1476 5233 1545 5287 τὸ
1583 5232 1757 5303 ἅγιον
1808 5232 1876 5286 τὸ

287 5327 363 5381 ἐκ
389 5328 497 5383 τοῦ
531 5327 760 5396 Πατρός
782 5327 857 5380 δι’
879 5327 1030 5381 Υίοῦ
1066 5327 1561 5395 ἐκπορευόμενον,
1598 5323 1697 5382 καὶ
1729 5323 1877 5379 αὐτὸ

293 5417 452 5473 Θεὸν
479 5416 637 5473 εἶναι
664 5417 1114 5488 γνωριζόμενον.
1149 5418 1289 5489 Ἤδη
1327 5417 1421 5470 καὶ
1450 5416 1714 5484 Πατέρων
1754 5415 1877 5468 ὅλον

292 5513 444 5565 θεῖον
467 5512 637 5582 ἑσμὸν
658 5512 768 5566 τῶν
794 5513 1109 5583 λεγομένων
1130 5512 1538 5583 παρηγάγομεν
1559 5510 1874 5581 μάρτυρας.

285 5605 374 5659 Οὐ
408 5609 518 5677 γὰρ
569 5607 633 5676 δὴ
669 5609 734 5676 τῇ
773 5606 1024 5678 παρούσῃ
1080 5606 1210 5678 δόξῃ
1249 5605 1410 5675 μόνος
1453 5598 1609 5668 οὗτος
1659 5606 1723 5656 ὲκ
1781 5601 1876 5654 τοῦ

290 5697 503 5767 ταύτην
534 5697 677 5752 οὕτω
708 5700 1001 5771 κηρύττειν
1035 5702 1231 5769 ὁρᾶται
1283 5699 1708 5768 προσκείμενος,
1739 5695 1875 5750 ἀλλὰ

299 5795 397 5843 καί
426 5792 626 5853 πάντες
663 5791 870 5857 ἁπλῶς,
904 5792 1040 5862 πρὸς
1068 5791 1159 5858 οὒς
1188 5792 1286 5863 τὴν
1321 5792 1625 5863 εἰρημένην
1654 5794 1872 5844 επιστο-

1975 536 2224 591 nonnulli
2258 550 2578 604 exposcunt,
2619 552 2783 591 unam
2822 537 3168 591 hirundinem
3202 552 3297 592 ver
3328 551 3438 591 non
3467 536 3549 591 ia-

1970 644 2095 684 cere
2121 629 2623 693 adnuirmurautes.
2671 630 2816 700 quod
2844 645 2951 683 non
2984 637 3182 698 praeter
3208 643 3415 696 morem
3463 643 3558 683 eo-

1973 721 2223 776 rumdem
2257 734 2335 778 cst
2375 741 2389 777 :
2424 723 2502 778 sic
2538 723 2683 777 enim
2721 723 2810 779 isti
2840 723 3067 778 animati
3092 731 3241 787 sunt,
3271 731 3330 778 ut
3359 730 3415 776 et
3446 738 3559 777 ser-

1972 827 2155 880 mone,
2181 826 2234 868 et
2275 815 2397 869 vitm
2438 816 2669 870 instituti
2711 815 3049 871 sublimitate
3106 813 3312 883 dignis,
3349 814 3401 890 ip
3441 813 3542 869 ho-

1972 922 2108 963 nore
2136 915 2190 961 et
2239 908 2544 963 reverentia
2600 909 2785 964 haberi
2830 906 3237 974 ﬂoccifaeiant,
3286 915 3342 961 et
3375 907 3429 961 in
3462 921 3558 961 eos

1972 999 2316 1070 impudenter
2367 1001 2795 1056 debacchentur.
2882 1000 3128 1056 Redeant
3178 1003 3364 1071 itaque
3412 1017 3561 1056 nunc

1975 1092 2189 1145 tandem
2242 1093 2308 1146 ad
2344 1107 2402 1148 se
2455 1102 2507 1147 et
2538 1093 2590 1147 in
2624 1101 2826 1147 rectam
2868 1094 3142 1157 semitam,
3194 1101 3250 1147 et
3309 1092 3412 1148 viri
3449 1109 3563 1147 ina-

1971 1183 2309 1254 gnitudinem
2334 1193 2444 1239 tum
2477 1184 2745 1249 doctrina,
2781 1192 2895 1237 tum
2941 1185 3064 1241 vita:
3111 1184 3325 1240 ratione
3358 1186 3560 1256 praelu-

1971 1276 2149 1331 cidam
2192 1277 2453 1347 (namque
2487 1278 2535 1333 is
2582 1294 2724 1333 unus
2750 1288 2855 1343 εει,
2907 1278 3002 1347 qui
3051 1278 3346 1333 multorum
3382 1280 3560 1334 instar

1972 1369 2027 1424 in
2053 1369 2307 1423 omnibus
2340 1376 2464 1424 esse
2520 1368 2725 1440 possit)
2752 1370 3154 1440 concipientes,
3207 1370 3276 1425 ab
3311 1372 3560 1441 improbo

1970 1482 2341 1538 pervcrsoque
2387 1468 2573 1523 studio
2622 1470 2687 1523 ad
2714 1466 2925 1538 frugem
2962 1467 3235 1536 applicent
3289 1466 3558 1525 animum.

1969 1557 2177 1626 absque
2215 1560 2321 1614 alia
2358 1560 2702 1616 haesitatione
2733 1560 2894 1616 dictis
2923 1560 3075 1615 illius
3100 1558 3260 1614 Iidem
3291 1558 3558 1613 adhiben—

1968 1660 2074 1720 tes,
2099 1653 2173 1705 nil
2199 1654 2336 1707 ultra
2370 1654 2434 1706 ad
2464 1653 2788 1708 sententiam
2814 1653 3255 1707 conﬁrmandam
3306 1665 3559 1720 quaeren-

1972 1751 2078 1806 tes,
2110 1754 2168 1796 ιιι
2192 1728 2462 1813 propitius
2492 1744 2600 1798 illis
2637 1744 2774 1798 Deus
2809 1744 2879 1798 sit
2911 1744 2963 1797 iu
3002 1744 3090 1797 die
3110 1743 3330 1813 judicii.
3362 1741 3473 1796 Sed
3500 1758 3562 1794 ne

1974 1835 2247 1905 aliquibus
2297 1836 2580 1890 videamur
2619 1836 2818 1891 similia
2885 1835 3064 1897 eﬂ'ari,
3099 1833 3257 1905 quasi
3297 1833 3365 1888 ad
3400 1834 3563 1901 hujus

1975 1928 2449 1982 conﬁrmationem
2481 1937 2536 1982 et
2555 1928 3080 1982 demonstrationem
3109 1927 3234 1983 aliis
3267 1924 3561 1980 auctorita-

1976 2018 2121 2073 tibus
2152 2017 2537 2082 destituamur,
2573 2019 2959 2087 .Damascenus
3021 2018 3240 2086 sapiens
3298 2016 3562 2072 Joannes.

1976 2109 2070 2181 qui
2108 2109 2371 2191 virtutum
2410 2110 2560 2164 omni
2585 2124 2783 2180 genere
2818 2109 3025 2173 ﬂoruit,
3057 2116 3112 2163 et
3162 2110 3218 2162 in
3254 2107 3563 2176 omnigenis

1976 2217 2291 2258 sermonum
2322 2203 2756 2270 gratiisfmultum
2777 2203 3067 2273 processit,
3094 2201 3183 2255 hic
3213 2209 3558 2267 assumptus,

1977 2296 2293 2350 earumdem
2325 2295 2551 2348 dubium
2586 2309 2651 2349 ac
2678 2295 3036 2365 quaestionem
3057 2292 3342 2349 dissolvat.
3377 2290 3476 2345 Hic
3500 2290 3565 2344 de

1978 2386 2179 2441 divinis
2256 2386 2571 2441 nominibus
2629 2387 2825 2456 capite
2858 2386 2994 2439 dixit
3035 2405 3050 2438 :
3086 2384 3325 2453 Spiritus
3387 2392 3564 2438 autem

1977 2489 2215 2546 sanctus,
2238 2479 2473 2534 revelans
2510 2480 2760 2550 mysteria
2794 2477 3047 2542 Deitatis,
3073 2479 3237 2530 uirtus
3270 2475 3476 2541 Patris,
3504 2491 3569 2528 ea:

1979 2568 2141 2624 Patre
2155 2580 2232 2625 est
2257 2586 2350 2640 per
2383 2568 2584 2623 Filium
2614 2569 2921 2638 procedens,
2951 2578 3004 2620 ut
3039 2567 3138 2621 scit
3168 2582 3187 2621 :
3208 2582 3308 2621 non
3340 2582 3563 2637 genera-

1980 2664 2136 2716 tionis
2182 2663 2358 2725 modo,
2394 2671 2769 2732 proptereaque
2813 2670 2863 2715 et
2895 2659 3129 2730 Spiritus
3187 2668 3425 2714 sanctus.
3497 2656 3561 2710 Et

1979 2757 2159 2810 denuo
2213 2755 2412 2810 ibidem
2449 2773 2463 2809 :
2494 2753 2722 2824 Spiritus
2770 2752 2893 2807 Filii
2944 2754 3206 2819 Spiritus,
3243 2769 3348 2806 non
3393 2752 3474 2804 uti
3502 2766 3568 2805 ea:

1978 2850 2115 2916 ipso,
2153 2847 2242 2901 sed
2280 2858 2333 2900 ut
2368 2863 2459 2911 per
2487 2849 2662 2917 ipsum
2700 2863 2731 2899 a
2762 2845 2925 2898 Patre
2951 2844 3260 2912 procedens.
3301 2842 3400 2898 Sat
3424 2843 3565 2903 scio.

1984 2948 2296 2994 nostrorum
2336 2939 2774 2992 adversariorum
2812 2937 3075 3005 potiorem
3110 2945 3317 3004 partem
3354 2934 3447 2987 illo
3469 2950 3562 3002 per

1982 3028 2187 3084 Filium
2218 3028 2490 3099 neglecto,
2528 3043 2651 3082 cum
2678 3026 2806 3080 inde
2847 3026 2951 3080 sibi
2985 3040 3148 3092 opem
3175 3024 3303 3079 ferri
3342 3040 3452 3079 non
3489 3024 3567 3077 vic

1985 3121 2170 3187 deant,
2203 3119 2337 3189 quin
2369 3120 2546 3189 potius
2592 3119 2851 3175 claritate
2876 3119 3151 3174 sermonis
3200 3117 3565 3187 disjieiantur.

1978 3214 2043 3268 ad
2074 3212 2219 3267 illam
2253 3228 2440 3269 vocem
2499 3228 2603 3265 non
2639 3226 2704 3266 ea:
2741 3213 2854 3280 ipso
2903 3211 3147 3266 animum
3197 3210 3561 3273 intendentes,

1976 3305 2280 3375 argumenti
2309 3305 2393 3361 sui
2433 3319 2622 3360 ansam
2675 3305 2804 3360 inde
2825 3303 3073 3359 studiose
3136 3304 3404 3372 recipere.
3459 3302 3569 3357 Nos

1977 3414 2142 3468 porro
2163 3398 2231 3452 de
2270 3399 2400 3464 hoc,
2432 3407 2495 3453 ut
2515 3413 2681 3468 supra
2715 3398 3036 3456 ‘innuimus.
3067 3396 3122 3450 in
3180 3397 3404 3467 proprio
3444 3395 3566 3451 loco

1976 3501 2029 3547 et
2060 3507 2157 3561 per
2193 3492 2367 3547 otium
2401 3499 2640 3547 tractare
2691 3491 3057 3547 conabimur:
3100 3505 3247 3544 nunc
3302 3503 3431 3543 vero
3481 3490 3567 3544 di-

1981 3584 2282 3637 cendorum
2355 3582 2518 3637 seriei
2610 3582 2936 3637 insistentes
3020 3581 3429 3651 processionem
3501 3594 3566 3634 es

1974 3677 2134 3730 Patre
2164 3689 2259 3743 per
2288 3673 2508 3737 Filium,
2534 3688 2657 3744 quin
2695 3673 2749 3728 in
2777 3675 2985 3742 scripto
3016 3673 3231 3727 traditis
3263 3671 3569 3726 auctorita-

1977 3767 2122 3822 tibus
2159 3766 2253 3834 sit,
2289 3765 2691 3822 examinemus.
2727 3765 2821 3820 Sic
2849 3779 2978 3835 ergo
3010 3765 3087 3827 hi,
3122 3779 3356 3834 quorum
3386 3765 3442 3818 in
3468 3763 3569 3818 lida

1978 3860 2138 3912 rebus
2179 3854 2523 3913 concilianda
2548 3858 2718 3911 multa
2741 3857 3043 3911 auctoritas
3076 3865 3182 3919 est,
3212 3870 3339 3910 cum
3386 3855 3559 3910 abun-

1975 3951 2166 4005 danter
2197 3951 2587 4021 atlluenterque
2617 3966 2744 4022 erga
2782 3950 2950 4004 Deum
3021 3949 3181 4005 rebus
3213 3949 3351 4004 bene
3396 3950 3568 4018 gestis

1976 4044 2358 4099 inclarescant.
2395 4045 2509 4113 Ego
2539 4058 2703 4114 porro
2730 4053 2785 4099 et
2814 4044 3035 4098 tertium
3071 4045 3123 4096 in
3189 4042 3429 4096 medium
3487 4042 3568 4095 ai-

1974 4134 2120 4191 ferre
2147 4150 2256 4190 non
2305 4136 2627 4191 cunetabor.
2675 4136 2812 4204 Quis
2857 4137 2943 4191 hic
2972 4135 3313 4201 iucrit?Qui
3363 4134 3569 4205 primas

1975 4231 2117 4286 inter
2144 4246 2334 4284 eorum
2372 4228 2599 4284 Patrum
2631 4238 2835 4284 emtum
2872 4229 3003 4291 fert,
3034 4229 3127 4297 qui
3159 4227 3564 4283 teeuinenicum

1976 4325 2262 4390 septimam
2310 4322 2579 4393 synodum
2660 4330 2985 4389 coegeruut,
3043 4319 3237 4373 Nicaeae
3320 4318 3568 4373 secundo

1976 4424 2385 4485 congregatam,
2421 4422 2476 4469 et
2511 4413 2603 4482 qui
2665 4412 3009 4466 iaciuoribus
3040 4426 3141 4480 pro
3171 4410 3395 4464 Christo
3448 4411 3566 4463 edi-

1902 4511 1954 4570 D
1983 4503 2055 4557 tis
2093 4518 2160 4557 eo
2197 4512 2441 4571 tempore
2470 4517 2662 4558 omnes
2690 4504 2989 4572 superavit,
3024 4502 3421 4570 proptereaque
3452 4509 3565 4553 tum

1982 4583 2144 4667 regia:
2196 4597 2427 4665 hujusce
2462 4597 2616 4651 urbis
2661 4596 2859 4664 praesul
2896 4595 3235 4650 constitutus
3271 4603 3377 4667 est,
3427 4592 3567 4646 divi-

1982 4702 2136 4752 num,
2156 4684 2729 4756 iuquam,Tarasium,
2760 4686 2807 4738 is
2841 4686 2906 4739 ad
2934 4685 3191 4756 praesules
3221 4694 3275 4740 et
3302 4686 3441 4740 alios
3464 4684 3568 4738 Be-

1982 4780 2109 4833 mali
2144 4778 2525 4842 inservientes,
2562 4779 2923 4839 Alexandri-as.
2984 4777 3312 4844 Antiochiae,
3341 4785 3395 4829 et
3436 4792 3568 4831 sau-

1979 4886 2080 4939 ciae
2110 4874 2261 4928 urbis
2295 4873 2551 4942 epistola,
2603 4887 2768 4942 quam
2828 4873 2916 4925 ille
2960 4879 3254 4940 antequam
3308 4872 3362 4923 in
3395 4886 3563 4924 unum

1979 4968 2355 5032 convenirent,
2382 4969 2475 5036 qui
2512 4968 2711 5021 dictam
2737 4967 3009 5037 synodum
3041 4965 3425 5030 celebrarunt,
3457 4963 3567 5017 fur-

1982 5074 2122 5112 tuam
2152 5059 2516 5113 confessionis
2568 5074 2683 5112 sua:
2740 5058 3107 5125 continentem
3137 5056 3385 5125 scripsit,
3443 5068 3566 5125 post

1983 5152 2150 5204 multa
2188 5151 2303 5204 bare
2333 5165 2551 5219 quoque
2577 5150 2727 5204 addit
2760 5168 2774 5204 :
2810 5150 2877 5204 Et
2933 5152 2986 5203 in
3029 5148 3290 5217 Spiritum
3323 5161 3563 5202 sanctum
3658 5196 3665 5201 .

1977 5254 2043 5294 ea:
2078 5239 2241 5293 Patre
2302 5256 2393 5305 per
2442 5238 2650 5292 Filium
2704 5243 3069 5303 procedentem
3093 5249 3139 5293 et
3173 5241 3263 5309 qui
3290 5237 3429 5292 Deus
3454 5257 3567 5293 esse

1979 5331 2327 5399 cognoscitur.
2352 5329 2473 5383 Jatn
2513 5338 2567 5383 et.
2609 5329 2827 5385 Patrum
2864 5332 3109 5383 divinum
3134 5331 3406 5398 integrum
3451 5346 3565 5381 ca;-

1981 5431 2094 5478 tum
2165 5433 2353 5479 testem
2423 5423 2694 5479 dictorum
2753 5424 3130 5491 producimus.
3183 5422 3371 5491 Neque
3417 5440 3562 5477 Clllm

1981 5516 2232 5587 presenti
2273 5516 2514 5585 opinioni
2550 5515 2701 5571 solus
2738 5514 2879 5584 ipso,
2914 5514 3057 5583 quod
3083 5530 3206 5569 eam
3252 5516 3334 5568 sic
3369 5515 3563 5582 pracdi-

1979 5615 2086 5672 cat,
2117 5608 2361 5674 addictus
2392 5608 2624 5668 videtur,
2648 5608 2756 5660 "scd
2793 5621 2982 5658 omnes
3013 5621 3108 5659 ore
3171 5622 3299 5668 uno,
3324 5607 3389 5658 ad
3422 5623 3563 5674 quos

1980 5698 2263 5768 epistolam
2301 5672 2628 5761 tr‘ansmisit,
2655 5714 2778 5752 cum
2836 5699 2910 5751 illi
2947 5715 3067 5751 eam
3133 5700 3477 5757 admiserint.
3509 5708 3562 5752 ct

1980 5790 2235 5859 plurimis
2268 5791 2517 5847 laudibus
2547 5800 2869 5846 exornatam
2902 5790 3239 5845 rcmiseriut.
3296 5791 3560 5846 ῐίνοιηντι
