3970 6420
517 330 537 394 1
548 334 652 396 O79

1548 327 1977 395 CONSTANTI
1984 329 2067 390 NI
2110 329 2661 393 ΜΕΙιῐἸἙΝΙΟΤίΕ
3594 336 3703 404 1080

511 451 828 504 un’iVersum
854 450 1055 507 divinat
1078 452 1269 525 synodi
1291 451 1767 521 complementum,
1793 450 1848 505 in
1886 448 2065 521 Spiriu

2196 448 2295 521 λὴν
2332 452 2681 523 ἐνεχάραξεν.
2726 451 3054 522 Ἐπειδήπερ
3085 450 3283 504 ἐκεῖνοι
3324 451 3519 521 ταύτην
3547 456 3706 512 ἀπεδέ-

511 551 706 596 sancto
740 544 1084 611 postmodum
1113 542 1308 598 Nicaeae
1328 555 1739 614 congregatum.
1779 541 1874 597 llis
1890 544 2089 597 etenim

510 634 858 690 audientibus
885 636 973 690 illa
1027 636 1257 705 epistola
1292 636 1550 704 perlecta,
1602 652 1727 689 cum
1790 634 1844 690 in
1878 635 2090 704 integro

512 725 617 779 illis
637 741 760 781 esse
792 728 907 782 visa
947 738 1133 783 essent
1163 729 1371 791 omnia,
1412 743 1522 784 una
1552 743 1743 784 omnes
1797 728 2087 791 sententia,

2196 538 2354 605 ξαντό
2383 560 2465 606 τε,
2508 544 2603 595 καὶ
2635 543 2859 605 πολλοῖς
2900 543 3204 614 ἐγκωμίοις
3231 543 3708 612 ’ἀντεπιστείλαντες

2192 633 2446 704 ἔστεψαν.
2489 636 2726 705 Προσέτι
2759 636 2816 689 δὲ
2844 638 2938 689 καὶ
2971 635 3031 690 τὸ
3055 639 3155 706 τῆς
3185 636 3337 699 θείας
3372 637 3570 690 συνόδου
3598 639 3708 710 πλήο

2193 743 2355 795 ρωμα
2386 730 2494 780 πᾶν
2521 727 2581 779 τὸ
2607 727 2998 798 συναθροισθὲν
3035 731 3094 781 ὲν
3131 728 3276 797 ἀγίῳ
3322 727 3588 798 Πνεύματι
3637 749 3711 798 με·

512 818 782 880 plausere,
808 826 862 871 et
890 827 1035 874 recte
1067 834 1190 873 eam
1243 820 1501 874 dictatam
1554 835 1695 883 esse,
1723 828 1774 872 et
1804 818 1870 872 ad
1901 816 2062 871 Ecclc

2193 816 2459 887 θύστερον
2483 820 2624 872 κατά
2660 819 2921 871 Νίκαιαν.
2955 819 3049 881 Εἰς
3072 818 3183 888 γὰρ
3212 819 3446 888 ἐπήκοον
3482 822 3567 872 καὶ
3609 823 3710 875 τού.

512 908 608 960 siae
635 908 831 973 placita
864 910 1247 972 decernentes.
1313 914 1534 981 preprio
1603 911 1816 979 prolato
1864 911 2086 964 decreto

511 995 925 1062 subsignarunt.
955 997 1114 1053 Nulla
1143 1001 1327 1070 itaque
1357 1000 1683 1069 relinquitur
1705 1014 1835 1055 ansa
1869 1013 1939 1053 ne
1967 1014 2087 1053 om.

511 1103 626 1149 nes,
676 1088 975 1144 dummodo
1005 1091 1195 1155 velint,
1224 1106 1291 1145 ex
1319 1091 1712 1144 divinisdictis
1735 1091 1846 1158 jam
1883 1104 2085 1157 pr0po-

504 1181 625 1234 sitis
665 1182 949 1237 veritatem
1009 1193 1329 1254 agnoscant,
1395 1192 1449 1238 et
1499 1183 1827 1253 deifcrorum
1885 1184 2079 1236 horum

505 1272 727 1327 Patrum
762 1275 1009 1345 vestigiis
1030 1276 1368 1341 insistentes,
1401 1276 1468 1330 ad
1497 1290 1618 1330 eam
1659 1283 1911 1344 prompte
1950 1289 2084 1329 con-

504 1376 729 1421 currant
763 1384 775 1419 :
807 1383 1045 1436 namque
1068 1367 1299 1422 addecet
1328 1382 1443 1432 eos,
1503 1367 1598 1437 qui
1648 1376 1794 1422 metu
1835 1368 2080 1422 detinen-

504 1468 613 1521 tur,
642 1458 871 1527 ideoque
909 1461 975 1513 ad
1025 1460 1296 1514 dictorum
1374 1463 1810 1530 acceptationem
1867 1458 2081 1515 claudi-

504 1559 655 1613 cant,
713 1553 1164 1607 contentionibus
1191 1555 1419 1623 posthac
1470 1554 1716 1617 omissis,
1762 1562 1974 1609 tantum
2027 1563 2082 1608 et

504 1642 737 1695 similem
772 1643 992 1699 Patrum
1034 1648 1340 1716 catalognm
1371 1648 1506 1701 citra
1536 1647 1930 1701 dubitationem
1957 1662 2080 1702 om-

503 1746 624 1784 nem
658 1743 948 1802 sequentes
978 1736 1085 1790 illis
1114 1737 1384 1805 propriam
1437 1738 1669 1792 salutem
1710 1737 2075 1801 committere,

499 1836 731 1888 quorum
763 1825 1064 1877 secundum
1091 1827 1457 1893 cognitionem
1521 1827 1767 1882 veritatis
1803 1826 2072 1893 doctrina,

498 1920 553 1964 et
576 1914 816 1968 melioris
872 1916 1195 1986 dijudicatio
1223 1927 1310 1974 est
1344 1933 1477 1975 :eos
1526 1935 1678 1984 vero,
1728 1922 1820 1990 qui
1855 1930 2075 1989 propter

498 2004 902 2071 improbitatem
980 2024 1102 2064 sese
1132 2021 1433 2078 opponunt,
1473 2019 1731 2080 tanquam
1765 2012 1858 2081 qui
1885 2027 2071 2080 pacem

496 2108 619 2146 cum
664 2098 818 2149 nobis
847 2096 1034 2150 initam
1083 2098 1678 2163 dcclinant,aﬂ‘ectibus
1720 2102 2070 2169 posthabitis,

496 2197 636 2247 quos
671 2184 738 2237 ad
805 2186 951 2241 hunc
985 2188 1128 2243 diem
1194 2190 1472 2256 foverunt,
1538 2193 1730 2247 horum
1755 2204 2068 2248 sanctorum

497 2274 845 2330 divinissimo
880 2281 1049 2333 choro
1072 2295 1268 2336 manus
1294 2282 1446 2346 dare,
1480 2298 1671 2339 eorum
1710 2283 2070 2339 offensionem

496 2367 782 2432 reveritos,
812 2385 1044 2438 quorum
1079 2381 1134 2426 et
1168 2371 1477 2428 facinorum
1540 2376 1785 2441 claritas,
1839 2385 1893 2430 ct
1950 2391 2071 2445 quae

494 2460 619 2513 inde
671 2471 856 2516 secuta
912 2471 994 2516 est
1050 2464 1278 2534 gloriam
1358 2476 1614 2536 pet-pelue
1680 2467 2066 2521 immanentent

492 2554 778 2608 continens
829 2554 1068 2622 dignitas
1116 2566 1196 2611 est
1254 2558 1308 2611 in
1375 2558 1734 2612 admiratione
1781 2576 1795 2612 :
1839 2569 2069 2626 utroque

494 2655 624 2694 vero
648 2643 835 2698 vitatis
860 2646 1061 2710 noxiis,
1112 2647 1354 2716 proﬁcua
1396 2649 1674 2717 amplecti,
1703 2656 1757 2703 et
1787 2649 1897 2702 Deo
1941 2664 2064 2701 cum

491 2732 691 2786 tutiore
721 2743 871 2803 parte
900 2737 1231 2806 melioreque
1258 2739 1534 2793 adluerere
1556 2778 1569 2792 .

560 3013 653 3069 25.
696 3014 777 3069 Ita
820 3022 921 3080 est,
965 3015 1241 3086 inquiunt,
1276 3018 1369 3073 sed
1406 3020 1564 3074 valde
1599 3032 1813 3078 nostros
1844 3025 2062 3081 animos

2187 925 2295 960 των
2327 912 2426 978 τῆς
2456 908 2713 977 τοιαύτης
2739 908 3186 977 ἀναγνωσθείσης
3220 909 3521 979 ἐπιστολῆς,
3544 914 3710 978 πάντες

2187 996 2512 1066 ἀρεσθέντες
2544 997 2741 1060 κοινῶς
2768 997 2943 1070 ταύτῃ
2980 998 3291 1059 συνέθεντο,
3320 998 3411 1049 καὶ
3441 999 3608 1060 καλῶς
3633 1001 3708 1051 ai:-

2184 1087 2282 1159 τὴν
2313 1088 2455 1158 ἔχειν
2495 1090 2950 1159 ἀποφηνάμενοι,
2988 1089 3057 1140 δι’
3105 1089 3316 1151 οἰκείας
3352 1088 3560 1159 γνώμης
3604 1090 3711 1141 ἑπε-

2189 1181 2504 1249 σφράγισεν
2559 1182 2810 1243 ἕκαστος.
2876 1181 3118 1248 Οὐδεμία
3156 1181 3342 1233 τοίνυν
3394 1180 3710 1233 ἀπολείπεται

2184 1269 2456 1338 πρόφασις
2472 1271 2599 1333 τοὺς
2623 1271 2856 1332 πάντας,
2874 1269 2939 1321 ἂν
2953 1269 3212 1334 ἐθέλοιεν,
3235 1271 3293 1336 ἐξ
3311 1265 3384 1322 ὧν
3405 1270 3711 1339 παρεθέμεθα

2184 1361 2347 1415 θείων
2372 1363 2553 1433 ῥητῶν
2585 1362 2684 1432 τὴν
2706 1361 2969 1430 ἀλήθειαν
2996 1363 3226 1429 γνῶναι,
3260 1363 3354 1416 καὶ
3381 1362 3709 1431 προσδραμεῖν

2182 1453 2414 1523 ἑτοίμως
2444 1455 2611 1523 ἑαυτῇ
2649 1454 2762 1506 τῶν
2785 1453 3067 1524 θεοφόρων
3112 1451 3322 1506 τούτων
3376 1452 3572 1524 ἀνδρῶν
3616 1453 3710 1504 κατ’

2184 1545 2328 1616 ἴχνια
2358 1545 2663 1615 βαίνοντας.
2691 1545 2888 1614 Χρεὼν
2938 1547 3049 1616 γάρ
3087 1548 3207 1598 ὲστι
3268 1548 3394 1610 τοὺς
3425 1547 3519 1616 μὲν
3570 1546 3710 1616 δειλίᾳ

2180 1637 2601 1707 κατεχομένους,
2633 1639 2728 1689 καὶ
2777 1636 2865 1690 διά
2892 1636 3055 1690 τοῦτο
3111 1637 3254 1705 πρὸς
3290 1638 3390 1707 τὴν
3441 1636 3710 1708 παραδοχὴν

2180 1730 2290 1781 τῶν
2324 1728 2635 1798 λεγομένων
2667 1729 3021 1792 ὀκλάζοντας,
3064 1728 3160 1781 τοῦ
3206 1731 3568 1799 γνωσιμαχετν
3601 1731 3709 1799 ἀφε-

2188 1822 2385 1893 μένους
2422 1822 2649 1892 ἀπάρτι,
2677 1821 2919 1892 τοσούτῳ
2952 1821 3045 1874 καὶ
3065 1821 3302 1890 τοιούτῳ
3327 1822 3600 1891 καταλόγῳ
3625 1823 3710 1874 Πα-

2181 1916 2355 1986 τέρων
2374 1915 2666 1987 ἐπιτρέψαι
2688 1916 2787 1987 τὴν
2810 1916 3018 1969 οἰκείαν
3039 1916 3324 1986 σωτηρίαν
3344 1916 3709 1979 ἁνενδοιάστως,

2179 2011 2395 2074 τούτοις
2420 2009 2929 2078 ἀκολουθήσαντας,
2962 2004 3093 2077 ὧνὴ
3131 2009 3257 2060 κατ’
3302 2006 3588 2075 ἐπίγνωσιν
3632 2006 3709 2075 τῆς

2179 2100 2442 2172 ἀληθείας
2460 2098 2810 2164 διδασκαλία,
2842 2098 2938 2151 καὶ
2960 2098 3054 2151 τοῦ
3081 2097 3357 2168 βελτίονος
3380 2101 3412 2169 ἠ
3446 2098 3704 2168 διάκρισι;’

2179 2195 2305 2256 τοὺς
2336 2192 2393 2246 δὲ
2424 2193 2516 2247 διὰ
2567 2192 2770 2246 κακίαν
2820 2191 3288 2259 ἀνθισταμένους,
3346 2189 3421 2252 ὡς
3480 2189 3570 2257 τὴν
3614 2186 3705 2257 μεθ’

2176 2287 2338 2356 ἡμῶν
2366 2287 2595 2356 εἰρήνην
2631 2283 3010 2347 ἐκκλίναντας,
3053 2282 3116 2336 τὸ
3159 2282 3335 2346 πάθος
3382 2280 3704 2349 ἀποϐαλλομέ-

2178 2396 2303 2442 νους
2328 2381 2387 2441 ἐς
2407 2377 2569 2448 δεῦρο
2587 2377 2666 2447 τῷ
2694 2376 2803 2430 τῶν
2821 2377 2991 2444 ἁγίων
3009 2377 3221 2428 τούτων
3249 2373 3462 2438 ὑπεῖξαι
3489 2374 3702 2441 θειοτάτῳ

2177 2470 2344 2541 χορῷ,
2370 2468 2706 2537 πτοηθέντας
2735 2468 2796 2521 τὸ
2816 2467 3189 2538 προσκρούειν
3217 2467 3421 2530 αὐτοῖς,
3438 2459 3561 2533 ὧνὴ
3596 2463 3703 2529 λαμ·

2177 2563 2385 2631 πρότης
2414 2560 2521 2614 τῶν
2553 2560 2756 2631 ἔργων,
2795 2560 2891 2612 καὶ
2924 2559 2985 2610 τὸ
3016 2558 3274 2611 ἐντεῦθεν
3304 2557 3535 2625 ἀξίωμα,
3562 2555 3615 2606 τὸ
3639 2552 3702 2605 δό-

2179 2654 2277 2719 ξαν
2309 2642 2434 2723 ἕχον
2473 2651 2549 2723 μὴ
2580 2651 3037 2721 μεταπίπτουσαν
3057 2666 3072 2682 ’
3110 2649 3415 2719 ἑκατέρους
3440 2648 3513 2709 δὲ,
3541 2643 3700 2713 φυγόν-

2172 2762 2271 2807 τας
2300 2744 2362 2798 τδ
2396 2743 2659 2811 βλάπτον,
2694 2742 2755 2795 τὸ
2782 2740 3100 2795 λυσιτελοῦν
3148 2739 3592 2805 ἀνταλλάξασθαι,
3631 2735 3703 2786 καὶ

2173 2835 2293 2905 Θεῷ
2320 2833 2581 2917 γενέσθαι
2606 2833 2707 2904 τῆς
2733 2833 3166 2902 ἀσφαλεστάτης
3202 2832 3400 2904 μοίρας
3429 2831 3520 2884 καὶ
3554 2825 3701 2897 κρείτ-

2170 2944 2341 2990 τονος.
2757 2946 2761 2951 ·

2243 3027 2340 3076 κε’.
2376 3020 2503 3085 Ναὶ,
2538 3020 2722 3088 φασὶν,
2762 3019 2900 3073 ἀλλὰ
2946 3018 3206 3092 ταράττει
3241 3019 3443 3087 σφόδρα
3465 3015 3560 3078 ιτάς
3589 3015 3701 3082 ἡμε-

495 3106 685 3160 turbat
739 3123 833 3177 per
870 3108 1065 3163 Filium
1099 3111 1280 3166 dicere
1323 3128 1447 3168 esse
1491 3113 1753 3183 Spiritum
1788 3128 2062 3182 sanctum,

2171 3113 2333 3182 τέρας
2381 3112 2561 3183 ψυχὰς
2617 3111 2679 3164 τὸ
2725 3110 2794 3163 δι’
2819 3110 2949 3164 Υίοῦ
3004 3111 3189 3178 λέγειν
3238 3107 3378 3163 εἷναι
3433 3107 3489 3160 τὸ
3521 3104 3700 3170 Πνεῦμα

495 3216 561 3252 ne
596 3200 719 3267 quis
772 3202 896 3255 inde
932 3202 1274 3272 imperfectio
1309 3204 1454 3260 Patri
1502 3206 1769 3263 inferatur
1804 3210 1857 3263 in
1890 3210 2061 3279 Spiri-

494 3295 583 3343 tus
613 3289 950 3346 exsistcntia.
984 3290 1048 3347 Et
1077 3293 1351 3348 undenam
1379 3295 1432 3349 id
1463 3296 1618 3351 vobis
1654 3298 1875 3360 accidit.
1909 3311 1965 3351 ut
1991 3300 2057 3353 ad

492 3394 591 3433 eos
646 3394 911 3438 conversa
959 3385 1209 3438 oratione
1262 3387 1749 3455 interrogationem
1803 3391 2058 3460 dirigam,

489 3487 523 3523 ο
556 3474 824 3541 sapientia
851 3474 1060 3540 eximii,
1096 3475 1325 3542 ideoque
1350 3477 1701 3547 Evangelium
1730 3481 2061 3535 exhaurien-

487 3574 591 3630 tes,
623 3567 858 3620 similem
902 3567 1356 3624 absurdissimam
1408 3570 1743 3639 impietatem
1776 3575 2062 3642 concipere

488 3657 542 3708 in
597 3655 704 3710 illis
754 3657 963 3722 rebus,
1014 3659 1068 3712 in
1121 3660 1323 3729 quibus
1363 3661 1656 3730 prmlucida
1702 3662 2058 3718 ecclesiastici

489 3746 816 3801 ﬁrmamenti
857 3748 1064 3803 lumina
1105 3765 1214 3805 non
1245 3751 1454 3821 absque
1494 3752 1686 3807 eodem
1721 3751 1922 3821 Spiritu
1964 3755 2059 3808 de-

485 3840 815 3894 crercrunt?
846 3838 891 3894 0
928 3842 1071 3896 male
1116 3857 1318 3913 sanam,
1342 3844 1613 3897 mentem!
1649 3843 1741 3911 qui
1782 3844 1963 3900 scelus
2002 3846 2056 3898 in

486 3933 573 3988 his
602 3948 726 3988 esse
758 3942 1098 4003 reputantes,
1151 3935 1354 3989 dictam
1407 3935 1805 4003 blasphemiam
1849 3944 2060 3990 eructa-

484 4025 610 4078 slis.
642 4024 926 4091 Attamen,
963 4036 1024 4078 nt
1056 4040 1152 4081 eos
1177 4025 1245 4079 ab
1269 4026 1371 4081 hoc
1400 4029 1626 4081 crimine
1657 4038 1710 4081 ct
1743 4029 2054 4096 opprobrio,

485 4116 565 4168 uti
620 4130 718 4183 par
778 4124 896 4179 cst,
964 4115 1298 4181 liberemus,
1380 4132 1489 4172 non
1548 4119 2053 4188 imperfectimtem,

482 4226 515 4258 υ
556 4209 681 4271 viri,
715 4207 766 4261 id
813 4206 866 4261 in
911 4207 1072 4262 Patre
1124 4217 1309 4276 notat;
1352 4212 1812 4279 quemadmodum
1861 4230 1961 4268 nec
2005 4215 2054 4267 in

477 4300 642 4353 rebus
687 4300 904 4363 creatis,
953 4299 1099 4369 quod
1148 4299 1254 4355 illa:
1298 4316 1397 4371 per
1440 4301 1641 4357 Filium
1692 4304 1852 4359 facta:
1903 4313 2053 4366 sunt,

478 4392 604 4445 licet
653 4391 703 4444 in
760 4391 845 4447 bis
893 4392 1000 4446 alia
1065 4393 1207 4447 ratio
1256 4394 1351 4458 sit,
1400 4394 1501 4447 alia
1547 4395 1599 4449 in
1653 4396 1780 4460 illis,
1827 4406 1887 4449 ut
1926 4411 2053 4466 pro-

2161 3206 2224 3260 τὺ
2272 3206 2449 3272 ἅγιον,
2508 3203 2582 3274 μή
2639 3202 2773 3255 ποτέ
2827 3220 2913 3267 τις
2971 3202 3225 3256 ἐντεῦθεν
3276 3200 3485 3255 ἀτέλεια
3531 3194 3697 3266 προσά-

2161 3314 2348 3350 πτοιτο
2399 3295 2479 3365 τῷ
2511 3295 2687 3365 Πατρί⁸
2724 3291 2867 3349 κατᾶ
2910 3294 3009 3366 τὴν
3063 3294 3164 3347 τοῦ
3201 3294 3506 3362 Πνεύματος
3558 3287 3698 3353 ὕπαρ·

2162 3388 2265 3454 ξιν.
2305 3387 2415 3438 Καὶ
2444 3386 2628 3439 -πόθεν
2675 3386 2809 3456 ἡμῖν
2839 3384 2996 3438 τοῦτο
3018 3386 3267 3453 γέγονεν,
3316 3386 3422 3449 ἵνα,
3459 3381 3581 3452 πρὸς
3623 3375 3696 3428 αὐ-

2159 3481 2284 3540 τοὺς
2337 3477 2489 3530 ἔνθεν
2550 3477 2847 3535 ἀποτείνας
2897 3476 2989 3529 τὸν
3051 3476 3235 3542 λόγον,
3263 3475 3563 3545 ποιήσωμαι
3609 3465 3689 3530 τὴν)

2162 3567 2453 3639 ἐρώτησιν,
2485 3563 2530 3622 ὧ
2560 3569 2807 3639 περιττοί
2832 3567 2932 3637 τὴν
2972 3568 3194 3637 σοφίαν,
3251 3567 3343 3620 καὶ
3374 3563 3629 3621 κενοῦντες
3648 3559 3694 3606 ἐκ

2160 3662 2353 3714 τούτου
2387 3661 2451 3714 τὸ
2490 3660 2847 3728 Εὐαγγέλιον,
2878 3660 2939 3713 τὸ
2989 3660 3311 3728 λογίσασθαι
3340 3655 3529 3728 δηλαδὴ
3554 3650 3696 3706 τοιαύ-

2161 3768 2264 3821 την
2291 3753 2657 3821 ἀτοπωτάτην
2695 3751 3035 3816 δυσσέσειαν,
3077 3752 3136 3805 ἰν
3171 3746 3253 3809 οἷς
3297 3753 3344 3804 οί
3379 3745 3599 3819 λαμπροὶ
3623 3740 3694 3793 τοῦ

2164 3843 2264 3913 τῆς
2302 3843 2629 3915 Ἐκκλησίας
2657 3844 3040 3914 στερεὼματος
3074 3842 3367 3912 φωστῆρες
3393 3841 3555 3892 είπείν
3584 3834 3694 3901 μετά

2159 3935 2250 3988 τοῦ
2270 3935 2410 3988 Πνεύ
2419 3952 2587 4005 ματος
2609 3934 2850 4004 ἔφθασαν
2871 3934 3013 4005 ;Τῆς
3032 3935 3327 3996 κακονοίας
3348 3934 3360 3987 l
3381 3933 3458 3984 ὅτι
3476 3944 3568 3998 περ
3585 3927 3691 3982 ὅλως

2158 4026 2395 4096 ἀνομίαν
2427 4027 2485 4078 ἐν
2512 4028 2721 4089 τούτοις
2751 4025 3113 4088 ὑπολαϐόντες
3147 4025 3247 4097 τὴν
3288 4021 3569 4094 εἰρημένην
3592 4016 3690 4068 δνσ-

2160 4123 2370 4192 φημίαν
2425 4123 2752 4193 ηρεύξασθε.
2809 4120 2956 4193 Πλὴν
2997 4121 3075 4185 ὡς
3112 4121 3181 4177 ἂν
3224 4119 3318 4174 τοῦ
3350 4118 3592 4189 παρόντος
3621 4113 3690 4175 ὲῖσ

2158 4219 2259 4284 κλή
2270 4230 2458 4283 ματος.
2490 4215 2584 4267 καὶ
2608 4213 2702 4267 τοῦ
2734 4214 2926 4284 μώμου
2951 4213 3183 4276 δεόντως
3212 4212 3271 4275 ἐξ
3307 4209 3480 4264 αὐτῶν
3506 4204 3691 4259 ἐκείνων

2159 4308 2356 4370 αὐτοὺς
2385 4305 2782 4375 ἀπαλλάξωμεν
2806 4322 2824 4340 ο
2858 4306 2959 4358 οὐκ
2988 4305 3262 4369 ἀτέλειαν,
3322 4296 3366 4355 ὦ
3392 4293 3689 4363 οὖτοι,τοῦτἰ

2160 4398 2460 4466 κατηγορεῖ
2485 4397 2580 4449 τοῦ
2604 4397 2835 4467 Πατρός,
2859 4394 3049 4466 ὥσπερ
3074 4396 3197 4448 οὐδὲ
3222 4394 3313 4446 ἐπὶ
3332 4392 3437 4445 τῶν
3471 4390 3688 4457 δημιουρ“

475 4484 702 4537 cedente
747 4485 997 4539 oratione
1031 4486 1571 4552 demonstrabimus;
1617 4488 1749 4555 quin
1800 4488 2054 4542 virtutem

2171 4491 2447 4559 γημάτων,
2479 4489 2562 4541 ὅτι
2593 4487 2767 4541 ταῦτα
2816 4486 3075 4555 γεγόνασι
3113 4485 3182 4538 δι’
3233 4482 3382 4548 Υίοῦ,
3423 4473 3533 4532 κᾶν
3560 4472 3687 4529 ἄλλος

474 4575 678 4634 vivam.
728 4586 780 4628 et
812 4575 865 4628 in
904 4577 1180 4646 bypostasi
1232 4578 1619 4632 subsistentem
1652 4577 1849 4633 Filium
1900 4595 2052 4635 com-

478 4679 825 4732 ntonstrant,
887 4669 1171 4736 magisque
1232 4684 1454 4725 causam
1532 4686 1599 4725 ex
1665 4670 1822 4725 Patre
1878 4672 2056 4726 decla-

482 4767 603 4812 rant
633 4776 646 4810 :
676 4758 841 4826 idque
867 4769 1052 4826 aperte
1080 4759 1147 4813 de
1177 4761 1340 4815 rebus
1373 4761 1532 4815 factis
1582 4779 1811 4830 magnus
1837 4765 2057 4819 docebit

478 4850 714 4904 Basilius
746 4868 760 4902 :
801 4850 933 4904 dicit
960 4855 1106 4905 enim
1141 4854 1194 4906 in
1229 4862 1423 4907 octavo
1454 4856 1634 4921 capite
1665 4855 1731 4905 ad
1767 4856 2053 4924 Amphilo-

477 4944 656 4998 cltinnt
694 4960 706 4996 :
742 4940 870 4995 Ideo
925 4944 1058 4997 dicit
1111 4945 1368 4998 Dominus
1419 4962 1437 4999 :
1485 4964 1503 4996 ι
1545 4944 1740 4999 Omnia
1797 4962 1912 4999 mea
1962 4957 2054 4999 tua

476 5043 598 5087 sunt
622 5034 689 5097 ”,
721 5053 739 5085 ι
776 5044 1028 5105 tanquam
1059 5037 1127 5088 ad
1156 5037 1327 5104 ipsum
1359 5038 1505 5106 origo
1539 5039 1872 5090 conditarum
1917 5040 2052 5107 refe-

475 5129 636 5178 renda
668 5129 759 5193 sit,
793 5134 843 5180 et
892 5135 984 5179 tua
1016 5143 1156 5189 mea,
1197 5126 1338 5195 quod
1374 5127 1474 5195 ipsi
1523 5144 1555 5180 a
1595 5128 1756 5181 Patre
1790 5130 2049 5182 condendi

472 5221 767 5273 auctoritas
806 5220 1062 5287 provenit.
1098 5218 1335 5283 Quorum
1384 5222 1522 5272 enim
1552 5221 1775 5290 a’qualis
1824 5231 1900 5274 est
1951 5237 2046 5288 pa-

474 5291 683 5383 tentia,
746 5310 933 5363 horum
987 5310 1211 5378 a’qualis
1257 5319 1333 5363 est
1386 5321 1433 5364 et
1492 5314 1746 5379 operatio.
1806 5311 2047 5366 Christus

473 5402 731 5471 siquidem
786 5401 880 5453 Dei
937 5401 1104 5452 cirrus
1145 5408 1242 5465 est,
1298 5413 1343 5453 ct
1397 5400 1493 5453 Dei
1534 5403 1822 5470 sapientia,
1872 5412 1922 5455 et
1974 5404 2050 5455 sic

475 5494 652 5546 omnia
694 5510 785 5562 per
818 5495 995 5555 ipsum
1028 5483 1174 5561 [acia
1222 5502 1364 5546 sunt.
1427 5493 1495 5547 Et
1535 5496 1727 5564 paucis
1771 5494 2048 5548 annexis:

479 5586 694 5640 Putrem
741 5601 832 5653 per
864 5585 1060 5639 Filium
1109 5602 1311 5652 creare,
1356 5602 1518 5655 neque
1550 5587 1911 5654 imperfectam
1950 5585 2051 5638 Pa

551 5747 588 5774 ³⁵
612 5745 768 5799 Jnan.
804 5762 931 5807 xvu,
965 5745 1047 5800 i0.

2162 4575 2323 4643 οὗτος
2353 4581 2381 4631 ό
2430 4579 2604 4647 λόγος,
2654 4579 2906 4640 κάκεῖνος
2961 4577 3173 4647 ἔτερος,
3227 4576 3300 4636 ὼς
3336 4570 3591 4640 προϊόντες
3632 4575 3685 4609 τι

2165 4671 2293 4738 περὶ
2349 4668 2555 4720 τούτων
2607 4667 3098 4735 διευκρινήσομενο
3164 4665 3388 4734 δύναμιν
3436 4660 3489 4710 δὲ
3539 4652 3684 4718 ζῶσαν

2163 4762 2259 4814 καὶ
2282 4758 2648 4811 ὲνυπόστατον
2681 4757 2931 4811 δείκνυσι
2958 4757 3049 4811 τὸν
3094 4756 3244 4816 Υίὸν,
3292 4754 3383 4805 καὶ
3409 4750 3501 4817 τὴν
3539 4740 3683 4797 αἰτίαν

2165 4853 2365 4921 μᾶλλον
2400 4850 2691 4918 ἀναφαίνει
2730 4850 2830 4919 τὴν
2859 4850 2924 4900 ὲκ
2964 4848 3199 4918 Πατρόςο
3259 4847 3349 4899 καὶ
3402 4839 3544 4893 τοῦτο
3575 4831 3685 4886 διδά-

2163 4945 2243 5008 ξει
2268 4942 2481 5013 τρανῶς
2534 4943 2624 4994 ἐπὶ
2667 4941 2777 4994 τῶν
2811 4940 2988 5010 ἔργων
3014 4941 3042 4992 ὁ
3082 4942 3257 5009 μέγας
3299 4934 3571 4989 Βασίλειος.
3600 4922 3681 4975 Μ’

2161 5050 2246 5097 γει
2271 5034 2380 5102 γὰρ
2404 5033 2462 5084 ὲν
2490 5030 2567 5099 τῷ
2615 5029 2929 5100 ὀγδόῳ-τῶν
2978 5029 3115 5099 πρὸς
3180 5023 3507 5095 Ἀμφιλόχιον
3540 5027 3679 5079 κεφα-

2157 5123 2322 5201 λαίων
2342 5137 2357 5151 ⁸
2392 5120 2497 5174 Διὰ
2524 5122 2705 5174 τοῦτό
2743 5136 2940 5188 φησιν
2971 5122 3005 5172 ὁ
3039 5120 3251 5187 Κύριος
3284 5115 3425 5181 πρὸς
3462 5109 3556 5201 τόν
3585 5103 3677 5201 ΠῘΡ

2156 5198 2356 5281 τ’ἐραλι
2394 5216 2466 5266 Τὰ
2482 5215 2593 5281 ἐμὰ
2610 5212 2809 5266 πάντα
2829 5211 2914 5265 σά
2930 5213 3125 5277 ἐστιν,
3151 5231 3168 5263 ι
3188 5211 3264 5276 ὡς
3284 5208 3371 5261 ἐπ’
3396 5200 3562 5258 αὐτὸν
3590 5198 3674 5257 τῆς

2157 5306 2346 5375 ἀρχῆς
2390 5287 2512 5361 έῶν
2554 5304 3089 5375 δημιουρῖημάτων
3148 5301 3517 5371 dicare-uerno
3544 5309 3559 5341 ί
3588 5285 3663 5338 καί

2158 5398 2229 5451 τὰ
2251 5396 2334 5450 σὰ
2361 5397 2494 5464 ἐμὰ,
2526 5415 2544 5449 ι
2571 5397 2651 5460 ὡς
2675 5395 2911 5450 ἐκεῖθεν
2936 5396 3099 5463 αὐτῷ
3124 5395 3229 5463 τῆς
3266 5392 3445 5452 αἰτίας
3474 5377 3670 5474 τοῦμδης

2156 5489 2465 5559 μιουργεῖν
2520 5491 2927 5558 καθηκούσης.
2962 5484 3077 5544 Ὧν
3123 5488 3188 5542 δὲ
3237 5488 3270 5555 ἡ
3320 5469 3665 5566 ὃύναμιρῖωῇ

2162 5586 2266 5653 ἴση
2300 5586 2535 5652 πάντως
2569 5591 2662 5639 καί
2711 5587 2749 5653 ἡ
2794 5587 3085 5655 ἐνέργεια,
3135 5581 3369 5652 Χριστύς
3404 5573 3500 5646 γὰρ
3548 5567 3665 5617 Θεθυ
