  <div class='ocr_page' id='page_1' title='image "/cluster/home/n/w/nwhite01/storage/ocr_20150623/141/coo.31924054870468/544.png"; bbox 0 0 3970 6406; ppageno 0'>
   <div class='ocr_carea' id='block_1_1' title="bbox 257 382 390 449">
    <p class='ocr_par' dir='ltr' id='par_1_1' title="bbox 257 382 390 449">
     <span class='ocr_line' id='line_1_1' title="bbox 257 382 390 449; baseline -0.015 -1"><span class='ocrx_word' id='word_1_1' title='bbox 257 382 390 449; x_wconf 78' lang='lat'><strong><em>1081</em></strong></span> 
     </span>
    </p>
   </div>
   <div class='ocr_carea' id='block_1_2' title="bbox 1104 371 2628 446">
    <p class='ocr_par' dir='ltr' id='par_1_2' title="bbox 1104 371 2628 446">
     <span class='ocr_line' id='line_1_2' title="bbox 1104 371 2628 446; baseline -0.005 -2"><span class='ocrx_word' id='word_1_2' title='bbox 1104 381 1206 444; x_wconf 77' lang='lat' dir='ltr'><strong>DE</strong></span> <span class='ocrx_word' id='word_1_3' title='bbox 1244 375 1768 442; x_wconf 75' lang='lat' dir='ltr'><strong><em>PROCESSIONE</em></strong></span> <span class='ocrx_word' id='word_1_4' title='bbox 1808 377 1872 436; x_wconf 91' lang='lat' dir='ltr'><strong><em>S.</em></strong></span> <span class='ocrx_word' id='word_1_5' title='bbox 1913 372 2268 435; x_wconf 84' lang='lat' dir='ltr'><strong><em>SPIRITUS</em></strong></span> <span class='ocrx_word' id='word_1_6' title='bbox 2306 371 2531 446; x_wconf 74' lang='grc' dir='ltr'><strong><em>ΟΒᾼΤ.</em></strong></span> <span class='ocrx_word' id='word_1_7' title='bbox 2578 373 2628 436; x_wconf 91' lang='grc' dir='ltr'><em>Ῑ.</em></span> 
     </span>
    </p>
   </div>
   <div class='ocr_carea' id='block_1_3' title="bbox 3386 369 3522 433">
    <p class='ocr_par' dir='ltr' id='par_1_3' title="bbox 3386 369 3522 433">
     <span class='ocr_line' id='line_1_3' title="bbox 3386 369 3522 433; baseline 0 -2"><span class='ocrx_word' id='word_1_8' title='bbox 3386 369 3522 433; x_wconf 67' lang='grc'><strong><em>1032</em></strong></span> 
     </span>
    </p>
   </div>
   <div class='ocr_carea' id='block_1_4' title="bbox 249 484 1849 566">
    <p class='ocr_par' dir='ltr' id='par_1_4' title="bbox 249 492 1841 566">
     <span class='ocr_line' id='line_1_4' title="bbox 249 492 1841 566; baseline -0.005 -15"><span class='ocrx_word' id='word_1_9' title='bbox 249 498 529 566; x_wconf 83' lang='grc' dir='ltr'><em>δύναμις,</em></span> <span class='ocrx_word' id='word_1_10' title='bbox 567 495 667 550; x_wconf 79' lang='grc' dir='ltr'><em>καὶ</em></span> <span class='ocrx_word' id='word_1_11' title='bbox 721 496 871 551; x_wconf 83' lang='grc' dir='ltr'><strong><em>Θεοῦ</em></strong></span> <span class='ocrx_word' id='word_1_12' title='bbox 904 498 1111 566; x_wconf 69' lang='grc' dir='ltr'><em>σοφία,</em></span> <span class='ocrx_word' id='word_1_13' title='bbox 1162 497 1261 549; x_wconf 73' lang='grc' dir='ltr'><em>καὶ</em></span> <span class='ocrx_word' id='word_1_14' title='bbox 1322 496 1476 550; x_wconf 83' lang='grc' dir='ltr'><em>οὕτω</em></span> <span class='ocrx_word' id='word_1_15' title='bbox 1525 494 1722 548; x_wconf 81' lang='grc' dir='ltr'><em>πάντα</em></span> <span class='ocrx_word' id='word_1_16' title='bbox 1768 492 1841 544; x_wconf 82' lang='grc' dir='ltr'><em>δι’</em></span> 
     </span>
    </p>
   </div>
   <div class='ocr_carea' id='block_1_5' title="bbox 1942 484 3517 566">
    <p class='ocr_par' dir='ltr' id='par_1_5' title="bbox 1946 484 3517 558">
     <span class='ocr_line' id='line_1_5' title="bbox 1946 484 3517 558; baseline -0.001 -17"><span class='ocrx_word' id='word_1_17' title='bbox 1946 490 2043 543; x_wconf 86' lang='lat' dir='ltr'><strong><em>tris</em></strong></span> <span class='ocrx_word' id='word_1_18' title='bbox 2077 490 2399 542; x_wconf 87' lang='lat' dir='ltr'><strong><em>creationem</em></strong></span> <span class='ocrx_word' id='word_1_19' title='bbox 2425 497 2829 545; x_wconf 74' lang='lat' dir='ltr'><strong><em>commonstrat.</em></strong></span> <span class='ocrx_word' id='word_1_20' title='bbox 2885 503 3046 558; x_wconf 81' lang='lat' dir='ltr'><strong><em>neque</em></strong></span> <span class='ocrx_word' id='word_1_21' title='bbox 3083 484 3212 541; x_wconf 81' lang='lat' dir='ltr'><strong><em>Filii</em></strong></span> <span class='ocrx_word' id='word_1_22' title='bbox 3260 487 3517 540; x_wconf 76' lang='lat' dir='ltr'><strong><em>imbellem</em></strong></span> 
     </span>
    </p>
   </div>
   <div class='ocr_carea' id='block_1_6' title="bbox 247 582 1835 657">
    <p class='ocr_par' dir='ltr' id='par_1_6' title="bbox 247 582 1835 657">
     <span class='ocr_line' id='line_1_6' title="bbox 247 582 1835 657; baseline -0.003 -16"><span class='ocrx_word' id='word_1_23' title='bbox 247 587 440 642; x_wconf 84' lang='grc' dir='ltr'><em>αὐτοῦ</em></span> <span class='ocrx_word' id='word_1_24' title='bbox 488 587 748 657; x_wconf 78' lang='grc' dir='ltr'><em>ἐγένετο.</em></span> <span class='ocrx_word' id='word_1_25' title='bbox 782 588 891 641; x_wconf 66' lang='grc' dir='ltr'><strong><em>Καὶ</em></strong></span> <span class='ocrx_word' id='word_1_26' title='bbox 944 587 1084 657; x_wconf 88' lang='grc' dir='ltr'><em>μετά</em></span> <span class='ocrx_word' id='word_1_27' title='bbox 1136 602 1280 640; x_wconf 87' lang='grc' dir='ltr'><em>τινα·</em></span> <span class='ocrx_word' id='word_1_28' title='bbox 1327 584 1397 639; x_wconf 83' lang='grc' dir='ltr'><em>Τὸ</em></span> <span class='ocrx_word' id='word_1_29' title='bbox 1430 583 1527 638; x_wconf 81' lang='grc' dir='ltr'><em>διὰ</em></span> <span class='ocrx_word' id='word_1_30' title='bbox 1556 584 1662 636; x_wconf 88' lang='grc' dir='ltr'><strong><em>τοῦ</em></strong></span> <span class='ocrx_word' id='word_1_31' title='bbox 1698 582 1835 637; x_wconf 87' lang='grc' dir='ltr'><strong><em>Υἱοῦ</em></strong></span> 
     </span>
    </p>
   </div>
   <div class='ocr_carea' id='block_1_7' title="bbox 249 673 1834 746">
    <p class='ocr_par' dir='ltr' id='par_1_7' title="bbox 249 673 1834 746">
     <span class='ocr_line' id='line_1_7' title="bbox 249 673 1834 746; baseline -0.004 -16"><span class='ocrx_word' id='word_1_32' title='bbox 249 677 637 746; x_wconf 80' lang='grc' dir='ltr'><strong><em>δημιουργεῖν</em></strong></span> <span class='ocrx_word' id='word_1_33' title='bbox 666 677 776 731; x_wconf 79' lang='grc' dir='ltr'><strong><em>τὸν</em></strong></span> <span class='ocrx_word' id='word_1_34' title='bbox 803 678 1036 739; x_wconf 83' lang='grc' dir='ltr'><strong><em>Πατέρα</em></strong></span> <span class='ocrx_word' id='word_1_35' title='bbox 1081 676 1221 730; x_wconf 82' lang='grc' dir='ltr'><em>οὔτε</em></span> <span class='ocrx_word' id='word_1_36' title='bbox 1248 674 1434 740; x_wconf 81' lang='grc' dir='ltr'><em>ἀτελῆ</em></span> <span class='ocrx_word' id='word_1_37' title='bbox 1469 674 1576 728; x_wconf 88' lang='grc' dir='ltr'><strong><em>τοῦ</em></strong></span> <span class='ocrx_word' id='word_1_38' title='bbox 1603 673 1834 740; x_wconf 61' lang='grc' dir='ltr'><em>Πατρῦς</em></span> 
     </span>
    </p>
   </div>
   <div class='ocr_carea' id='block_1_8' title="bbox 247 765 1833 837">
    <p class='ocr_par' dir='ltr' id='par_1_8' title="bbox 247 765 1833 837">
     <span class='ocr_line' id='line_1_8' title="bbox 247 765 1833 837; baseline -0.001 -17"><span class='ocrx_word' id='word_1_39' title='bbox 247 767 369 835; x_wconf 77' lang='grc' dir='ltr'><em>τὴν</em></span> <span class='ocrx_word' id='word_1_40' title='bbox 419 767 815 837; x_wconf 71' lang='grc' dir='ltr'><em>δημιουργίαν</em></span> <span class='ocrx_word' id='word_1_41' title='bbox 867 769 1262 834; x_wconf 75' lang='grc' dir='ltr'><strong><em>συνίστησιν,</em></strong></span> <span class='ocrx_word' id='word_1_42' title='bbox 1297 769 1436 822; x_wconf 83' lang='grc' dir='ltr'><em>οὔτε</em></span> <span class='ocrx_word' id='word_1_43' title='bbox 1471 768 1692 820; x_wconf 83' lang='grc' dir='ltr'><em>ἄτονον</em></span> <span class='ocrx_word' id='word_1_44' title='bbox 1728 765 1833 819; x_wconf 87' lang='grc' dir='ltr'><strong><em>τοῦ</em></strong></span> 
     </span>
    </p>
   </div>
   <div class='ocr_carea' id='block_1_9' title="bbox 251 858 1834 927">
    <p class='ocr_par' dir='ltr' id='par_1_9' title="bbox 251 858 1834 927">
     <span class='ocr_line' id='line_1_9' title="bbox 251 858 1834 927; baseline -0.001 -15"><span class='ocrx_word' id='word_1_45' title='bbox 251 858 395 912; x_wconf 81' lang='grc' dir='ltr'><em>Υίοῦ</em></span> <span class='ocrx_word' id='word_1_46' title='bbox 426 858 773 927; x_wconf 85' lang='grc' dir='ltr'><em>παραδηλοῖ</em></span> <span class='ocrx_word' id='word_1_47' title='bbox 810 859 926 925; x_wconf 84' lang='grc' dir='ltr'><em>τὴν</em></span> <span class='ocrx_word' id='word_1_48' title='bbox 975 860 1300 927; x_wconf 71' lang='grc' dir='ltr'><em>ἐνέργειαν,</em></span> <span class='ocrx_word' id='word_1_49' title='bbox 1358 859 1520 913; x_wconf 74' lang='grc' dir='ltr'><em>ἀλλὰ</em></span> <span class='ocrx_word' id='word_1_50' title='bbox 1572 858 1638 910; x_wconf 82' lang='grc' dir='ltr'><em>τὸ</em></span> <span class='ocrx_word' id='word_1_51' title='bbox 1680 858 1834 923; x_wconf 70' lang='grc' dir='ltr'><em>ἡνω-</em></span> 
     </span>
    </p>
   </div>
   <div class='ocr_carea' id='block_1_10' title="bbox 1948 578 3518 653">
    <p class='ocr_par' dir='ltr' id='par_1_10' title="bbox 1948 578 3518 653">
     <span class='ocr_line' id='line_1_10' title="bbox 1948 578 3518 653; baseline -0.004 -18"><span class='ocrx_word' id='word_1_52' title='bbox 1948 582 2301 650; x_wconf 81' lang='lat' dir='ltr'><strong><em>operationem</em></strong></span> <span class='ocrx_word' id='word_1_53' title='bbox 2347 589 2619 645; x_wconf 86' lang='lat' dir='ltr'><strong><em>connotat,</em></strong></span> <span class='ocrx_word' id='word_1_54' title='bbox 2647 581 2736 633; x_wconf 77' lang='lat' dir='ltr'><strong><em>sed</em></strong></span> <span class='ocrx_word' id='word_1_55' title='bbox 2764 581 3050 635; x_wconf 73' lang='lat' dir='ltr'><strong><em>voluntatis</em></strong></span> <span class='ocrx_word' id='word_1_56' title='bbox 3096 578 3518 653; x_wconf 82' lang='lat' dir='ltr'><strong><em>conjunctionem</em></strong></span> 
     </span>
    </p>
   </div>
   <div class='ocr_carea' id='block_1_11' title="bbox 1943 665 3520 743">
    <p class='ocr_par' dir='ltr' id='par_1_11' title="bbox 1943 665 3520 743">
     <span class='ocr_line' id='line_1_11' title="bbox 1943 665 3520 743; baseline -0.004 -16"><span class='ocrx_word' id='word_1_57' title='bbox 1943 674 2213 743; x_wconf 77' lang='lat' dir='ltr'><strong><em>exprimit.</em></strong></span> <span class='ocrx_word' id='word_1_58' title='bbox 2248 665 2426 737; x_wconf 82' lang='lat' dir='ltr'><strong><em>Quare</em></strong></span> <span class='ocrx_word' id='word_1_59' title='bbox 2455 675 2617 726; x_wconf 83' lang='lat' dir='ltr'><strong><em>dictio</em></strong></span> <span class='ocrx_word' id='word_1_60' title='bbox 2647 689 2744 743; x_wconf 90' lang='lat' dir='ltr'><strong><em>per</em></strong></span> <span class='ocrx_word' id='word_1_61' title='bbox 2776 673 2974 727; x_wconf 82' lang='lat' dir='ltr'><strong><em>Filium</em></strong></span> <span class='ocrx_word' id='word_1_62' title='bbox 3032 671 3310 738; x_wconf 64' lang='lat' dir='ltr'><strong><em>primariae</em></strong></span> <span class='ocrx_word' id='word_1_63' title='bbox 3344 685 3520 722; x_wconf 52' lang='lat' dir='ltr'><strong><em>causa?</em></strong></span> 
     </span>
    </p>
   </div>
   <div class='ocr_carea' id='block_1_12' title="bbox 1943 761 3515 836">
    <p class='ocr_par' dir='ltr' id='par_1_12' title="bbox 1943 761 3515 836">
     <span class='ocr_line' id='line_1_12' title="bbox 1943 761 3515 836; baseline -0.005 -15"><span class='ocrx_word' id='word_1_64' title='bbox 1943 767 2325 836; x_wconf 74' lang='lat' dir='ltr'><strong><em>confessionem</em></strong></span> <span class='ocrx_word' id='word_1_65' title='bbox 2366 765 2544 831; x_wconf 79' lang='lat' dir='ltr'><strong><em>habet,</em></strong></span> <span class='ocrx_word' id='word_1_66' title='bbox 2575 782 2678 819; x_wconf 90' lang='lat' dir='ltr'><strong><em>non</em></strong></span> <span class='ocrx_word' id='word_1_67' title='bbox 2723 766 2775 818; x_wconf 88' lang='lat' dir='ltr'><strong><em>in</em></strong></span> <span class='ocrx_word' id='word_1_68' title='bbox 2804 765 3011 834; x_wconf 72' lang='lat' dir='ltr'><strong><em>defectu</em></strong></span> <span class='ocrx_word' id='word_1_69' title='bbox 3042 777 3220 816; x_wconf 67' lang='lat' dir='ltr'><strong><em>cause</em></strong></span> <span class='ocrx_word' id='word_1_70' title='bbox 3253 761 3515 815; x_wconf 85' lang='lat' dir='ltr'><strong><em>conditri-</em></strong></span> 
     </span>
    </p>
   </div>
   <div class='ocr_carea' id='block_1_13' title="bbox 1941 858 2363 912">
    <p class='ocr_par' dir='ltr' id='par_1_13' title="bbox 1941 858 2363 912">
     <span class='ocr_line' id='line_1_13' title="bbox 1941 858 2363 912; baseline -0.002 -1"><span class='ocrx_word' id='word_1_71' title='bbox 1941 860 2013 912; x_wconf 85' lang='lat' dir='ltr'><strong><em>cis</em></strong></span> <span class='ocrx_word' id='word_1_72' title='bbox 2051 858 2363 910; x_wconf 76' lang='lat' dir='ltr'><strong><em>assumitur.</em></strong></span> 
     </span>
    </p>
   </div>
   <div class='ocr_carea' id='block_1_14' title="bbox 239 949 3518 1021">
    <p class='ocr_par' dir='ltr' id='par_1_14' title="bbox 239 949 3518 1021">
     <span class='ocr_line' id='line_1_14' title="bbox 239 949 3518 1021; baseline -0.002 -17"><span class='ocrx_word' id='word_1_73' title='bbox 239 952 434 1021; x_wconf 84' lang='grc' dir='ltr'><em>μένον</em></span> <span class='ocrx_word' id='word_1_74' title='bbox 482 952 591 1006; x_wconf 88' lang='grc' dir='ltr'><strong><em>τοῦ</em></strong></span> <span class='ocrx_word' id='word_1_75' title='bbox 642 953 980 1021; x_wconf 78' lang='grc' dir='ltr'><em>θελήματος</em></span> <span class='ocrx_word' id='word_1_76' title='bbox 1026 954 1418 1020; x_wconf 70' lang='grc' dir='ltr'><em>παρίστησιν,</em></span> <span class='ocrx_word' id='word_1_77' title='bbox 1468 951 1651 1004; x_wconf 83' lang='grc' dir='ltr'><strong><em>Ὥστε</em></strong></span> <span class='ocrx_word' id='word_1_78' title='bbox 1723 952 1761 1016; x_wconf 74' lang='grc' dir='ltr'>ἡ</span> <span class='ocrx_word' id='word_1_79' title='bbox 1795 949 1868 1002; x_wconf 78' lang='grc' dir='ltr'><em>δι’</em></span> <span class='ocrx_word' id='word_1_80' title='bbox 1904 949 2039 1003; x_wconf 82' lang='grc' dir='ltr'><em>Υιοῦ</em></span> <span class='ocrx_word' id='word_1_81' title='bbox 2077 950 2249 1018; x_wconf 78' lang='grc' dir='ltr'><em>φωνὴ</em></span> <span class='ocrx_word' id='word_1_82' title='bbox 2317 949 2428 1016; x_wconf 85' lang='grc' dir='ltr'><em>τῆς</em></span> <span class='ocrx_word' id='word_1_83' title='bbox 2481 953 3002 1019; x_wconf 80' lang='grc' dir='ltr'><em>προκαταρκτικῆς</em></span> <span class='ocrx_word' id='word_1_84' title='bbox 3056 950 3250 1014; x_wconf 75' lang='grc' dir='ltr'><em>αἰτίας</em></span> <span class='ocrx_word' id='word_1_85' title='bbox 3302 950 3518 1013; x_wconf 75' lang='grc' dir='ltr'><em>ὁμολο-</em></span> 
     </span>
    </p>
   </div>
   <div class='ocr_carea' id='block_1_15' title="bbox 242 1041 2503 1114">
    <p class='ocr_par' dir='ltr' id='par_1_15' title="bbox 242 1041 2503 1114">
     <span class='ocr_line' id='line_1_15' title="bbox 242 1041 2503 1114; baseline 0.001 -19"><span class='ocrx_word' id='word_1_86' title='bbox 242 1043 385 1112; x_wconf 76' lang='grc' dir='ltr'><em>γίαν</em></span> <span class='ocrx_word' id='word_1_87' title='bbox 415 1041 562 1110; x_wconf 85' lang='grc' dir='ltr'><em>ἕχει,</em></span> <span class='ocrx_word' id='word_1_88' title='bbox 594 1045 706 1097; x_wconf 79' lang='grc' dir='ltr'><em>οὐκ</em></span> <span class='ocrx_word' id='word_1_89' title='bbox 737 1044 837 1098; x_wconf 76' lang='grc' dir='ltr'><strong><em>ἐπὶ</em></strong></span> <span class='ocrx_word' id='word_1_90' title='bbox 873 1046 1198 1114; x_wconf 77' lang='grc' dir='ltr'><strong><em>κατηγορίᾳ</em></strong></span> <span class='ocrx_word' id='word_1_91' title='bbox 1230 1046 1337 1098; x_wconf 89' lang='grc' dir='ltr'><strong><em>τοῦ</em></strong></span> <span class='ocrx_word' id='word_1_92' title='bbox 1370 1043 1687 1111; x_wconf 81' lang='grc' dir='ltr'><strong><em>ποιητικοῦ</em></strong></span> <span class='ocrx_word' id='word_1_93' title='bbox 1735 1046 1928 1097; x_wconf 67' lang='grc' dir='ltr'><em>αίτὶου</em></span> <span class='ocrx_word' id='word_1_94' title='bbox 1954 1044 2503 1111; x_wconf 72' lang='grc' dir='ltr'><em>παραλαμϐάνεται.</em></span> 
     </span>
    </p>
   </div>
   <div class='ocr_carea' id='block_1_16' title="bbox 316 1131 1831 1207">
    <p class='ocr_par' dir='ltr' id='par_1_16' title="bbox 316 1131 1831 1207">
     <span class='ocr_line' id='line_1_16' title="bbox 316 1131 1831 1207; baseline 0.001 -21"><span class='ocrx_word' id='word_1_95' title='bbox 316 1131 434 1198; x_wconf 83' lang='grc' dir='ltr'><em>κς⁹.</em></span> <span class='ocrx_word' id='word_1_96' title='bbox 466 1133 612 1202; x_wconf 80' lang='grc' dir='ltr'><em>Πρὸς</em></span> <span class='ocrx_word' id='word_1_97' title='bbox 659 1135 839 1191; x_wconf 86' lang='grc' dir='ltr'><strong><em>ταῦτά</em></strong></span> <span class='ocrx_word' id='word_1_98' title='bbox 872 1154 1037 1207; x_wconf 76' lang='grc' dir='ltr'><em>φησιν</em></span> <span class='ocrx_word' id='word_1_99' title='bbox 1092 1136 1437 1207; x_wconf 73' lang='grc' dir='ltr'><em>ὑφαρπάζων</em></span> <span class='ocrx_word' id='word_1_100' title='bbox 1488 1135 1580 1188; x_wconf 77' lang='grc' dir='ltr'><em>τὸν</em></span> <span class='ocrx_word' id='word_1_101' title='bbox 1617 1136 1774 1203; x_wconf 90' lang='grc' dir='ltr'><em>λόγον</em></span> <span class='ocrx_word' id='word_1_102' title='bbox 1803 1137 1831 1188; x_wconf 87' lang='grc' dir='ltr'><strong>ὁ</strong></span> 
     </span>
    </p>
   </div>
   <div class='ocr_carea' id='block_1_17' title="bbox 241 1224 1830 1300">
    <p class='ocr_par' dir='ltr' id='par_1_17' title="bbox 241 1224 1830 1300">
     <span class='ocr_line' id='line_1_17' title="bbox 241 1224 1830 1300; baseline 0.003 -25"><span class='ocrx_word' id='word_1_103' title='bbox 241 1225 386 1294; x_wconf 85' lang='grc' dir='ltr'><em>πρὸς</em></span> <span class='ocrx_word' id='word_1_104' title='bbox 415 1224 739 1297; x_wconf 82' lang='grc' dir='ltr'><em>ἀντίρῥησιν</em></span> <span class='ocrx_word' id='word_1_105' title='bbox 772 1228 1087 1299; x_wconf 77' lang='grc' dir='ltr'><em>πρόχειροςο</em></span> <span class='ocrx_word' id='word_1_106' title='bbox 1120 1229 1229 1283; x_wconf 80' lang='grc' dir='ltr'><strong><em>Καὶ</em></strong></span> <span class='ocrx_word' id='word_1_107' title='bbox 1261 1228 1382 1282; x_wconf 91' lang='grc' dir='ltr'><em>τίνα</em></span> <span class='ocrx_word' id='word_1_108' title='bbox 1420 1228 1519 1300; x_wconf 83' lang='grc' dir='ltr'><em>τὴν</em></span> <span class='ocrx_word' id='word_1_109' title='bbox 1543 1229 1830 1281; x_wconf 71' lang='grc' dir='ltr'><em>κοινωνίαν</em></span> 
     </span>
    </p>
   </div>
   <div class='ocr_carea' id='block_1_18' title="bbox 243 1314 1833 1388">
    <p class='ocr_par' dir='ltr' id='par_1_18' title="bbox 243 1314 1833 1388">
     <span class='ocr_line' id='line_1_18' title="bbox 243 1314 1833 1388; baseline 0.001 -22"><span class='ocrx_word' id='word_1_110' title='bbox 243 1314 360 1385; x_wconf 78' lang='grc' dir='ltr'><em>ἔχει</em></span> <span class='ocrx_word' id='word_1_111' title='bbox 391 1314 528 1384; x_wconf 82' lang='grc' dir='ltr'><em>πρὸς</em></span> <span class='ocrx_word' id='word_1_112' title='bbox 577 1316 679 1386; x_wconf 83' lang='grc' dir='ltr'><em>τὴν</em></span> <span class='ocrx_word' id='word_1_113' title='bbox 731 1317 909 1370; x_wconf 80' lang='grc' dir='ltr'><em>κτίσιν</em></span> <span class='ocrx_word' id='word_1_114' title='bbox 944 1318 1004 1370; x_wconf 81' lang='grc' dir='ltr'><em>τὸ</em></span> <span class='ocrx_word' id='word_1_115' title='bbox 1044 1318 1268 1388; x_wconf 79' lang='grc' dir='ltr'><strong><em>Πνεῦμα</em></strong></span> <span class='ocrx_word' id='word_1_116' title='bbox 1294 1318 1352 1370; x_wconf 73' lang='grc' dir='ltr'><em>τὸ</em></span> <span class='ocrx_word' id='word_1_117' title='bbox 1394 1320 1570 1386; x_wconf 79' lang='grc' dir='ltr'><em>ἆγιον,</em></span> <span class='ocrx_word' id='word_1_118' title='bbox 1597 1318 1678 1370; x_wconf 81' lang='grc' dir='ltr'><em>ὅτι</em></span> <span class='ocrx_word' id='word_1_119' title='bbox 1705 1315 1833 1367; x_wconf 76' lang='grc' dir='ltr'><strong><em>ταὺ-</em></strong></span> 
     </span>
    </p>
   </div>
   <div class='ocr_carea' id='block_1_19' title="bbox 243 1393 1827 1479">
    <p class='ocr_par' dir='ltr' id='par_1_19' title="bbox 243 1393 1827 1479">
     <span class='ocr_line' id='line_1_19' title="bbox 243 1393 1827 1479; baseline 0.004 -24"><span class='ocrx_word' id='word_1_120' title='bbox 243 1420 379 1475; x_wconf 47' lang='grc' dir='ltr'><em>την,</em></span> <span class='ocrx_word' id='word_1_121' title='bbox 410 1402 550 1467; x_wconf 87' lang='grc' dir='ltr'><em>δλως</em></span> <span class='ocrx_word' id='word_1_122' title='bbox 595 1406 654 1458; x_wconf 71' lang='grc' dir='ltr'><em>ἐν</em></span> <span class='ocrx_word' id='word_1_123' title='bbox 701 1409 814 1469; x_wconf 84' lang='grc' dir='ltr'><em>τοῖς</em></span> <span class='ocrx_word' id='word_1_124' title='bbox 848 1408 980 1477; x_wconf 79' lang='grc' dir='ltr'><em>περὶ</em></span> <span class='ocrx_word' id='word_1_125' title='bbox 1014 1397 1232 1461; x_wconf 68' lang='grc' dir='ltr'><em>’τούτου</em></span> <span class='ocrx_word' id='word_1_126' title='bbox 1271 1393 1450 1476; x_wconf 83' lang='grc' dir='ltr'><em>λόγοις</em></span> <span class='ocrx_word' id='word_1_127' title='bbox 1498 1406 1827 1479; x_wconf 75' lang='grc' dir='ltr'><em>παρέλαϐες,</em></span> 
     </span>
    </p>
   </div>
   <div class='ocr_carea' id='block_1_20' title="bbox 253 1496 1831 1573">
    <p class='ocr_par' dir='ltr' id='par_1_20' title="bbox 253 1496 1831 1573">
     <span class='ocr_line' id='line_1_20' title="bbox 253 1496 1831 1573; baseline 0.001 -25"><span class='ocrx_word' id='word_1_128' title='bbox 253 1497 356 1565; x_wconf 80' lang='grc' dir='ltr'><em>τὴν</em></span> <span class='ocrx_word' id='word_1_129' title='bbox 387 1496 455 1549; x_wconf 86' lang='grc' dir='ltr'><em>δι’</em></span> <span class='ocrx_word' id='word_1_130' title='bbox 489 1496 623 1550; x_wconf 86' lang='grc' dir='ltr'><strong><em>Υίοῦ</em></strong></span> <span class='ocrx_word' id='word_1_131' title='bbox 669 1501 855 1569; x_wconf 80' lang='grc' dir='ltr'><em>φωνὴν</em></span> <span class='ocrx_word' id='word_1_132' title='bbox 906 1503 1307 1571; x_wconf 81' lang='grc' dir='ltr'><strong><em>προσαρμόσας</em></strong></span> <span class='ocrx_word' id='word_1_133' title='bbox 1339 1503 1564 1573; x_wconf 76' lang='grc' dir='ltr'><em>ἀμφοῖν,</em></span> <span class='ocrx_word' id='word_1_134' title='bbox 1607 1500 1702 1554; x_wconf 73' lang='grc' dir='ltr'><em>καὶ</em></span> <span class='ocrx_word' id='word_1_135' title='bbox 1730 1502 1831 1568; x_wconf 79' lang='grc' dir='ltr'><em>τὴν</em></span> 
     </span>
    </p>
   </div>
   <div class='ocr_carea' id='block_1_21' title="bbox 250 1586 1831 1662">
    <p class='ocr_par' dir='ltr' id='par_1_21' title="bbox 250 1586 1831 1662">
     <span class='ocr_line' id='line_1_21' title="bbox 250 1586 1831 1662; baseline 0.001 -25"><span class='ocrx_word' id='word_1_136' title='bbox 250 1586 501 1640; x_wconf 74' lang='grc' dir='ltr'><em>ἐντεῦθεν</em></span> <span class='ocrx_word' id='word_1_137' title='bbox 523 1588 618 1640; x_wconf 78' lang='grc' dir='ltr'><strong><em>ἐπὶ</em></strong></span> <span class='ocrx_word' id='word_1_138' title='bbox 648 1589 745 1642; x_wconf 80' lang='grc' dir='ltr'><strong><em>τοῦ</em></strong></span> <span class='ocrx_word' id='word_1_139' title='bbox 798 1591 1016 1660; x_wconf 77' lang='grc' dir='ltr'><em>Πατρὸς</em></span> <span class='ocrx_word' id='word_1_140' title='bbox 1073 1591 1530 1662; x_wconf 83' lang='grc' dir='ltr'><em>ὑποπτευομένην</em></span> <span class='ocrx_word' id='word_1_141' title='bbox 1581 1590 1831 1644; x_wconf 67' lang='grc' dir='ltr'><em>ἀτέλειαν</em></span> 
     </span>
    </p>
   </div>
   <div class='ocr_carea' id='block_1_22' title="bbox 247 1675 1830 1755">
    <p class='ocr_par' dir='ltr' id='par_1_22' title="bbox 247 1675 1830 1755">
     <span class='ocr_line' id='line_1_22' title="bbox 247 1675 1830 1755; baseline 0.002 -24"><span class='ocrx_word' id='word_1_142' title='bbox 247 1677 501 1747; x_wconf 84' lang='grc' dir='ltr'><em>μηδόλως</em></span> <span class='ocrx_word' id='word_1_143' title='bbox 532 1675 676 1735; x_wconf 73' lang='grc' dir='ltr'><em>εἶναι</em></span> <span class='ocrx_word' id='word_1_144' title='bbox 738 1684 855 1734; x_wconf 87' lang='grc' dir='ltr'><em>κατ’</em></span> <span class='ocrx_word' id='word_1_145' title='bbox 890 1685 1005 1736; x_wconf 74' lang='grc' dir='ltr'><em>ἴσον</em></span> <span class='ocrx_word' id='word_1_146' title='bbox 1055 1684 1513 1755; x_wconf 74' lang='grc' dir='ltr'><em>ἅποφηνάμενοςς</em></span> <span class='ocrx_word' id='word_1_147' title='bbox 1578 1681 1720 1750; x_wconf 83' lang='grc' dir='ltr'><strong><em>Ἐγὼ</em></strong></span> <span class='ocrx_word' id='word_1_148' title='bbox 1775 1683 1830 1735; x_wconf 78' lang='grc' dir='ltr'><em>δὲ</em></span> 
     </span>
    </p>
   </div>
   <div class='ocr_carea' id='block_1_23' title="bbox 251 1773 1834 1845">
    <p class='ocr_par' dir='ltr' id='par_1_23' title="bbox 251 1773 1834 1845">
     <span class='ocr_line' id='line_1_23' title="bbox 251 1773 1834 1845; baseline 0.003 -23"><span class='ocrx_word' id='word_1_149' title='bbox 251 1773 538 1826; x_wconf 80' lang='grc' dir='ltr'><em>κοινωνίαν</em></span> <span class='ocrx_word' id='word_1_150' title='bbox 571 1775 670 1843; x_wconf 80' lang='grc' dir='ltr'><em>μὲν</em></span> <span class='ocrx_word' id='word_1_151' title='bbox 694 1775 954 1845; x_wconf 80' lang='grc' dir='ltr'><strong><em>οὐδεμίαν</em></strong></span> <span class='ocrx_word' id='word_1_152' title='bbox 981 1776 1350 1839; x_wconf 79' lang='grc' dir='ltr'><em>οὐδοπωσοῦν,</em></span> <span class='ocrx_word' id='word_1_153' title='bbox 1376 1775 1490 1830; x_wconf 87' lang='grc' dir='ltr'><em>ἀλλ’</em></span> <span class='ocrx_word' id='word_1_154' title='bbox 1521 1775 1643 1829; x_wconf 77' lang='grc' dir='ltr'><em>οὐδὲ</em></span> <span class='ocrx_word' id='word_1_155' title='bbox 1675 1773 1834 1843; x_wconf 86' lang='grc' dir='ltr'><em>λόγον</em></span> 
     </span>
    </p>
   </div>
   <div class='ocr_carea' id='block_1_24' title="bbox 2010 1130 3519 1201">
    <p class='ocr_par' dir='ltr' id='par_1_24' title="bbox 2010 1130 3519 1201">
     <span class='ocr_line' id='line_1_24' title="bbox 2010 1130 3519 1201; baseline -0.005 -12"><span class='ocrx_word' id='word_1_156' title='bbox 2010 1135 2102 1189; x_wconf 79' lang='grc'><strong><em>26.</em></strong></span> <span class='ocrx_word' id='word_1_157' title='bbox 2145 1136 2225 1189; x_wconf 84' lang='lat' dir='ltr'><strong><em>Ad</em></strong></span> <span class='ocrx_word' id='word_1_158' title='bbox 2257 1136 2369 1189; x_wconf 79' lang='lat' dir='ltr'><strong><em>inec</em></strong></span> <span class='ocrx_word' id='word_1_159' title='bbox 2422 1135 2586 1189; x_wconf 81' lang='lat' dir='ltr'><strong><em>infert</em></strong></span> <span class='ocrx_word' id='word_1_160' title='bbox 2630 1150 2938 1190; x_wconf 73' lang='lat' dir='ltr'><strong><em>sermonem</em></strong></span> <span class='ocrx_word' id='word_1_161' title='bbox 2985 1133 3277 1201; x_wconf 85' lang='lat' dir='ltr'><strong><em>arripiens,</em></strong></span> <span class='ocrx_word' id='word_1_162' title='bbox 3313 1133 3405 1198; x_wconf 87' lang='lat' dir='ltr'><strong><em>qui</em></strong></span> <span class='ocrx_word' id='word_1_163' title='bbox 3449 1130 3519 1183; x_wconf 82' lang='lat' dir='ltr'><strong><em>ad</em></strong></span> 
     </span>
    </p>
   </div>
   <div class='ocr_carea' id='block_1_25' title="bbox 1938 1222 3517 1297">
    <p class='ocr_par' dir='ltr' id='par_1_25' title="bbox 1938 1222 3517 1297">
     <span class='ocr_line' id='line_1_25' title="bbox 1938 1222 3517 1297; baseline -0.005 -14"><span class='ocrx_word' id='word_1_164' title='bbox 1938 1227 2426 1283; x_wconf 85' lang='lat' dir='ltr'><strong><em>contradicendum</em></strong></span> <span class='ocrx_word' id='word_1_165' title='bbox 2497 1239 2778 1297; x_wconf 82' lang='lat' dir='ltr'><strong><em>promptus</em></strong></span> <span class='ocrx_word' id='word_1_166' title='bbox 2845 1228 3214 1296; x_wconf 86' lang='lat' dir='ltr'><strong><em>proclivisque</em></strong></span> <span class='ocrx_word' id='word_1_167' title='bbox 3273 1231 3356 1277; x_wconf 66' lang='lat' dir='ltr'><strong><em>est</em></strong></span> <span class='ocrx_word' id='word_1_168' title='bbox 3399 1239 3415 1275; x_wconf 87' lang='lat'><strong>:</strong></span> <span class='ocrx_word' id='word_1_169' title='bbox 3455 1222 3517 1275; x_wconf 73' lang='lat' dir='ltr'><strong><em>l&quot;t</em></strong></span> 
     </span>
    </p>
   </div>
   <div class='ocr_carea' id='block_1_26' title="bbox 1937 1314 3517 1389">
    <p class='ocr_par' dir='ltr' id='par_1_26' title="bbox 1937 1314 3517 1389">
     <span class='ocr_line' id='line_1_26' title="bbox 1937 1314 3517 1389; baseline -0.006 -17"><span class='ocrx_word' id='word_1_170' title='bbox 1937 1335 2101 1389; x_wconf 88' lang='lat' dir='ltr'><strong><em>quam</em></strong></span> <span class='ocrx_word' id='word_1_171' title='bbox 2154 1319 2598 1374; x_wconf 86' lang='lat' dir='ltr'><strong><em>communionem</em></strong></span> <span class='ocrx_word' id='word_1_172' title='bbox 2673 1320 2726 1371; x_wconf 89' lang='lat' dir='ltr'><strong><em>in</em></strong></span> <span class='ocrx_word' id='word_1_173' title='bbox 2787 1318 2953 1371; x_wconf 84' lang='lat' dir='ltr'><strong><em>rebus</em></strong></span> <span class='ocrx_word' id='word_1_174' title='bbox 3013 1319 3214 1369; x_wconf 79' lang='lat' dir='ltr'><strong><em>creatis</em></strong></span> <span class='ocrx_word' id='word_1_175' title='bbox 3279 1314 3517 1382; x_wconf 74' lang='lat' dir='ltr'><strong><em>Spiritus</em></strong></span> 
     </span>
    </p>
   </div>
   <div class='ocr_carea' id='block_1_27' title="bbox 1935 1405 3516 1479">
    <p class='ocr_par' dir='ltr' id='par_1_27' title="bbox 1935 1405 3516 1479">
     <span class='ocr_line' id='line_1_27' title="bbox 1935 1405 3516 1479; baseline -0.008 -14"><span class='ocrx_word' id='word_1_176' title='bbox 1935 1424 2159 1465; x_wconf 83' lang='lat' dir='ltr'><strong><em>sanctus</em></strong></span> <span class='ocrx_word' id='word_1_177' title='bbox 2205 1411 2385 1473; x_wconf 82' lang='lat' dir='ltr'><strong><em>habet,</em></strong></span> <span class='ocrx_word' id='word_1_178' title='bbox 2437 1410 2582 1479; x_wconf 88' lang='lat' dir='ltr'><strong><em>quod</em></strong></span> <span class='ocrx_word' id='word_1_179' title='bbox 2632 1425 2754 1465; x_wconf 87' lang='lat' dir='ltr'><strong><em>eam</em></strong></span> <span class='ocrx_word' id='word_1_180' title='bbox 2792 1424 3019 1479; x_wconf 82' lang='lat' dir='ltr'><strong><em>prorsus</em></strong></span> <span class='ocrx_word' id='word_1_181' title='bbox 3064 1407 3118 1460; x_wconf 90' lang='lat' dir='ltr'><strong><em>in</em></strong></span> <span class='ocrx_word' id='word_1_182' title='bbox 3169 1405 3516 1460; x_wconf 77' lang='lat' dir='ltr'><strong><em>sermonibus</em></strong></span> 
     </span>
    </p>
   </div>
   <div class='ocr_carea' id='block_1_28' title="bbox 1936 1494 3518 1569">
    <p class='ocr_par' dir='ltr' id='par_1_28' title="bbox 1936 1494 3518 1569">
     <span class='ocr_line' id='line_1_28' title="bbox 1936 1494 3518 1569; baseline -0.006 -14"><span class='ocrx_word' id='word_1_183' title='bbox 1936 1503 2004 1557; x_wconf 90' lang='lat' dir='ltr'><strong><em>de</em></strong></span> <span class='ocrx_word' id='word_1_184' title='bbox 2045 1503 2148 1557; x_wconf 87' lang='lat' dir='ltr'><strong><em>hac</em></strong></span> <span class='ocrx_word' id='word_1_185' title='bbox 2191 1518 2248 1555; x_wconf 89' lang='lat' dir='ltr'><strong><em>re</em></strong></span> <span class='ocrx_word' id='word_1_186' title='bbox 2293 1502 2495 1555; x_wconf 88' lang='lat' dir='ltr'><strong><em>habitis</em></strong></span> <span class='ocrx_word' id='word_1_187' title='bbox 2530 1500 2903 1569; x_wconf 86' lang='lat' dir='ltr'><strong><em>assumpsisti,</em></strong></span> <span class='ocrx_word' id='word_1_188' title='bbox 2940 1499 3237 1552; x_wconf 75' lang='lat' dir='ltr'><strong><em>dictionem</em></strong></span> <span class='ocrx_word' id='word_1_189' title='bbox 3288 1512 3381 1565; x_wconf 77' lang='lat' dir='ltr'><strong><em>per</em></strong></span> <span class='ocrx_word' id='word_1_190' title='bbox 3417 1494 3518 1546; x_wconf 84' lang='lat' dir='ltr'><strong><em>Fi-</em></strong></span> 
     </span>
    </p>
   </div>
   <div class='ocr_carea' id='block_1_29' title="bbox 1936 1586 3521 1661">
    <p class='ocr_par' dir='ltr' id='par_1_29' title="bbox 1936 1586 3521 1661">
     <span class='ocr_line' id='line_1_29' title="bbox 1936 1586 3521 1661; baseline -0.005 -18"><span class='ocrx_word' id='word_1_191' title='bbox 1936 1590 2070 1644; x_wconf 90' lang='lat' dir='ltr'><strong><em>lium</em></strong></span> <span class='ocrx_word' id='word_1_192' title='bbox 2102 1591 2351 1659; x_wconf 82' lang='lat' dir='ltr'><strong><em>utrisque</em></strong></span> <span class='ocrx_word' id='word_1_193' title='bbox 2391 1591 2686 1661; x_wconf 79' lang='lat' dir='ltr'><strong><em>adoptans,</em></strong></span> <span class='ocrx_word' id='word_1_194' title='bbox 2722 1599 2921 1658; x_wconf 64' lang='lat' dir='ltr'><strong><em>etquae</em></strong></span> <span class='ocrx_word' id='word_1_195' title='bbox 2970 1588 3094 1641; x_wconf 86' lang='lat' dir='ltr'><strong><em>inde</em></strong></span> <span class='ocrx_word' id='word_1_196' title='bbox 3139 1589 3190 1640; x_wconf 91' lang='lat' dir='ltr'><strong><em>in</em></strong></span> <span class='ocrx_word' id='word_1_197' title='bbox 3248 1586 3521 1655; x_wconf 82' lang='lat' dir='ltr'><strong><em>suspirio-</em></strong></span> 
     </span>
    </p>
   </div>
   <div class='ocr_carea' id='block_1_30' title="bbox 1940 1678 3521 1751">
    <p class='ocr_par' dir='ltr' id='par_1_30' title="bbox 1940 1678 3521 1751">
     <span class='ocr_line' id='line_1_30' title="bbox 1940 1678 3521 1751; baseline -0.009 -14"><span class='ocrx_word' id='word_1_198' title='bbox 1940 1699 2064 1739; x_wconf 89' lang='lat' dir='ltr'><strong><em>nem</em></strong></span> <span class='ocrx_word' id='word_1_199' title='bbox 2097 1692 2321 1737; x_wconf 82' lang='lat' dir='ltr'><strong><em>venerat</em></strong></span> <span class='ocrx_word' id='word_1_200' title='bbox 2358 1682 2726 1751; x_wconf 65' lang='lat' dir='ltr'><strong><em>imperfectae,</em></strong></span> <span class='ocrx_word' id='word_1_201' title='bbox 2756 1684 2819 1735; x_wconf 88' lang='lat' dir='ltr'><strong><em>de</em></strong></span> <span class='ocrx_word' id='word_1_202' title='bbox 2851 1681 3011 1734; x_wconf 88' lang='lat' dir='ltr'><strong><em>Patre</em></strong></span> <span class='ocrx_word' id='word_1_203' title='bbox 3040 1680 3342 1733; x_wconf 74' lang='lat' dir='ltr'><strong><em>decernens</em></strong></span> <span class='ocrx_word' id='word_1_204' title='bbox 3371 1678 3521 1730; x_wconf 80' lang='lat' dir='ltr'><strong><em>nullo</em></strong></span> 
     </span>
    </p>
   </div>
   <div class='ocr_carea' id='block_1_31' title="bbox 1944 1769 3521 1843">
    <p class='ocr_par' dir='ltr' id='par_1_31' title="bbox 1944 1769 3521 1843">
     <span class='ocr_line' id='line_1_31' title="bbox 1944 1769 3521 1843; baseline -0.006 -14"><span class='ocrx_word' id='word_1_205' title='bbox 1944 1775 2106 1829; x_wconf 88' lang='lat' dir='ltr'><strong><em>modo</em></strong></span> <span class='ocrx_word' id='word_1_206' title='bbox 2156 1774 2499 1829; x_wconf 77' lang='lat' dir='ltr'><strong><em>subsistere?</em></strong></span> <span class='ocrx_word' id='word_1_207' title='bbox 2529 1773 2641 1843; x_wconf 83' lang='lat' dir='ltr'><strong><em>Ego</em></strong></span> <span class='ocrx_word' id='word_1_208' title='bbox 2673 1788 2836 1842; x_wconf 91' lang='lat' dir='ltr'><strong><em>porro</em></strong></span> <span class='ocrx_word' id='word_1_209' title='bbox 2887 1773 3094 1826; x_wconf 84' lang='lat' dir='ltr'><strong><em>nullam</em></strong></span> <span class='ocrx_word' id='word_1_210' title='bbox 3146 1787 3268 1824; x_wconf 86' lang='lat' dir='ltr'><strong><em>eum</em></strong></span> <span class='ocrx_word' id='word_1_211' title='bbox 3304 1769 3521 1838; x_wconf 79' lang='lat' dir='ltr'><strong><em>penitus</em></strong></span> 
     </span>
    </p>
   </div>
   <div class='ocr_carea' id='block_1_32' title="bbox 250 1839 1849 1935">
    <p class='ocr_par' dir='ltr' id='par_1_32' title="bbox 250 1839 1837 1935">
     <span class='ocr_line' id='line_1_32' title="bbox 250 1839 1837 1935; baseline 0.003 -24"><span class='ocrx_word' id='word_1_212' title='bbox 250 1859 445 1931; x_wconf 75' lang='grc' dir='ltr'><em>ἕτερον</em></span> <span class='ocrx_word' id='word_1_213' title='bbox 504 1839 654 1933; x_wconf 71' lang='grc' dir='ltr'><em>ἔχειν</em></span> <span class='ocrx_word' id='word_1_214' title='bbox 692 1839 835 1933; x_wconf 71' lang='grc' dir='ltr'><em>πρὸς</em></span> <span class='ocrx_word' id='word_1_215' title='bbox 883 1866 983 1934; x_wconf 78' lang='grc' dir='ltr'><em>τὴν</em></span> <span class='ocrx_word' id='word_1_216' title='bbox 1036 1866 1218 1918; x_wconf 82' lang='grc' dir='ltr'><em>κτίσιν</em></span> <span class='ocrx_word' id='word_1_217' title='bbox 1249 1868 1396 1935; x_wconf 69' lang='grc' dir='ltr'><em>φημὶ</em></span> <span class='ocrx_word' id='word_1_218' title='bbox 1428 1866 1490 1920; x_wconf 83' lang='grc' dir='ltr'><em>τὸ</em></span> <span class='ocrx_word' id='word_1_219' title='bbox 1522 1839 1837 1934; x_wconf 32' lang='grc' dir='ltr'><em>Πνεῦμα-τὺ</em></span> 
     </span>
    </p>
   </div>
   <div class='ocr_carea' id='block_1_33' title="bbox 1942 1839 3514 1935">
    <p class='ocr_par' dir='ltr' id='par_1_33' title="bbox 1942 1862 3514 1931">
     <span class='ocr_line' id='line_1_33' title="bbox 1942 1862 3514 1931; baseline -0.006 -12"><span class='ocrx_word' id='word_1_220' title='bbox 1942 1867 2384 1921; x_wconf 85' lang='lat' dir='ltr'><strong><em>communionem</em></strong></span> <span class='ocrx_word' id='word_1_221' title='bbox 2434 1866 2661 1927; x_wconf 86' lang='lat' dir='ltr'><strong><em>habere,</em></strong></span> <span class='ocrx_word' id='word_1_222' title='bbox 2714 1880 2892 1931; x_wconf 84' lang='lat' dir='ltr'><strong><em>neque</em></strong></span> <span class='ocrx_word' id='word_1_223' title='bbox 2952 1863 3224 1917; x_wconf 77' lang='lat' dir='ltr'><strong><em>rationem</em></strong></span> <span class='ocrx_word' id='word_1_224' title='bbox 3274 1862 3514 1929; x_wconf 72' lang='lat' dir='ltr'><strong><em>aliquam</em></strong></span> 
     </span>
    </p>
   </div>
   <div class='ocr_carea' id='block_1_34' title="bbox 252 1952 1833 2028">
    <p class='ocr_par' dir='ltr' id='par_1_34' title="bbox 252 1952 1833 2028">
     <span class='ocr_line' id='line_1_34' title="bbox 252 1952 1833 2028; baseline 0.001 -21"><span class='ocrx_word' id='word_1_225' title='bbox 252 1952 434 2022; x_wconf 75' lang='grc' dir='ltr'><em>ἅγιον,</em></span> <span class='ocrx_word' id='word_1_226' title='bbox 496 1954 640 2026; x_wconf 84' lang='grc' dir='ltr'><em>πλὴν</em></span> <span class='ocrx_word' id='word_1_227' title='bbox 697 1957 869 2027; x_wconf 80' lang='grc' dir='ltr'><em>ὅνπερ</em></span> <span class='ocrx_word' id='word_1_228' title='bbox 923 1957 1152 2028; x_wconf 78' lang='grc' dir='ltr'><em>ποιητὴς</em></span> <span class='ocrx_word' id='word_1_229' title='bbox 1191 1959 1327 2027; x_wconf 67' lang='grc' dir='ltr'><em>πρὸς</em></span> <span class='ocrx_word' id='word_1_230' title='bbox 1391 1959 1699 2028; x_wconf 85' lang='grc' dir='ltr'><em>ποιήματα,</em></span> <span class='ocrx_word' id='word_1_231' title='bbox 1742 1959 1833 2009; x_wconf 69' lang='grc' dir='ltr'><em>καὶ</em></span> 
     </span>
    </p>
   </div>
   <div class='ocr_carea' id='block_1_35' title="bbox 242 2044 1829 2118">
    <p class='ocr_par' dir='ltr' id='par_1_35' title="bbox 242 2044 1829 2118">
     <span class='ocr_line' id='line_1_35' title="bbox 242 2044 1829 2118; baseline 0.001 -19"><span class='ocrx_word' id='word_1_232' title='bbox 242 2044 521 2116; x_wconf 74' lang='grc' dir='ltr'><strong><em>δεσπότης</em></strong></span> <span class='ocrx_word' id='word_1_233' title='bbox 558 2047 655 2099; x_wconf 81' lang='grc' dir='ltr'><em>καὶ</em></span> <span class='ocrx_word' id='word_1_234' title='bbox 711 2047 902 2115; x_wconf 74' lang='grc' dir='ltr'><em>κύριος</em></span> <span class='ocrx_word' id='word_1_235' title='bbox 949 2049 1089 2118; x_wconf 84' lang='grc' dir='ltr'><em>πρὸς</em></span> <span class='ocrx_word' id='word_1_236' title='bbox 1137 2050 1301 2102; x_wconf 80' lang='grc' dir='ltr'><em>δοῦλα</em></span> <span class='ocrx_word' id='word_1_237' title='bbox 1359 2050 1455 2103; x_wconf 69' lang='grc' dir='ltr'><em>καὶ</em></span> <span class='ocrx_word' id='word_1_238' title='bbox 1506 2050 1829 2118; x_wconf 65' lang='grc' dir='ltr'><em>ὑποχείριον</em></span> 
     </span>
    </p>
   </div>
   <div class='ocr_carea' id='block_1_36' title="bbox 240 2137 1836 2211">
    <p class='ocr_par' dir='ltr' id='par_1_36' title="bbox 240 2137 1836 2211">
     <span class='ocr_line' id='line_1_36' title="bbox 240 2137 1836 2211; baseline 0.001 -21"><span class='ocrx_word' id='word_1_239' title='bbox 240 2137 344 2190; x_wconf 74' lang='grc' dir='ltr'><em>καὶ</em></span> <span class='ocrx_word' id='word_1_240' title='bbox 372 2138 526 2201; x_wconf 85' lang='grc' dir='ltr'><em>ὅστις</em></span> <span class='ocrx_word' id='word_1_241' title='bbox 567 2140 641 2211; x_wconf 79' lang='grc' dir='ltr'><em>μὴ</em></span> <span class='ocrx_word' id='word_1_242' title='bbox 674 2139 833 2192; x_wconf 81' lang='grc' dir='ltr'><em>τοῦτο</em></span> <span class='ocrx_word' id='word_1_243' title='bbox 876 2141 1092 2210; x_wconf 83' lang='grc' dir='ltr'><em>φρονῶν</em></span> <span class='ocrx_word' id='word_1_244' title='bbox 1133 2141 1519 2211; x_wconf 85' lang='grc' dir='ltr'><em>καθομολογεῖ,</em></span> <span class='ocrx_word' id='word_1_245' title='bbox 1549 2141 1623 2211; x_wconf 84' lang='grc' dir='ltr'><strong><em>μὴ</em></strong></span> <span class='ocrx_word' id='word_1_246' title='bbox 1653 2142 1751 2193; x_wconf 74' lang='grc' dir='ltr'><em>ἴδοι</em></span> <span class='ocrx_word' id='word_1_247' title='bbox 1775 2142 1836 2192; x_wconf 68' lang='grc' dir='ltr'><strong>τὸ</strong></span> 
     </span>
    </p>
   </div>
   <div class='ocr_carea' id='block_1_37' title="bbox 248 2228 1832 2302">
    <p class='ocr_par' dir='ltr' id='par_1_37' title="bbox 248 2228 1832 2302">
     <span class='ocr_line' id='line_1_37' title="bbox 248 2228 1832 2302; baseline 0.002 -22"><span class='ocrx_word' id='word_1_248' title='bbox 248 2228 518 2299; x_wconf 81' lang='grc' dir='ltr'><em>παράπαν</em></span> <span class='ocrx_word' id='word_1_249' title='bbox 585 2229 864 2299; x_wconf 73' lang='grc' dir='ltr'><em>ἑωσφόρον</em></span> <span class='ocrx_word' id='word_1_250' title='bbox 925 2232 1314 2298; x_wconf 82' lang='grc' dir='ltr'><em>ἀνατέλλοντα,</em></span> <span class='ocrx_word' id='word_1_251' title='bbox 1378 2231 1522 2285; x_wconf 77' lang='grc' dir='ltr'><em>καθά</em></span> <span class='ocrx_word' id='word_1_252' title='bbox 1573 2248 1736 2302; x_wconf 70' lang='grc' dir='ltr'><em>φησιν</em></span> <span class='ocrx_word' id='word_1_253' title='bbox 1800 2234 1832 2300; x_wconf 81' lang='grc' dir='ltr'>ἡ</span> 
     </span>
    </p>
   </div>
   <div class='ocr_carea' id='block_1_38' title="bbox 246 2319 1834 2393">
    <p class='ocr_par' dir='ltr' id='par_1_38' title="bbox 246 2319 1834 2393">
     <span class='ocr_line' id='line_1_38' title="bbox 246 2319 1834 2393; baseline 0.002 -21"><span class='ocrx_word' id='word_1_254' title='bbox 246 2319 465 2390; x_wconf 81' lang='grc' dir='ltr'><em>Γραφή.</em></span> <span class='ocrx_word' id='word_1_255' title='bbox 503 2321 614 2374; x_wconf 76' lang='grc' dir='ltr'><strong><em>Καὶ</em></strong></span> <span class='ocrx_word' id='word_1_256' title='bbox 645 2323 776 2391; x_wconf 80' lang='grc' dir='ltr'><em>περὶ</em></span> <span class='ocrx_word' id='word_1_257' title='bbox 809 2322 909 2391; x_wconf 84' lang='grc' dir='ltr'><strong><em>μὲν</em></strong></span> <span class='ocrx_word' id='word_1_258' title='bbox 938 2323 1142 2376; x_wconf 82' lang='grc' dir='ltr'><em>τούτων</em></span> <span class='ocrx_word' id='word_1_259' title='bbox 1176 2322 1348 2386; x_wconf 74' lang='grc' dir='ltr'><em>οὕτως</em></span> <span class='ocrx_word' id='word_1_260' title='bbox 1381 2323 1506 2393; x_wconf 76' lang='grc' dir='ltr'><em>ἔχω,</em></span> <span class='ocrx_word' id='word_1_261' title='bbox 1570 2326 1665 2376; x_wconf 75' lang='grc' dir='ltr'><em>καὶ</em></span> <span class='ocrx_word' id='word_1_262' title='bbox 1728 2324 1834 2388; x_wconf 71' lang='grc' dir='ltr'><strong><em>ἔξω</em></strong></span> 
     </span>
    </p>
   </div>
   <div class='ocr_carea' id='block_1_39' title="bbox 244 2412 1835 2486">
    <p class='ocr_par' dir='ltr' id='par_1_39' title="bbox 244 2412 1835 2486">
     <span class='ocr_line' id='line_1_39' title="bbox 244 2412 1835 2486; baseline 0 -20"><span class='ocrx_word' id='word_1_263' title='bbox 244 2412 302 2466; x_wconf 76' lang='grc' dir='ltr'><em>δὲ</em></span> <span class='ocrx_word' id='word_1_264' title='bbox 339 2414 578 2476; x_wconf 83' lang='grc' dir='ltr'><em>πάντως,</em></span> <span class='ocrx_word' id='word_1_265' title='bbox 611 2413 714 2476; x_wconf 81' lang='grc' dir='ltr'><em>ἓως</em></span> <span class='ocrx_word' id='word_1_266' title='bbox 747 2413 813 2466; x_wconf 84' lang='grc' dir='ltr'><em>ἂν</em></span> <span class='ocrx_word' id='word_1_267' title='bbox 850 2416 986 2485; x_wconf 84' lang='grc' dir='ltr'><em>πνοή</em></span> <span class='ocrx_word' id='word_1_268' title='bbox 1039 2432 1122 2477; x_wconf 88' lang='grc' dir='ltr'><strong><em>τις</em></strong></span> <span class='ocrx_word' id='word_1_269' title='bbox 1175 2417 1234 2468; x_wconf 84' lang='grc' dir='ltr'><em>ἐν</em></span> <span class='ocrx_word' id='word_1_270' title='bbox 1282 2419 1403 2478; x_wconf 85' lang='grc' dir='ltr'><em>ταῖς</em></span> <span class='ocrx_word' id='word_1_271' title='bbox 1463 2416 1626 2486; x_wconf 78' lang='grc' dir='ltr'><em>ἐμαῖς</em></span> <span class='ocrx_word' id='word_1_272' title='bbox 1693 2417 1835 2486; x_wconf 74' lang='grc' dir='ltr'><em>ῥισὶν</em></span> 
     </span>
    </p>
   </div>
   <div class='ocr_carea' id='block_1_40' title="bbox 250 2502 1832 2578">
    <p class='ocr_par' dir='ltr' id='par_1_40' title="bbox 250 2502 1832 2578">
     <span class='ocr_line' id='line_1_40' title="bbox 250 2502 1832 2578; baseline 0.001 -22"><span class='ocrx_word' id='word_1_273' title='bbox 250 2502 634 2573; x_wconf 70' lang='grc' dir='ltr'><em>ὑπολείπηται.</em></span> <span class='ocrx_word' id='word_1_274' title='bbox 669 2505 779 2575; x_wconf 80' lang='grc' dir='ltr'><strong><em>Τὴν</em></strong></span> <span class='ocrx_word' id='word_1_275' title='bbox 806 2505 862 2556; x_wconf 80' lang='grc' dir='ltr'><em>δὲ</em></span> <span class='ocrx_word' id='word_1_276' title='bbox 895 2505 969 2558; x_wconf 81' lang='grc' dir='ltr'><em>δι’</em></span> <span class='ocrx_word' id='word_1_277' title='bbox 1000 2507 1136 2560; x_wconf 82' lang='grc' dir='ltr'><em>Υἰοῦ</em></span> <span class='ocrx_word' id='word_1_278' title='bbox 1180 2506 1364 2577; x_wconf 82' lang='grc' dir='ltr'><em>φωνὴν</em></span> <span class='ocrx_word' id='word_1_279' title='bbox 1393 2509 1667 2578; x_wconf 80' lang='grc' dir='ltr'><em>εὑρίσκων</em></span> <span class='ocrx_word' id='word_1_280' title='bbox 1696 2508 1832 2578; x_wconf 80' lang='grc' dir='ltr'><em>πρὸς</em></span> 
     </span>
    </p>
   </div>
   <div class='ocr_carea' id='block_1_41' title="bbox 252 2596 1833 2669">
    <p class='ocr_par' dir='ltr' id='par_1_41' title="bbox 252 2596 1833 2669">
     <span class='ocr_line' id='line_1_41' title="bbox 252 2596 1833 2669; baseline 0.001 -21"><span class='ocrx_word' id='word_1_281' title='bbox 252 2596 363 2649; x_wconf 87' lang='grc' dir='ltr'><strong><em>τῶν</em></strong></span> <span class='ocrx_word' id='word_1_282' title='bbox 389 2596 560 2665; x_wconf 83' lang='grc' dir='ltr'><em>ἁγίων</em></span> <span class='ocrx_word' id='word_1_283' title='bbox 594 2598 854 2666; x_wconf 83' lang='grc' dir='ltr'><em>Πατέρων</em></span> <span class='ocrx_word' id='word_1_284' title='bbox 876 2598 1298 2669; x_wconf 81' lang='grc' dir='ltr'><em>λαμὸανομένην</em></span> <span class='ocrx_word' id='word_1_285' title='bbox 1331 2599 1424 2651; x_wconf 77' lang='grc' dir='ltr'><em>ἐπί</em></span> <span class='ocrx_word' id='word_1_286' title='bbox 1443 2616 1504 2651; x_wconf 83' lang='grc' dir='ltr'><strong><em>τε</em></strong></span> <span class='ocrx_word' id='word_1_287' title='bbox 1532 2598 1628 2651; x_wconf 84' lang='grc' dir='ltr'><strong><em>τοῦ</em></strong></span> <span class='ocrx_word' id='word_1_288' title='bbox 1660 2598 1833 2653; x_wconf 84' lang='grc' dir='ltr'><em>Πνεύ-</em></span> 
     </span>
    </p>
   </div>
   <div class='ocr_carea' id='block_1_42' title="bbox 253 2688 1836 2761">
    <p class='ocr_par' dir='ltr' id='par_1_42' title="bbox 253 2688 1836 2761">
     <span class='ocr_line' id='line_1_42' title="bbox 253 2688 1836 2761; baseline 0.001 -20"><span class='ocrx_word' id='word_1_289' title='bbox 253 2703 426 2755; x_wconf 75' lang='grc' dir='ltr'><em>ματος</em></span> <span class='ocrx_word' id='word_1_290' title='bbox 459 2691 552 2742; x_wconf 81' lang='grc' dir='ltr'><em>καὶ</em></span> <span class='ocrx_word' id='word_1_291' title='bbox 585 2688 687 2751; x_wconf 81' lang='grc' dir='ltr'><em>τῆς</em></span> <span class='ocrx_word' id='word_1_292' title='bbox 719 2691 973 2752; x_wconf 83' lang='grc' dir='ltr'><em>κτίσεως,</em></span> <span class='ocrx_word' id='word_1_293' title='bbox 1021 2691 1081 2742; x_wconf 79' lang='grc' dir='ltr'><em>οὐ</em></span> <span class='ocrx_word' id='word_1_294' title='bbox 1141 2691 1449 2761; x_wconf 76' lang='grc' dir='ltr'><em>διαγράφω·</em></span> <span class='ocrx_word' id='word_1_295' title='bbox 1473 2691 1657 2759; x_wconf 77' lang='grc' dir='ltr'><em>λέγειν</em></span> <span class='ocrx_word' id='word_1_296' title='bbox 1689 2695 1836 2744; x_wconf 84' lang='grc' dir='ltr'><em>ὰπα-</em></span> 
     </span>
    </p>
   </div>
   <div class='ocr_carea' id='block_1_43' title="bbox 247 2776 1833 2854">
    <p class='ocr_par' dir='ltr' id='par_1_43' title="bbox 247 2776 1833 2854">
     <span class='ocr_line' id='line_1_43' title="bbox 247 2776 1833 2854; baseline 0.003 -21"><span class='ocrx_word' id='word_1_297' title='bbox 247 2780 573 2848; x_wconf 82' lang='grc' dir='ltr'><em>ναινόμενος</em></span> <span class='ocrx_word' id='word_1_298' title='bbox 609 2779 819 2850; x_wconf 82' lang='grc' dir='ltr'><em>ταύτην</em></span> <span class='ocrx_word' id='word_1_299' title='bbox 864 2784 956 2834; x_wconf 80' lang='grc' dir='ltr'><strong><em>ἐπὶ</em></strong></span> <span class='ocrx_word' id='word_1_300' title='bbox 985 2783 1081 2834; x_wconf 81' lang='grc' dir='ltr'><strong><em>τοῦ</em></strong></span> <span class='ocrx_word' id='word_1_301' title='bbox 1133 2784 1475 2854; x_wconf 79' lang='grc' dir='ltr'><em>Πνεύματος,</em></span> <span class='ocrx_word' id='word_1_302' title='bbox 1520 2776 1642 2837; x_wconf 62' lang='grc' dir='ltr'><em>ἐπεὶ</em></span> <span class='ocrx_word' id='word_1_303' title='bbox 1681 2786 1833 2837; x_wconf 79' lang='grc' dir='ltr'><em>τόνδε</em></span> 
     </span>
    </p>
   </div>
   <div class='ocr_carea' id='block_1_44' title="bbox 249 2871 1835 2946">
    <p class='ocr_par' dir='ltr' id='par_1_44' title="bbox 249 2871 1835 2946">
     <span class='ocr_line' id='line_1_44' title="bbox 249 2871 1835 2946; baseline 0.004 -23"><span class='ocrx_word' id='word_1_304' title='bbox 249 2873 348 2925; x_wconf 85' lang='grc' dir='ltr'><em>τὸν</em></span> <span class='ocrx_word' id='word_1_305' title='bbox 392 2873 597 2943; x_wconf 85' lang='grc' dir='ltr'><em>τρόπον</em></span> <span class='ocrx_word' id='word_1_306' title='bbox 633 2873 728 2926; x_wconf 79' lang='grc' dir='ltr'><em>καὶ</em></span> <span class='ocrx_word' id='word_1_307' title='bbox 777 2874 842 2926; x_wconf 82' lang='grc' dir='ltr'><em>τὸ</em></span> <span class='ocrx_word' id='word_1_308' title='bbox 889 2871 1032 2927; x_wconf 76' lang='grc' dir='ltr'><em>εἶναι</em></span> <span class='ocrx_word' id='word_1_309' title='bbox 1064 2876 1127 2929; x_wconf 83' lang='grc' dir='ltr'><em>τὸ</em></span> <span class='ocrx_word' id='word_1_310' title='bbox 1174 2877 1422 2946; x_wconf 80' lang='grc' dir='ltr'><em>Πνεῦμα,</em></span> <span class='ocrx_word' id='word_1_311' title='bbox 1451 2877 1541 2929; x_wconf 84' lang='grc' dir='ltr'><em>τὸν</em></span> <span class='ocrx_word' id='word_1_312' title='bbox 1568 2877 1678 2946; x_wconf 83' lang='grc' dir='ltr'><em>γὰρ</em></span> <span class='ocrx_word' id='word_1_313' title='bbox 1707 2876 1835 2930; x_wconf 81' lang='grc' dir='ltr'><em>Υίὸν</em></span> 
     </span>
    </p>
   </div>
   <div class='ocr_carea' id='block_1_45' title="bbox 246 2962 1832 3037">
    <p class='ocr_par' dir='ltr' id='par_1_45' title="bbox 246 2962 1832 3037">
     <span class='ocr_line' id='line_1_45' title="bbox 246 2962 1832 3037; baseline 0.001 -19"><span class='ocrx_word' id='word_1_314' title='bbox 246 2962 459 3033; x_wconf 82' lang='grc' dir='ltr'><em>ἀφίημι</em></span> <span class='ocrx_word' id='word_1_315' title='bbox 481 2963 598 3029; x_wconf 85' lang='grc' dir='ltr'><em>νῦν,</em></span> <span class='ocrx_word' id='word_1_316' title='bbox 631 2965 693 3018; x_wconf 86' lang='grc' dir='ltr'><em>οὑ</em></span> <span class='ocrx_word' id='word_1_317' title='bbox 737 2967 1178 3037; x_wconf 69' lang='grc' dir='ltr'><em>συγχωρήσομεν</em></span> <span class='ocrx_word' id='word_1_318' title='bbox 1221 2971 1286 3020; x_wconf 82' lang='grc' dir='ltr'><em>ὲκ</em></span> <span class='ocrx_word' id='word_1_319' title='bbox 1316 2968 1474 3020; x_wconf 81' lang='grc' dir='ltr'><em>Θεοῦ.</em></span> <span class='ocrx_word' id='word_1_320' title='bbox 1542 2969 1698 3021; x_wconf 88' lang='grc' dir='ltr'><em>Διότι</em></span> <span class='ocrx_word' id='word_1_321' title='bbox 1734 2970 1832 3022; x_wconf 78' lang='grc' dir='ltr'><strong><em>καί</em></strong></span> 
     </span>
    </p>
   </div>
   <div class='ocr_carea' id='block_1_46' title="bbox 244 3055 1832 3128">
    <p class='ocr_par' dir='ltr' id='par_1_46' title="bbox 244 3055 1832 3128">
     <span class='ocr_line' id='line_1_46' title="bbox 244 3055 1832 3128; baseline 0.003 -20"><span class='ocrx_word' id='word_1_322' title='bbox 244 3056 323 3109; x_wconf 73' lang='grc' dir='ltr'><em>τὰ</em></span> <span class='ocrx_word' id='word_1_323' title='bbox 382 3055 583 3111; x_wconf 85' lang='grc' dir='ltr'><em>πάντα</em></span> <span class='ocrx_word' id='word_1_324' title='bbox 644 3058 759 3126; x_wconf 81' lang='grc' dir='ltr'><em>τὴν</em></span> <span class='ocrx_word' id='word_1_325' title='bbox 810 3058 1077 3125; x_wconf 82' lang='grc' dir='ltr'><em>ὕπαρξιν</em></span> <span class='ocrx_word' id='word_1_326' title='bbox 1122 3059 1291 3128; x_wconf 81' lang='grc' dir='ltr'><em>ἔχειν</em></span> <span class='ocrx_word' id='word_1_327' title='bbox 1342 3061 1708 3128; x_wconf 80' lang='grc' dir='ltr'><em>πιστεύομεν</em></span> <span class='ocrx_word' id='word_1_328' title='bbox 1763 3062 1832 3113; x_wconf 81' lang='grc' dir='ltr'><em>ἐκ</em></span> 
     </span>
    </p>
   </div>
   <div class='ocr_carea' id='block_1_47' title="bbox 1940 1951 3519 2025">
    <p class='ocr_par' dir='ltr' id='par_1_47' title="bbox 1940 1951 3519 2025">
     <span class='ocr_line' id='line_1_47' title="bbox 1940 1951 3519 2025; baseline -0.008 -13"><span class='ocrx_word' id='word_1_329' title='bbox 1940 1958 1997 2012; x_wconf 91' lang='lat' dir='ltr'><strong><em>in</em></strong></span> <span class='ocrx_word' id='word_1_330' title='bbox 2044 1972 2229 2011; x_wconf 89' lang='lat' dir='ltr'><strong><em>rerum</em></strong></span> <span class='ocrx_word' id='word_1_331' title='bbox 2279 1958 2562 2013; x_wconf 80' lang='lat' dir='ltr'><strong><em>creatione</em></strong></span> <span class='ocrx_word' id='word_1_332' title='bbox 2614 1955 2876 2025; x_wconf 74' lang='lat' dir='ltr'><strong><em>Spiritum</em></strong></span> <span class='ocrx_word' id='word_1_333' title='bbox 2925 1964 3200 2013; x_wconf 85' lang='lat' dir='ltr'><strong><em>sanctum,</em></strong></span> <span class='ocrx_word' id='word_1_334' title='bbox 3259 1953 3369 2013; x_wconf 90' lang='lat' dir='ltr'><strong><em>aio,</em></strong></span> <span class='ocrx_word' id='word_1_335' title='bbox 3414 1951 3519 2003; x_wconf 66' lang='lat' dir='ltr'><strong><em>nisi</em></strong></span> 
     </span>
    </p>
   </div>
   <div class='ocr_carea' id='block_1_48' title="bbox 1937 2045 3517 2116">
    <p class='ocr_par' dir='ltr' id='par_1_48' title="bbox 1937 2045 3517 2116">
     <span class='ocr_line' id='line_1_48' title="bbox 1937 2045 3517 2116; baseline -0.004 -15"><span class='ocrx_word' id='word_1_336' title='bbox 1937 2062 2056 2101; x_wconf 86' lang='lat' dir='ltr'><strong><em>eam</em></strong></span> <span class='ocrx_word' id='word_1_337' title='bbox 2091 2064 2253 2116; x_wconf 86' lang='lat' dir='ltr'><strong><em>quam</em></strong></span> <span class='ocrx_word' id='word_1_338' title='bbox 2297 2046 2471 2101; x_wconf 77' lang='lat' dir='ltr'><strong><em>factor</em></strong></span> <span class='ocrx_word' id='word_1_339' title='bbox 2512 2047 2567 2100; x_wconf 89' lang='lat' dir='ltr'><strong><em>in</em></strong></span> <span class='ocrx_word' id='word_1_340' title='bbox 2593 2052 2766 2101; x_wconf 70' lang='lat' dir='ltr'><strong><em>rebus</em></strong></span> <span class='ocrx_word' id='word_1_341' title='bbox 2807 2045 2969 2100; x_wconf 82' lang='lat' dir='ltr'><strong><em>factis</em></strong></span> <span class='ocrx_word' id='word_1_342' title='bbox 3000 2047 3263 2113; x_wconf 79' lang='lat' dir='ltr'><strong><em>possidet,</em></strong></span> <span class='ocrx_word' id='word_1_343' title='bbox 3307 2054 3362 2096; x_wconf 90' lang='lat' dir='ltr'><strong><em>et</em></strong></span> <span class='ocrx_word' id='word_1_344' title='bbox 3416 2045 3517 2095; x_wconf 85' lang='lat' dir='ltr'><strong><em>do-</em></strong></span> 
     </span>
    </p>
   </div>
   <div class='ocr_carea' id='block_1_49' title="bbox 1941 2136 3514 2206">
    <p class='ocr_par' dir='ltr' id='par_1_49' title="bbox 1941 2136 3514 2206">
     <span class='ocr_line' id='line_1_49' title="bbox 1941 2136 3514 2206; baseline -0.003 -15"><span class='ocrx_word' id='word_1_345' title='bbox 1941 2140 2122 2193; x_wconf 81' lang='lat' dir='ltr'><strong><em>minus</em></strong></span> <span class='ocrx_word' id='word_1_346' title='bbox 2156 2140 2210 2192; x_wconf 91' lang='lat' dir='ltr'><strong><em>iu</em></strong></span> <span class='ocrx_word' id='word_1_347' title='bbox 2248 2154 2437 2194; x_wconf 88' lang='lat' dir='ltr'><strong><em>servos</em></strong></span> <span class='ocrx_word' id='word_1_348' title='bbox 2470 2148 2526 2193; x_wconf 92' lang='lat' dir='ltr'><strong><em>et</em></strong></span> <span class='ocrx_word' id='word_1_349' title='bbox 2561 2139 2837 2203; x_wconf 86' lang='lat' dir='ltr'><strong><em>subditos,</em></strong></span> <span class='ocrx_word' id='word_1_350' title='bbox 2865 2146 2922 2191; x_wconf 88' lang='lat' dir='ltr'><strong><em>et</em></strong></span> <span class='ocrx_word' id='word_1_351' title='bbox 2946 2137 3039 2206; x_wconf 86' lang='lat' dir='ltr'><strong><em>qui</em></strong></span> <span class='ocrx_word' id='word_1_352' title='bbox 3071 2152 3179 2189; x_wconf 89' lang='lat' dir='ltr'><strong><em>non</em></strong></span> <span class='ocrx_word' id='word_1_353' title='bbox 3208 2136 3286 2189; x_wconf 85' lang='lat' dir='ltr'><strong><em>ita</em></strong></span> <span class='ocrx_word' id='word_1_354' title='bbox 3319 2144 3514 2188; x_wconf 78' lang='lat' dir='ltr'><strong><em>tenens</em></strong></span> 
     </span>
    </p>
   </div>
   <div class='ocr_carea' id='block_1_50' title="bbox 1938 2225 3517 2299">
    <p class='ocr_par' dir='ltr' id='par_1_50' title="bbox 1938 2225 3517 2299">
     <span class='ocr_line' id='line_1_50' title="bbox 1938 2225 3517 2299; baseline -0.006 -12"><span class='ocrx_word' id='word_1_355' title='bbox 1938 2232 2313 2296; x_wconf 75' lang='lat' dir='ltr'><strong><em>confitebitur,</em></strong></span> <span class='ocrx_word' id='word_1_356' title='bbox 2345 2248 2411 2284; x_wconf 89' lang='lat' dir='ltr'><strong><em>ne</em></strong></span> <span class='ocrx_word' id='word_1_357' title='bbox 2434 2233 2619 2286; x_wconf 74' lang='lat' dir='ltr'><strong><em>videat</em></strong></span> <span class='ocrx_word' id='word_1_358' title='bbox 2651 2232 2739 2285; x_wconf 89' lang='lat' dir='ltr'><strong><em>ille</em></strong></span> <span class='ocrx_word' id='word_1_359' title='bbox 2774 2244 3014 2299; x_wconf 83' lang='lat' dir='ltr'><strong><em>unquam</em></strong></span> <span class='ocrx_word' id='word_1_360' title='bbox 3051 2228 3341 2281; x_wconf 78' lang='lat' dir='ltr'><strong><em>ducentem</em></strong></span> <span class='ocrx_word' id='word_1_361' title='bbox 3370 2225 3517 2279; x_wconf 86' lang='lat' dir='ltr'><strong><em>diem</em></strong></span> 
     </span>
    </p>
   </div>
   <div class='ocr_carea' id='block_1_51' title="bbox 1940 2322 3516 2393">
    <p class='ocr_par' dir='ltr' id='par_1_51' title="bbox 1940 2322 3516 2393">
     <span class='ocr_line' id='line_1_51' title="bbox 1940 2322 3516 2393; baseline -0.006 -15"><span class='ocrx_word' id='word_1_362' title='bbox 1940 2325 2256 2387; x_wconf 85' lang='lat' dir='ltr'><strong><em>luciferum,</em></strong></span> <span class='ocrx_word' id='word_1_363' title='bbox 2294 2335 2356 2378; x_wconf 88' lang='lat' dir='ltr'><strong><em>ut</em></strong></span> <span class='ocrx_word' id='word_1_364' title='bbox 2385 2326 2564 2393; x_wconf 78' lang='lat' dir='ltr'><strong><em>inquit</em></strong></span> <span class='ocrx_word' id='word_1_365' title='bbox 2597 2324 2905 2393; x_wconf 84' lang='lat' dir='ltr'><strong><em>Scriptura.</em></strong></span> <span class='ocrx_word' id='word_1_366' title='bbox 2937 2322 3002 2375; x_wconf 78' lang='lat' dir='ltr'><strong><em>Et</em></strong></span> <span class='ocrx_word' id='word_1_367' title='bbox 3033 2323 3102 2375; x_wconf 86' lang='lat' dir='ltr'><strong><em>de</em></strong></span> <span class='ocrx_word' id='word_1_368' title='bbox 3133 2322 3218 2375; x_wconf 88' lang='lat' dir='ltr'><strong><em>bis</em></strong></span> <span class='ocrx_word' id='word_1_369' title='bbox 3248 2322 3362 2373; x_wconf 73' lang='lat' dir='ltr'><strong><em>btec</em></strong></span> <span class='ocrx_word' id='word_1_370' title='bbox 3399 2334 3516 2371; x_wconf 79' lang='lat' dir='ltr'><strong><em>mea</em></strong></span> 
     </span>
    </p>
   </div>
   <div class='ocr_carea' id='block_1_52' title="bbox 1937 2410 3520 2485">
    <p class='ocr_par' dir='ltr' id='par_1_52' title="bbox 1937 2410 3520 2485">
     <span class='ocr_line' id='line_1_52' title="bbox 1937 2410 3520 2485; baseline -0.008 -12"><span class='ocrx_word' id='word_1_371' title='bbox 1937 2418 2207 2473; x_wconf 83' lang='lat' dir='ltr'><strong><em>sententia</em></strong></span> <span class='ocrx_word' id='word_1_372' title='bbox 2244 2425 2349 2480; x_wconf 88' lang='lat' dir='ltr'><strong><em>est,</em></strong></span> <span class='ocrx_word' id='word_1_373' title='bbox 2398 2417 2613 2485; x_wconf 80' lang='lat' dir='ltr'><strong><em>eritque</em></strong></span> <span class='ocrx_word' id='word_1_374' title='bbox 2648 2424 2937 2483; x_wconf 84' lang='lat' dir='ltr'><strong><em>perpetuo,</em></strong></span> <span class='ocrx_word' id='word_1_375' title='bbox 2967 2415 3143 2467; x_wconf 88' lang='lat' dir='ltr'><strong><em>donec</em></strong></span> <span class='ocrx_word' id='word_1_376' title='bbox 3186 2412 3239 2465; x_wconf 89' lang='lat' dir='ltr'><strong><em>in</em></strong></span> <span class='ocrx_word' id='word_1_377' title='bbox 3293 2410 3520 2463; x_wconf 81' lang='lat' dir='ltr'><strong><em>naribus</em></strong></span> 
     </span>
    </p>
   </div>
   <div class='ocr_carea' id='block_1_53' title="bbox 1940 2502 3516 2577">
    <p class='ocr_par' dir='ltr' id='par_1_53' title="bbox 1940 2502 3516 2577">
     <span class='ocr_line' id='line_1_53' title="bbox 1940 2502 3516 2577; baseline -0.004 -17"><span class='ocrx_word' id='word_1_378' title='bbox 1940 2510 2076 2562; x_wconf 89' lang='lat' dir='ltr'><strong><em>meis</em></strong></span> <span class='ocrx_word' id='word_1_379' title='bbox 2090 2509 2319 2577; x_wconf 85' lang='lat' dir='ltr'><strong><em>spiritus</em></strong></span> <span class='ocrx_word' id='word_1_380' title='bbox 2349 2508 2597 2576; x_wconf 90' lang='lat' dir='ltr'><strong><em>reliquus</em></strong></span> <span class='ocrx_word' id='word_1_381' title='bbox 2630 2516 2735 2560; x_wconf 87' lang='lat' dir='ltr'><strong><em>est.</em></strong></span> <span class='ocrx_word' id='word_1_382' title='bbox 2765 2506 2902 2559; x_wconf 90' lang='lat' dir='ltr'><strong><em>Cum</em></strong></span> <span class='ocrx_word' id='word_1_383' title='bbox 2938 2521 3067 2557; x_wconf 79' lang='lat' dir='ltr'><strong><em>vero</em></strong></span> <span class='ocrx_word' id='word_1_384' title='bbox 3098 2508 3215 2572; x_wconf 86' lang='lat' dir='ltr'><strong><em>ipse</em></strong></span> <span class='ocrx_word' id='word_1_385' title='bbox 3247 2502 3516 2569; x_wconf 83' lang='lat' dir='ltr'><strong><em>reperiam</em></strong></span> 
     </span>
    </p>
   </div>
   <div class='ocr_carea' id='block_1_54' title="bbox 1938 2594 3521 2669">
    <p class='ocr_par' dir='ltr' id='par_1_54' title="bbox 1938 2594 3521 2669">
     <span class='ocr_line' id='line_1_54' title="bbox 1938 2594 3521 2669; baseline -0.006 -16"><span class='ocrx_word' id='word_1_386' title='bbox 1938 2617 2031 2669; x_wconf 73' lang='lat' dir='ltr'><strong><em>per</em></strong></span> <span class='ocrx_word' id='word_1_387' title='bbox 2081 2598 2283 2653; x_wconf 84' lang='lat' dir='ltr'><strong><em>Filmm</em></strong></span> <span class='ocrx_word' id='word_1_388' title='bbox 2335 2615 2525 2654; x_wconf 82' lang='lat' dir='ltr'><strong><em>vocem</em></strong></span> <span class='ocrx_word' id='word_1_389' title='bbox 2568 2615 2598 2652; x_wconf 90' lang='lat' dir='ltr'><strong><em>a</em></strong></span> <span class='ocrx_word' id='word_1_390' title='bbox 2653 2600 2862 2651; x_wconf 86' lang='lat' dir='ltr'><strong><em>sanctis</em></strong></span> <span class='ocrx_word' id='word_1_391' title='bbox 2915 2596 3171 2650; x_wconf 80' lang='lat' dir='ltr'><strong><em>Patribus</em></strong></span> <span class='ocrx_word' id='word_1_392' title='bbox 3213 2594 3419 2647; x_wconf 86' lang='lat' dir='ltr'><strong><em>assumi</em></strong></span> <span class='ocrx_word' id='word_1_393' title='bbox 3463 2601 3521 2645; x_wconf 82' lang='lat' dir='ltr'><strong><em>et.</em></strong></span> 
     </span>
    </p>
   </div>
   <div class='ocr_carea' id='block_1_55' title="bbox 1940 2683 3517 2762">
    <p class='ocr_par' dir='ltr' id='par_1_55' title="bbox 1940 2683 3517 2762">
     <span class='ocr_line' id='line_1_55' title="bbox 1940 2683 3517 2762; baseline -0.004 -18"><span class='ocrx_word' id='word_1_394' title='bbox 1940 2696 2005 2745; x_wconf 84' lang='lat' dir='ltr'><strong><em>de.</em></strong></span> <span class='ocrx_word' id='word_1_395' title='bbox 2043 2690 2276 2762; x_wconf 86' lang='lat' dir='ltr'><strong><em>Spiritu,</em></strong></span> <span class='ocrx_word' id='word_1_396' title='bbox 2321 2699 2374 2745; x_wconf 90' lang='lat' dir='ltr'><strong><em>et</em></strong></span> <span class='ocrx_word' id='word_1_397' title='bbox 2406 2692 2475 2745; x_wconf 91' lang='lat' dir='ltr'><strong><em>de</em></strong></span> <span class='ocrx_word' id='word_1_398' title='bbox 2507 2691 2807 2750; x_wconf 85' lang='lat' dir='ltr'><strong><em>creatione,</em></strong></span> <span class='ocrx_word' id='word_1_399' title='bbox 2860 2705 2969 2742; x_wconf 90' lang='lat' dir='ltr'><strong><em>non</em></strong></span> <span class='ocrx_word' id='word_1_400' title='bbox 3008 2687 3260 2754; x_wconf 84' lang='lat' dir='ltr'><strong><em>improbo</em></strong></span> <span class='ocrx_word' id='word_1_401' title='bbox 3294 2701 3414 2739; x_wconf 85' lang='lat' dir='ltr'><strong><em>eam</em></strong></span> <span class='ocrx_word' id='word_1_402' title='bbox 3449 2683 3517 2737; x_wconf 85' lang='lat' dir='ltr'><strong><em>de</em></strong></span> 
     </span>
    </p>
   </div>
   <div class='ocr_carea' id='block_1_56' title="bbox 1946 2778 3515 2854">
    <p class='ocr_par' dir='ltr' id='par_1_56' title="bbox 1946 2778 3515 2854">
     <span class='ocr_line' id='line_1_56' title="bbox 1946 2778 3515 2854; baseline -0.005 -16"><span class='ocrx_word' id='word_1_403' title='bbox 1946 2785 2156 2854; x_wconf 85' lang='lat' dir='ltr'><strong><em>Spiritu</em></strong></span> <span class='ocrx_word' id='word_1_404' title='bbox 2192 2799 2463 2846; x_wconf 84' lang='lat' dir='ltr'><strong>asserere,</strong></span> <span class='ocrx_word' id='word_1_405' title='bbox 2494 2798 2619 2836; x_wconf 91' lang='lat' dir='ltr'><strong><em>cum</em></strong></span> <span class='ocrx_word' id='word_1_406' title='bbox 2674 2783 2772 2835; x_wconf 80' lang='lat' dir='ltr'><strong><em>hac</em></strong></span> <span class='ocrx_word' id='word_1_407' title='bbox 2815 2781 3026 2834; x_wconf 84' lang='lat' dir='ltr'><strong><em>ratione</em></strong></span> <span class='ocrx_word' id='word_1_408' title='bbox 3063 2778 3331 2848; x_wconf 84' lang='lat' dir='ltr'><strong><em>Spiritum</em></strong></span> <span class='ocrx_word' id='word_1_409' title='bbox 3368 2792 3515 2835; x_wconf 82' lang='lat' dir='ltr'><strong><em>esse.</em></strong></span> 
     </span>
    </p>
   </div>
   <div class='ocr_carea' id='block_1_57' title="bbox 1944 2874 3516 2944">
    <p class='ocr_par' dir='ltr' id='par_1_57' title="bbox 1944 2874 3516 2944">
     <span class='ocr_line' id='line_1_57' title="bbox 1944 2874 3516 2944; baseline -0.005 -15"><span class='ocrx_word' id='word_1_410' title='bbox 1944 2892 2067 2930; x_wconf 84' lang='lat' dir='ltr'><strong><em>nam</em></strong></span> <span class='ocrx_word' id='word_1_411' title='bbox 2096 2874 2295 2930; x_wconf 87' lang='lat' dir='ltr'><strong><em>Filium</em></strong></span> <span class='ocrx_word' id='word_1_412' title='bbox 2327 2874 2422 2929; x_wconf 90' lang='lat' dir='ltr'><strong><em>Dei</em></strong></span> <span class='ocrx_word' id='word_1_413' title='bbox 2466 2875 2519 2928; x_wconf 90' lang='lat' dir='ltr'><strong><em>in</em></strong></span> <span class='ocrx_word' id='word_1_414' title='bbox 2553 2874 2805 2944; x_wconf 67' lang='lat' dir='ltr'><strong><em>praesenti</em></strong></span> <span class='ocrx_word' id='word_1_415' title='bbox 2841 2882 3124 2942; x_wconf 48' lang='lat' dir='ltr'><strong><em>praetereo,</em></strong></span> <span class='ocrx_word' id='word_1_416' title='bbox 3161 2886 3268 2923; x_wconf 90' lang='lat' dir='ltr'><strong><em>non</em></strong></span> <span class='ocrx_word' id='word_1_417' title='bbox 3320 2883 3516 2921; x_wconf 83' lang='lat' dir='ltr'><strong><em>conce-</em></strong></span> 
     </span>
    </p>
   </div>
   <div class='ocr_carea' id='block_1_58' title="bbox 1939 2961 3521 3030">
    <p class='ocr_par' dir='ltr' id='par_1_58' title="bbox 1939 2961 3521 3030">
     <span class='ocr_line' id='line_1_58' title="bbox 1939 2961 3521 3030; baseline -0.008 -9"><span class='ocrx_word' id='word_1_418' title='bbox 1939 2970 2130 3022; x_wconf 86' lang='lat' dir='ltr'><strong><em>demus</em></strong></span> <span class='ocrx_word' id='word_1_419' title='bbox 2161 2981 2224 3020; x_wconf 78' lang='lat' dir='ltr'><strong><em>ex</em></strong></span> <span class='ocrx_word' id='word_1_420' title='bbox 2262 2966 2390 3020; x_wconf 86' lang='lat' dir='ltr'><strong>Deo.</strong></span> <span class='ocrx_word' id='word_1_421' title='bbox 2439 2965 2620 3030; x_wconf 87' lang='lat' dir='ltr'><strong>Quare</strong></span> <span class='ocrx_word' id='word_1_422' title='bbox 2651 2968 2828 3018; x_wconf 76' lang='lat' dir='ltr'><strong><em>omnia</em></strong></span> <span class='ocrx_word' id='word_1_423' title='bbox 2856 2964 3218 3017; x_wconf 58' lang='lat' dir='ltr'><strong><em>assistentium</em></strong></span> <span class='ocrx_word' id='word_1_424' title='bbox 3240 2961 3428 3015; x_wconf 76' lang='lat' dir='ltr'><strong><em>Ital-ere</em></strong></span> <span class='ocrx_word' id='word_1_425' title='bbox 3456 2973 3521 3011; x_wconf 68' lang='lat' dir='ltr'><strong><em>ex</em></strong></span> 
     </span>
    </p>
   </div>
   <div class='ocr_carea' id='block_1_59' title="bbox 1946 3053 3516 3111">
    <p class='ocr_par' dir='ltr' id='par_1_59' title="bbox 1946 3053 3516 3111">
     <span class='ocr_line' id='line_1_59' title="bbox 1946 3053 3516 3111; baseline -0.005 -1"><span class='ocrx_word' id='word_1_426' title='bbox 1946 3058 2052 3111; x_wconf 88' lang='lat' dir='ltr'><strong><em>Deo</em></strong></span> <span class='ocrx_word' id='word_1_427' title='bbox 2103 3057 2385 3110; x_wconf 77' lang='lat' dir='ltr'><strong><em>credimus.</em></strong></span> <span class='ocrx_word' id='word_1_428' title='bbox 2413 3056 2770 3111; x_wconf 78' lang='lat' dir='ltr'><strong><em>Nihilominus</em></strong></span> <span class='ocrx_word' id='word_1_429' title='bbox 2814 3057 2999 3109; x_wconf 81' lang='lat' dir='ltr'><strong><em>statim</em></strong></span> <span class='ocrx_word' id='word_1_430' title='bbox 3028 3071 3091 3108; x_wconf 88' lang='lat' dir='ltr'><strong><em>ea</em></strong></span> <span class='ocrx_word' id='word_1_431' title='bbox 3123 3054 3265 3107; x_wconf 88' lang='lat' dir='ltr'><strong><em>inter</em></strong></span> <span class='ocrx_word' id='word_1_432' title='bbox 3290 3068 3403 3105; x_wconf 83' lang='lat' dir='ltr'><strong><em>sese</em></strong></span> <span class='ocrx_word' id='word_1_433' title='bbox 3433 3053 3516 3103; x_wconf 82' lang='lat' dir='ltr'><strong><em>di-</em></strong></span> 
     </span>
    </p>
   </div>
   <div class='ocr_carea' id='block_1_60' title="bbox 249 3143 1849 3227">
    <p class='ocr_par' dir='ltr' id='par_1_60' title="bbox 249 3147 1829 3223">
     <span class='ocr_line' id='line_1_60' title="bbox 249 3147 1829 3223; baseline 0.006 -24"><span class='ocrx_word' id='word_1_434' title='bbox 249 3147 424 3200; x_wconf 82' lang='grc' dir='ltr'><em>Θεοῦ.</em></span> <span class='ocrx_word' id='word_1_435' title='bbox 473 3147 647 3215; x_wconf 76' lang='grc' dir='ltr'><em>Πλὴν</em></span> <span class='ocrx_word' id='word_1_436' title='bbox 710 3149 812 3202; x_wconf 86' lang='grc' dir='ltr'><em>ἵνα</em></span> <span class='ocrx_word' id='word_1_437' title='bbox 868 3150 970 3203; x_wconf 79' lang='grc' dir='ltr'><em>καὶ</em></span> <span class='ocrx_word' id='word_1_438' title='bbox 1025 3150 1328 3220; x_wconf 84' lang='grc' dir='ltr'><em>παρευθὺς</em></span> <span class='ocrx_word' id='word_1_439' title='bbox 1381 3151 1481 3205; x_wconf 83' lang='grc' dir='ltr'><strong><em>ἀπ’</em></strong></span> <span class='ocrx_word' id='word_1_440' title='bbox 1545 3152 1829 3223; x_wconf 65' lang='grc' dir='ltr'><em>ἀλλήλων</em></span> 
     </span>
    </p>
   </div>
   <div class='ocr_carea' id='block_1_61' title="bbox 1942 3143 3518 3227">
    <p class='ocr_par' dir='ltr' id='par_1_61' title="bbox 1943 3143 3518 3217">
     <span class='ocr_line' id='line_1_61' title="bbox 1943 3143 3518 3217; baseline -0.008 -14"><span class='ocrx_word' id='word_1_441' title='bbox 1943 3150 2294 3217; x_wconf 82' lang='lat' dir='ltr'><strong><em>stinguemus.</em></strong></span> <span class='ocrx_word' id='word_1_442' title='bbox 2334 3146 2456 3202; x_wconf 87' lang='lat' dir='ltr'><strong><em>Non</em></strong></span> <span class='ocrx_word' id='word_1_443' title='bbox 2487 3150 2583 3214; x_wconf 86' lang='lat' dir='ltr'><strong><em>sic,</em></strong></span> <span class='ocrx_word' id='word_1_444' title='bbox 2631 3166 2660 3202; x_wconf 95' lang='lat' dir='ltr'><strong><em>o</em></strong></span> <span class='ocrx_word' id='word_1_445' title='bbox 2698 3150 2796 3202; x_wconf 87' lang='lat' dir='ltr'><strong><em>viri</em></strong></span> <span class='ocrx_word' id='word_1_446' title='bbox 2827 3149 3032 3215; x_wconf 72' lang='lat' dir='ltr'><strong><em>optimi,</em></strong></span> <span class='ocrx_word' id='word_1_447' title='bbox 3079 3147 3256 3198; x_wconf 82' lang='lat' dir='ltr'><strong><em>omnia</em></strong></span> <span class='ocrx_word' id='word_1_448' title='bbox 3290 3143 3518 3195; x_wconf 72' lang='lat' dir='ltr'><strong><em>dicimus</em></strong></span> 
     </span>
    </p>
   </div>
   <div class='ocr_carea' id='block_1_62' title="bbox 245 3237 1835 3313">
    <p class='ocr_par' dir='ltr' id='par_1_62' title="bbox 245 3237 1835 3313">
     <span class='ocr_line' id='line_1_62' title="bbox 245 3237 1835 3313; baseline 0.008 -23"><span class='ocrx_word' id='word_1_449' title='bbox 245 3238 405 3292; x_wconf 72' lang='grc' dir='ltr'><em>αὐτὰ</em></span> <span class='ocrx_word' id='word_1_450' title='bbox 433 3237 887 3310; x_wconf 76' lang='grc' dir='ltr'><em>διαστείλωμεν,</em></span> <span class='ocrx_word' id='word_1_451' title='bbox 925 3246 1041 3312; x_wconf 83' lang='grc' dir='ltr'><strong><em>οὐχ</em></strong></span> <span class='ocrx_word' id='word_1_452' title='bbox 1065 3244 1274 3311; x_wconf 84' lang='grc' dir='ltr'><em>οὕτως,</em></span> <span class='ocrx_word' id='word_1_453' title='bbox 1321 3240 1369 3299; x_wconf 87' lang='grc' dir='ltr'><em>ὦ</em></span> <span class='ocrx_word' id='word_1_454' title='bbox 1393 3246 1730 3313; x_wconf 81' lang='grc' dir='ltr'><em>βέλτιστοι,</em></span> <span class='ocrx_word' id='word_1_455' title='bbox 1762 3249 1835 3302; x_wconf 83' lang='grc' dir='ltr'><em>τὰ</em></span> 
     </span>
    </p>
   </div>
   <div class='ocr_carea' id='block_1_63' title="bbox 246 3329 1832 3408">
    <p class='ocr_par' dir='ltr' id='par_1_63' title="bbox 246 3329 1832 3408">
     <span class='ocr_line' id='line_1_63' title="bbox 246 3329 1832 3408; baseline 0.008 -27"><span class='ocrx_word' id='word_1_456' title='bbox 246 3329 450 3383; x_wconf 75' lang='grc' dir='ltr'><em>πάντα</em></span> <span class='ocrx_word' id='word_1_457' title='bbox 495 3331 696 3401; x_wconf 77' lang='grc' dir='ltr'><em>φαμὲν</em></span> <span class='ocrx_word' id='word_1_458' title='bbox 738 3334 808 3385; x_wconf 78' lang='grc' dir='ltr'><em>ἐκ</em></span> <span class='ocrx_word' id='word_1_459' title='bbox 844 3333 995 3387; x_wconf 82' lang='grc' dir='ltr'><em>Θεοῦ</em></span> <span class='ocrx_word' id='word_1_460' title='bbox 1023 3335 1292 3403; x_wconf 82' lang='grc' dir='ltr'><em>καθάπερ</em></span> <span class='ocrx_word' id='word_1_461' title='bbox 1333 3337 1528 3392; x_wconf 81' lang='grc' dir='ltr'><em>καὶτὸ</em></span> <span class='ocrx_word' id='word_1_462' title='bbox 1568 3339 1832 3408; x_wconf 84' lang='grc' dir='ltr'><em>Πνεῦμα.</em></span> 
     </span>
    </p>
   </div>
   <div class='ocr_carea' id='block_1_64' title="bbox 252 3422 1832 3500">
    <p class='ocr_par' dir='ltr' id='par_1_64' title="bbox 252 3422 1832 3500">
     <span class='ocr_line' id='line_1_64' title="bbox 252 3422 1832 3500; baseline 0.006 -23"><span class='ocrx_word' id='word_1_463' title='bbox 252 3424 326 3478; x_wconf 80' lang='grc' dir='ltr'><strong><em>Τό</em></strong></span> <span class='ocrx_word' id='word_1_464' title='bbox 349 3422 469 3491; x_wconf 74' lang='grc' dir='ltr'><em>μὲν</em></span> <span class='ocrx_word' id='word_1_465' title='bbox 521 3425 632 3494; x_wconf 76' lang='grc' dir='ltr'><strong><em>γάρ</em></strong></span> <span class='ocrx_word' id='word_1_466' title='bbox 661 3426 795 3480; x_wconf 80' lang='grc' dir='ltr'><em>ἐστι</em></span> <span class='ocrx_word' id='word_1_467' title='bbox 825 3427 1100 3495; x_wconf 74' lang='grc' dir='ltr'><em>φυσικῶς</em></span> <span class='ocrx_word' id='word_1_468' title='bbox 1131 3430 1480 3500; x_wconf 79' lang='grc' dir='ltr'><em>ἐνυπάρχον</em></span> <span class='ocrx_word' id='word_1_469' title='bbox 1510 3432 1691 3498; x_wconf 80' lang='grc' dir='ltr'><em>αὐτῷ.</em></span> <span class='ocrx_word' id='word_1_470' title='bbox 1733 3435 1832 3487; x_wconf 75' lang='grc' dir='ltr'><strong><em>καί</em></strong></span> 
     </span>
    </p>
   </div>
   <div class='ocr_carea' id='block_1_65' title="bbox 245 3514 1836 3592">
    <p class='ocr_par' dir='ltr' id='par_1_65' title="bbox 245 3514 1836 3592">
     <span class='ocr_line' id='line_1_65' title="bbox 245 3514 1836 3592; baseline 0.003 -21"><span class='ocrx_word' id='word_1_471' title='bbox 245 3514 559 3582; x_wconf 79' lang='grc' dir='ltr'><em>οὑσιωδῶς</em></span> <span class='ocrx_word' id='word_1_472' title='bbox 595 3516 965 3586; x_wconf 75' lang='grc' dir='ltr'><em>ἐμπεφυκὸς,</em></span> <span class='ocrx_word' id='word_1_473' title='bbox 1021 3518 1098 3573; x_wconf 81' lang='grc' dir='ltr'><strong><em>ἵν’</em></strong></span> <span class='ocrx_word' id='word_1_474' title='bbox 1156 3520 1345 3586; x_wconf 83' lang='grc' dir='ltr'><em>οὕτως</em></span> <span class='ocrx_word' id='word_1_475' title='bbox 1396 3521 1678 3592; x_wconf 82' lang='grc' dir='ltr'><em>εῖπωμεν,</em></span> <span class='ocrx_word' id='word_1_476' title='bbox 1736 3523 1836 3578; x_wconf 74' lang='grc' dir='ltr'><strong><em>καί</em></strong></span> 
     </span>
    </p>
   </div>
   <div class='ocr_carea' id='block_1_66' title="bbox 245 3608 1835 3683">
    <p class='ocr_par' dir='ltr' id='par_1_66' title="bbox 245 3608 1835 3683">
     <span class='ocr_line' id='line_1_66' title="bbox 245 3608 1835 3683; baseline 0.004 -21"><span class='ocrx_word' id='word_1_477' title='bbox 245 3608 586 3677; x_wconf 79' lang='grc' dir='ltr'><em>ἀμερίστως</em></span> <span class='ocrx_word' id='word_1_478' title='bbox 618 3610 688 3673; x_wconf 74' lang='grc' dir='ltr'><strong><em>ἐξ</em></strong></span> <span class='ocrx_word' id='word_1_479' title='bbox 713 3608 901 3664; x_wconf 82' lang='grc' dir='ltr'><em>αὐτοῦ</em></span> <span class='ocrx_word' id='word_1_480' title='bbox 932 3613 1165 3678; x_wconf 80' lang='grc' dir='ltr'><em>προϊὸν,</em></span> <span class='ocrx_word' id='word_1_481' title='bbox 1195 3612 1268 3666; x_wconf 84' lang='grc' dir='ltr'><em>τὰ</em></span> <span class='ocrx_word' id='word_1_482' title='bbox 1296 3614 1365 3666; x_wconf 81' lang='grc' dir='ltr'><em>δὲ</em></span> <span class='ocrx_word' id='word_1_483' title='bbox 1393 3613 1506 3682; x_wconf 84' lang='grc' dir='ltr'><em>τῆς</em></span> <span class='ocrx_word' id='word_1_484' title='bbox 1531 3617 1835 3683; x_wconf 76' lang='grc' dir='ltr'><em>ἐνεργείας</em></span> 
     </span>
    </p>
   </div>
   <div class='ocr_carea' id='block_1_67' title="bbox 247 3700 1835 3775">
    <p class='ocr_par' dir='ltr' id='par_1_67' title="bbox 247 3700 1835 3775">
     <span class='ocr_line' id='line_1_67' title="bbox 247 3700 1835 3775; baseline 0.004 -23"><span class='ocrx_word' id='word_1_485' title='bbox 247 3701 398 3770; x_wconf 75' lang='grc' dir='ltr'><em>ἔργα</em></span> <span class='ocrx_word' id='word_1_486' title='bbox 424 3700 526 3754; x_wconf 76' lang='grc' dir='ltr'><em>καὶ</em></span> <span class='ocrx_word' id='word_1_487' title='bbox 555 3700 878 3771; x_wconf 82' lang='grc' dir='ltr'><em>ποιήματα,</em></span> <span class='ocrx_word' id='word_1_488' title='bbox 920 3703 1053 3774; x_wconf 82' lang='grc' dir='ltr'><em>φησί</em></span> <span class='ocrx_word' id='word_1_489' title='bbox 1103 3720 1206 3756; x_wconf 84' lang='grc' dir='ltr'><strong><em>που</em></strong></span> <span class='ocrx_word' id='word_1_490' title='bbox 1255 3705 1367 3758; x_wconf 90' lang='grc' dir='ltr'><strong><em>τῶν</em></strong></span> <span class='ocrx_word' id='word_1_491' title='bbox 1415 3706 1610 3759; x_wconf 77' lang='grc' dir='ltr'><em>ἑαυτοῦ</em></span> <span class='ocrx_word' id='word_1_492' title='bbox 1664 3724 1835 3775; x_wconf 81' lang='grc' dir='ltr'><em>κεφα-</em></span> 
     </span>
    </p>
   </div>
   <div class='ocr_carea' id='block_1_68' title="bbox 245 3793 1833 3869">
    <p class='ocr_par' dir='ltr' id='par_1_68' title="bbox 245 3793 1833 3869">
     <span class='ocr_line' id='line_1_68' title="bbox 245 3793 1833 3869; baseline 0.006 -26"><span class='ocrx_word' id='word_1_493' title='bbox 245 3793 422 3846; x_wconf 68' lang='grc' dir='ltr'><em>λαίων</em></span> <span class='ocrx_word' id='word_1_494' title='bbox 467 3793 562 3846; x_wconf 80' lang='grc' dir='ltr'><strong><em>τοῦ</em></strong></span> <span class='ocrx_word' id='word_1_495' title='bbox 624 3794 878 3866; x_wconf 84' lang='grc' dir='ltr'><em>δευτέρου</em></span> <span class='ocrx_word' id='word_1_496' title='bbox 942 3796 1050 3849; x_wconf 86' lang='grc' dir='ltr'><strong><em>τῶν</em></strong></span> <span class='ocrx_word' id='word_1_497' title='bbox 1098 3797 1402 3867; x_wconf 85' lang='grc' dir='ltr'><em>Θησαυρῶν</em></span> <span class='ocrx_word' id='word_1_498' title='bbox 1458 3801 1586 3869; x_wconf 78' lang='grc' dir='ltr'><em>περὶ</em></span> <span class='ocrx_word' id='word_1_499' title='bbox 1614 3800 1711 3869; x_wconf 87' lang='grc' dir='ltr'><em>τῆς</em></span> <span class='ocrx_word' id='word_1_500' title='bbox 1740 3801 1833 3854; x_wconf 76' lang='grc' dir='ltr'><strong><em>τοῦ</em></strong></span> 
     </span>
    </p>
   </div>
   <div class='ocr_carea' id='block_1_69' title="bbox 248 3885 1836 3960">
    <p class='ocr_par' dir='ltr' id='par_1_69' title="bbox 248 3885 1836 3960">
     <span class='ocr_line' id='line_1_69' title="bbox 248 3885 1836 3960; baseline 0.004 -23"><span class='ocrx_word' id='word_1_501' title='bbox 248 3885 571 3956; x_wconf 84' lang='grc' dir='ltr'><em>Πνεύματος</em></span> <span class='ocrx_word' id='word_1_502' title='bbox 623 3888 913 3959; x_wconf 83' lang='grc' dir='ltr'><em>ὑπάρξεως</em></span> <span class='ocrx_word' id='word_1_503' title='bbox 959 3888 1226 3958; x_wconf 84' lang='grc' dir='ltr'><em>θεολογῶν</em></span> <span class='ocrx_word' id='word_1_504' title='bbox 1289 3890 1318 3943; x_wconf 86' lang='grc' dir='ltr'><strong><em>ό</em></strong></span> <span class='ocrx_word' id='word_1_505' title='bbox 1383 3890 1836 3960; x_wconf 81' lang='grc' dir='ltr'><em>Θαυμασιώτατος</em></span> 
     </span>
    </p>
   </div>
   <div class='ocr_carea' id='block_1_70' title="bbox 248 3975 1835 4052">
    <p class='ocr_par' dir='ltr' id='par_1_70' title="bbox 248 3975 1835 4052">
     <span class='ocr_line' id='line_1_70' title="bbox 248 3975 1835 4052; baseline 0.003 -22"><span class='ocrx_word' id='word_1_506' title='bbox 248 3975 541 4047; x_wconf 81' lang='grc' dir='ltr'><em>Κύριλλος.</em></span> <span class='ocrx_word' id='word_1_507' title='bbox 585 3977 859 4042; x_wconf 80' lang='grc' dir='ltr'><em>Ὡσαύτως</em></span> <span class='ocrx_word' id='word_1_508' title='bbox 890 3981 1182 4050; x_wconf 79' lang='grc' dir='ltr'><em>τοιγαροῦν</em></span> <span class='ocrx_word' id='word_1_509' title='bbox 1229 3981 1468 4037; x_wconf 79' lang='grc' dir='ltr'><em>ἐνταῦθα</em></span> <span class='ocrx_word' id='word_1_510' title='bbox 1521 3981 1679 4050; x_wconf 81' lang='grc' dir='ltr'><strong><em>κάγὼ</em></strong></span> <span class='ocrx_word' id='word_1_511' title='bbox 1733 3985 1835 4052; x_wconf 72' lang='grc' dir='ltr'><em>τὴν</em></span> 
     </span>
    </p>
   </div>
   <div class='ocr_carea' id='block_1_71' title="bbox 245 4065 1834 4143">
    <p class='ocr_par' dir='ltr' id='par_1_71' title="bbox 245 4065 1834 4143">
     <span class='ocr_line' id='line_1_71' title="bbox 245 4065 1834 4143; baseline 0.006 -25"><span class='ocrx_word' id='word_1_512' title='bbox 245 4065 319 4119; x_wconf 83' lang='grc' dir='ltr'><em>δι’</em></span> <span class='ocrx_word' id='word_1_513' title='bbox 378 4065 514 4120; x_wconf 88' lang='grc' dir='ltr'>Υἱοῦ</span> <span class='ocrx_word' id='word_1_514' title='bbox 547 4068 733 4138; x_wconf 78' lang='grc' dir='ltr'><em>φωνην</em></span> <span class='ocrx_word' id='word_1_515' title='bbox 791 4071 883 4122; x_wconf 84' lang='grc' dir='ltr'><em>ὲπί</em></span> <span class='ocrx_word' id='word_1_516' title='bbox 931 4088 994 4124; x_wconf 89' lang='grc' dir='ltr'><strong><em>τε</em></strong></span> <span class='ocrx_word' id='word_1_517' title='bbox 1044 4072 1138 4125; x_wconf 83' lang='grc' dir='ltr'><strong><em>τοῦ</em></strong></span> <span class='ocrx_word' id='word_1_518' title='bbox 1198 4071 1516 4143; x_wconf 79' lang='grc' dir='ltr'><em>Πνεύματος</em></span> <span class='ocrx_word' id='word_1_519' title='bbox 1575 4075 1670 4126; x_wconf 78' lang='grc' dir='ltr'><em>καὶ</em></span> <span class='ocrx_word' id='word_1_520' title='bbox 1724 4075 1834 4128; x_wconf 88' lang='grc' dir='ltr'><strong><em>τῶν</em></strong></span> 
     </span>
    </p>
   </div>
   <div class='ocr_carea' id='block_1_72' title="bbox 249 4158 1835 4234">
    <p class='ocr_par' dir='ltr' id='par_1_72' title="bbox 249 4158 1835 4234">
     <span class='ocr_line' id='line_1_72' title="bbox 249 4158 1835 4234; baseline 0.004 -24"><span class='ocrx_word' id='word_1_521' title='bbox 249 4158 572 4228; x_wconf 81' lang='grc' dir='ltr'><em>κτισμάτων</em></span> <span class='ocrx_word' id='word_1_522' title='bbox 621 4160 1040 4232; x_wconf 78' lang='grc' dir='ltr'><em>ἀποδεχόμενος,</em></span> <span class='ocrx_word' id='word_1_523' title='bbox 1074 4163 1413 4232; x_wconf 79' lang='grc' dir='ltr'><strong><em>κατάλληλον</em></strong></span> <span class='ocrx_word' id='word_1_524' title='bbox 1474 4164 1692 4234; x_wconf 75' lang='grc' dir='ltr'><em>ἑκάστῳ</em></span> <span class='ocrx_word' id='word_1_525' title='bbox 1726 4180 1835 4216; x_wconf 87' lang='grc' dir='ltr'><em>πα-</em></span> 
     </span>
    </p>
   </div>
   <div class='ocr_carea' id='block_1_73' title="bbox 250 4252 1834 4325">
    <p class='ocr_par' dir='ltr' id='par_1_73' title="bbox 250 4252 1834 4325">
     <span class='ocr_line' id='line_1_73' title="bbox 250 4252 1834 4325; baseline 0.003 -21"><span class='ocrx_word' id='word_1_526' title='bbox 250 4252 482 4324; x_wconf 81' lang='grc' dir='ltr'><em>ρέχομαι</em></span> <span class='ocrx_word' id='word_1_527' title='bbox 542 4252 641 4323; x_wconf 80' lang='grc' dir='ltr'><em>τὴν</em></span> <span class='ocrx_word' id='word_1_528' title='bbox 693 4254 953 4317; x_wconf 83' lang='grc' dir='ltr'><em>διάνοιαν,</em></span> <span class='ocrx_word' id='word_1_529' title='bbox 1016 4255 1076 4308; x_wconf 86' lang='grc' dir='ltr'><em>τὸ</em></span> <span class='ocrx_word' id='word_1_530' title='bbox 1130 4258 1230 4325; x_wconf 69' lang='grc' dir='ltr'><em>μὲν</em></span> <span class='ocrx_word' id='word_1_531' title='bbox 1286 4257 1513 4325; x_wconf 85' lang='grc' dir='ltr'><em>Πνεῦμα</em></span> <span class='ocrx_word' id='word_1_532' title='bbox 1565 4255 1635 4309; x_wconf 86' lang='grc' dir='ltr'><em>δι’</em></span> <span class='ocrx_word' id='word_1_533' title='bbox 1703 4256 1834 4310; x_wconf 86' lang='grc' dir='ltr'><strong><em>Υίοῦ</em></strong></span> 
     </span>
    </p>
   </div>
   <div class='ocr_carea' id='block_1_74' title="bbox 245 4345 1837 4420">
    <p class='ocr_par' dir='ltr' id='par_1_74' title="bbox 245 4345 1837 4420">
     <span class='ocr_line' id='line_1_74' title="bbox 245 4345 1837 4420; baseline 0.003 -22"><span class='ocrx_word' id='word_1_534' title='bbox 245 4346 429 4413; x_wconf 72' lang='grc' dir='ltr'><em>λέγων</em></span> <span class='ocrx_word' id='word_1_535' title='bbox 458 4345 728 4417; x_wconf 73' lang='grc' dir='ltr'><em>ὑπάρχειν</em></span> <span class='ocrx_word' id='word_1_536' title='bbox 757 4348 1003 4417; x_wconf 83' lang='grc' dir='ltr'><em>φυσικῶς</em></span> <span class='ocrx_word' id='word_1_537' title='bbox 1051 4348 1148 4401; x_wconf 80' lang='grc' dir='ltr'><em>καὶ</em></span> <span class='ocrx_word' id='word_1_538' title='bbox 1175 4349 1479 4410; x_wconf 84' lang='grc' dir='ltr'><em>οὐσιωδῶς,</em></span> <span class='ocrx_word' id='word_1_539' title='bbox 1536 4349 1659 4402; x_wconf 70' lang='grc' dir='ltr'><em>ἐπεὶ</em></span> <span class='ocrx_word' id='word_1_540' title='bbox 1699 4349 1837 4420; x_wconf 83' lang='grc' dir='ltr'><em>μηδὲ</em></span> 
     </span>
    </p>
   </div>
   <div class='ocr_carea' id='block_1_75' title="bbox 247 4437 1834 4511">
    <p class='ocr_par' dir='ltr' id='par_1_75' title="bbox 247 4437 1834 4511">
     <span class='ocr_line' id='line_1_75' title="bbox 247 4437 1834 4511; baseline 0.003 -22"><span class='ocrx_word' id='word_1_541' title='bbox 247 4437 492 4493; x_wconf 82' lang='grc' dir='ltr'><em>νοεῖσθαι</em></span> <span class='ocrx_word' id='word_1_542' title='bbox 522 4438 681 4492; x_wconf 83' lang='grc' dir='ltr'><em>τοῦτο</em></span> <span class='ocrx_word' id='word_1_543' title='bbox 711 4439 960 4509; x_wconf 72' lang='grc' dir='ltr'><em>πέφυκεν</em></span> <span class='ocrx_word' id='word_1_544' title='bbox 989 4441 1147 4504; x_wconf 75' lang='grc' dir='ltr'><em>ἐκτὸς</em></span> <span class='ocrx_word' id='word_1_545' title='bbox 1175 4440 1271 4493; x_wconf 84' lang='grc' dir='ltr'><strong><em>τοῦ</em></strong></span> <span class='ocrx_word' id='word_1_546' title='bbox 1308 4441 1673 4508; x_wconf 79' lang='grc' dir='ltr'><em>Μονογενοῦς·</em></span> <span class='ocrx_word' id='word_1_547' title='bbox 1734 4443 1834 4511; x_wconf 82' lang='grc' dir='ltr'><em>τὴν</em></span> 
     </span>
    </p>
   </div>
   <div class='ocr_carea' id='block_1_76' title="bbox 240 4511 1909 4602">
    <p class='ocr_par' dir='ltr' id='par_1_76' title="bbox 240 4511 1909 4602">
     <span class='ocr_line' id='line_1_76' title="bbox 240 4511 1909 4602; baseline 0.002 -21"><span class='ocrx_word' id='word_1_548' title='bbox 240 4529 303 4581; x_wconf 82' lang='grc' dir='ltr'><em>δὲ</em></span> <span class='ocrx_word' id='word_1_549' title='bbox 361 4528 544 4581; x_wconf 85' lang='grc' dir='ltr'><em>κτίσιν</em></span> <span class='ocrx_word' id='word_1_550' title='bbox 598 4525 744 4582; x_wconf 79' lang='grc' dir='ltr'><em>εἶναι</em></span> <span class='ocrx_word' id='word_1_551' title='bbox 800 4529 868 4582; x_wconf 86' lang='grc' dir='ltr'><em>δι’</em></span> <span class='ocrx_word' id='word_1_552' title='bbox 929 4530 1082 4595; x_wconf 79' lang='grc' dir='ltr'><strong><em>Υίοῦ,</em></strong></span> <span class='ocrx_word' id='word_1_553' title='bbox 1141 4532 1278 4602; x_wconf 78' lang='grc' dir='ltr'><em>μηδὲ</em></span> <span class='ocrx_word' id='word_1_554' title='bbox 1330 4533 1440 4600; x_wconf 80' lang='grc' dir='ltr'><em>γὰρ</em></span> <span class='ocrx_word' id='word_1_555' title='bbox 1509 4532 1682 4601; x_wconf 71' lang='grc' dir='ltr'><em>χωρὶς</em></span> <span class='ocrx_word' id='word_1_556' title='bbox 1734 4532 1830 4585; x_wconf 80' lang='grc' dir='ltr'><strong><em>τοῦ</em></strong></span> <span class='ocrx_word' id='word_1_557' title='bbox 1866 4511 1909 4566; x_wconf 65' lang='grc' dir='ltr'>ῃ</span> 
     </span>
    </p>
   </div>
   <div class='ocr_carea' id='block_1_77' title="bbox 242 4620 1841 4694">
    <p class='ocr_par' dir='ltr' id='par_1_77' title="bbox 242 4620 1841 4694">
     <span class='ocr_line' id='line_1_77' title="bbox 242 4620 1841 4694; baseline 0.001 -19"><span class='ocrx_word' id='word_1_558' title='bbox 242 4620 428 4687; x_wconf 65' lang='grc' dir='ltr'><em>Λόγου</em></span> <span class='ocrx_word' id='word_1_559' title='bbox 466 4620 674 4691; x_wconf 80' lang='grc' dir='ltr'><em>ταύτην</em></span> <span class='ocrx_word' id='word_1_560' title='bbox 703 4621 825 4685; x_wconf 75' lang='grc' dir='ltr'><strong><em>ἐξὸν</em></strong></span> <span class='ocrx_word' id='word_1_561' title='bbox 856 4624 1119 4691; x_wconf 79' lang='grc' dir='ltr'><em>συστῆναι</em></span> <span class='ocrx_word' id='word_1_562' title='bbox 1166 4640 1320 4688; x_wconf 83' lang='grc' dir='ltr'><em>ποτε,</em></span> <span class='ocrx_word' id='word_1_563' title='bbox 1381 4624 1682 4694; x_wconf 83' lang='grc' dir='ltr'><em>ποιητικῶς</em></span> <span class='ocrx_word' id='word_1_564' title='bbox 1745 4628 1841 4677; x_wconf 78' lang='grc' dir='ltr'><em>καὶ</em></span> 
     </span>
    </p>
   </div>
   <div class='ocr_carea' id='block_1_78' title="bbox 246 4713 1842 4786">
    <p class='ocr_par' dir='ltr' id='par_1_78' title="bbox 246 4713 1842 4786">
     <span class='ocr_line' id='line_1_78' title="bbox 246 4713 1842 4786; baseline 0.003 -21"><span class='ocrx_word' id='word_1_565' title='bbox 246 4713 666 4782; x_wconf 82' lang='grc' dir='ltr'><em>δημιουργικῶς</em></span> <span class='ocrx_word' id='word_1_566' title='bbox 715 4713 859 4766; x_wconf 83' lang='grc' dir='ltr'><em>κατὰ</em></span> <span class='ocrx_word' id='word_1_567' title='bbox 892 4714 992 4784; x_wconf 80' lang='grc' dir='ltr'><em>τὴν</em></span> <span class='ocrx_word' id='word_1_568' title='bbox 1028 4714 1139 4766; x_wconf 87' lang='grc' dir='ltr'><strong><em>τῶν</em></strong></span> <span class='ocrx_word' id='word_1_569' title='bbox 1185 4715 1447 4781; x_wconf 79' lang='grc' dir='ltr'><em>Πατέρων</em></span> <span class='ocrx_word' id='word_1_570' title='bbox 1479 4716 1629 4768; x_wconf 83' lang='grc' dir='ltr'><em>θείαν</em></span> <span class='ocrx_word' id='word_1_571' title='bbox 1662 4718 1842 4786; x_wconf 77' lang='grc' dir='ltr'><em>παρὰ·</em></span> 
     </span>
    </p>
   </div>
   <div class='ocr_carea' id='block_1_79' title="bbox 244 4805 1842 4879">
    <p class='ocr_par' dir='ltr' id='par_1_79' title="bbox 244 4805 1842 4879">
     <span class='ocr_line' id='line_1_79' title="bbox 244 4805 1842 4879; baseline 0.003 -23"><span class='ocrx_word' id='word_1_572' title='bbox 244 4806 419 4867; x_wconf 86' lang='grc' dir='ltr'><em>δοσιν.</em></span> <span class='ocrx_word' id='word_1_573' title='bbox 477 4805 600 4874; x_wconf 80' lang='grc' dir='ltr'><em>ἥτις</em></span> <span class='ocrx_word' id='word_1_574' title='bbox 654 4805 748 4859; x_wconf 77' lang='grc' dir='ltr'><em>καὶ</em></span> <span class='ocrx_word' id='word_1_575' title='bbox 796 4807 910 4868; x_wconf 82' lang='grc' dir='ltr'><em>τοῖς</em></span> <span class='ocrx_word' id='word_1_576' title='bbox 946 4807 1116 4858; x_wconf 80' lang='grc' dir='ltr'><em>πᾶσιν</em></span> <span class='ocrx_word' id='word_1_577' title='bbox 1164 4807 1246 4869; x_wconf 83' lang='grc' dir='ltr'><strong><em>είς</em></strong></span> <span class='ocrx_word' id='word_1_578' title='bbox 1275 4807 1462 4879; x_wconf 79' lang='grc' dir='ltr'><em>κοινὴν</em></span> <span class='ocrx_word' id='word_1_579' title='bbox 1503 4809 1738 4879; x_wconf 81' lang='grc' dir='ltr'><em>κατέστη</em></span> <span class='ocrx_word' id='word_1_580' title='bbox 1781 4809 1842 4862; x_wconf 81' lang='grc' dir='ltr'><em>τὸ</em></span> 
     </span>
    </p>
   </div>
   <div class='ocr_carea' id='block_1_80' title="bbox 247 4893 1841 4966">
    <p class='ocr_par' dir='ltr' id='par_1_80' title="bbox 247 4893 1841 4966">
     <span class='ocr_line' id='line_1_80' title="bbox 247 4893 1841 4966; baseline 0.005 -21"><span class='ocrx_word' id='word_1_581' title='bbox 247 4893 363 4947; x_wconf 79' lang='grc' dir='ltr'><strong><em>ἀπὸ</em></strong></span> <span class='ocrx_word' id='word_1_582' title='bbox 387 4894 544 4948; x_wconf 81' lang='grc' dir='ltr'><em>τοῦδε</em></span> <span class='ocrx_word' id='word_1_583' title='bbox 595 4898 691 4949; x_wconf 78' lang='grc' dir='ltr'><em>καὶ</em></span> <span class='ocrx_word' id='word_1_584' title='bbox 748 4895 1156 4966; x_wconf 82' lang='grc' dir='ltr'><em>ἀναμφίλεκτον</em></span> <span class='ocrx_word' id='word_1_585' title='bbox 1209 4896 1442 4952; x_wconf 78' lang='grc' dir='ltr'><em>ἔννοιαν.</em></span> <span class='ocrx_word' id='word_1_586' title='bbox 1480 4898 1606 4952; x_wconf 79' lang='grc' dir='ltr'><em>Ὀτι</em></span> <span class='ocrx_word' id='word_1_587' title='bbox 1658 4901 1715 4952; x_wconf 78' lang='grc' dir='ltr'><em>δὲ</em></span> <span class='ocrx_word' id='word_1_588' title='bbox 1752 4900 1841 4953; x_wconf 77' lang='grc' dir='ltr'><em>διὰ</em></span> 
     </span>
    </p>
   </div>
   <div class='ocr_carea' id='block_1_81' title="bbox 248 4974 1838 5057">
    <p class='ocr_par' dir='ltr' id='par_1_81' title="bbox 248 4974 1838 5057">
     <span class='ocr_line' id='line_1_81' title="bbox 248 4974 1838 5057; baseline 0.001 -17"><span class='ocrx_word' id='word_1_589' title='bbox 248 4985 385 5041; x_wconf 84' lang='grc' dir='ltr'>Υἰοῦ</span> <span class='ocrx_word' id='word_1_590' title='bbox 430 4987 491 5040; x_wconf 87' lang='grc' dir='ltr'><strong><em>τό</em></strong></span> <span class='ocrx_word' id='word_1_591' title='bbox 521 5005 581 5040; x_wconf 85' lang='grc' dir='ltr'><strong><em>τε</em></strong></span> <span class='ocrx_word' id='word_1_592' title='bbox 623 4974 877 5057; x_wconf 52' lang='grc' dir='ltr'><strong><em>Πνεῦμᾶδ</em></strong></span> <span class='ocrx_word' id='word_1_593' title='bbox 914 4989 974 5041; x_wconf 81' lang='grc' dir='ltr'><em>τὸ</em></span> <span class='ocrx_word' id='word_1_594' title='bbox 1033 4988 1211 5055; x_wconf 84' lang='grc' dir='ltr'><em>ἆγιον,</em></span> <span class='ocrx_word' id='word_1_595' title='bbox 1249 4989 1344 5041; x_wconf 73' lang='grc' dir='ltr'><em>καὶ</em></span> <span class='ocrx_word' id='word_1_596' title='bbox 1397 4991 1430 5057; x_wconf 79' lang='grc' dir='ltr'>ἡ</span> <span class='ocrx_word' id='word_1_597' title='bbox 1471 4991 1649 5052; x_wconf 75' lang='grc' dir='ltr'><em>κτίσις</em></span> <span class='ocrx_word' id='word_1_598' title='bbox 1698 4993 1838 5057; x_wconf 70' lang='grc' dir='ltr'><em>ἐστὶ,</em></span> 
     </span>
    </p>
   </div>
   <div class='ocr_carea' id='block_1_82' title="bbox 246 5079 1840 5151">
    <p class='ocr_par' dir='ltr' id='par_1_82' title="bbox 246 5079 1840 5151">
     <span class='ocr_line' id='line_1_82' title="bbox 246 5079 1840 5151; baseline 0.001 -18"><span class='ocrx_word' id='word_1_599' title='bbox 246 5080 555 5150; x_wconf 75' lang='grc' dir='ltr'><em>Γρηγόριος</em></span> <span class='ocrx_word' id='word_1_600' title='bbox 584 5081 612 5132; x_wconf 86' lang='grc' dir='ltr'>ὁ</span> <span class='ocrx_word' id='word_1_601' title='bbox 643 5079 923 5150; x_wconf 68' lang='grc' dir='ltr'><em>Νύσσηςό</em></span> <span class='ocrx_word' id='word_1_602' title='bbox 962 5080 1127 5143; x_wconf 79' lang='grc' dir='ltr'><em>πολὺς</em></span> <span class='ocrx_word' id='word_1_603' title='bbox 1155 5083 1213 5132; x_wconf 76' lang='grc' dir='ltr'><em>ἐν</em></span> <span class='ocrx_word' id='word_1_604' title='bbox 1265 5084 1378 5143; x_wconf 88' lang='grc' dir='ltr'><em>τοῖς</em></span> <span class='ocrx_word' id='word_1_605' title='bbox 1407 5081 1571 5143; x_wconf 85' lang='grc' dir='ltr'><em>θείοις</em></span> <span class='ocrx_word' id='word_1_606' title='bbox 1604 5082 1840 5151; x_wconf 75' lang='grc' dir='ltr'><em>δόγμασι</em></span> 
     </span>
    </p>
   </div>
   <div class='ocr_carea' id='block_1_83' title="bbox 246 5171 1842 5242">
    <p class='ocr_par' dir='ltr' id='par_1_83' title="bbox 246 5171 1842 5242">
     <span class='ocr_line' id='line_1_83' title="bbox 246 5171 1842 5242; baseline -0.001 -17"><span class='ocrx_word' id='word_1_607' title='bbox 246 5177 350 5227; x_wconf 80' lang='grc' dir='ltr'><em>καὶ</em></span> <span class='ocrx_word' id='word_1_608' title='bbox 383 5171 755 5242; x_wconf 76' lang='grc' dir='ltr'><em>περίϐλεπτος</em></span> <span class='ocrx_word' id='word_1_609' title='bbox 797 5173 987 5241; x_wconf 83' lang='grc' dir='ltr'><em>σαφῶς</em></span> <span class='ocrx_word' id='word_1_610' title='bbox 1036 5172 1390 5241; x_wconf 83' lang='grc' dir='ltr'><em>διετράνωσε,</em></span> <span class='ocrx_word' id='word_1_611' title='bbox 1448 5173 1544 5224; x_wconf 76' lang='grc' dir='ltr'><em>καὶ</em></span> <span class='ocrx_word' id='word_1_612' title='bbox 1578 5172 1679 5241; x_wconf 84' lang='grc' dir='ltr'><em>τὴν</em></span> <span class='ocrx_word' id='word_1_613' title='bbox 1728 5173 1842 5224; x_wconf 76' lang='grc' dir='ltr'><em>δια-</em></span> 
     </span>
    </p>
   </div>
   <div class='ocr_carea' id='block_1_84' title="bbox 247 5263 1840 5336">
    <p class='ocr_par' dir='ltr' id='par_1_84' title="bbox 247 5263 1840 5336">
     <span class='ocr_line' id='line_1_84' title="bbox 247 5263 1840 5336; baseline -0.002 -19"><span class='ocrx_word' id='word_1_614' title='bbox 247 5266 428 5336; x_wconf 80' lang='grc' dir='ltr'><em>φορὰν</em></span> <span class='ocrx_word' id='word_1_615' title='bbox 480 5264 808 5333; x_wconf 82' lang='grc' dir='ltr'><em>διαπρύσιον</em></span> <span class='ocrx_word' id='word_1_616' title='bbox 867 5263 1195 5335; x_wconf 78' lang='grc' dir='ltr'><em>ἀνεκήρυξε.</em></span> <span class='ocrx_word' id='word_1_617' title='bbox 1277 5265 1419 5334; x_wconf 74' lang='grc' dir='ltr'><em>Φησὶ</em></span> <span class='ocrx_word' id='word_1_618' title='bbox 1479 5265 1588 5335; x_wconf 85' lang='grc' dir='ltr'><em>γὰρ</em></span> <span class='ocrx_word' id='word_1_619' title='bbox 1650 5265 1708 5315; x_wconf 80' lang='grc' dir='ltr'><em>ὲν</em></span> <span class='ocrx_word' id='word_1_620' title='bbox 1761 5264 1840 5333; x_wconf 85' lang='grc' dir='ltr'><em>τῷ</em></span> 
     </span>
    </p>
   </div>
   <div class='ocr_carea' id='block_1_85' title="bbox 250 5356 1837 5430">
    <p class='ocr_par' dir='ltr' id='par_1_85' title="bbox 250 5356 1837 5430">
     <span class='ocr_line' id='line_1_85' title="bbox 250 5356 1837 5430; baseline -0.001 -18"><span class='ocrx_word' id='word_1_621' title='bbox 250 5357 462 5430; x_wconf 79' lang='grc' dir='ltr'><em>πρώτῳ</em></span> <span class='ocrx_word' id='word_1_622' title='bbox 524 5358 634 5412; x_wconf 85' lang='grc' dir='ltr'><strong><em>τῶν</em></strong></span> <span class='ocrx_word' id='word_1_623' title='bbox 697 5359 847 5429; x_wconf 65' lang='grc' dir='ltr'><em>πρὸς,</em></span> <span class='ocrx_word' id='word_1_624' title='bbox 905 5358 1172 5427; x_wconf 84' lang='grc' dir='ltr'><em>Εὐνόμιον</em></span> <span class='ocrx_word' id='word_1_625' title='bbox 1218 5356 1651 5428; x_wconf 76' lang='grc' dir='ltr'><em>Ἀντιρρητικῶν</em></span> <span class='ocrx_word' id='word_1_626' title='bbox 1683 5374 1697 5388; x_wconf 75' lang='grc' dir='ltr'><strong>ο</strong></span> <span class='ocrx_word' id='word_1_627' title='bbox 1768 5360 1837 5411; x_wconf 86' lang='grc' dir='ltr'><strong><em>Τὸ</em></strong></span> 
     </span>
    </p>
   </div>
   <div class='ocr_carea' id='block_1_86' title="bbox 248 5450 1840 5520">
    <p class='ocr_par' dir='ltr' id='par_1_86' title="bbox 248 5450 1840 5520">
     <span class='ocr_line' id='line_1_86' title="bbox 248 5450 1840 5520; baseline -0.003 -14"><span class='ocrx_word' id='word_1_628' title='bbox 248 5450 502 5520; x_wconf 83' lang='grc' dir='ltr'><em>Πνεῦμα</em></span> <span class='ocrx_word' id='word_1_629' title='bbox 546 5450 626 5516; x_wconf 86' lang='grc' dir='ltr'><em>τῷ</em></span> <span class='ocrx_word' id='word_1_630' title='bbox 658 5451 845 5518; x_wconf 65' lang='lat' dir='ltr'><strong><em>Harp!</em></strong></span> <span class='ocrx_word' id='word_1_631' title='bbox 882 5450 1035 5505; x_wconf 80' lang='grc' dir='ltr'><em>κατὰ</em></span> <span class='ocrx_word' id='word_1_632' title='bbox 1066 5452 1131 5505; x_wconf 88' lang='grc' dir='ltr'><em>τὸ</em></span> <span class='ocrx_word' id='word_1_633' title='bbox 1188 5451 1479 5506; x_wconf 78' lang='grc' dir='ltr'><em>ἄκτιστον</em></span> <span class='ocrx_word' id='word_1_634' title='bbox 1532 5456 1840 5506; x_wconf 82' lang='grc' dir='ltr'><em>συναπτό-</em></span> 
     </span>
    </p>
   </div>
   <div class='ocr_carea' id='block_1_87' title="bbox 241 5541 1837 5614">
    <p class='ocr_par' dir='ltr' id='par_1_87' title="bbox 241 5541 1837 5614">
     <span class='ocr_line' id='line_1_87' title="bbox 241 5541 1837 5614; baseline -0.001 -16"><span class='ocrx_word' id='word_1_635' title='bbox 241 5560 461 5614; x_wconf 82' lang='grc' dir='ltr'><em>μενον,</em></span> <span class='ocrx_word' id='word_1_636' title='bbox 511 5544 700 5597; x_wconf 77' lang='grc' dir='ltr'><em>πάλιν</em></span> <span class='ocrx_word' id='word_1_637' title='bbox 755 5543 858 5598; x_wconf 84' lang='grc' dir='ltr'><strong><em>ἀπ’</em></strong></span> <span class='ocrx_word' id='word_1_638' title='bbox 918 5545 1107 5598; x_wconf 87' lang='grc' dir='ltr'><em>αὐτοῦ</em></span> <span class='ocrx_word' id='word_1_639' title='bbox 1158 5543 1240 5608; x_wconf 86' lang='grc' dir='ltr'><em>τῷ</em></span> <span class='ocrx_word' id='word_1_640' title='bbox 1286 5545 1372 5613; x_wconf 82' lang='grc' dir='ltr'><em>μὴ</em></span> <span class='ocrx_word' id='word_1_641' title='bbox 1414 5545 1634 5611; x_wconf 80' lang='grc' dir='ltr'><em>Πατὴρ·</em></span> <span class='ocrx_word' id='word_1_642' title='bbox 1664 5541 1837 5610; x_wconf 76' lang='grc' dir='ltr'><em>εἶναι,</em></span> 
     </span>
    </p>
   </div>
   <div class='ocr_carea' id='block_1_88' title="bbox 248 5636 1843 5705">
    <p class='ocr_par' dir='ltr' id='par_1_88' title="bbox 248 5636 1843 5705">
     <span class='ocr_line' id='line_1_88' title="bbox 248 5636 1843 5705; baseline -0.002 -14"><span class='ocrx_word' id='word_1_643' title='bbox 248 5636 525 5703; x_wconf 81' lang='grc' dir='ltr'><em>καθάπερ</em></span> <span class='ocrx_word' id='word_1_644' title='bbox 554 5636 811 5702; x_wconf 80' lang='grc' dir='ltr'><em>ἐκεῖνος,</em></span> <span class='ocrx_word' id='word_1_645' title='bbox 844 5636 1269 5705; x_wconf 81' lang='grc' dir='ltr'><em>διαχωρίζεται.</em></span> <span class='ocrx_word' id='word_1_646' title='bbox 1303 5636 1417 5704; x_wconf 80' lang='grc' dir='ltr'><em>Τῆς</em></span> <span class='ocrx_word' id='word_1_647' title='bbox 1455 5638 1524 5690; x_wconf 77' lang='grc' dir='ltr'><em>δὲ</em></span> <span class='ocrx_word' id='word_1_648' title='bbox 1563 5637 1713 5705; x_wconf 85' lang='grc' dir='ltr'><em>πρὸς</em></span> <span class='ocrx_word' id='word_1_649' title='bbox 1739 5636 1843 5689; x_wconf 86' lang='grc' dir='ltr'><strong><em>τὸν</em></strong></span> 
     </span>
    </p>
   </div>
   <div class='ocr_carea' id='block_1_89' title="bbox 250 5727 1839 5798">
    <p class='ocr_par' dir='ltr' id='par_1_89' title="bbox 250 5727 1839 5798">
     <span class='ocr_line' id='line_1_89' title="bbox 250 5727 1839 5798; baseline 0 -17"><span class='ocrx_word' id='word_1_650' title='bbox 250 5730 393 5783; x_wconf 80' lang='grc' dir='ltr'><em>Υίὸν</em></span> <span class='ocrx_word' id='word_1_651' title='bbox 437 5729 588 5784; x_wconf 84' lang='grc' dir='ltr'><em>κατὰ</em></span> <span class='ocrx_word' id='word_1_652' title='bbox 637 5730 703 5782; x_wconf 82' lang='grc' dir='ltr'><em>τὸ</em></span> <span class='ocrx_word' id='word_1_653' title='bbox 750 5728 1039 5783; x_wconf 82' lang='grc' dir='ltr'><em>ᾶκτιστον</em></span> <span class='ocrx_word' id='word_1_654' title='bbox 1086 5732 1429 5798; x_wconf 66' lang='grc' dir='ltr'><em>συναφείας</em></span> <span class='ocrx_word' id='word_1_655' title='bbox 1477 5731 1582 5784; x_wconf 76' lang='grc' dir='ltr'><em>καὶ</em></span> <span class='ocrx_word' id='word_1_656' title='bbox 1637 5732 1706 5783; x_wconf 84' lang='grc' dir='ltr'><em>ἐν</em></span> <span class='ocrx_word' id='word_1_657' title='bbox 1758 5727 1839 5793; x_wconf 80' lang='grc' dir='ltr'><em>τῷ</em></span> 
     </span>
    </p>
   </div>
   <div class='ocr_carea' id='block_1_90' title="bbox 249 5822 1842 5892">
    <p class='ocr_par' dir='ltr' id='par_1_90' title="bbox 249 5822 1842 5892">
     <span class='ocr_line' id='line_1_90' title="bbox 249 5822 1842 5892; baseline -0.001 -14"><span class='ocrx_word' id='word_1_658' title='bbox 249 5823 371 5892; x_wconf 79' lang='grc' dir='ltr'><em>τὴν</em></span> <span class='ocrx_word' id='word_1_659' title='bbox 402 5825 600 5877; x_wconf 72' lang='grc' dir='ltr'><em>αἰτίαν</em></span> <span class='ocrx_word' id='word_1_660' title='bbox 630 5822 740 5892; x_wconf 81' lang='grc' dir='ltr'><em>τῆς</em></span> <span class='ocrx_word' id='word_1_661' title='bbox 773 5824 923 5892; x_wconf 50' lang='lat' dir='ltr'><strong><em>and;</em></strong></span> <span class='ocrx_word' id='word_1_662' title='bbox 940 5824 1089 5890; x_wconf 75' lang='grc' dir='ltr'><em>ξεως</em></span> <span class='ocrx_word' id='word_1_663' title='bbox 1126 5826 1193 5878; x_wconf 76' lang='grc' dir='ltr'><em>ἐκ</em></span> <span class='ocrx_word' id='word_1_664' title='bbox 1224 5826 1327 5880; x_wconf 86' lang='grc' dir='ltr'><strong><em>τοῦ</em></strong></span> <span class='ocrx_word' id='word_1_665' title='bbox 1363 5825 1511 5880; x_wconf 84' lang='grc' dir='ltr'><em>Θεοῦ</em></span> <span class='ocrx_word' id='word_1_666' title='bbox 1539 5824 1657 5879; x_wconf 84' lang='grc' dir='ltr'><strong><em>τῶν</em></strong></span> <span class='ocrx_word' id='word_1_667' title='bbox 1679 5825 1842 5879; x_wconf 64' lang='grc' dir='ltr'><em>ὅλων</em></span> 
     </span>
    </p>
   </div>
   <div class='ocr_carea' id='block_1_91' title="bbox 1940 3240 3518 3313">
    <p class='ocr_par' dir='ltr' id='par_1_91' title="bbox 1940 3240 3518 3313">
     <span class='ocr_line' id='line_1_91' title="bbox 1940 3240 3518 3313; baseline -0.007 -14"><span class='ocrx_word' id='word_1_668' title='bbox 1940 3260 2005 3299; x_wconf 82' lang='lat' dir='ltr'><strong><em>ex</em></strong></span> <span class='ocrx_word' id='word_1_669' title='bbox 2046 3244 2155 3298; x_wconf 87' lang='lat' dir='ltr'><strong><em>Deo</em></strong></span> <span class='ocrx_word' id='word_1_670' title='bbox 2207 3244 2656 3313; x_wconf 85' lang='lat' dir='ltr'><strong><em>quemadmodum</em></strong></span> <span class='ocrx_word' id='word_1_671' title='bbox 2694 3256 2743 3296; x_wconf 84' lang='lat' dir='ltr'><strong><em>et</em></strong></span> <span class='ocrx_word' id='word_1_672' title='bbox 2778 3241 3056 3310; x_wconf 87' lang='lat' dir='ltr'><strong><em>Spiritum.</em></strong></span> <span class='ocrx_word' id='word_1_673' title='bbox 3105 3240 3207 3294; x_wconf 87' lang='lat' dir='ltr'><strong><em>llic</em></strong></span> <span class='ocrx_word' id='word_1_674' title='bbox 3256 3240 3395 3291; x_wconf 85' lang='lat' dir='ltr'><strong><em>enim</em></strong></span> <span class='ocrx_word' id='word_1_675' title='bbox 3443 3247 3518 3291; x_wconf 83' lang='lat' dir='ltr'><strong><em>est</em></strong></span> 
     </span>
    </p>
   </div>
   <div class='ocr_carea' id='block_1_92' title="bbox 1940 3329 3521 3398">
    <p class='ocr_par' dir='ltr' id='par_1_92' title="bbox 1940 3329 3521 3398">
     <span class='ocr_line' id='line_1_92' title="bbox 1940 3329 3521 3398; baseline -0.004 -9"><span class='ocrx_word' id='word_1_676' title='bbox 1940 3336 2262 3390; x_wconf 80' lang='lat' dir='ltr'><strong><em>naturaliter</em></strong></span> <span class='ocrx_word' id='word_1_677' title='bbox 2310 3336 2368 3389; x_wconf 86' lang='lat' dir='ltr'><strong><em>in</em></strong></span> <span class='ocrx_word' id='word_1_678' title='bbox 2400 3350 2459 3389; x_wconf 88' lang='lat' dir='ltr'><strong><em>eo</em></strong></span> <span class='ocrx_word' id='word_1_679' title='bbox 2513 3336 2790 3398; x_wconf 73' lang='lat' dir='ltr'><strong><em>etrsistens,</em></strong></span> <span class='ocrx_word' id='word_1_680' title='bbox 2841 3344 2889 3387; x_wconf 87' lang='lat' dir='ltr'><strong><em>et</em></strong></span> <span class='ocrx_word' id='word_1_681' title='bbox 2944 3332 3298 3387; x_wconf 85' lang='lat' dir='ltr'><strong><em>essentialiter</em></strong></span> <span class='ocrx_word' id='word_1_682' title='bbox 3356 3329 3521 3383; x_wconf 74' lang='lat' dir='ltr'><strong><em>inlue-</em></strong></span> 
     </span>
    </p>
   </div>
   <div class='ocr_carea' id='block_1_93' title="bbox 1939 3423 3519 3494">
    <p class='ocr_par' dir='ltr' id='par_1_93' title="bbox 1939 3423 3519 3494">
     <span class='ocr_line' id='line_1_93' title="bbox 1939 3423 3519 3494; baseline -0.004 -13"><span class='ocrx_word' id='word_1_683' title='bbox 1939 3446 2080 3488; x_wconf 62' lang='lat' dir='ltr'><strong><em>reus.</em></strong></span> <span class='ocrx_word' id='word_1_684' title='bbox 2111 3437 2168 3480; x_wconf 88' lang='lat' dir='ltr'><strong><em>ut</em></strong></span> <span class='ocrx_word' id='word_1_685' title='bbox 2196 3430 2269 3482; x_wconf 88' lang='lat' dir='ltr'><strong><em>ita</em></strong></span> <span class='ocrx_word' id='word_1_686' title='bbox 2298 3427 2563 3489; x_wconf 80' lang='lat' dir='ltr'><strong><em>dicamus,</em></strong></span> <span class='ocrx_word' id='word_1_687' title='bbox 2588 3438 2638 3480; x_wconf 92' lang='lat' dir='ltr'><strong><em>et</em></strong></span> <span class='ocrx_word' id='word_1_688' title='bbox 2668 3426 2890 3480; x_wconf 79' lang='lat' dir='ltr'><strong><em>indivise</em></strong></span> <span class='ocrx_word' id='word_1_689' title='bbox 2918 3426 2981 3478; x_wconf 89' lang='lat' dir='ltr'><strong><em>ab</em></strong></span> <span class='ocrx_word' id='word_1_690' title='bbox 3012 3426 3127 3494; x_wconf 88' lang='lat' dir='ltr'><strong><em>ipso</em></strong></span> <span class='ocrx_word' id='word_1_691' title='bbox 3161 3423 3430 3492; x_wconf 78' lang='lat' dir='ltr'><strong><em>prodiens,</em></strong></span> <span class='ocrx_word' id='word_1_692' title='bbox 3466 3432 3519 3475; x_wconf 79' lang='lat' dir='ltr'><strong><em>et</em></strong></span> 
     </span>
    </p>
   </div>
   <div class='ocr_carea' id='block_1_94' title="bbox 1938 3514 3521 3588">
    <p class='ocr_par' dir='ltr' id='par_1_94' title="bbox 1938 3514 3521 3588">
     <span class='ocr_line' id='line_1_94' title="bbox 1938 3514 3521 3588; baseline -0.006 -14"><span class='ocrx_word' id='word_1_693' title='bbox 1938 3524 2049 3576; x_wconf 70' lang='lat' dir='ltr'><strong><em>Im&#39;c</em></strong></span> <span class='ocrx_word' id='word_1_694' title='bbox 2074 3531 2197 3575; x_wconf 87' lang='lat' dir='ltr'><strong><em>sunt</em></strong></span> <span class='ocrx_word' id='word_1_695' title='bbox 2235 3521 2462 3574; x_wconf 77' lang='lat' dir='ltr'><strong><em>actionis</em></strong></span> <span class='ocrx_word' id='word_1_696' title='bbox 2503 3536 2662 3588; x_wconf 83' lang='lat' dir='ltr'><strong><em>opera</em></strong></span> <span class='ocrx_word' id='word_1_697' title='bbox 2709 3529 2758 3573; x_wconf 90' lang='lat' dir='ltr'><strong><em>et</em></strong></span> <span class='ocrx_word' id='word_1_698' title='bbox 2818 3520 3054 3587; x_wconf 76' lang='lat' dir='ltr'><strong><em>factura,</em></strong></span> <span class='ocrx_word' id='word_1_699' title='bbox 3092 3517 3289 3571; x_wconf 85' lang='lat' dir='ltr'><strong><em>scribit</em></strong></span> <span class='ocrx_word' id='word_1_700' title='bbox 3321 3514 3374 3568; x_wconf 89' lang='lat' dir='ltr'><strong><em>in</em></strong></span> <span class='ocrx_word' id='word_1_701' title='bbox 3409 3530 3521 3568; x_wconf 88' lang='lat' dir='ltr'><strong><em>uno</em></strong></span> 
     </span>
    </p>
   </div>
   <div class='ocr_carea' id='block_1_95' title="bbox 1939 3609 3519 3682">
    <p class='ocr_par' dir='ltr' id='par_1_95' title="bbox 1939 3609 3519 3682">
     <span class='ocr_line' id='line_1_95' title="bbox 1939 3609 3519 3682; baseline -0.004 -17"><span class='ocrx_word' id='word_1_702' title='bbox 1939 3617 2177 3682; x_wconf 75' lang='lat' dir='ltr'><strong><em>capitum</em></strong></span> <span class='ocrx_word' id='word_1_703' title='bbox 2218 3613 2443 3667; x_wconf 86' lang='lat' dir='ltr'><strong><em>secundi</em></strong></span> <span class='ocrx_word' id='word_1_704' title='bbox 2486 3611 2924 3673; x_wconf 84' lang='lat' dir='ltr'><strong><em>Thcsaurorum.</em></strong></span> <span class='ocrx_word' id='word_1_705' title='bbox 2965 3613 3031 3663; x_wconf 91' lang='lat' dir='ltr'><strong><em>de</em></strong></span> <span class='ocrx_word' id='word_1_706' title='bbox 3077 3610 3314 3677; x_wconf 85' lang='lat' dir='ltr'><strong><em>Spiritus</em></strong></span> <span class='ocrx_word' id='word_1_707' title='bbox 3368 3609 3519 3661; x_wconf 77' lang='lat' dir='ltr'><strong><em>exsi-</em></strong></span> 
     </span>
    </p>
   </div>
   <div class='ocr_carea' id='block_1_96' title="bbox 1939 3680 3527 3772">
    <p class='ocr_par' dir='ltr' id='par_1_96' title="bbox 1939 3680 3527 3772">
     <span class='ocr_line' id='line_1_96' title="bbox 1939 3680 3527 3772; baseline -0.006 -10"><span class='ocrx_word' id='word_1_708' title='bbox 1939 3709 2141 3762; x_wconf 89' lang='lat' dir='ltr'><strong><em>stentia</em></strong></span> <span class='ocrx_word' id='word_1_709' title='bbox 2181 3707 2509 3770; x_wconf 82' lang='lat' dir='ltr'><strong><em>decernens,</em></strong></span> <span class='ocrx_word' id='word_1_710' title='bbox 2558 3720 2725 3772; x_wconf 87' lang='lat' dir='ltr'><strong><em>quam</em></strong></span> <span class='ocrx_word' id='word_1_711' title='bbox 2769 3704 3008 3757; x_wconf 82' lang='lat' dir='ltr'><strong><em>maxime</em></strong></span> <span class='ocrx_word' id='word_1_712' title='bbox 3042 3701 3382 3755; x_wconf 81' lang='lat' dir='ltr'><strong><em>admirabilis</em></strong></span> <span class='ocrx_word' id='word_1_713' title='bbox 3416 3680 3527 3769; x_wconf 40' lang='lat' dir='ltr'><strong><em>Cy;</em></strong></span> 
     </span>
    </p>
   </div>
   <div class='ocr_carea' id='block_1_97' title="bbox 1940 3782 3518 3863">
    <p class='ocr_par' dir='ltr' id='par_1_97' title="bbox 1940 3782 3518 3863">
     <span class='ocr_line' id='line_1_97' title="bbox 1940 3782 3518 3863; baseline -0.005 -13"><span class='ocrx_word' id='word_1_714' title='bbox 1940 3798 2120 3851; x_wconf 89' lang='lat' dir='ltr'><strong><em>rillus.</em></strong></span> <span class='ocrx_word' id='word_1_715' title='bbox 2167 3794 2293 3850; x_wconf 85' lang='lat' dir='ltr'><strong><em>Pari</em></strong></span> <span class='ocrx_word' id='word_1_716' title='bbox 2334 3796 2498 3848; x_wconf 89' lang='lat' dir='ltr'><strong><em>modo</em></strong></span> <span class='ocrx_word' id='word_1_717' title='bbox 2546 3795 2735 3863; x_wconf 80' lang='lat' dir='ltr'><strong><em>itaque</em></strong></span> <span class='ocrx_word' id='word_1_718' title='bbox 2777 3792 2870 3846; x_wconf 86' lang='lat' dir='ltr'><strong><em>hic</em></strong></span> <span class='ocrx_word' id='word_1_719' title='bbox 2923 3808 3025 3860; x_wconf 79' lang='lat' dir='ltr'><strong><em>ego</em></strong></span> <span class='ocrx_word' id='word_1_720' title='bbox 3056 3805 3276 3859; x_wconf 58' lang='lat' dir='ltr'><strong><em>quoilue</em></strong></span> <span class='ocrx_word' id='word_1_721' title='bbox 3328 3782 3518 3843; x_wconf 59' lang='lat' dir='ltr'><strong><em>secem</em></strong></span> 
     </span>
    </p>
   </div>
   <div class='ocr_carea' id='block_1_98' title="bbox 1937 3885 3520 3955">
    <p class='ocr_par' dir='ltr' id='par_1_98' title="bbox 1937 3885 3520 3955">
     <span class='ocr_line' id='line_1_98' title="bbox 1937 3885 3520 3955; baseline -0.004 -14"><span class='ocrx_word' id='word_1_722' title='bbox 1937 3904 2030 3953; x_wconf 85' lang='lat' dir='ltr'><strong><em>per</em></strong></span> <span class='ocrx_word' id='word_1_723' title='bbox 2060 3887 2265 3941; x_wconf 84' lang='lat' dir='ltr'><strong><em>Filium</em></strong></span> <span class='ocrx_word' id='word_1_724' title='bbox 2310 3888 2376 3941; x_wconf 90' lang='lat' dir='ltr'><strong><em>de</em></strong></span> <span class='ocrx_word' id='word_1_725' title='bbox 2417 3887 2624 3955; x_wconf 81' lang='lat' dir='ltr'><strong><em>Spiritu</em></strong></span> <span class='ocrx_word' id='word_1_726' title='bbox 2658 3894 2714 3939; x_wconf 83' lang='lat' dir='ltr'><strong><em>et</em></strong></span> <span class='ocrx_word' id='word_1_727' title='bbox 2747 3885 2912 3939; x_wconf 87' lang='lat' dir='ltr'><strong><em>rebus</em></strong></span> <span class='ocrx_word' id='word_1_728' title='bbox 2967 3885 3167 3937; x_wconf 83' lang='lat' dir='ltr'><strong><em>creatis</em></strong></span> <span class='ocrx_word' id='word_1_729' title='bbox 3200 3897 3520 3943; x_wconf 81' lang='lat' dir='ltr'><strong><em>assumens,</em></strong></span> 
     </span>
    </p>
   </div>
   <div class='ocr_carea' id='block_1_99' title="bbox 1939 3974 3517 4049">
    <p class='ocr_par' dir='ltr' id='par_1_99' title="bbox 1939 3974 3517 4049">
     <span class='ocr_line' id='line_1_99' title="bbox 1939 3974 3517 4049; baseline -0.007 -13"><span class='ocrx_word' id='word_1_730' title='bbox 1939 3989 2336 4049; x_wconf 85' lang='lat' dir='ltr'><strong><em>congruentem</em></strong></span> <span class='ocrx_word' id='word_1_731' title='bbox 2375 3979 2593 4048; x_wconf 83' lang='lat' dir='ltr'><strong><em>utrique</em></strong></span> <span class='ocrx_word' id='word_1_732' title='bbox 2636 3977 2961 4037; x_wconf 77' lang='lat' dir='ltr'><strong><em>sententiam</em></strong></span> <span class='ocrx_word' id='word_1_733' title='bbox 2993 3974 3226 4044; x_wconf 80' lang='lat' dir='ltr'><strong><em>appliro,</em></strong></span> <span class='ocrx_word' id='word_1_734' title='bbox 3258 3974 3517 4040; x_wconf 83' lang='lat' dir='ltr'><strong><em>Spiritum</em></strong></span> 
     </span>
    </p>
   </div>
   <div class='ocr_carea' id='block_1_100' title="bbox 1938 4064 3523 4142">
    <p class='ocr_par' dir='ltr' id='par_1_100' title="bbox 1938 4064 3523 4142">
     <span class='ocr_line' id='line_1_100' title="bbox 1938 4064 3523 4142; baseline -0.007 -16"><span class='ocrx_word' id='word_1_735' title='bbox 1938 4087 2034 4142; x_wconf 82' lang='lat' dir='ltr'><strong><em>per</em></strong></span> <span class='ocrx_word' id='word_1_736' title='bbox 2081 4070 2279 4124; x_wconf 86' lang='lat' dir='ltr'><strong><em>Filium</em></strong></span> <span class='ocrx_word' id='word_1_737' title='bbox 2335 4084 2592 4125; x_wconf 85' lang='lat' dir='ltr'><strong><em>asserens</em></strong></span> <span class='ocrx_word' id='word_1_738' title='bbox 2646 4069 2970 4123; x_wconf 83' lang='lat' dir='ltr'><strong><em>naturaliter</em></strong></span> <span class='ocrx_word' id='word_1_739' title='bbox 3032 4075 3087 4121; x_wconf 92' lang='lat' dir='ltr'><strong><em>et</em></strong></span> <span class='ocrx_word' id='word_1_740' title='bbox 3154 4064 3523 4119; x_wconf 80' lang='lat' dir='ltr'><strong><em>essentialiter</em></strong></span> 
     </span>
    </p>
   </div>
   <div class='ocr_carea' id='block_1_101' title="bbox 1937 4148 3525 4230">
    <p class='ocr_par' dir='ltr' id='par_1_101' title="bbox 1937 4148 3525 4230">
     <span class='ocr_line' id='line_1_101' title="bbox 1937 4148 3525 4230; baseline -0.006 -12"><span class='ocrx_word' id='word_1_741' title='bbox 1937 4162 2220 4228; x_wconf 78' lang='lat' dir='ltr'><strong><em>exsistere,</em></strong></span> <span class='ocrx_word' id='word_1_742' title='bbox 2251 4176 2371 4216; x_wconf 90' lang='lat' dir='ltr'><strong><em>cum</em></strong></span> <span class='ocrx_word' id='word_1_743' title='bbox 2404 4177 2503 4215; x_wconf 87' lang='lat' dir='ltr'><strong><em>nec</em></strong></span> <span class='ocrx_word' id='word_1_744' title='bbox 2533 4162 2749 4230; x_wconf 78' lang='lat' dir='ltr'><strong><em>concipi</em></strong></span> <span class='ocrx_word' id='word_1_745' title='bbox 2789 4161 2940 4215; x_wconf 86' lang='lat' dir='ltr'><strong><em>illum</em></strong></span> <span class='ocrx_word' id='word_1_746' title='bbox 2985 4160 3067 4214; x_wconf 81' lang='lat' dir='ltr'><strong><em>fas</em></strong></span> <span class='ocrx_word' id='word_1_747' title='bbox 3099 4159 3168 4213; x_wconf 90' lang='lat' dir='ltr'><strong><em>sit</em></strong></span> <span class='ocrx_word' id='word_1_748' title='bbox 3202 4168 3354 4211; x_wconf 78' lang='lat' dir='ltr'><strong><em>extra</em></strong></span> <span class='ocrx_word' id='word_1_749' title='bbox 3389 4148 3525 4211; x_wconf 53' lang='lat' dir='ltr'><strong><em>Uni?</em></strong></span> 
     </span>
    </p>
   </div>
   <div class='ocr_carea' id='block_1_102' title="bbox 1938 4248 3523 4323">
    <p class='ocr_par' dir='ltr' id='par_1_102' title="bbox 1938 4248 3523 4323">
     <span class='ocr_line' id='line_1_102' title="bbox 1938 4248 3523 4323; baseline -0.006 -14"><span class='ocrx_word' id='word_1_750' title='bbox 1938 4255 2182 4323; x_wconf 81' lang='lat' dir='ltr'><strong><em>genitum</em></strong></span> <span class='ocrx_word' id='word_1_751' title='bbox 2218 4262 2549 4308; x_wconf 87' lang='lat' dir='ltr'><strong><em>:creaturas</em></strong></span> <span class='ocrx_word' id='word_1_752' title='bbox 2599 4268 2729 4308; x_wconf 82' lang='lat' dir='ltr'><strong><em>vero</em></strong></span> <span class='ocrx_word' id='word_1_753' title='bbox 2767 4267 2894 4308; x_wconf 86' lang='lat' dir='ltr'><strong><em>esse</em></strong></span> <span class='ocrx_word' id='word_1_754' title='bbox 2935 4267 3028 4321; x_wconf 84' lang='lat' dir='ltr'><strong><em>per</em></strong></span> <span class='ocrx_word' id='word_1_755' title='bbox 3072 4248 3295 4311; x_wconf 78' lang='lat' dir='ltr'><strong><em>Filium,</em></strong></span> <span class='ocrx_word' id='word_1_756' title='bbox 3346 4263 3523 4318; x_wconf 85' lang='lat' dir='ltr'><strong><em>neque</em></strong></span> 
     </span>
    </p>
   </div>
   <div class='ocr_carea' id='block_1_103' title="bbox 1939 4344 3519 4418">
    <p class='ocr_par' dir='ltr' id='par_1_103' title="bbox 1939 4344 3519 4418">
     <span class='ocr_line' id='line_1_103' title="bbox 1939 4344 3519 4418; baseline -0.007 -13"><span class='ocrx_word' id='word_1_757' title='bbox 1939 4351 2086 4405; x_wconf 88' lang='lat' dir='ltr'><strong><em>enim</em></strong></span> <span class='ocrx_word' id='word_1_758' title='bbox 2135 4347 2344 4418; x_wconf 87' lang='lat' dir='ltr'><strong><em>absque</em></strong></span> <span class='ocrx_word' id='word_1_759' title='bbox 2384 4346 2566 4402; x_wconf 85' lang='lat' dir='ltr'><strong><em>Verbo</em></strong></span> <span class='ocrx_word' id='word_1_760' title='bbox 2594 4347 2839 4401; x_wconf 89' lang='lat' dir='ltr'><strong><em>construi</em></strong></span> <span class='ocrx_word' id='word_1_761' title='bbox 2883 4359 3125 4413; x_wconf 81' lang='lat' dir='ltr'><strong><em>unquam</em></strong></span> <span class='ocrx_word' id='word_1_762' title='bbox 3169 4344 3519 4412; x_wconf 84' lang='lat' dir='ltr'><strong><em>potuissent;</em></strong></span> 
     </span>
    </p>
   </div>
   <div class='ocr_carea' id='block_1_104' title="bbox 1941 4435 3520 4506">
    <p class='ocr_par' dir='ltr' id='par_1_104' title="bbox 1941 4435 3520 4506">
     <span class='ocr_line' id='line_1_104' title="bbox 1941 4435 3520 4506; baseline -0.007 -7"><span class='ocrx_word' id='word_1_763' title='bbox 1941 4443 2038 4499; x_wconf 86' lang='lat' dir='ltr'><strong><em>sed</em></strong></span> <span class='ocrx_word' id='word_1_764' title='bbox 2086 4442 2252 4496; x_wconf 87' lang='lat' dir='ltr'><strong><em>modo</em></strong></span> <span class='ocrx_word' id='word_1_765' title='bbox 2297 4440 2618 4502; x_wconf 84' lang='lat' dir='ltr'><strong><em>creatiouis,</em></strong></span> <span class='ocrx_word' id='word_1_766' title='bbox 2662 4448 2717 4493; x_wconf 91' lang='lat' dir='ltr'><strong><em>et</em></strong></span> <span class='ocrx_word' id='word_1_767' title='bbox 2762 4438 3099 4506; x_wconf 88' lang='lat' dir='ltr'><strong><em>reliquorum</em></strong></span> <span class='ocrx_word' id='word_1_768' title='bbox 3152 4435 3520 4505; x_wconf 84' lang='lat' dir='ltr'><strong><em>opiﬁciorum,</em></strong></span> 
     </span>
    </p>
   </div>
   <div class='ocr_carea' id='block_1_105' title="bbox 1941 4534 3523 4601">
    <p class='ocr_par' dir='ltr' id='par_1_105' title="bbox 1941 4534 3523 4601">
     <span class='ocr_line' id='line_1_105' title="bbox 1941 4534 3523 4601; baseline -0.006 -9"><span class='ocrx_word' id='word_1_769' title='bbox 1941 4540 2245 4593; x_wconf 88' lang='lat' dir='ltr'><strong><em>secundum</em></strong></span> <span class='ocrx_word' id='word_1_770' title='bbox 2276 4538 2515 4591; x_wconf 81' lang='lat' dir='ltr'><strong><em>divinam</em></strong></span> <span class='ocrx_word' id='word_1_771' title='bbox 2549 4535 2775 4589; x_wconf 80' lang='lat' dir='ltr'><strong><em>Patrum</em></strong></span> <span class='ocrx_word' id='word_1_772' title='bbox 2815 4534 3189 4596; x_wconf 84' lang='lat' dir='ltr'><strong><em>traditionem,</em></strong></span> <span class='ocrx_word' id='word_1_773' title='bbox 3221 4545 3342 4601; x_wconf 67' lang='lat' dir='ltr'><strong><em>quia:</em></strong></span> <span class='ocrx_word' id='word_1_774' title='bbox 3379 4545 3523 4582; x_wconf 84' lang='lat' dir='ltr'><strong><em>tlllllc</em></strong></span> 
     </span>
    </p>
   </div>
   <div class='ocr_carea' id='block_1_106' title="bbox 1942 4622 3524 4683">
    <p class='ocr_par' dir='ltr' id='par_1_106' title="bbox 1942 4622 3524 4683">
     <span class='ocr_line' id='line_1_106' title="bbox 1942 4622 3524 4683; baseline -0.006 -1"><span class='ocrx_word' id='word_1_775' title='bbox 1942 4630 2105 4683; x_wconf 89' lang='lat' dir='ltr'><strong><em>etiam</em></strong></span> <span class='ocrx_word' id='word_1_776' title='bbox 2131 4631 2380 4683; x_wconf 88' lang='lat' dir='ltr'><strong><em>omnium</em></strong></span> <span class='ocrx_word' id='word_1_777' title='bbox 2416 4628 2729 4683; x_wconf 85' lang='lat' dir='ltr'><strong><em>communis</em></strong></span> <span class='ocrx_word' id='word_1_778' title='bbox 2776 4636 2831 4681; x_wconf 88' lang='lat' dir='ltr'><strong><em>et</em></strong></span> <span class='ocrx_word' id='word_1_779' title='bbox 2872 4624 3213 4679; x_wconf 83' lang='lat' dir='ltr'><strong><em>indubitatus</em></strong></span> <span class='ocrx_word' id='word_1_780' title='bbox 3245 4631 3329 4677; x_wconf 88' lang='lat' dir='ltr'><strong><em>est</em></strong></span> <span class='ocrx_word' id='word_1_781' title='bbox 3366 4622 3524 4677; x_wconf 85' lang='lat' dir='ltr'><strong><em>intel-</em></strong></span> 
     </span>
    </p>
   </div>
   <div class='ocr_carea' id='block_1_107' title="bbox 1943 4717 3524 4790">
    <p class='ocr_par' dir='ltr' id='par_1_107' title="bbox 1943 4717 3524 4790">
     <span class='ocr_line' id='line_1_107' title="bbox 1943 4717 3524 4790; baseline -0.006 -15"><span class='ocrx_word' id='word_1_782' title='bbox 1943 4722 2140 4776; x_wconf 77' lang='lat' dir='ltr'><strong><em>leCtus.</em></strong></span> <span class='ocrx_word' id='word_1_783' title='bbox 2195 4721 2300 4776; x_wconf 87' lang='lat' dir='ltr'><strong><em>Sed</em></strong></span> <span class='ocrx_word' id='word_1_784' title='bbox 2369 4736 2467 4790; x_wconf 88' lang='lat' dir='ltr'><strong><em>per</em></strong></span> <span class='ocrx_word' id='word_1_785' title='bbox 2502 4719 2700 4773; x_wconf 89' lang='lat' dir='ltr'><strong><em>Filium</em></strong></span> <span class='ocrx_word' id='word_1_786' title='bbox 2748 4726 2804 4773; x_wconf 88' lang='lat' dir='ltr'><strong><em>et</em></strong></span> <span class='ocrx_word' id='word_1_787' title='bbox 2851 4717 3117 4788; x_wconf 86' lang='lat' dir='ltr'><strong><em>Spiritum</em></strong></span> <span class='ocrx_word' id='word_1_788' title='bbox 3151 4724 3423 4776; x_wconf 82' lang='lat' dir='ltr'><strong><em>sanctum,</em></strong></span> <span class='ocrx_word' id='word_1_789' title='bbox 3469 4724 3524 4767; x_wconf 87' lang='lat' dir='ltr'><strong><em>ct</em></strong></span> 
     </span>
    </p>
   </div>
   <div class='ocr_carea' id='block_1_108' title="bbox 1942 4808 3524 4880">
    <p class='ocr_par' dir='ltr' id='par_1_108' title="bbox 1942 4808 3524 4880">
     <span class='ocr_line' id='line_1_108' title="bbox 1942 4808 3524 4880; baseline -0.003 -14"><span class='ocrx_word' id='word_1_790' title='bbox 1942 4823 2256 4867; x_wconf 80' lang='lat' dir='ltr'><strong><em>creaturam</em></strong></span> <span class='ocrx_word' id='word_1_791' title='bbox 2296 4828 2422 4868; x_wconf 88' lang='lat' dir='ltr'><strong><em>esse</em></strong></span> <span class='ocrx_word' id='word_1_792' title='bbox 2463 4810 2762 4878; x_wconf 70' lang='lat' dir='ltr'><strong><em>Gregorius</em></strong></span> <span class='ocrx_word' id='word_1_793' title='bbox 2797 4808 3079 4880; x_wconf 76' lang='lat' dir='ltr'><strong><em>Nyssenus</em></strong></span> <span class='ocrx_word' id='word_1_794' title='bbox 3130 4808 3183 4861; x_wconf 90' lang='lat' dir='ltr'><strong><em>in</em></strong></span> <span class='ocrx_word' id='word_1_795' title='bbox 3242 4808 3524 4862; x_wconf 85' lang='lat' dir='ltr'><strong><em>tradendis</em></strong></span> 
     </span>
    </p>
   </div>
   <div class='ocr_carea' id='block_1_109' title="bbox 1945 4898 3522 4975">
    <p class='ocr_par' dir='ltr' id='par_1_109' title="bbox 1945 4898 3522 4975">
     <span class='ocr_line' id='line_1_109' title="bbox 1945 4898 3522 4975; baseline -0.007 -15"><span class='ocrx_word' id='word_1_796' title='bbox 1945 4906 2123 4960; x_wconf 89' lang='lat' dir='ltr'><strong><em>sacris</em></strong></span> <span class='ocrx_word' id='word_1_797' title='bbox 2152 4905 2502 4975; x_wconf 77' lang='lat' dir='ltr'><strong><em>dogmatibus</em></strong></span> <span class='ocrx_word' id='word_1_798' title='bbox 2538 4904 2761 4958; x_wconf 86' lang='lat' dir='ltr'><strong><em>divinus</em></strong></span> <span class='ocrx_word' id='word_1_799' title='bbox 2787 4911 2957 4972; x_wconf 88' lang='lat' dir='ltr'><strong><em>atque</em></strong></span> <span class='ocrx_word' id='word_1_800' title='bbox 2985 4901 3321 4969; x_wconf 85' lang='lat' dir='ltr'><strong><em>conspicuus</em></strong></span> <span class='ocrx_word' id='word_1_801' title='bbox 3348 4898 3522 4966; x_wconf 86' lang='lat' dir='ltr'><strong><em>palam</em></strong></span> 
     </span>
    </p>
   </div>
   <div class='ocr_carea' id='block_1_110' title="bbox 1942 4990 3523 5062">
    <p class='ocr_par' dir='ltr' id='par_1_110' title="bbox 1942 4990 3523 5062">
     <span class='ocr_line' id='line_1_110' title="bbox 1942 4990 3523 5062; baseline -0.007 -10"><span class='ocrx_word' id='word_1_802' title='bbox 1942 4998 2262 5062; x_wconf 78' lang='lat' dir='ltr'><strong><em>declaravit,</em></strong></span> <span class='ocrx_word' id='word_1_803' title='bbox 2297 5004 2354 5050; x_wconf 88' lang='lat' dir='ltr'><strong><em>et</em></strong></span> <span class='ocrx_word' id='word_1_804' title='bbox 2390 4995 2689 5049; x_wconf 86' lang='lat' dir='ltr'><strong><em>discrimen</em></strong></span> <span class='ocrx_word' id='word_1_805' title='bbox 2735 4995 3059 5049; x_wconf 65' lang='lat' dir='ltr'><strong><em>clarissimis</em></strong></span> <span class='ocrx_word' id='word_1_806' title='bbox 3103 4991 3288 5046; x_wconf 87' lang='lat' dir='ltr'><strong><em>verbis</em></strong></span> <span class='ocrx_word' id='word_1_807' title='bbox 3330 4990 3523 5044; x_wconf 79' lang='lat' dir='ltr'><strong><em>edixit.</em></strong></span> 
     </span>
    </p>
   </div>
   <div class='ocr_carea' id='block_1_111' title="bbox 1945 5081 3526 5155">
    <p class='ocr_par' dir='ltr' id='par_1_111' title="bbox 1945 5081 3526 5155">
     <span class='ocr_line' id='line_1_111' title="bbox 1945 5081 3526 5155; baseline -0.008 -11"><span class='ocrx_word' id='word_1_808' title='bbox 1945 5090 2138 5144; x_wconf 82' lang='lat' dir='ltr'><strong><em>Tradit</em></strong></span> <span class='ocrx_word' id='word_1_809' title='bbox 2163 5091 2310 5143; x_wconf 88' lang='lat' dir='ltr'><strong><em>enim</em></strong></span> <span class='ocrx_word' id='word_1_810' title='bbox 2360 5089 2413 5141; x_wconf 92' lang='lat' dir='ltr'><strong><em>in</em></strong></span> <span class='ocrx_word' id='word_1_811' title='bbox 2447 5089 2624 5155; x_wconf 89' lang='lat' dir='ltr'><strong><em>primo</em></strong></span> <span class='ocrx_word' id='word_1_812' title='bbox 2660 5088 2926 5142; x_wconf 83' lang='lat' dir='ltr'><strong><em>adversus</em></strong></span> <span class='ocrx_word' id='word_1_813' title='bbox 2980 5085 3310 5138; x_wconf 87' lang='lat' dir='ltr'><strong><em>Eunomium</em></strong></span> <span class='ocrx_word' id='word_1_814' title='bbox 3338 5081 3526 5134; x_wconf 41' lang='lat' dir='ltr'><strong><em>Antir&#39;</em></strong></span> 
     </span>
    </p>
   </div>
   <div class='ocr_carea' id='block_1_112' title="bbox 1946 5174 3524 5248">
    <p class='ocr_par' dir='ltr' id='par_1_112' title="bbox 1946 5174 3524 5248">
     <span class='ocr_line' id='line_1_112' title="bbox 1946 5174 3524 5248; baseline -0.006 -14"><span class='ocrx_word' id='word_1_815' title='bbox 1946 5182 2156 5236; x_wconf 83' lang='lat' dir='ltr'><strong><em>rhetico</em></strong></span> <span class='ocrx_word' id='word_1_816' title='bbox 2191 5198 2206 5235; x_wconf 90' lang='lat'><strong>:</strong></span> <span class='ocrx_word' id='word_1_817' title='bbox 2236 5179 2471 5248; x_wconf 74' lang='lat' dir='ltr'><strong><em>Spiritus</em></strong></span> <span class='ocrx_word' id='word_1_818' title='bbox 2524 5178 2679 5231; x_wconf 83' lang='lat' dir='ltr'><strong><em>Patri</em></strong></span> <span class='ocrx_word' id='word_1_819' title='bbox 2735 5178 3023 5232; x_wconf 82' lang='lat' dir='ltr'><strong><em>secundum</em></strong></span> <span class='ocrx_word' id='word_1_820' title='bbox 3068 5176 3206 5241; x_wconf 83' lang='lat' dir='ltr'><strong><em>quod</em></strong></span> <span class='ocrx_word' id='word_1_821' title='bbox 3263 5174 3524 5225; x_wconf 81' lang='lat' dir='ltr'><strong><em>increatus</em></strong></span> 
     </span>
    </p>
   </div>
   <div class='ocr_carea' id='block_1_113' title="bbox 1942 5265 3522 5340">
    <p class='ocr_par' dir='ltr' id='par_1_113' title="bbox 1942 5265 3522 5340">
     <span class='ocr_line' id='line_1_113' title="bbox 1942 5265 3522 5340; baseline -0.008 -14"><span class='ocrx_word' id='word_1_822' title='bbox 1942 5282 2046 5335; x_wconf 84' lang='lat' dir='ltr'><strong><em>est,</em></strong></span> <span class='ocrx_word' id='word_1_823' title='bbox 2079 5270 2440 5340; x_wconf 86' lang='lat' dir='ltr'><strong><em>conjungitur,</em></strong></span> <span class='ocrx_word' id='word_1_824' title='bbox 2477 5286 2767 5340; x_wconf 74' lang='lat' dir='ltr'><strong><em>rursusque</em></strong></span> <span class='ocrx_word' id='word_1_825' title='bbox 2800 5269 2864 5321; x_wconf 87' lang='lat' dir='ltr'><strong><em>ab</em></strong></span> <span class='ocrx_word' id='word_1_826' title='bbox 2901 5284 2980 5331; x_wconf 86' lang='lat' dir='ltr'><strong><em>eo,</em></strong></span> <span class='ocrx_word' id='word_1_827' title='bbox 3013 5267 3152 5336; x_wconf 81' lang='lat' dir='ltr'><strong><em>quod</em></strong></span> <span class='ocrx_word' id='word_1_828' title='bbox 3183 5265 3522 5334; x_wconf 85' lang='lat' dir='ltr'><strong><em>quemadmo-</em></strong></span> 
     </span>
    </p>
   </div>
   <div class='ocr_carea' id='block_1_114' title="bbox 1942 5357 3522 5426">
    <p class='ocr_par' dir='ltr' id='par_1_114' title="bbox 1942 5357 3522 5426">
     <span class='ocr_line' id='line_1_114' title="bbox 1942 5357 3522 5426; baseline -0.006 -10"><span class='ocrx_word' id='word_1_829' title='bbox 1942 5368 2069 5417; x_wconf 89' lang='lat' dir='ltr'><strong><em>dum</em></strong></span> <span class='ocrx_word' id='word_1_830' title='bbox 2117 5364 2209 5416; x_wconf 85' lang='lat' dir='ltr'><strong><em>ille</em></strong></span> <span class='ocrx_word' id='word_1_831' title='bbox 2255 5362 2416 5416; x_wconf 81' lang='lat' dir='ltr'><strong><em>Pater</em></strong></span> <span class='ocrx_word' id='word_1_832' title='bbox 2446 5380 2551 5415; x_wconf 86' lang='lat' dir='ltr'><strong><em>non</em></strong></span> <span class='ocrx_word' id='word_1_833' title='bbox 2586 5372 2691 5426; x_wconf 79' lang='lat' dir='ltr'><strong><em>est,</em></strong></span> <span class='ocrx_word' id='word_1_834' title='bbox 2733 5371 3016 5425; x_wconf 79' lang='lat' dir='ltr'><strong><em>separatur</em></strong></span> <span class='ocrx_word' id='word_1_835' title='bbox 3047 5375 3065 5412; x_wconf 89' lang='lat'><strong><em>:</em></strong></span> <span class='ocrx_word' id='word_1_836' title='bbox 3100 5357 3446 5425; x_wconf 82' lang='lat' dir='ltr'><strong><em>conjungitur</em></strong></span> <span class='ocrx_word' id='word_1_837' title='bbox 3474 5366 3522 5407; x_wconf 74' lang='lat' dir='ltr'><strong><em>et</em></strong></span> 
     </span>
    </p>
   </div>
   <div class='ocr_carea' id='block_1_115' title="bbox 1944 5453 3520 5526">
    <p class='ocr_par' dir='ltr' id='par_1_115' title="bbox 1944 5453 3520 5526">
     <span class='ocr_line' id='line_1_115' title="bbox 1944 5453 3520 5526; baseline -0.006 -19"><span class='ocrx_word' id='word_1_838' title='bbox 1944 5454 2089 5508; x_wconf 86' lang='lat' dir='ltr'><strong><em>Filio</em></strong></span> <span class='ocrx_word' id='word_1_839' title='bbox 2122 5455 2406 5509; x_wconf 81' lang='lat' dir='ltr'><strong><em>secundum</em></strong></span> <span class='ocrx_word' id='word_1_840' title='bbox 2443 5457 2581 5526; x_wconf 85' lang='lat' dir='ltr'><strong><em>quod</em></strong></span> <span class='ocrx_word' id='word_1_841' title='bbox 2614 5455 2880 5507; x_wconf 83' lang='lat' dir='ltr'><strong><em>increotus</em></strong></span> <span class='ocrx_word' id='word_1_842' title='bbox 2913 5463 3011 5514; x_wconf 85' lang='lat' dir='ltr'><strong><em>est,</em></strong></span> <span class='ocrx_word' id='word_1_843' title='bbox 3041 5459 3087 5504; x_wconf 83' lang='lat' dir='ltr'><strong><em>et</em></strong></span> <span class='ocrx_word' id='word_1_844' title='bbox 3121 5453 3260 5519; x_wconf 84' lang='lat' dir='ltr'><strong><em>quod</em></strong></span> <span class='ocrx_word' id='word_1_845' title='bbox 3302 5463 3520 5499; x_wconf 79' lang='lat' dir='ltr'><strong><em>causam</em></strong></span> 
     </span>
    </p>
   </div>
   <div class='ocr_carea' id='block_1_116' title="bbox 1941 5541 3522 5611">
    <p class='ocr_par' dir='ltr' id='par_1_116' title="bbox 1941 5541 3522 5611">
     <span class='ocr_line' id='line_1_116' title="bbox 1941 5541 3522 5611; baseline -0.006 -11"><span class='ocrx_word' id='word_1_846' title='bbox 1941 5549 2265 5603; x_wconf 66' lang='lat' dir='ltr'><strong><em>exsistantit?</em></strong></span> <span class='ocrx_word' id='word_1_847' title='bbox 2294 5562 2359 5601; x_wconf 76' lang='lat' dir='ltr'><strong><em>ea:</em></strong></span> <span class='ocrx_word' id='word_1_848' title='bbox 2390 5551 2624 5599; x_wconf 84' lang='lat' dir='ltr'><strong><em>omnium</em></strong></span> <span class='ocrx_word' id='word_1_849' title='bbox 2651 5545 2757 5598; x_wconf 90' lang='lat' dir='ltr'><strong><em>Deo</em></strong></span> <span class='ocrx_word' id='word_1_850' title='bbox 2787 5545 3002 5607; x_wconf 81' lang='lat' dir='ltr'><strong><em>habeat,</em></strong></span> <span class='ocrx_word' id='word_1_851' title='bbox 3036 5557 3324 5611; x_wconf 82' lang='lat' dir='ltr'><strong><em>rursusque</em></strong></span> <span class='ocrx_word' id='word_1_852' title='bbox 3347 5541 3522 5606; x_wconf 85' lang='lat' dir='ltr'><strong><em>sejun-</em></strong></span> 
     </span>
    </p>
   </div>
   <div class='ocr_carea' id='block_1_117' title="bbox 1942 5636 3522 5709">
    <p class='ocr_par' dir='ltr' id='par_1_117' title="bbox 1942 5636 3522 5709">
     <span class='ocr_line' id='line_1_117' title="bbox 1942 5636 3522 5709; baseline -0.006 -15"><span class='ocrx_word' id='word_1_853' title='bbox 1942 5642 2086 5707; x_wconf 75' lang='lat' dir='ltr'><strong><em>gilur</em></strong></span> <span class='ocrx_word' id='word_1_854' title='bbox 2128 5641 2472 5709; x_wconf 76' lang='lat' dir='ltr'><strong><em>proprietate,</em></strong></span> <span class='ocrx_word' id='word_1_855' title='bbox 2517 5639 2656 5709; x_wconf 83' lang='lat' dir='ltr'><strong><em>quod</em></strong></span> <span class='ocrx_word' id='word_1_856' title='bbox 2691 5654 2794 5690; x_wconf 87' lang='lat' dir='ltr'><strong><em>non</em></strong></span> <span class='ocrx_word' id='word_1_857' title='bbox 2836 5647 3086 5707; x_wconf 86' lang='lat' dir='ltr'><strong><em>tauquam</em></strong></span> <span class='ocrx_word' id='word_1_858' title='bbox 3119 5636 3418 5706; x_wconf 64' lang='lat' dir='ltr'><strong><em>uniqenitus</em></strong></span> <span class='ocrx_word' id='word_1_859' title='bbox 3458 5649 3522 5685; x_wconf 68' lang='lat' dir='ltr'><strong><em>ea:</em></strong></span> 
     </span>
    </p>
   </div>
   <div class='ocr_carea' id='block_1_118' title="bbox 1947 5727 3514 5801">
    <p class='ocr_par' dir='ltr' id='par_1_118' title="bbox 1947 5727 3514 5801">
     <span class='ocr_line' id='line_1_118' title="bbox 1947 5727 3514 5801; baseline -0.003 -16"><span class='ocrx_word' id='word_1_860' title='bbox 1947 5734 2109 5786; x_wconf 88' lang='lat' dir='ltr'><strong><em>Putre</em></strong></span> <span class='ocrx_word' id='word_1_861' title='bbox 2140 5734 2397 5797; x_wconf 79' lang='lat' dir='ltr'><strong><em>subsistit,</em></strong></span> <span class='ocrx_word' id='word_1_862' title='bbox 2422 5741 2471 5786; x_wconf 89' lang='lat' dir='ltr'><strong><em>et</em></strong></span> <span class='ocrx_word' id='word_1_863' title='bbox 2495 5733 2634 5801; x_wconf 81' lang='lat' dir='ltr'><strong><em>quod</em></strong></span> <span class='ocrx_word' id='word_1_864' title='bbox 2666 5746 2758 5800; x_wconf 82' lang='lat' dir='ltr'><strong><em>per</em></strong></span> <span class='ocrx_word' id='word_1_865' title='bbox 2804 5731 2976 5798; x_wconf 79' lang='lat' dir='ltr'><strong><em>ipsum</em></strong></span> <span class='ocrx_word' id='word_1_866' title='bbox 3010 5727 3212 5782; x_wconf 76' lang='lat' dir='ltr'><strong><em>Filium</em></strong></span> <span class='ocrx_word' id='word_1_867' title='bbox 3243 5731 3514 5797; x_wconf 85' lang='lat' dir='ltr'><strong><em>apparuit.</em></strong></span> 
     </span>
    </p>
   </div>
   <div class='ocr_carea' id='block_1_119' title="bbox 1947 5823 3517 5898">
    <p class='ocr_par' dir='ltr' id='par_1_119' title="bbox 1947 5823 3517 5898">
     <span class='ocr_line' id='line_1_119' title="bbox 1947 5823 3517 5898; baseline -0.001 -19"><span class='ocrx_word' id='word_1_868' title='bbox 1947 5826 2251 5898; x_wconf 77' lang='lat' dir='ltr'><strong><em>Rursusque</em></strong></span> <span class='ocrx_word' id='word_1_869' title='bbox 2276 5843 2392 5882; x_wconf 84' lang='lat' dir='ltr'><strong><em>cum</em></strong></span> <span class='ocrx_word' id='word_1_870' title='bbox 2434 5833 2680 5882; x_wconf 83' lang='lat' dir='ltr'><strong><em>creatura</em></strong></span> <span class='ocrx_word' id='word_1_871' title='bbox 2720 5842 2812 5896; x_wconf 82' lang='lat' dir='ltr'><strong><em>per</em></strong></span> <span class='ocrx_word' id='word_1_872' title='bbox 2845 5823 3044 5880; x_wconf 73' lang='lat' dir='ltr'><strong><em>Filium</em></strong></span> <span class='ocrx_word' id='word_1_873' title='bbox 3077 5823 3416 5890; x_wconf 69' lang='lat' dir='ltr'><strong><em>substitisset,</em></strong></span> <span class='ocrx_word' id='word_1_874' title='bbox 3456 5839 3517 5877; x_wconf 81' lang='lat' dir='ltr'><strong><em>ne</em></strong></span> 
     </span>
    </p>
   </div>
  </div>
