3970 6406
257 391 395 456 1085

1108 389 1205 448 DE
1244 376 1766 445 PROCESSIONE
1808 377 1873 436 S.
1916 372 2278 434 SPIRITUS
2319 369 2545 431 ORAT.
2588 366 2642 425 Ι.

3372 357 3516 417 1086

252 514 369 568 ται,
417 501 478 554 τὸ
516 499 585 554 δι’
642 495 776 551 Υἱοῦ
834 496 983 569 παρὰ
1030 495 1243 565 Harpe;
1289 492 1560 562 ὑπάρχειν
1591 490 1650 542 τὸ
1682 487 1838 553 ἅγιον

1951 484 2106 539 Patre
2146 481 2409 552 Spiritum
2450 486 2703 534 sanctum
2751 477 3039 541 exsistere,
3088 474 3235 542 quod
3271 483 3337 523 ex
3384 483 3510 522 eon-

256 592 509 660 Πνεῦμα,
554 591 695 659 ὅπερ
718 588 783 639 ἐκ
828 585 921 639 τοῦ
960 584 1312 654 συνημμένου
1347 579 1834 648 καταλαμϐάνεται

256 684 374 743 τοῖς
402 677 708 739 εὑθυϐόλως
738 678 819 739 εἰς
840 676 933 728 τὸν
978 673 1070 728 τοῦ
1108 672 1469 743 προκειμένου
1524 669 1840 737 ζητήματος

252 773 424 845 βυθὸν
468 772 569 840 τὴν
623 770 869 824 διάνοιαν
917 767 1238 837 βάπτουσιν,
1309 762 1462 815 Ἐπεὶ
1493 762 1602 831 γὰρ
1636 758 1839 828 ἀχωρί-

253 879 396 925 στως
427 861 603 916 ἀεὶτὸ
636 859 860 928 Πνεῦμα
896 856 1112 910 σύνεστι
1154 854 1231 925 τῷ
1268 852 1406 923 Υίῷ,
1442 852 1538 905 καὶ
1568 852 1669 904 οὑκ
1721 848 1840 914 ἐξὸν

247 953 390 1015 ὅλως
446 954 505 1006 ὲν
558 950 811 1022 περινοίᾳ
862 948 1116 1017 γενέσθαι
1178 947 1371 999 τούτου
1407 945 1530 998 τινὰ
1581 942 1704 1013 δίχα
1745 939 1838 993 τοῦ

251 1043 597 1112 Πνεύματος,
652 1040 876 1109 εῦδηλον
927 1040 1008 1093 ὅτι
1055 1036 1128 1090 δι’
1164 1035 1330 1088 αὑτοῦ
1367 1033 1637 1102 λαμϐάνει
1683 1030 1842 1083 τοῦτο

250 1135 354 1204 τὴν
387 1133 647 1204 ὕπαρξιν.
685 1132 748 1185 Ei
796 1133 905 1199 γὰρ
963 1128 1062 1200 μὴ,
1123 1126 1177 1180 τί
1215 1128 1414 1179 κωλύει
1441 1124 1696 1194 νοηθῆναι
1751 1123 1842 1175 τὸν

254 1224 387 1280 Υίὸν
421 1226 550 1280 ἄνευ
604 1225 701 1277 τοῦ
741 1221 1077 1290 Πνεύματος,
1137 1219 1233 1273 καὶ
1283 1217 1345 1271 τὺ
1390 1217 1614 1286 Πνεῦμα
1667 1214 1726 1267 δὲ
1779 1212 1842 1266 τὸ

250 1315 410 1385 ἅγιον
463 1314 622 1377 ἐκτὸς
676 1311 772 1365 τοῦ
845 1310 1229 1378 Μονογενοῦς;
1298 1305 1683 1376 ’Λποκριθήτω
1749 1320 1841 1372 μοι

253 1407 392 1477 πρὸς
415 1406 517 1474 τὴν
559 1402 821 1474 τοιαύτην
881 1401 1153 1473 ἐρώτησιν
1200 1400 1230 1452 ὁ
1278 1399 1629 1469 βουλόμενος,
1680 1396 1841 1457 Ἴσως

256 1500 559 1566 ἀπαντήσει
614 1496 749 1565 πρὸς
800 1493 962 1546 τοῦτό
1017 1509 1123 1556 τις,
1155 1491 1238 1544 ὅτι
1266 1491 1329 1541 τὸ
1357 1484 1727 1558 προέρχεσθαι
1751 1483 1844 1537 τὸν

261 1589 389 1642 rev
428 1588 525 1642 καὶ
579 1587 642 1639 τδ
679 1585 903 1654 Πνεῦμα
934 1584 995 1637 τὺ
1022 1583 1178 1650 ἄτιον
1232 1580 1349 1650 ἅμα
1402 1577 1554 1645 παρὰ
1610 1575 1842 1646 Πατρὸς,

251 1676 386 1728 αὑτὸ
412 1674 571 1727 τοῦτο
601 1673 697 1727 τοῦ
752 1672 1089 1726 συννοεῖσθαι
1149 1671 1322 1725 ταῦτα
1360 1668 1667 1738 παραίτιον,
1706 1668 1844 1736 ὅπερ

254 1768 351 1822 καὶ
381 1768 586 1837 μᾶλλον
616 1767 718 1820 οὐκ
766 1767 833 1838 ἐᾷ
887 1765 1074 1836 χώραν
1108 1763 1254 1833 ἔχειν
1289 1763 1349 1815 τὸ
1403 1761 1479 1815 δι’
1517 1760 1675 1814 Υιοῦ.
1732 1758 1844 1812 Καὶ

1938 576 2225 646 junctione
2273 570 2756 640 comprehenditur
2804 568 2872 623 ab
2930 568 3060 630 illis,
3114 566 3207 634 qui
3258 568 3406 616 recte
3461 560 3516 612 in

1939 667 2240 737 propositae
2295 665 2618 735 quaestionis
2667 661 2938 746 profunda
2990 667 3232 713 mentem
3290 654 3517 707 immer-

1944 766 2095 829 gum.
2153 757 2291 812 Cum
2345 757 2487 810 enim
2544 754 2778 808 indivise.
2835 745 2912 807 et,
2959 750 3220 805 continue
3269 745 3515 813 Spiritus

1942 850 2081 906 Filio
2136 851 2431 909 adhaereat,
2488 863 2585 901 nec
2640 846 2721 900 fas
2766 845 2835 898 sit
2880 843 3116 911 aliquem
3183 836 3523 908 cogitatione

1942 943 2095 997 illum
2142 942 2349 1010 absque
2403 937 2609 1008 Spiritu
2659 937 2971 1006 complecti,
3033 931 3390 987 manifestum
3435 935 3525 983 est

1943 1047 2042 1102 per
2103 1032 2283 1100 ipsum
2333 1028 2714 1083 exsistentiam
2774 1026 2859 1079 sui
2918 1023 3183 1093 Spiritum
3242 1019 3511 1087 accipere.

1946 1123 2156 1177 Etenim
2208 1121 2253 1176 si
2313 1120 2448 1172 nihil
2501 1117 2727 1187 impedit
2780 1115 3006 1183 intelligi
3053 1113 3251 1167 Filium
3306 1112 3523 1179 absque

1946 1215 2176 1285 Spiritu,
2207 1224 2261 1269 et
2296 1211 2566 1283 Spiritum
2593 1216 2840 1263 sanctum
2865 1209 3073 1275 absque
3098 1205 3260 1267 Filio,
3291 1217 3520 1272 respon-

1945 1308 2071 1361 deat
2101 1306 2235 1359 mihi
2279 1305 2346 1359 ad
2379 1305 2486 1358 hoc
2537 1303 2933 1369 interrogatum
2962 1297 3217 1366 quisquis
3260 1295 3516 1349 voluerit.

1943 1398 2203 1454 Fortasse
2237 1396 2302 1449 ad
2344 1397 2450 1449 hoc
2483 1392 2762 1463 quispiam
2794 1388 3171 1458 respondebit.
3205 1387 3352 1454 quod
3396 1397 3521 1452 pro-

1945 1491 2227 1561 grediatur
2252 1486 2426 1540 Filius
2467 1494 2522 1538 et
2553 1483 2795 1552 Spiritus
2833 1491 3060 1535 sanctus
3101 1475 3267 1533 simul
3298 1490 3328 1529 a
3363 1474 3527 1528 Patre

1946 1584 2004 1638 in
2038 1596 2205 1636 causa
2237 1594 2380 1641 esse,
2426 1564 2576 1647 quod
2609 1574 2775 1630 simul
2811 1572 3209 1642 intelligantur.
3239 1566 3386 1637 quod
3419 1580 3523 1635 po-

1946 1675 2221 1730 tissimum
2251 1671 2386 1726 illud
2419 1687 2511 1739 per
2545 1668 2746 1722 Filium
2774 1666 2894 1719 loco
2923 1673 3132 1718 motum
3169 1660 3522 1716 exterminat.

1947 1767 2014 1821 Et
2043 1766 2226 1837 plane,
2262 1765 2307 1819 si
2351 1764 2419 1817 de
2471 1762 2575 1815 hoc
2603 1760 2844 1830 primum
2896 1755 3030 1810 mihi
3077 1750 3531 1823 respondendum

258 1821 396 1932 μὴν.
428 1862 480 1912 εί
519 1861 624 1930 χρή
692 1876 760 1929 με
802 1821 933 1928 ἷπεεῖι
964 1821 1170 1911 τοῦτοῦ.
1215 1855 1436 1927 πρῶτον
1493 1854 1840 1925 ἀπολογήσα-

1951 1821 2060 1923 εει,⁸
2082 1858 2255 1912 Filius
2287 1868 2341 1909 et
2375 1821 2636 1925 Spiritus,
2670 1859 2731 1905 ut
2765 1849 2908 1918 apud
2940 1860 3131 1901 onmes
3163 1821 3217 1899 in
3264 1841 3536 1896 confesso'

256 1949 410 2012 σθαι,
470 1949 559 2001 τὸν
612 1947 741 2002 Υίὸν
769 1949 863 2000 καὶ⁵
915 1948 978 2000 τὸ
1035 1945 1261 2016 Πνεῦμα
1326 1946 1437 2007 τοῖς
1503 1946 1669 1997 πᾶσιν
1703 1945 1843 1995 ἀνω-

256 2041 558 2110 μολόγηται
610 2041 983 2109 συνυπάρχειν
1037 2036 1177 2108 ὁμοῦ
1235 2035 1312 2106 τῷ
1372 2036 1570 2105 Haupt,
1635 2034 1733 2087 καὶ
1778 2033 1839 2086 οὒ

254 2134 352 2188 τὸν
415 2135 512 2203 μὲν
572 2133 861 2203 πρότερον,
924 2132 986 2184 τὸ
1035 2131 1093 2183 δὲ
1139 2129 1388 2200 ὕστερον.
1422 2128 1545 2199 'Ap'
1599 2128 1692 2181 οῦν
1744 2129 1843 2180 οὑκ

252 2225 410 2279 ἔσται
460 2224 634 2277 ταῦτα
691 2226 779 2277 διὰ
841 2223 1001 2277 τοῦτο
1061 2224 1152 2274 καὶ
1221 2220 1280 2285 ἐξ
1337 2220 1525 2274 αὑτοῦ.
1575 2219 1685 2273 Καὶ
1737 2219 1842 2271 ποῦ

251 2320 318 2372 τὸ
346 2317 592 2372 τοιοῦτον
618 2318 874 2377 ἀσεϐείας
911 2315 1278 2385 ταχθήσεταις
1317 2313 1509 2367 Καίτοι
1542 2330 1605 2380 γε
1640 2313 1842 2383 πρόδη-

252 2411 371 2477 λον,
410 2411 485 2472 ὡς
522 2413 686 2480 ἡμεῖς
713 2412 826 2472 τοῖς
860 2408 970 2461 τῶν
984 2380 1262 2476 -Πχατέρων
1291 2408 1625 2475 ἐμμένοντες
1654 2380 1842 2457 θεοσδ-

259 2519 380 2571 φοις
403 2501 735 2570 διδάγμασιν
764 2499 858 2551 ἐπὶ
897 2499 997 2567 τῆς
1045 2497 1210 2564 ἁγίας
1240 2495 1472 2565 Τριάδος
1502 2495 1600 2546 καὶ
1628 2495 1690 2546 τὸ
1721 2493 1843 2563 ἅμα

261 2592 594 2664 φρονοῦμεν,
637 2590 890 2643 συναῒδια
920 2591 1049 2658 γὰρ,
1089 2591 1182 2640 καὶ
1231 2590 1294 2641 ἐκ
1323 2587 1534 2657 Πατρὸς
1563 2583 1702 2638 εἶναι
1752 2586 1845 2638 τὸν

259 2685 388 2737 Υίδν
420 2686 514 2738 καὶ
557 2685 618 2736 τὸ
656 2683 884 2752 Πνεῦμα
933 2681 1287 2749 πιστεύομεν.
1342 2680 1455 2732 Οὐκ
1488 2679 1702 2748 ἄναρχα
1734 2680 1844 2749 γὰρ

257 2777 382 2831 κατ’
405 2776 538 2829 αὐτό
561 2792 626 2845 γε
667 2774 828 2827 τοῦτο
864 2773 925 2826 τὸ
980 2773 1174 2827 αἴτιον.
1210 2771 1399 2832 Οῦτως
1445 2769 1539 2824 οὖν
1565 2771 1704 2822 κάπὶ
1749 2770 1843 2823 τοῦ

257 2870 395 2923 Υίοῦ
423 2868 634 2921 καὶτοῦ
688 2866 1031 2936 Πνεύματος,
1062 2868 1158 2918 καὶ
1195 2866 1255 2917 τὸ
1307 2863 1424 2933 ἅμα
1476 2862 1844 2933 προέρχεσθαι

253 2961 431 3014 ταῦτα
464 2960 617 3032 παρὰ
648 2960 863 3027 Πατρὶς
897 2957 1297 3028 ὁμολογοῦμεν,
1356 2956 1448 3009 καὶ
1488 2956 1550 3006 τὸ
1589 2955 1655 3007 δι’
1712 2952 1844 3006 Υἱοῦ

255 3055 359 3123 τὴν
391 3052 632 3123 ὓπαρξιν
663 3051 808 3122 ἔχειν
840 3050 901 3102 τὸ
959 3050 1183 3117 Πνεῦμα
1235 3048 1296 3100 τὸ
1354 3048 1515 3112 ἅγιον
1570 3046 1845 3116 διατράνῳ

257 3148 479 3216 γλώττῃ
518 3164 587 3216 κη
599 3145 894 3215 ρύττομεν.

335 3235 441 3305 κη’.
471 3236 846 3289 Ἀκουέτωσαν
868 3235 917 3287 εἱ
948 3234 1110 3304 μηδὲν
1127 3231 1236 3284 τῶν
1260 3230 1469 3282 πολλῶν
1495 3229 1844 3299 διαφέροντες

254 3335 319 3387 ἰν
336 3331 415 3401 τῷ
442 3331 625 3399 λέγειν
655 3328 735 3383 ὅτι
758 3330 817 3382 τὸ
841 3327 960 3396 ἅμα
981 3328 1078 3393 τῆς
1102 3327 1175 3378 δι’
1194 3324 1327 3378 Υἱοῦ
1357 3329 1506 3393 φωνῆ
1514 3340 1542 3385 ς
1571 3327 1849 3393 ἀναιρετι-

255 3425 378 3479 κόν.
412 3424 630 3493 Ὠσπερ
654 3422 761 3493 γὰρ
787 3423 904 3474 ἐκεῖ
931 3419 994 3472 τὸ
1027 3419 1143 3488 ἅμα
1170 3418 1247 3488 τῷ
1281 3416 1456 3487 Πατρὶ
1481 3416 1574 3467 τὸν
1602 3414 1733 3468 Yle
1764 3409 1844 3466 εί-

258 3532 373 3579 ναι,
416 3517 513 3568 καὶ
553 3516 614 3567 τὸ
647 3514 874 3582 Πνεῦμα
920 3511 981 3564 τὸ
1030 3512 1211 3577 ἅγιον,
1271 3509 1331 3559 οὑ
1373 3506 1745 3561 καταϐλάπτει
1788 3507 1850 3559 τὸ

257 3611 329 3661 ὲκ
361 3605 579 3677 Πατρὸς
621 3605 893 3675 ὑπάρχειν
928 3603 1094 3666 αὐτὰ,
1127 3600 1216 3652 διὰ
1276 3599 1337 3651 τὸ
1391 3598 1598 3668 μηδένα
1651 3598 1843 3669 χρόνον

257 3700 331 3768 τῇ
359 3696 569 3750 τούτων
593 3698 657 3748 ὲκ
693 3696 908 3766 Πατρὸς
939 3694 1174 3762 ὑπάρξει
1207 3691 1533 3761 μεσολαϐεῖν
1554 3707 1570 3721 ·
1612 3690 1705 3742 τὸν
1752 3690 1849 3741 αὑ-

259 3794 358 3845 τδν
388 3791 592 3863 τρόπον
617 3790 901 3845 κάνταῦθα
949 3788 1008 3841 τδ
1039 3786 1156 3877 ἅμα
1195 3784 1567 3857 προέρχεσθαι
1598 3783 1688 3835 τὸν
1720 3781 1850 3834 Υίὸν

261 3889 362 3939 καὶ
383 3885 445 3937 τὸ
475 3883 704 3953 Πνεῦμα
742 3882 896 3953 παρὰ
925 3874 1139 3949 Πατρὸς
1169 3879 1230 3930 τὸ
1259 3878 1327 3930 δι’
1358 3876 1487 3929 Υίοῦ
1518 3875 1621 3945 τὴν
1668 3874 1851 3945 ῦπαρ-

259 3978 350 4042 ξιν
377 3976 525 4045 ἔχειν
570 3975 632 4027 τὸ
665 3975 896 4044 Πνεῦμα
919 3973 982 4026 τὸ
1011 3972 1168 4040 ἅγιον
1218 3970 1280 4022 οὑ
1337 3967 1685 4038 λυμαίνεται.
1741 3965 1854 4020 Καὶ

148 4126 155 4141 ,
259 4070 375 4139 γὰρ
398 4069 644 4138 ἀχρόνως
676 4068 796 4120 ἐστὶ
819 4065 888 4119 δι’
919 4064 1074 4128 Υἰοῦ,
1099 4062 1351 4131 καθάπερ
1386 4061 1452 4112 ὲκ
1483 4059 1578 4111 τοῦ
1613 4057 1848 4128 Πατρός.

273 4164 433 4217 Ἐπεὶ
458 4163 542 4225 τίς
573 4161 712 4224 ὅλως
736 4161 815 4221 εἰς
840 4160 941 4227 τὴν
971 4158 1115 4226 ὑπὲρ
1169 4156 1365 4226 χρόνον
1417 4153 1637 4221 εκείνην
1688 4150 1852 4218 φύσιν

257 4256 459 4325 χρόνου
517 4252 908 4322 παρείσδυσις;
940 4249 1114 4302 Τοῦτο
1167 4248 1265 4317 μὲν
1295 4243 1470 4307 οὕτως
1508 4241 1850 4309 ἀναγκαίως,

258 4350 342 4412 ὡς
371 4347 561 4416 ἔμοιγε
584 4345 799 4411 δοκοῦν,
821 4344 1240 4398 ἀποδέδεικται*
1278 4339 1413 4407 πρὸς
1469 4337 1528 4390 δὲ
1584 4337 1646 4387 τὸ
1690 4337 1856 4405 μέρος

259 4446 443 4499 ἐκεῖνο
497 4446 596 4512 τῆς
648 4443 1031 4511 ἀπαντήσεως,
1060 4439 1143 4492 ὅτι
1191 4437 1252 4490 τὸ
1304 4436 1703 4503 πρεέρχεσθαι
1762 4432 1857 4483 τὸν

1941 1962 2047 2017 est,
2093 1952 2257 2008 simul
2304 1965 2411 2005 una
2470 1948 2747 2002 exsistunt
2795 1959 2920 1997 cum
2969 1940 3150 2003 Patre,
3201 1951 3381 2005 neque
3431 1933 3521 1988 hic

1945 2044 2165 2116 quidem
2224 2041 2398 2110 prius,
2452 2038 2542 2091 ille
2593 2033 2891 2104 posterius.
2950 2027 3067 2081 Non
3124 2033 3291 2081 erunt
3342 2024 3537 2091 itaque

1948 2140 2047 2191 ista
2083 2143 2368 2205 propterea
2411 2144 2510 2183 nec
2543 2144 2606 2182 ex
2641 2128 2783 2192 ipso.
2819 2123 2883 2176 Et
2912 2134 3150 2190 quonam
3183 2118 3237 2169 in
3264 2116 3385 2169 loco
3426 2112 3539 2166 ima

1946 2202 2122 2295 pietas
2157 2223 2355 2278 similis
2392 2214 2797 2274 collocabitur?
2832 2202 2895 2267 Et
2936 2208 3297 2265 nihilominus
3349 2204 3527 2259 mani-

1948 2319 2146 2373 festum
2198 2324 2305 2375 est,
2357 2328 2456 2367 nos
2505 2310 2725 2362 Patrum
2779 2304 3048 2359 divinitus
3101 2299 3382 2367 inspirata:
3429 2296 3529 2349 do-
3614 2370 3631 2375 ι

1946 2409 2140 2462 ctrina:
2181 2404 2522 2464 insistentes,
2557 2400 2611 2452 in
2653 2404 2844 2450 sancta
2877 2392 3075 2446 Triade
3100 2388 3264 2444 simul
3293 2397 3521 2441 tenere:

1947 2508 2214 2552 coaeterna
2244 2492 2387 2547 enim
2431 2499 2557 2544 sunt
2592 2503 2608 2539 :
2649 2494 2702 2540 et
2749 2500 2812 2537 ex
2864 2481 3027 2535 Patre
3066 2493 3187 2532 esse
3235 2474 3434 2528 Filium
3474 2478 3533 2523 et

1947 2591 2213 2660 Spiritum
2273 2583 2520 2639 credere.
2579 2578 2766 2647 Neque
2811 2574 2958 2629 enim
3008 2569 3218 2638 absque
3259 2561 3530 2633 principio

1948 2692 2077 2741 sunt
2128 2678 2429 2736 secundum
2457 2676 2621 2748 :ltauc
2673 2672 2849 2738 ipsam
2884 2678 3130 2720 causam.
3166 2659 3288 2713 Pari
3342 2656 3533 2722 itaque

1951 2775 2166 2829 ratione
2193 2773 2262 2825 de
2297 2769 2454 2831 Filio,
2496 2775 2551 2819 et
2578 2765 2644 2817 de
2679 2760 2910 2831 Spiritu,
2941 2754 3108 2810 simul
3146 2747 3399 2821 pregredi
3432 2747 3525 2798 illa

1950 2884 1978 2922 a
2011 2868 2171 2922 Patre
2198 2864 2547 2935 conﬁtemur,
2578 2866 2632 2911 et
2660 2869 2753 2924 per
2783 2850 2980 2905 Filium
3016 2841 3393 2900 cxsistentiam
3429 2838 3531 2891 ιω-

1950 2959 2082 3013 bere
2131 2956 2397 3026 Spiritum
2436 2932 2714 3012 sanctum,
2763 2943 2916 2998 clara
2964 2952 3096 2994 voce
3141 2932 3529 3006 pradicamus.

2018 3238 2111 3293 28.
2152 3235 2416 3292 Audiant.
2469 3230 2560 3300 qui
2617 3225 2753 3282 nihil
2784 3240 2814 3279 a
2860 3223 3023 3291 vulgo
3071 3218 3353 3282 dilferunt,
3399 3216 3538 3270 dum

1950 3333 2160 3396 dicunt,
2192 3327 2326 3383 illud
2351 3325 2513 3380 simul
2537 3321 2838 3377 dictionem
2866 3330 2957 3384 per
2994 3312 3190 3367 Filium
3223 3309 3529 3364 destruere.

1954 3421 2429 3490 Quemadmodum
2469 3415 2617 3471 enim
2657 3412 2732 3468 ibi
2778 3410 2977 3465 Filium
3025 3419 3149 3459 esse
3178 3412 3233 3455 et
3263 3398 3533 3469 Spiritum

1952 3526 2205 3574 sanctum
2255 3514 2480 3567 minime
2528 3508 2694 3568 laedit,
2743 3504 2868 3558 illos
2909 3515 2975 3554 ex
3021 3497 3184 3552 Patre
3237 3492 3532 3552 exsistere,

1952 3612 2098 3680 quod
2142 3605 2350 3661 nullum
2399 3613 2618 3670 tempus
2665 3601 2809 3652 inter
2851 3608 3041 3647 eorum
3083 3605 3147 3643 ex
3179 3587 3339 3641 Patre
3396 3581 3539 3636 exsi-

1952 3703 2207 3759 stentiam
2245 3697 2467 3761 mediet,
2513 3694 2708 3747 eodem
2756 3690 2923 3744 modo
2970 3685 3062 3739 hic
3105 3695 3327 3752 quoque
3368 3673 3536 3732 simul

1953 3792 2205 3866 progredi
2240 3788 2438 3843 Filium
2470 3797 2522 3840 et
2557 3783 2820 3853 Spiritum
2870 3795 2937 3832 ex
2970 3778 3153 3838 Patre,
3206 3787 3303 3842 per
3335 3768 3533 3823 Filium

1950 3864 2330 3945 exsistentiam
2352 3881 2552 3936 habere
2575 3877 2833 3945 Spiritum
2857 3879 3108 3928 sanetum
3140 3881 3246 3920 non
3278 3864 3533 3919 deStruit.

1952 3980 2174 4048 Absque
2217 3977 2363 4029 enim
2394 3983 2639 4040 tempore
2687 3976 2771 4023 est
2823 3980 2917 4036 per
2955 3962 3179 4019 Filium,
3216 3958 3291 4010 uti
3341 3965 3425 4009 est
3467 3969 3535 4006 ex

1954 4071 2136 4127 Patre.
2184 4064 2639 4135 Quandoquidem
2695 4073 2818 4130 quae
2864 4069 3089 4126 prorsus
3141 4050 3195 4104 in
3248 4048 3394 4102 illam
3440 4061 3536 4100 su-

1954 4179 2051 4234 per
2109 4173 2321 4230 tempus
2399 4167 2649 4211 naturam
2724 4149 2987 4219 temporis
3055 4141 3360 4215 penetratio
3418 4136 3532 4191 fue-

1954 4233 2066 4312 rit?
2105 4255 2170 4309 Et
2201 4254 2308 4308 hoc
2349 4250 2569 4320 quidem
2607 4249 2688 4301 sic
2734 4241 3051 4299 necessario
3095 4237 3269 4306 sequi,
3324 4233 3369 4288 si
3418 4244 3539 4284 mea

1954 4364 2043 4405 me
2129 4344 2399 4403 sententia
2472 4357 2579 4395 non
2666 4337 2839 4400 fallit,
2914 4334 3349 4388 demonstratum
3433 4331 3538 4377 est.

1957 4441 2037 4496 Ad
2116 4447 2326 4508 partem
2406 4449 2538 4486 vero
2604 4431 2753 4484 illam
2827 4421 3244 4494 responsionis.
3322 4430 3540 4486 progre-

264 4539 396 4591 Υίδν
447 4510 644 4590 καὶῖτὸ
695 4510 923 4602 Πνεῦμα
952 4534 1010 4584 τὸ
1043 4531 1199 4598 ἅγιον
1244 4530 1361 4599 ἅμα
1411 4530 1565 4597 παρὰ
1613 4524 1852 4594 Πατρὺς,

1954 4534 2014 4587 di
2050 4531 2249 4586 Filium
2298 4537 2353 4584 et
2382 4525 2649 4596 Spiritum
2688 4530 2941 4579 sanctum
2972 4514 3138 4571 simul
3174 4527 3204 4567 a
3244 4510 3430 4567 Patre.
3483 4510 3537 4561 in

262 4631 403 4687 αὑτὸ
430 4631 587 4682 τοῦτο
619 4624 715 4680 τοῦ
743 4622 1087 4680 συννοεῑσθαι
1118 4620 1295 4674 ταῦτα
1329 4621 1648 4688 παραίτιον,
1686 4620 1849 4668 αντε-

265 4722 520 4793 πιφέρων
544 4717 689 4790 φημί
715 4734 727 4746 ·
765 4717 872 4770 Καὶ
901 4714 1066 4767 πόθεν
1097 4713 1229 4784 ἄρα,
1260 4714 1370 4765 κάκ
1406 4710 1578 4763 ποίων
1602 4709 1851 4772 εἰκόνων,

261 4816 396 4870 incl
421 4813 616 4867 πολλαὶ
657 4809 928 4870 πολλάκις
972 4808 1088 4868 τοῖς
1114 4806 1411 4875 ,θεοφόροις
1446 4804 1725 4873 Πατράσιν
1758 4800 1853 4855 ἐπὶ

257 4912 365 4979 τῆς
399 4905 678 4975 θεολογίας
707 4902 1000 4974 ὁμοιώσεις
1048 4902 1113 4953 ὲκ
1156 4897 1265 4951 τῶν
1304 4897 1582 4968 αἰσθητῶν
1610 4898 1853 4967 παρελή-

260 5005 505 5076 φθησαν,
535 4999 692 5054 τοῦτο
749 4993 1103 5066 παραστῆσαί
1139 5008 1224 5052 τις
1272 4990 1648 5058 ὲξισχύσειενς
1710 4986 1855 5055 Ἐγὼ

267 5099 372 5169 μιν
401 5097 511 5166 γὰρ
545 5095 724 5147 πάντα
776 5086 1021 5142 τοιοῦτον
1077 5085 1236 5154 λόγον
1282 5084 1610 5152 ἁνερευνὼν,
1659 5083 1717 5133 ὲν
1772 5077 1855 5143 οἷς

262 5189 509 5260 ὑπάρχει
537 5185 626 5239 διὰ
654 5182 748 5238 τοῦ
775 5181 964 5251 ἑτέρου
994 5179 1054 5233 τὸ
1085 5179 1290 5246 ἕτερον,
1322 5174 1540 5245 τρανῶς
1565 5172 1855 5241 καταλαμ-

265 5282 426 5336 ϐάνω
445 5281 545 5349 τὴν
576 5279 798 5332 ἒνωσινο
832 5275 892 5328 ὲν
916 5268 996 5336 οἷς
1016 5272 1073 5326 δὲ
1102 5270 1163 5324 τὸ
1206 5268 1330 5337 ἅμα
1362 5269 1523 5337 μόνον
1556 5268 1726 5328 ἐστὶν,
1763 5264 1855 5317 οὑ·-

264 5375 467 5445 ὂεμίαν
505 5372 748 5443 εὑρίσκω
810 5366 1130 5435 συνάφειαν.
1187 5362 1296 5416 Καὶ
1327 5357 1604 5412 σκοπείτω
1636 5357 1747 5416 πᾶς
1786 5353 1854 5408 τὰ

269 5466 568 5536 λεγόμενα.
604 5463 707 5516 Δύο
736 5462 973 5529 ποταμοὶ
998 5457 1140 5510 κατὰ
1164 5454 1363 5509 ταυτὸν
1389 5450 1748 5510 ὲκϐλύζουσιν
1789 5449 1855 5500 ἐκ

271 5558 483 5631 πηγῆς,
514 5558 580 5608 ἐκ
604 5555 758 5626 ῥίζης
796 5569 856 5605 τε
887 5550 981 5604 δύο
1003 5549 1186 5604 κλάδοι
1221 5547 1379 5617 τυχὸν
1400 5540 1852 5598 συναναϐλαστάι-

269 5667 479 5706 νουσιν.
518 5646 739 5701 Τούτων
771 5641 1059 5697 ὑπολαϐὼν
1082 5641 1175 5693 τὸν
1216 5638 1335 5699 ἕνα,
1375 5637 1470 5690 καὶ
1502 5631 1624 5686 καθ’
1654 5630 1851 5683 ἑκάτε-

271 5762 367 5814 ρον
400 5741 640 5808 δύναμαι
673 5737 848 5808 ῥᾷστα
874 5734 968 5792 τοῦ
994 5731 1183 5787 λοιποῦ
1215 5732 1388 5801 χωρὶς
1425 5728 1687 5781 κατιδεῖν.
1730 5724 1853 5775 Ὠσ-

270 5836 454 5897 αύτως
524 5833 615 5886 δύο
683 5826 844 5885 πάλιν
902 5828 1097 5896 ἁθρόον
1156 5826 1371 5887 ἀκτῖνες
1425 5826 1487 5875 ὲκ
1541 5818 1635 5873 τοῦ
1698 5817 1851 5888 ἡλίου

1959 4640 2128 4681 causa
2165 4638 2309 4688 esse,
2358 4620 2506 4691 quod
2546 4614 2852 4671 illa~simul
2903 4607 3297 4675 intelligantur,
3347 4608 3539 4656 contra

1955 4730 2240 4785 opponens
2261 4715 2388 4769 dico
2414 4728 2430 4764 :
2471 4711 2537 4765 Et
2564 4708 2860 4768 undenam,
2881 4710 2936 4758 et
2963 4716 3029 4757 ex
3060 4698 3262 4769 quibus
3287 4693 3543 4763 imagini-

1958 4811 2084 4875 bus,
2113 4824 2236 4863 eum
2264 4808 2534 4876 pleraque
2565 4811 2942 4870 smpeuumero
2974 4809 3006 4848 ο
3043 4790 3245 4846 divinis
3287 4785 3545 4855 Patribus

1956 4904 2012 4958 lu
2049 4903 2217 4957 rebus
2272 4895 2598 4967 theologieis
2634 4888 2995 4962 explanandis
3049 4881 3439 4940 similitudines
3476 4892 3544 4931 ex.

1956 4994 2090 5057 illis,
2141 5008 2263 5062 qua
2318 4990 2573 5044 sensibus
2620 4984 2999 5045 subserviunt,
3046 4979 3347 5045 desumpta:
3393 4981 3547 5035 sunt,

1956 5085 2193 5153 probare
2231 5082 2356 5152 quis
2386 5078 2626 5150 poterit?
2655 5078 2771 5145 Ego
2796 5076 3049 5145 equidem
3082 5069 3369 5125 materiam
3401 5070 3546 5118 lianc

1958 5176 2151 5231 sedulo
2186 5173 2548 5241 investigatis,
2599 5170 2748 5223 clare
2804 5168 3067 5222 unionem
3101 5157 3451 5231 deprehendo
3487 5155 3543 5209 itt

1956 5281 2046 5331 eo,
2095 5266 2243 5335 quod
2298 5279 2466 5319 unum
2505 5277 2570 5317 ex
2614 5260 2724 5315 alio
2760 5260 3003 5320 exsistit,
3074 5255 3130 5310 in
3163 5251 3365 5322 quibus
3412 5262 3547 5303 vero

1955 5362 2136 5416 solum
2161 5358 2293 5413 illud
2323 5355 2489 5411 simul
2521 5364 2626 5417 est,
2672 5354 2878 5408 nullam
2937 5350 3154 5419 reperio
3202 5344 3553 5417 conjunctio-

1959 5463 2107 5502 nem.
2149 5446 2214 5500 Et
2244 5446 2630 5515 unusquisque
2675 5442 2819 5496 dicta
2852 5441 3186 5495 consideret.
3243 5436 3362 5491 Duo
3394 5433 3547 5489 ﬂutii

1957 5542 2122 5598 simul
2149 5556 2215 5596 ex
2258 5538 2409 5595 fonte
2446 5536 2729 5599 exsiliunt,
2779 5549 2847 5587 ex
2898 5532 3091 5585 radice
3117 5532 3227 5586 duo
3279 5533 3415 5585 rami
3471 5528 3549 5582 ita

1961 5645 2093 5685 casu
2148 5630 2353 5684 ferente
2380 5626 2543 5681 simul
2594 5621 3007 5692 suppnllulant;
3043 5621 3240 5673 horum
3275 5635 3445 5674 unum
3500 5619 3546 5672 si

1965 5737 2253 5792 accepero,
2302 5721 2372 5775 ab
2401 5719 2510 5774 alio
2540 5715 2850 5787 sejunctqu
2887 5713 3031 5768 facili
3069 5712 3290 5781 negotio
3320 5728 3549 5782 possum

1964 5815 2083 5873 sine
2107 5816 2216 5872 alio
2259 5813 2601 5884 conspicere.
2649 5807 2912 5864 Similiter
2937 5808 3047 5863 duo
3080 5820 3274 5861 rursus
3306 5806 3445 5862 radii
3476 5824 3539 5863 ex
