3970 6420
492 386 624 448 11ῖ8Ἰ

1527 391 1945 451 CONSTANTI
1965 390 2043 449 NI
2088 391 2425 450 MELITEN
2441 391 2627 450 [UTJ'I

3561 397 3658 460 1388

491 498 608 550 Sole
648 504 927 550 emanant.
961 504 1011 549 et
1068 511 1261 552 manus
1311 513 1374 550 ex
1403 512 1634 565 corpore
1658 500 1776 550 dua:
1806 514 2072 552 enascun-

2199 498 2527 566 τροΐσχουσι,
2566 499 2655 549 ναὶ
2687 499 2871 567 χεῖρες
2903 500 2965 549 ἐκ
2991 498 3085 551 τοῦ
3117 498 3354 568 σώματος
3381 501 3461 553 δύο
3484 519 3663 558 συνανα-

490 598 601 646 tur,
645 599 693 639 et
753 590 804 639 in
840 590 1112 640 bisunam
1174 603 1460 656 separatis,
1499 589 1551 641 in
1607 590 1854 656 utrisque
1915 588 2073 642 facile

495 696 664 730 unum
704 681 911 741 absque
942 680 1050 731 alio
1074 681 1523 743 consider-avere,
1571 696 1695 732 eum
1736 695 1842 733 non
1878 696 2073 733 neces-

494 774 642 825 sario
670 771 956 823 attraltant
1000 771 1053 823 itt
1093 771 1175 823 bis
1211 772 1486 830 Omnibus.
1515 788 1635 839 quae
1667 772 1720 824 in
1750 788 2075 838 unaquaque

496 866 641 919 serie
670 866 911 931 neglecta
942 873 1088 918 sunt.
1126 865 1322 919 Verum
1353 868 1419 919 de
1451 864 1590 917 Filio
1618 874 1672 919 et
1707 866 1914 934 Spiritu
1971 868 2074 919 ali-

496 966 578 1008 ter
608 967 712 1009 est.
779 954 897 1008 Non
936 964 1113 1023 potest
1169 971 1395 1025 prorsus
1454 955 1625 1011 Filius
1668 958 1918 1027 intelligi,
1968 957 2074 1010 nisi

478 1062 619 1097 eum
651 1060 717 1098 eo
763 1062 867 1098 ttna
906 1047 1206 1099 adducatur
1235 1046 1496 1113 Spiritus.
1534 1063 1634 1099 nec
1660 1047 1766 1102 nisi
1801 1061 1908 1099 una
1943 1061 2077 1099 Con-

490 1139 719 1207 junctus
756 1148 811 1190 et
853 1138 1080 1190 minime
1113 1146 1397 1205 separatus
1429 1154 1457 1190 a
1494 1138 1631 1192 Filio
1672 1138 1926 1207 Spiritus.
1964 1139 2080 1191 Sic-

493 1228 571 1279 uti
597 1237 650 1279 et
681 1229 747 1281 de
780 1242 1033 1280 sermone
1083 1237 1134 1280 et
1175 1227 1302 1280 ﬂattt
1354 1244 1535 1281 Sermo
1562 1241 1662 1281 est.
1720 1245 1842 1289 etne
1888 1238 2077 1281 nostra

496 1327 645 1382 sunt,
677 1327 731 1372 et
751 1333 859 1386 prae
894 1318 1015 1369 aliis
1047 1334 1077 1372 a
1116 1316 1227 1371 Deo
1286 1319 1570 1373 instructis
1617 1318 1869 1373 Patribus
1918 1320 1971 1373 in
1998 1334 2082 1373 re-

495 1411 600 1466 bus
625 1412 936 1476 theologicis
955 1412 1252 1477 symbolice
1279 1423 1631 1481 usurpantur,
1651 1428 1882 1481 quorum
1909 1429 2076 1466 unum

501 1516 600 1569 per
639 1501 893 1568 alterum,
924 1503 1149 1569 spiritus
1198 1518 1390 1572 nempe
1430 1520 1526 1572 per
1550 1519 1857 1557 sermonem
1903 1504 2078 1573 palam

496 1609 560 1647 ex
601 1604 783 1646 mente
811 1595 1430 1664 progreditur,indeque
1461 1598 1719 1662 conjunct
1745 1612 1903 1648 onem
1924 1597 2082 1648 unio-

498 1699 736 1753 nemque
776 1694 1011 1751 utraque
1046 1687 1347 1756 possident.
1383 1689 1564 1752 Quare
1591 1688 1828 1757 Spiritus
1856 1699 2080 1743 sanctus

497 1790 607 1828 non
656 1777 976 1847 intelligitur
1022 1794 1129 1833 una
1169 1795 1291 1833 cum
1334 1779 1495 1845 Filio,
1550 1783 1694 1847 quod
1742 1781 1903 1833 simul
1954 1796 2078 1833 eum

2178 586 2426 653 φύονται’
2483 588 2586 639 κάν
2646 587 2876 650 ταύταις
2922 587 3018 657 τὴν
3083 589 3207 658 μίαν
3265 589 3562 659 ἀποστήσας,
3599 594 3667 645 καὶ

2176 677 2297 729 κατ’
2333 678 2641 748 ἀμφότερον
2669 678 2909 748 εὐχερῶς
2963 679 3068 749 ἔχω
3112 679 3210 747 τῆς
3258 679 3413 749 ἄλλης
3439 681 3547 734 ἄνευ
3576 684 3671 736 ἑπό-

2174 767 2374 835 ψεσθαι
2404 809 2418 829 ,
2475 770 2548 838 μὴ
2610 771 3091 840 συνεφελκομένων
3143 772 3440 839 ἀναγκαίως
3485 774 3534 825 ὲν
3573 778 3673 828 πᾶσι

2174 860 2387 921 τούτοις
2422 862 2530 912 τῶν
2584 862 2705 914 καθ’
2750 861 2992 935 ἑκάστην
3047 880 3137 931 μοι
3171 865 3466 930 συστοιχίαν
3505 865 3676 919 ἀπολει-

2178 951 2424 1020 φθέντων
2502 954 2883 1022 μηδεπωσοῠν.
2977 953 3101 1006 Ἐπὶ
3164 952 3219 1007 δὲ
3285 952 3374 1005 τοῦ
3436 954 3547 1006 Υίοῦ
3611 958 3680 1010 καὶ

2768 1047 2869 1100 οὐκ
2939 1047 3085 1098 ἔστιν
3134 1046 3266 1107 ὅλως
3299 1043 3384 1096 τὸν
3432 1042 3542 1095 Yle
3588 1046 3682 1114 νοῆ.

2182 1152 2275 1188 σαι
2306 1176 2321 1197 ,
2386 1136 2459 1206 μὴ
2528 1139 2589 1189 τὸ
2637 1138 2868 1208 Πνεῦμα
2948 1136 3433 1206 συνεπαγόμενον,
3487 1136 3589 1188 οὐδὲ
3640 1137 3683 1187 τὸ

2182 1228 2404 1298 Πνεῦμα
2435 1229 2714 1299 θεωρῆσαι
2767 1232 2841 1301 μὴ
2870 1229 2947 1300 τῷ
2982 1229 3095 1298 Υἱῷ
3127 1229 3455 1297 συνημμένον
3487 1224 3684 1295 ἀδιεχῶς,

2180 1322 2372 1390 ὥσπερ
2428 1322 2566 1375 κάπὶ
2619 1324 2713 1375 τοῦ
2765 1322 2896 1391 παρ’
2947 1323 3083 1390 ἡμῖν
3110 1321 3269 1388 λόγου
3305 1320 3395 1371 καὶ
3436 1318 3686 1386 πνεύματος

2180 1412 2289 1464 τῶν
2345 1415 2435 1464 καὶ
2487 1414 2689 1482 μᾶλλον
2724 1414 2838 1475 τοῖς
2893 1412 3182 1480 θεοσόφοις
3228 1411 3334 1462 τῶν
3363 1410 3593 1478 Πατέρων
3622 1409 3685 1459 ἐπὶ

2181 1503 2282 1571 τῆς
2344 1502 2627 1571 θεολογίας
2680 1503 3116 1572 λαμϐανομένων
3167 1499 3515 1569 συμϐολικῶς⁶
3552 1491 3612 1550 ὧν
3651 1496 3692 1547 τὸ

2181 1596 2372 1667 ἕτερον
2398 1597 2485 1649 διὰ
2515 1596 2609 1649 τοῦ
2644 1597 2857 1667 ἐτέρου,
2891 1594 3144 1648 τουτέστι
3187 1593 3247 1645 τὺ
3278 1591 3486 1660 πνεῦμα
3532 1589 3605 1641 διὰ
3626 1586 3692 1638 τοῦ

2185 1686 2342 1753 λόγου
2371 1687 2619 1756 πρόεισιν
2654 1687 2902 1758 ἐναργῶς
2955 1689 3018 1740 ὲκ
3047 1685 3143 1739 τοῦ
3177 1682 3291 1747 νοῦ,
3320 1680 3587 1735 κάντεῦθεν
3628 1679 3696 1730 καὶ

2188 1780 2288 1848 τὴν
2353 1779 2718 1848 ἀλληλουχίαν
2784 1777 3076 1830 πλουτοῦσι
3143 1777 3238 1828 καὶ
3294 1775 3387 1843 τὴν
3437 1770 3696 1835 συνάφειαν.

2177 1045 2272 1097 τοῦ
2345 1046 2682 1116 Πνεύματος,

497 1882 564 1922 eo
596 1883 659 1920 ex
694 1867 854 1923 Patre
903 1872 1149 1937 exsistit;
1187 1873 1267 1926 sic
1335 1875 1480 1926 enim
1534 1883 1590 1927 ct
1637 1873 1689 1926 in
1743 1873 1848 1926 illis
1891 1874 2080 1939 pritris

2199 1872 2348 1922 Ὠστε
2376 1870 2469 1922 καὶ
2490 1870 2551 1922 τὸ
2583 1870 2808 1938 Πνεῦμα
2838 1869 2899 1922 τδ
2928 1869 3086 1935 ἆγιον
3117 1869 3177 1921 οὐ
3211 1867 3499 1919 συννοεῖται
3532 1860 3598 1930 τῷ
3620 1860 3699 1926 Υἱῷ

504 1959 822 2027 coniugatis
878 1976 988 2014 uno
1029 1970 1314 2029 assumpto
1359 1975 1678 2030 sequeretur
1715 1975 1765 2014 et
1795 1963 2026 2015 alterum
2068 1979 2080 2014 :

502 2051 667 2104 simul
720 2051 867 2105 enim
930 2068 996 2106 ex
1061 2054 1286 2121 proprio
1334 2054 1605 2122 principio
1657 2064 1885 2122 utraque
1925 2064 2085 2106 sunt.

500 2141 661 2198 Nunc
715 2158 845 2198 vero
894 2159 981 2198 res
1036 2145 1198 2198 aliter
1236 2160 1296 2200 se
1327 2146 1509 2208 habet,
1562 2146 1704 2213 quod
1760 2160 1927 2199 unum
1992 2159 2086 2213 per

503 2237 651 2289 aliud
693 2251 917 2304 prorsus
949 2252 1056 2291 non
1103 2245 1205 2291 est.
1276 2239 1445 2306 Igitur
1493 2239 1873 2307 inseparabilis
1926 2246 2008 2291 est
2056 2252 2087 2291 a

508 2326 643 2380 Filio
698 2328 936 2397 Spiritus
994 2314 1237 2393 sanctus,
1288 2331 1432 2398 quod
1472 2346 1571 2399 per
1618 2331 1796 2398 ipsum
1839 2345 1868 2383 a
1930 2329 2090 2383 Patre

507 2420 884 2473 exsistentiam
917 2421 1099 2474 habet.
1135 2421 1605 2486 Quemadmodum
1629 2422 1791 2474 etiam
1819 2422 2093 2474 humanus

502 2510 665 2564 ﬂatus
716 2527 742 2564 a
775 2522 958 2565 mente
998 2528 1094 2582 per
1117 2530 1425 2567 sermonem
1453 2514 1753 2582 egreditur.
1802 2512 1953 2567 Licet
1976 2515 2093 2566 haec

503 2620 725 2673 quoque
757 2608 1081 2674 gravissime
1105 2609 1454 2672 dissentiant,
1490 2622 1588 2661 nec
1623 2610 1734 2660 ullo
1771 2608 1928 2659 modo
1954 2620 2086 2659 con-

503 2698 728 2749 veniant
761 2707 1018 2767 tanquam
1052 2714 1173 2768 qua:
1201 2699 1405 2767 absque
1434 2699 1538 2768 Ityp
1577 2700 1707 2751 stasi
1736 2705 1879 2750 sunt,
1911 2695 1973 2750 Et
2003 2710 2091 2751 so-

507 2788 645 2839 lutio
677 2804 920 2856 prmsens
950 2791 1123 2858 aequis
1146 2791 1489 2844 auditoribus
1513 2790 1726 2843 abunde
1760 2790 1941 2843 fuerit.

2182 1962 2271 2015 διὰ
2294 1963 2352 2013 τὸ
2385 1964 2758 2032 συνυπάρχειν
2785 1962 2933 2030 αὐτῷ
2983 1961 3136 2030 παρὰ
3165 1960 3262 2012 τοῦ
3319 1956 3535 2025 Πατρός·
3621 1954 3699 2019 γὰρ

2184 2053 2250 2107 ἂν
2272 2056 2404 2107 κάπὶ
2437 2054 2546 2106 τῶν
2603 2054 2835 2122 πρώτων
2900 2054 3126 2105 ἐκείνων
3182 2051 3453 2119 συξυγιῶν
3495 2046 3575 2100 τοῦ
3616 2045 3701 2105 ὲνδς

2184 2145 2602 2213 λαμϐανομένου
2637 2145 3020 2215 συνηκολούθει
3053 2147 3148 2198 καὶ
3175 2146 3236 2196 τὸ
3282 2140 3479 2195 λοιπόν·
3507 2139 3605 2207 ἅμα
3623 2138 3701 2203 γὰρ

2186 2239 2251 2290 ὲκ
2277 2239 2380 2305 τῆς
2410 2237 2617 2300 οἰκείας
2662 2239 2835 2307 ἀρχῆς
2877 2238 2971 2289 καὶ
3038 2236 3350 2306 ἀμφότερα.
3400 2232 3502 2286 Νῦν
3546 2230 3591 2282 δὲ
3632 2228 3701 2296 οὐκ

2188 2329 2351 2382 οῦτω*
2382 2330 2601 2392 πάντως
2633 2331 2713 2383 ὅτι
2750 2334 2823 2398 μὴ
2851 2327 2940 2379 διὰ
2976 2328 3070 2379 τοῦ
3105 2328 3296 2396 ἐτέρου
3347 2326 3405 2378 τδ
3441 2325 3607 2389 ἕτερον
3638 2319 3694 2369 rci-

2193 2438 2380 2489 φυκεν.
2426 2422 2637 2474 Οὐκοῦν
2674 2420 2979 2491 ἀχώριστον
3035 2420 3133 2471 τοῦ
3183 2418 3314 2471 Υἰοῦ
3341 2416 3397 2470 τὸ
3448 2413 3640 2480 Πνεῦμα
3660 2409 3697 2459 εδ

2195 2514 2373 2580 ἅγιον,
2404 2514 2484 2565 ὅτι
2512 2510 2583 2565 δι’
2617 2513 2780 2565 αὐτοῦ
2814 2514 2911 2582 τὴν
2943 2512 3182 2582 ὓπαρξιν
3211 2512 3321 2580 ἔχει
3352 2508 3493 2577 παρὰ
3519 2501 3701 2571 Πατρδῖ’

2193 2607 2266 2666 ὡς
2299 2607 2394 2657 καὶ
2425 2606 2486 2657 τὸ
2526 2605 2624 2657 τοῦ
2672 2604 2967 2674 ἀνθρώπου
2995 2604 3220 2673 πνεῦμα
3254 2601 3399 2671 παρά
3429 2598 3515 2651 τοῦ
3552 2593 3623 2647 νοῦ
3647 2590 3708 2642 δαὶ

2195 2697 2293 2749 τοῦ
2319 2697 2481 2765 λόγου
2528 2698 2879 2767 προέρχεται·
2946 2698 3052 2750 κᾶν
3116 2700 3198 2751 ὅτι
3247 2694 3477 2766 μάλιστα
3505 2682 3710 2739 πολὺκαὶ

2204 2789 2379 2841 ταῦτα
2409 2789 2469 2841 τὸ
2500 2790 2846 2859 ἀπεμφαῖνον
2870 2789 3165 2857 αὐχοῦσιν,
3202 2788 3276 2850 ὡς
3310 2784 3625 2842 ἀνυπόστατα
3644 2772 3714 2825 καὶ

509 2878 829 2931 ἀπεοικότα.
904 2879 1174 2934 Ἐνταῦθὰ
1228 2897 1318 2949 μοι
1376 2881 1469 2932 καὶ
1517 2880 1589 2932 τὰ
1650 2881 1749 2949 τῆς
1801 2879 2083 2949 παρούσης
2150 2878 2469 2948 ἀρκούντως
2517 2882 2630 2941 τοῖς
2666 2877 2977 2948 εὐγνώμοσι
3006 2879 3119 2931 τῶν
3146 2876 3429 2946 ἀκροατῶν
3460 2867 3715 2924 ἀποδέδοται

507 2969 736 3033 λύσεως.

584 3125 674 3179 99.
704 3124 838 3179 Cum
891 3140 1020 3180 vero
1059 3127 1229 3182 semel
1270 3127 1334 3180 ad
1383 3143 1665 3183 sertttones
1712 3128 1779 3181 de
1827 3127 2089 3197 exemplis

511 3227 699 3270 nostra
735 3216 911 3268 oratio
949 3231 1238 3285 progressa
1268 3227 1374 3281 est,
1415 3235 1525 3271 nun
1578 3219 1678 3273 abs
1705 3232 1762 3272 re
1794 3216 1960 3272 fuerit
1985 3220 2092 3281 illa,

513 3322 636 3373 qua:
665 3307 876 3361 scilicet
906 3307 960 3361 in
992 3308 1232 3376 propriis
1255 3310 1665 3362 commentariis
1700 3310 1915 3378 pietatis
1941 3308 2098 3363 insti-

525 3408 737 3452 tutores
772 3413 834 3452 ac
865 3400 1113 3468 magistri
1150 3410 1512 3468 usurparunt,
1544 3401 1619 3453 uti
1652 3410 1803 3461 sunt,
1856 3400 1910 3454 in
1968 3416 2098 3455 exa-

519 3505 644 3542 men
715 3490 1022 3554 adducere,
1083 3490 1224 3559 quod
1300 3488 1441 3543 forte
1496 3491 1797 3561 legentibus
1851 3498 2099 3561 peream;

518 3582 739 3636 modum
797 3581 975 3635 cadet.
1036 3580 1261 3636 Oculum
1315 3583 1635 3648 quemdam,
1690 3596 1735 3637 et
1793 3586 2015 3653 fontem,
2051 3591 2098 3637 et

520 3675 766 3742 ﬂuvium,
831 3691 1064 3744 magnus
1093 3676 1410 3746 Gregorius.
1454 3680 1539 3732 cui
1588 3693 1617 3731 a
1666 3680 1944 3747 theologia
1977 3696 2103 3749 cog-

518 3779 717 3818 nomen
747 3773 853 3829 est,
889 3768 1134 3820 oratione
1157 3768 1224 3820 de
1258 3764 1467 3835 Spiritu
1501 3779 1696 3822 sancto
1732 3773 1828 3834 ait,
1857 3772 2101 3825 conside-

520 3861 655 3912 ravi.
693 3856 759 3912 Et
794 3858 908 3912 lucc
943 3874 1008 3914 ex
1076 3858 1201 3913 aliis
1254 3859 1347 3928 qui
1390 3870 1515 3914 ante
1548 3861 1724 3930 ipsum
1766 3861 2101 3929 claruerunt,

522 3967 648 4003 cum
678 3951 1029 4020 explicasset,
1061 3950 1221 4005 sicuti
1253 3950 1395 4003 idem
1427 3960 1676 4017 testatur,
1699 3952 1858 4005 oculo
1885 3952 2101 4020 quidem

522 4042 766 4105 Patrem,
799 4042 933 4096 fonti
970 4041 1191 4109 Filium,
1222 4042 1387 4095 ﬂuvio
1416 4041 1679 4112 Spiritum
1713 4055 1961 4098 sanctum
1984 4060 2107 4114 pro-

485 4134 781 4204 vportioue
834 4135 1070 4203 quadam
1106 4135 1456 4205 respondere
1504 4150 1767 4190 assensus
1817 4145 1936 4203 est;
1978 4137 2108 4191 licet

528 4228 638 4283 alio
676 4227 839 4281 modo
875 4230 989 4282 bare
1032 4229 1221 4282 eadem
1278 4244 1477 4283 rursus
1514 4230 1792 4291 vitaverit,
1837 4230 2107 4283 reveritus

527 4318 795 4390 primum.
824 4333 891 4372 ne
936 4319 989 4372 in
1022 4318 1311 4373 divinitate
1351 4319 1588 4385 ﬂuxum,
1639 4322 1953 4375 ﬁrmitatem
1986 4318 2109 4373 nul-

531 4409 640 4464 lam
684 4409 974 4463 habentem
1003 4427 1018 4476 ;
1077 4411 1407 4474 secundum,
1440 4413 1514 4465 uti
1542 4412 1636 4466 illa
1677 4427 1905 4467 numero
1938 4426 2109 4467 unum

529 4509 680 4565 sunt,
722 4501 795 4556 ita
843 4511 901 4556 et
931 4500 1255 4557 Trinitatem
1294 4519 1464 4557 unum
1514 4518 1635 4558 esse
1682 4503 2108 4572 suspicaremur.
2140 4539 2190 4599 ο

531 4594 637 4648 Sed
662 4595 920 4649 absurdis
948 4595 1099 4649 hisce
1131 4595 1375 4663 rejectis,
1411 4595 1643 4665 reliquis
1670 4597 1947 4662 omnibus,
1987 4613 2111 4667 qua:

529 4687 586 4741 in
644 4686 752 4741 illis
818 4688 1262 4751 considerantur,
1310 4703 1595 4742 assensum
1670 4688 1925 4757 praebuit.
1962 4688 2114 4749 Hanc

526 4792 639 4848 ego
667 4779 919 4832 sitnilitex
942 4779 1234 4849 imaginem
1265 4795 1574 4841 assumens,
1607 4781 1752 4849 quod
1788 4796 1855 4834 ex
1890 4781 1978 4834 illa
2003 4782 2117 4835 col-
2150 4798 2155 4803 '

534 4860 724 4935 ligitur
758 4868 1092 4937 explanabo.
1126 4869 1625 4934 Quemadmodum,
1671 4869 1878 4933 dit-ens,
1917 4870 2115 4927 ﬂuvius

530 4976 599 5014 ex
626 4960 787 5014 oculo
824 4977 919 5029 per
949 4963 1150 5015 fontem
1180 4963 1500 5026 eﬂ'unditur,
1534 4963 1605 5016 ita
1635 4974 1683 5017 et
1723 4960 1959 5031 Spiritus
1988 4979 2117 5020 san-

536 5067 658 5107 ctus
688 5069 751 5109 ex
797 5052 956 5107 Patre
988 5070 1080 5123 per
1116 5054 1307 5108 Filium
1344 5057 1709 5128 progreditur.
1739 5057 1949 5112 Rursus
1978 5076 1991 5113 :
2020 5057 2118 5113 So-

540 5152 640 5202 lem
689 5149 867 5201 animo
900 5150 1133 5217 concepi,
1176 5149 1554 5207 divinissiutus
1604 5151 1691 5204 ltie
1726 5151 1885 5205 Pater
1914 5152 1983 5207 de
2023 5154 2118 5206 iis-

536 5243 658 5295 tletn
706 5242 759 5294 in
793 5242 982 5296 eadem
1018 5244 1265 5296 Oratione
1293 5245 1697 5312 cotnp'ectitur,
1722 5254 1769 5298 et
1798 5246 2033 5309 radium,
2066 5253 2113 5298 et

541 5334 737 5386 (mimi.
769 5330 918 5385 Licet
942 5333 1048 5387 alio
1093 5335 1256 5388 modo
1283 5335 1429 5389 illico
1480 5335 1689 5390 dictum
1744 5338 2117 5399 declinaverit,

542 5425 781 5492 primunt
812 5426 1035 5488 timens,
1069 5443 1137 5480 ne
1170 5429 1617 5496 compositionem
1645 5429 1882 5496 aliquam
1914 5442 2123 5485 naturae

542 5519 925 5587 incompositae.
984 5519 1431 5588 intelligeretnus,
1492 5522 1724 5575 alterum
1789 5538 1857 5575 ne
1906 5522 2118 5576 Patrem

545 5610 721 5665 solum
749 5610 1030 5679 bypostasi
1058 5612 1345 5665 donemus.
1378 5611 1473 5665 llis
1498 5613 1574 5666 uti
1602 5627 1707 5665 non
1732 5613 1940 5681 integre
1961 5614 2122 5668 dictis

543 5702 791 5767 mitissis,
811 5704 1017 5771 reliqua
1054 5703 1238 5757 omnia
1269 5703 1524 5771 imaginis
1550 5705 1795 5759 admisit.
1824 5705 1875 5759 ld
1905 5721 2124 5776 quoque

546 5804 603 5847 et
626 5812 723 5865 ego
758 5795 1057 5851 admittens
1085 5797 1419 5865 exemplum,
1456 5797 1598 5867 quod
1631 5798 1755 5853 inde
1781 5798 2124 5855 demonstra-

2833 2994 2863 3010 δ

2272 3126 2377 3179 κθ⁹.
2419 3124 2573 3178 Ἐπεὶ
2595 3124 2641 3178 δ’
2672 3124 2820 3189 ἅπαξ
2852 3126 2934 3187 εἰς
2979 3126 3105 3186 τοὺς
3147 3125 3276 3192 περὶ
3303 3123 3408 3175 τῶν
3439 3111 3716 3182 ὑποδειγμά-

2198 3236 2308 3272 των
2331 3218 2527 3284 λόγους
2551 3219 2790 3284 κατέστη
2802 3232 2921 3284 μεν,
2987 3215 3157 3269 καλὸν
3192 3216 3258 3267 ἂν
3287 3216 3372 3282 εῐη
3416 3212 3504 3264 καὶ
3537 3209 3597 3260 τὰ
3622 3204 3718 3271 περὶ

2196 3310 2421 3374 τούτων,
2467 3312 2568 3362 ὅσα
2605 3308 2806 3379 δηλαδὴ
2838 3312 2950 3370 τοῖς
2999 3310 3230 3372 οἰκείοις
3276 3309 3666 3376 συγγράμμασιν
3685 3296 3720 3345 οἱ

2199 3403 2297 3472 τῆς
2331 3399 2621 3463 εὐσεϐείας
2661 3401 2880 3464 ἐξεῖπον
2911 3400 3263 3467 στοιχειωταὶ
3294 3397 3388 3450 καὶ
3446 3388 3720 3446 διδάσκαλοιι

2200 3490 2456 3562 καθάπερ
2509 3493 2647 3553 ἐστὶ,
2720 3490 3035 3556 διεξελθεῖν,
3072 3490 3211 3553 ἴσως
3252 3492 3316 3541 ὲκ
3363 3486 3558 3539 τούτων
3600 3480 3723 3530 πλέον

2200 3585 2266 3638 ἄν
2296 3584 2581 3651 τιγένοιτο
2607 3584 2718 3643 τοῖς
2751 3581 3183 3651 ἐντυγχάνουσιν
3213 3569 3725 3649 ὅςρελος.’οφθαλμόν

2201 3691 2336 3728 τινα
2375 3676 2472 3727 καὶ
2507 3676 2736 3741 πηγὴν,
2777 3673 2877 3727 καὶ
2935 3674 3230 3742 ποταμὸν,
3270 3675 3298 3725 ό
3339 3672 3505 3741 μέγας
3558 3657 3725 3732 Γρηγόο

2205 3780 2319 3834 pio;
2347 3766 2376 3815 ὁ
2398 3766 2496 3834 τῆς
2523 3764 2804 3832 θεολογίας
2838 3764 3129 3832 ἐπώνυμος
3169 3768 3226 3817 ὲν
3258 3764 3334 3834 τῷ
3362 3762 3485 3832 περὶ
3522 3754 3723 3821 Πνεύμα-

2202 3857 2293 3922 τός
2322 3873 2509 3927 φησιν.
2537 3856 2863 3924 ἐνενόησα,
2892 3857 2988 3909 καὶ
3017 3855 3197 3909 ταῦτα
3227 3856 3346 3908 κατ’
3379 3853 3562 3911 ἄλλους
3586 3849 3726 3909 ἀπαγ-

2204 3949 2394 4015 γείλας
2420 3948 2531 4002 τῶν
2563 3950 2670 4019 πρὸ
2697 3950 2886 4013 αὐτοῦ,
2917 3949 3101 4012 καθὼς
3143 3951 3306 4010 αὐτὸς
3336 3939 3484 4000 οὗτος
3537 3942 3726 4006 statur-

2206 4040 2452 4111 τύρεται,
2475 4040 2553 4110 τῷ
2586 4044 2687 4109 μὲν
2715 4041 2806 4094 τὸν
2841 4041 3085 4111 Πατέρα,
3111 4044 3181 4111 τῇ
3214 4041 3271 4093 δὲ
3301 4042 3390 4093 τὸν
3436 4038 3574 4097 Υίὸν,
3601 4030 3663 4097 τῷ
3686 4026 3726 4076 δὲ

2205 4135 2267 4188 τὸ
2312 4134 2537 4203 Πνεῦμα
2575 4134 2636 4187 τὸ
2660 4133 2818 4203 ἅγιον
2858 4134 3142 4202 ἀναλόγως
3194 4134 3341 4202 ἔχειν
3379 4120 3728 4186 συνέθετο,κὶν

2206 4216 2258 4282 sl
2292 4228 2493 4300 τρόπον
2526 4227 2716 4297 ἕτερον
2766 4232 2835 4281 τα
2883 4228 3013 4297 περὶ
3061 4229 3271 4280 τούτων
3325 4224 3474 4285 αὖθις
3518 4218 3726 4285 ἐξέφυγε·

2207 4322 2389 4384 δείσας
2419 4320 2613 4391 πρῶτα
2654 4320 2755 4390 μὲν
2783 4320 2857 4390 μὴ
2890 4320 3052 4390 ῥύσιν
3075 4321 3199 4372 τινὰ
3229 4318 3483 4386 θεότητος
3504 4304 3727 4366 tinam-tio

2211 4430 2417 4483 σωμεν,
2450 4412 2639 4467 στάσιν
2671 4413 2748 4482 μὴ
2775 4413 3031 4483 ἔχουσαν,
3081 4414 3337 4482 δεύτερον
3385 4410 3438 4462 δὲ
3464 4407 3526 4459 τὸ
3543 4405 3595 4457 ἓν
3622 4393 3729 4453 εἶναι

2214 4503 2314 4575 τὴν
2343 4503 2569 4574 Τριάδα,
2602 4504 2855 4573 καθάπερ
2884 4505 3066 4556 ἐκεῖνα
3096 4502 3173 4571 τῷ
3206 4500 3444 4571 ἀριθμῷ.
3476 4494 3667 4550 Τούτων
3691 4486 3732 4538 δὲ

2215 4599 2325 4651 τῶν
2358 4598 2577 4651 ἀτόπων
2606 4596 3043 4666 ὑπεξῃρημένων
3080 4598 3189 4648 πᾶν
3238 4595 3366 4649 ἄλλο
3409 4586 3732 4658 θεωρούμενον

2216 4694 2275 4745 ἐν
2300 4694 2415 4754 τοῖς
2443 4690 2706 4753 τοιούτοις
2734 4691 3075 4759 προσήκατο.
3112 4689 3333 4757 Ταύτην
3361 4683 3604 4739 ὡσαύτως
3631 4676 3736 4726 ἀπ’

2215 4784 2504 4853 δεχόμενος
2528 4781 2686 4849 κάγὼ
2713 4783 2812 4850 τὴν
2838 4781 3045 4843 εἰκόνα,
3072 4782 3134 4833 τὸ
3157 4781 3216 4844 ἐξ
3264 4780 3431 4847 αὐτῆς
3481 4765 3735 4861 διατρινῶξ

2221 4875 2617 4943 συναγόμενον
2652 4874 2865 4942 Ὥσπερ
2894 4910 2909 4935 ,
2959 4871 3159 4940 λέγων,
3218 4875 3248 4924 ὁ
3312 4865 3542 4937 ποταμὸς
3591 4863 3645 4913 ἑκ
3667 4871 3736 4906 τθυ

2218 4964 2504 5033 ὀφθαλμοῦ
2563 4967 2849 5033 προχεῖται
2880 4963 2969 5017 διὰ
3025 4965 3125 5033 τῆς
3159 4963 3360 5032 πηγῆς,
3408 4958 3542 5009 οὕτω
3576 4951 3657 5005 καὶ
3693 4943 3738 4997 τὸ

2220 5056 2444 5128 Πνεῦμα
2473 5058 2530 5109 τὸ
2570 5056 2725 5122 ἅγιον
2756 5059 2821 5108 ὲκ
2855 5055 2952 5108 τοῦ
2981 5056 3190 5125 Πατρὸς
3213 5054 3300 5107 διὰ
3331 5051 3421 5105 τοῦ
3445 5035 3736 5142 Μονογενοῗς

2221 5151 2515 5223 προχωρεῖ.
2545 5151 2711 5202 Πάλιν
2738 5168 2751 5182 ·
2785 5151 3001 5204 ’Ἥλιον
3032 5148 3424 5215 ἐνεθυμήθην,
3454 5143 3480 5196 ὁ
3507 5136 3739 5228 πολὺς-οξ

2221 5261 2312 5305 τος
2339 5244 2407 5295 τὰ
2461 5241 2578 5294 θεῖα
2641 5242 2830 5307 Πατὴρ
2867 5242 3136 5309 περὶτῶν
3185 5238 3363 5289 αὐτῶν
3418 5235 3474 5285 ἐν
3515 5228 3582 5296 τῷ
3621 5222 3738 5285 αὖτφ

2220 5334 2600 5403 διαλαμϐάνει,
2683 5333 2782 5385 καὶ
2841 5332 3074 5394 ἀκτῖνα,
3117 5330 3211 5384 καὶ
3275 5327 3395 5397 φῶς
3423 5341 3436 5355 ·
3467 5322 3559 5377 κᾶν
3603 5312 3741 5403 ἄλλως

2223 5397 2504 5487 εὐθὺς-τὸν
2567 5425 2727 5489 λόγον
2782 5421 3078 5486 ἐξέκλινεν,
3136 5420 3194 5471 ἓν
3250 5422 3345 5483 μὲν
3391 5410 3637 5481 τποηθεὶςν
3682 5397 3740 5466 μὴ

2226 5518 2480 5571 σύνθεσίν
2503 5534 2530 5569 τ
2560 5534 2625 5569 να
2656 5517 2951 5567 ἁσυνθὲτου
2978 5519 3192 5580 φύσεως
3240 5510 3613 5576 ἐπινοήσωμεν
3649 5496 3739 5546 ἔτε-

2226 5627 2320 5680 ρον
2356 5610 2433 5673 δὲ,
2489 5611 2562 5678 μὴ
2617 5611 2708 5660 τὶν
2763 5609 2979 5676 Πατέρα
3036 5609 3137 5672 μὲν
3192 5583 3736 5680 ὑποστησωμενντωνδξ

2226 5703 2445 5764 πάντως
2489 5703 2584 5754 ᾶτε
2618 5700 2802 5762 κακῶς
2833 5701 3069 5768 ἐχόντων
3110 5695 3497 5751 ἀπελαθέντων,
3520 5685 3661 5737 τᾶλλα
3686 5669 3737 5721 τὰ

2228 5794 2435 5849 τούτων
2514 5793 2731 5846 ἅπαντα
2813 5791 3170 5862 παρεδέξατο.
3252 5784 3415 5839 ’1ὀῦῖο
3491 5768 3734 5845 προσιέμε·

3804 515 3805 589 1

3805 608 3807 683 1

3808 712 3809 757 1

3812 918 3813 1003 1
