3970 6398
243 344 384 409 1089

1095 348 1189 407 DE
1234 346 1755 409 PROCESSIONE
1797 346 1858 406 S.
1907 347 2270 410 SPIRlTUS
2315 348 2537 413 ORAT.
2584 352 2635 413 ῐ.

3367 355 3506 419 109Ἱ

237 475 329 520 νος
367 457 569 525 ὁμοίως
624 456 778 526 κάγὼ
828 459 885 512 τὸ
929 461 1253 531 ὑπόδειγμα,
1307 466 1367 515 τὸ
1401 462 1651 516 ἐντεῦθεν
1703 476 1835 517 ava-

1941 473 2052 529 tur,
2078 467 2274 530 edico,
2325 466 2816 535 Quemadmodum,
2881 469 3093 532 dicens,
3154 486 3221 526 ex
3269 452 3385 527 sole
3417 488 3511 542 per

238 549 499 617 κηρύττω
527 549 910 618 δεικνύμενον’
954 552 1168 623 Ὥσπερ
1212 553 1341 621 γὰρ,
1381 553 1578 621 λέγων,
1621 556 1685 607 ὲκ
1727 555 1823 606 τοῦ

241 642 400 710 ἡλίου
441 642 528 694 διὰ
555 642 656 709 τῆς
686 643 902 703 ἀκτῖνος
953 644 1240 698 ἀνατέλλει
1270 649 1331 698 τὸ
1372 647 1506 713 φῶς,
1540 646 1683 699 οὕτω
1731 647 1827 699 καὶ

241 734 303 786 τὸ
335 733 565 801 Πνεῦμα
617 735 678 786 τὸ
744 734 901 800 ἅγιον
972 737 1223 806 πρόεισιν
1272 740 1335 791 ἐκ
1369 737 1464 791 τοῦ
1496 738 1709 807 Πατρδς
1738 738 1826 792 διὰ

240 824 337 876 τοῦ
372 822 524 876 Υίοῦ.
572 825 677 876 Καὶ
717 825 888 877 ταῦτα
934 827 1032 894 μὲν
1066 829 1092 879 ὁ
1130 827 1395 897 οεηγόρος
1453 822 1633 892 οὗτος,
1669 830 1697 881 ὁ
1727 830 1826 897 τῆς

235 916 495 986 ἀληθείας
522 916 732 988 μύστης
761 934 819 969 τε
852 908 947 969 καὶ
978 921 1360 987 μυσταγωγὸς,
1404 919 1462 985 ἐξ
1512 920 1711 984 ἄλλων,
1751 920 1827 983 ὡς

245 1010 415 1070 αὐτὸς
485 1010 757 1080 ἐδήλωσε,
825 1011 894 1063 τὰ
955 1011 1084 1076 περὶ
1146 1012 1356 1065 τούτων
1415 1012 1822 1084 διαδεξάμενος.

240 1103 466 1175 Ἐτεροι
500 1103 557 1156 δὲ
596 1103 704 1154 τῶν
738 1103 909 1169 ἁγίων
955 1104 1218 1173 Πατὲρων
1281 1104 1403 1172 πῦρ
1435 1105 1693 1175 εἰρήκασι
1724 1108 1823 1160 καί

236 1190 439 1265 φλόγα
466 1194 564 1248 καὶ
592 1193 738 1264 φῶς·
765 1197 814 1247 οἱ
843 1196 898 1247 δὲ
951 1192 1143 1261 ρίζὶιν,
1179 1195 1412 1250 κλάδον
1439 1215 1503 1251 τε
1532 1199 1630 1251 καί
1684 1217 1827 1267 καρ-

237 1287 380 1348 πὸν,
402 1282 477 1338 ὧν
494 1284 572 1348 εἷς
590 1288 705 1338 ἐστι
734 1286 828 1338 καὶ
852 1285 1118 1355 Κύριλλος
1134 1290 1161 1339 ό
1180 1288 1476 1350 θειότατος,
1501 1290 1595 1342 καὶ
1614 1291 1826 1353 τούτοις

239 1377 340 1445 τὴν
369 1376 530 1430 ᾶῦλον
554 1378 741 1428 οὐσίαν
769 1378 986 1444 ἐκείνην
1023 1377 1317 1444 ἐσήμανεν.
1375 1378 1463 1439 Ὠς
1490 1377 1694 1441 τοίνυν,
1738 1379 1824 1431 ῐνα

176 1512 180 1516 ,
248 1469 325 1537 μὴ
368 1468 581 1537 μακρὸν
642 1468 992 1534 ἀποτείναιμι
1025 1467 1205 1534 λόγον,
1262 1468 1351 1521 διὰ
1379 1471 1477 1538 τῆς
1527 1471 1725 1539 φλογὸς
1763 1474 1826 1524 ὲκ

241 1560 337 1613 τοῦ
372 1561 542 1629 πυρὸς
572 1559 843 1628 ἐκλάμπει
876 1559 937 1612 τὸ
961 1559 1098 1628 φῶς,
1148 1564 1244 1614 καὶ
1275 1563 1303 1614 ὁ
1333 1563 1547 1632 καρπὸς
1606 1565 1672 1617 ὲκ
1723 1565 1825 1634 τῆς

241 1651 400 1721 ῥίζης
435 1653 522 1704 διὰ
546 1651 643 1704 τοῦ
674 1652 870 1705 κλάδου
895 1652 1283 1720 προϐάλλεται·
1322 1655 1415 1707 τὸν
1435 1656 1600 1709 αὐτὸν
1625 1660 1824 1728 τρόπον

239 1744 304 1795 ὲκ
333 1743 428 1794 τοῦ
462 1742 674 1810 Πατρὸς
708 1743 1053 1811 ἐκπέμπεται
1090 1743 1179 1796 διὰ
1214 1743 1309 1797 τοῦ
1343 1745 1475 1798 Υίοῦ
1511 1745 1572 1799 τὸ
1599 1747 1824 1815 Πνεῦμα

239 1836 302 1888 τὸ
332 1836 508 1904 ἅγιον.
538 1834 681 1902 Πρὸς
708 1834 922 1897 τούτοις
954 1836 1002 1888 οἱ
1045 1834 1268 1900 πλείους
1304 1836 1493 1911 σχεδὸν
1530 1841 1690 1908 χεῖρα
1726 1841 1824 1907 μὲν

146 1954 159 1969 ι
216 1926 333 1986 ,τὸν
367 1924 493 1980 Υἱόν
520 1923 663 1977 κατὰ
687 1923 771 1987 τὸ,
790 1922 938 1991 Οὐχὶ
968 1924 1008 1991 ἡ
1037 1925 1167 1992 χείρ
1202 1943 1318 1992 μου
1348 1926 1601 1994 ἐποίησε
1639 1928 1827 1981 ταῦτα

239 2017 458 2082 πάντα,
523 2017 624 2069 καὶ
679 2014 833 2081 αὕτη
873 2017 911 2083 ἡ
956 2016 1287 2082 ἀλλοίωσις
1339 2018 1451 2084 τῆς
1482 2018 1689 2085 δεξιᾶς
1717 2019 1825 2073 τοῦ

254 2107 554 2174 ’Υψίστυυ
579 2122 597 2170 ;
626 2105 716 2159 διὰ
744 2105 843 2173 τὴν
868 2106 932 2158 ἐκ
958 2106 1058 2174 τῆς
1104 2107 1469 2174 παλαιότητος
1521 2110 1615 2162 τοῦ
1651 2112 1825 2181 φυρά-

250 2215 420 2267 ματος
460 2197 827 2260 ἀνακαίνισιν,
871 2196 967 2249 καὶ
1011 2196 1095 2249 ὅτι
1136 2215 1243 2269 περ
1272 2182 1428 2253 οὐδέν
1462 2202 1825 2273 ἐπαρίστερον

236 2288 316 2357 τῷ
345 2286 487 2357 Θεῷ,
519 2285 781 2338 δάκτυλον
814 2285 871 2338 δὲ
899 2287 964 2337 τὸ
994 2286 1223 2355 Πνεῦμα
1263 2289 1325 2340 τὸ
1376 2288 1533 2355 ἅγιον
1582 2293 1824 2342 κατωνό-

240 2396 447 2449 μασαν,
500 2382 567 2430 ὲκ
632 2378 732 2446 τῆς
774 2377 1143 2447 εὐαγγελικῆς
1198 2379 1415 2443 πυξίδος
1474 2382 1574 2449 τὴν
1622 2384 1818 2451 κλῆσιν

239 2470 446 2539 ταύτην
475 2469 622 2537 αὐτῷ
677 2469 1190 2539 προσαρμόσαντες.
1232 2470 1442 2523 Ἐκεῖσε
1489 2473 1584 2523 καὶ
1633 2472 1745 2539 γὰρ
1797 2473 1824 2522 ὀ

244 2564 431 2633 Σωτὴρ
481 2560 643 2632 ἡμῶν
692 2562 1070 2630 ἁναγράφεται
1136 2563 1216 2629 πῆ
1271 2563 1369 2631 μὲν
1425 2562 1708 2616 ἐκϐάλλειν
1766 2563 1824 2614 ἐν

244 2652 524 2722 Πνεύματι
559 2650 697 2705 Θεοῦ
759 2652 1134 2721 φθεγξάμενος
1177 2652 1247 2705 τὰ
1305 2653 1586 2722 δαιμόνια,
1656 2652 1735 2721 πῆ
1770 2654 1826 2705 δὲ

132 2731 149 2737 ’
236 2745 403 2798 πάλιν
428 2745 484 2796 ἰν
508 2742 755 2812 δακτύλῳ
789 2742 945 2807 θεοῦ,
979 2742 1242 2795 δάκτυλον
1275 2742 1409 2795 Θεοῦ
1444 2744 1826 2813 προσαγορεύ-

242 2855 343 2901 σας
369 2838 431 2890 τὸ
465 2835 690 2906 Πνεῦμα
715 2834 774 2887 τὸ
797 2835 975 2902 ἆγιον.
1009 2835 1120 2887 Καὶ
1150 2832 1310 2886 τοῦτο
1354 2833 1719 2902 διετράνωσεν
1770 2855 1823 2887 ιν

235 2935 302 3001 τῇ
334 2930 507 2999 βίϐλῳ
534 2927 642 2979 τῶν
664 2926 967 2994 Θησαυρών
1002 2927 1029 2976 ὁ
1052 2923 1514 2990 Θεολογικώτατος
1535 2926 1822 2996 Κύριλλος,

232 3020 407 3081 οὕτως
428 3018 616 3071 εἰπών·
638 3017 793 3080 Φησί
809 3030 926 3067 που
946 3012 1519 3080 Χριστὸς-Ἰουδαίοις
1539 3014 1823 3082 προσδιαο

1932 556 2147 609 radium
2176 557 2361 609 lumen
2414 559 2683 627 exoritur,
2715 561 2796 614 sic
2827 568 2882 614 et
2915 559 3156 629 Spiritus
3183 572 3410 618 sanctus
3443 577 3511 617 ex

1932 647 2091 700 Patre
2142 664 2236 713 per
2304 649 2505 703 Filium
2558 652 2830 719 provenit.
2861 651 2926 707 Et
2978 654 3096 708 haec
3138 654 3514 722 diviniloquus

1930 741 2032 794 iste
2072 741 2320 795 veritatis
2380 751 2552 811 mysta
2581 753 2633 797 et
2663 754 3012 815 mystagogus
3042 760 3108 799 ex
3131 746 3275 811 aliis,
3301 756 3360 801 ut
3395 746 3514 816 ipse

1930 831 2211 897 indicavit,
2244 843 2486 901 accepta.
2541 834 2648 887 Alii
2679 850 2845 903 porro
2882 837 3060 891 sancti
3098 837 3289 892 Patres
3324 839 3498 908 ignem

1931 920 2210 985 dixerunt,
2269 934 2315 975 et
2338 924 2636 991 ﬂammant,
2668 937 2715 979 et
2759 927 2931 980 lumen
2960 943 2979 980 :
3018 927 3109 980 alii
3144 930 3395 993 radicem,
3426 946 3515 981 rae

1929 1029 2072 1064 mum
2119 1024 2167 1066 et
2208 1018 2464 1082 fructum,
2516 1016 2658 1071 inter
2696 1032 2833 1085 quos
2885 1028 2969 1071 est
3001 1020 3379 1075 tlivinissimus
3408 1021 3515 1090 Cy—

1930 1106 2109 1169 rillus,
2151 1114 2206 1158 ct
2255 1106 2375 1160 istis
2408 1107 2829 1161 immateriatani
2869 1109 3016 1163 illam
3048 1113 3345 1165 essentiam
3401 1114 3496 1167 dn-

1930 1202 2211 1246 notarunt.
2244 1194 2717 1259 Quemadmodum
2774 1195 2956 1265 igitur,
3002 1213 3070 1252 ne.
3130 1199 3344 1269 longius
3385 1215 3513 1267 pro-

1928 1283 2126 1337 ducam
2161 1286 2467 1337 orationem
2501 1300 2596 1353 per
2625 1284 2902 1339 ﬂammam
2935 1303 3003 1341 ex
3034 1288 3155 1354 igne
3187 1290 3370 1343 lumen
3397 1292 3511 1344 elu-

1929 1384 2035 1437 cet,
2071 1384 2123 1429 et
2156 1376 2373 1431 fruetus
2432 1393 2498 1431 ex
2539 1378 2724 1432 radice
2758 1394 2854 1447 per
2901 1394 3111 1433 ramum
3167 1383 3509 1447 producitur,

1930 1467 2046 1536 pari
2090 1467 2253 1521 modo
2294 1484 2358 1521 ex
2401 1465 2563 1522 Patre
2609 1483 2708 1537 per
2749 1467 2949 1522 Filium
3009 1469 3248 1539 Spiritus
3284 1482 3511 1526 sanctus

1927 1559 2219 1612 emittitur.
2263 1557 2468 1612 Praeter
2508 1560 2608 1614 hos
2645 1542 2758 1613 εἰει-ο
2799 1561 2977 1629 major
2999 1576 3190 1637 eorum
3218 1577 3345 1629 pars
3393 1579 3506 1616 ma-

1930 1666 2086 1714 num,
2134 1649 2326 1704 Filium
2366 1688 2381 1712 ,
2423 1666 2547 1704 cum
2613 1653 2889 1705 serihatur
2933 1668 2946 1704 :
2984 1651 3181 1705 Manus
3234 1662 3327 1706 tua
3390 1655 3510 1723 fecit

1929 1744 2038 1797 htec
2064 1745 2265 1809 omnia,
2298 1753 2346 1795 et
2384 1743 2495 1798 haec
2539 1744 2844 1797 immutatio
2885 1745 3115 1798 dextera
3146 1743 3383 1808 Excelsi,
3441 1748 3510 1799 ob

1933 1851 2129 1889 massae
2183 1850 2250 1889 ex
2288 1844 2556 1889 vetustate
2603 1836 3037 1897 renovationem,
3092 1843 3146 1888 et
3176 1837 3321 1904 quod
3372 1835 3511 1888 nihil

1928 1939 2004 1982 est
2036 1929 2320 1982 sinistrum
2372 1928 2425 1979 in
2484 1928 2619 1991 Deo,
2664 1929 2892 1996 digitum
2925 1943 3055 1981 vero
3086 1926 3349 1994 Spiritum
3384 1942 3512 1981 san-

1929 2031 2078 2071 t-tum
2123 2029 2536 2086 nuncuparunt,
2597 2033 2664 2071 ex
2696 2017 3011 2086 evangelica
3054 2017 3243 2072 tabula
3311 2032 3509 2071 nomen

1929 2108 2005 2161 illi
2057 2107 2404 2176 adaptautes.
2491 2105 2566 2160 lbi
2607 2108 2808 2160 etenim
2877 2106 3128 2161 Salvator
3165 2117 3351 2161 noster
3408 2109 3509 2163 de-

1928 2200 2208 2265 scribitur,
2270 2212 2421 2252 nunc
2461 2198 2518 2250 in
2558 2196 2766 2266 Spiritu
2801 2197 2896 2251 Dei
2927 2197 3117 2252 dicens
3151 2198 3339 2266 ejicere
3400 2199 3510 2251 da:-

1929 2292 2130 2356 monia,
2180 2307 2328 2344 nunc
2383 2294 2438 2342 in
2482 2289 2579 2344 Dei
2611 2292 2802 2361 digito,
2834 2291 3063 2360 digitum
3092 2289 3187 2344 Dei
3247 2289 3510 2358 Spiritum

1928 2391 2178 2435 sanctum
2225 2383 2528 2450 appellans.
2566 2382 2631 2436 Et
2654 2381 2757 2436 hoc
2792 2391 3041 2450 patenter
3073 2383 3210 2436 satis
3281 2381 3333 2433 in
3367 2381 3507 2434 libro

1933 2475 2343 2528 'l'hesaurorutn
2394 2475 2451 2528 in
2482 2475 2644 2529 rebus
2679 2474 3000 2543 theologicis
3031 2473 3369 2542 exponendis
3391 2474 3511 2527 exi-
3588 2532 3595 2539 ,

1930 2565 2073 2619 iuius
2096 2564 2334 2635 Cyrillus
2366 2567 2645 2632 expressis
2674 2564 2760 2618 his
2813 2563 2995 2618 verbis
3028 2581 3041 2616 :
3069 2565 3158 2616 Ait
3182 2564 3410 2633 quodam
3455 2565 3511 2616 in

1931 2656 2047 2708 loco
2077 2656 2322 2709 Christus
2362 2656 2581 2709 Judwos
2625 2655 2898 2725 alloquens
2930 2667 2950 2705 :
2985 2673 3005 2706 ι
3041 2654 3102 2709 Si
3132 2655 3185 2706 in
3216 2654 3382 2723 digito
3410 2652 3509 2706 Dei

1928 2746 2082 2813 ejicio
2118 2747 2404 2809 dwmonia,
2434 2746 2598 2814 igitur
2634 2746 2767 2799 venit
2803 2746 2870 2797 ad
2906 2760 2993 2799 vos
3022 2760 3240 2814 regnum
3280 2744 3374 2797 Dei
3402 2744 3503 2798 “.1

1930 2836 1999 2889 Et
2029 2837 2255 2905 digitum
2308 2837 2393 2889 hic
2448 2845 2598 2890 vocat
2651 2836 2911 2905 Spiritum
2964 2846 3228 2899 sanctum,
3280 2834 3510 2903 quodam

1930 2929 2086 2981 modo
2125 2944 2191 2981 ea:
2237 2930 2424 2982 diuina
2452 2930 2680 2982 essentia
2722 2937 3056 2982 emanantem
3100 2937 3151 2980 et
3192 2927 3511 2980 naturaliter

1928 3021 1991 3073 ab
2030 3021 2125 3073 illo
2171 3036 2481 3087 appensttm,
2529 3020 2971 3089 quemadmodum
3000 3031 3048 3071 et
3087 3019 3284 3087 digitus
3323 3034 3387 3072 ex
3415 3018 3511 3071 ho-

235 3114 584 3191 λεγᾴμενοςο
619 3125 637 3158 ι
664 3109 732 3159 El
759 3105 828 3158 δὲ
856 3106 925 3158 ἐν
946 3105 1222 3169 δακτύλῳ
1245 3106 1391 3159 Θεοῦ
1414 3106 1529 3176 ἐγὼ
1550 3109 1825 3161 ἐκϐάλλω

1931 3115 2087 3168 minis
2115 3129 2312 3178 manu;
2344 3112 2618 3164 brachium
2646 3113 2835 3164 etenim
2862 3124 2909 3162 et
2948 3112 3218 3164 dexteram
3252 3108 3347 3162 Dei
3373 3109 3509 3160 divi-

232 3204 307 3259 τὰ
321 3203 619 3270 δαιμόνια,
640 3198 752 3266 ἄρα
774 3197 1042 3267 ἔφθασεν
1057 3196 1149 3265 ἐφ’
1175 3195 1331 3266 ὑμᾶς
1346 3197 1383 3263 ἠ
1403 3199 1694 3262 ,βασιλειά
1721 3198 1825 3252 τοῦ

1933 3223 2014 3259 na:
2055 3206 2349 3273 Scriptura:
2402 3201 2605 3257 Filium
2654 3203 2946 3271 appellant,
2997 3204 3074 3254 uti
3120 3217 3239 3253 cum
3269 3202 3506 3255 dicitur:
3550 3226 3561 3239 ν

235 3296 405 3354 Θεοῦ.
450 3313 470 3346 ι
497 3293 603 3348 Καὶ
640 3292 943 3345 δάκτυλον
970 3290 1184 3346 ἐνθάδε
1206 3295 1355 3358 φησι
1385 3293 1453 3345 τὸ
1483 3292 1727 3359 Πνεῦμα
1758 3292 1824 3344 τὸ

239 3390 433 3457 ἄτιον,
466 3388 693 3453 τρόπον
727 3381 861 3435 τινὰ
888 3381 998 3447 τῆς
1025 3383 1187 3446 θείας
1219 3382 1437 3447 οὐσίας
1462 3382 1823 3451 ἐκπεφυκὸς,

237 3484 338 3539 καὶ
378 3476 648 3549 φυσικῶς
682 3473 874 3540 αὐτῆς
906 3473 1369 3542 ἐκκρεμάμενον,
1418 3473 1620 3540 ὥσπερ
1663 3475 1762 3528 καὶ
1792 3479 1825 3529 ὀ

230 3574 535 3634 δάκτυλος
556 3568 624 3621 ἐκ
641 3564 749 3634 τῆς
764 3566 1146 3632 ἀνθρωπίνης
1165 3566 1381 3632 χειρός.
1402 3565 1825 3634 Βραχίοναμέν

233 3664 347 3735 γὰρ
371 3664 465 3717 καὶ
484 3660 693 3724 δεξιὰν
710 3656 860 3712 Θεοῦ
885 3657 992 3711 τὸν
1022 3657 1584 3711 γιον-ἀποκαλοῦσιν
1600 3660 1658 3710 al
1676 3658 1823 3711 θεῖαι

234 3756 472 3827 Γραφαί
499 3756 651 3809 κατὰ
682 3754 770 3819 τὸ,
808 3771 828 3804 ι
881 3752 1164 3805 Ἕσωσεν
1205 3751 1396 3803 αὐτὸν
1426 3751 1465 3817 ἡ
1499 3751 1669 3815 δεξιὰ
1715 3753 1822 3805 αὐ-

234 3854 368 3918 τοῦ,
397 3852 497 3906 καὶ
527 3854 559 3904 ὁ
584 3848 861 3917 ,βραχίων
899 3847 931 3898 ὀ
969 3843 1141 3912 ἅγιος
1167 3842 1376 3896 αὑτοῦ.
1416 3861 1435 3893 ι
1475 3845 1583 3898 Καὶ
1612 3843 1820 3898 πάλιν.

239 3967 259 4000 ι
290 3945 490 4012 Κύριε,
541 3940 786 4009 ὑψηλός
836 3954 954 3991 σου
991 3939 1024 3989 ὀ
1050 3935 1348 4004 βραχίων,
1380 3935 1482 3989 καὶ
1520 3938 1634 3991 οὐκ
1659 3938 1816 4007 ﬁdet-

227 4053 377 4093 σανο
403 4037 653 4105 γνόντες
685 4030 754 4084 δὲ
781 4027 1326 4096 αὶσχυνθήσονται.
1373 4048 1391 4079 ι
1433 4029 1663 4096 Ὥσπερ
1706 4026 1822 4084 οὖν

227 4132 263 4183 δ
286 4125 565 4194 βραχίων
602 4118 878 4191 φυσικῶς
906 4120 1273 4186 ἐνήρμοσται
1301 4116 1380 4183 τῷ
1403 4119 1524 4184 ὅλῳ
1561 4119 1812 4188 σώματι,

226 4220 427 4275 πάντα
480 4213 762 4283 ἐνεργῶν,
821 4213 1053 4281 ὅσαπερ
1105 4211 1182 4267 ἂν
1237 4213 1387 4282 δόξῃ
1428 4213 1501 4282 τῇ
1558 4215 1816 4283 διανοίᾳ,

224 4311 539 4379 καταχρίει
563 4307 633 4360 δὲ
668 4304 973 4372 συνήθως,
1014 4303 1099 4369 τῷ
1124 4304 1407 4371 δακτύλῳ
1446 4308 1597 4373 πρὸς
1641 4308 1817 4361 τοῦτο

225 4398 621 4468 κεχρημένοςο
659 4395 814 4450 οὕτω
852 4394 965 4447 τὸν
994 4395 1115 4463 μὲν
1148 4394 1256 4448 τοῦ
1307 4395 1460 4448 Θεοῦ
1505 4397 1702 4463 Λόγον
1743 4397 1813 4461 ἐξ

1934 3316 1951 3347 ι
2002 3296 2241 3350 Salvavit
2273 3311 2391 3348 eum
2421 3295 2634 3347 dextera
2656 3293 2827 3355 illius,
2870 3301 2918 3345 et
2951 3292 3223 3345 brachium
3266 3300 3507 3343 sanctum

1926 3390 2041 3456 ejus
2073 3390 2170 3441 ιτ.»
2207 3386 2423 3440 Necnon
2455 3400 2473 3438 :
2503 3404 2522 3437 ι
2552 3384 2789 3448 Domine,
2847 3385 3111 3438 excelsum
3174 3393 3322 3436 tuum
3383 3380 3507 3433 bra-

1926 3484 2121 3544 chium,
2151 3491 2200 3534 et
2242 3496 2345 3533 non
2393 3487 2760 3549 cognoverunt,
2796 3493 2915 3530 cum
2951 3479 3283 3546 cognoverint
3317 3489 3509 3527 revere-

1926 3574 2175 3626 bantur.»
2204 3570 2349 3626 Sicut
2373 3573 2548 3637 itaque
2575 3570 2845 3622 brachium
2878 3570 3200 3623 naturaltter
3217 3568 3508 3636 adoptatur

1924 3675 2030 3717 toto
2065 3664 2293 3731 corpori,
2344 3677 2566 3727 operans
2592 3677 2912 3729 quwcunque
2941 3658 3250 3728 cogitationi
3290 3659 3504 3725 placue-

1927 3757 2033 3809 rint
2060 3798 2074 3820 ,
2112 3756 2321 3823 inungit
2352 3767 2471 3806 vero
2500 3768 2595 3820 pro
2622 3768 2764 3803 more
2785 3752 2953 3818 digito
2987 3751 3055 3801 ad
3093 3751 3190 3802 hoc
3224 3759 3396 3812 utens,
3428 3750 3508 3802 ita

1922 3849 2018 3902 Dei
2055 3847 2281 3901 Verbum
2297 3862 2362 3899 ea;
2391 3861 2450 3900 eo
2481 3852 2532 3898 et
2561 3845 2614 3896 in
2639 3859 2698 3897 eo
2732 3843 3057 3895 naturaliter
3087 3844 3423 3907 adoptatum,
3448 3857 3504 3903 ut

1923 3944 1999 3993 ita
2030 3939 2229 4002 dicant,
2261 3947 2309 3990 et
2343 3936 2526 3990 intime
2572 3936 2830 3988 inhaerens
2862 3932 3187 3999 concipimus
3217 3949 3235 3994 ;
3266 3931 3320 3983 in
3357 3929 3505 3997 Filio

1924 4048 2096 4085 auem
2139 4030 2462 4082 naturaltter
2492 4040 2539 4082 ct
2571 4029 2930 4081 essentialiter
2958 4027 3319 4094 pertransiens
3347 4043 3377 4077 a
3399 4024 3504 4077 Pa-

1924 4136 2002 4177 tre
2036 4122 2295 4191 Spiritus.
2346 4136 2439 4188 per
2487 4136 2640 4189 quem
2674 4121 2852 4173 omnia
2887 4120 3143 4187 inungens
3162 4118 3503 4184 sancti/icui;

1923 4231 2025 4268 non
2056 4216 2218 4283 igitur
2243 4214 2500 4272 alienum,
2530 4227 2693 4280 neque
2717 4222 3030 4265 extraneum
3056 4210 3247 4262 divina:
3266 4209 3505 4262 essentia:

1918 4316 1992 4359 est
2017 4304 2250 4372 Spiritus
2275 4314 2514 4366 sanctus,
2539 4303 2628 4355 sed
2673 4304 2726 4354 in
2750 4303 2865 4369 ipsa
2899 4312 2947 4352 et
2983 4315 3049 4352 ex
3078 4301 3192 4368 ipsa
3233 4299 3505 4351 naturali-

1922 4408 2019 4462 ter,
2045 4398 2202 4450 sicuti
2232 4407 2280 4450 et
2313 4396 2513 4464 digitus
2556 4394 2792 4462 corporis
2828 4395 2884 4445 in
2919 4408 3098 4453 manu,
3129 4392 3364 4459 ejusdem
3407 4405 3500 4443 na-

223 4489 418 4546 αὺτοῦ
446 4489 547 4543 καὶ
578 4488 649 4542 ἐν
673 4486 836 4552 αὐτῷ
858 4484 1135 4555 φυσικῶς
1160 4487 1574 4556 ἡρμοσμένον,
1613 4488 1691 4540 ἵν’
1720 4489 1819 4541 οὕ-

1926 4498 2054 4541 tura:
2086 4503 2203 4540 cum
2244 4502 2305 4540 ea
2336 4485 2616 4551 εωεὶδιεηδ,
2659 4499 2948 4553 rursusque
2976 4499 3164 4535 manus
3198 4482 3253 4533 in
3285 4496 3503 4554 corpore

223 4596 339 4645 τως
367 4579 537 4643 εἴπω,
565 4577 664 4631 καὶ
715 4577 1104 4646 ἐμπεφυκότα
1131 4578 1505 4647 λογιζόμεθα,
1535 4579 1607 4633 ἐν
1644 4578 1713 4632 δὲ
1742 4580 1821 4645 τῷ

223 4669 338 4735 Υίῷ
378 4667 653 4738 φυσικῶς
679 4684 743 4721 τε
784 4668 886 4720 καὶ
932 4667 1239 4735 οὐσιωδῶς
1280 4668 1453 4737 διῆκε
1500 4671 1661 4739 παρὰ
1702 4674 1819 4725 Πα-

221 4766 369 4834 τρός
393 4765 460 4819 τὸ
485 4763 748 4831 Πνεῦμα,
796 4762 870 4815 δι’
909 4758 981 4817 οὗ
1021 4762 1092 4814 τὰ
1126 4762 1325 4817 πάντα
1358 4768 1545 4832 χρίων
1561 4763 1778 4833 ἁγιάζει
1798 4781 1812 4797 ο

221 4855 454 4911 οὐκοῦν
483 4857 596 4909 οὐκ
626 4855 970 4923 ἀλλότριον,
1028 4851 1171 4906 οὐδὲ
1216 4853 1678 4924 ἀπεξενωμένον
1705 4855 1816 4925 τῆς

224 4949 395 5010 θείας
414 4948 633 5012 οὐσίας
661 4948 936 5016 φαίνεται
985 4944 1053 4997 τὸ
1078 4945 1322 5014 Πνεῦμα
1348 4947 1414 5000 τὸ
1448 4946 1640 5015 ἅγιον,
1676 4949 1813 5003 ἀλλ’

221 5042 297 5107 ἐξ
323 5039 513 5109 αὐτῆς
543 5040 643 5094 καί
670 5040 740 5093 ἐν
767 5037 925 5106 αὐτῇ
953 5036 1247 5107 φυσικῶς,
1290 5035 1496 5107 ὥσπερ
1536 5036 1652 5095 οὖν
1710 5043 1809 5096 καί

220 5135 257 5187 ὁ
300 5130 407 5185 τοῦ
431 5131 706 5199 σώματος
756 5129 1058 5193 δάκτυλος
1095 5128 1166 5180 ἐν
1204 5126 1279 5196 τῇ
1312 5129 1487 5196 χειρὶ,
1537 5129 1812 5199 όμοφυής

215 5223 311 5277 ὢν
338 5222 517 5290 αὐτῇ,
542 5221 643 5276 καὶ
689 5222 728 5290 ἡ
780 5223 909 5291 χείρ
945 5217 1061 5277 οὖν
1098 5221 1285 5274 πάλιν
1330 5222 1401 5274 ἐν
1433 5220 1513 5285 τῷ
1558 5220 1808 5288 σώματι,

217 5319 345 5385 οὐκ
376 5315 755 5385 ἐτεροούσιος
783 5316 935 5384 πρὸς
962 5313 1108 5369 αὐτὸ
1136 5315 1548 5382 τυγχάνουσα.
1615 5312 1807 5366 Ταῦτα

217 5409 369 5464 κατὰ
392 5413 491 5480 τὴν
526 5409 632 5461 τῶν
649 5407 955 5478 Θησαυρῶν
971 5407 1153 5460 δέλτον
1171 5409 1199 5459 ὁ
1221 5405 1671 5476 θαυμασιώτατος
1695 5403 1806 5458 K6-

220 5500 433 5572 ριλλοςσ
471 5499 708 5571 ἀλλαχοῦ
736 5500 794 5551 δὲ
815 5499 1022 5570 ταύτης
1051 5516 1207 5561 ουτος
1237 5498 1401 5561 αὐτὸς
1431 5497 1541 5550 τὸν
1573 5498 1805 5565 Πατέρα

208 5592 340 5665 μὲν
358 5590 566 5660 ῥόδον.
598 5591 782 5654 ἄνθος
806 5589 874 5644 δὲ
898 5590 1007 5643 τὸν
1048 5591 1204 5655 Υιὸν,
1241 5591 1338 5644 καὶ
1382 5589 1446 5642 τὸ
1476 5589 1717 5658 Πνεῦμα
1740 5588 1805 5643 τὸ

296 5771 341 5799 ⁸⁸
376 5748 562 5823 Matth.
588 5752 705 5836 an,
738 5770 827 5823 28.
913 5769 953 5799 ”
986 5767 1130 5823 i’:a|.
1167 5785 1333 5835 xcvn,
1366 5769 1413 5821 l.

1924 4594 2029 4630 non
2079 4581 2296 4631 diversa:
2327 4578 2390 4628 ab
2453 4593 2512 4629 eo
2549 4586 2776 4628 naturas.
2833 4574 2959 4628 ΙΙωο
3008 4575 3060 4627 in
3097 4572 3503 4644 Thesaurorum

1921 4669 2079 4725 libris
2118 4672 2352 4723 maxime
2384 4667 2722 4722 admirabilis
2748 4666 3019 4737 Cyrillus;
3059 4673 3113 4718 et
3136 4665 3246 4718 alio
3280 4679 3497 4719 eorum.

1921 4762 2044 4814 dem
2078 4761 2197 4815 loco
2228 4760 2318 4815 hic
2351 4760 2520 4824 idem,
2564 4759 2785 4813 Patrem
2833 4774 3032 4823 rosam,
3068 4755 3271 4810 Filium
3293 4758 3500 4827 ﬂorent,

1919 4849 2185 4921 Spiritum
2228 4862 2474 4907 sanctum
2503 4855 2717 4905 odorem
2744 4850 3101 4919 nuncupavit.
3132 4847 3471 4914 Quemadmo

1918 4947 2048 5001 dum
2080 4945 2264 5013 itaque
2295 4944 2498 5013 digitus
2521 4943 2787 5010 dependet
2815 4956 2845 4995 a
2871 4955 3101 5010 corpore
3132 4954 3229 5008 per
3252 4946 3502 5002 manum,

1922 5055 1991 5094 ex
2023 5054 2153 5093 rosa
2187 5052 2318 5091 vero
2352 5051 2446 5105 per
2470 5034 2657 5089 ﬂorent
2689 5034 2823 5088 odor
2852 5035 3087 5101 amatur,
3140 5034 3215 5088 ita
3247 5043 3301 5086 et
3329 5032 3497 5100 Spiri-

1921 5140 2008 5185 tus
2049 5139 2272 5184 sanctus
2296 5142 2364 5181 ex
2392 5125 2549 5179 Patre
2573 5140 2668 5194 per
2700 5124 3049 5197 Unigenitutn
3076 5123 3337 5192 procedit.
3367 5123 3497 5186 Quae

1917 5234 2083 5289 porro
2107 5234 2137 5273 a
2167 5218 2368 5272 divinis
2397 5218 2655 5271 Pati-ibus
2702 5217 2866 5272 veluti
2897 5219 2953 5271 in
2984 5216 3287 5283 exemplum
3324 5212 3496 5266 addu-

1911 5323 2135 5376 cuntur,
2173 5311 2287 5364 haec
2332 5319 2387 5363 et
2429 5310 2625 5364 similia
2660 5321 2810 5373 sunt,
2852 5310 2977 5363 licet
3004 5307 3286 5362 minimam
3318 5306 3405 5359 illa
3439 5314 3493 5359 et

1910 5406 2067 5459 valde
2115 5403 2361 5467 humilia,
2396 5404 2627 5459 multum
2687 5418 2717 5457 a
2748 5402 3007 5471 dignitate
3029 5415 3233 5462 rerum,
3290 5398 3493 5469 quibus

1911 5493 2308 5560 assimilantur,
2342 5493 2599 5549 deﬁciant
2655 5510 2670 5548 :
2727 5492 2915 5549 Omnia
2939 5494 3098 5557 enim,
3127 5488 3433 5544 eodemmet
3462 5501 3493 5541 a

1913 5587 2119 5659 Spiritu
2149 5596 2297 5642 motu
2320 5586 2524 5657 Cyrillo
2548 5595 2702 5652 teste,
2736 5583 2871 5639 Deus
2889 5580 3243 5652 exsuperabit.
3304 5581 3311 5588 ’
