3970 6414
521 364 660 426 11)θὸ

1546 356 2064 417 CONSTANTINI
2108 356 2447 417 MELITEN
2461 358 2474 414 I
2487 358 2654 417 ΟΤ.Ε

3611 369 3715 433 ῙὋθ

504 480 816 536 manifeste
850 486 995 547 patet
1020 491 1087 530 ex
1112 474 1291 528 verbis
1316 473 1495 543 magni
1525 473 1711 525 Basilii
1757 474 1810 525 in
1841 473 2099 541 epistola,

2214 472 2326 539 ἅμα
2359 473 2465 524 καὶ
2499 468 2835 540 προσεχῶς.
2890 471 2986 527 Ἐκ
3039 476 3245 528 τούτων
3275 482 3366 530 καὶ
3396 479 3496 533 τῶν
3512 486 3719 539 τοιούτων

522 585 688 640 quam
716 570 806 623 ille
841 568 991 622 dedit
1014 567 1081 619 ad
1106 565 1330 618 fratrem
1363 579 1525 618 suum
1554 563 1876 633 Gregorium
1905 564 2104 634 Nysse—

526 678 706 717 num‘:
743 662 797 714 in
844 676 906 714 ea
966 659 1237 727 siquidem
1292 658 1405 711 haec
1455 658 1862 726 prosequitur:
1914 657 2106 721 Queru-

525 755 813 811 ttdmodnm
856 755 909 805 in
955 760 1139 804 catena
1182 751 1272 820 qui
1323 751 1479 803 unius
1527 749 2103 801 annuli‘summitatent

526 842 888 912 apprehendit,
936 842 1031 892 hoc
1082 842 1197 907 ipso
1252 838 1411 892 simul
1462 847 1511 890 et
1562 837 1789 889 alterum
1848 839 2104 890 insertum

524 935 779 997 attrahit;
816 934 893 985 ita
923 941 973 984 et
1004 931 1087 982 Inc
1111 930 1201 999 qui
1232 927 1496 998 Spiritum
1530 928 1694 980 traltit
1718 943 1808 995 per
1850 928 2022 996 ipsum
2053 938 2100 979 et

524 1024 727 1077 Filium
778 1034 827 1077 et
866 1024 1079 1076 Patrem
1112 1039 1233 1090 una
1271 1020 1430 1075 simul
1474 1022 1782 1082 attraxerit,
1837 1029 1888 1071 et
1915 1020 1960 1071 si
1987 1020 2103 1088 quis

522 1134 636 1170 vere
671 1116 870 1168 Filium
893 1115 1319 1183 apprehenderit,
1356 1114 1565 1165 habebit
1595 1121 1643 1165 et
1667 1113 1837 1176 ipsum
1863 1113 2104 1178 utrinque

522 1209 645 1261 hinc
669 1208 910 1270 Patrem,
937 1206 1088 1259 illinc
1114 1203 1371 1271 Spiritum
1395 1215 1641 1255 sanctum
1660 1219 1769 1256 una
1789 1202 2103 1255 contrahen-

524 1312 648 1357 tem.
694 1300 813 1355 Non
863 1300 998 1353 enim
1030 1307 1201 1366 potest
1252 1297 1365 1350 ullo
1401 1306 1555 1366 pacto
1592 1298 1887 1366 excogitari
1922 1296 2104 1365 aliqua

521 1393 605 1446 vel
649 1394 837 1454 sectio,
870 1390 947 1444 rel
989 1389 1203 1450 divisio.
1255 1399 1312 1441 ut
1347 1390 1451 1443 sive
1486 1387 1657 1441 Filius
1693 1388 1888 1458 absque
1942 1386 2105 1442 Patre

522 1485 771 1556 cogitari,
798 1485 903 1537 sive
925 1481 1159 1552 Spiritus
1185 1498 1217 1534 a
1246 1479 1388 1542 Filio
1414 1481 1621 1551 sejungi
1667 1490 1847 1550 queat.
1874 1481 2105 1535 Prorsus

523 1576 658 1629 illud
696 1574 952 1643 utrinque
985 1572 1207 1625 Patrem
1239 1578 1294 1624 et
1328 1571 1603 1639 Spiritum
1645 1579 1898 1623 sanctum
1950 1585 2105 1623 asse-

524 1681 646 1719 rere
675 1677 918 1735 apertam
956 1662 1284 1717 sententiam
1316 1661 1578 1730 possidet,
1610 1675 1714 1714 nec
1745 1660 1855 1714 ulla
1881 1662 2106 1714 omnino

527 1760 738 1828 indiget
798 1756 1160 1826 expositione.
1193 1754 1457 1819 Quinimo
1512 1751 1734 1806 divinus
1777 1750 2100 1821 Gregorius,

525 1853 593 1907 ad
622 1867 783 1922 quem
817 1851 962 1904 dicta
987 1847 1218 1918 epistola
1249 1847 1373 1900 data
1405 1853 1511 1906 est,
1541 1842 1824 1915 Nyssenus
1849 1844 2100 1906 antistes,

523 1945 769 1999 oratione
805 1941 870 1995 ad
922 1942 1209 1994 Ahlabium
1232 1941 1404 1993 beatae
1422 1938 1714 1990 Trinitatis
1732 1937 2103 1991 dill‘ereutiam

2212 563 2690 616 συναποδέδεικται
2728 564 2980 634 φανερῶς
3007 568 3090 619 ὅτι
3120 570 3213 619 καὶ⁵
3261 568 3418 638 μέσος
3442 571 3527 624 τοῦ
3551 574 3721 645 Πατρξς

2208 657 2301 706 καὶ
2357 653 2449 706 τοῦ
2510 654 2828 720 Πνεύματος
2864 655 2893 706 6
2938 656 3088 718 Υἱός.
3120 659 3182 710 Ei
3215 659 3322 727 γὰρ
3369 662 3395 712 6
3420 662 3586 733 Πατὴρ
3612 668 3722 739 ἁρχὴ

2209 744 2333 796 καθ’
2359 744 2657 812 ὁμοὲογίαν
2689 745 2895 814 κοινὴν,
2920 747 2948 798 6
2969 747 3025 798 δὲ
3055 747 3181 809 Υἱὸς
3208 750 3422 816 ἀμέσως
3450 756 3508 806 ὲκ
3534 755 3615 807 τοῦ
3635 759 3722 810 [11-

2205 835 2358 904 τρὺς,
2383 835 2457 896 ob;
2491 835 2732 904 ἀνεφάνη
2767 829 2901 904 πρὸς
2930 837 3039 889 τῶν
3068 839 3269 909 ῥητῶν,
3299 838 3372 893 ὧν
3403 843 3724 913 παρεθέμεθα,

2206 927 2272 979 δι’
2302 926 2469 980 αὐτοῦ
2511 927 2566 979 δὲ
2602 928 2663 979 τὸ
2699 927 2925 997 Πνεῦμα
2946 929 3006 980 τὸ
3033 929 3192 996 ἅγιον
3221 947 3234 960 ·
3270 934 3299 985 6
3322 933 3444 996 Nn;
3469 935 3566 1003 ἄρα
3598 939 3726 1006 μέσος

2210 1019 2421 1088 Πατρός
2461 1037 2520 1071 τε
2555 1022 2647 1073 καὶ
2679 1022 3018 1092 Πνεύματος.
3054 1024 3164 1077 Καὶ
3214 1024 3371 1093 δῆλον
3403 1026 3458 1090 ἐξ
3498 1021 3609 1080 ὧνὸ
3654 1032 3728 1097 μέ-

2206 1123 2310 1172 γας
2354 1107 2636 1171 Βασίλειος
2670 1111 2727 1161 ἐν
2760 1113 2824 1178 τῇ
2881 1111 3013 1178 πρὸς
3043 1113 3135 1165 τὸν
3178 1113 3375 1165 οἰκεῖον
3403 1114 3609 1181 ἀδελφὸν
3634 1122 3728 1170 ἐπι-

2208 1200 2369 1271 στολῇ
2408 1202 2498 1253 τὸν
2557 1200 2778 1271 Νύσσης
2824 1202 3127 1273 Γρηγόριον
3187 1203 3398 1274 εἴρηκε.
3453 1206 3620 1257 Ταῦτα
3658 1208 3729 1259 καὶ

2206 1292 2315 1361 γὰρ
2367 1295 2545 1344 ἐκεῖσε
2583 1293 2872 1356 διέξεισινο
2920 1296 3152 1362 Ὥσπερ
3203 1295 3272 1358 ἐξ
3310 1296 3568 1360 ἁλύσεως
3592 1299 3620 1349 d
3651 1298 3727 1350 τοῦ

2208 1380 2343 1445 ἐνὸς
2375 1380 2562 1447 ἄκρου
2605 1384 2916 1451 ἁψάμενος
2945 1386 3045 1438 καὶ
3078 1390 3147 1439 τό
3179 1387 3382 1454 ἕτερον
3426 1387 3594 1456 ἀκρον
3615 1406 3729 1442 συν-

2207 1472 2619 1538 επεσπάσατο,
2673 1475 2863 1541 οὕτως
2913 1480 2946 1530 ὀ
2997 1478 3064 1530 τὸ
3122 1479 3367 1547 Πνεῦμα
3413 1479 3652 1544 ἑλκύσας
3676 1480 3728 1533 δι’

2206 1568 2394 1621 αὐτοῦ
2443 1568 2544 1620 καὶ
2601 1572 2707 1621 τὸν
2749 1568 2885 1621 Υἰὸν
2936 1570 3036 1623 καὶ
3071 1573 3184 1624 τὸν
3227 1571 3451 1640 Πατέρα
3486 1575 3727 1640 συνεφελ-

2209 1659 2438 1712 κύσατο
2473 1674 2486 1688 ·
2526 1660 2627 1712 καὶ
2666 1661 2775 1713 τὸν
2814 1662 2953 1714 Υἱὸν
2981 1660 3223 1728 ἀληθῶς
3255 1662 3419 1727 ὅστις
3447 1663 3730 1729 λάϐοι,ἔξει

2209 1748 2396 1801 αὑτὸν
2430 1749 2814 1816 ἑκατέρωθεν,
2850 1751 2933 1819 πῆ
2963 1752 3080 1821 μὲν
3124 1755 3235 1806 τὸν
3281 1754 3492 1808 ἑαυτοῦ
3527 1757 3728 1821 Πατέρα,

2208 1841 2289 1907 πῆ
2332 1841 2401 1893 δὲ
2452 1841 2518 1893 τὸ
2551 1842 2706 1894 ἴδιον
2746 1844 2988 1913 Πνεῦμα
3035 1848 3539 1914 συνεπαγόμενος.
3563 1850 3633 1899 οὺ
3650 1848 3730 1915 γὰρ

2208 1932 2380 1985 ἐστιν
2398 1933 2722 2001 ἐπινοῆσαι
2748 1933 2939 2003 τομὴν
2956 1936 2994 2003 ἣ
3021 1935 3339 2004 διαίρεσιν,
3360 1939 3438 2003 ὡς
3456 1939 3491 2006 ἣ
3515 1940 3632 1991 Υἱὸν
3651 1956 3730 2005 χιι.-

526 2036 773 2089 indieare
806 2032 1018 2099 volens,
1046 2045 1270 2083 causam
1301 2029 1441 2082 dixit
1470 2036 1524 2083 et
1547 2037 1853 2091 causatum,
1882 2036 1937 2081 et
1958 2028 2106 2081 illius

2214 2030 2299 2090 ph;
2336 2026 2445 2079 τοῦ
2470 2027 2703 2093 Πατρός
2732 2020 3050 2096 νοὴθῆναι,
3078 2028 3118 2096 ἣ
3150 2031 3218 2082 τὸ
3268 2031 3503 2098 Πνεῦμα
3523 2030 3612 2082 τοῦ
3630 2026 3730 2081 riui:

526 2126 671 2194 quod
729 2139 795 2177 ex
866 2134 1035 2175 causa
1093 2130 1212 2174 erat
1267 2120 1466 2171 iterum
1526 2119 1688 2171 aliam
1743 2117 2105 2172 dill‘ereutiam

2214 2120 2650 2189 διαζευχθῆναι.
2692 2123 2919 2187 Πάντως
2956 2125 3016 2177 τὺ
3043 2126 3393 2197 ἑκατέρωθεν
3427 2127 3515 2180 τοῦ
3537 2126 3647 2181 Υἱοῦ
3668 2126 3729 2178 λέ-

528 2216 804 2285 apposuit.
880 2212 1128 2282 Namque
1181 2214 1283 2265 hoc
1331 2211 1549 2277 quidem
1575 2225 1699 2265 esse
1730 2210 2045 2263 immediate
2078 2226 2108 2261 a

2214 2218 2328 2280 γὲιν
2360 2210 2500 2266 εἶναι
2538 2213 2627 2265 τὸν
2655 2215 2877 2285 Πατέρα
2924 2217 3020 2270 καὶ
3052 2218 3114 2270 τὸ
3141 2218 3364 2288 Πνεῦμα⁵
3383 2221 3442 2273 τὸ
3473 2220 3610 2287 ἆγιον
3636 2234 3728 2286 προ-

532 2298 731 2381 primo,
773 2312 874 2364 hoc
911 2324 1041 2362 vero
1089 2324 1187 2377 per
1232 2306 1429 2360 Filium
1469 2320 1691 2359 manare
1726 2320 1793 2359 ex
1824 2294 2024 2374 primo,
2052 2313 2111 2355 ιιι

530 2421 695 2472 supra
721 2405 833 2471 jam
879 2403 1281 2462 adnotavimus,
1317 2398 1568 2454 addidit:
1598 2398 1739 2451 Adeo
1782 2406 1839 2449 ut
1873 2396 2112 2464 unigeni-

531 2506 641 2548 tum
673 2493 1028 2546 iudubitatum
1065 2499 1274 2543 ntaneat
1322 2491 1376 2542 in
1431 2486 1592 2551 Filio,
1628 2498 1675 2540 et
1718 2503 1782 2541 ex
1818 2487 1981 2540 Patre
2001 2500 2113 2539 esse

531 2587 797 2654 Spiritum
834 2589 886 2638 in
920 2584 1078 2637 dubio
1112 2599 1212 2636 non
1260 2584 1352 2645 sit,
1388 2580 1524 2634 Filii
1576 2582 1896 2635 mediatione
1934 2591 1983 2633 et
2014 2580 2115 2632 sibi

530 2684 629 2748 ipsi
665 2681 988 2749 unigenitum
1025 2685 1390 2740 conservante,
1416 2684 1466 2728 et
1499 2674 1760 2743 Spiritum
1796 2690 1827 2726 a
1874 2673 2111 2725 naturali

529 2772 598 2825 ad
630 2771 846 2824 Patrem
885 2770 1197 2821 habitudine
1228 2784 1332 2819 non
1370 2776 1598 2820 arcente.
1637 2766 1768 2818 Item
1804 2767 1868 2819 de
1907 2766 2111 2834 Spiritu

530 2873 723 2916 saneto
765 2870 1031 2922 tractans,
1078 2862 1208 2913 dum
1262 2860 1316 2911 in
1367 2857 1748 2911 Macedoniam
1811 2856 2113 2921 invehitur,

532 2956 795 3023 scripsit:
831 2952 896 3004 In
940 2951 1126 3020 quibus
1159 2966 1276 3020 quae
1318 2949 1604 3004 secundum
1636 2951 1824 3001 bonum
1874 2951 2113 3017 operatio

531 3055 631 3107 est,
671 3044 874 3098 nullam
907 3044 1325 3096 imminutionem
1360 3051 1452 3094 aut
1484 3042 1902 3095 immutationem
1933 3040 2111 3095 liabet.

2212 2306 2354 2373 τρανῆ
2387 2305 2484 2375 τὴν
2535 2305 2748 2359 ἔννοιαν
2793 2307 3082 2379 κέκτηται,
3123 2313 3223 2364 καὶ
3254 2315 3314 2365 οὐ
3354 2314 3517 2384 δήπου
3554 2309 3726 2373 τινὺςτδ

2214 2398 2473 2465 παράπαν
2511 2398 2683 2451 δεῖται
2721 2401 2820 2469 τῆς
2864 2401 3208 2470 ἐξηγήσεως.
3249 2404 3306 2456 Ὀ
3330 2406 3385 2457 δὲ
3418 2405 3548 2467 θεῖος
3577 2402 3720 2473 Γρηγό-

2214 2504 2348 2555 ριος,
2386 2488 2519 2557 πρὸς
2555 2489 2612 2539 ὃν
2640 2487 2706 2541 τὸ.
2736 2491 2834 2558 τῆς
2865 2493 3125 2561 τοιαύτης
3166 2496 3472 2564 ἐπιστολῆς,
3501 2496 3601 2547 τῶν
3622 2494 3723 2547 Νυσ-

2214 2581 2389 2631 σαὲων
2419 2579 2447 2631 6
2481 2580 2767 2652 πρόεδρος,
2820 2585 3050 2656 ἐπείπερ
3099 2587 3159 2638 ὲν
3197 2587 3276 2657 τῷ
3320 2589 3453 2659 πρὸς
3507 2586 3728 2640 Ἀ6>.ἀ6;ον

2213 2670 2357 2740 λὸγῳ
2388 2672 2486 2740 τὴν
2519 2672 2787 2742 διαφορὰν
2840 2675 2938 2744 τῆς
2977 2679 3259 2747 μακαρίας
3312 2679 3527 2749 Τριάδος
3549 2678 3730 2747 δηλῶσαι

2217 2762 2407 2829 θέλων,
2463 2765 2530 2816 τὸ
2550 2765 2775 2823 ,αἶτιον
2835 2762 2956 2818 εἶπε
2997 2770 3092 2820 καὶ
3152 2770 3218 2822 τὸ
3256 2769 3528 2834 αὶτιατὸν,
3571 2766 3730 2820 καὶτοῦ

2216 2853 2275 2917 ἐξ
2310 2853 2494 2915 αἰτίας
2525 2854 2689 2907 πάλιν
2727 2856 2897 2926 ἄλλην
2939 2857 3210 2930 διαφορὰν
3245 2860 3530 2930 παρέλαϐε.
3566 2860 3627 2911 Τὸ
3662 2858 3733 2925 μὲν

2216 2948 2327 3015 γὰρ
2368 2946 2654 3016 προσεχῶς
2682 2950 2746 2999 ὲκ
2790 2946 2886 3000 τοῦ
2943 2947 3192 3017 πρώτου,
3240 2954 3299 3002 τὸ
3328 2951 3384 3002 δὲ
3437 2949 3520 3002 διὰ
3538 2947 3619 3000 τοῦ
3642 2944 3733 2998 1⁸ιοῦ

2220 3040 2404 3108 μένειν
2448 3039 2538 3090 καὶ
2565 3042 2628 3091 ὲκ
2658 3038 2753 3092 τοῦ
2779 3040 3021 3110 πρώτου,
3049 3043 3307 3112 καθάπερ
3341 3042 3617 3111 φθάσαντες
3636 3039 3733 3090 ἄνω-

533 3138 809 3202 Quomodo
833 3135 1034 3189 rationi
1057 3145 1457 3188 consentaneum
1480 3134 1641 3203 fuerit
1666 3133 1905 3187 ordinem
1930 3149 2112 3187 secum

2221 3133 2314 3182 θεν
2345 3130 2577 3200 ἔφημεν,
2615 3132 2826 3194 τούτοις
2854 3133 3145 3203 ἐπήγαγεν
3172 3149 3188 3164 ο
3226 3134 3406 3188 Ὥστε
3447 3132 3535 3188 καὶ
3581 3129 3637 3183 rb
3654 3144 3733 3195 μο-

528 3230 657 3283 dum
692 3245 966 3283 numerum
993 3229 1376 3282 imminutionis
1424 3228 1657 3297 alicujus
1692 3237 1783 3281 aut
1823 3227 2110 3281 secundum

531 3332 780 3376 naturam
855 3321 1239 3373 immutatiouis
1306 3321 1514 3390 signum
1587 3336 1698 3372 esse
1758 3320 2114 3373 existimare?

533 3410 991 3475 Quemadmodum
1015 3412 1061 3463 si
1093 3412 1209 3480 quis
1248 3410 1303 3462 in
1345 3410 1513 3463 tribus
1550 3409 1885 3477 lampadibus
1913 3411 2065 3464 subdi
2092 3440 2108 3448 -

527 3504 698 3556 uisam
756 3501 1030 3569 ﬂammam
1095 3501 1419 3566 conspiciens
1477 3500 1720 3571 (causam
1797 3516 1915 3553 vero
1967 3490 2115 3553 lertii

530 3592 747 3646 luminis
781 3606 1139 3660 supponantus
1176 3607 1289 3645 esse
1314 3593 1539 3659 primam
1564 3591 1840 3659 ﬂammam
1864 3605 1929 3645 ea:
1977 3606 2119 3643 com-

530 3683 886 3736 municatione
927 3698 1045 3735 cum
1081 3682 1249 3735 medio
1295 3691 1582 3735 extremum
1650 3681 2114 3752 inﬂammantem),

531 3777 868 3842 postmodum
914 3782 1176 3826 astrueret
1232 3773 1288 3825 iu
1340 3774 1515 3841 prima
1567 3773 1788 3842 ﬂamma
1847 3774 2117 3828 abundare

535 3866 787 3931 calorem,
835 3880 956 3918 eam
1008 3880 1128 3917 vero
1172 3879 1289 3933 qua:
1334 3865 1673 3934 subsequitur
1716 3867 2014 3929 immutari,
2069 3874 2117 3919 et

531 3957 793 4026 paulatim
845 3957 1115 4022 imminui,
1153 3957 1365 4008 tertiam
1401 3971 1492 4009 nec
1527 3957 1699 4025 ignem
1729 3956 1959 4024 amplius
1999 3973 2118 4010 cen-

533 4053 752 4103 seudam
782 4064 914 4114 esse,
941 4048 1060 4102 licet
1090 4064 1242 4118 (equa
1273 4050 1474 4102 ratione
1509 4049 1704 4101 adurat
1745 4058 1793 4102 et
1823 4049 2116 4118 splendeat,

530 4144 814 4212 omniaque
843 4143 983 4210 ignis
1035 4152 1297 4211 operetur.
1330 4141 1636 4209 Concordat
1674 4157 1798 4196 cum
1865 4143 1950 4197 his
1990 4157 2118 4212 per-

533 4235 942 4303 spicacissimus
993 4230 1352 4302 Epiphanius,
1402 4233 1495 4303 qui
1560 4249 1662 4288 sua
1731 4233 1783 4286 in
1858 4247 2114 4301 inagnum

535 4326 835 4381 Sabbatum
868 4328 1119 4383 oratione
1147 4327 1295 4381 hunc
1327 4328 1379 4379 in
1418 4328 1640 4381 modum
1671 4327 1950 4394 eloquitur
1997 4343 2009 4379 :
2047 4324 2117 4378 In

533 4420 705 4474 medio
733 4425 959 4473 duorum
986 4419 1303 4473 animalium
1335 4420 1544 4489 agnitus
1574 4418 1729 4473 Iesus
1762 4421 1854 4471 Dei
1899 4416 2112 4484 Filius;

2216 3222 2463 3290 νογενὲς
2487 3222 2911 3290 ἁναμεσίόολον
2931 3224 3029 3276 ἐπὶ
3057 3226 3170 3279 τοῦ
3204 3228 3247 3277 Υ
3246 3226 3339 3279 ἰοῦ
3356 3226 3566 3295 μένειν,
3587 3221 3666 3275 καὶ
3686 3219 3731 3270 τὸ

2217 3314 2284 3366 ἐκ
2320 3313 2426 3366 τοῦ
2457 3315 2687 3381 Πατρός
2714 3311 2867 3368 εἷναι
2892 3316 2959 3367 τὸ
3006 3316 3259 3387 Πνεῦμα
3283 3319 3366 3387 μὴ
3402 3314 3734 3385 ᾁμφιόάλλειν

2216 3404 2328 3472 τῆς
2365 3404 2473 3457 τοῦ
2503 3406 2640 3458 Υἱοὺ
2662 3408 2973 3474 μεσιτείας
3016 3408 3113 3460 καὶ
3147 3409 3340 3474 ἐαυτῷ
3383 3410 3446 3462 τὸ
3476 3403 3732 3477 μονογενὲς

2217 3499 2665 3575 φυλαττούσης,
2704 3501 2801 3553 καὶ
2832 3501 2900 3553 τὸ
2938 3501 3185 3571 Πνεῦμα
3210 3503 3319 3569 τῆς
3349 3499 3593 3571 φυσικῆς
3623 3495 3732 3563 πρὸς

2217 3594 2325 3644 τὸν
2390 3592 2624 3659 Πατέρα
2678 3591 2950 3660 σχέσεως
2995 3593 3081 3662 μὴ
3137 3596 3549 3664 ἀπειργούσης.
3584 3590 3633 3641 'U
3662 3587 3730 3638 ai-

2217 3684 2306 3745 τὸς
2341 3686 2469 3753 περὶ
2521 3683 2616 3734 τοῦ
2658 3684 2817 3751 ἁγίου
2878 3686 3198 3757 Πνξύματος
3261 3684 3635 3753 διαλαμϐάνων,
3663 3675 3731 3727 tu".

2218 3776 2360 3825 κατὰ
2391 3772 2728 3826 Μακεδονίου
2784 3776 3085 3846 φερόμενος
3132 3768 3257 3830 τάδε
3305 3776 3499 3847 φησιν·
3544 3760 3732 3837 Ἐφ’ὦν

2216 3863 2255 3929 ἠ
2313 3867 2464 3918 κατὰ
2514 3865 2579 3917 τὸ
2613 3867 2843 3934 ἀγαθον
2889 3866 3160 3937 ἐνέργεια
3213 3868 3493 3937 οὐδεμίαν
3526 3861 3726 3916 ἐλάττω·

2217 3970 2325 4008 σιν
2356 3954 2394 4023 ἢ
2422 3959 2826 4027 παραλλαγὴν
2855 3957 3004 4027 ἔχει,
3034 3959 3163 4026 πῶς
3210 3961 3380 4014 ἐστιν
3405 3958 3631 4025 εὔλογον
3647 3950 3730 4013 τὴν

2218 4048 2370 4101 κατὰ
2417 4049 2524 4102 τὸν
2566 4051 2819 4119 ἀριθμὸν
2870 4051 3046 4116 τάξιν
3072 4052 3450 4117 ἑλαττὼσεώς
3484 4062 3621 4111 τινος
3651 4039 3727 4105 τῆς

2218 4140 2369 4194 κατὰ
2384 4142 2590 4211 isseme-
2623 4145 3024 4215 παραλλαγῆς
3050 4148 3284 4201 οἴεσθαι
3321 4145 3556 4214 σημεῖον
3587 4140 3728 4194 sirm;

2219 4231 2447 4300 Ὥσπερ
2495 4233 2572 4286 ἂν
2593 4233 2650 4286 ετ
2700 4252 2792 4301 τις
2818 4236 2888 4289 ἐν
2932 4238 3090 4305 τρισὶ
3122 4240 3394 4307 λαμπάσι
3419 4229 3727 4302 διῃρημένην

2212 4323 2467 4388 βλέπων
2488 4325 2605 4393 τὴν
2629 4328 2848 4396 φλόγα,
2888 4331 3088 4382 αἰτίαν
3116 4330 3186 4383 δὲ
3220 4331 3324 4384 τοῦ
3355 4329 3538 4396 τρίτου
3580 4316 3726 4391 φωτὸς

2219 4416 2572 4486 ὐποθώμεθα
2599 4416 2755 4472 εἶναι
2808 4422 2923 4483 τὴν
2953 4421 3198 4491 πρώτην
3242 4424 3431 4492 φλόγα
3472 4420 3534 4472 ἐκ
3579 4408 3728 4467 διαδό-

534 4514 591 4568 in
612 4514 784 4567 medio
815 4511 1000 4567 Patris
1032 4524 1082 4566 et
1112 4512 1343 4580 Spiritus
1391 4513 1618 4565 duarum
1663 4513 1967 4578 viventium,
2003 4511 2111 4564 vita

2217 4527 2373 4576 σεως
2406 4510 2505 4563 διὰ
2530 4512 2637 4566 τοῦ
2661 4513 2857 4581 μέσου
2883 4514 2949 4566 τὸ
2994 4513 3184 4582 ἄκρον
3217 4513 3543 4582 ἐξάψασαν,
3571 4505 3726 4558 ἔπειτα

534 4619 599 4657 ex
655 4606 781 4670 vita,
817 4613 1012 4658 natura
1063 4608 1169 4658 vita
1221 4607 1478 4675 cognitus.
1532 4604 1605 4658 Ita
1638 4604 1692 4658 hi
1747 4607 1815 4659 de
1848 4605 2116 4658 Trinitate

537 4695 909 4763 philosophati
968 4706 1119 4757 sunt.
1177 4707 1230 4750 ut
1290 4696 1588 4751 revelatum
1636 4698 1738 4751 fuit
1796 4713 1825 4751 a
1884 4698 2115 4767 Spiritu,

537 4787 866 4854 principium
922 4798 1232 4841 asserentes
1283 4787 1520 4854 Patrem,
1548 4789 1787 4841 medium
1813 4788 2032 4854 Filium,
2065 4799 2118 4843 et

542 4870 636 4944 per
665 4877 846 4946 ipsum
879 4876 1147 4946 Spiritum
1182 4890 1463 4940 sanctum,
1496 4872 1638 4946 quos
1662 4894 1762 4933 nos
1798 4880 1872 4932 uti
1906 4881 2120 4948 pietatis

537 4968 706 5022 duces
753 4980 1067 5037 sequentes,
1127 4983 1316 5022 eorum
1364 4969 1629 5022 doctrinis
1670 4978 1725 5023 et
1772 4972 2121 5024 sermonibus

540 5058 870 5112 insistimus.
904 5060 973 5112 At
1005 5069 1255 5113 recentes
1288 5059 1551 5128 theologi,
1589 5062 1778 5114 nescio
1809 5076 1836 5112 a
1881 5076 2119 5130 quonam

536 5150 734 5213 edocti,
770 5166 999 5218 prorsus
1033 5166 1063 5203 e
1123 5161 1309 5203 ventre
1357 5161 1533 5206 tamen
1567 5154 1619 5206 in
1669 5170 1769 5207 nos
1798 5153 1931 5208 falsa
1960 5154 2123 5221 jacti-

539 5250 678 5304 lant,
711 5244 1014 5297 secundum
1051 5242 1251 5295 lineam
1284 5255 1485 5297 rectam
1522 5245 1835 5314 eﬂittgentes
1866 5262 1964 5299 nos
1999 5261 2118 5299 eam

537 5332 865 5403 intelligere,
913 5344 968 5387 et
1014 5334 1221 5387 nostris
1264 5338 1618 5395 adversantes
1673 5338 1780 5389 alio
1829 5340 1987 5391 modo
2018 5341 2123 5390 cir-

539 5426 937 5487 cumscribere,
987 5441 1109 5494 quae
1156 5425 1309 5480 nullo
1351 5430 1513 5481 modo
1563 5438 1844 5497 nequeunt
1883 5430 2123 5482 circum-

539 5516 727 5579 scribi,
793 5530 1083 5585 conantur,
1181 5521 1512 5589 tradunlque
1577 5520 1733 5589 juxta
1818 5525 2117 5575 secundum

540 5608 791 5678 ﬁguram,
833 5621 929 5665 aut
977 5613 1312 5683 triaugulum
1358 5629 1484 5667 eam
1534 5614 1930 5682 diSponeudam
1978 5629 2117 5669 esse.

540 5701 644 5753 Alii
707 5711 762 5756 et
816 5702 1053 5760 circulos
1109 5707 1373 5773 quosdam
1442 5708 1820 5771 introducunt,
1879 5708 2124 5778 quiSqui-

547 5790 650 5845 lias
704 5796 965 5858 quasdam
1018 5800 1414 5865 cogitationum
1469 5810 1807 5867 eructantcs,
1867 5817 2003 5871 quas
2067 5804 2119 5858 in

2220 4601 2655 4663 κατασκευάζοι
2707 4604 3066 4665 πλεονάζειν
3106 4608 3177 4660 ὲν
3222 4605 3296 4674 τῇ
3351 4603 3535 4671 πρώτῃ
3586 4589 3722 4666 φλογί

2220 4695 2336 4762 τὴν
2358 4695 2713 4763 θερμασίαν,
2754 4694 2829 4763 τῇ
2862 4696 2930 4748 δὲ
2960 4697 3188 4765 ἐφεξῆς
3216 4691 3632 4760 ὑποϐεϐηκέναι,
3652 4676 3726 4734 καί

2221 4786 2371 4853 πρὸς
2423 4786 2490 4839 τὸ
2547 4786 2806 4839 ἔλαττον
2856 4788 3022 4856 ἔχειν
3066 4789 3181 4857 τὴν
3226 4781 3607 4855 παραλλαγὴν,
3641 4772 3726 4837 τὴν

2220 4878 2289 4931 δὲ
2317 4880 2524 4947 τρίτην
2570 4880 2729 4948 μηδὲ
2779 4880 2900 4949 πῦρ
2933 4882 3023 4935 ἐτι
3055 4880 3409 4950 λογίζεσθαι,
3441 4874 3545 4929 κᾶν
3580 4879 3723 4933 παρα·

2222 4972 2496 5038 πλησίως
2518 4972 2680 5038 uuln.
2714 4972 2810 5025 καὶ
2844 4974 3050 5041 φαίνῃ,
3093 4975 3189 5026 καὶ
3217 4972 3406 5025 πάντα
3429 4966 3496 5021 τὰ
3530 4959 3618 5017 τοῦ
3638 4971 3723 5007 πυ·

2214 5065 2325 5130 ρὸς
2350 5063 2681 5133 ἐργάζηται.
2707 5064 3010 5134 Σύμφωνός
3045 5069 3161 5119 ἐστι
3184 5066 3389 5125 τούτοις
3423 5063 3507 5113 καὶ
3533 5060 3557 5111 6
3581 5052 3720 5119 διορα·

2223 5155 2521 5218 τικώτατος
2564 5156 2623 5209 Ἐ
2635 5159 2903 5224 πιφὰνιος.
2948 5158 3037 5210 Ἐν
3064 5160 3172 5228 γὰρ
3199 5158 3274 5228 τῷ
3301 5159 3374 5217 ei;
3400 5155 3455 5205 τὸ
3482 5150 3602 5219 μέγα
3621 5136 3721 5193 Σάδ·

2225 5250 2387 5300 ϐατον
2422 5248 2607 5315 οἰκείῳ
2637 5249 2783 5319 λόγῳ
2807 5249 2901 5299 καὶ
2932 5246 3087 5313 οὗτος
3119 5250 3261 5302 οὕτω
3296 5246 3470 5316 φησίν
3493 5240 3576 5290 Ἐν
3592 5229 3718 5302 μέσῳ

2223 5339 2333 5395 δύο
2362 5339 2523 5399 ζωῶν
2578 5344 2873 5410 γνωσθεὶς
2906 5344 3143 5410 Ἰησοῦς
3172 5345 3205 5396 ὁ
3234 5341 3483 5401 θεόπαις.
3506 5332 3569 5420 ἐν,
3591 5324 3716 5420 ait???

2224 5434 2454 5500 Πατρός
2486 5435 2584 5488 καὶ
2630 5437 2980 5504 Πνεύματος
3026 5435 3147 5490 τῶν
3196 5434 3303 5487 δύο
3346 5426 3503 5491 ζωῶνο
3537 5417 3628 5480 ζωὴ
3665 5417 3714 5504 ’ξ’

2225 5524 2393 5595 ζωῆς,
2439 5527 2633 5594 ,φύσει
2678 5500 2805 5595 ζωὴ⁷
2827 5527 3269 5598 γνωριζόιιενος.
3330 5520 3456 5575 Ἀλλ’
3475 5508 3600 5598 οὗτοι,
3641 5500 3714 5598 tm

2224 5615 2368 5668 οὕτω
2397 5614 2497 5685 τὴν
2529 5616 2736 5687 Τριὰδα
2787 5620 3258 5689 τεθεοὶογήκασιν,
3295 5614 3364 5674 ὡς
3395 5592 3713 5689 ἀπεκαλύῨῩΨ

2227 5725 2326 5760 σαν
2354 5710 2417 5761 ὲκ
2445 5683 2540 5761 τοῦ
2571 5683 2907 5781 ﬂuuium-0;,
2941 5683 3115 5783 ἀρλίίιν
3150 5710 3245 5780 μὲν
3272 5704 3490 5759 εἰπόντες
3520 5692 3594 5783 τδξθ
3626 5683 3708 5783 ﬂ“:

2230 5802 2387 5872 τέρα,
2421 5807 2587 5874 μέσον
2617 5804 2672 5857 δὲ
2709 5806 2800 5858 τὸν
2826 5805 2972 5870 Υἱὸν,
3000 5806 3095 5860 και
3121 5806 3186 5860 δι’
3218 5798 3371 5856 αὐτοῦ
3396 5794 3448 5848 τὸ
3469 5770 3704 5843 nam“
