3970 6450
270 374 393 448 ίῦθτ

1108 379 1206 441 DE
1247 369 1768 440 PROCESSIONE
1806 371 1872 434 S.
1916 366 2274 433 SPIRITUS
2312 366 2538 428 ORAT.
2582 367 2629 427 Ι.

3370 361 3507 427 1098

265 502 432 574 ἃγιον,
470 493 553 565 οτς
582 500 744 572 ὑμεῖς
792 498 868 563 ὡς
911 496 1129 569 ὁδηγοῖς
1165 495 1450 560 εὐσεϐείας
1477 489 1870 564 ἀκολουθοῦν-⁴

1957 488 2200 545 :ordibus
2250 488 2369 543 suis
2416 486 2559 541 l'otas
2616 481 3034 540 circumferunt.
3088 479 3199 537 Nos
3237 492 3511 536 autcmex

264 612 368 660 τες,
421 594 544 660 ταίς
602 591 786 646 αὐτῶν
829 589 1200 653 διδασκαλίαις
1230 590 1324 642 καὶ
1375 589 1488 649 τοῖς
1524 585 1702 653 λόγοις
1734 584 1834 652 ὲμο

271 686 526 757 μένομεν.
551 683 616 736 Οί
644 682 699 735 δὲ
725 680 821 734 νῦν
843 678 1082 747 θεολόγοι
1104 677 1272 731 πόθεν
1287 675 1385 729 οὐκ
1404 667 1521 727 οἶδα
1547 670 1834 742 μαθόντες,

268 780 479 839 πάντως
511 776 618 829 ἀπὸ
662 772 873 835 κοιλίας
907 771 1089 824 αὐτῶν
1138 770 1316 839 μάτην
1350 764 1508 836 ἡμῶν
1555 760 1835 830 καταψεύ-

266 868 461 928 δονται,
490 866 633 920 κατὰ
666 863 934 936 γραμμὴν
958 862 1176 915 εὐθεῖαν
1209 859 1538 918 πλάττοντες
1592 851 1832 906 νοεῖσθαι

269 959 468 1029 ταύτην
500 959 656 1027 ἡμῖν.
689 957 752 1009 Οἳ
784 955 877 1008 καὶ
905 953 1067 1022 δῆθεν
1095 953 1209 1013 τοῖς
1231 948 1528 1019 ἡμετέροις
1560 939 1835 998 ἐναντιού-

274 1067 442 1120 μενοι,
496 1048 825 1118 διαγράφειν
886 1046 1092 1115 ἑτέρως
1156 1039 1455 1110 πειρῶνται
1505 1036 1606 1105 τὴν
1640 1032 1840 1104 ἀπερίε-

270 1156 510 1215 γραπτον
532 1158 545 1172 ·
579 1140 673 1193 καί
705 1155 837 1207 φασι
865 1138 1008 1190 κατὰ
1031 1134 1219 1204 σχῆμα
1240 1132 1496 1200 δεύτερον
1519 1129 1664 1198 ἔχειν
1696 1124 1835 1180 ταύ-

274 1250 372 1303 την
402 1234 435 1303 ἢ
472 1234 614 1285 κατὰ
647 1231 935 1300 τρίγωνον.
979 1226 1164 1279 Ἀλλοι
1190 1224 1258 1279 ’δὲ
1287 1223 1381 1281 καὶ
1411 1220 1647 1280 κύκλους
1688 1216 1839 1281 τινὰς

273 1326 690 1397 παρεισάγουσι,
720 1320 1023 1392 ουρφετούς
1048 1335 1201 1382 τινας
1232 1316 1433 1379 πάντες
1465 1311 1683 1369 ἐννοιῶν
1706 1311 1840 1363 ἀπο-

273 1418 556 1481 πτύοντες,
575 1414 669 1478 οὒς
698 1416 813 1477 ταῖς
846 1412 1092 1481 καρδίαις
1125 1409 1307 1463 αὐτῶν
1332 1406 1718 1477 ἐπισυρόμενοι
1743 1418 1841 1455 πε-

276 1509 606 1579 ριφέρουσιν.
650 1507 844 1578 Ἡμεῖς
867 1505 923 1559 δὲ
956 1504 1126 1576 μηδὲν
1158 1503 1294 1556 ἴδιον
1317 1501 1502 1567 λέγειν
1535 1495 1842 1567 τολμῶντες

276 1603 408 1655 κατὰ
434 1600 532 1672 τὴν
567 1599 819 1667 θεολόγον
860 1601 1066 1668 φωνὴν,
1115 1594 1480 1665 Ἀμέριστος,
1539 1590 1739 1662 φαμὲν,
1773 1587 1844 1641 ἐν

267 1695 587 1765 ιιεριστοῖς,
617 1696 670 1748 εὶ
702 1692 799 1747 δεῖ
828 1697 1143 1760 συντόμως
1171 1687 1383 1752 εἰπεῖν,
1414 1687 1451 1754 ἡ
1480 1685 1711 1750 θεότης,
1744 1679 1844 1734 καὶ

272 1783 396 1841 οἷον
425 1788 495 1840 ἐν
537 1786 737 1855 ἠλίοις
790 1783 988 1852 τρισὶν
1033 1778 1345 1850 ἐχομένοις
1389 1775 1685 1843 ἀλλήλων
1737 1771 1848 1842 μία

271 1878 373 1934 τοῦ
393 1877 589 1948 φωτὸς
619 1878 977 1947 σύγκρασις,
1011 1873 1274 1941 ἀπείρων
1302 1885 1367 1923 τε
1394 1865 1572 1938 τριῶν
1598 1866 1845 1933 ἄπειρος

1944 581 2180 654 propriis
2205 580 2343 636 nihil
2366 577 2612 651 proferre
2653 577 2920 632 audentes
2978 575 3282 631 secundum
3335 571 3517 628 Theo-

1941 675 2050 745 logi
2113 689 2326 740 vocem,
2386 672 2652 736 Indiuisa,
2693 669 2950 732 dicimus,
2984 669 3036 721 in
3088 668 3242 720 rebus
3295 666 3515 728 divisis,

1942 765 1990 819 si
2017 762 2157 818 brevi
2187 777 2423 817 sermone
2464 760 2778 838 absolvenda
2819 776 2898 814 res
2922 767 3023 823 est,
3056 756 3265 823 Deitas,
3289 767 3339 811 et
3365 757 3519 827 quasi

1944 855 2002 909 in
2025 855 2191 909 tribus
2237 853 2435 908 solibus
2482 862 2664 908 mutuo
2723 852 3110 907 adhwrentibus
3151 867 3259 905 una
3303 848 3521 903 luminis

1944 948 2144 1011 mistio,
2197 957 2246 1001 et
2303 947 2641 1016 inﬁnitarum
2689 947 2849 999 trium
2894 944 3107 1014 inﬁnita
3159 945 3383 999 coltazsio
3430 959 3524 1013 per

1940 1038 2117 1091 omnia
2152 1045 2200 1091 et
2233 1053 2390 1106 super
2419 1038 2601 1091 omnia
2639 1052 2756 1091 uere
2784 1037 3106 1105 perveniens.
3149 1034 3523 1089 Nihilominus
3552 1050 3563 1061 '

1941 1130 2103 1186 etiam
2146 1128 2251 1184 hoc
2303 1128 2489 1195 modo,
2527 1137 2589 1183 ut
2631 1127 2809 1183 sancti
2841 1126 3207 1192 tradiderunt,
3252 1127 3525 1197 principio

1940 1221 2093 1277 dives
2119 1230 2225 1285 est,
2255 1230 2309 1274 et
2339 1220 2580 1274 medium
2609 1220 2801 1289 iactat,
2834 1229 2889 1275 et
2929 1220 3075 1288 quod
3107 1220 3234 1274 inde
3278 1219 3526 1289 sequitur

1942 1327 2050 1367 non
2085 1310 2316 1381 respuit,
2334 1311 2515 1364 omnia
2540 1310 2700 1364 modo
2726 1309 2934 1364 divino.
2964 1307 3096 1366 Post
3118 1308 3359 1365 Verbum
3395 1326 3525 1365 vero

1944 1388 2209 1475 Spiritum
2229 1409 2476 1458 sanctum
2498 1401 2749 1475 intelligi,
2773 1401 2925 1457 testis
2940 1412 3022 1457 est
3044 1416 3272 1473 magnus
3295 1400 3528 1455 Basilius

1946 1495 2195 1551 oratione
2218 1494 2272 1549 in
2296 1494 2519 1549 fratrem
2548 1491 2850 1565 Nyssenum
2877 1492 3200 1561 Gregorium
3227 1508 3241 1544 :
3272 1492 3529 1561 Spiritus,

1945 1590 2146 1661 inquit,
2178 1591 2316 1644 hanc
2348 1590 2612 1644 notionem
2644 1597 2696 1643 et
2749 1588 3096 1659 cognoscibile
3142 1589 3352 1659 signum
3387 1587 3539 1656 ejus,

1947 1696 2064 1752 qua:
2106 1679 2393 1735 secundum
2435 1679 2764 1750 [typostasim
2813 1688 2915 1743 est,
2970 1678 3311 1746 proprietatis
3355 1676 3529 1741 habet,

1907 1840 1913 1846 ἡ
1949 1790 2052 1844 quo
2087 1783 2204 1842 post
2233 1770 2459 1837 Filium,
2485 1780 2534 1826 et
2563 1788 2683 1826 cum
2717 1769 2863 1825 Filio
2899 1771 3060 1824 simul
3091 1781 3140 1826 et
3181 1771 3292 1839 ipse
3323 1787 3376 1825 se
3402 1770 3531 1840 facit

1952 1864 2261 1918 internosci.

270 1969 543 2039 συμφυΐα
562 1964 874 2036 πανταχοῦ
901 1963 1001 2019 καὶ
1024 1964 1175 2032 ὑπὲρ
1204 1963 1270 2015 τὸ
1291 1959 1417 2016 πᾶν
1444 1958 1524 2026 τῷ
1588 1958 1716 2013 ὄντι
1783 1955 2106 2025 διήκουσα.
2145 1955 2293 2026 Πλὴν
2361 1956 2459 2010 καὶ
2531 1954 2674 2010 οὕτω
2733 1954 3040 2010 πλουτοῦσα
3097 1954 3241 2009 κατὰ
3289 1954 3389 2026 τὴν
3422 1952 3531 2006 τῶν

272 2064 440 2133 ἁγίων
494 2059 793 2129 παράδοσιν
845 2056 944 2128 τὴν
1014 2057 1210 2131 ἀρχὴν,
1270 2054 1333 2108 τό
1395 2070 1457 2106 τε
1521 2052 1684 2122 μέσον
1754 2047 2018 2121 αὐχοῦσα,
2070 2045 2164 2099 καὶ
2230 2046 2293 2099 τὸ
2333 2045 2477 2116 μετὰ
2546 2046 2705 2100 τοῦτο
2766 2045 3060 2117 δεχομένη,
3092 2045 3162 2098 τὰ
3192 2045 3368 2097 πάντα
3412 2044 3529 2098 θεο-

273 2154 520 2225 πρεπῶς.
550 2150 659 2206 Τοῦ
689 2150 746 2204 δὲ
785 2148 928 2220 μετὰ
954 2146 1047 2201 τὸν
1073 2146 1232 2214 λόγον
1259 2141 1577 2213 τδΠνεῦμα
1602 2137 1841 2194 νοεῖσθαι
1880 2138 1943 2191 τὸ
1976 2136 2133 2205 ᾶγιον
2197 2134 2409 2206 μάρτυς
2440 2137 2468 2188 ό
2536 2135 2710 2204 μέγας
2760 2135 3063 2197 Βασίλειος.
3094 2133 3154 2196 ὃς
3185 2136 3242 2188 ὲν
3271 2133 3350 2204 τῷ
3393 2134 3529 2203 πρὶς

271 2251 361 2303 τὸν
399 2247 600 2300 οἰκεῖον
644 2243 874 2312 ἀδελφὺν
904 2240 1207 2313 Γρηγόριον
1259 2239 1350 2292 τὸν
1404 2236 1628 2306 Νύσσης
1659 2235 1825 2305 λόγῳ,
1873 2233 1944 2287 Τὸ
2011 2231 2276 2302 Πνεῦμα,
2321 2230 2476 2301 φησὶ,
2523 2231 2589 2284 τὸ
2622 2229 3023 2300 πωριστικόν
3068 2227 3181 2297 τῆς
3213 2228 3364 2284 κατὰ
3419 2231 3537 2297 τὴν

271 2342 615 2398 ὑπόστασιν
646 2334 940 2400 ἰδιότητος
964 2330 1218 2402 σημεῖον
1245 2331 1372 2399 ἔχει
1415 2329 1483 2383 τὸ
1530 2328 1682 2399 μετά
1733 2327 1840 2379 τόν
1876 2323 2014 2378 Υιὸν
2043 2325 2142 2379 καὶ
2176 2324 2299 2378 σὺν
2327 2323 2491 2390 αὐτῷ
2517 2321 2928 2394 γνωρίζεσθαι.

343 2430 448 2502 λβ’.
481 2431 703 2497 Τούτων
749 2427 923 2492 οὓτως
976 2426 1212 2498 ἑχόντων
1258 2425 1570 2494 ούκ.ἁγνοῶ
1601 2440 1663 2492 γε
1702 2422 1843 2491 τάχα

2020 2418 2112 2474 32.
2157 2419 2281 2474 llaec
2331 2419 2408 2475 ita
2457 2434 2516 2475 se
2568 2419 2793 2485 habent,
2842 2428 2896 2475 ct
2925 2434 3028 2491 ego
3072 2435 3196 2491 qua:
3260 2421 3535 2491 prtediitis

280 2523 375 2579 καὶ
415 2523 488 2577 τὰ
533 2520 796 2574 δοκοῦντα
824 2520 937 2583 τοῖς
989 2517 1084 2572 νῦν
1135 2517 1347 2589 ῥηθεῖσι
1403 2512 1844 2585 προσίστασθαι*

280 2615 466 2685 διόπερ
498 2609 684 2665 mea:
712 2612 942 2664 κάκεῖνα
996 2609 1219 2679 προθεὶς
1269 2609 1371 2678 τὴν
1422 2604 1849 2661 ἀνακύπτουσαν

282 2706 343 2772 ἐξ
378 2704 561 2760 αὐτῶν
617 2701 949 2772 ἀμφιϐολίαν
1000 2700 1076 2762 ὡς
1124 2692 1238 2752 οἷόν
1293 2714 1353 2751 τε
1382 2695 1633 2751 διαλῦσαι
1661 2693 1853 2765 πειρά-

280 2814 471 2867 σομαι,
506 2797 604 2865 τῆς
636 2792 898 2862 ἀληθείας
953 2790 1096 2845 κατὰ
1126 2789 1358 2861 δύναμιν
1412 2786 1850 2856 ἁντιποιησάμε-

280 2906 389 2950 νος.
425 2885 486 2939 '0
515 2885 613 2958 μὲν
646 2884 757 2954 γὰρ
786 2886 843 2937 ὲν
873 2884 1050 2952 ἁγίοις
1089 2881 1279 2952 Πατὴρ
1331 2877 1491 2951 ἡμῶν
1534 2877 1852 2940 Ἀθανάσιος

280 2980 339 3034 ὲν
387 2978 560 3048 ὀγδόῳ
593 2977 701 3030 τῶν
731 2978 1067 3046 πεντήκοντα
1097 2972 1432 3043 κεφαλαίων,
1463 2965 1538 3025 ὧν
1565 2973 1664 3040 τὴν
1694 2967 1852 3022 ἐκθε-

282 3090 365 3124 σιν
394 3072 462 3125 ὲκ
496 3069 814 3141 μαρτυριῶν
870 3068 1172 3138 ἐποιήσατο
1202 3062 1514 3136 γραφικῶν,
1573 3061 1667 3116 ἐπὶ
1718 3061 1854 3114 πᾶσι

277 3165 349 3217 τὰ
380 3163 521 3215 αὐτὰ
568 3162 853 3230 προσεῖναι
908 3157 988 3227 τῷ
1043 3157 1220 3228 Πατρὶ
1270 3157 1365 3209 καὶ
1402 3154 1479 3226 τῷ
1509 3153 1651 3224 ἁγίῳ
1683 3151 1852 3206 Πνεύ·

283 3270 414 3322 ματι
448 3250 828 3323 παραστῆσαι,
860 3249 959 3304 καὶ
993 3247 1087 3302 τοῦ
1124 3246 1445 3318 Πνεύματος
1481 3246 1544 3298 τδ
1576 3243 1854 3315 καθῆσθαι

277 3343 568 3410 δεικνύων,
598 3343 789 3414 ὥσπερ
819 3342 917 3396 καλ.
941 3339 1034 3395 τοῦ
1064 3340 1280 3412 [ἰατρὸς
1310 3340 1404 3392 καὶ
1437 3336 1531 3391 τοῦ
1569 3335 1724 3401 Υἱοῦ,
1779 3336 1856 3406 μὴ

284 3439 448 3505 μόνον
477 3436 533 3491 δὲ
560 3436 698 3489 ἀλλὰ
732 3434 913 3489 καὶτὸ
945 3432 1348 3503 συγκαθῆσθαι,
1375 3432 1500 3486 τάδε
1547 3431 1682 3501 πρὸς
1729 3428 1859 3492 ἔπος

278 3529 663 3598 διαλαμϐάνων
686 3527 821 3598 φησί
843 3543 859 3560 ο
904 3525 1013 3581 Τοῦ
1054 3525 1286 3594 Πατρός
1317 3523 1423 3580 τοῦ
1451 3523 1677 3593 Κυρίου
1708 3520 1859 3590 πρὸς

278 3620 688 3688 τὸνὸῙωάννην
707 3620 1015 3691 λέγοντος,
1032 3617 1160 3687 Ἐφ’
1184 3616 1256 3671 δν
1280 3616 1356 3671 ἂν
1369 3617 1520 3683 ἴδοις
1536 3616 1603 3670 τὸ
1620 3615 1859 3682 Πνεῦμα

276 3711 645 3767 καταϐαῖνον
672 3710 771 3765 καί
794 3710 984 3781 μένον
1011 3711 1082 3764 ἐν
1113 3708 1295 3775 αὐτῷ,
1333 3712 1365 3762 ό
1412 3710 1627 3777 Κύριος
1652 3703 1823 3762 εἶπεν
1841 3720 1857 3737 ⁸

1952 2513 2237 2569 adversari
2289 2513 2547 2568 videntur
2597 2512 2758 2584 plane
2803 2529 3080 2585 cognosco
3137 2534 3151 2570 :
3201 2526 3534 2586 quapropter

1951 2606 2062 2661 illis
2111 2605 2202 2661 hic
2231 2607 2451 2677 positis,
2490 2623 2611 2677 quae
2655 2623 2720 2663 ex
2757 2609 2894 2677 ipsis
2951 2608 3117 2665 dubia
3167 2609 3439 2675 oriuntur,
3477 2621 3536 2667 ut

1949 2698 2097 2754 vires
2149 2699 2482 2765 concedunt,
2528 2699 2830 2756 dissolvere
2888 2701 3158 2766 conabor,
3188 2698 3444 2769 veritati,
3476 2715 3536 2759 ut

1951 2788 2070 2845 ﬁeri
2113 2799 2310 2861 potest,
2367 2790 2617 2848 innixus.
2668 2792 2906 2848 Sanctus
2957 2793 3102 2848 enim
3135 2793 3297 2848 Pater
3345 2804 3536 2851 noster

1951 2881 2291 2937 Athanasius
2322 2883 2376 2937 in
2428 2891 2624 2939 octavo
2663 2883 3062 2953 quinquaginta
3099 2883 3365 2954 capitum,
3395 2900 3536 2955 quo-

1954 2988 2077 3028 rum
2129 2974 2528 3044 expositionem
2578 2989 2645 3030 ex
2688 2975 2897 3046 scripto
2937 2976 3160 3032 traditis
3204 2978 3537 3033 testimoniis

1956 3080 2245 3136 aggressus
2282 3074 2388 3129 est,
2424 3065 2480 3120 in
2532 3066 2790 3122 omnibus
2823 3065 3014 3121 eadem
3066 3067 3257 3124 inesse
3286 3068 3433 3124 Patri
3484 3080 3540 3124 ct

1956 3157 2098 3213 Filio
2126 3166 2182 3213 et
2210 3157 2438 3228 Spiritui
2481 3168 2674 3214 sancto
2707 3158 2939 3227 probare
2972 3158 3187 3224 volens,
3214 3169 3269 3215 et
3295 3159 3538 3230 Spiritus

1958 3250 2258 3307 sessionem
2306 3265 2452 3319 esse,
2480 3251 2948 3320 quemadmodum
3002 3261 3057 3306 et
3105 3252 3283 3307 Patris
3313 3262 3367 3308 ct
3415 3251 3537 3306 Filii

1959 3341 2360 3405 demonstrans,
2386 3355 2488 3397 nec
2515 3342 2693 3396 solum
2714 3340 2790 3406 id,
2810 3343 2906 3397 scd
2932 3345 3096 3398 etiam
3122 3343 3285 3398 simul
3324 3345 3537 3408 sedero,

1961 3434 2077 3488 haec
2101 3433 2169 3488 ad
2200 3434 2428 3488 verbum
2458 3433 2642 3503 inquit
2679 3451 2694 3489 :
2734 3432 2896 3488 Patre
2932 3433 3147 3490 Domini
3177 3437 3245 3488 ad
3273 3434 3539 3490 Joannem

1960 3525 2199 3579 dicente:
2231 3523 2398 3593 Super
2427 3542 2580 3595 quem
2610 3527 2804 3580 videris
2839 3525 3099 3596 Spiritum
3119 3527 3539 3593 descendentem,

1961 3625 2011 3671 et
2039 3625 2331 3670 manentem
2362 3618 2416 3670 in
2444 3617 2560 3684 illo,
2585 3615 2844 3673 Dominus
2877 3619 3014 3673 dixit
3040 3634 3058 3673 :
3081 3618 3140 3683 Si
3169 3618 3335 3674 Pater
3363 3622 3455 3692 qui
3485 3622 3541 3675 in

1962 3721 2045 3758 me
2079 3713 2277 3768 manet,
2329 3705 2438 3773 ipse
2478 3706 2606 3774 facit
2655 3721 2837 3773 opera.
2880 3706 3183 3761 Secundum
3224 3709 3402 3778 itaque
3431 3711 3540 3763 Iure

282 3807 352 3859 El
381 3803 449 3857 δὲ
478 3807 510 3859 ό
545 3805 747 3871 Πατὴρ
860 3803 930 3857 ἐν
958 3802 1090 3872 ἐμοὶ
1127 3768 1333 3874 μένων
1362 3768 1544 3867 αὑτός
1594 3768 1753 3855 ἑτοιεῖ
1788 3801 1862 3856 τὰ

1967 3797 2264 3851 testimonia
2292 3796 2473 3862 dicito,
2511 3794 2674 3850 Pater
2699 3805 2747 3850 et
2778 3795 3009 3865 Spiritus
3035 3809 3246 3861 manent
3279 3768 3335 3853 in
3368 3798 3542 3865 Filio,

279 3897 447 3968 ἔργα.
478 3897 626 3951 Εἰπὲ
653 3891 768 3952 οὖν
814 3896 966 3950 κατὰ
1021 3896 1128 3963 τὰς
1174 3894 1530 3966 μαρτυρίας,
1567 3895 1601 3947 ὁ
1659 3891 1863 3961 Πατὴρ

282 3986 387 4040 καί
421 3988 489 4041 τὸ
512 3987 757 4056 Πνεῦμα
780 3987 1080 4057 μένουσιν
1105 3985 1175 4039 ἐν
1208 3984 1287 4051 τῷ
1321 3982 1429 4049 Υίῷ
1461 3983 1500 4052 ἢ
1532 3982 1640 4048 οῦ;
1680 3980 1863 4048 Φησὶ,

279 4076 621 4135 Μένουσιν.
660 4080 728 4131 Ei
760 4073 876 4132 οὖν
902 4077 972 4131 ὲν
998 4073 1079 4142 τῷ
1112 4075 1240 4141 Υίῷ,
1271 4074 1569 4144 μένουσιν
1598 4075 1630 4127 ό
1662 4070 1864 4141 Πατὴρ

280 4171 388 4223 καί
421 4170 490 4222 τὸ
535 4169 800 4238 Πνεῦμα,
851 4168 961 4224 τοῦ
1027 4170 1166 4221 Υίοῦ
1202 4167 1592 4231 καθίσαντος,
1627 4165 1863 4233 ἀνάγκη

279 4257 459 4315 πᾶσα
489 4258 911 4329 συγκαθῆσθαι
954 4256 1114 4322 αὐτῴ
1144 4258 1244 4312 καὶ
1286 4255 1429 4322 τοὺς
1466 4257 1765 4324 μένοντας
1795 4253 1867 4310 ἐν

281 4350 468 4416 αὐτῷ.
505 4351 622 4405 Καὶ
665 4350 781 4420 μετ’
810 4349 968 4418 ὀλίγα
992 4367 1006 4380 ·
1042 4346 1131 4414 Τῷ
1156 4349 1273 4418 μὲν
1304 4347 1414 4413 Υίῷ
1441 4347 1622 4416 Ισμεν
1651 4347 1866 4415 ἀφωρι-

281 4445 526 4514 σμένην
545 4443 779 4497 δίαιταν
796 4443 864 4495 ἐκ
894 4439 1110 4506 δεξιῶν
1127 4438 1231 4494 τοῦ
1260 4437 1507 4507 Πατρός,
1532 4436 1733 4502 ὥσπερ
1754 4433 1868 4493 οὖν

284 4536 444 4604 πρὸς
477 4537 586 4588 τὸν
632 4532 852 4588 ἑαυτοῦ
900 4532 1038 4585 Υιὸν
1080 4526 1233 4592 εἷπε,
1266 4548 1285 4581 s
1316 4528 1516 4584 Κάθου
1543 4526 1613 4581 ἐκ
1655 4525 1868 4591 δεξιῶν

284 4645 431 4698 μουο
458 4644 477 4678 ι
497 4627 564 4680 ἐκ
599 4624 667 4678 δὲ
689 4625 795 4679 τοῦ
817 4625 1061 4678 καθίσαι
1082 4626 1148 4677 ἐκ
1169 4618 1385 4685 δεξιῶν
1412 4621 1517 4675 τὸν
1541 4620 1675 4674 Υίὸν
1697 4618 1870 4674 ἐστιν

281 4718 611 4785 ἐπινοῆσαι
642 4715 673 4769 ὃ
705 4714 832 4770 κατ’
861 4712 1195 4782 ἐπιτροπὴν
1223 4709 1355 4767 εἷπε
1396 4712 1490 4767 καί
1537 4711 1615 4778 τῷ
1648 4711 1869 4768 ἑαυτοῦ

282 4812 618 4880 Ιινεύματι,
638 4808 839 4862 Κάθου
861 4805 932 4870 ἐξ
952 4806 1274 4874 εὐωνύμων
1291 4823 1411 4875 μου
1431 4822 1445 4836 ·
1464 4804 1570 4859 τοῦ
1604 4804 1672 4858 δὲ
1691 4808 1871 4874 καθη-

276 4899 479 4972 μένου
500 4901 539 4969 ἡ
564 4899 933 4969 προσηγορία
950 4894 1280 4965 ἀξιώματός
1292 4894 1424 4950 ἐστι
1436 4896 1732 4967 σημασία.
1760 4896 1872 4951 Καὶ

281 4993 471 5049 ταῦτα
505 4993 604 5063 μὲν
633 4993 661 5044 ὀ
693 4991 972 5053 θειότατος
1013 4988 1330 5050 Ἀθανάσιος
1358 4990 1418 5041 ιν
1452 4983 1534 5051 οἷς
1568 4990 1635 5043 ὲκ
1679 4989 1870 5056 δεξιῶν

1965 3887 2044 3943 uel
2060 3904 2164 3942 non
2180 3888 2316 3956 i’Ait,
2342 3886 2580 3944 Manent.
2604 3887 2664 3944 Si
2685 3890 2946 3960 itaque-in
2971 3888 3113 3945 Filio
3140 3901 3350 3946 manent
3379 3891 3544 3945 Pater

1964 3988 2012 4032 et
2043 3977 2295 4049 Spiritus,
2346 3997 2466 4035 cum
2492 3981 2680 4037 sederit
2713 3981 2884 4037 Filius
2932 3984 3226 4037 necessario
3279 3992 3326 4036 et
3356 3984 3438 4037 illi
3470 3984 3545 4037 si-

1965 4071 2080 4124 mul
2115 4057 2390 4137 sedébunt,
2450 4075 2541 4142 qui
2575 4086 2787 4128 manent
2827 4075 2882 4130 in
2910 4092 2992 4129 eo.
3045 4076 3114 4130 Et
3154 4084 3278 4146 post
3318 4091 3490 4148 pauca
3525 4094 3539 4132 :

1966 4161 2100 4217 Filio
2122 4163 2317 4217 scimus
2349 4166 2719 4235 praescriptum
2771 4182 2879 4220 esse
2919 4166 3090 4222 locum
3144 4185 3174 4220 a
3199 4168 3400 4224 dextris
3429 4167 3545 4223 Ραο

1968 4257 2088 4311 tris.
2117 4254 2571 4322 Quemadmodum
2620 4259 2759 4312 enim
2792 4258 2863 4312 ad
2909 4275 3064 4313 suum
3112 4258 3318 4314 Fit’ium
3359 4262 3497 4315 dixit
3523 4278 3542 4316 :

1976 4368 1995 4402 ι
2031 4350 2167 4407 Sede
2199 4368 2231 4406 a
2255 4352 2457 4408 dextris
2495 4355 2621 4407 meis
2640 4355 2706 4406 '°.
2760 4371 2778 4405 ι
2811 4351 2945 4407 tium
2976 4370 3093 4408 vero
3123 4354 3316 4409 sederit
3362 4374 3394 4410 a
3419 4357 3549 4411 dea:-

1974 4443 2070 4497 tris
2105 4442 2304 4509 Filius,
2338 4444 2499 4496 datur
2523 4444 2666 4500 nobis
2697 4444 2944 4515 intelligi,
2976 4445 3317 4501 mandantem
3337 4448 3541 4505 dixisse

1967 4545 2017 4590 et
2041 4552 2138 4591 suo
2158 4535 2387 4605 Spiritui
2408 4554 2427 4592 :
2447 4537 2581 4592 Sede
2613 4555 2645 4591 a
2665 4539 2898 4593 sinistris
2927 4539 3057 4593 meis
3074 4554 3093 4593 :
3116 4538 3343 4595 sedentis
3368 4550 3548 4596 autem

1971 4626 2257 4696 appellatio
2291 4628 2574 4698 dignitatis
2605 4641 2683 4683 est
2732 4629 2962 4700 signum.
3015 4629 3079 4683 Et
3105 4630 3225 4685 haec
3266 4631 3548 4689 divinissi-

1971 4732 2094 4773 mus
2121 4718 2454 4774 Athanasius
2477 4732 2600 4773 cum
2629 4728 2854 4784 asserat,
2873 4718 3072 4774 Filium
3091 4735 3121 4776 a
3144 4719 3352 4778 dextris
3368 4721 3549 4779 Patris

1972 4811 2204 4879 sedisse,
2227 4817 2283 4866 et
2326 4812 2476 4868 sedis
2514 4826 2542 4867 a
2581 4811 2821 4868 sinistris
2848 4821 3070 4885 propter
3106 4812 3371 4885 Spiritum
3398 4831 3550 4873 men-

1974 4902 2174 4959 tionem
2210 4902 2455 4969 inducat,
2508 4904 2726 4961 videtur
2753 4905 3154 4974 quodammodo
3178 4907 3395 4964 Patrem
3429 4924 3550 4964 mc-

1972 4993 2123 5049 dium
2152 4994 2293 5048 inter
2323 4992 2519 5049 Filium
2550 5003 2605 5050 et
2638 4994 2901 5066 Spiritum
2941 5007 3190 5052 sanctum
3221 4997 3549 5053 decrevisse.

282 5082 571 5157 καθῆσθαι
617 5085 714 5139 τοῦ
765 5084 983 5154 Πατρδς
1016 5082 1109 5136 τὸν
1152 5081 1279 5135 Υίὸν
1334 5080 1595 5152 εἰρηκὼς,
1626 5083 1723 5136 καὶ
1769 5083 1870 5154 τῆς

1976 5085 2044 5139 Ει
2071 5085 2162 5151 qui
2196 5084 2251 5139 in
2283 5084 2557 5156 theologia
2583 5087 2881 5154 praecelluit
2903 5086 3197 5158 Gregorius
3227 5089 3473 5143 oratione
3497 5089 3553 5142 iu

283 5182 358 5247 se
385 5177 686 5249 εὐωνύμων
713 5177 772 5231 δὲ
802 5176 1074 5247 καθέδρας
1113 5174 1205 5228 διὰ
1257 5174 1319 5228 τὸ
1349 5173 1575 5244 Πνεῦμα
1607 5174 1870 5245 μνησθεὶς

280 5266 545 5325 ὁπωσοῦν
569 5269 716 5321 ἔοικε
743 5267 835 5321 τὸν
864 5266 1081 5337 Πατέρα
1121 5267 1287 5336 μέσον
1320 5259 1460 5318 εἶναι
1491 5264 1697 5318 τούτων
1726 5264 1867 5320 ἁπο-

286 5363 638 5432 φηνάμενος.
681 5359 742 5413 '0
771 5359 818 5412 δ’
852 5342 915 5412 ὲν
940 5357 1194 5428 θεολογξᾳ
1219 5356 1535 5427 διαλάμψας
1567 5355 1871 5428 Γρηγόριος

284 5450 357 5507 ἐν
384 5453 485 5522 μὲν
509 5450 589 5524 τῷ
617 5453 761 5523 λόγῳ
788 5450 866 5522 τῷ
896 5450 976 5515 είς
1009 5450 1111 5521 τὴν
1143 5449 1252 5505 τῶν
1291 5455 1366 5519 ρν¹
1388 5449 1705 5503 ἐπισκόπων
1728 5463 1874 5518 παρ-

281 5543 493 5600 ουσίαν
537 5543 763 5599 τοιαῦτα
824 5545 966 5596 κατὰ
1021 5542 1172 5612 ῥῆμα
1230 5540 1507 5606 διέξιισιψ
1568 5540 1756 5609 φύσις
1804 5539 1874 5595 δὲ

282 5634 424 5702 τοῖς
472 5633 633 5703 τρισί
673 5634 810 5700 μία·
857 5633 1072 5699 ἔνωσις
1111 5633 1180 5687 δὲ
1213 5634 1246 5687 d
1291 5630 1519 5701 Πατὴρ,
1549 5631 1619 5696 ἐξ
1672 5624 1743 5689 οὗ
1774 5632 1874 5687 καὶ

374 5790 423 5824 ⁸⁸
446 5788 595 5847 Psal.
622 5801 736 5852 cut,
765 5787 818 5843 1.

621 5882 898 5942 ΡΑτιιοι.
938 5881 1054 5941 Gn.
1093 5878 1194 5942 CX
1207 5878 1300 5941 L1.

1794 5830 1871 5860 ’4⁷⁸⁷

258 5959 328 5971 wn..-

1978 5175 2082 5231 150
2098 5175 2481 5246 episcoporum
2515 5177 2808 5235 adventum
2835 5179 3113 5250 ipsissima
3142 5178 3310 5236 verba
3349 5181 3548 5234 habet:

1982 5264 2199 5320 Natura
2219 5277 2395 5322 autem
2415 5267 2581 5323 tribus
2604 5285 2745 5325 una:
2767 5272 2892 5325 unio
2918 5287 3041 5327 uero
3071 5270 3260 5337 Pater,
3277 5285 3342 5325 ea:
3374 5287 3477 5340 quo
3500 5280 3551 5325 et
3642 5262 3647 5271 ’

1977 5355 2049 5410 ad
2103 5372 2257 5426 quem
2316 5357 2638 5427 referuntur,
2695 5375 2812 5431 qua
2862 5359 3271 5432 subsequuntur.
3316 5358 3553 5417 Medium

1977 5456 2031 5503 et
2061 5450 2178 5520 ipse
2231 5447 2447 5506 Patrem
2511 5452 2729 5508 videtur
2761 5453 3194 5519 quodammodo
3260 5452 3552 5508 collocare.

1979 5539 2179 5596 Eorum
2208 5540 2354 5597 enim
2400 5557 2522 5614 qua
2567 5543 2829 5599 uniuntur
2859 5543 3097 5598 medium
3127 5552 3210 5599 est
3234 5543 3382 5614 quod
3412 5544 3556 5609 unit,

1977 5642 2033 5689 et
2064 5632 2226 5691 unio.’
2250 5634 2319 5690 Et
2346 5633 2403 5691 in
2429 5635 2783 5692 antirrhetico
2821 5633 2892 5690 de
2945 5632 3153 5705 Spiritu
3187 5643 3399 5701 sancto,
3430 5634 3554 5706 Spi-

3066 5883 3141 5945 35
