3970 6418
512 303 646 364 109]

1526 307 1667 368 CON
1675 303 1996 367 STANTIN
2006 307 2030 366 1
2073 302 2416 370 MELITEN
2427 308 2620 370 lOT.E

3573 322 3681 393 illiti

508 413 674 466 ritum
718 426 801 466 me
826 411 953 466 lium
987 412 1125 467 inter
1154 411 1367 467 Patrem
1401 422 1454 468 et
1474 414 1669 469 Filium
1712 417 1889 485 palam
1956 430 2078 486 pro-

2182 417 2334 484 πρὸς
2358 419 2433 473 ὃν
2482 419 2765 490 ἀνάγεται
2797 421 2868 477 τὰ
2905 422 3074 491 ἑξῆς.
3102 426 3279 480 Μέσον
3330 429 3418 484 καὶ
3442 425 3575 500 οὗτος
3617 456 3688 493 τον

510 503 802 558 nuntiavit.
837 502 927 557 Sic
970 505 1112 558 enim
1164 505 1404 576 loquitur
1441 524 1453 559 :
1488 506 1716 578 Spiritus
1749 518 1962 563 sanctus
1995 510 2085 580 qui

510 612 543 648 α
567 595 722 648 i-‘atre
736 597 989 665 procedit,
1006 596 1093 666 qui
1112 599 1188 650 uti
1206 590 1324 652 inde
1337 600 1590 667 procedit,
1611 617 1711 655 non
1732 601 1990 671 estlcreatu
2001 618 2084 666 ra,

510 691 590 744 uti
614 705 729 741 vero
758 690 1016 757 ingenitus
1053 697 1149 753 est,
1188 706 1290 743 non
1323 702 1399 745 est
1439 690 1657 755 Filius;
1689 694 1766 745 uti
1819 710 1936 747 vero
1982 709 2084 747 non

509 782 673 851 geniti
710 781 971 850 geuitique
1003 783 1225 842 medius,
1252 780 1392 837 Deus
1413 795 1514 838 est.
1564 783 1667 838 Sed
1713 794 1771 839 ut
1805 786 2083 854 proposita

510 870 674 924 dubia
706 870 914 924 solvere
931 856 1238 941 aggrediar,
1267 889 1293 924 a
1316 885 1594 942 postremo
1622 873 1724 928 hoc
1749 876 1812 927 ad
1846 874 2082 943 primum

510 962 731 1014 inverso
756 962 948 1016 ordine
980 963 1298 1031 progrediar
1330 980 1342 1015 :
1378 965 1459 1019 sic
1482 965 1627 1018 enim
1664 967 1840 1020 oratio
1865 965 2081 1022 facilius

510 1053 815 1122 meliusque
851 1054 1126 1122 procedet.
1169 1053 1286 1109 Non
1348 1057 1518 1126 ipsam
1554 1057 1788 1127 Spiritus
1824 1059 2082 1129 hyposta-

509 1146 612 1197 sim
658 1159 812 1199 mens
845 1146 1073 1215 vigilans
1101 1145 1444 1219 [Gregorius]
1478 1149 1614 1202 inter
1654 1148 1865 1203 Patrem
1901 1159 1954 1205 et
1994 1150 2085 1205 Fi-

507 1238 641 1290 lium
704 1237 942 1291 mediam
983 1239 1324 1306 existimans,
1386 1241 1482 1295 sed
1517 1244 1906 1313 opponentium
1937 1243 2079 1297 divi-

508 1330 743 1393 sionem,
787 1344 908 1397 qua:
940 1337 1080 1396 erat,
1117 1331 1162 1384 si
1194 1330 1334 1387 Deus
1370 1332 1605 1402 Spiritus
1639 1343 1741 1398 est,
1766 1344 1859 1388 aut
1886 1343 1969 1390 est
1996 1335 2082 1388 in-

504 1421 720 1489 gt'uilus
744 1428 837 1473 aut
891 1421 1127 1490 genitus,
1185 1422 1278 1491 qui
1313 1423 1446 1477 nihil
1484 1425 1622 1478 inter
1680 1424 1802 1480 illos
1840 1425 2080 1479 medium

505 1525 627 1563 esse
661 1510 1082 1579 suspicabantur
1144 1511 1436 1578 refellens,
1492 1513 1691 1568 similia
1753 1515 1962 1569 scribit.
2015 1514 2081 1570 Et

498 1599 733 1669 hujusce
756 1600 830 1654 rei
869 1601 1133 1670 interpres
1156 1605 1607 1659 accuratissimus
1631 1622 1735 1660 non
1756 1606 1895 1662 alius
1917 1622 2079 1677 quam

505 1691 592 1743 hic
633 1690 745 1760 ipse
780 1691 961 1755 inerit,
1000 1693 1093 1760 qui
1142 1693 1450 1763 anticipans
1506 1696 1881 1750 adversarium
1916 1697 2082 1751 inter-

505 1784 717 1851 rogavit
762 1800 775 1834 :

507 1877 658 1939 mihi,
691 1876 919 1928 medium
945 1877 995 1929 in
1030 1887 1118 1930 tua
1148 1878 1401 1931 divisione
1421 1881 1702 1933 exortum?
1729 1877 1841 1934 Hoc
1878 1888 1983 1945 est,
2020 1890 2079 1935 tu

506 1969 725 2037 quidem
763 1978 906 2020 tuam
960 1967 1280 2022 divisionem
1325 1969 1395 2022 ita
1437 1984 1495 2023 se
1532 1970 1729 2024 habere
1767 1971 2077 2040 suspicatus

502 2079 586 2121 (ιδ,
620 2061 777 2127 quasi
814 2058 902 2109 illa
941 2058 1126 2111 omnia
1178 2059 1626 2125 comprehendat,
1686 2069 1737 2114 et
1770 2062 1904 2116 nihil
1935 2064 2080 2133 quod

504 2168 614 2204 non
673 2151 726 2204 in
780 2166 841 2202 ea
878 2150 948 2203 sit
984 2149 1329 2218 relinquatur
1367 2168 1380 2205 :
1416 2160 1469 2205 at
1517 2152 1569 2205 in
1599 2152 1742 2208 illius
1797 2155 1976 2209 medio
2014 2170 2080 2210 ex

504 2241 791 2314 negatione
840 2250 1211 2296 extremorum
1249 2244 1553 2312 procedens
1608 2246 1883 2315 apparuit,
1932 2246 2079 2317 quod

503 2348 613 2388 non
689 2341 773 2388 est
834 2349 1011 2402 neque
1077 2334 1398 2402 ingenitum,
1459 2351 1637 2404 neque
1697 2338 1965 2407 genitum.
2011 2338 2080 2394 Et

503 2426 606 2480 l.ac
631 2426 843 2479 ratione
876 2426 1111 2479 medium
1146 2426 1284 2479 dixit
1315 2425 1578 2496 Spiritum
1617 2438 1897 2494 sanctum,
1952 2445 2077 2486 cutn

502 2532 614 2587 pra:
658 2516 736 2571 his
768 2516 1007 2586 ingenito
1035 2531 1230 2586 nempe
1278 2528 1442 2586 atque
1472 2518 1656 2587 genito
1705 2520 1852 2574 aliud
1911 2529 2076 2587 esset,

506 2622 702 2678 netnpe
729 2609 1054 2677 procedens,
1089 2606 1234 2678 quod
1263 2616 1629 2664 extremorum
1665 2612 1976 2676 divisionis,
2021 2620 2079 2666 ut

501 2702 704 2755 dictum
754 2709 858 2763 est,
910 2701 1199 2771 negatione
1267 2700 1504 2755 medium
1560 2703 1832 2757 exsistens
1890 2712 2078 2760 contra

503 2807 783 2863 opponens
840 2793 1077 2862 maligne
1153 2795 1521 2863 supprimens,
1581 2809 1646 2848 ex
1716 2796 1923 2850 duobus
1974 2796 2081 2853 illis

504 2898 670 2937 unum
704 2882 1029 2937 adnectebat
1071 2884 1387 2938 necessario
1416 2884 1664 2955 Spiritui,
1725 2885 1894 2942 Deum
1926 2887 2077 2940 illum

502 2989 645 3040 esse,
678 2975 821 3044 quod
863 2983 1112 3028 neutrum
1143 2974 1361 3028 illorum
1415 2980 1534 3029 sine
1577 2977 1948 3032 controversia
1986 2994 2078 3032 ex-

500 3068 745 3132 sisteret,
798 3067 1057 3121 dirimere
1091 3066 1232 3121 l‘orte
1279 3069 1653 3135 contendens;
1689 3069 1930 3125 taedium
1965 3085 2069 3125 au-

504 3174 612 3219 tem
648 3163 937 3220 divisionis
993 3164 1433 3220 adversariorum
1484 3172 1855 3219 extremorum
1918 3180 2079 3236 nega-

503 3260 672 3322 tione,
704 3267 763 3312 ut
793 3258 908 3326 jam
955 3256 1221 3319 diximus,
1271 3257 1346 3310 uti
1391 3257 1718 3325 procedens,
1780 3256 2078 3311 secundum

504 3348 719 3404 Domini
769 3364 957 3404 vocem
1022 3351 1295 3418 apparuit.
1360 3347 1473 3403 Hoc
1510 3348 1649 3402 idem
1695 3350 1811 3417 ipse
1851 3361 2080 3416 magnus

503 3439 663 3495 Pater
744 3439 1015 3495 similibus
1108 3439 1471 3495 divisionibus
1555 3440 1782 3494 validior
1860 3440 2075 3511 inquit.

505 3533 580 3586 Ita
649 3547 751 3601 ego
814 3532 882 3586 de
942 3533 1046 3587 hoc
1103 3531 1281 3587 sentio
1336 3543 1385 3588 et
1451 3533 1599 3588 hunc
1656 3533 1913 3603 praesenti
1982 3549 2081 3587 au-

500 3624 739 3683 ctoritati
803 3623 1136 3678 intellectum
1196 3624 1449 3679 exhibeo.
1496 3623 1826 3679 Atmedium
1860 3624 2075 3680 Patrem

501 3717 716 3771 videtur
769 3717 981 3782 dicere,
1059 3732 1183 3771 cum
1247 3732 1441 3772 rursus
1511 3718 1586 3772 ait
1636 3734 1649 3771 :
1696 3716 1832 3772 Unio
1903 3729 2079 3774 autem

497 3810 666 3868 Pater
701 3820 800 3872 est,
835 3825 899 3862 ea:
925 3824 1025 3879 quo
1051 3818 1100 3863 et
1127 3810 1196 3863 ad
1225 3825 1374 3879 quem
1404 3810 1723 3878 referuntur,
1751 3828 1865 3882 qua’
1891 3815 2073 3867 subse-

498 3910 755 3971 quuntur.
788 3899 1028 3953 Piimum
1096 3899 1316 3968 quidem
1363 3903 1603 3954 nomium
1634 3902 1808 3970 capio,
1839 3918 2074 3972 quanam

500 3994 710 4046 ratione
730 3999 883 4044 tanta
915 3988 1117 4045 virtute
1152 3991 1412 4059 prmditus
1454 3992 1535 4045 vir
1577 3992 1900 4060 sibimetipsi
1941 4009 2076 4048 con-

500 4082 688 4144 traria,
719 4091 774 4134 ct
803 4081 963 4151 plane
990 4083 1362 4147 adversantia,
1397 4096 1541 4135 nunc
1563 4082 1779 4152 quidem
1813 4083 2072 4151 Spiritum

500 4187 649 4227 nunc
681 4169 899 4226 Patrem
935 4169 1175 4224 medium
1211 4181 1480 4236 statuens,
1519 4171 1585 4224 ab
1620 4174 1789 4241 aequis
1825 4171 2073 4242 COguitoo

500 4264 655 4317 ribus
707 4276 951 4316 asserere
996 4261 1357 4331 reputabitur.
1407 4260 1595 4332 Neque
1641 4265 1788 4316 enim
1843 4272 2075 4332 utraque

499 4370 627 4409 vera
658 4370 776 4408 esse
805 4362 1080 4423 poterunt,
1116 4355 1194 4409 uti
1234 4353 1480 4409 nonnulli
1510 4354 1652 4409 forte
1680 4354 2071 4425 Opinabuntur.

826 1782 924 1836 Ubi
948 1786 1084 1837 enim
1119 1785 1401 1839 coiiocabis
1450 1786 1591 1857 quod
1614 1788 1869 1854 procedit,
1920 1789 2081 1843 dicito
2115 1777 2154 1831 Β

2189 510 2410 581 Πατέρα
2435 511 2585 565 δοκεῖ
2610 531 2728 577 πως
2760 516 2955 570 εἰπεῖν.
2983 517 3159 572 Μέσον
3187 520 3293 588 γὰρ
3323 520 3423 573 τῶν
3442 523 3684 595 ήνωμένων

2185 599 2247 652 τὸ
2284 601 2437 655 ἑνοῦν
2487 603 2583 657 καὶ
2636 606 2668 674 ή
2722 605 2938 670 ἓνωσις.
2985 608 3072 659 Ἐν
3119 607 3172 661 δὲ
3202 606 3278 679 τῷ
3320 613 3440 682 περὶ
3462 614 3545 667 τοῦ
3567 618 3691 685 ἁγίου

2189 691 2510 763 Πνεύματος
2570 697 2945 769 ἀντιρρητικῷ
3002 700 3060 754 τὸ
3130 702 3352 771 Πνεῦμα
3423 709 3567 774 μέσον
3618 712 3693 765 τοῦ

2186 786 2403 854 Πατρδς
2425 788 2518 841 καὶ
2567 789 2660 842 τοῦ
2702 790 2832 844 Υἰοῦ
2880 791 3180 863 διαρρήδην
3220 795 3520 863 ἐφθέγξατο.
3561 803 3696 868 Λέγει

2185 878 2295 945 γὰρ
2326 879 2529 932 οὑτωσί
2556 896 2569 911 ·
2635 881 2704 936 Τὸ
2756 881 2999 952 Πνεῦμα
3049 884 3116 937 τὸ
3159 885 3347 954 ἅγιον,
3379 886 3407 939 ὃ
3433 888 3573 957 παρὰ
3612 893 3696 945 τοῦ

2184 966 2417 1033 Πατρὸς
2451 968 2859 1038 ἐκπορεύεται,
2889 972 2920 1024 ὃ
2957 975 3223 1027 καθόσον
3261 974 3373 1043 μὲν
3399 977 3604 1031 ἐκεῖθεν
3625 979 3701 1034 ἐκ·

2186 1058 2500 1126 πορευτὸν,
2536 1066 2608 1115 οὐ
2653 1064 2895 1134 κτίσμα,
2938 1067 3203 1120 καθόσον
3233 1066 3299 1119 δὲ
3331 1069 3398 1121 οὐ
3435 1071 3696 1137 γεννητὸν,

2184 1154 2297 1220 οὐχ
2328 1156 2458 1218 Υἱός
2479 1172 2492 1186 ⁸
2521 1158 2787 1211 καθόσον
2836 1159 2904 1212 δὲ
2957 1160 3291 1229 ἀγεννήτου
3322 1162 3414 1214 καί
3456 1165 3700 1232 γεννητοῦ

2177 1243 2373 1312 μέσον
2409 1248 2574 1313 Θεός.
2636 1250 2779 1302 Ἀλλ’
2817 1249 2883 1304 ἵν’
2920 1250 3176 1303 ἐντεῦθεν
3225 1250 3314 1304 τοῦ
3359 1252 3498 1304 λέειν
3520 1255 3580 1308 τὰ
3613 1254 3698 1306 τῶν

2185 1336 2561 1403 προτεθέντων
2585 1341 2963 1411 ἀπορήμάτων
2992 1341 3324 1412 ἀρξάμενος,
3353 1343 3565 1413 ἔσχατον
3589 1347 3699 1398 πάν-

2182 1442 2290 1478 των
2314 1428 2406 1481 ἐπὶ
2441 1427 2501 1481 τὸ
2535 1431 2749 1500 πρῶτον
2802 1434 3131 1503 καταντήσω
3158 1434 3362 1486 τούτων
3394 1434 3508 1488 κατ’
3536 1436 3702 1489 ἀναπο-

2182 1516 2373 1589 δισμόν
2392 1536 2405 1551 ·
2437 1518 2579 1574 οὕτω
2604 1523 2715 1592 γὰρ
2742 1524 2769 1574 ὁ
2798 1523 2956 1591 λόγος
2988 1522 3251 1593 βαδιεῖται
3281 1525 3505 1593 μάλιστα
3538 1527 3701 1598 ῥᾳδίως

2184 1609 2277 1662 καὶ
2313 1610 2568 1682 βέλτιον·
2623 1616 2723 1667 οὐκ
2754 1615 2929 1685 αὐτὴν
2958 1615 3053 1669 τοῦ
3107 1616 3424 1685 Πνεῦματος
3465 1618 3554 1688 τὴν
3603 1618 3698 1670 ὑπό-

2189 1718 2385 1758 στασιν
2427 1706 2455 1757 ὁ
2513 1706 2789 1776 γρήγορος
2832 1706 2953 1771 νοῦς
3014 1708 3181 1778 μέσον
3220 1709 3431 1778 Πατρὸς
3473 1709 3556 1760 καὶ
3597 1708 3699 1761 Υἱοῦ

2182 1794 2428 1861 δοξάζων
2461 1797 2621 1851 τοῦτό
2661 1815 2816 1868 φησι.
2852 1800 2964 1870 Τὴν
3012 1800 3067 1852 δὲ
3101 1801 3212 1853 τῶν
3245 1800 3701 1870 ἀντιδιατιθεμένων

2182 1886 2467 1957 διαίρεσιν,
2503 1888 2623 1959 τὴν,
2661 1891 2708 1942 εί
2762 1889 2897 1953 Θεὸς
2936 1893 2996 1944 τὸ
3055 1892 3307 1961 Πνεῦμα,
3356 1892 3627 1960 λέγουσαν,
3674 1892 3701 1962 ἢ

2183 1976 2504 2047 ἀγέννητον,
2546 1979 2576 2049 ἢ
2615 1981 2907 2046 γεννητὸν,
2948 1980 3045 2035 ἆτε
3101 1981 3291 2051 μηδὲν,
3337 1980 3410 2044 ὡς
3440 1980 3701 2052 ἔμπροσθεν

2182 2070 2423 2139 εἰρήκει,
2479 2070 2649 2138 μέσον
2697 2067 2840 2125 εἷναι
2878 2072 3087 2125 τούτων
3129 2066 3599 2142 ὑπολαμόἀνουσαν
3625 2076 3694 2126 ὲκ-

2183 2161 2538 2231 τρεπόμενος,
2563 2163 2657 2215 τοῦ
2690 2163 2745 2216 δὲ
2776 2165 2988 2226 πάντως
3024 2165 3302 2236 ἐξηγητὴς
3363 2165 3701 2235 ἀκριϐέστατος

2185 2253 2285 2305 οὐκ
2314 2250 2495 2315 ἄλλος,
2531 2252 2650 2307 ἀλλ’
2683 2248 2836 2318 οὗτος
2891 2255 2957 2311 αὑ
2972 2254 3079 2319 τὸς,
3122 2254 3180 2318 δς
3218 2255 3314 2307 καὶ
3346 2253 3609 2325 προλαϐὼν
3631 2254 3699 2309 τίν

2188 2344 2505 2397 ὑπεναντίον
2533 2346 2769 2415 ἐπήρετο
2789 2361 2804 2377 ·
2840 2346 2961 2398 Ποῦ
2988 2347 3096 2414 γὰρ
3131 2346 3341 2415 θήσεις
3370 2345 3434 2399 τὸ
3461 2346 3698 2413 ἐκπορευ-

2186 2434 2309 2500 τύν,
2342 2435 2472 2491 εἰπέ
2497 2454 2617 2505 μοι,
2642 2437 2839 2505 μέσον
2865 2437 3181 2505 ἀναεῖραι-ὲν
3208 2436 3318 2505 τῆς
3368 2437 3484 2506 σῆς
3524 2436 3696 2503 διαιρέο

2183 2540 2376 2591 σεως;
2424 2526 2706 2592 Τουτέστι,
2748 2527 2813 2579 σὺ
2861 2527 2961 2598 μὲν
2992 2523 3140 2580 οὕτω
3199 2528 3297 2598 τὴν
3338 2527 3434 2599 σὴν
3485 2528 3698 2597 διαίρεσιν

2181 2613 2329 2684 ἔχειν
2378 2615 2749 2683 ὑποπτεύσας,
2802 2618 2876 2681 ὡς
2915 2619 3181 2671 δύνασθαι
3226 2620 3499 2693 περιλαμῦ
3518 2622 3629 2688 ξεν
3656 2617 3700 2671 τὸ

2183 2710 2312 2773 πᾶν,
2350 2710 2445 2762 καὶ
2472 2710 2641 2781 μηδὲν
2689 2710 3144 2783 παραλιμπάνειν
3184 2714 3387 2784 ταύτης
3423 2715 3588 2777 ἐκτὸς,
3626 2714 3699 2778 τῆς

2181 2798 2238 2851 δὲ
2269 2797 2432 2868 μέσον
2477 2799 2536 2865 ἐξ
2578 2801 2905 2867 ἀποφάσεως
2940 2801 3050 2852 τῶν
3078 2802 3271 2870 ἄκρων
3307 2800 3367 2854 τὸ
3416 2797 3698 2870 ὲκπιρευτὸν

2181 2888 2581 2957 ἀναπέφανται,
2616 2890 2777 2961 μήτ”
2801 2892 3101 2960 ἀγέννητον
3149 2893 3415 2962 ὑπάρχον.
3469 2894 3588 2961 μήτε
3620 2889 3702 2957 μὴν

2181 2980 2463 3049 γεννητόν.
2519 2983 2675 3035 Κατά
2710 2982 2899 3035 τοῦτον
2936 2987 3025 3035 τὸν
3082 2984 3245 3052 λόγον
3304 2987 3465 3054 μέσον
3515 2978 3617 3035 εἷπε
3658 2978 3702 3029 τὸ

2186 3072 2412 3141 Πνεῦμα
2460 3072 2519 3124 τὸ
2564 3075 2741 3141 ἅγιον,
2798 3075 2869 3137 ὡς
2907 3075 3098 3146 ἕτερον
3160 3075 3222 3128 ὃν
3281 3075 3431 3145 παρὰ
3464 3073 3629 3136 ταῦτα,
3658 3070 3703 3123 τὸ

2185 3161 2478 3230 ἀγέννητον
2512 3161 2715 3232 δηλαδὴ
2737 3164 2835 3215 καὶ
2866 3164 2927 3216 τὸ
2978 3166 3260 3234 γεννητὸν,
3290 3167 3452 3234 ἤγουν
3483 3167 3700 3232 sumptu-

2182 3252 2295 3314 τὸν,
2328 3251 2465 3321 ὅπερ
2513 3255 2578 3322 τῇ
2622 3253 2730 3307 τῶν
2759 3256 2970 3324 ἄκρων,
3000 3256 3076 3318 ὡς
3118 3258 3358 3326 εἴρηται,
3404 3258 3496 3325 τῆς
3526 3253 3697 3325 διαιρέο

2186 3358 2325 3404 σεως
2361 3343 2639 3413 ἀποφάσει
2689 3345 2856 3414 μέσον
2902 3349 3177 3414 τυγχάνον
3231 3350 3259 3400 ὁ
3303 3348 3582 3414 ἀντιλέγων
3628 3361 3701 3397 κα-

2182 3433 2437 3505 κούργως
2476 3434 2940 3506 ἀποκρυψάμενος
2993 3438 3103 3492 τῶν
3169 3440 3265 3492 δύο
3322 3441 3514 3511 ταύτης
3558 3439 3611 3491 τδ
3656 3436 3700 3488 ἓν

2182 3526 2522 3598 προσῆπτεν,
2552 3527 2614 3591 ἐξ
2647 3527 2898 3600 ἀνάγκης
2927 3529 3005 3601 τῷ
3042 3530 3326 3602 Πνεύματι
3378 3533 3460 3585 τὸν
3504 3532 3625 3610 Salv.
3640 3523 3700 3580 εἷ·

2181 3635 2268 3672 ναι
2303 3618 2460 3672 τοῦτο
2492 3618 2579 3673 διά
2609 3621 2668 3673 τδ
2722 3621 3022 3693 μηδέτερον
3067 3623 3254 3676 αὐτῶν
3303 3621 3699 3694 ὁμολογουμένως

2182 3711 2470 3781 ὑπάρχειν,
2502 3713 2798 3782 ἀναιρῆσαι
2838 3714 2978 3782 τάχα
3004 3713 3353 3784 φιλονεικῶν.
3389 3715 3457 3769 Τὸ
3484 3714 3534 3766 δὲ
3564 3711 3696 3779 μέσον

2181 3805 2281 3873 τῆς
2321 3803 2433 3858 τῶν
2463 3805 2863 3874 ἀντικειμένων
2901 3805 3232 3875 διαιρέσεως
3283 3805 3406 3860 κατ’
3436 3804 3695 3870 ἀπόφασιν.

2183 3893 2438 3964 καθάπερ
2476 3895 2572 3947 καὶ
2599 3894 2872 3961 λέλεκται,
2905 3896 3015 3950 τῶν
3056 3898 3245 3970 ἄκρων
3285 3896 3606 3964 ἀπολειφθὲν,
3635 3893 3693 3952 αἱς

2179 3987 2530 4054 ὲκπορευτδν,
2561 3989 2704 4042 κατὰ
2725 3989 2823 4058 τὴν
2854 3988 2948 4043 τοῦ
2984 3990 3191 4060 Κυρίου
3223 3992 3422 4061 φωνὴν,
3453 3988 3570 4052 Θεὸς
3591 3988 3695 4038 ἁνα-

2178 4078 2440 4148 πέφηνεν.
2499 4078 2669 4142 Αὐτὸς
2705 4080 2914 4141 ἐκεῖνος
2948 4081 3042 4133 καὶ
3098 4081 3261 4134 τοῦτό
3295 4098 3456 4151 φησιν
3491 4082 3515 4131 ὀ
3557 4079 3697 4147 μέγας

2180 4168 2369 4239 Πατὴρ
2390 4169 2498 4221 τῶν
2528 4169 2793 4222 τοιούτων
2822 4169 3145 4239 διαιρέσεων
3176 4173 3530 4242 ἰσχυρότερος.
3550 4165 3697 4223 Οὖτιυς

2179 4259 2286 4330 ἔχω
2318 4260 2447 4329 περὶ
2478 4257 2700 4324 τούτου,
2738 4260 2832 4313 καὶ
2861 4261 3133 4331 τοιαύτην
3163 4260 3356 4331 δίδωμι
3386 4260 3458 4327 τῷ
3511 4257 3697 4326 παρόντι

2180 4349 2330 4421 ῥητῷ
2360 4351 2458 4421 τὴν
2477 4350 2738 4404 διάνοιαν.
2773 4352 2908 4422 Περὶ
2934 4351 2991 4404 δὲ
3026 4350 3119 4405 τοῦ
3154 4354 3373 4423 Πατέρα
3398 4351 3536 4417 δόξαι
3564 4347 3695 4417 μέσον

501 4447 766 4500 l‘nctcrca
821 4446 1054 4498 medium
1108 4459 1229 4499 esse
1276 4442 1543 4511 Patrem,
1604 4459 1832 4514 prorsus
1888 4446 2076 4514 nequit

2182 4443 2354 4495 εἰπεῖν
2389 4444 2446 4493 ἐν
2505 4437 2586 4504 οἷς
2626 4437 2781 4505 αὖθίς
2815 4459 3018 4512 φησιν’
3055 4443 3313 4508 Ἕνωσις
3357 4442 3424 4495 δὲ
3475 4444 3505 4494 ὀ
3535 4435 3695 4501 Πατὴρ

499 4537 734 4600 admitti,
787 4550 909 4590 cum
966 4536 1295 4606 principium
1348 4537 1594 4591 omnium
1651 4552 1921 4592 consensu
1980 4536 2075 4602 sit,

501 4631 630 4683 illud
667 4629 830 4684 etiam
870 4644 987 4698 qua:
1024 4628 1415 4699 subsequuntur
1447 4629 1693 4684 additum
1736 4629 1841 4684 hoc
1876 4629 2075 4683 intelli-

501 4737 627 4792 gere
665 4728 810 4775 vetat
842 4737 856 4774 :
888 4736 1011 4775 cum
1042 4736 1104 4775 ea
1135 4736 1255 4790 qua:
1299 4729 1427 4775 sunt
1474 4720 1639 4775 alicui
1671 4736 1737 4775 ex
1785 4735 1894 4775 una
1925 4730 1979 4775 et
2011 4736 2075 4774 ex

503 4816 672 4868 altera
715 4821 890 4881 parte,
916 4800 1208 4879 iiunquam
1248 4810 1348 4864 sibi
1387 4825 1605 4875 nomen,
1640 4826 1757 4881 qua:
1788 4819 2079 4878 sequuntur

504 4906 848 4967 adsciseeut,
903 4901 997 4953 sed
1042 4915 1166 4953 vere
1191 4914 1254 4953 ex
1293 4909 1519 4969 utraque
1564 4910 1715 4969 parte
1746 4918 1759 4953 :
1787 4913 2077 4970 sequuntur

501 4997 645 5050 enim
695 5008 817 5063 qua:
858 5002 983 5062 post
1025 4986 1220 5061 ipsum'
1248 4992 1303 5045 in
1349 4992 1786 5047 consideratione
1833 4993 2076 5050 veniunt.

501 5084 773 5144 Licet'hic
801 5101 920 5159 qut:
961 5095 1275 5155 sequuntur,
1314 5084 1485 5139 Filius
1528 5101 1724 5155 nempe
1753 5096 1805 5141 et
1841 5085 2079 5157 Spiritus

503 5190 743 5245 sant-tus,
769 5188 892 5250 post
918 5176 1161 5243 Patrem,
1188 5187 1242 5235 ct
1268 5193 1369 5231 una
1393 5192 1517 5232 cum
1552 5177 1735 5244 Patre,
1772 5188 1906 5245 tum,
1933 5179 2079 5249 quod

502 5288 564 5325 ex
606 5287 672 5326 eo
714 5271 935 5335 trahent,
986 5269 1130 5337 quod
1180 5268 1311 5335 sint,
1359 5276 1473 5322 tum
1515 5269 1660 5337 quod
1707 5276 1760 5320 ct
1807 5267 1896 5321 illa
1940 5268 2078 5322 citra

505 5374 719 5434 tempus
753 5361 1058 5426 exsistant,
1108 5367 1162 5414 et
1196 5373 1321 5414 eum
1366 5360 1458 5414 illo
1504 5360 1713 5413 nullum
1749 5358 2076 5428 principium

504 5457 837 5527 possideant.
874 5452 987 5508 Hoc
1036 5454 1218 5521 itaque
1241 5451 1354 5504 hac
1389 5450 1600 5504 ratione
1649 5451 1868 5505 sublato
1892 5490 1907 5517 ,
1947 5449 2079 5504 unio

504 5545 689 5617 magni
725 5541 976 5613 Gregorii
1011 5542 1158 5595 dicto
1192 5540 1477 5594 vocabitur
1511 5541 1689 5604 Pater,
1733 5539 1877 5608 quod
1918 5547 2077 5593 natu-

507 5638 696 5690 raliter
728 5649 795 5689 ex
827 5648 893 5687 eo
930 5630 1341 5702 progredientes
1375 5628 1548 5685 Filius
1587 5642 1641 5685 et
1676 5630 1921 5700 Spiritus
1953 5645 2079 5684 san.

508 5738 675 5795 eius,
728 5722 932 5794 absque
984 5721 1092 5776 ulla
1143 5720 1454 5789 egressione
1502 5719 1557 5774 in
1610 5720 1728 5790 ipso
1779 5722 2076 5778 secundum

2181 4532 2251 4597 ἐξ
2282 4526 2355 4588 οὗ
2378 4531 2475 4585 καί
2506 4531 2657 4600 πρὸς
2678 4530 2751 4584 ὃν
2770 4532 3055 4601 ἀνάγεται
3088 4537 3159 4587 τὰ
3206 4531 3350 4600 ἑξῆς
3369 4548 3383 4563 ·
3423 4531 3591 4602 πρῶτα
3620 4525 3695 4594 μὲν

2180 4626 2278 4695 οὐχ
2317 4622 2429 4694 ὁρῶ
2460 4625 2575 4687 πῶς
2630 4624 2854 4676 ἐναντία
2886 4624 3072 4694 λέγειν
3132 4626 3311 4695 ἑαυτῷ
3339 4626 3428 4676 καὶ
3456 4621 3694 4692 μαχόμενα

2182 4715 2336 4784 παρὰ
2375 4715 2490 4777 τοῖς
2532 4712 2849 4783 εὐγνώμοσι
2883 4713 2991 4765 τῶν
3036 4714 3250 4785 ἀνδρῶν
3291 4717 3318 4768 ὁ
3357 4711 3589 4770 τοσοῦτος
3616 4706 3695 4773 τὴν

2180 4804 2385 4877 ἀρετὴν
2416 4803 2867 4874 πιστευθήσεται,
2921 4803 3017 4857 νῦν
3054 4804 3154 4874 μὲν
3183 4805 3243 4856 τὺ
3274 4802 3508 4871 Πνεῦμα,
3546 4797 3625 4850 νῦν
3651 4793 3693 4843 δὲ

2179 4896 2273 4947 τὸν
2318 4895 2544 4965 Πατέρα
2594 4893 2764 4964 μέσον
2808 4889 2948 4947 εἶναι
2994 4894 3204 4958 τιθείςο
3267 4896 3325 4949 οὐ
3376 4895 3478 4964 γὰρ
3517 4889 3692 4943 πάντως

2186 4986 2365 5055 ἀληθῆ
2402 4989 2491 5039 καὶ
2522 4986 2833 5057 ἀμφότερα,
2869 4983 3053 5048 καθὼς
3089 4986 3156 5039 ἄν
3189 5002 3331 5048 τινες
3359 4983 3507 5052 τυχὸν
3526 4974 3691 5031 ὑπολά-

2187 5080 2371 5133 σεοιιεν⁸
2430 5079 2629 5133 ἔπειτα
2678 5079 2740 5132 τδ
2796 5079 2964 5149 μέσον
3031 5077 3319 5148 τυγχάνειν
3380 5079 3465 5127 τὶν
3509 5067 3690 5132 Πατέρα

2181 5170 2463 5235 παντελῶς
2496 5169 2906 5240 ἀπαράδεκτον,
2945 5169 3004 5234 ὃς
3044 5168 3191 5239 ἀρχὴ
3219 5166 3366 5237 παρὰ
3401 5165 3550 5217 πᾶσιν
3581 5156 3671 5209 ἀνω

2182 5264 2485 5333 μολόγηται
2510 5277 2523 5291 '
2567 5261 2664 5315 καὶ
2714 5261 2850 5316 αὐτὸ
2882 5262 2941 5314 δὲ
2985 5262 3168 5314 τὸτὰ
3217 5257 3360 5324 ἑξῆς
3392 5256 3537 5324 φάναι
3562 5243 3683 5300 eoin

2181 5359 2321 5407 νοεῖν
2352 5356 2453 5408 οὐκ
2481 5356 2710 5424 ἀφίησιν
2734 5369 2750 5385 ⁸
2773 5356 2897 5408 ἐπεὶ
2926 5354 2994 5406 τά
3024 5352 3167 5415 τινὸς
3197 5350 3347 5404 ἐνθεν
3368 5345 3594 5401 κάκεῖθεν
3609 5335 3688 5388 οὐκ

2181 5446 2247 5501 ἂν
2282 5447 2342 5500 τὸ
2378 5447 2646 5517 παράπαν
2699 5444 2952 5515 κληθεῖεν
3010 5442 3180 5512 ἑξῆς,
3232 5439 3364 5512 παρ’
3408 5424 3685 5498 ιειιάτσραδὲ

2180 5534 2302 5589 κατ’
2333 5536 2597 5607 ἀλήθειαν
2614 5551 2629 5567 ⁸
2654 5535 2802 5604 ἑξῆς
2833 5535 2941 5608 γὰρ
2962 5535 3035 5588 τὰ
3053 5531 3171 5606 μετ’
3217 5530 3345 5585 αὐτὸ
3370 5523 3683 5615 θεωρούμξνεν

2183 5628 2287 5681 κᾶν
2318 5626 2557 5681 ἐνταῦθα
2585 5627 2657 5680 τὰ
2685 5624 2851 5693 ἑξῆς,
2877 5626 3042 5697 ήγουν
3066 5627 3093 5678 ὀ
3139 5623 3267 5684 Υιδς
3296 5619 3385 5673 καὶ
3415 5617 3470 5668 τδ
3502 5612 3681 5697 “mi”

2181 5720 2241 5774 τὸ
2277 5718 2456 5788 ἆγιον,
2503 5718 2639 5790 μετὰ
2668 5718 2759 5771 τὸν
2792 5694 3015 5788 Πατέρα
3052 5717 3147 5772 καὶ
3185 5713 3320 5784 μετὰ
3372 5705 3459 5762 τοῦ
3490 5694 3679 5775 116.96%
