3970 6404
243 296 374 365 11θῖ

1089 299 1187 360 DE
1228 300 1749 365 PROCESSIONE
1789 303 1848 363 S.
1891 300 2243 363 SPIRITUS
2282 297 2510 360 ORAT.
2552 297 2602 359 Ι.

3351 299 3490 367 1102

232 413 328 467 τὸν
353 411 454 480 μὲν
480 410 557 473 ὡς
590 408 649 476 ἐξ
679 407 847 465 αὑτοῦ
877 409 939 463 τὸ
963 405 1104 465 εἶναι
1140 409 1499 477 πλουτοῦντα,
1534 412 1595 465 τὸ
1627 412 1684 465 δὲ
1714 412 1802 466 διὰ

1911 410 2185 479 propriam
2213 408 2587 463 essistentinm
2621 406 2939 472 immanent,
2972 406 3144 466 Filius
3178 411 3489 471 immediate

232 509 298 559 τὸ
341 505 588 574 ἀχρόνως
610 504 906 573 ὑπάρχειν,
936 505 1032 557 καὶ
1062 504 1234 557 ταῦτα
1264 503 1443 574 τούτῳ
1472 507 1807 576 συνάναρχα.

240 597 453 651 Τούτευ
483 599 663 651 τοίνυν
692 594 865 657 οὕτως
904 597 1314 666 ἀναιρεθέντος,
1370 598 1566 658 ἓνωσις
1597 596 1665 652 ἂν
1712 599 1803 666 ῥη-

234 692 356 760 θείη
391 689 532 742 κατὰ
558 690 649 741 τὸν
685 690 860 757 μέγαν
891 688 1194 759 Γρηγὸριον
1225 690 1253 740 ὁ
1286 689 1495 759 Πατὴρ,
1538 689 1622 741 ὅτι
1652 706 1812 758 φυσι-

234 782 348 843 κῶς
378 781 435 843 ἐξ
473 778 641 832 αὑτοῦ
674 781 959 847 προϊόντες
995 781 1024 830 6
1063 779 1191 842 Υίὸς
1240 779 1337 832 καὶ
1386 779 1449 831 τὸ
1483 778 1712 848 Πνεῦμα
1745 778 1807 831 τδ

233 871 396 938 ἅγιον
428 872 843 941 ἁνεκφοιτήτως
873 873 1131 939 μένουσιν
1166 873 1224 925 ὲν
1248 873 1402 941 αὐτῷ
1435 872 1577 927 κατὰ
1604 873 1705 945 τὴν
1735 875 1811 927 ol-

232 963 391 1015 κείαν
446 960 682 1030 ὓπαρξιν
729 964 980 1028 ἕκαστον,
1020 965 1048 1016 6
1094 963 1195 1031 μὲν
1249 964 1474 1033 ἁμέσως
1523 966 1699 1018 συνὼν
1729 964 1808 1035 τῷ

231 1055 421 1123 οἰκείῳ
455 1055 761 1125 γεννήτορι,
792 1056 851 1107 τὸ
871 1054 930 1107 δὲ
961 1054 1031 1107 δι’
1052 1055 1207 1119 Υίοῦ,
1240 1058 1425 1121 καθὼς
1450 1061 1478 1112 ὁ
1501 1057 1659 1125 λόγος
1686 1060 1810 1111 πολ-

230 1144 460 1215 λαχόθεν
487 1145 713 1215 ὕστερον
747 1146 998 1215 δηλώσει,
1031 1149 1110 1218 τῷ
1156 1150 1334 1218 Πατρὶ
1376 1151 1802 1219 συναπτόμενον.

231 1237 404 1288 Τοότο
429 1237 713 1306 σημαίνων
742 1240 769 1291 6
800 1240 967 1301 πολὺς
991 1241 1091 1309 τὴν
1125 1240 1408 1307 θεολογίαν
1432 1241 1594 1303 οὗτος
1638 1242 1801 1310 ἀνὴρ,

235 1329 342 1380 κάν
378 1326 455 1396 τῷ
482 1330 612 1397 περὶ
634 1330 766 1382 Υἱνῦ
806 1332 1008 1401 πρώτῳ
1028 1333 1174 1401 λόγῳ
1205 1334 1323 1404 μεθ’
1354 1327 1430 1390 ὧν
1458 1330 1613 1387 εἶπεν
1628 1335 1804 1390 ἄλλων

233 1423 336 1490 τὴν
368 1424 668 1491 μοναρχίαν
721 1424 919 1492 ἄριστα
969 1426 1256 1490 συνιστῶν,
1288 1426 1387 1479 καὶ
1432 1427 1582 1494 πρὸς
1614 1427 1682 1480 τὸ
1734 1426 1806 1480 ἐν

238 1509 357 1564 τῶν
388 1512 455 1576 ἐξ
477 1512 662 1566 αὑτοῦ
689 1516 1047 1580 σύννευσις,
1077 1517 1290 1587 εἴρηκε.
1328 1517 1512 1571 Ταῦτα
1547 1519 1651 1571 κὰν
1684 1518 1805 1572 τού-

235 1617 372 1662 τοις,
405 1593 479 1652 ὧν
511 1602 643 1663 ἴσως
669 1604 729 1655 οὐ
763 1603 967 1671 φαῦλος
1007 1605 1120 1672 ἐγὼ
1152 1607 1404 1677 κριθείην
1430 1608 1584 1677 παρὰ
1607 1610 1718 1673 τοῖς
1741 1604 1800 1663 εὖ

235 1695 526 1760 φρονοῦσιν
561 1694 926 1765 ἑρμηνευτής.
966 1698 1077 1750 Καὶ
1119 1698 1253 1763 γοῦν
1309 1698 1602 1754 ὑπόλοιπόν
1653 1703 1803 1755 ἐστιν

1918 500 2141 572 proprio
2172 496 2405 569 genitori
2439 496 2746 563 adhaerens,
2784 492 3019 564 Spiritus
3054 514 3145 562 per
3173 496 3395 569 Filium,
3426 516 3489 560 ut

1917 592 2261 659 postmodum
2317 590 2492 644 oratio
2547 589 2734 645 multis
2792 590 3097 647 declarabit
3148 592 3296 648 Patri
3358 613 3489 652 con-

1913 681 2157 748 junctus.
2189 682 2304 736 Hoc
2335 682 2584 736 indicans
2619 683 2671 736 in
2706 682 2866 737 rebus
2904 684 3226 752 theologicis
3255 688 3491 745 eximius

1917 771 2011 827 hic
2040 772 2197 826 Pater
2227 773 2473 827 oratione
2495 773 2670 842 prima
2700 773 2768 828 de
2797 773 2933 829 Filio
2968 791 3079 845 prae
3112 777 3234 834 aliis
3271 795 3490 836 monar-

1916 861 2095 916 chiam
2134 861 2450 926 stabiliens,
2490 871 2538 915 et
2577 863 2646 915 ad
2675 879 2836 916 unum
2872 879 3086 929 eorum,
3121 881 3239 935 qua:
3277 884 3342 921 ea:
3373 869 3488 931 ipso

1914 966 2070 1015 sunt,
2116 952 2397 1019 conjuncta
2435 955 2744 1020 propensio,
2792 954 2948 1009 dixit.
3006 956 3068 1009 Et
3113 957 3295 1014 dehis
3331 963 3485 1023 satis.

1915 1054 2148 1108 quorum
2181 1054 2281 1108 ego
2310 1038 2543 1095 fortasse
2572 1055 2681 1093 non
2707 1041 2882 1094 malus
2906 1057 2936 1096 a
2965 1042 3094 1098 viris
3125 1046 3488 1113 prudentibus

1910 1130 2191 1201 judicarer
2238 1133 2527 1200 interpres.
2572 1132 2861 1202 Reliquum
2904 1145 2986 1188 est
3016 1136 3202 1206 itaque
3232 1147 3287 1192 et
3324 1140 3486 1195 verba

1915 1226 2091 1293 magni
2128 1223 2312 1278 Patris
2343 1225 2630 1279 Athanasii
2663 1225 2979 1281 examinare
3002 1265 3018 1292 ,
3050 1237 3105 1282 et
3133 1229 3484 1286 addecentem

1913 1315 2042 1378 illis,
2072 1327 2132 1368 ut
2163 1315 2277 1369 fieri
2314 1317 2534 1386 poterit,
2560 1317 2890 1372 solutionem
2930 1318 3144 1374 ali‘erre.
3174 1321 3485 1388 Sytnholice

1913 1407 2112 1462 etenim
2144 1406 2337 1462 beatus
2368 1408 2458 1462 ille
2482 1422 2546 1461 ex
2585 1408 2747 1462 rebus
2777 1408 3033 1464 humanis
3063 1414 3394 1482 nostrisque,
3420 1418 3487 1469 dc

1911 1498 1979 1552 iis
2018 1512 2140 1567 qua:
2172 1513 2336 1566 supra
2368 1514 2471 1553 nos
2503 1508 2631 1553 sunt
2659 1499 2895 1567 locutus,
2927 1516 3051 1555 cum
3089 1505 3425 1561 ostendisset
3457 1522 3487 1561 a

1909 1589 2115 1642 dextris
2145 1587 2323 1644 Patris
2369 1588 2566 1644 Filium
2627 1589 2839 1658 sedere,
2882 1602 3170 1663 postquam
3216 1597 3484 1653 dixisset:

1914 1677 1981 1732 Ut
2001 1680 2161 1732 datur
2187 1680 2429 1749 intelligi,
2450 1680 2785 1734 mandantem
2810 1682 3007 1737 dixisse
3030 1695 3079 1737 et
3105 1701 3202 1738 suo
3223 1685 3488 1755 Spiritui:

232 1784 443 1852 ἅπάρτι
483 1788 574 1837 καὶ
607 1787 675 1836 τὰ
707 1784 859 1853 παρὰ
887 1785 980 1838 τοῦ
1024 1788 1266 1856 μεγάλου
1319 1790 1531 1859 Πατρὸς
1580 1790 1804 1841 Ἀθανα-

1911 1771 2044 1826 Sede
2076 1790 2105 1824 a
2148 1773 2383 1825 sinistris
2433 1774 2598 1837 meis,
2648 1782 2936 1842 propterea
2982 1774 3131 1827 visus
3177 1788 3261 1831 est
3311 1787 3364 1831 ct
3399 1778 3488 1832 hic

236 1874 356 1926 σίου
405 1876 623 1944 ῥήματα
663 1876 1090 1945 διασκέψασθαι,
1140 1878 1235 1931 καὶ
1273 1878 1373 1950 τὴν
1421 1881 1807 1948 προσήκουσαν

232 1965 469 2032 τούτοις,
539 1967 614 2029 ὡς
667 1969 808 2034 ἐνὸν,
862 1968 1015 2022 λύσιν
1066 1972 1408 2038 ἐπενεγκεῖν.
1457 1972 1809 2040 Συμϐολικῶς

232 2062 345 2126 γὰρ
380 2059 409 2110 ὀ
436 2060 708 2129 μακάριος
741 2060 807 2112 ἐκ
849 2061 960 2112 τῶν
998 2062 1123 2114 καθ’
1159 2065 1309 2133 ἡμᾶς
1349 2063 1651 2132 διαλεχθεὶς
1680 2066 1809 2135 περὶ

231 2147 344 2200 τῶν
379 2147 522 2217 ὑπὲρ
555 2151 726 2218 ἡμᾶς,
768 2151 860 2203 καὶ
892 2151 1073 2216 δείξας
1100 2154 1164 2205 ἐκ
1192 2153 1383 2219 δεξιῶν
1414 2155 1688 2223 καθῆσθαι
1711 2154 1806 2209 τοῦ

235 2240 451 2309 [ἰατρὸς
474 2241 568 2293 τὸν
592 2242 741 2303 Υίὸν,
763 2243 997 2312 ἐπείπερ
1021 2244 1248 2314 ἔφησεν,
1282 2247 1379 2309 Ὠς
1403 2247 1574 2300 ἔστιν
1606 2248 1809 2302 ἐπινο-

232 2331 404 2400 ῆσαι,
459 2333 546 2386 ὅτι
598 2336 726 2387 κατ’
772 2335 1107 2403 ἐπιτροπὴν
1159 2334 1290 2392 εἶπε
1335 2340 1430 2393 καί
1465 2341 1543 2404 τῷ
1589 2341 1806 2395 ἑαυτοῦ

233 2428 555 2495 Πνεύματι,
596 2429 791 2483 Κάθου
817 2430 887 2493 ἐξ
917 2433 1241 2499 εὐωνύμων
1260 2450 1400 2502 μου,
1433 2434 1622 2487 τούτου
1646 2435 1806 2503 χάριν

236 2515 381 2582 ἔδοξε
423 2519 519 2570 καὶ
545 2515 699 2582 οὗτος
732 2521 824 2573 τὸν
857 2523 1082 2593 Πατέρα
1126 2525 1294 2593 μέσον
1330 2527 1500 2593 φάναι
1545 2526 1636 2579 τοῦ
1672 2525 1803 2580 Υἱοῦ

237 2609 332 2661 καὶ
362 2610 456 2661 τοῦ
489 2611 826 2679 Πνεύματος.
850 2615 923 2666 Τὸ
950 2614 1006 2667 δὲ
1025 2616 1123 2682 τῆς
1156 2617 1344 2685 ὑγιοῦς
1377 2618 1587 2683 ἐννοίας
1613 2621 1804 2690 πύῤῥω

234 2703 608 2756 παντάπασιν.
651 2702 725 2756 T6
778 2705 889 2775 γὰρ
945 2705 1006 2771 ἐξ
1064 2708 1364 2780 εὐωνύμων
1403 2711 1673 2779 καθῆσθαι
1744 2716 1805 2766 τὸ

236 2793 461 2865 Πνεῦμα
500 2796 562 2850 τὸ
608 2798 762 2867 ἅγιον
814 2801 909 2855 τοῦ
952 2804 1169 2873 Πατρὸς
1228 2806 1419 2871 ἐστιν,
1474 2807 1696 2876 εἴρηκεν
1776 2808 1805 2859 6

232 2887 446 2951 Μέγας,
478 2887 819 2955 ἐπινοῆσαι.
854 2894 954 2961 τὴν
988 2895 1157 2947 τινῶν
1206 2896 1449 2966 ἐκφήνας
1482 2898 1803 2953 ἄτοπονιέν-

233 2975 326 3030 θεν
356 2978 643 3046 ὑπόληψιν,
672 2982 733 3034 οὐ
761 2982 867 3052 μὴν
917 2983 1014 3037 καὶ
1050 2989 1513 3053 συγκατατίθεται
1541 3006 1557 3021 ο
1597 2991 1801 3059 μᾶλλον

234 3067 337 3136 μὲν
382 3068 476 3121 οῦν
509 3070 567 3135 ἐξ
605 3064 680 3123 ὧν
718 3073 994 3142 ἐπιφέρει,
1037 3077 1134 3130 καὶ
1174 3077 1373 3146 ψεῦδος
1421 3080 1627 3152 ταύτην
1667 3084 1803 3135 ἀπε·
1830 3114 1870 3170 C

230 3161 426 3227 λέγξας
452 3163 690 3231 τρανῶς,
723 3165 832 3217 ἀπὸ
848 3167 1099 3237 χρήσεως
1132 3171 1408 3240 γραφικῆς
1440 3172 1627 3241 σαφῶς
1655 3191 1801 3243 παρ-

232 3253 418 3324 ίστησι
478 3255 577 3326 τὴν
633 3255 915 3326 ἀλήθειαν.
974 3260 1194 3330 Προϊὼν
1226 3262 1335 3331 γὰρ
1382 3263 1518 3333 πρὸς
1548 3266 1624 3335 τῷ
1658 3267 1802 3318 τέλει

228 3345 325 3407 τοῦ
375 3346 541 3399 αὑτοῦ
607 3350 907 3417 κεφαλαίου
959 3351 1133 3405 ταῦτα
1185 3352 1460 3419 διέξεισιν,
1523 3356 1598 3419 ὼς
1626 3361 1684 3411 ὲν
1722 3358 1802 3429 τῷ

229 3439 511 3502 ἑκατοστῷ
538 3441 746 3510 ἐννάτῳ
779 3442 994 3513 Ψαλμῷ
1023 3461 1210 3514 φησιν.
1241 3464 1260 3498 s
1304 3444 1491 3501 Εἶπεν
1524 3452 1557 3502 ό
1588 3452 1803 3518 Κύριος

228 3526 312 3597 τῷ
352 3534 546 3600 Κυρίῳ
569 3552 713 3602 μου,
738 3536 937 3591 Κάθου
973 3538 1043 3591 ἐκ
1081 3538 1298 3603 δεξιῶν
1319 3559 1461 3609 μου,
1500 3563 1519 3596 ι
1554 3546 1653 3597 καί
1702 3562 1805 3599 κα-

228 3622 529 3677 θισάντων
552 3627 769 3689 αὐτῶν,
811 3630 976 3696 ,λέγει
1024 3630 1063 3697 ἡ
1108 3632 1318 3700 Γραρὴ
1350 3635 1500 3702 πρὸς
1535 3636 1643 3689 τὸν
1666 3639 1800 3705 Χρι-

226 3718 410 3767 στόνο
449 3735 468 3766 ι
503 3717 722 3796 ’Ὡμοσςε
745 3720 979 3788 Κύριος,
1011 3721 1106 3774 καί
1136 3726 1207 3776 οὐ
1225 3728 1800 3796 μεταμεληθήσεταιο

228 3807 315 3861 Σὺ
352 3810 545 3877 ἱερεὺς
577 3791 794 3877 εἰς’τὸν
818 3812 1005 3868 αἰῶνα
1036 3819 1187 3871 κατὰ
1240 3791 1563 3887 τὴνντάξιν
1584 3791 1804 3893 Μελχι-

225 3898 435 3960 σεδέκ,
467 3902 566 3953 καὶ
593 3902 808 3968 Κύριος
837 3903 904 3956 ἐκ
930 3904 1147 3968 δεξιῶν
1177 3921 1313 3963 σου.
1345 3928 1365 3962 ›
1396 3912 1567 3980 Δῆλον
1599 3914 1694 3969 οὗν
1719 3917 1801 3968 ὅτι

224 3995 290 4040 τὸ
320 3987 548 4058 Πνεῦμα
579 3990 644 4042 ἐκ
677 3991 873 4057 δεξιῶν
919 3995 1057 4048 ἔστι.
1113 3998 1225 4052 Καὶ
1260 4002 1316 4051 ἐν
1350 4002 1427 4070 τῷ
1460 4003 1698 4074 πέμπτῳ
1743 4008 1800 4062 δὲ

224 4079 337 4132 τῶν
366 4081 681 4148 κεφαλαίων
709 4083 772 4136 τὸ
802 4084 935 4137 αὐτὸ
965 4086 1059 4138 τοῦ
1088 4089 1331 4144 τοιούτου
1364 4092 1601 4165 Ψαλμοῦ
1635 4100 1798 4169 ῥητὸν

224 4172 597 4242 ἐξηγούμενος
624 4175 773 4242 λέγει
797 4190 812 4206 ο
852 4176 962 4230 Τοῦ
979 4174 1094 4232 οὖν
1124 4182 1260 4237 Υίοῦ
1287 4188 1474 4239 πάλιν
1493 4189 1563 4243 ἐκ
1587 4189 1804 4255 δεξιῶν

225 4265 296 4316 τὸ
351 4263 613 4331 Πνεῦμα.
656 4265 728 4317 Τὸ
753 4266 938 4320 τοίνυν
972 4270 1035 4322 ἐκ
1082 4271 1277 4339 δεξιῶν
1323 4276 1417 4329 τοῦ
1457 4281 1800 4351 Μονογενοῦς

222 4350 368 4407 εἶναι
398 4354 459 4407 τὸ
488 4355 713 4426 Πνεῦμα
743 4359 803 4411 τὸ
835 4361 1014 4428 ἅγιον,
1044 4362 1120 4427 ὡς
1154 4366 1407 4421 ἐντεῦθεν
1438 4372 1533 4425 καὶ
1561 4350 1797 4431 νοεῖσθαι

226 4446 398 4516 μέσον
425 4449 664 4515 μάλιστα
698 4450 790 4502 τὸν
816 4451 945 4505 Υίὸν
988 4455 1080 4508 διὰ
1122 4459 1221 4527 τῆς
1256 4462 1387 4530 μιᾶς
1413 4464 1618 4536 ταύτης
1650 4468 1799 4535 ἁξιο-
1834 4461 1876 4515 Ι)

224 4539 422 4590 πίστου
451 4539 737 4609 Γραφικῆς
784 4545 1040 4613 χρήσεως
1114 4552 1218 4602 κάν
1267 4554 1381 4619 τοῖς
1413 4556 1534 4611 δυσὶ
1587 4561 1800 4626 τούτοις

223 4631 547 4697 κεφαλαίοις
578 4634 853 4699 ἀπέδειξε.
889 4637 961 4689 Τὸ
980 4637 1027 4691 δ’
1055 4640 1126 4704 ἐξ
1148 4644 1473 4715 εὐωνύμων
1503 4651 1800 4721 καθῆσθαι

220 4722 388 4775 τοῦτο
446 4723 551 4778 τοῦ
581 4725 731 4779 Θεοῦ
766 4728 865 4781 καί
911 4733 1162 4799 Πατρός,
1205 4737 1345 4808 ὅπερ
1384 4742 1602 4808 ἀνάξιον
1631 4746 1803 4813 ὅντως

220 4817 321 4866 καὶ
346 4813 549 4882 λέγειν,
589 4817 670 4869 ὅτι
724 4818 861 4888 μηδὲ
902 4819 1091 4893 χώραν
1145 4823 1263 4894 ἔχει
1319 4832 1557 4897 συνόλως
1599 4839 1718 4894 ἐκεῖ
1740 4841 1801 4894 τὸ

219 4907 401 4971 λαιὸν,
436 4909 629 4972 ἐστιν,
658 4908 803 4979 εἷπε,
863 4915 963 4967 καί
1000 4917 1195 4984 μόνον
1213 4919 1561 4993 ἐπινοῆσαι,
1594 4932 1657 4985 τὸ
1689 4934 1800 4989 τῶν

217 4996 440 5052 πολλῶν
513 5002 769 5057 ἐντεῦθεν
815 5006 962 5076 τάχα
996 5062 999 5065 ,
1037 5009 1335 5079 περίεργον
1393 5018 1796 5093 αἰνιττόμενος.

768 5099 1123 5221 iiiP-3337‘?"
1175 5103 1244 5221 δί
1277 5100 1354 5161 ὧν
1419 5110 1823 5221 ἦπηγξςρευσεν.
1875 5090 2152 5209 Ἐκοάτερα.
2177 5090 2620 5221 γὰρωσύπάρχειν
2650 5154 2760 5208 τῶν
2830 5157 3109 5212 ἀδυνάτων
3140 5159 3198 5212 ἓν
3244 5178 3300 5215 τι
3328 5160 3484 5215 καθὲ·

221 5197 433 5252 στηκεν
454 5201 470 5217 ο
502 5188 641 5256 πλὴν
677 5190 726 5241 εί
767 5190 843 5260 μή
871 5207 976 5246 που
1007 5197 1265 5263 περιττός
1297 5217 1384 5264 τις
1422 5203 1500 5269 ὡς
1528 5209 1599 5261 τὰ
1665 5218 1838 5273 πολλὰ

227 5277 399 5296 2.....--ᾼ
444 5275 573 5296 \-1,
724 5280 740 5296 ι
795 5284 807 5296 α
886 5284 910 5296 μ
949 5285 973 5296 -
1007 5285 1033 5296 α.
1177 5288 1202 5296 .-
1277 5291 1333 5296 __

216 5275 664 5346 ἀναμοχλιύσας,
689 5280 751 5334 τὸ
791 5284 856 5334 ὲκ
881 5284 1077 5349 δεξιῶν
1110 5288 1203 5341 τοῦ
1277 5291 1623 5363 Μονογενοῦς

214 5367 400 5430 οὕτως
426 5373 715 5442 ἀμφότερα
737 5374 797 5427 τὸ
822 5375 1018 5433 δοκεῖν.
1054 5382 1227 5437 κἈλλὰ
1248 5386 1407 5439 τοῦτο
1433 5390 1535 5458 μὲν
1600 5367 1720 5449 οὐδὲ

214 5464 451 5532 φρονεῖν
476 5477 491 5494 ο
516 5467 659 5518 ἑπεὶη
680 5468 818 5540 μηδὲ
845 5472 1137 5542 περιόδους
1167 5477 1434 5545 κυκλικὰς

217 5571 423 5616 σαντες
452 5556 806 5630 ἐδηλώσαμεν
834 5563 1062 5622 ἄνωθεν.

290 5647 399 5719 λγ’.
420 5651 505 5749 :1‘6
535 5652 593 5708 δὲ
648 5654 740 5708 τὸν
786 5656 915 5712 Υίδν
948 5660 1116 5729 μέσον
1159 5664 1428 5739 ὑπάρχειν
1462 5671 1558 5725 τοῦ
1589 5676 1801 5749 Πατρὸς

216 5741 326 5825 καὶ.
354 5741 449 5829 τοῦ
477 5745 817 5831 ⁸Πνεύματος
862 5749 950 5804 διὰ
981 5752 1195 5812 πολλῶν
1229 5759 1330 5832 ήδη
1363 5761 1636 5822 δέδεικται
1662 5785 1676 5801 ·
1914 5791 1966 5830 m

1757 5310 2079 5409 ‘edwvdpwv
2111 5318 2255 5378 εἶναί
2317 5341 2438 5393 πως
2490 5332 2610 5400 ἐρεῖ
2653 5334 2750 5388 τοῦ
2779 5302 2792 5319 ⁸
2829 5302 3068 5409 Πατνρὸςὴ,

1751 5400 1841 5507 διὰ
1881 5411 2154 5507 triduano;
2226 5422 2523 5494 προφέρειν
2555 5426 2742 5495 καλὸν,
2780 5431 2858 5500 μή
2893 5400 2976 5484 τοί
3021 5400 3085 5502 γε
3124 5400 3482 5507 τὸ.παράπαν

2267 5484 2283 5487 _
2346 5484 2359 5494 ,
2407 5484 2422 5494 ,
2728 5484 2741 5495 ,
2780 5484 2793 5500 ,
2846 5484 2858 5500 ,
3032 5484 3078 5502 ,ρ
3136 5484 3179 5488 ν-
3220 5484 3476 5507 --τρητ-

1501 5484 1679 5541 ὲκεϊσε
1703 5491 1821 5549 δέον
1860 5501 2077 5569 νοεῖν,ὃ
2114 5508 2250 5579 δῆτά
2294 5530 2404 5566 τισι
2451 5515 2560 5570 τῶν
2590 5517 2685 5571 νῦν
2734 5520 2961 5591 ἀρέσκει
3014 5527 3214 5595 σοφῶν,
3237 5527 3311 5592 ὡς
3339 5529 3479 5599 φθά-

1920 1864 2155 1917 medinm
2211 1864 2355 1917 inter
2392 1861 2587 1916 Filium
2632 1873 2685 1917 et
2740 1858 3001 1934 Spiritum
3050 1865 3261 1922 Patrem
3313 1869 3485 1924 collo-

1909 1967 2084 2008 casse.
2110 1954 2211 2008 Sed
2245 1954 2295 2006 id
2321 1968 2351 2006 a
2385 1968 2509 2006 vera
2532 1953 2888 2023 intelligentia
2916 1972 3077 2025 quam
3104 1958 3481 2028 longissimum

1907 2054 2017 2099 est.
2069 2042 2316 2112 Namque
2364 2043 2679 2098 a'sinistiis
2714 2044 2888 2100 Patris
2933 2043 3194 2115 Spiritum
3231 2061 3481 2105 sanctum

1908 2136 2120 2200 sedere,
2147 2136 2310 2188 datur
2342 2134 2567 2205 intelligi
2603 2135 2832 2204 Magnus
2866 2137 3023 2203 dixit,
3069 2142 3482 2208 nonnullormn,

1907 2241 2029 2295 qua!
2049 2226 2176 2280 inde
2199 2227 2503 2290 oriebatur,
2529 2227 2823 2281 absurdam
2854 2228 3168 2297 opinionem
3199 2247 3481 2302 promens,

1908 2320 1994 2372 cui
2045 2318 2159 2386 ipse
2206 2333 2492 2372 assensum
2524 2320 2761 2373 minime
2815 2322 3065 2388 praestat;
3119 2323 3232 2379 imo
3278 2340 3339 2380 ex
3376 2327 3484 2383 illis

1907 2425 2027 2477 quae
2055 2410 2354 2475 Suhnectit,
2386 2427 2503 2464 eam
2543 2411 2619 2465 uti
2652 2412 2936 2467 mendacio
2966 2414 3283 2482 implicitam
3319 2418 3485 2474 reici--

1911 2498 2052 2563 lens,
2089 2500 2268 2568 palam
2300 2501 2560 2571 clareque
2591 2499 2888 2570 Scripturre
2920 2504 3248 2561 auctoritate
3282 2510 3483 2565 verita.

1908 2598 2012 2646 tem
2046 2592 2258 2661 aperit:
2284 2593 2587 2661 procedens
2617 2594 2884 2663 siquidem
2913 2597 2967 2648 in
2994 2597 3098 2651 line
3126 2597 3255 2652 dicti
3289 2602 3480 2667 capitis

1907 2682 2133 2750 digerit:
2174 2679 2265 2735 Uti
2295 2684 2347 2736 in
2383 2685 2662 2737 centesimo
2698 2701 2833 2738 nono
2869 2684 3085 2740 Psalmo
3114 2690 3230 2742 ait:
3270 2709 3288 2741 ι
3336 2691 3480 2745 Dixit

1905 2771 2168 2826 Dominus
2213 2773 2440 2827 Domino
2478 2791 2623 2828 meo:
2669 2774 2800 2829 Sede
2845 2793 2877 2830 a
2919 2778 3122 2832 dextris
3163 2783 3326 2845 meis,
3368 2803 3386 2834 ν
3430 2798 3480 2838 ενι

1906 2879 2021 2915 cum
2071 2865 2152 2916 illi
2205 2866 2499 2928 sedissem,
2549 2867 2678 2920 dicit
2734 2866 3016 2937 Scriptura
3072 2871 3142 2923 ad
3187 2872 3482 2933 Christum:

1911 2972 1930 3006 ι
1966 2954 2179 3008 Juravit
2240 2955 2492 3011 Dominus
2516 2996 2531 3021 ,
2572 2967 2620 3010 et
2673 2974 2773 3011 non
2821 2960 3085 3027 paenitebit
3120 2979 3236 3017 eum
3267 2981 3284 3018 :
3317 2965 3393 3020 Tn
3426 2985 3480 3022 es

1908 3043 2161 3097 Sacerdos
2185 3046 2240 3097 in
2271 3055 2519 3098 aiternunt
2546 3049 2831 3102 secundum
2860 3051 3095 3104 ordinem
3116 3053 3479 3124 Mclcltisedec,

1905 3147 1953 3188 et
1985 3134 2237 3189 Dominus
2292 3154 2321 3190 a
2353 3138 2554 3192 dextris
2588 3143 2712 3194 tuis.
2746 3160 2763 3191 ι
2798 3142 3140 3200 Manifestum
3170 3147 3352 3219 itaque
3376 3161 3479 3216 est,

1909 3226 2169 3296 Spiritum
2216 3245 2247 3281 a
2290 3229 2498 3285 dextris
2529 3247 2672 3286 esse.
2706 3232 2770 3285 Et
2805 3234 2859 3287 in
2903 3236 3097 3305 quinto
3126 3239 3304 3309 capite
3335 3242 3475 3297 idem

1906 3318 2151 3387 ejusdem
2190 3319 2390 3375 Psaltni
2455 3323 2661 3376 dictum
2711 3326 3032 3394 explanans,
3072 3330 3295 3400 inquit:
3347 3332 3476 3387 Filii

1903 3411 2082 3480 itaque
2129 3428 2314 3467 rursus
2358 3431 2390 3468 a
2438 3416 2636 3469 dextris
2693 3414 2938 3482 Spiritus.
2990 3417 3158 3489 Igitur
3203 3438 3234 3478 a
3275 3424 3478 3482 dextris

1912 3499 2183 3571 Unigcniti
2216 3501 2452 3572 Spiritus
2494 3514 2718 3561 sanctus
2749 3525 2871 3563 cum
2908 3510 3006 3577 sit,
3041 3511 3167 3567 inde
3196 3523 3250 3568 et
3286 3518 3477 3584 praxi-

1906 3607 2012 3660 pue
2038 3594 2275 3647 medium
2307 3594 2534 3665 intelligi
2566 3596 2788 3666 Filium,
2811 3615 2875 3654 ex
2906 3601 3006 3657 hac
3038 3605 3155 3659 sola
3186 3604 3480 3676 Scriptura:

1906 3681 2253 3747 auctoritate,
2286 3683 2341 3737 in
2375 3685 2461 3739 his
2492 3686 2710 3743 duobus
2747 3692 3016 3759 capitibus
3049 3695 3477 3753 demonstratur.

1902 3770 1970 3823 At
1999 3772 2127 3826 illud
2163 3790 2196 3826 a
2231 3775 2463 3829 sinistris
2501 3776 2597 3831 Dei
2629 3787 2678 3832 et
2712 3778 2892 3834 Patris
2922 3784 3118 3850 sedere,
3153 3790 3300 3856 quod
3332 3788 3479 3843 indi-

1903 3877 2065 3932 gnum
2111 3865 2359 3935 profecto
2389 3876 2508 3933 est,
2551 3872 2697 3939 quod
2744 3872 2825 3926 vel
2878 3876 3057 3931 verbis
3093 3878 3473 3947 exprimatur:

1903 3952 1977 4006 ibi
2023 3954 2167 4008 enim
2219 3956 2448 4014 sinistro
2477 3959 2630 4014 locus
2673 3963 2897 4017 omnino
2930 3966 3115 4021 nullus
3145 3979 3225 4022 est
3250 3984 3264 4022 :
3293 3972 3477 4036 datur,

1906 4044 2115 4114 inquit,
2168 4046 2396 4115 facultas
2453 4060 2659 4106 tantum
2711 4054 2957 4126 intelligi,
3008 4058 3301 4114 multarunt
3354 4063 3480 4118 inde

1904 4134 2139 4192 fortasse
2184 4140 2563 4197 curiositatem
2622 4146 2895 4211 innueus,
2943 4167 3105 4219 quam
3150 4155 3480 4221 procedente

1903 4231 2169 4296 oratione,
2200 4246 2267 4286 ex
2299 4234 2368 4289 iis
2400 4250 2522 4303 qua:
2551 4241 3027 4305 pronuntiaverat,
3064 4245 3284 4300 retudit.
3320 4244 3483 4302 Utra-

1903 4334 2011 4388 que
2062 4320 2206 4375 enim
2252 4337 2373 4379 esse
2425 4324 2540 4379 ﬁeri
2596 4328 2821 4397 nequit;
2866 4330 2921 4383 ni
2974 4332 3245 4403 quispiam
3294 4335 3480 4393 intima

1904 4406 2007 4460 hac
2029 4409 2316 4476 prudentia
2348 4413 2686 4479 praecellens,
2714 4426 2767 4471 et
2794 4420 3094 4487 profundas
3118 4425 3479 4492 cogitationes

1906 4501 2272 4565 submovens,
2320 4518 2384 4558 ex
2422 4505 2630 4562 dextris
2660 4506 2939 4580 Unigeniti
2980 4529 3044 4568 ex
3081 4516 3320 4573 sinistris
3358 4534 3481 4575 esse
3579 4571 3587 4579 .

1904 4587 2085 4645 Patris
2114 4595 2521 4661 quodammodo
2548 4600 2713 4666 dicat,
2745 4602 2823 4657 sic
2858 4615 3087 4678 utraque
3111 4610 3478 4673 concordatis,

1908 4691 1968 4735 ut
2003 4682 2103 4737 sibi
2146 4685 2385 4743 \idetur.
2428 4687 2534 4744 Sed
2570 4692 2675 4748 hoc
2715 4710 2895 4764 neque
2934 4714 3028 4752 ore
3060 4700 3304 4769 proferre
3338 4703 3482 4759 intc-

1907 4787 2063 4842 grum
2096 4772 2284 4842 fuerit,
2317 4788 2531 4835 tantum
2571 4782 2731 4840 abest
2762 4796 2820 4840 ut
2847 4788 3029 4844 animo
3057 4799 3325 4861 teneatur,
3358 4812 3481 4850 cum

1909 4876 2089 4933 neque
2143 4868 2440 4927 circulares
2501 4875 2714 4944 periodi
2770 4877 2845 4934 ibi
2908 4884 3276 4953 concipiendae
3332 4895 3479 4951 sunt,

1908 4956 2429 5057 quod-quibusdam
2475 4967 2813 5036 sapientibus
2864 4975 3173 5045 perplacet,
3221 4990 3277 5031 ut
3317 4993 3483 5057 supra

1907 5045 2356 5115 significavimus.

2139 5252 2184 5319 ω
2224 5236 2446 5292 σύνεσιν
2495 5241 2571 5296 ὢν
2640 5248 2734 5301 καὶ
2779 5248 2992 5319 βαθέων
3035 5250 3199 5319 δῆθεν
3255 5253 3479 5308 ἐννοιῶν

3123 5341 3482 5411 συμσισάζων

1982 5687 2076 5742 53.
2137 5687 2339 5746 Verum
2390 5691 2587 5749 Filium
2646 5698 2786 5752 inter
2840 5701 3059 5785 Patrem
3109 5716 3165 5764 et
3219 5711 3483 5785 Spiritum

1972 5778 2153 5836 edium
2211 5797 2369 5850 esse,
2428 5787 2678 5856 pluribus
2729 5789 2840 5861 jam
2882 5778 3323 5865 demottstratu'm
3358 5822 3482 5871 .est.
