3970 6418
521 294 652 358 “03

1539 293 2055 356 CONSTANTLNI.
2094 294 2642 390 MELtrENIOM

3583 313 3688 381 1104

514 413 579 464 lLt
615 414 717 464 hoc
762 408 837 464 uti
887 408 1025 462 ordo
1066 406 1271 462 divinae
1314 415 1523 460 naturae
1564 407 2076 474 congruentissimu:

2200 409 2361 463 τοῦτο
2380 409 2525 464 κατὰ
2559 408 2715 475 τάξιν
2746 413 2811 483 τῇ
2844 411 2965 485 θείᾳ
3009 415 3171 485 φύσει
3201 417 3408 485 πάντως
3443 429 3693 499 προσήκω.

514 505 771 574 postulat.
817 500 968 556 Ordo
1004 500 1203 555 etenim
1249 499 1447 567 aliquis
1487 506 1572 553 est
1601 499 1765 552 etiam
1817 498 1870 553 in
1906 497 2091 554 Trini-

512 609 651 662 tate,
703 610 810 666 quo
853 593 1012 648 Pater
1041 599 1167 646 ante
1197 588 1574 660 Unigenitum,
1610 587 2092 660 Unigenitus‘ante

515 691 785 759 Spiritum
815 684 1157 754 intelligitur,
1192 682 1319 736 licet
1359 684 1506 737 hunc
1539 696 1759 753 quoque
1794 682 2089 740 adversarii

511 788 783 835 conantur
813 784 1078 830 everte:e.
1112 770 1311 827 Dicunt
1339 772 1482 825 enim
1515 786 1620 824 non
1649 785 1771 826 esse
1800 772 2092 826 admitten-

509 876 638 929 dum
678 879 730 925 tn
787 868 898 924 Deo
929 866 1204 930 ordinem,
1258 872 1314 918 et
1360 863 1546 931 lingua
1596 877 1758 926 aurea
1801 865 2086 933 pra'ditum

508 965 780 1022 sermonis
832 963 916 1017 sui
978 960 1283 1027 adjutorem
1327 964 1660 1020 assumunt,
1720 957 1814 1024 qui
1875 956 1954 1013 in,
1988 971 2085 1011 sua

506 1054 772 1120 humilia,
832 1065 998 1121 quam
1044 1050 1134 1103 ille
1180 1047 1373 1101 habuit
1420 1047 1472 1100 in
1526 1047 1733 1100 dictum
1783 1047 2083 1102 Abraami:

513 1171 529 1202 ι
573 1147 718 1203 Pone
762 1158 979 1198 manum
1029 1150 1176 1194 tuam
1224 1140 1279 1192 in
1331 1138 1502 1207 femur
1551 1153 1722 1191 meum
1750 1139 1818 1203 ",
1862 1156 1882 1191 ι
1939 1139 2088 1194 hisee

506 1243 690 1299 verbis
732 1240 944 1293 utitur:
992 1232 1202 1287 Dicitur
1246 1232 1388 1286 enim
1437 1231 1628 1285 habere
1675 1229 1908 1285 Trini:as
1938 1232 2085 1285 ordi-

507 1351 644 1399 nem,
683 1347 787 1386 nan
821 1328 959 1400 quod
996 1326 1304 1379 inordinata
1335 1324 1423 1389 sit,
1454 1324 1546 1377 sed
1573 1322 1711 1393 quod
1745 1339 1906 1392 supra
1940 1324 2086 1376 ordi-

506 1443 624 1481 nem
659 1425 749 1478 sit.
788 1421 900 1476 lloc
931 1420 1114 1488 itaque
1151 1422 1520 1487 proponentes
1557 1414 1834 1483 propriam
1869 1413 2086 1483 Opinio-

506 1532 632 1574 nem
664 1515 1021 1570 corroborare
1052 1509 1413 1573 contendunt,
1453 1506 1530 1561 uti
1565 1507 1659 1576 qui
1692 1507 1860 1559 divini
1901 1504 2082 1561 Putris

505 1609 676 1666 semel
705 1606 1042 1678 pr0positum
1085 1601 1431 1673 ignorarunt,
1467 1614 1645 1669 neque
1675 1599 1783 1653 illis
1813 1614 1932 1669 quae
1971 1612 2080 1652 non

500 1714 628 1776 post
674 1701 843 1757 multa
890 1698 1057 1753 verba
1086 1690 1375 1761 edisserit,
1419 1697 1663 1749 animum
1704 1694 2078 1747 adverterunt.

2197 518 2318 556 σαν.
2346 503 2514 567 Τάξις
2557 505 2666 575 γάρ
2700 507 2786 568 τίς
2829 507 2951 561 ἐστι
3000 510 3103 563 κάν
3134 513 3203 581 τῇ
3234 511 3546 581 Τριάδι,κα9
3591 523 3694 592 ﬁve

2196 592 2296 660 μὲν
2324 594 2515 667 Πατὴρ
2544 597 2641 649 τοῦ
2675 598 3041 668 Μονογενοῠς,
3086 597 3241 667 οὗτος
3272 604 3327 657 δὲ
3356 607 3696 678 προθεωρεῖται

2191 683 2288 737 τοῦ
2318 687 2656 757 Πνεύματος,
2683 691 2788 744 κᾶν
2819 693 3065 763 ἀναιρεῖν
3086 696 3397 766 ἐπιχειρῶσι
3426 700 3508 754 καὶ
3530 704 3698 773 ταύτην

2189 777 2240 829 οἱ
2274 777 2683 850 ἀνθιστάμενσι.
2716 784 2855 838 Φασὶ
2901 785 3012 853 γὰρ
3060 788 3134 857 μὴ
3169 787 3281 842 δεῖν
3310 790 3399 843 ἐπὶ
3428 792 3551 846 Θεοῦ
3577 797 3700 863 τάξιν

2189 868 2474 939 δέχεσθαι,
2524 874 2619 928 ναὶ
2649 874 2745 929 τὸν
2792 877 3032 948 χρυσοῦν
3080 880 3182 949 τὴν
3233 881 3469 949 γλῶτταν
3515 887 3701 955 προϐάλ-

2188 958 2370 1013 λονται
2402 961 2498 1016 τοῦ
2545 963 2707 1033 λόγου
2737 969 2943 1021 τούτων
2988 969 3304 1040 ἐπίκουρον,
3336 971 3393 1032 ὃς
3424 975 3479 1026 ὲν
3507 977 3592 1045 μιᾷ
3619 980 3702 1030 τιὶιν

2186 1049 2416 1121 ὁμιλιῶν
2440 1053 2630 1121 αὐτοῦ,
2661 1058 2727 1127 τῇ
2758 1058 2840 1122 εἰς
2872 1058 2932 1111 τὸ
2959 1061 3125 1130 ῥητὸν
3153 1061 3247 1114 τοῦ
3294 1061 3529 1135 Ἀϐραὰμ
3554 1069 3607 1122 τὸ
3633 1070 3704 1123 ὶέ-

2187 1160 2306 1211 γον,
2341 1163 2363 1197 ι
2401 1145 2514 1214 Θὲς
2552 1148 2666 1216 τὴν
2710 1149 2883 1219 xeipd
2926 1167 3043 1206 σου
3073 1152 3173 1207 ἐπὶ
3200 1154 3309 1208 τὸν
3328 1159 3514 1226 μηρόν
3536 1178 3655 1227 μου,
3686 1182 3699 1215 ι

2187 1237 2369 1307 ῥητῶς
2398 1237 2541 1293 οὕτω
2566 1240 2819 1306 διέξεισιν
2843 1259 2858 1275 ·
2889 1244 3135 1314 Λέγεται
3171 1249 3282 1315 γὰρ
3305 1249 3462 1316 ἐχειν
3491 1251 3645 1316 τάξιν
3673 1256 3702 1323 ἡ

2190 1330 2381 1396 Τριὰς.
2415 1333 2529 1398 οὐχ
2559 1331 2640 1397 ὠς
2661 1333 2935 1404 ἄτακτος,
2987 1335 3130 1390 ἀλλ’
3176 1338 3257 1404 ὡς
3288 1337 3456 1402 τάξιν
3475 1343 3706 1409 ὑπερϐαί-

2183 1432 2404 1474 νουσα.
2428 1420 2601 1475 Τοῦτο
2632 1423 2816 1477 τοίνυν
2846 1420 2994 1478 οὗτοι
3019 1428 3394 1496 προτείνοντες
3418 1428 3510 1499 τὴν
3535 1432 3704 1485 οἰκείαν

2182 1510 2342 1576 δόξαν
2400 1514 2667 1583 συστῆσαι
2721 1518 3139 1585 σπουδάζουσιν,
3177 1520 3275 1573 ἅτε
3314 1519 3403 1574 τὸν
3449 1522 3538 1576 τοῦ
3586 1523 3703 1577 θείου

2184 1603 2396 1672 Πατρδς
2427 1603 2685 1672 καθάπαξ
2732 1608 2936 1660 σκοπὸν
2963 1609 3359 1679 ἀγνοήσαντες,
3395 1613 3521 1681 μηδὲ
3567 1631 3704 1684 προσ-

2185 1694 2409 1763 σχόντες
2434 1697 2546 1760 τοτς
2575 1697 2750 1768 τούτῳ
2780 1697 2994 1769 ῥηθεῖσι
3055 1703 3177 1770 μετ’
3208 1702 3270 1754 οὐ
3321 1703 3502 1757 πολλά.
3530 1706 3704 1775 Προϊὼν

504 1800 603 1853 llic
633 1797 777 1852 enim
814 1792 1142 1864 procedente
1175 1789 1423 1843 oratione
1451 1786 1583 1841 dicit
1611 1803 1625 1840 :
1650 1784 1841 1856 Itaque
1871 1786 2076 1840 divinas

2184 1789 2283 1844 καὶ
2300 1790 2408 1862 γὰρ
2437 1785 2497 1844 οὗ
2508 1809 2591 1856 τος
2611 1794 2792 1859 αὐτὸς,
2817 1795 3059 1850 οὐκοῦν
3086 1799 3122 1865 ὴ
3142 1798 3263 1867 μὲν
3281 1798 3396 1853 τῶν
3415 1802 3573 1853 θείων
3592 1802 3704 1854 ὐπο-

500 1893 806 1961 ltypostases
860 1884 988 1938 ordo
1035 1882 1330 1935 discernens
1384 1879 1556 1948 dignis
1611 1878 1937 1932 innotescit:
1987 1877 2078 1947 qui

499 1968 619 2039 vero
672 1990 895 2035 naturus
940 1974 1189 2030 discernit
1240 1972 1295 2025 in
1348 1979 1532 2024 sancta
1571 1968 1833 2023 Trinitate
1862 1984 2078 2038 prorsus

500 2076 761 2145 rejicitur.
798 2070 1033 2124 Naturas
1060 2066 1245 2133 itaque
1284 2061 1691 2116 discernentem
1733 2060 1979 2115 ordinem
2022 2060 2076 2113 itt

499 2164 768 2219 'i'tinitate
799 2176 829 2213 ιι
876 2154 1085 2212 Sanctis
1124 2150 1277 2219 rejici
1313 2151 1624 2213 declarans,
1666 2149 1880 2203 divinas
1910 2148 2079 2218 hypo—

502 2268 680 2311 stnses
715 2252 1111 2307 discernentem
1147 2244 1255 2299 illis
1297 2243 1431 2312 ipsis
1468 2240 1775 2297 innotuisse
1809 2240 2073 2296 decernit.

499 2349 712 2415 Quibus
754 2341 983 2399 omnino
1028 2338 1106 2393 uti
1151 2335 1466 2407 expurgatis
1510 2349 1609 2389 sua
1642 2332 1880 2389 Trinitas
1922 2347 2077 2387 reve-

498 2440 663 2502 lniit,
724 2444 781 2489 ut
838 2432 1017 2503 magni
1076 2429 1313 2499 theologi
1371 2427 1621 2498 Gregorii
1691 2427 1875 2482 verbis
1929 2436 2071 2489 utar,

495 2532 587 2603 qui
659 2530 712 2583 in
770 2524 1009 2581 secunda
1070 2519 1318 2575 oratione
1372 2519 1440 2573 de
1498 2517 1638 2572 Pace
1691 2517 1930 2572 scribit:
1986 2514 2075 2569 Ita

496 2635 761 2684 tenemus,
790 2634 867 2672 ita
892 2615 1168 2679 sentimus,
1201 2621 1258 2666 ut
1295 2614 1555 2680 quomodo
1599 2627 1653 2665 se
1686 2609 1911 2664 habeant
1936 2609 2076 2662 inter

494 2734 546 2772 .«e
595 2716 707 2769 Ita'c
754 2711 1006 2766 relatione
1046 2717 1095 2762 et
1124 2707 1310 2760 ordine
1349 2707 1452 2775 ipsi
1483 2705 1583 2756 soli
1619 2702 2072 2756 Trinitaticonce-

494 2815 681 2864 «tamus
709 2805 1080 2873 cognitionem,
1107 2808 1156 2853 et
1185 2799 1371 2869 quibus
1401 2799 1518 2866 ipsa
1551 2794 1786 2849 Trinitas
1814 2810 2073 2864 expurga-

494 2906 564 2955 tis
600 2896 849 2953 reuelabit
885 2904 974 2948 aut
1004 2908 1160 2957 nunc,
1191 2899 1282 2945 aut
1308 2888 1659 2958 postmodum.
1685 2888 1915 2951 Quinam
1946 2902 2074 2942 vero

497 2992 550 3047 lti
580 2997 728 3053 sunt,
749 2996 803 3042 et
834 2986 985 3055 quid,
1017 2993 1068 3038 et
1097 2997 1207 3052 quo
1239 2981 1291 3035 itt
1319 2981 1437 3035 loco
1460 2980 1527 3033 de
1563 2983 1665 3033 ltoc
1697 2981 2073 3048 unusquisque

495 3080 872 3155 pertractavit,
897 3091 998 3143 ego
1030 3090 1127 3145 pro
1156 3073 1368 3127 viribus
1397 3073 1624 3141 eloquar
1655 3071 1803 3125 nulla
1835 3072 2074 3139 interpo-

493 3181 597 3233 sita
645 3189 823 3230 mora.
858 3173 1076 3227 Primus
1121 3183 1351 3238 magnus
1385 3166 1621 3221 Basilius
1659 3165 1837 3235 primo
1876 3167 2072 3219 adver-

496 3282 592 3320 sus
658 3260 986 3316 Eunominm
1058 3257 1418 3311 antirrhetico
1477 3255 1640 3324 longo
1695 3268 1947 3309 sermone
2007 3255 2075 3309 de

492 3356 683 3412 ordine
751 3366 929 3417 usus,
997 3351 1113 3404 hinc
1181 3348 1475 3419 ipsissimis
1543 3344 1731 3403 verbis
1802 3346 2069 3415 exponit:

495 3448 602 3502 Sed
633 3444 764 3500 ordo
803 3444 940 3497 alter
961 3441 1224 3496 naturalis
1259 3449 1358 3502 est,
1398 3440 1534 3493 alter
1567 3439 1914 3508 artiﬁciosus.
1953 3437 2073 3493 Να-

497 3539 684 3593 turalis
723 3539 811 3608 qui
858 3545 1221 3589 creaturarum
1248 3532 1408 3601 juxta
1436 3532 1651 3585 creandi
1685 3533 1917 3586 rationes
1960 3531 2072 3585 dis-

494 3632 698 3699 positus
744 3636 821 3683 est
842 3668 857 3694 ,
907 3635 955 3681 et
988 3625 1181 3696 positio
1211 3624 1415 3677 numeri
1445 3632 1494 3677 et
1525 3638 1811 3676 causarum
1845 3622 1914 3675 ad
1943 3621 2072 3690 effe-

495 3734 611 3778 rtus
636 3723 857 3788 relatio,
894 3730 1015 3775 ante
1060 3719 1237 3773 omnia
1280 3734 1398 3772 cum
1430 3702 1564 3770 illud
1607 3717 1661 3769 in
1693 3715 1951 3783 confessis
1980 3726 2070 3781 stt,

494 3817 662 3886 ipsius
709 3823 917 3869 natura:
952 3811 1124 3866 Deum
1160 3820 1210 3866 et
1247 3821 1539 3865 creatorem
1578 3819 1627 3864 et
1656 3808 1894 3878 opificem
1936 3823 2069 3862 esse.

493 3906 834 3975 Artificiosus
864 3918 1003 3969 vero,
1030 3913 1079 3956 et
1104 3900 1376 3956 industria
1406 3899 1681 3952 hominum
1716 3901 2069 3968 excogitatus,

494 4001 585 4070 qui
628 4000 683 4053 in
719 3996 1002 4052 structuris
1053 4005 1101 4049 et
1146 3993 1481 4062 disciplinis,
1525 4000 1573 4045 et
1603 3990 1987 4061 dignitatibus,
2023 4000 2072 4044 et

2181 1881 2479 1949 στάσεων,
2514 1884 2681 1953 λέγει,
2715 1885 3048 1956 διακριτικὴ
3083 1891 3254 1957 τάξις
3289 1891 3411 1958 τοῖς
3432 1892 3606 1957 ἀξίοις
3625 1910 3706 1945 κα-

2181 1972 2439 2041 θέστηκε
2469 1975 2759 2045 γνώριμος
2787 1992 2802 2007 ·
2824 1980 2864 2048 ἠ
2891 1979 2961 2032 δὲ
2995 1981 3116 2034 τῶν
3157 1984 3404 2051 φύσεων
3422 1983 3702 2051 διακριτικὴ

2176 2063 2274 2117 ἐπὶ
2297 2066 2406 2135 τῆς
2435 2069 2606 2137 ἁγίας
2642 2071 2884 2138 Τριάδος
2911 2072 3278 2142 ἀπόϐλητος.
3307 2075 3417 2144 Τὴν
3435 2078 3596 2130 τοίνυν
3620 2076 3703 2129 τῶν

2180 2162 2400 2227 φύσεων
2451 2161 2803 2234 διακριτικὴν
2855 2165 3012 2231 τάξιν
3064 2167 3164 2220 ἐπὶ
3219 2169 3322 2239 τῆς
3356 2169 3573 2240 Τριὰδος
3615 2170 3703 2230 τοῖς

2178 2253 2357 2323 ἁγίοις
2378 2248 2522 2308 εἶναι
2549 2254 2930 2325 διατρανὼσας
2958 2259 3295 2331 ἀπόϐλητον,
3330 2262 3429 2333 τὴν
3451 2262 3553 2315 τῶν
3578 2262 3701 2315 θείων

2178 2345 2561 2399 ὑποστάσεωνη
2597 2344 2948 2415 διακριτικὴν
2981 2347 3389 2418 καθεστηκέναι
3417 2349 3610 2411 τούτοις
3632 2348 3700 2401 ab-

2177 2441 2288 2502 τοῖς
2315 2438 2676 2507 ἀποφαίνεται
2706 2440 3004 2509 γνώριμον.
3039 2437 3137 2504 Οἷς
3189 2443 3412 2506 πάντως
3455 2443 3543 2498 ἅτε
3569 2457 3699 2495 κεκο-

2179 2531 2476 2602 θαρμὲνοις
2506 2531 2573 2585 τὰ
2603 2535 2733 2601 περὶ
2761 2532 2966 2603 ταύτης
2993 2534 3025 2604 ἡ
3060 2534 3238 2606 Τριὰε
3263 2535 3566 2604 ἀπεκάλυψε
3594 2533 3700 2587 κατὰ

2176 2625 2267 2680 τὸν
2298 2625 2467 2679 πολὺν
2503 2627 2560 2680 ιν
2588 2625 2843 2699 θεολογίᾳ
2875 2628 3203 2699 Γρηγόριον,
3234 2629 3291 2693 ὃς
3330 2631 3388 2683 ὲν
3413 2631 3485 2700 τῷ
3508 2628 3702 2696 δευτέρῳ

2174 2715 2286 2767 τῶν
2320 2716 2633 2786 εἰρηνικῶν,
2669 2718 2834 2772 Οὕτω
2864 2720 3229 2790 φρονοῦμεν,
3264 2712 3418 2792 φησι,
3439 2720 3531 2775 καὶ
3556 2719 3702 2782 οὕτως

2175 2806 2416 2874 ἔχομεν,
2445 2806 2602 2862 ὥστε
2630 2808 2791 2874 ὅπως
2813 2810 2931 2876 μὲν
2955 2811 3079 2880 ἔχει
3117 2813 3271 2880 πρὸς
3301 2814 3532 2879 ἄλληλα
3557 2810 3704 2864 ταῦτα

2175 2897 2452 2966 σχέσεώς
2482 2915 2548 2953 τε
2591 2901 2688 2954 καὶ
2733 2901 2981 2969 τάξεως,
3027 2903 3190 2971 αὐτῇ
3227 2905 3388 2973 μόνῃ
3426 2904 3499 2973 τῇ
3547 2899 3703 2970 Τριάδι

2176 2992 2513 3058 συγχωρεῖν
2547 2992 2788 3054 ειδέναι,
2851 2993 2950 3047 καὶ
2997 2988 3084 3060 οἷς
3134 2995 3214 3050 ἂν
3248 2997 3284 3061 ἠ
3329 2998 3488 3063 Τριὰς
3515 2996 3704 3047 ἀποκα-

2177 3083 2347 3152 λύψῃ
2378 3085 2843 3153 κεκαθαρμένοις
2871 3084 2909 3153 ἦ
2949 3084 3067 3138 νῦν
3092 3087 3136 3154 ἢ
3187 3087 3461 3155 ὕστερον.
3508 3087 3635 3139 Ποῖοι
3660 3082 3703 3136 δέ

2175 3189 2321 3236 τινες
2358 3167 2528 3237 οὗτοι,
2588 3175 2643 3228 τι
2688 3192 2746 3229 τε
2784 3177 2876 3229 καὶ
2929 3174 3034 3230 ποῦ
3072 3179 3211 3248 περὶ
3257 3178 3458 3250 ταύτης
3500 3177 3703 3232 διέλαϐον

2174 3265 2434 3330 ἕκαστος,
2469 3266 2581 3335 ἐγὼ
2611 3276 2752 3322 κατα
2783 3268 2972 3333 σθένος
2999 3272 3132 3341 ἐρῶ,
3168 3273 3337 3341 μηδὲν
3358 3271 3701 3342 ὑπερθέμενοςο

2187 3356 2276 3409 Ἓν
2312 3358 2554 3428 πρώτοις
2577 3360 2673 3412 καὶ
2703 3362 2811 3429 γὰρ
2841 3363 2869 3413 ὁ
2928 3361 3100 3430 μέγας
3140 3364 3422 3427 Βασίλειος
3448 3365 3504 3417 ὲν
3530 3364 3616 3432 μὲν
3643 3358 3701 3429 τῷ

2175 3446 2378 3516 πρώτῳ
2401 3448 2509 3500 τῶν
2541 3449 2679 3517 πρὸς
2713 3452 2980 3520 Εὐνόμιον
3006 3455 3129 3506 ἀντι
3139 3456 3421 3526 ρῤητικῶν
3461 3455 3610 3506 πολὺν
3631 3450 3700 3502 λό-

2174 3553 2273 3604 γον
2300 3540 2431 3608 περὶ
2462 3541 2563 3607 τῆς
2594 3541 2803 3606 τάξεως
2841 3546 3242 3615 ποιησάμενος,
3280 3550 3407 3601 τάδε
3453 3547 3576 3617 πρὸς
3599 3545 3702 3602 ἔπος

2175 3630 2340 3701 φησίν
2367 3649 2379 3661 ·
2421 3631 2606 3687 Ἀλλὰ
2642 3634 2738 3687 καὶ
2766 3635 2941 3703 τάξις
2964 3636 3002 3704 ἡ
3018 3638 3139 3706 μὲν
3171 3641 3401 3709 φυσική
3433 3640 3519 3704 τίς
3546 3638 3699 3695 ἐστίν,

2176 3724 2212 3791 ἡ
2243 3723 2314 3777 δὲ
2341 3727 2469 3780 κατ’
2505 3727 2907 3796 ἐπιτήδευσιν
2926 3747 2940 3762 ο
2984 3734 3223 3804 φυσικὴ
3271 3737 3407 3807 μὲν,
3435 3736 3510 3801 ὡς
3550 3734 3583 3800 ἡ
3610 3728 3702 3783 τῶν

2178 3815 2521 3883 κτισμάτων
2578 3819 2733 3872 κατὰ
2800 3822 2943 3888 τοὺς
3005 3821 3468 3894 δημιουργικοὺς
3516 3823 3700 3892 λόγους

2172 3906 2479 3975 ταχθεῖσαν
2510 3909 2607 3962 καὶ
2633 3911 2713 3976 ὡς
2738 3910 2778 3980 ἡ
2806 3912 2913 3967 τοῦ
2935 3912 3190 3984 αριθμοῦ
3218 3917 3405 3984 θέσις,
3438 3915 3528 3970 καὶ
3560 3907 3701 3980 ἡτῶν

2172 4000 2375 4052 αἰτίων
2403 4001 2552 4067 πρὸς
2578 4001 2653 4056 τὰ
2686 4004 2919 4059 alt-tardi
2945 4005 3187 4074 σχέσις,
3223 4007 3457 4062 ἐκείνου
3493 4004 3700 4073 προδιω-

492 4106 736 4156 numero,
788 4097 837 4142 et
890 4085 1178 4142 similibus.
1247 4082 1455 4138 Horum
1506 4084 1739 4152 primum
1799 4082 2071 4136 occultans

2179 4092 2585 4159 μολογημένου
2615 4093 2723 4147 τοῦ
2745 4096 2845 4149 καὶ
2868 4098 2981 4166 τῆς
3002 4102 3246 4167 φύσεως
3277 4100 3462 4167 αὐτῆς
3486 4093 3701 4162 ποιητὴν

497 4183 821 4247 Etutamius,
864 4178 1107 4234 secunda
1151 4177 1342 4247 speciei
1386 4175 1586 4230 ordinis
1628 4174 1941 4228 mentionem
1993 4172 2072 4241 fe-

496 4276 597 4341 cit,
636 4274 813 4344 aitque
863 4289 963 4327 non
997 4287 1107 4326 esse
1137 4286 1266 4340 opus
1310 4282 1540 4323 asserere
1570 4268 1807 4322 ordinem
1845 4266 1901 4319 in
1936 4263 2069 4330 Deo,

497 4385 615 4422 cum
657 4368 783 4421 ordo
826 4367 1102 4420 ordinante
1142 4362 1402 4432 posterior
1448 4359 1540 4415 sit.
1588 4359 1734 4415 Illud
1779 4367 1954 4411 autem
1996 4356 2072 4409 vcl

2171 4176 2326 4234 εἶναι
2361 4181 2462 4235 καὶ
2496 4181 2864 4254 δημιουργὸν
2890 4187 2998 4239 τὸν
3026 4189 3178 4242 Θεόν
3202 4205 3216 4220 ο
3247 4183 3699 4253 ἐπιτετηδευμένη

2173 4270 2241 4323 δὲ
2267 4271 2366 4325 καὶ
2394 4273 2667 4342 τεχνικὴ,
2726 4276 2805 4342 ὡς
2837 4277 2872 4345 ἡ
2914 4277 2984 4331 ἐν
3014 4277 3142 4345 τοῖς
3182 4276 3695 4344 κατασκευάσμασιν

2174 4362 2269 4415 καὶ
2292 4362 2621 4433 μαθήμασι,
2653 4365 2751 4418 καὶ
2782 4366 3101 4437 ἀξιώμασι,
3130 4372 3229 4423 καὶ
3259 4369 3475 4438 ἀριθμῷ
3492 4365 3579 4421 καὶ
3602 4359 3699 4423 τοῖς

495 4478 599 4516 non
635 4458 1026 4523 animadvertit,
1059 4456 1136 4511 vel
1179 4455 1354 4510 uolens
1387 4453 1718 4524 prudensque
1767 4449 2071 4514 occultavit,

2179 4454 2486 4523 τοιούτοις.
2535 4457 2766 4511 Τούτων
2806 4460 3018 4513 τοίνυν
3054 4461 3119 4514 τὸ
3169 4465 3457 4529 πρότερον
3480 4460 3698 4522 ἀποκρυ-

429 4549 437 4557 ”
495 4568 605 4604 esse
647 4566 808 4621 genus
861 4548 1079 4618 aliquod
1130 4546 1369 4610 ordinis,
1421 4560 1524 4599 non
1574 4552 1757 4596 nostra
1804 4540 2071 4596 industria

497 4643 865 4703 constitutum,
891 4639 979 4693 sed
1005 4637 1291 4692 secundum
1319 4647 1528 4691 natura:
1550 4635 1732 4690 seriem
1765 4634 2071 4704 contingens

496 4732 655 4787 veluti
685 4731 819 4800 ignis
850 4730 919 4784 ad
945 4729 1144 4793 lumen,
1173 4729 1313 4799 quod
1350 4744 1414 4783 ea:
1438 4743 1499 4782 eo
1534 4736 1630 4780 est.
1668 4724 1732 4779 In
1768 4726 1850 4780 Itis
1880 4726 2072 4780 etenim

496 4824 645 4890 prius
697 4836 912 4874 causam
958 4819 1221 4884 dicimus,
1262 4817 1524 4887 posterius
1569 4818 1706 4885 quod
1753 4814 1817 4868 ab
1864 4831 1923 4869 eo
1966 4825 2069 4881 est,

499 4930 603 4967 non
642 4912 920 4966 interuallo
957 4928 1016 4966 ea
1060 4911 1124 4964 ab
1165 4911 1383 4964 inuicem
1430 4907 1764 4971 dirimentes,
1808 4909 1898 4960 sed
1947 4915 2072 4960 ante

498 5005 737 5073 effectum
776 5018 992 5056 causam
1026 5000 1404 5070 intelligentes.
1454 4997 1727 5063 Quomodo
1771 4998 1954 5065 itaque
1984 5014 2072 5050 ra-

501 5094 634 5148 tioni
683 5106 1091 5148 consentaneum
1134 5090 1333 5160 fuerit,
1382 5088 1622 5142 ordinem
1677 5089 1966 5158 denegare,
2013 5090 2067 5142 in

502 5185 689 5256 quibus
728 5194 804 5238 est
833 5182 980 5253 prius
1024 5190 1073 5235 et
1107 5179 1397 5249 posterius,
1444 5190 1546 5232 non
1585 5189 1767 5231 nostra
1785 5177 2072 5240 industria,

502 5280 590 5331 sed
620 5291 685 5332 ea:
718 5274 956 5329 naturali
991 5274 1046 5326 in
1077 5272 1203 5340 ipsis
1231 5273 1512 5324 exsistente
1538 5268 1926 5323 censecutione?
1955 5265 2074 5331 Qua

501 5386 624 5440 ergo
664 5367 728 5422 de
774 5378 934 5428 causa
978 5363 1213 5416 ordinem
1264 5375 1530 5416 assumere
1575 5360 1632 5415 in
1678 5359 1783 5413 Deo
1833 5358 2073 5427 respuit?

505 5460 770 5531 Opinatur
811 5459 860 5512 si
901 5456 1219 5521 ostenderit,
1269 5466 1600 5526 nequaquam
1649 5451 1807 5506 aliter
1839 5452 1988 5520 prius
2020 5452 2074 5503 in

502 5554 612 5609 Deo
648 5550 896 5622 intelligi,
926 5552 1185 5621 reliquum
1209 5566 1263 5605 se
1293 5547 1618 5613 habiturum,
1652 5547 1704 5600 in
1728 5547 1844 5614 ipsa
1877 5544 2074 5599 scilicet

577 5709 624 5743 “
648 5707 783 5765 Gen.
817 5721 963 5773 IllV,
999 5704 1055 5761 Ξ.
1120 5692 1125 5695 λ

2182 4545 2450 4616 μάμενος
2491 4550 2523 4601 d
2554 4550 2876 4616 Εὐνόμιος,
2910 4549 3021 4604 τοῦ
3050 4550 3338 4618 δευτέρου
3383 4551 3570 4612 εἴδους
3612 4541 3698 4608 τῆς

2174 4634 2401 4701 τάξεως
2438 4635 2817 4705 ἐπεμνήσθη,
2845 4640 2948 4692 καί
2983 4656 3137 4708 φησι
3171 4640 3259 4708 μὴ
3299 4639 3507 4708 χρῆναι
3532 4634 3697 4701 λέγειν

2174 4725 2466 4802 ἐπὶιθεοῦ
2515 4726 2712 4795 τάξιν,
2752 4727 3002 4796 ἐπείπερ
3045 4731 3085 4798 ἠ
3141 4730 3311 4796 τάξις
3353 4725 3583 4793 δευτέρα
3614 4717 3698 4773 τοῦ

2176 4815 2518 4884 τάττοντος.
2597 4818 2829 4872 Ἐκεῖνο
2865 4818 2936 4872 δὲ
2967 4819 3006 4889 ἢ
3072 4823 3144 4876 οὐ
3181 4821 3481 4885 σύνοιδεν,
3514 4819 3549 4885 ἢ
3573 4812 3697 4869 ἑκὼν

2175 4908 2583 4977 ἀπεκρύψατο,
2619 4910 2709 4967 ὅτι
2739 4909 2871 4964 ἔστι
2896 4928 2950 4965 τι
2979 4912 3203 4979 τάξεως
3223 4910 3380 4979 εἶδος
3408 4914 3513 4966 οὐκ
3532 4908 3595 4961 ἐκ
3610 4900 3697 4968 τῆς

2178 4998 2314 5067 παρ’
2342 4997 2513 5067 ἡμῶν
2547 5000 2773 5065 θέσεως
2798 5002 3272 5070 συνιστάμενον,
3313 5002 3449 5056 ἀλλ’
3478 4992 3614 5061 αὐτῇ
3635 4987 3692 5055 fil

2175 5090 2330 5142 κατὰ
2376 5089 2570 5158 φύσιν
2605 5088 2943 5158 ἀκολουθίᾳ
2975 5091 3335 5160 συμϐαῖνον,
3376 5091 3455 5155 ὡς
3483 5084 3554 5151 τῷ
3580 5076 3696 5145 πυρὶ

2180 5181 2330 5248 πρὸς
2353 5181 2421 5234 τὸ
2441 5178 2570 5249 φῶς
2589 5180 2720 5233 ἐστι
2771 5181 2839 5235 τὸ
2888 5183 2959 5247 ἐξ
3002 5183 3214 5238 αὐτοῦ.
3251 5184 3354 5238 Ἐν
3372 5181 3585 5241 τούτοις
3608 5169 3692 5240 γὰρ

2181 5274 2472 5340 πρότερον
2500 5271 2566 5336 τὸ
2593 5272 2791 5326 αἴτιον
2816 5273 3413 5344 λέγομεν,,δεύτερον
3453 5269 3516 5324 δὲ
3536 5267 3593 5321 τὸ
3611 5257 3691 5317 ἀπ’

2179 5362 2393 5434 αὐτοῦ,
2424 5363 2496 5416 οὺ
2528 5362 2887 5433 διαστήματι
2935 5366 3284 5435 χωρίζοντες
3313 5365 3412 5420 ἀπ’
3448 5356 3692 5424 ἀλλήλων

2166 5455 2388 5519 ταῦτα,
2419 5455 2581 5509 ἀλλὰ
2618 5453 2699 5521 τῷ
2743 5457 3017 5526 λογισμῷ
3056 5458 3162 5513 τοῦ
3203 5453 3459 5512 αἰτιατοῦ
3484 5456 3689 5517 προεαι·

2179 5544 2468 5611 νοοῦντες
2492 5542 2559 5597 τὸ
2585 5544 2802 5599 αἴτιον.
2836 5546 2971 5615 Πῶς
2997 5544 3106 5605 οὖν
3147 5550 3400 5617 εὔλογον
3426 5535 3691 5612 ἀρνεῖσθαι

3130 5812 3179 5825 σε..
