3970 6402
155 5880 185 5898 ο

286 485 424 548 11υὸ

1128 481 1226 541 DE
1266 475 1782 540 PROCESSIONE
1821 475 1887 539 s.
1911 436 2286 534 Seianus
2322 469 2542 531 ομιτ.
2592 471 2641 529 ι.

3396 460 3534 521 1108

287 611 407 661 την
435 591 627 656 τάξιν,
653 588 746 659 ἐφ’
768 582 856 644 ὧν
879 587 1009 645 ἐστι
1037 586 1329 655 πρότερον
1357 584 1456 639 καὶ
1488 583 1772 651 δεύτερον
1792 582 1865 635 οὐ

1973 581 2270 636 substantia
2317 579 2658 634 eminentiam
2706 576 3083 631 demonstrari.
3144 572 3255 627 Nos
3305 587 3421 623 rero
3461 587 3512 622 se

288 684 443 738 κατὰ
480 681 597 750 thr
654 678 953 750 ἡμετέραν
1000 678 1198 743 θέσιν,
1257 678 1396 732 ἀλλ’
1443 676 1514 731 ἐκ
1551 675 1663 744 τῆς
1711 671 1863 729 κατὰ

288 773 482 843 φύσιν
539 770 745 837 αὐτοῖς
793 770 1265 838 ἐνυπαρχούσης
1310 767 1718 833 άκολουθίας-;
1774 765 1865 821 Τί-

288 881 395 929 νος
428 859 542 918 οὖν
561 863 774 919 ἕνεκεν
815 862 1019 918 ἀθετεῖ
1040 862 1157 929 τὴν
1188 862 1362 927 τάξιν
1397 860 1496 915 ἐπὶ
1530 860 1678 915 Θεοῦ
1709 862 1863 929 λαμ-

278 953 575 1009 ,ϐάνεσθαι
596 968 617 1017 ;
646 951 914 1021 Ἠγεῖται,
937 954 988 1007 εὶ
1016 953 1335 1018 ἐπιδείξειε
1355 949 1643 1023 μηδαμῶς
1660 951 1866 1016 ἄλλως

282 1048 356 1100 τὸ
415 1046 709 1112 πρότερον
780 1045 881 1100 ἐπὶ
938 1044 1089 1100 Θεοῦ
1153 1045 1446 1109 νοεῖσθαι,
1502 1043 1867 1112 λειπόμενον

286 1137 449 1200 ἕξειν
481 1137 611 1190 κατ’
636 1136 836 1203 αὐτὴν
860 1137 978 1202 τὴν
1003 1137 1227 1190 οὐσίαν
1257 1134 1375 1203 τὴν
1400 1134 1712 1203 ὑπεροχὴν
1737 1132 1866 1186 ἐπι-

286 1225 665 1280 δείκνυσθαι.
705 1225 897 1292 Ἡμεῒς
922 1224 991 1278 δὲ
1023 1224 1175 1281 κατὰ
1202 1225 1321 1294 μέν
1344 1223 1461 1292 thr
1506 1222 1623 1279 τῶν
1661 1223 1866 1277 αιτίων

289 1315 439 1382 πρὸς
470 1313 543 1367 τὰ
578 1314 648 1379 ἐξ
672 1311 874 1368 αὐτῶν
893 1313 1120 1382 σχέσιν
1156 1314 1553 1383 προτετάχθαι
1583 1314 1692 1368 τοῦ
1724 1312 1863 1368 Υιοῦ

288 1403 397 1457 τὸν
452 1404 686 1472 Πατέρα
724 1405 958 1473 φαμέν·
993 1407 1146 1459 κατὰ
1184 1404 1253 1467 δέ
1303 1406 1421 1474 τὴν
1457 1405 1571 1474 τῆς
1623 1407 1867 1475 φύσεως

290 1495 585 1566 διαφορὰν
649 1498 872 1564 οὐκέτι,
914 1496 1058 1552 οὐδὲ
1112 1499 1265 1555 κατὰ
1310 1499 1429 1567 thr
1485 1499 1593 1556 τοῦ
1643 1503 1865 1568 χρόνου

293 1588 619 1656 ὑπεροχήν.
654 1589 729 1642 ’Ἠ
762 1590 916 1644 οὕτω
942 1601 1009 1661 γε
1041 1590 1143 1644 καὶ
1175 1590 1325 1646 αὐτὸ
1360 1592 1426 1646 τὸ
1452 1591 1686 1660 Πατέρα
1714 1588 1869 1647 εἷναι

291 1680 400 1733 τὸν
430 1681 583 1734 Θεὸν
610 1680 989 1752 ἀθετήσομεν
1022 1684 1135 1752 τῆς
1162 1682 1317 1738 κατὰ
1360 1682 1477 1752 τὴν
1500 1684 1725 1739 οὐσίαν
1758 1684 1871 1739 άλ-

288 1773 671 1841 λοτριότητος
700 1773 815 1844 thr
829 1776 1107 1846 φυσικὴν
1136 1776 1481 1846 συνάφειαν
1506 1777 1866 1844 ἀθετούσης.

1964 668 2196 724 cundum
2222 683 2505 723 causarum
2538 666 2608 720 ad
2640 683 2723 729 ea,
2752 682 2869 737 qua:
2894 680 2960 719 ex
2994 662 3125 733 ipsis
3154 670 3298 722 sunt,
3326 658 3531 713 relatio-

1967 778 2080 816 nent
2123 761 2359 831 prseponi
2405 758 2552 815 Filio
2602 758 2818 813 Patrem
2860 758 3126 828 fatemur,
3172 763 3378 808 natura
3424 768 3535 806 rere

1966 853 2270 907 diversitate
2320 851 2465 906 nullo
2526 851 2721 915 modo,
2782 864 2943 919 neque
2996 846 3284 903 secundum
3344 832 3573 913 tempus

1967 944 2416 1015 exsuperantiam.
2451 942 2539 997 Sic
2566 943 2704 997 enim
2738 949 2791 995 et
2824 940 3039 995 Patrem
3071 954 3181 993 esse
3218 937 3382 990 Deum
3414 935 3541 1003 reji-
3579 920 3587 929 ’

1968 1052 2235 1099 seremus,
2265 1052 2385 1089 cum
2417 1033 2715 1089 essentialis
2757 1032 3036 1085 diversitas
3078 1026 3379 1084 naturalem
3422 1040 3544 1077 cou-

1958 1129 2290 1198 junctionem
2328 1134 2564 1197 respuat.
2619 1124 2685 1179 Et
2731 1124 2847 1181 haec
2884 1121 3105 1192 quidem
3140 1120 3194 1174 in
3236 1118 3414 1188 primo
3446 1115 3542 1167 atl-
3622 1182 3623 1185 η

1968 1238 2159 1278 versus
2219 1220 2548 1277 Eunumium
2593 1218 2989 1280 antirrhetico,
3051 1215 3107 1269 in
3167 1213 3329 1268 tertio
3379 1224 3541 1264 vero:

1914 1301 1921 1309 ’
1966 1315 2102 1381 Qua:
2123 1315 2258 1369 enim
2283 1313 2568 1369 necessitas
2597 1322 2696 1376 est,
2721 1312 2767 1365 si
2795 1310 3053 1379 dignitate
3080 1314 3131 1361 et
3160 1306 3339 1359 ordine
3364 1304 3540 1357 tertius

1964 1417 2045 1461 est
2091 1405 2358 1477 Spiritus,
2409 1405 2617 1460 tertium
2650 1417 2853 1473 quoque
2895 1415 3010 1455 esse
3049 1397 3290 1452 eumdem
3325 1397 3540 1449 natura:

1966 1499 2244 1569 Dignitate
2275 1500 2410 1553 enim
2439 1496 2727 1551 secundum
2752 1510 2860 1548 esse
2891 1510 2924 1547 a
2958 1487 3314 1553 Filio,.tradit
3339 1485 3542 1555 pietatis

1945 1594 2138 1656 .ratio,
2174 1590 2266 1645 sed
2308 1600 2502 1647 natura
2526 1589 2687 1642 :tertia
2720 1588 2829 1650 uti,
2871 1599 3032 1655 neque
3057 1600 3089 1637 a
3117 1581 3313 1636 sanctis
3339 1576 3544 1633 Litteris

1965 1684 2264 1746 edocemur,
2303 1699 2467 1753 neque
2499 1696 2563 1736 ex
2590 1681 2694 1744 his,
2722 1695 2838 1750 qua
2868 1678 3016 1732 dicta
3044 1684 3189 1740 sunt,
3221 1682 3362 1728 recta
3392 1673 3545 1725 ducta
3628 1686 3635 1689 ·

1968 1777 2181 1847 sequela
2208 1791 2487 1844 possumus
2513 1774 2902 1829 demonstrare.
2922 1765 3392 1839 Quemadmodum
3413 1764 3545 1816 enitr

286 1863 409 1917 Kal
437 1863 614 1918 ταῦτα.
655 1865 758 1936 μὲν
818 1868 877 1921 ὲν
909 1867 991 1939 τῷ
1020 1869 1225 1939 πρώτῳ
1265 1869 1379 1922 τῶν
1412 1869 1551 1940 πρὸς
1596 1868 1868 1940 Εὐνόμιον

1973 1869 2140 1925 Filius
2168 1868 2350 1923 ordine
2374 1866 2589 1935 quidem
2608 1863 2872 1919 secundus
2896 1869 2975 1916 est
3008 1877 3042 1914 a
3084 1857 3274 1921 Patre,
3300 1856 3546 1926 quoniam

290 1955 718 2027 ἅντιρῤητικῶν.
753 1955 844 2011 Ἐν
874 1958 987 2028 γὰρ
1017 1958 1097 2029 τῷ
1125 1959 1295 2029 τρίτῳ
1326 1959 1437 2014 τῶν
1468 1959 1648 2015 αὐτῶν
1677 1962 1869 2033 ἀντιρ-

282 2048 555 2117 ῥητικῶν,
597 2049 693 2115 τίς
723 2049 833 2119 γὰρ
868 2049 1125 2119 ἀνάγκη,
1174 2052 1364 2121 φησὶν,
1396 2054 1450 2106 si
1481 2052 1561 2119 τῷ
1582 2052 1872 2121 ἀξιώματι

290 2142 389 2192 καὶ
432 2138 506 2206 τῇ
533 2130 701 2205 τάξει
751 2142 953 2210 τρίτον
983 2141 1243 2212 ὑπάρχει
1276 2144 1343 2197 τὸ
1376 2145 1641 2215 Πνεῦμα,
1672 2146 1873 2213 τρίτον

286 2228 449 2284 εἶναι
503 2233 650 2288 αὐτὸ
704 2234 801 2289 καὶ
838 2233 913 2303 τῇ
952 2236 1177 2305 satiust;
1248 2236 1550 2306 Ἂξιώματι
1597 2237 1718 2307 μὲν
1760 2237 1873 2307 γὰρ

286 2324 673 2392 δευτερεύειν
700 2326 807 2382 τοῦ
852 2326 991 2380 Υίοῦ
1028 2326 1448 2395 παραδίδωσιν
1476 2331 1510 2381 ὁ
1548 2328 1661 2396 τῆς
1690 2330 1869 2383 εὐσε-

291 2415 456 2479 εεάς
488 2417 674 2483 λόγος
702 2433 716 2445 ·
756 2416 938 2484 φύσει
960 2416 1030 2469 δὲ
1053 2418 1220 2485 τρίτῃ
1243 2415 1507 2487 χρῆσθαι
1530 2418 1673 2472 οὔτε
1710 2417 1874 2487 παρὰ

288 2503 417 2556 τῶν
450 2507 639 2574 ἁγίων
698 2506 1093 2577 δεδιδάγμεθα
1134 2509 1416 2577 Γραφῶν,
1465 2511 1605 2564 οὔτε
1641 2510 1711 2569 ἐκ
1754 2509 1875 2564 τῶν

288 2592 627 2661 εζρημένων
647 2598 799 2650 κατὰ
830 2597 897 2651 τὸ
941 2598 1281 2653 ἀκόλουθον
1327 2600 1593 2654 δυνατὸν
1640 2603 1875 2655 συλλο-

292 2684 577 2752 γίζεσθαι.
622 2687 719 2754 Ὠς
758 2688 867 2758 γὰρ
893 2692 925 2742 d
964 2690 1095 2756 Υἱὸς
1140 2689 1214 2758 τῇ
1245 2690 1410 2755 τάξει
1435 2691 1554 2759 μὲν
1597 2691 1876 2761 δεύτερος

294 2775 403 2827 τοῦ
436 2778 690 2844 Πατρός,
725 2777 814 2831 ὅτι
849 2778 952 2834 ἀπ’
1000 2779 1268 2847 ἐκείνου,
1300 2779 1400 2834 καὶ
1442 2779 1753 2849 ἀξιώματι,
1786 2783 1876 2835 ὅτι

291 2865 451 2934 ἁρχὴ
474 2867 572 2921 καὶ
600 2870 761 2924 αὶτία
787 2869 854 2924 τὸ
882 2870 1040 2925 εἶναι
1068 2869 1297 2941 Πατέρα
1315 2873 1525 2939 αὐτοῦ,
1552 2874 1650 2927 καὶ
1679 2873 1769 2928 ὅτι
1797 2873 1875 2929 δι’

289 2958 483 3011 αὐτοῦ
510 2960 546 3026 ἠ
581 2961 886 3028 πρόσοδος
906 2962 1003 3016 καὶ
1036 2964 1399 3032 εροσαγωγὴ
1422 2965 1573 3033 πρὸς
1594 2965 1704 3020 τὸν
1728 2966 1878 3021 Θεὸν

291 3048 395 3101 καὶ
433 3049 687 3117 Πατέρα,
727 3053 911 3120 φύσει
949 3051 1019 3106 δὲ
1069 3052 1274 3109 οὐκέτι
1320 3053 1628 3123 δεύτερος,
1655 3056 1806 3111 διότι
1836 3058 1876 3126 ἡ

293 3142 509 3206 θεότης
535 3142 607 3194 ἐν
654 3142 913 3212 ἐκατέρῳ
954 3145 1099 3216 μία⁸
1136 3148 1291 3200 οὕτω
1332 3147 1622 3216 δηλονότι
1662 3148 1765 3204 καί
1811 3148 1878 3202 τὸ

1954 1978 2038 2022 ea:
2066 1962 2194 2029 illo,
2220 1970 2271 2017 et
2298 1960 2575 2030 dignitate,
2607 1956 2744 2028 quod
2769 1954 3088 2026 principium
3116 1964 3166 2006 et
3195 1965 3360 2004 causa
3394 1946 3555 1999 Putes

1965 2053 2121 2109 illius
2153 2061 2253 2117 est,
2298 2029 2514 2121 etquod
2530 2065 2631 2119 .per
2660 2049 2832 2118 ipsum
2859 2060 3102 2099 accessus
3130 2052 3180 2107 et
3208 2029 3461 2095 adductio
3485 2052 3552 2090 au

1973 2144 2144 2199 Deum
2168 2152 2219 2198 et
2250 2142 2460 2197 Patrem
2479 2191 2493 2215 ,
2529 2149 2724 2194 natura
2756 2153 2885 2193 ivero
2914 2134 3222 2204 neutiquam
3271 2129 3555 2186 secundus.

1966 2237 2110 2306 quod
2141 2236 2325 2289 Deitas
2355 2235 2407 2288 in
2441 2243 2663 2302 utroque
2687 2248 2793 2286 una
2822 2247 2841 2285 :
2871 2231 2950 2284 ita
2984 2225 3220 2283 videlicet
3246 2234 3292 2278 et
3327 2221 3553 2293 Spiritus

1971 2336 2191 2385 sanctus
2237 2326 2336 2381 etsi
2390 2323 2574 2380 ordine
2611 2322 2758 2379 Filio
2793 2321 3013 2391 inferior
3037 2328 3115 2374 est
3164 2325 3217 2371 et
3271 2315 3555 2385 dignitate.

1975 2434 2247 2489 nunquam
2297 2428 2472 2471 tamen
2518 2417 2617 2470 rite
2664 2415 2939 2477 dicemus,
2980 2410 3128 2481 sequi
3175 2423 3294 2462 eum
3337 2405 3553 2459 alterius

1974 2526 2089 2565 esse
2129 2517 2357 2565 naturai.
2418 2507 2560 2564 Idem
2604 2505 2832 2576 epistola
2876 2503 2943 2559 ad
2988 2501 3270 2573 proprium
3323 2499 3548 2552 fratrem

1970 2600 2300 2669 Gregorium
2350 2599 2655 2671 Nyssenum
2704 2598 2821 2652 [nnc
2876 2595 3084 2650 habet:
3130 2592 3236 2658 Qui
3289 2588 3551 2658 Spiritum

1972 2690 2257 2751 intellexit,
2286 2691 2460 2759 ipsum
2488 2690 2543 2742 in
2568 2689 2738 2757 seipso
2762 2685 3054 2750 intellexit,
3083 2693 3131 2737 et
3160 2681 3361 2736 Filium
3385 2677 3549 2734 simul

1974 2798 2039 2836 ea
2057 2781 2404 2849 intelligentia
2427 2779 2730 2848 complexus
2754 2788 2855 2852 est,
2887 2778 2981 2847 qui
3015 2790 3135 2830 vero
3169 2774 3306 2828 hunc
3340 2785 3558 2837 accepe-

1978 2872 2082 2937 rit,
2113 2870 2317 2925 Filium
2350 2887 2383 2927 ιι
2416 2868 2577 2923 Patre
2607 2885 2710 2922 non
2750 2869 2931 2924 diuisit
2955 2907 2971 2931 ,
3015 2866 3103 2921 sed
3125 2864 3287 2933 juxta
3325 2862 3560 2916 ordinem

1976 2964 2185 3035 quidem
2212 2978 2559 3033 personarum
2586 2970 2961 3032 consequenter
2974 2960 3150 3029 ,juarta
3171 2974 3287 3012 vero
3316 2968 3560 3010 naturam

1978 3056 2303 3123 eottjunctim
2349 3054 2514 3107 trium
2557 3067 2907 3122 personarum
2945 3049 3105 3119 ﬁdem
3144 3047 3328 3102 eadem
3359 3045 3564 3099 ratione

1978 3155 2424 3217 contemperatam
2468 3146 2522 3200 in
2575 3145 2749 3214 seipso
2796 3143 3076 3214 expressit.
3134 3139 3200 3196 Et
3245 3141 3298 3195 in
3347 3139 3563 3194 decimo

292 3233 541 3300 Πνεῦμα
565 3232 629 3287 τὸ
662 3234 856 3304 ἅγιον,
893 3238 945 3290 εὶ
973 3237 1075 3292 καὶ
1106 3239 1448 3306 ὑποϐέϐηκε
1467 3242 1576 3294 τὸν
1607 3240 1747 3295 Υίὸν
1797 3238 1875 3310 τῇ

1978 3240 2211 3310 septimo
2241 3237 2422 3308 capite
2461 3237 2528 3291 ad
2563 3235 3006 3306 Amphilochium
3042 3252 3057 3289 :
3107 3231 3564 3300 Quemadmodum

293 3321 464 3387 τάξει
494 3323 590 3376 καὶ
621 3323 699 3389 τῷ
729 3325 1036 3395 ἀξιώματι,
1060 3328 1265 3383 οὐκέτι
1293 3329 1372 3384 ἂν
1399 3333 1644 3400 εἰκότως
1667 3332 1748 3399 ὡς
1770 3332 1877 3387 άλ-

292 3416 547 3482 .ἰοτρίας
594 3415 879 3486 ὑπάρχον
922 3421 1189 3487 φύσεως.
1232 3421 1292 3475 ⁸0
1341 3422 1504 3485 αὐτὸς
1539 3424 1598 3477 ὲν
1643 3427 1712 3495 τῇ
1742 3425 1879 3496 πρὸς

294 3507 390 3559 τὸν
420 3508 623 3560 οἰκεῖον
650 3508 883 3579 ἀδελφὸν
905 3510 1212 3582 Γρηγόριον
1240 3511 1334 3567 τὸν
1362 3514 1592 3585 Νύσσης
1617 3514 1878 3587 ἐπιστολῇ

294 3598 424 3652 τάδε
480 3600 646 3669 φησίν
671 3616 687 3632 ο
733 3603 798 3655 '0
822 3600 891 3655 τὸ
928 3602 1174 3675 Πνεῦμα
1207 3603 1445 3670 νοήσας
1485 3607 1638 3660 αὑτό
1689 3623 1754 3661 τε
1784 3607 1877 3676 ἐφ’

294 3690 516 3744 ἑαυτοῦ
539 3691 783 3760 ἐνόησε,
804 3694 901 3746 καὶ
926 3693 1035 3747 τὸν
1059 3694 1198 3748 Υιὸν
1223 3693 1300 3762 τῇ
1334 3695 1573 3764 διανοίᾳ
1598 3712 1880 3765 συμπαρ-

294 3781 547 3846 εδέξατο
570 3799 583 3815 ·
619 3786 652 3836 ό
678 3781 748 3836 δὲ
784 3783 963 3838 τοῦτο
1000 3782 1206 3839 λαϐὼν
1247 3785 1353 3838 τοῦ
1415 3785 1550 3839 Υιοῦ
1596 3785 1703 3840 τὸν
1759 3789 1879 3841 11a-

294 3875 436 3943 τέρα
466 3879 540 3931 οὺ
572 3877 991 3946 κατεμέρισεν,
1023 3879 1162 3934 ἀλλ’
1190 3878 1537 3946 ἀκολούθως
1572 3880 1692 3948 μὲν
1719 3883 1877 3935 κατὰ

295 3972 412 4039 thr
442 3969 640 4035 τάξιν,
672 3969 1076 4039 συνημμένως
1114 3970 1184 4024 δὲ
1212 3971 1363 4025 κατὰ
1391 3971 1507 4039 thr
1543 3973 1734 4041 φύσιν
1760 3970 1879 4027 τῶν

297 4059 478 4130 τριῶν
534 4060 686 4113 κατὰ
741 4060 966 4114 ταυτὸν
1016 4061 1518 4129 συγκεκραμένην
1567 4060 1636 4114 ὲν
1687 4061 1880 4129 ἐαυτῷ

294 4153 414 4219 thr
468 4152 682 4206 πίστιν
737 4152 1199 4207 ἀνετυπώσατο.
1263 4153 1371 4208 Καὶ
1422 4155 1482 4209 ὲν
1532 4154 1610 4226 τῷ
1660 4154 1879 4227 δεκάτῳ

296 4244 516 4314 ἑϐδόμῳ
548 4244 659 4297 τῶν
689 4245 825 4314 πρὸς
856 4244 1209 4315 Ἀμφιλόχιον
1236 4246 1551 4314 κεφαλαίων
1574 4263 1587 4277 ·
1636 4247 1729 4315 Ὠς
1761 4249 1880 4303 τοί-

293 4353 417 4392 νυν
471 4336 600 4406 ἔχει
652 4340 686 4391 ό
732 4339 863 4402 Υἱὸς
892 4338 1044 4404 πρὸς
1098 4340 1208 4390 τεν
1241 4337 1495 4406 Πατέρα,
1536 4339 1690 4392 οὕτω
1726 4342 1879 4409 πρὸς

294 4430 405 4483 τὸν
427 4431 565 4483 Υίὸν
592 4431 655 4483 τὸ
685 4430 932 4499 Πνεῦμα
960 4431 1116 4485 κατὰ
1142 4432 1257 4499 thr
1282 4432 1353 4486 ἐν
1387 4432 1466 4499 τῷ
1496 4433 1876 4505 βαπτίσματι

296 4520 804 4591 παραδεδομένην
860 4524 969 4577 τοῦ
1001 4525 1191 4594 λόγου
1250 4525 1571 4591 σύνταξιν.
1613 4529 1684 4581 Ei
1714 4528 1783 4582 δὲ
1812 4530 1878 4584 τὸ

1978 3348 2103 3403 ergo
2133 3347 2186 3385 se
2216 3329 2368 3384 habet
2402 3326 2575 3384 Filius
2599 3329 2667 3383 ad
2698 3326 3038 3394 Patrem,ita
3061 3343 3114 3383 se
3141 3326 3293 3379 habet
3326 3324 3562 3390 Spiritus

1979 3424 2051 3478 ad
2099 3421 2304 3477 Filium
2352 3422 2643 3477 secundum
2694 3420 2952 3475 sermonis
3008 3418 3457 3475 constructionem
3510 3417 3565 3468 in

1981 3515 2248 3582 baptismo
2286 3515 2564 3570 traditam.
2621 3512 2773 3579 Quod
2801 3515 2850 3569 si
2903 3513 3139 3582 Spiritus
3185 3511 3365 3566 eodem
3411 3521 3567 3579 atque

1979 3606 2150 3661 Filius
2192 3607 2380 3660 ordine
2405 3606 2732 3671 collocatur;
2783 3604 2957 3659 Filius
2988 3614 3164 3658 autem
3194 3602 3374 3657 eodem
3413 3611 3568 3664 atque

1981 3697 2147 3774 Pater
2167 3708 2217 3753 et
2247 3696 2499 3767 Spiritus,
2535 3708 2584 3751 et
2615 3695 2779 3750 Pater
2808 3699 3098 3750 duntaxat.
3130 3695 3335 3750 Horum
3367 3696 3565 3763 partim

1977 3789 2204 3861 quidem
2233 3789 2637 3854 contradicens,
2678 3787 2872 3858 partim
2914 3787 3118 3842 docens
3151 3800 3383 3854 magnus
3416 3783 3569 3839 Basi-

1980 3883 2088 3938 lius
2121 3881 2369 3937 veritatis
2420 3896 2618 3937 sonora
2652 3880 2781 3936 tuba
2827 3879 3009 3934 lassus
3048 3888 3154 3932 cst.
3201 3876 3323 3931 Alio
3353 3892 3569 3946 quoque
3664 3872 3673 3881 ’

1979 3977 2105 4032 loco
2149 3975 2218 4030 de
2256 3974 2449 4030 ordine
2495 3975 2821 4044 disputans,
2857 3971 3013 4025 illum
3063 3984 3171 4024 non
3222 3969 3570 4023 admittentes

1982 4066 2469 4122 vehementissime
2532 4074 2776 4121 accusat.
2838 4062 3089 4133 Namque
3144 4061 3211 4117 ad
3266 4060 3567 4116 cauonicas

1980 4158 2209 4229 cpistola
2266 4157 2507 4214 scribit:
2558 4157 2793 4224 Spiritus
2860 4164 3077 4210 sanctus
3122 4154 3276 4209 Patri
3326 4164 3377 4209 et
3422 4150 3578 4205 Filio

1979 4261 2430 4317 connumeratur,
2470 4249 2609 4321 quod
2650 4266 2813 4318 supra
2856 4264 3063 4301 onmem
3107 4255 3407 4301 creaturam
3447 4261 3569 4299 con-

1984 4344 2151 4405 sistit.
2187 4342 2361 4396 locum
2394 4357 2512 4396 tero
2543 4348 2787 4409 occupat,
2820 4337 3264 4409 quemadmodum
3292 4353 3385 4391 nos
3413 4336 3562 4390 docet

1978 4436 2037 4489 in
2085 4434 2370 4504 Evangelia
2413 4433 2694 4494 Dominus,
2725 4432 2903 4487 dicens
2939 4447 2957 4486 :
3003 4450 3021 4484 ι
3056 4430 3251 4485 Euutes
3287 4430 3557 4498 baptizate

1981 4529 2040 4584 in
2069 4528 2280 4583 nomine
2327 4524 2546 4591 Patris,
2591 4535 2640 4580 et
2674 4524 2799 4580 Filii
2844 4533 2895 4579 et
2942 4523 3174 4590 Spiritus
3229 4524 3399 4576 sancti
3435 4524 3504 4576 ".
3544 4541 3561 4572 ι

294 4612 545 4683 Πνεῦμα
574 4612 653 4678 τῷ
688 4614 800 4679 Υιῷ
844 4614 1271 4678 συντέτακται.
1310 4619 1343 4670 ό
1370 4615 1442 4669 δὲ
1494 4619 1537 4672 Υ
1537 4619 1626 4685 ide;
1653 4617 1734 4685 τῷ
1755 4622 1874 4674 Πα-

1981 4626 2088 4690 Qui
2116 4624 2459 4693 praeposuerit
2492 4622 2644 4677 illum
2684 4621 2853 4689 Filio,
2886 4622 2965 4676 vel
3004 4621 3164 4675 Patre
3198 4620 3396 4675 dixerit
3423 4618 3570 4673 anti-

294 4707 412 4775 τρι,
445 4708 544 4762 καὶ
580 4708 649 4761 τὸ
687 4708 933 4778 Πνεῦμα
982 4706 1064 4773 τῷ
1100 4709 1285 4777 Ilath
1316 4710 1621 4778 δηλονότι.
1657 4713 1875 4768 Τούτων

1982 4716 2217 4787 quiorem
2263 4731 2394 4780 esse,
2431 4715 2628 4768 resistit
2658 4713 2760 4769 iste
2801 4712 2896 4767 Itei
2923 4711 3266 4773 ordinationi,
3293 4721 3341 4765 et
3376 4728 3408 4764 a
3439 4727 3572 4765 sana

292 4801 365 4855 τὰ
397 4800 497 4871 μὲν
540 4801 864 4870 ἀντιλέγων,
915 4803 985 4855 τὰ
1022 4801 1081 4854 δὲ
1133 4805 1228 4856 sul
1274 4803 1546 4858 διδάσκων
1594 4804 1875 4871 Βασίλειος

1983 4807 2090 4875 [ide
2120 4807 2326 4862 alienus
2359 4806 2572 4860 aberrat
2600 4848 2614 4867 ,
2650 4806 2775 4859 dum
2809 4821 2914 4860 non
2949 4804 3265 4859 inviolatum
3305 4814 3572 4858 conservat

293 4897 326 4948 ὁ
346 4897 543 4964 μέγας,
563 4896 596 4967 ἡ
618 4896 717 4965 τῆς
739 4896 1001 4966 ἀληθείας
1026 4894 1266 4966 εὔσημος
1291 4897 1528 4965 σάλπιγξ
1552 4899 1877 4970 ἐφθέγξατο.

294 4988 707 5057 Διαλαμϐάνων
735 4988 793 5040 δὲ
825 4987 991 5041 πάλιν
1025 4990 1155 5058 περὶ
1210 4988 1312 5056 τῆς
1370 4988 1578 5053 τάξεως
1608 4990 1871 5060 ἀλλαχοῦ,

294 5080 513 5151 βαρέως
559 5080 671 5134 τῶν
705 5081 1058 5135 ἀθετούντων
1110 5081 1284 5151 αὐτὴν
1334 5081 1736 5150 καταφέρεται.
1771 5084 1882 5136 Kal

291 5174 409 5244 γὰρ
445 5175 505 5227 ὲν
568 5174 669 5246 μὲν
700 5177 769 5245 τῇ
803 5174 943 5247 πρὸς
985 5175 1083 5238 τὰς
1141 5172 1437 5237 κανονικὰς
1480 5172 1774 5243 ἐπιστολῇ,
1811 5174 1881 5227 Τὸ

294 5267 549 5337 Πνεῦμα
588 5269 656 5321 τὸ
675 5267 877 5337 ἅγιον,
898 5270 1069 5337 λέγει,
1102 5266 1290 5337 Πατρὶ
1313 5268 1432 5335 μὲν
1466 5267 1568 5320 καὶ
1599 5266 1709 5331 Υιῷ
1731 5282 1883 5320 avr-

290 5359 653 5427 αριθμεῐται,
705 5360 860 5415 διότι
909 5361 1012 5416 καὶ
1066 5361 1222 5429 ὑπὲρ
1263 5361 1382 5429 τὴν
1432 5359 1638 5415 κτίσιν
1670 5359 1840 5414 ’ἐστί
1865 5376 1881 5392 ·

291 5454 578 5508 τέτακται
603 5453 693 5519 δὲ,
715 5454 798 5519 ὡς
824 5455 895 5508 ἐν
921 5455 1273 5525 Etim-yellus
1300 5454 1696 5525 δεδιδάγιιεθα
1720 5453 1883 5521 ,παρὰ

292 5544 407 5600 τοῦ
441 5545 669 5614 Κυρίου
699 5548 1000 5614 εἰπόντος,
1032 5565 1053 5599 ι
1098 5549 1504 5615 Πορευθέντες
1558 5544 1881 5611 βαπτίζετε

289 5643 385 5707 εις
419 5641 484 5693 τὸ
541 5640 734 5708 ὄνομα
782 5640 886 5695 τοῦ
914 5641 1150 5708 Πατρὸς
1179 5641 1277 5695 καὶ
1305 5640 1413 5695 τοῦ
1460 5639 1599 5695 Υὶοῦ
1639 5638 1740 5693 καὶ
1774 5636 1881 5692 τοῦ

289 5734 476 5801 ἁγίου
507 5733 877 5801 Πνεύματος.
925 5752 943 5787 ι
991 5734 1055 5786 '0
1084 5733 1155 5787 δὲ
1180 5734 1483 5802 προτιθεὶς
1511 5732 1615 5787 τοῦ
1653 5732 1813 5796 Υίοῦ,
1839 5730 1880 5799 ,ἣ

371 5891 633 5948 "Matth.
677 5910 870 5960 xn'ttt,
916 5893 997 5948 ευ.

1982 4901 2143 4955 illum
2173 4900 2411 4954 ordinem
2442 4899 2869 4969 gloriﬁcationis,
2895 4886 3044 4968 quem
3074 4897 3271 4968 accepit
3297 4896 3569 4957 traditum,

1986 4992 2079 5048 sed
2110 5002 2165 5046 ut
2195 4991 2399 5057 placere
2426 4993 2590 5061 possit
2623 4991 2946 5051 hominibus.
2979 4990 3255 5044 verborum
3281 4989 3385 5042 sibi
3415 4988 3571 5039 adin-

1988 5086 2121 5139 venit
2155 5086 2433 5137 novitates.
2456 5082 2521 5137 Et
2540 5081 2728 5152 paucis
2749 5081 2981 5137 additis:
3012 5080 3185 5151 Usque
3210 5081 3342 5133 adeo
3374 5078 3483 5149 have
3506 5079 3571 5132 de

1988 5176 2174 5230 ordine
2208 5175 2478 5229 inuovatio
2524 5174 2690 5244 ipsius
2733 5174 3089 5228 subsistentiw
3112 5172 3569 5237 anniltilatiwtem,

1990 5279 2039 5322 et
2073 5267 2199 5330 ﬁdei
2237 5268 2402 5321 totius
2431 5267 2833 5337 abuegationem
2875 5267 3050 5320 habet.
3092 5264 3267 5334 rEque
3302 5280 3427 5335 ergo
3467 5266 3569 5318 im-

1981 5361 2129 5431 pium
2156 5369 2255 5424 est,
2285 5370 2333 5414 et
2381 5364 2450 5415 ad
2489 5372 2766 5414 creaturas
2802 5359 3061 5425 Spiritum
3100 5359 3374 5424 deducere,
3406 5367 3456 5411 et
3477 5375 3573 5411 stt-

1982 5453 2245 5523 periorem
2282 5450 2442 5507 Patre
2486 5462 2533 5507 et
2579 5451 2722 5507 Filio
2751 5460 3008 5513 statuere,
3048 5452 3156 5505 sive
3185 5452 3253 5506 sit
3281 5451 3569 5531 secundum

1986 5531 2223 5616 tempus,
2267 5546 2377 5601 sive
2425 5547 2625 5600 ratione
2674 5546 2879 5599 ordinis
2931 5545 3283 5613 superioritas
3336 5545 3451 5623 illa.
3508 5546 3572 5600 Et

1985 5638 2214 5706 t‘piSlOL‘t
2245 5639 2314 5693 ad
2351 5638 2696 5695 Eustathium
2725 5639 2838 5691 hac
2872 5636 3034 5691 habet
3061 5652 3076 5690 :
3112 5634 3410 5706 Fugiendos
3433 5654 3565 5700 esse,

1984 5732 2075 5801 qui
2108 5732 2295 5787 seriem
2330 5729 2479 5785 nobis
2514 5748 2545 5784 ιι
2580 5726 2807 5783 Domino
2836 5727 3091 5811 traditam
3124 5728 3454 5790 invertentes.
3489 5734 3569 5784 uti
