3970 6402
298 440 434 510 1109

1134 440 1231 502 DE
1270 435 1783 503 PROCESSIONE
1822 438 1881 500 S.
1919 436 2275 500 SPIRITUS
2312 435 2533 498 ORAT.
2580 437 2629 496 Ι.

3407 427 3540 490 ΗΠ)

293 555 391 609 τού
417 552 628 624 nam;
660 550 755 606 τὸν
798 544 946 615 Υίθῖῦ,
993 550 1231 605 ἐνταῦθα
1286 550 1342 604 δὲ
1372 552 1433 606 τὸ
1492 550 1724 622 Πνεῦμα
1760 551 1857 604 τοῦ

1987 567 1994 601 ι
2023 547 2226 618 Spiritu
2258 557 2377 610 tuo,
2404 559 2453 602 et
2481 566 2511 601 a
2539 549 2673 614 [acie
2713 554 2806 600 tua
2844 561 2943 616 quo
2994 544 3194 613 fugiam
3238 541 3283 574 “
3311 542 3334 591 l
3371 560 3388 593 ι
3430 541 3537 596 Fa-

296 646 511 716 Πατρὸς
547 642 772 698 καὶτοῦ
813 640 940 695 Υίοῦ
999 641 1303 712 προτιθεὶς,
1356 642 1455 694 καὶ
1500 641 1594 694 τὸν
1642 642 1771 696 Υίδν
1810 643 1866 696 δὲ

1987 640 2079 694 :ies
2108 650 2289 694 ru'cm
2325 639 2496 694 Patris
2526 637 2696 693 Filius
2723 647 2804 691 est
2833 654 2846 690 :
2886 654 2904 687 ι
2935 636 3041 701 Qui
3070 635 3206 689 enim
3234 633 3364 688 vidit
3390 651 3489 696 me,
3520 654 3540 685 ι

296 737 461 793 πάλιν
489 734 655 789 αὐτὸν
707 734 805 788 τοῦ
848 734 1083 804 Πατρός.
1126 734 1237 785 Καὶ
1286 732 1451 785 Δαυῒδ
1506 734 1535 784 6
1572 732 1866 804 θεοπάτωρ

297 829 395 883 καὶ
422 827 678 898 βασιλεύς
704 844 719 859 ·
758 844 777 877 ι
829 825 954 879 Ποῦ
984 824 1255 892 πορευθῶ
1276 824 1397 879 ἀπὸ
1447 823 1555 878 τοῦ
1600 825 1869 893 Πνεῦμα-

298 923 401 985 τός
425 934 566 983 σου,
606 919 702 972 καί
724 917 840 972 ἀπὸ
864 917 971 970 τοῦ
990 915 1318 985 προσώπου
1336 932 1453 971 σου
1468 918 1588 970 ποῦ
1614 918 1780 987 φύγω
1795 934 1814 982 ;
1846 936 1864 969 ι

301 1010 605 1081 Πρόσωπον
659 1008 717 1062 δὲ
770 1007 866 1062 τοῦ
899 1007 1116 1077 Ila-:96;
1170 1009 1199 1059 6
1252 1007 1402 1072 Υίός.
1447 1025 1467 1059 ε
1514 1007 1577 1061 '0
1600 1007 1871 1076 ἑωρακὼς

301 1101 415 1169 γὰρ
447 1097 574 1167 ἐμὲ,
611 1116 630 1149 ι
666 1096 854 1165 φησὶν,
892 1115 910 1147 ι
963 1096 1186 1163 ἑώρακε
1231 1097 1341 1150 τὸν
1389 1097 1621 1166 Πατέρα
1661 1114 1804 1165 μου.
1846 1116 1864 1149 ι

303 1191 379 1246 T6
403 1190 460 1242 δὲ
491 1193 689 1259 μικρὸν
714 1188 941 1260 ὕστερον
972 1190 1000 1242 6
1032 1189 1189 1257 λόγος
1209 1189 1484 1253 ἀποδείξει
1518 1190 1869 1259 τρανότερον.

301 1279 524 1335 τούτων
556 1279 702 1333 οὕτω
759 1282 872 1341 τοῖς
906 1281 1039 1333 πᾶσι
1095 1279 1538 1349 γινωσκομένων,
1592 1281 1759 1335 πόθεν
1806 1280 1872 1332 ἂν

302 1369 417 1441 εἶχε
462 1373 562 1441 τὴν
615 1371 759 1423 κατὰ
806 1370 906 1441 τὴν
944 1371 1328 1442 ἀπαρίθμησιν
1383 1372 1538 1438 τάξιν
1571 1372 1873 1443 ἐναλλαγὴν

303 1462 411 1515 τῶν
440 1461 725 1530 ὀνομάτων
751 1461 1022 1525 κακίζειν,
1056 1460 1311 1515 ἀσέϐειάν
1335 1478 1394 1515 τε
1430 1462 1637 1531 ταύτην
1663 1463 1874 1517 ἀποκα-

302 1552 437 1616 λεῖν,
488 1552 585 1605 καὶ⁸
633 1553 731 1619 τῆς
783 1552 1136 1623 ὑγιαινούσης
1186 1552 1422 1617 πίστεως
1465 1555 1814 1625 ἀλλοτρίωσιν
1846 1558 1875 1611 6

302 1646 402 1712 τὴν
427 1643 569 1695 κατὰ
593 1643 831 1712 Χριστὸν
861 1643 1114 1696 παιδείαν
1142 1644 1400 1697 ἐπέκεινα
1432 1644 1651 1699 πάντων
1688 1645 1869 1717 μαθη-

305 1733 541 1799 τευθεὶς,
607 1733 704 1787 καὶ
754 1733 961 1804 ταύτην
993 1734 1238 1804 ἀκριϐῶς
1290 1735 1622 1806 ὲξασκήσας,
1672 1736 1750 1802 ῶς
1779 1738 1876 1792 καὶ

307 1827 425 1890 τοῖς
450 1824 633 1887 ἄλλοις
657 1825 915 1892 γενέσθαι
948 1825 1292 1889 διδάσκαλος,
1325 1827 1353 1879 6
1395 1828 1562 1897 μηδὲν
1584 1828 1683 1896 τῆς
1711 1830 1876 1898 εὐαγ-

306 1916 535 1986 γελικῆς
564 1916 841 1979 πυκτίδος,
877 1918 973 1969 καὶ
1006 1918 1116 1970 τῶν
1149 1919 1365 1971 σεπτῶν
1387 1920 1693 1974 timeto).th
1719 1920 1875 1974 Παύ-

310 2006 407 2059 λου
443 2006 537 2059 τοῦ
570 2007 913 2078 θεοκήρυκος
936 2008 1087 2077 παρὰ
1121 2011 1298 2063 πάντα
1325 2010 1417 2063 τὸν
1451 2012 1566 2080 βίον
1607 2013 1869 2084 προτιμόο

309 2112 468 2166 τερον
521 2099 913 2168 ήγησάμενος;
942 2100 1052 2151 τῶν
1083 2100 1139 2153 δὲ
1177 2102 1481 2155 Δαυῖδικῶν
1536 2104 1785 2172 Ψαλμῶν
1815 2103 1875 2158 τὸ

308 2185 474 2255 βάθος
507 2188 818 2257 ὲξιχνιάσας
859 2189 960 2242 οὐκ
1007 2190 1235 2254 ἀπεικὸς
1286 2191 1362 2254 ὡς
1391 2195 1589 2263 ἄριστα
1642 2195 1875 2269 διερμη-

306 2279 493 2332 νεῦσαι
529 2280 623 2331 καὶ
655 2282 725 2332 τὰ
756 2280 892 2341 τέως
916 2279 1123 2334 τούτων
1152 2283 1412 2337 δοκοῦντα
1444 2285 1744 2354 δυσέφικτα
1764 2289 1875 2351 τοῖς

307 2371 543 2433 πολλοῖς.
588 2370 734 2438 Ἐγὼ
764 2372 865 2440 μὲν
894 2372 987 2425 οὖν
1012 2372 1121 2426 οὔτ’
1146 2374 1213 2428 ἂν
1259 2375 1423 2445 φαίην
1452 2377 1605 2439 ποτε,
1639 2379 1732 2432 καὶ
1767 2378 1878 2432 τῶν

308 2462 578 2529 λεγόντων
609 2464 807 2526 οἵτινές
849 2464 957 2517 εἰσι
1006 2467 1440 2536 παραφροσύνην
1478 2469 1875 2537 καταγινώσκω

309 2553 513 2622 πολλήν
542 2570 557 2587 ο
595 2555 720 2607 ἐπεὶ
746 2555 854 2607 τῶν
882 2556 976 2609 δύο
1003 2556 1210 2610 τούτων
1243 2557 1303 2610 ἓν
1336 2558 1400 2627 γέ
1424 2577 1476 2613 τι
1498 2562 1717 2624 πάντως
1747 2580 1876 2615 συν-

310 2644 557 2711 άγουσιν,
622 2644 655 2715 ἢ
708 2645 771 2699 τὸ
804 2645 879 2715 μὴ
910 2649 1033 2709 ταῖς
1086 2646 1259 2711 θείαις
1291 2652 1517 2714 ταύταις
1559 2651 1652 2704 τὸν
1704 2652 1881 2722 μέγαν

318 2738 736 2807 ἐντετυχηκέναι
762 2741 987 2804 φωναῖς,
1016 2739 1151 2810 ὅπερ
1174 2741 1458 2807 ἀδύνατον,
1489 2744 1549 2796 οὺ
1571 2746 1678 2814 γάρ
1696 2745 1760 2799 ἂν
1787 2745 1879 2800 τὸν

308 2829 564 2881 τοσοῦτον
593 2846 657 2881 πε
667 2828 719 2898 pl
741 2830 839 2898 τὴν
864 2831 971 2883 τῶν
996 2831 1040 2884 ίε
1049 2831 1158 2902 ρῶν
1179 2833 1393 2900 Δογίων
1413 2832 1661 2899 ἐξέτασιν
1681 2838 1735 2889 ai
1754 2837 1879 2892 καθ’

309 2917 550 2988 ἑκάστην
589 2918 774 2987 σχεδὸν
804 2920 891 2972 ἐπ’
932 2921 1233 2991 ἐκκλησίας
1262 2925 1345 2987 εἰς
1392 2924 1578 2997 κοινὴν
1613 2928 1880 2999 ἀκρόασιν

310 3009 832 3077 ἀναγινωσκόμεναι
870 3012 1059 3082 ῥήσεις
1107 3013 1376 3078 διέλαθον,
1409 3016 1441 3086 ἢ
1470 3018 1529 3069 τὸ
1560 3019 1703 3072 κατὰ
1732 3019 1878 3089 γνῶν

314 3116 426 3170 μην
458 3101 558 3171 τὴν
604 3104 854 3154 ἐναντίαν
882 3104 1095 3164 τούτοις
1128 3104 1367 3175 βαδίζειν
1414 3108 1599 3164 αὐτόν.
1630 3111 1741 3165 Καὶ
1776 3111 1879 3166 ποῦ

1903 1875 1950 1934 Β

1971 727 2168 798 inquit,
2226 748 2243 780 ι
2282 730 2406 783 vidit
2450 738 2501 783 et
2539 729 2748 782 Patrem
2788 744 2959 782 meum
2996 727 3063 781 "’.
3101 746 3118 779 I
3183 726 3336 793 Quod
3386 729 3546 794 paulo

1970 828 2091 888 post
2115 820 2288 874 oratio
2332 822 2531 875 clarius
2566 819 2981 874 demonstrabit.
3025 818 3149 873 llaec
3185 834 3307 871 eum
3342 821 3416 873 ita
3451 819 3548 872 de-

1969 919 2115 965 creta
2149 910 2256 965 sint
2291 911 2359 965 ab
2387 912 2666 977 omnibus,
2696 909 2967 963 nndenam
3003 909 3055 963 in
3090 908 3300 973 ordine,
3330 910 3422 977 qui
3454 919 3541 962 est

1976 1000 2275 1056 secundum
2335 1000 2803 1055 enumerationem
2829 1043 2843 1065 ,
2880 998 3162 1052 nominum
3206 997 3546 1052 immutatio—

1972 1103 2097 1144 nem
2151 1091 2463 1160 improbare
2517 1091 2714 1157 potuit,
2752 1088 3194 1158 impietatemque
3246 1104 3364 1144 eam
3408 1106 3553 1144 nun-

1975 1195 2195 1249 cupare,
2232 1193 2285 1236 et
2316 1196 2463 1235 sanm
2501 1180 2622 1235 ﬁdei
2683 1167 3085 1244 alienationem,
3116 1182 3206 1249 qui
3251 1181 3547 1235 secundum

1973 1272 2251 1327 Christum
2306 1272 2612 1326 doctrinam
2647 1287 2808 1340 supra
2842 1272 2978 1325 alios
3008 1273 3235 1326 edoctus
3270 1287 3387 1326 eam
3419 1274 3553 1327 adeo

1974 1361 2243 1432 exquisite
2290 1363 2555 1427 exercuit,
2593 1371 2649 1415 ut
2698 1361 2822 1415 aliis
2868 1361 3031 1414 etiam
3065 1358 3254 1415 doctor
3294 1364 3551 1421 evaserit.

1974 1463 2028 1509 et
2055 1454 2147 1523 qui
2194 1453 2339 1507 libro
2389 1452 2739 1522 Evangelico,
2782 1461 2836 1506 et
2894 1451 3046 1505 Pauli
3085 1453 3254 1505 divini
3292 1454 3558 1522 praeconis

1974 1543 2149 1599 sacris
2184 1542 2440 1612 Epistolis
2480 1559 2603 1597 cum
2662 1544 2886 1608 viveret,
2946 1543 3080 1596 nihil
3122 1542 3315 1597 habuit
3358 1543 3557 1610 pretio-

1976 1634 2117 1698 sius,
2165 1633 2554 1689 Davidicorum
2598 1648 2728 1686 vero
2776 1633 3114 1687 Psaltnorum
3162 1632 3430 1702 profunda
3462 1649 3558 1687 ex-

1977 1727 2246 1796 piscatus,
2304 1741 2411 1780 non
2458 1726 2667 1795 abjeete
2699 1765 2715 1790 ,
2750 1727 2839 1779 sed
2863 1727 3107 1778 omnium
3168 1726 3393 1795 optime,
3438 1742 3559 1795 qua:

1976 1830 2201 1876 eatenus
2227 1820 2413 1874 multis
2460 1829 2619 1888 captu
2654 1819 2889 1873 diﬂicilia
2949 1826 3127 1883 erant,
3168 1819 3558 1889 interpretatus

1978 1923 2082 1966 est.
2112 1911 2224 1982 Ego
2242 1911 2425 1979 itaque
2454 1926 2734 1980 nunquam
2769 1909 2819 1963 id
2855 1919 3161 1964 asserentes
3185 1910 3421 1979 ingentis
3459 1912 3558 1962 de-

1982 2005 2195 2059 mentia:
2224 2003 2617 2066 insimularem,
2653 2018 2777 2056 cum
2814 2018 2879 2056 ex
2911 2003 3128 2057 duobus
3180 2002 3410 2057 alterum
3445 2017 3564 2055 om-

1985 2095 2115 2149 nino
2175 2092 2459 2164 colligant;
2513 2103 2604 2147 aut
2648 2107 2900 2163 magnum
2947 2093 3093 2148 hunc
3137 2094 3312 2147 virmn
3351 2096 3406 2147 in
3459 2094 3558 2147 has

1982 2203 2143 2245 voces
2174 2203 2281 2243 non
2318 2187 2602 2250 incidisse,
2635 2186 2780 2256 quod
2818 2184 2932 2240 ﬁeri
2966 2185 3179 2253 nequit,
3213 2201 3388 2256 neque
3414 2187 3560 2239 enim

1986 2279 2132 2334 hune
2159 2279 2213 2333 in
2249 2277 2420 2335 sacris
2453 2275 2699 2347 Eloquiis
2724 2275 3103 2331 examinandis
3136 2275 3296 2329 talem
3328 2284 3536 2329 tantum

1983 2384 2107 2438 que,
2143 2383 2264 2438 quae
2307 2366 2426 2422 fere
2458 2366 2691 2435 singulis
2720 2365 2916 2419 diebus
2950 2366 3003 2419 in
3046 2365 3280 2420 ecclesia
3327 2365 3382 2420 in
3412 2381 3565 2420 com-

1986 2474 2208 2514 munem
2240 2459 2488 2514 omnium
2517 2457 2851 2513 audientiam
2884 2457 3210 2525 legebantur
3241 2458 3525 2514 latuissent
3546 2471 3562 2485 ·

1985 2564 2079 2607 aut
2102 2550 2380 2607 contraria
2423 2551 2747 2606 sentientem
2797 2551 2880 2603 via
2932 2559 3096 2619 atque
3139 2550 3216 2604 illi
3254 2552 3357 2604 alia
3390 2551 3565 2604 inam-

1986 2647 2193 2703 bulare.
2245 2646 2310 2700 Et
2343 2646 2616 2717 quomodo
2649 2646 2700 2700 id
2735 2645 2900 2700 fuerit
2947 2645 3269 2701 Christiana:
3296 2648 3565 2701 Constitu-

1987 2735 2195 2791 tionis?
2243 2734 2379 2789 Nam
2410 2735 2608 2804 injuria
2633 2735 2713 2789 sic
2754 2735 2960 2805 prolata
2999 2750 3249 2813 quonam»
3284 2738 3561 2806 procedat,

1986 2827 2243 2882 omnibus
2290 2825 2753 2882 considerandum
2799 2827 3069 2896 relinquo.
3104 2825 3210 2880 Sed
3254 2840 3351 2881 nec
3382 2838 3564 2880 mente

1987 2919 2200 2987 quidem
2230 2919 2538 2989 concipere,
2574 2927 2782 2972 tantum
2815 2918 2990 2983 abest,
3024 2926 3083 2972 ut
3112 2918 3272 2973 labiis
3312 2918 3559 2988 proﬁteri

1986 3010 2070 3067 fas
2094 3013 2185 3073 sit,
2219 3011 2367 3079 quod
2416 3010 2520 3066 hoc
2548 3010 2771 3081 quidem
2809 3009 3165 3080 impudentiae
3196 3024 3425 3065 summa:
3461 3020 3565 3075 est,

1989 3100 2114 3155 illud
2152 3100 2375 3154 eonvitii
2432 3098 2780 3170 iul‘amimque
2841 3101 3085 3170 plenum.
3142 3098 3323 3165 Quare
3355 3101 3568 3155 divina-

310 3192 472 3244 τοῦτο
541 3192 935 3262 Χριστιανικῆς
995 3197 1420 3265 καταστάσεωςς
1480 3198 1562 3254 Τὰ
1614 3203 1725 3273 γὰρ
1782 3205 1882 3273 τῆς

1992 3207 2114 3245 rum
2144 3192 2337 3246 harum
2366 3206 2558 3247 vocutn
2596 3191 2762 3261 probe
2785 3205 3007 3260 gnarus,
3039 3198 3093 3244 et
3127 3205 3315 3245 earum
3340 3200 3562 3247 senten-

311 3281 525 3350 ὕϐρεως
580 3280 755 3345 οὕτως
793 3282 921 3335 ἔνθα
967 3286 1061 3336 καὶ
1114 3286 1401 3353 διαϐαίνει,
1464 3290 1705 3363 παρίημι
1757 3298 1886 3355 τοὺς

314 3374 522 3433 πάντας
562 3377 806 3427 σκοπεῖν.
870 3372 1012 3428 Ἀλλ’
1042 3375 1197 3429 οὐδὲν
1232 3378 1439 3432 τούτων
1470 3380 1591 3434 οὐδὲ
1634 3382 1885 3454 ἐννοῆσαι

314 3463 513 3535 χρεὼν,
548 3466 621 3535 μή
646 3465 733 3519 τοί
763 3483 828 3535 γε
871 3469 982 3520 τῶν
1030 3469 1256 3540 χειλέων
1284 3475 1633 3541 προενεγκεῖν
1658 3491 1674 3507 ⁸
1710 3476 1792 3529 ὃτι
1825 3476 1885 3530 τὸ

317 3559 420 3624 μὲν
458 3557 848 3628 ἀναισχυντίας
896 3561 1059 3628 γέμει
1097 3566 1320 3631 συχνῆς,
1362 3563 1425 3616 τὺ
1471 3563 1527 3617 δὲ
1575 3566 1886 3637 δυσφημίας

314 3650 498 3717 πάσης
547 3649 857 3704 ἀνάπλεων.
909 3651 1071 3704 Ὥστε
1123 3654 1217 3706 καὶ
1270 3654 1381 3708 τῶν
1434 3657 1696 3711 τοιούτων
1725 3657 1886 3710 θείων

314 3739 512 3805 φωνῶν
571 3742 630 3793 ἐν
693 3739 898 3809 γνώσει
952 3744 1254 3813 τυγχάνων,
1317 3744 1511 3816 άκρως
1547 3763 1609 3800 τε
1675 3748 1886 3803 τούτων

311 3830 722 3901 δπειλημμένος
756 3832 784 3885 6
822 3832 999 3902 μέγας
1025 3833 1327 3900 Βασίλειος,
1353 3836 1450 3890 καί⁸
1485 3836 1693 3898 ταύτας
1725 3841 1885 3912 στέρ-

311 3941 428 3990 γων
458 3923 704 3986 δεόντως.
738 3923 834 3977 ἅτε
865 3925 1045 3987 καλῶς
1066 3924 1318 3995 ἐχούσας,
1349 3929 1444 3981 καὶ
1476 3930 1883 4001 προσαπςδεχό-

316 4031 500 4083 μενος,
537 4016 598 4067 οὐ
621 4015 720 4085 τὴν
748 4015 893 4070 κατὰ
916 4015 1017 4086 τὴν
1048 4017 1436 4089 ἀπαρίθμησιν
1464 4019 1570 4074 τῶν
1603 4020 1886 4090 ὀνομάτων

312 4106 635 4178 ἐναλλαγὴν,
666 4108 766 4178 τὴν
791 4107 847 4160 δὲ
871 4108 993 4161 καθ’
1022 4108 1256 4181 ὕπαρξιν
1281 4112 1526 4166 αἰτιᾶται
1556 4111 1759 4167 τούτων
1792 4129 1889 4183 με-

311 4202 557 4255 τάθεσιν.
594 4201 717 4254 Ὀτι
743 4200 799 4255 δὲ
830 4201 927 4255 καὶ
964 4201 1026 4255 τὸ
1072 4204 1213 4256 κατὰ
1237 4203 1329 4257 τδν
1375 4204 1639 4274 Θεολόγον
1680 4206 1890 4278 Γρηγό-

318 4308 435 4361 ριον
463 4292 707 4357 ἰσότιμον
743 4288 839 4344 τοῦ
865 4291 998 4345 Υίοῦ
1027 4292 1122 4345 καὶ
1148 4292 1244 4345 τοῦ
1269 4291 1593 4365 Πνεύματος
1632 4294 1751 4349 οὔτι
1783 4312 1886 4349 που

312 4381 413 4451 τὴν
443 4380 679 4450 ὕπαρξιν
734 4381 998 4447 ὡσαύτως
1053 4384 1199 4453 ἔχειν
1233 4385 1644 4453 καταναγκάζει
1672 4385 1882 4441 τούτων

314 4478 539 4545 ἀμφοῖν,
571 4475 646 4539 ῶς
686 4473 938 4529 ἐντεῦθεν
968 4476 1105 4545 μηδὲ
1135 4476 1289 4543 τάξιν
1324 4478 1446 4532 κατ’
1483 4479 1653 4550 αὐτὴν
1679 4480 1738 4533 ιν
1766 4481 1889 4533 τού-

1990 3285 2121 3340 tiam
2153 3286 2379 3355 pulchre
2419 3284 2620 3341 callens
2658 3299 2890 3356 magnus
2928 3283 3182 3349 Basilius,
3222 3299 3447 3355 easque,
3486 3288 3563 3340 uti

1988 3392 2088 3448 par
2140 3386 2242 3443 est,
2270 3385 2529 3447 tanquam
2574 3375 2713 3431 bene
2759 3376 2991 3430 dictatas
3031 3375 3367 3445 amplectens
3414 3379 3567 3432 crci-

1990 3465 2278 3535 piensque,
2308 3480 2417 3519 non
2462 3464 2924 3529 immutationem,
2958 3480 3079 3534 quae
3113 3467 3396 3521 nominum
3430 3480 3568 3521 enu-

1988 3558 2311 3621 meratione,
2344 3556 2437 3610 sed
2471 3557 2770 3611 secundum
2800 3557 3175 3613 exsistentiam
3206 3558 3285 3623 lit,
3319 3567 3570 3629 transpo-

1988 3645 2243 3700 sitionem
2280 3648 2623 3703 criminatur.
2673 3646 3062 3703 Verumtamen
3095 3650 3398 3703 secundum
3432 3648 3569 3706 Gre-

1990 3739 2205 3807 gorium
2263 3736 2601 3809 Theologum
2664 3739 2930 3795 honorem
3008 3741 3271 3808 aequalem
3328 3739 3451 3795 Filii
3515 3752 3569 3796 et

1995 3830 2241 3901 Spiritus
2270 3840 2629 3901 utrorumque
2654 3831 3029 3886 exsistentiam
3059 3847 3212 3901 aeque
3248 3847 3305 3886 se
3339 3832 3565 3897 habere,

1990 3937 2096 3979 non
2135 3938 2351 3993 cogere,
2391 3933 2448 3977 ut
2481 3924 2605 3979 inde
2636 3937 2813 3994 neque
2837 3924 2973 3980 crdo
2996 3926 3206 3980 ratione
3233 3924 3378 3979 illius
3402 3927 3455 3979 in
3484 3926 3568 3979 his

1989 4015 2201 4085 penitus
2230 4016 2420 4069 nullus
2442 4017 2531 4081 sit,
2568 4030 2634 4071 ex
2667 4018 2995 4087 praelaudata
3029 4018 3202 4072 Patris
3236 4018 3570 4072 auctoritate

1990 4107 2244 4163 omnibus
2302 4107 2653 4163 manifestum
2704 4117 2999 4164 remanet:
3034 4108 3213 4165 Metuo
3261 4125 3324 4164 ne
3372 4112 3574 4181 princi-

1991 4198 2140 4270 pium
2169 4198 2481 4267 inferiorum
2520 4200 2836 4269 principium
2889 4201 3109 4270 faciam,
3157 4202 3241 4256 his
3283 4203 3570 4257 manifeste

1991 4291 2247 4347 indicans
2294 4292 2506 4361 aequale
2560 4308 2788 4362 prorsus
2843 4308 2965 4348 esse
3013 4295 3345 4364 principium
3402 4297 3568 4351 etiam

1996 4384 2127 4451 illis,
2146 4385 2239 4455 qui
2268 4398 2332 4440 ex
2369 4384 2488 4455 ipso
2506 4392 2716 4451 ειωι,ει
2736 4384 3033 4455 principale
3050 4386 3118 4440 ab
3137 4384 3447 4455 aequalitate
3465 4403 3570 4442 non

1993 4473 2201 4539 dirimi,
2227 4489 2368 4544 quae,
2395 4482 2455 4529 ut
2478 4489 2600 4529 cum
2627 4475 2820 4530 eodem
2854 4476 3068 4543 loquar,
3099 4475 3364 4545 aequalem
3400 4477 3575 4532 hono-

313 4584 429 4630 τοις
465 4568 605 4631 ὅλως
649 4567 826 4620 τελεῖν
882 4567 1133 4634 αὐτόθεν,
1170 4569 1236 4623 ἐκ
1282 4572 1379 4642 τῆς
1434 4570 1885 4643 προεκτεθείσης,

1995 4581 2110 4622 rem
2156 4574 2388 4629 naturae,
2419 4575 2471 4621 ct
2525 4567 2809 4621 sententia:
2850 4568 3338 4636 conspirationem,
3370 4577 3425 4622 et
3456 4584 3574 4622 mo-

314 4661 483 4728 λέγω,
532 4659 804 4729 πατρικῆς
841 4660 1050 4730 ταύτης
1104 4663 1379 4732 χρήσεως,
1433 4664 1744 4734 καταφανὲς
1774 4668 1888 4730 τοῖς

316 4751 566 4805 ὁπωσοῦν
595 4752 996 4816 ἐφιστάνουσιν.
1031 4752 1278 4809 Δέδοικα
1313 4755 1444 4826 γὰρ,
1499 4758 1667 4827 φησὶν
1723 4761 1752 4811 6
1794 4759 1890 4828 μέ-

314 4861 441 4912 γας.
478 4844 594 4911 τήν
654 4844 855 4912 ἀρχὴν
896 4841 984 4912 μὴ
1012 4844 1355 4899 ἐλαττόνων
1406 4846 1606 4918 ἀρχὴν
1629 4848 1887 4916 ποιήσω,

315 4934 492 5004 δηλῶν
519 4936 582 4987 ὲκ
608 4933 804 4986 τούτου
847 4932 1033 5002 σαφῶς
1070 4932 1148 4996 ὡς
1198 4933 1288 5002 ἴση
1330 4936 1425 4988 καὶ
1455 4938 1487 5006 ἡ
1512 4937 1658 5007 ἁρχὴ
1686 4939 1801 5003 τοῖς
1829 4937 1889 5007 ἐξ

315 5027 486 5095 αὐτῆς
515 5027 732 5088 πάντως
763 5028 903 5093 tati,
935 5027 1030 5079 καὶ
1081 5027 1142 5079 τὸ
1182 5027 1415 5097 ἀρχικὸν
1442 5030 1542 5081 οὐκ
1573 5031 1887 5101 ἀναιρεῖται

316 5117 451 5189 πρὸς
480 5119 581 5189 τῆς
623 5120 890 5190 ίσότητος,
930 5120 1073 5192 ἥτις,
1101 5120 1221 5173 κατ’
1255 5121 1420 5174 αὐτὸν
1447 5121 1656 5175 ἐκεῖνον
1684 5125 1884 5189 είπείν,

315 5209 608 5281 ὁμοτιμίαν
635 5210 874 5279 φύσεως,
906 5212 1004 5266 καὶ
1035 5211 1260 5281 γνώμης
1287 5209 1616 5280 σύμπνοιαν,
1642 5214 1738 5265 καὶ
1754 5229 1888 5269 ταυ-

315 5304 518 5372 τότητα
556 5303 830 5372 κινήσεως
868 5304 1137 5360 δείκνυσι.
1180 5303 1316 5372 Περὶ
1355 5301 1551 5355 τούτου
1596 5302 1762 5357 πάλιν
1823 5307 1884 5358 ἐν

314 5393 556 5464 δευτέρῳ
620 5394 731 5447 τῶν
793 5395 1101 5464 ΕΙρηνικῶν
1160 5394 1491 5464 τρανότερον
1558 5398 1585 5449 6
1626 5395 1892 5466 θεηγόρος

315 5479 469 5549 οὗτος
512 5486 757 5554 διέξεισι,
793 5486 984 5555 Τριὰς,
1026 5487 1222 5554 λέγων,
1257 5488 1337 5552 ὡς
1360 5485 1601 5555 ἀληθῶς
1631 5489 1670 5555 ἠ
1698 5487 1892 5557 Τριὰς,

314 5579 590 5647 ἀδελφοὶ,
636 5579 805 5646 Τριὰς
848 5580 917 5632 δὲ
970 5582 1044 5632 οὐ
1083 5579 1442 5649 πραγμάτων
1483 5580 1717 5635 ἀνίσων
1745 5582 1899 5636 ἀπα-

311 5672 618 5739 ρίθμησις,
648 5671 787 5724 ἀλλ’
817 5672 968 5724 Ῑσων
1005 5670 1105 5725 καὶ
1131 5673 1435 5739 ὁμοτίμων
1465 5673 1803 5740 σύλληψις,
1836 5674 1896 5740 ἐξ

311 5756 391 5816 ὧν
442 5764 540 5833 τὴν
591 5764 723 5831 πρὸς
754 5765 843 5816 τὶν
874 5763 1092 5830 Πατέρα
1153 5765 1485 5830 παρίστησιν
1525 5766 1749 5833 ἰσότητα
1799 5765 1892 5816 τοῦ

391 5925 435 5955 ⁸⁸
464 5924 610 5981 l‘sal.
638 5941 897 5988 cum“,
930 5923 979 5979 7.
1023 5923 1246 5978 "’Joan.
1288 5940 1395 5990 λιν,
1430 5925 1478 5977 9.

1994 4658 2160 4714 tionis
2190 4656 2633 4713 conl‘ormitatem
2660 4667 3079 4713 commonstrat.
3140 4658 3214 4715 De
3244 4660 3349 4715 hoc
3378 4661 3570 4715 eodem

1996 4753 2193 4807 iterum
2222 4752 2275 4805 in
2328 4752 2565 4806 secunda
2606 4752 2854 4805 oratione
2898 4754 2966 4806 de
3007 4767 3140 4821 pace
3200 4752 3575 4824 tliviniloquus

2000 4844 2106 4899 iste
2132 4845 2337 4900 clarius
2372 4846 2457 4900 his
2500 4844 2682 4899 verbis
2731 4844 3082 4915 prosequitur
3113 4861 3128 4902 :
3184 4845 3423 4901 Trinitas
3460 4863 3576 4901 vere

2001 4934 2264 5000 Trinitas,
2315 4935 2534 5005 fratres,
2579 4934 2818 4991 Trinitas
2876 4953 2979 4991 non
3027 4938 3369 5009 ianualium
3399 4954 3576 4994 rerum

1996 5027 2345 5091 enumeratio,
2377 5030 2470 5079 sed
2494 5027 2704 5094 parium
2736 5039 2783 5081 et
2824 5044 2889 5081 ea:
2929 5044 3087 5097 aequo
3127 5030 3371 5084 honorem
3408 5032 3579 5093 possi-

1998 5118 2232 5173 dentium
2263 5119 2677 5188 comprehensio,
2709 5121 2912 5191 quibus
2943 5135 3069 5192 erga
3116 5122 3335 5179 Patrem
3370 5121 3493 5178 Filii
3525 5133 3578 5179 et

1999 5208 2235 5279 Spiritus
2273 5209 2559 5280 puritatem
2585 5211 2875 5266 eonllrmat
2917 5231 2931 5267 :
2976 5213 3068 5267 sed
3113 5214 3573 5281 quemadmodum

2000 5301 2151 5355 hisce
2181 5312 2443 5372 paternus
2495 5305 2633 5359 ordo
2683 5319 2790 5358 non
2839 5304 3074 5370 laeditur,
3107 5320 3237 5360 cum
3266 5306 3369 5361 hac
3406 5308 3572 5362 etiam

2002 5395 2213 5451 ratione
2254 5394 2417 5451 Pater
2473 5398 2804 5467 principium
2886 5398 2981 5465 sit,
3026 5398 3106 5453 sie
3155 5408 3211 5453 et
3261 5401 3316 5453 in
3360 5398 3498 5456 Filio
3525 5394 3579 5456 et

2004 5486 2208 5558 Spiritu
2243 5491 2436 5544 horum
2490 5490 2773 5559 tequalitas
2811 5490 3084 5554 ordinem,
3113 5491 3206 5559 qui
3236 5492 3288 5544 in
3330 5490 3440 5545 illis
3469 5501 3573 5551 est.

2003 5579 2227 5635 minime
2274 5580 2503 5637 dirimit.
2552 5580 2708 5635 llunc
2756 5580 2941 5650 itaque
2981 5581 3234 5636 ordinem
3287 5582 3344 5636 in
3378 5579 3577 5638 Triadc

2005 5684 2331 5727 conservare
2395 5671 2628 5726 maxime
2682 5670 3056 5727 necessarium
3122 5680 3249 5736 est,
3302 5687 3467 5743 quem
3525 5682 3578 5725 et

2008 5780 2239 5833 magnus
2277 5763 2610 5819 Athanasius
2645 5763 2878 5831 perbelle
2894 5765 3106 5851 ,caIIeus
3140 5765 3385 5821 oratione
3418 5765 3578 5819 tertia
