3970 6408
213 338 349 404 1121

1061 330 1160 391 DE
1198 331 1714 392 PROCESSIONE
1753 331 1814 390 S.
1857 269 2214 390 SPIRl'i‘US
2252 327 2476 390 ORAT.
2526 330 2579 389 Ι.

3337 327 3476 388 112?.

210 455 309 508 xui.
343 454 378 522 ἡ
411 447 564 514 τάξις
612 447 646 518 ἡ
697 444 1099 513 πολυύμνητος,
1151 445 1272 499 καθ’
1303 445 1370 516 ἣν
1413 446 1524 498 ἀπὸ
1553 445 1647 497 τοῦ
1685 445 1796 497 Πα-

1913 452 2047 498 ·ιιιιῑ.
2081 441 2145 496 Et
2175 443 2398 496 ubinam
2433 449 2657 512 paterna
2693 441 2950 512 dignitas,
2993 451 3047 496 et
3081 439 3216 496 ordo
3250 451 3483 510 tntprae-

211 544 342 610 τρὸς
371 541 664 612 ἀρχόμενοι
699 537 839 590 κατά
881 535 943 588 τὸ
977 536 1123 598 εἰκὸς
1158 537 1246 590 ἐπὶ
1278 537 1370 588 τὸν
1424 536 1554 588 Tibv
1583 533 1797 606 χωροῦ-

216 651 338 703 μεν.
363 634 456 684 καὶ
481 629 654 692 οὕτως
683 630 775 682 ἐπὶ
803 631 864 680 τὸ
891 627 1114 696 Πνεῦμα
1141 627 1201 678 τὸ
1223 627 1378 694 ἅγιον
1402 627 1751 694 διαδαίνομεν
1777 643 1797 692 ;

213 726 400 786 καθὼς
441 727 468 776 6
499 723 720 791 Νύσσης
747 721 1042 790 Γρηγοριος
1082 722 1139 771 ὲν
1178 719 1257 788 τῷ
1291 723 1492 789 πρώτῳ
1518 719 1626 770 τῶν
1659 720 1795 788 πρὸς

213 817 483 884 Εὐνόμιον
524 813 968 883 Ἀντιρῤητικὼν,
1025 812 1120 864 Ἐκ
1153 811 1260 865 τοῦ
1303 812 1534 879 Ματρὸς
1559 811 1655 864 διὰ
1687 811 1794 865 τοῦ

223 909 366 964 Υίοῦ
395 908 493 960 ἐπὶ
531 909 595 959 τὸ
629 906 869 975 Πνεῦμα
904 905 1232 974 χωροῦμεν,
1278 907 1464 972 φησίν.
1508 907 1668 958 Ἀλλά
1697 905 1796 974 τὴν

219 1005 320 1073 μὲν
360 1001 498 1072 πρὸς
529 1001 686 1053 τοῦτο
731 1000 1083 1066 τελεωτέραν,
1117 999 1209 1050 καὶ
1245 998 1531 1068 κρείττονα
1561 998 1714 1050 λύσιν
1740 1000 1795 1051 ὲν

214 1098 296 1164 τῷ
325 1092 559 1160 δευτέρῳ
585 1093 728 1159 λόγῳ
769 1089 1174 1158 ταμιευσόμεοα
1199 1089 1286 1140 διὰ
1320 1090 1379 1141 τὸ
1425 1088 1623 1157 μᾶλλον
1655 1107 1793 1159 χρη-

219 1183 469 1252 σιμεύειν
495 1186 673 1235 ἐκεῖσε
703 1181 906 1247 ταύτην
937 1181 1069 1248 ἡμῖν
1089 1195 1102 1209 ο
1133 1179 1227 1232 νῦν
1258 1178 1314 1230 δὲ
1342 1180 1592 1232 τοσοῦτον
1631 1181 1794 1247 μόνον

217 1274 416 1332 αὐτοὺς
444 1272 822 1340 ὲρωτήσομενσ
862 1270 984 1330 Πῶς
1016 1270 1108 1321 καὶ
1140 1269 1260 1319 τίνα
1287 1270 1486 1336 τρόπον
1515 1268 1576 1320 τὸ
1602 1268 1796 1337 651.006-

219 1380 337 1415 σιον
376 1363 455 1423 ei;
510 1360 806 1426 ἀπολογίαν
853 1360 1057 1411 τούτων
1109 1361 1329 1412 πάντων
1381 1359 1794 1429 προδάλλεσθε;

220 1450 477 1514 Διότιπερ
531 1448 818 1516 ὀμοούσιον
868 1445 943 1514 τῷ
991 1447 1100 1516 Υἰῷ
1148 1433 1208 1498 τί)
1243 1447 1464 1516 Πνεῦμα
1506 1447 1565 1499 τὸ
1618 1447 1795 1515 ἅγιον,

222 1540 310 1593 διὰ
339 1539 492 1592 τοῦτο
545 1542 609 1590 τὰ
645 1539 1080 1607 ἀπηριθμημένα
1130 1538 1328 1602 πάντα,
1383 1539 1602 1600 καὶτὰς
1653 1541 1797 1589 ἀνω-

220 1633 366 1700 τέρω
416 1633 619 1684 τούτων
684 1629 1074 1697 διαληφθείσας
1132 1629 1355 1696 κλήσεις
1417 1629 1560 1698 ἔχειν
1611 1629 1796 1694 λέγετε

221 1724 376 1792 παρὰ
411 1723 502 1774 τοῦ
536 1721 669 1774 Υἱοῦ
701 1725 794 1774 καὶ
824 1722 956 1785 πρὸς
988 1722 1078 1773 τὸν
1104 1722 1266 1786 Υίόν;
1302 1722 1410 1773 Καὶ
1444 1723 1492 1772 εί
1517 1720 1574 1772 τδ
1601 1720 1797 1790 ὁμοού-

1905 533 2083 588 coniis
2115 535 2453 596 decantatus,
2507 530 2670 602 ouem
2717 544 3011 602 sequentes
3061 549 3088 586 ο
3135 533 3294 588 Patre
3322 536 3486 590 initio

1904 623 2093 681 ducto.
2133 623 2207 674 uti
2237 637 2334 691 par
2371 632 2473 683 cst,
2521 622 2586 675 ad
2629 621 2826 674 Filium
2872 621 3098 688 gradum
3136 621 3391 684 facimus,
3427 630 3482 674 et

1906 713 1987 767 sic
2031 715 2188 782 plane
2243 713 2308 766 ad
2347 713 2608 781 Spiritum
2668 724 2915 768 sanctum
2977 716 3347 784 procedimus.
3402 715 3480 766 uti

1906 803 2187 873 Nyssenus
2239 803 2538 875 Gregorius
2594 806 2769 872 primo
2833 805 3098 860 adxersus
3156 807 3481 858 Eunmnium

1903 897 2264 950 antirthetico
2292 915 2306 949 :
2344 895 2427 949 Ea:
2450 896 2609 950 Patre
2642 915 2731 967 per
2762 897 2953 951 Filium
2979 899 3045 950 ad
3076 896 3332 962 Spiritum
3361 913 3484 965 per-

1904 988 2276 1050 venimus,ait.
2319 986 2420 1042 Sed
2446 990 2830 1042 absolutiOrem
2858 992 3232 1058 potionemque
3248 991 3484 1054 hujusce

1905 1079 2230 1134 solutionem
2285 1082 2518 1134 secunda
2569 1083 2819 1134 oratione
2875 1083 3301 1141 rrscrvahimns,
3335 1081 3481 1148 quod

1904 1173 1979 1226 ibi
2019 1172 2174 1226 nobis
2205 1176 2374 1242 magis
2408 1175 2662 1240 prodesse
2693 1189 2995 1241 speramus.
3028 1171 3181 1226 Nunc
3219 1189 3344 1225 vero
3373 1183 3487 1226 lan-

1905 1261 2078 1314 tillum
2112 1263 2180 1314 ab
2214 1263 2347 1325 ipsis
2388 1261 2702 1330 perquiram
2743 1278 2758 1315 :
2798 1261 3108 1326 Quomodo,
3166 1273 3218 1315 et
3252 1278 3356 1329 qua
3394 1277 3482 1315 ra-

1910 1357 2058 1408 tione
2082 1356 2330 1410 eamdem
2372 1370 2646 1421 naturam,
2691 1372 2813 1408 rum
2867 1356 2932 1410 de
2966 1355 3051 1410 his
3110 1355 3366 1408 omnibus
3396 1370 3481 1407 re-

1904 1446 2206 1511 apnndetis,
2258 1445 2596 1513 proponitis?
2645 1445 2782 1512 Quia
2852 1451 2935 1499 est
2985 1445 3228 1513 ejusdem
3281 1454 3489 1497 naturae

1910 1551 2033 1590 cum
2075 1534 2213 1588 Filio
2244 1538 2482 1603 Spiritus
2535 1549 2781 1598 Sani-tus,
2813 1548 3093 1605 propterea
3125 1545 3484 1588 annumeratn

1905 1630 2108 1686 omnia.
2142 1638 2194 1682 et
2216 1645 2376 1696 supra
2403 1627 2518 1698 jam
2556 1631 2808 1696 digestas
2834 1629 3227 1696 app:-llntiones
3285 1628 3486 1680 habere

1906 1721 2088 1774 dicitis
2118 1736 2146 1773 a
2179 1718 2317 1773 Filio
2343 1733 2396 1775 et
2418 1733 2664 1789 respectu
2699 1718 2864 1774 Filii?
2899 1719 2959 1772 Et
2993 1722 3037 1773 si
3076 1720 3201 1787 quia
3238 1719 3483 1785 ejusdem

221 1831 338 1866 σιον
365 1814 540 1865 αἴτιον
569 1812 645 1881 τῷ
681 1807 956 1878 Πνεῦματί
1005 1809 1211 1862 τούτων
1245 1810 1507 1863 ἁπάντων
1539 1811 1678 1874 ἐστὶ,
1713 1810 1803 1862 καὶ

1913 1823 2120 1866 ηαυπτ-ω
2151 1821 2253 1872 est,
2294 1829 2459 1865 causa
2501 1821 2605 1876 est,
2653 1814 2793 1880 quod
2830 1810 3066 1880 Spiritus
3097 1811 3240 1863 dicta
3299 1809 3490 1862 Omnia

219 1905 324 1956 οὐκ
370 1905 505 1972 ἄλλη
549 1920 632 1965 τις
683 1905 866 1972 σχέσις
900 1902 1050 1969 παρά
1084 1901 1183 1970 τὴν
1229 1901 1644 1969 ὁμοουσιότητα,
1678 1899 1798 1952 καθ’

220 1995 290 2063 ἢν
319 1993 662 2063 ᾠκειωμένον
710 1993 920 2056 πέφυκε
965 1990 1041 2059 τῷ
1071 1990 1202 2059 Υἱῷ,
1247 1991 1342 2043 καὶ⁵
1388 1989 1512 2058 ἑξῆς
1568 1991 1800 2058 μάλιστα

218 2083 300 2152 τῷ
325 2082 600 2152 [Ινεύματι
630 2081 706 2150 τῷ
742 2082 882 2150 ἁγίῳ
908 2081 968 2134 τὸ
999 2081 1280 2148 ὁμοούσιον
1306 2095 1321 2111 °
1349 2081 1535 2151 ἐπειδή
1575 2099 1679 2150 περ
1710 2085 1802 2136 ἀν-

220 2177 506 2244 τιστρέφει
525 2174 587 2226 τὸ
602 2175 910 2242 δροούσιον,
933 2173 1026 2226 καὶ
1047 2171 1236 2242 ὥσπερ
1251 2173 1536 2240 ὁμοούσιον
1556 2174 1615 2225 τὸ
1638 2173 1803 2227 Πνεῦ-

225 2283 304 2334 μα
331 2265 410 2335 τῷ
447 2264 580 2334 Υίῷ,
607 2263 703 2314 καὶ
732 2264 760 2314 6
795 2263 913 2324 Tib;
942 2261 1228 2324 ὁμοούσιός
1260 2263 1376 2314 ἐστι
1399 2262 1475 2331 τῷ
1502 2262 1798 2332 Πνεῦματι,

221 2357 291 2410 τὰ
319 2355 785 2424 ἀναγεγραμμένα
823 2355 998 2407 πάντα
1028 2353 1346 2423 ῥηθήσεται,
1383 2356 1474 2405 καὶ
1507 2354 1797 2408 ἀνάπαλιν.

226 2451 338 2503 Καὶ
368 2449 455 2502 ἵνα
485 2446 656 2501 ταῦτα
689 2446 808 2499 καθ’
834 2445 890 2498 ἓν
920 2445 1277 2498 ὲπαναλαὸὼν
1302 2445 1436 2515 πρὸς
1464 2448 1804 2513 σαφεστέραν

226 2539 506 2593 κάνταῦθα
546 2537 938 2608 παραθήσομαι
1005 2535 1254 2606 δήλωσιν.
1307 2536 1485 2589 Είκὼν
1530 2535 1624 2588 τοῦ
1671 2535 1803 2589 Υίοῦ

224 2633 288 2686 τὸ
321 2631 566 2701 Πνεῦμα,
594 2631 691 2684 κα)⁸
718 2631 746 2682 6
781 2629 906 2692 Tib;
946 2631 1108 2682 εἰκὼν
1139 2630 1205 2682 ἂν
1233 2628 1319 2699 εῐη
1343 2630 1434 2681 τοῦ
1464 2629 1801 2699 Πνεῦματος.

225 2725 430 2793 Μορφὴ
469 2725 529 2775 τὸ
574 2722 798 2792 Πνεῦμα
842 2720 936 2774 τοῦ
973 2720 1128 2792 Υἱοῦ,
1162 2721 1344 2792 μορφὴ
1379 2724 1471 2774 καὶ
1501 2723 1528 2772 6
1556 2721 1684 2784 Tib;
1710 2720 1803 2774 τοῦ

230 2813 548 2882 Πνεῦματος
621 2813 687 2867 ἂν
743 2813 977 2881 λέγοιτο.
1043 2813 1341 2882 Πρόσωπον
1401 2811 1495 2865 τοῦ
1557 2812 1688 2864 Tibi
1746 2813 1806 2865 τὺ

228 2905 480 2974 Πνεῦμα,
508 2908 599 2958 καὶ
627 2905 656 2958 6
686 2905 812 2966 Tib;
845 2905 1134 2974 πρόσωπον
1165 2905 1230 2958 ἂν
1264 2905 1480 2958 καλοῖτο
1511 2905 1604 2957 τοῦ
1639 2905 1809 2958 Ilvati-

231 3014 420 3068 ματος.
461 2997 742 3065 Ἐνέργεια
771 2998 830 3049 τὸ
861 2997 1081 3066 Πνεῦμα
1111 2995 1205 3048 τοῦ
1257 2994 1408 3059 Υίοῦ,
1438 2997 1687 3065 καθάπερ
1715 2997 1807 3049 καὶ

227 3088 523 3152 δέδεικται,
555 3087 674 3138 κατ’
705 3087 834 3139 αὐτὸ
868 3087 1024 3140 τοῦτο
1058 3090 1149 3140 καὶ
1175 3089 1202 3140 6
1234 3087 1360 3149 Tib;
1393 3088 1642 3157 ἐνέργεια
1676 3088 1808 3139 πάν-

1902 1903 2204 1970 pnssideat.
2237 1918 2335 1956 nec
2370 1904 2476 1956 alia
2525 1905 2634 1956 ulla
2683 1903 2901 1963 relatio,
2935 1911 3132 1970 praeter
3167 1903 3308 1954 hanc
3335 1917 3487 1954 eam-

1902 1999 2021 2048 dem
2077 2004 2347 2058 naturam,
2385 2010 2489 2063 qua
2517 1997 2898 2063 apprrpt-iatur
2924 1994 3081 2056 Filio,
3116 2005 3166 2047 et
3190 2011 3293 2061 qua
3320 1993 3490 2061 potis-

1906 2086 2108 2139 simum
2149 2085 2377 2154 Spiritui
2403 2096 2594 2140 sancto
2621 2086 2736 2138 haec
2760 2089 2946 2138 eadem
2976 2097 3168 2138 natura
3205 2084 3486 2150 Convenit,

1902 2176 2351 2244 quandoquidem
2416 2177 2530 2230 hinc
2583 2177 2772 2230 eadem
2849 2187 3044 2230 natura
3099 2190 3294 2230 contra
3362 2191 3486 2228 ver-

1905 2267 2057 2331 titur,
2095 2278 2145 2319 et
2176 2267 2255 2320 uti
2289 2266 2537 2334 ejusdem
2565 2276 2775 2320 naturae
2803 2276 2887 2322 est
2917 2267 3154 2336 Spiritus
3181 2285 3302 2322 cum
3327 2267 3490 2332 Filio,

1905 2358 1976 2410 ita
2007 2367 2062 2412 et
2095 2355 2266 2412 Filius
2299 2369 2381 2413 est
2405 2362 2650 2426 ejusdem
2680 2369 2890 2413 naturaa
2917 2373 3041 2413 cum
3092 2360 3325 2428 Spiritu,
3353 2376 3482 2414 om.

1905 2450 1992 2503 nia
2034 2464 2199 2518 supra
2261 2451 2535 2518 descripta
2583 2453 2700 2505 vice
2747 2467 2902 2504 versa
2953 2453 3482 2520 pronuntiabuntur.

1905 2537 2035 2602 Quae
2063 2541 2130 2592 ad
2157 2555 2323 2593 unum
2346 2539 2669 2608 recolligens
2694 2541 2760 2594 ad
2808 2544 2978 2610 magis
3013 2551 3284 2610 patentem
3326 2543 3492 2597 intel-

1907 2629 2111 2682 lerturn
2150 2632 2235 2684 hic
2268 2645 2560 2697 apponam.
2613 2629 2794 2700 Imago
2839 2630 2960 2685 Filii
2997 2631 3236 2702 Spiritus
3269 2643 3390 2696 est,
3432 2643 3488 2689 et

1906 2717 2078 2774 Filius
2125 2720 2306 2786 imago
2345 2721 2587 2790 Spiritus
2620 2723 2800 2776 fuerit.
2839 2720 3034 2776 Forma
3067 2729 3149 2778 est
3193 2725 3311 2779 Filii
3365 2725 3490 2796 Spi-

1907 2814 2066 2875 ritus,
2087 2813 2256 2866 l‘orma
2280 2828 2498 2882 quoque
2524 2813 2758 2882 Spiritus
2777 2813 2947 2869 Filius
2971 2815 3264 2870 diceretur.
3299 2817 3488 2874 Facies

1909 2901 2030 2956 Filii
2084 2902 2342 2973 Spiritus,
2371 2911 2426 2959 et
2462 2903 2636 2960 Filius
2681 2904 2854 2961 facies
2899 2905 3137 2975 Spiritus
3176 2919 3487 2967 vocaretur.

1910 2995 2069 3048 Actio
2099 2992 2225 3048 Filii
2253 2996 2512 3067 Spiritus,
2551 3006 2610 3049 ut
2637 3006 2919 3051 ostensum
2951 3007 3055 3060 est,
3081 3001 3148 3051 oh
3169 2998 3308 3053 hanc
3338 3015 3490 3054 eatu-

1912 3085 2032 3140 dem
2064 3088 2330 3141 rationem
2380 3097 2432 3141 et
2467 3087 2643 3142 Filius
2679 3090 2854 3144 modis
2887 3090 3138 3143 onmibus
3191 3092 3334 3144 actio
3365 3090 3487 3155 Spi-

229 3196 338 3240 τως
368 3178 692 3249 ὀνομασθείη
724 3177 818 3230 τοῦ
851 3178 1186 3248 Πνεῦματος.
1230 3178 1414 3248 Ῥἦμα
1461 3178 1552 3231 τοῦ
1598 3178 1722 3231 Υίοῦ
1752 3179 1809 3232 τὸ

1913 3178 2052 3231 ritus
2086 3188 2523 3245 nuncuparetur.
2586 3178 2818 3232 Verbum
2873 3179 2993 3232 Filii
3026 3179 3266 3250 Spiritus
3292 3193 3394 3249 est,
3432 3193 3487 3238 et

231 3271 490 3342 Πνεῦμα.
520 3272 669 3341 ῥῆμα
719 3272 812 3323 τοῦ
868 3270 1185 3339 Πνεῦματος
1231 3270 1297 3324 ἂν
1340 3271 1807 3342 προσαγορευθείη

231 3367 328 3419 καὶ
366 3367 394 3417 6
428 3365 576 3427 Υἱός.
610 3364 714 3416 Καὶ
747 3361 854 3434 μὴν
879 3363 1009 3416 ἴδιον
1058 3364 1153 3416 τοῦ
1187 3363 1317 3416 Υίοῦ
1354 3365 1413 3417 τὸ
1441 3365 1682 3434 Πνεῦμα,
1717 3367 1811 3417 καὶ

229 3461 259 3512 6
284 3457 410 3521 Tib;
460 3457 588 3519 ῐδιος
631 3459 697 3510 ἂν
727 3457 962 3526 ὑπάρχοι
1005 3456 1098 3508 τοῦ
1135 3458 1473 3519 Πνεύματος.
1515 3458 1657 3525 Πρὸς
1689 3457 1814 3508 τοὺ-

229 3565 346 3608 τοις
404 3547 619 3601 δίδωσιν
669 3549 696 3600 6
743 3548 870 3610 Tib;
919 3549 977 3600 τὸ
1024 3547 1268 3617 Πνεῦμα,
1301 3549 1470 3617 διδοίη
1505 3549 1570 3601 ἂν
1631 3550 1725 3601 καὶ
1751 3548 1811 3600 τὸ

233 3639 462 3708 Πνεῦμα
509 3640 600 3692 τὸν
628 3638 774 3692 Υίόν.
812 3640 1051 3706 Χορηγεῖ
1083 3639 1111 3690 6
1150 3639 1276 3700 Tib;
1325 3639 1385 3691 τὸ
1435 3638 1680 3708 Πνεῦμα,
1717 3641 1812 3693 καὶ

231 3728 296 3781 τὸ
335 3728 560 3798 Πνεῦμα
585 3728 678 3780 τὸν
713 3727 841 3781 Tibv
874 3729 1237 3798 χορηγήσειεν
1269 3727 1356 3782 ἄν.
1400 3727 1498 3780 Ἐκ
1547 3727 1640 3780 τοῦ
1679 3726 1810 3782 Υίοῦ

231 3819 504 3888 λαμϐάνει
525 3820 586 3873 τὸ
613 3819 861 3889 Πνεῦμα,
894 3819 1133 3889 λήψαιτο
1172 3819 1240 3874 ἂν
1269 3821 1363 3874 καὶ
1398 3820 1428 3874 ὁ
1453 3820 1582 3883 Υἱὸς
1619 3823 1683 3874 ὲκ
1714 3821 1810 3875 τοῦ

235 3910 580 3980 Πνεῦματος.
615 3911 756 3964 Ὅσα
796 3909 908 3978 ἔχει
943 3911 1004 3963 τὸ
1045 3910 1272 3980 Πνεῦμα
1312 3911 1466 3980 παρά
1503 3911 1600 3964 τοῦ
1637 3911 1812 3980 Λόγου

234 3999 375 4074 ἔχει,
401 4004 495 4052 καὶ
525 4001 555 4052 6
601 3999 727 4062 Tib;
773 4002 872 4054 ὅσα
907 4000 1040 4071 ἔχει,
1089 4001 1243 4054 ταῦτ’
1275 4003 1341 4055 ἂν
1381 4001 1494 4072 ἔχοι
1538 4002 1688 4071 παρά
1719 4000 1812 4056 τοῦ

234 4075 579 4158 Πνεύματος.
612 4092 710 4144 Διά
736 4096 830 4143 τοῦ
859 4091 1173 4160 Πνεῦματος
1196 4093 1224 4143 6
1253 4091 1384 4156 Tib;
1406 4096 1637 4163 ἐνεργεῖ,
1665 4095 1814 4165 ὲνερ-

233 4182 364 4251 γοίη
403 4180 469 4234 ἂν
499 4182 592 4234 κα)⁸
623 4182 686 4234 τὸ
715 4180 938 4250 Πνεῦμα
967 4181 1055 4234 διὰ
1083 4181 1176 4234 τοῦ
1225 4181 1375 4236 Υίοῦ.
1417 4182 1762 4237 Ἀποστὲλλει
1787 4186 1815 4237 6

236 4273 371 4336 Tib;
395 4272 454 4324 τὸ
479 4271 724 4340 Πνεῦμα,
759 4272 853 4324 καὶ
892 4272 1054 4333 αὐτὸς
1083 4271 1148 4324 ἂν
1177 4271 1510 4341 ἀποσταλείη
1539 4276 1689 4343 παρὰ
1719 4276 1813 4329 τοῦ

237 4361 582 4430 Πνεῦματος.
636 4359 860 4424 Δοξάζει
909 4361 968 4412 τὸ
999 4359 1222 4429 Πνεῦμα
1266 4360 1358 4414 τὸν
1410 4360 1560 4424 Tibv,
1601 4363 1814 4428 δοξάσοι

1913 3268 2140 3322 verbum
2177 3269 2417 3338 Spiritus
2472 3271 2840 3338 appellaretur
2883 3281 2935 3325 et
2974 3269 3164 3326 Filius.
3219 3273 3481 3327 Przrterea

1916 3362 2171 3428 proprius
2210 3370 2291 3414 est
2325 3359 2442 3414 Filii
2480 3359 2745 3429 Spiritus,
2787 3373 2839 3416 et
2869 3360 3038 3416 Filius
3063 3368 3315 3430 proprius
3340 3375 3488 3418 esset

1915 3449 2172 3518 Spiritus.
2198 3450 2277 3504 Ad
2309 3452 2445 3514 hinc,
2468 3452 2688 3504 exhibet
2719 3451 2886 3505 Filius
2904 3452 3186 3521 Spiritum,
3209 3455 3493 3506 exhibe-ret

1913 3551 1965 3594 et
1994 3539 2190 3593 Filium
2212 3539 2472 3606 Spiritus,
2501 3543 2815 3609 suppeditat
2847 3542 3019 3596 Filius
3043 3541 3333 3611 Spiritum,
3357 3560 3489 3612 sup-

1913 3633 2178 3701 peditaret
2197 3643 2250 3686 et
2273 3631 2470 3685 Filiqu
2492 3633 2746 3698 Spiritus.
2764 3635 2837 3687 Ex
2861 3633 2998 3686 Filio
3013 3638 3202 3704 accipit
3233 3637 3493 3711 Spiritus,

1917 3724 2188 3792 acciperet
2217 3732 2270 3778 et
2291 3723 2462 3778 Filius
2484 3739 2513 3777 a
2540 3723 2767 3792 Spiritu.
2793 3724 3144 3796 Quaacuuque
3175 3729 3338 3781 habet
3361 3730 3488 3797 Spi-

1917 3815 2052 3868 ritus
2080 3831 2110 3868 a
2139 3815 2322 3869 Verbo
2349 3817 2529 3876 habet.
2550 3825 2606 3870 et
2647 3815 2879 3870 Verbum
2922 3833 3262 3887 quaecunque
3309 3819 3493 3887 habet,

1919 3901 2441 3970 haberetaSpiritu.
2483 3903 2590 3958 Per
2613 3904 2880 3975 Spiritum
2916 3904 3085 3962 Filius
3120 3918 3403 3977 operatur,
3439 3923 3494 3967 et

1916 3993 2153 4062 Spiritus
2179 4009 2270 4063 per
2287 3993 2486 4049 Filium
2513 4005 2856 4066 operaretur.
2911 3999 3071 4053 .‘ilittit
3101 3999 3274 4054 Filius
3315 4002 3493 4070 Spiri-

1919 4093 2057 4146 tum,
2082 4093 2137 4138 et
2161 4084 2280 4153 ipse
2301 4101 2521 4156 quoque
2549 4104 2580 4140 a
2610 4087 2812 4156 Spiritu
2844 4089 3171 4146 mitteretur.
3206 4091 3493 4149 Gloriticat

1918 4175 2116 4230 Filium
2144 4177 2406 4245 Spiritus,
2442 4179 2781 4249 glorificaret
2807 4183 2970 4236 etiam
3006 4185 3264 4252 Spiritum
3292 4184 3487 4242 Filius.

1920 4268 2050 4334 Qum
2107 4269 2260 4322 audit
2327 4285 2358 4323 a
2397 4270 2535 4324 Filio
2596 4271 2838 4340 loquitur
2873 4275 3155 4340 Spiritus,
3213 4286 3266 4330 et
3325 4278 3494 4332 Filius

1920 4361 2050 4415 item
2120 4361 2374 4431 loquetur
2426 4378 2771 4432 quazcuuque
2827 4364 3094 4419 audit-erit
3161 4383 3189 4419 a
3261 4368 3502 4436 Spiritu.

237 4453 310 4506 ἂν
337 4453 432 4505 καὶ
464 4451 590 4514 Tib;
621 4451 682 4502 τὸ
723 4449 972 4519 Πνεῦμα.
1015 4450 1230 4505 Ἐκεῖνα
1279 4449 1428 4502 λαλεί
1473 4451 1534 4504 τὸ
1570 4452 1812 4522 Πνεῦμα,

1924 4451 1980 4506 In
2055 4456 2277 4508 nomine
2329 4453 2450 4508 Filii
2507 4457 2737 4509 mittitur
2799 4471 2830 4510 a
2889 4455 3050 4510 Patre
3105 4456 3386 4526 Spiritus,
3445 4478 3499 4518 et

234 4545 340 4597 ὅσα
367 4542 558 4595 ἀκούει
609 4541 762 4610 παρά
785 4540 879 4592 τοῦ
910 4539 1063 4607 Υίοῦ,
1093 4542 1186 4593 καὶ
1212 4543 1240 4594 6
1271 4541 1399 4604 Tib;
1427 4543 1612 4596 ἐκεῖνα
1646 4543 1814 4614 λαλή-

237 4650 348 4698 σει,
378 4635 478 4686 ὃσα
527 4633 593 4686 ἂν
623 4631 847 4686 ἀκούσοι
894 4631 1048 4702 παρά
1076 4630 1170 4684 τοῦ
1230 4633 1566 4702 Πνεῦματος.
1605 4635 1695 4688 Ἐν
1739 4635 1817 4704 τῷ

235 4726 467 4794 ὀνόματι
492 4723 588 4777 τοῦ
613 4723 743 4777 Υίοῦ
770 4723 1048 4792 πέμπεται
1073 4723 1133 4775 τὸ
1157 4723 1377 4794 Πνεῦμα
1406 4727 1555 4794 παρά
1581 4727 1815 4798 Πατρδς,

235 4815 523 4885 πεμφθείη
564 4815 630 4869 ἂν
658 4815 752 4868 καὶ
786 4817 814 4868 ὀ
844 4815 971 4876 Υἱὸς
1005 4815 1064 4866 ὲν
1105 4811 1184 4883 τῷ
1208 4815 1313 4882 ,τοῦ
1359 4817 1676 4888 Πνεύματος
1705 4819 1821 4874 ὀνό-

241 4923 400 4977 ματι.
429 4905 701 4975 Τοιαύτην
728 4905 877 4969 τάξιν
897 4908 991 4958 καὶ
1018 4904 1180 4974 φύσιν
1205 4907 1321 4975 ἔχει
1342 4905 1402 4959 τὺ
1429 4909 1654 4979 Πνεῦμα
1681 4913 1821 4982 πρὸς

239 4998 336 5054 τὸν
372 4996 522 5061 Tibv,
554 4996 674 5049 οἵαν
699 4998 728 5048 6
757 4995 886 5059 Tib;
928 4995 1038 5065 ἔχει
1073 4995 1206 5064 πρὸς
1248 4994 1338 5049 τὸν
1371 4999 1608 5068 Πατέρα,
1637 5001 1826 5056 τοιαύ-

236 5106 343 5158 την
366 5090 433 5142 ἂν
459 5091 552 5141 καὶ
581 5090 610 5140 6
639 5087 767 5150 Tib;
796 5087 930 5158 πρὸς
955 5086 1016 5138 τὸ
1045 5086 1268 5156 Πνεῦμα
1297 5090 1388 5140 καὶ
1415 5090 1570 5154 τάξιν
1597 5093 1694 5143 καὶ
1723 5093 1826 5160 φύ-

239 5198 354 5246 σιν,
378 5181 500 5234 οἶαν
531 5181 664 5232 αὐτὸ
702 5178 839 5246 πρὸς
863 5178 954 5232 τὸν
995 5178 1232 5248 Πατέρα.
1283 5180 1592 5233 Κάντεῦθιν
1621 5181 1826 5252 σύγχυ-

1919 4541 2090 4598 Filins
2127 4546 2180 4600 in
2236 4547 2458 4616 nomine
2504 4545 2742 4613 Spiritus
2803 4551 3124 4604 mitteretur.
3191 4552 3342 4606 lllmn
3406 4572 3501 4607 or-

1927 4635 2111 4690 dinem
2170 4645 2226 4690 ct
2289 4647 2541 4692 naturam
2605 4639 2771 4694 habet
2804 4640 3040 4710 Spiritus
3100 4659 3225 4712 erga
3276 4645 3498 4715 Filium,

1922 4743 2086 4796 quam
2123 4725 2295 4783 Filius
2329 4729 2491 4784 habet
2537 4746 2662 4800 erga
2695 4729 2908 4786 Patrem
2936 4776 2951 4799 ,
3006 4735 3150 4788 illam
3225 4739 3400 4807 ipsam
3445 4751 3502 4795 et

1925 4817 2098 4875 Filius
2139 4820 2368 4876 habebit
2399 4831 2650 4876 naturam
2679 4833 2735 4878 et
2764 4825 3012 4880 ordinem
3052 4843 3178 4896 erga
3207 4830 3498 4901 Spiritum,

1923 4925 2088 4982 quam
2127 4913 2214 4967 ille
2244 4913 2407 4967 habet
2431 4930 2556 4985 erga
2588 4915 2830 4972 Patrem.
2859 4917 2999 4972 Hinc
3027 4920 3278 4976 confusio
3301 4929 3494 4981 subse-

1921 5016 2122 5075 q‘uetur
2151 5003 2456 5068 in-Triade,
2492 5023 2616 5075 quae
2647 5007 2911 5078 Spiritum
2946 5012 2998 5065 iu
3035 5017 3286 5069 ordinem
3325 5019 3495 5087 cosit,

1921 5098 2058 5151 etin
2087 5095 2265 5150 ofﬁcio
2311 5104 2368 5149 et
2421 5096 2633 5150 ratione
2685 5101 2910 5155 retinet.
2978 5102 3132 5169 Quod
3169 5107 3294 5174 quis
3339 5125 3500 5178 aquo

1925 5188 2112 5242 animo
2151 5186 2337 5250 ferret,
2365 5187 2664 5244 dummodo
2705 5199 2868 5246 recta;
2903 5191 3028 5248 ﬁdei
3067 5197 3402 5252 addicatur?

239 5292 329 5336 σις
367 5273 730 5344 ἀκολουθήσει
758 5276 824 5344 τῇ
870 5273 931 5326 τὸ
958 5273 1180 5341 Πνεῦμα
1217 5273 1295 5336 είς
1325 5273 1577 5338 εὐταξίαν
1607 5275 1815 5346 ἀγούσῃ
1855 5278 2046 5350 Τριάδι
2108 5280 2222 5342 καὶ,
2249 5281 2590 5353 συντηροῦσῃ
2654 5284 2817 5355 πρὸς⁴
2839 5286 3135 5354 εὐκοσμίαν
3172 5305 3230 5347 τε
3272 5292 3366 5343 καὶ
3404 5307 3504 5350 κα-

238 5369 526 5423 τάστασιν.
575 5369 638 5422 ‘0
669 5368 753 5432 τίς
787 5367 906 5420 ποτ’
933 5368 996 5422 ἀν
1027 5369 1312 5437 ἀνάσχοιτο
1340 5368 1447 5422 τῶν
1477 5371 1816 5441 αἱρουμένων
1855 5373 2195 5444 ὀρθοδοξεῖνς

316 5460 416 5525 λζ’.
457 5459 601 5528 Ἐγὼ
629 5460 671 5512 δ’
700 5461 912 5530 ἀκήκοα
934 5460 1027 5514 καί
1049 5478 1230 5527 τινων,
1257 5463 1284 5514 ὅ
1305 5479 1356 5514 τι
1386 5462 1453 5514 ἀν
1475 5461 1628 5530 τύχοι
1649 5463 1819 5531 φθεγ-

237 5552 495 5622 γομένων
529 5551 724 5621 κομιδῆ
754 5551 1063 5621 προπετῶς,
1095 5551 1170 5615 ὡς
1207 5552 1357 5606 οὐδὲν
1384 5553 1582 5606 κωλύει
1610 5556 1703 5608 καὶ
1729 5557 1822 5608 τὸν

240 5645 376 5700 Υίὸν
403 5645 577 5696 εἰπεῖν
605 5643 699 5698 τοῦ
728 5644 1044 5714 Πνεῦματος
1077 5643 1226 5698 ἴδιον.
1267 5643 1381 5714 Ἐφ’
1410 5641 1490 5708 οἷς
1527 5645 1704 5699 ἔπεισί
1732 5663 1822 5716 μοι

238 5733 570 5814 θαυμάζειν,
600 5733 714 5797 πῶς
755 5735 814 5787 οὐ
853 5735 1112 5804 τρέμουσι
1151 5734 1328 5804 λέγειν
1371 5737 1464 5806 ἀφ’
1520 5738 1751 5806 ἑαυτῶν,
1787 5738 1823 5793 ἃ

1995 5464 2088 5520 '57.
2131 5465 2242 5537 Ego
2271 5483 2437 5537 porro
2469 5485 2500 5524 a
2537 5473 2812 5526 nonnullis
2853 5474 3058 5540 audivi,
3096 5476 3189 5546 qui
3229 5479 3501 5550 quidquid

1927 5556 1982 5610 in
2034 5558 2262 5612 buccam
2296 5564 2526 5625 venerit,
2559 5573 2760 5618 temere
2788 5567 3180 5636 obloquuutur,
3212 5571 3348 5625 nihil
3396 5576 3498 5625 ob-

1929 5657 2075 5703 stare
2098 5661 2149 5704 et
2177 5648 2372 5704 Filium
2403 5651 2637 5720 Spiritus
2681 5659 2963 5724 proprium
3007 5661 3188 5715 dicere
3222 5679 3236 5715 :
3273 5673 3328 5716 et
3356 5666 3504 5719 subit

1934 5756 2021 5795 me
2048 5741 2363 5808 admiratio,
2398 5745 2674 5813 quomodo
2723 5761 2832 5802 non
2868 5752 3160 5820 trepidant,
3203 5769 3270 5810 ex
3305 5756 3502 5825 seipsis
