3970 6426
506 274 676 373 n27

1563 303 2073 365 CONSTANTJNI
2112 303 2656 365 MELITENIOTE
3526 348 3527 351 γ
3605 309 3712 376 “,3

540 410 888 483 dogmatibus
915 425 1081 480 supra
1115 411 1318 468 multos
1354 411 1491 465 alios
1518 410 1756 474 excellit,
1801 419 1855 464 et
1887 409 2115 481 potissi-

2230 412 2420 481 Πατὴρ
2447 413 2528 478 ὡς
2557 412 2714 481 ἀρχὴ
2749 410 2855 465 τοῦ
2882 412 3202 467 συναῑδίου
3234 414 3587 484 γεννήματος.
3611 429 3716 476 Ἰοψπ

540 521 690 558 mum
717 504 1036 572 Gregorium
1065 501 1423 570 Tlieologutn,
1463 501 1553 555 ille
1576 503 1720 555 enim
1767 503 2017 557 similiter
2059 502 2116 556 in

541 598 728 649 multis
786 595 902 648 suis
949 595 1289 646 orationibus
1341 593 1454 647 inec
1502 603 1834 661 pertractat,
1873 606 2116 660 secutus,

543 687 734 740 mediae
761 686 1026 753 siquidem
1053 685 1228 738 aetatis
1261 683 1472 747 Patres,
1505 684 1581 737 uti
1620 685 1735 738 lieri
1787 693 1967 753 potest
1995 685 2120 738 bre-

545 777 692 828 vitati
729 781 976 833 studens.
1011 791 1294 842 praetereo,
1323 778 1572 830 oratiOne
1605 778 1671 830 de
1692 791 1880 830 sancta
1917 777 2116 832 Triade

544 868 702 919 docet
741 867 913 930 :_Cum
937 869 1115 936 itaque
1148 868 1490 936 intelligimuii
1521 869 1834 936 principium
1858 879 1907 923 et
1948 869 2120 938 majo-

541 974 648 1010 rem
682 956 827 1010 Filio
860 956 1094 1022 Patrem,
1135 973 1298 1011 eausa
1336 961 1678 1028 concipienda
1717 970 1814 1014 est.
1847 962 2118 1030 Superva-

540 1068 768 1106 caneum
828 1067 991 1119 porro
1041 1053 1210 1105 l'uetit
1258 1055 1477 1116 dicere,
1549 1056 1835 1121 plerosque
1895 1066 2118 1108 sanctos

543 1157 762 1213 propter
827 1144 1338 1198 inliumanationem
1398 1144 1557 1198 Verbi
1613 1146 1793 1213 majus
1841 1145 1909 1198 de
1959 1144 2119 1199 l’atre

542 1238 829 1289 llatlldlSSe
855 1276 869 1301 ,
903 1253 1026 1289 cum
1080 1238 1169 1290 hic
1202 1252 1425 1303 prorsus
1453 1236 1653 1290 similia
1706 1235 1908 1289 referre
1961 1237 2120 1304 plane

542 1329 967 1395 inopportnnum
1002 1331 1268 1380 videatur.
1307 1327 1474 1395 Igitur
1497 1327 1564 1381 de
1623 1331 1724 1382 hoc
1755 1329 1908 1397 plura
1933 1329 2119 1382 dicere

546 1419 959 1486 supersedens,
1014 1417 1144 1470 illud
1195 1433 1261 1470 ex
1315 1418 1537 1472 deil'cris
1588 1415 1844 1471 Pati-ibus
1893 1418 2118 1485 arripio,

544 1518 688 1580 quod
720 1515 784 1564 ad
815 1525 1134 1580 [it-mentem
1168 1511 1476 1564 conducere
1509 1513 1865 1579 qua-stionem
1905 1520 2116 1579 reputo,

551 1605 726 1668 majus
755 1619 952 1671 nempe
979 1604 1085 1655 dici
1116 1602 1416 1656 secundum
1448 1603 1772 1671 principium
1797 1615 1852 1655 et
1875 1617 2118 1665 causam,

546 1711 645 1748 nec
679 1696 1027 1757 inconcinne,
1065 1705 1122 1748 ut
1153 1696 1282 1747 mihi
1319 1697 1656 1763 persuadeo;
1694 1696 1837 1762 quod
1867 1704 1920 1747 et
1960 1697 2121 1762 plane

546 1794 889 1850 corripiat-um
949 1791 1051 1842 est.
1118 1798 1242 1835 cum
1299 1789 1353 1834 et
1421 1780 1730 1850 Nyssenum
1793 1781 2119 1850 Gregorium

545 1887 708 1940 quam
745 1873 979 1924 maxime
1007 1874 1335 1926 concordem
1377 1871 1507 1923 milii
1559 1871 1845 1939 reperiam.
1889 1869 1938 1922 Is
1973 1871 2119 1923 enim

558 1981 737 2035 primo
778 1966 1042 2018 adiersus
1072 1964 1404 2018 Eunomium
1442 1965 1824 2017 antirrlietico:
1863 1961 2123 2027 Quemad-

546 2060 756 2110 modum
804 2062 966 2118 enim,
1008 2061 1103 2119 ait,
1151 2058 1494 2125 conjungitur
1545 2057 1700 2108 l’atrt'
1740 2054 1940 2120 Filius,
1980 2064 2028 2109 et
2058 2068 2124 2107 ea:

547 2167 604 2202 eo
631 2151 768 2219 quod
809 2151 875 2201 sit
906 2150 1102 2201 habens
1135 2164 1236 2201 non
1267 2150 1532 2217 posterior
1570 2157 1646 2201 est
1683 2149 2018 2209 exsistentia,
2047 2147 2124 2201 sic

548 2259 733 2295 rursus
794 2252 840 2295 et
900 2241 1178 2310 Unigem‘to
1214 2243 1450 2310 Spiritus
1491 2253 1706 2295 sanctus
1748 2242 2119 2312 conjungitur,

549 2341 865 2409 (agitatione
891 2342 1003 2392 sola
1036 2341 1320 2393 secundum
1360 2353 1536 2392 causa
1571 2331 2126 2406 ratimtem'prteintel-

551 2433 684 2485 lecta
725 2433 958 2501 Spiritus
986 2433 1325 2486 (maia-tentia.

621 2713 712 2769 39.
741 2712 845 2768 Sed
884 2727 972 2775 en,
1003 2713 1280 2780 inquiunt,
1324 2711 1436 2766 tuis
1471 2720 1526 2766 tu
1558 2711 1910 2766 sermonibus
1933 2718 2124 2780 captus

553 2821 636 2861 es.
667 2807 823 2870 Quod
855 2807 1000 2858 enirn
1037 2820 1139 2858 nos
1173 2805 1347 2858 multo
1376 2815 1536 2858 antea
1581 2803 2029 2873 suspicabamur,
2073 2803 2124 2858 id

557 2914 702 2952 nunc
736 2899 913 2967 palam
947 2908 1001 2951 et
1044 2912 1110 2950 ex
1135 2898 1369 2964 propriis
1391 2896 1681 2964 evulgasti,
1717 2895 1847 2949 dum
1883 2895 2126 2964 Spiritus

553 2971 776 3041 causam
810 2983 1008 3038 Filium
1046 2987 1270 3048 asseris,
1311 2984 1452 3052 quod
1507 2985 1753 3038 omnium
1799 2984 2126 3038 absurdissi-

2219 523 2332 569 τοις
2370 509 2463 559 καὶ
2492 508 2520 558 6
2566 503 2920 573 Δαμασκόθεν
2955 503 3114 573 σοφὸς
3162 504 3422 575 Ἰωάννης,
3445 508 3472 558 6
3507 511 3601 572 τοῖς
3626 513 3712 578 οόγ.

2222 614 2385 666 μασιν
2417 597 2555 664 ὑπὲρ
2596 594 2825 657 πολλοὺς
2858 595 3181 665 διαλάμψας,
3219 596 3410 666 μᾶλλον
3442 597 3530 667 μὲν
3565 599 3642 652 οὖν
3661 603 3716 670 τῷ

2217 689 2464 757 Θεολόγῳ
2493 688 2799 757 Γρηγορίῳ,
2837 689 3083 750 κάκεῖνος
3117 688 3224 757 γὰρ
3252 690 3442 756 ὁμοίως
3470 690 3520 741 ὲν
3550 692 3721 756 πολλάς

2218 781 2324 834 τῶν
2365 779 2530 833 αὑτοῦ
2586 765 3166 847 διαλαμϐάνειλόγων,
3211 781 3484 849 ἑπόμενος,
3508 785 3721 853 τοὺςγῖρ

2219 873 2276 925 ὲν
2312 872 2466 941 μέσῳ
2515 871 2853 939 παραλείπω,
2900 870 3000 938 τῆς
3037 873 3323 938 συντομίας
3372 873 3640 941 φροντίζων
3667 875 3722 939 ὡς

2219 963 2516 1035 ἐγχωροῦν,
2550 965 2606 1015 ὲν
2642 964 2718 1031 τῷ
2753 965 2878 1032 περὶ
2907 963 3005 1031 τῆς
3053 963 3213 1030 ἁγίας
3244 965 3460 1030 Τριάδσς
3485 965 3610 1034 λόγῳ
3645 986 3723 1035 φη-

2221 1057 2334 1108 σίν·
2365 1057 2502 1108 Ὅτε
2531 1055 2644 1108 οὖν
2665 1055 3010 1123 ἀκούσαμεν
3037 1054 3254 1124 ἀρχὴν,
3289 1056 3382 1109 καί
3409 1056 3624 1125 μείζονα
3646 1060 3725 1112 τοῦ

2219 1145 2353 1199 Υίοῦ
2394 1147 2498 1198 τὸν
2537 1146 2790 1212 Πατέρα,
2819 1148 2886 1198 τι)
2919 1147 3114 1199 altior
3144 1149 3471 1214 γοήσωμεν.
3518 1151 3729 1215 [lepis-.5»

2220 1239 2275 1290 δὲ
2311 1239 2524 1301 πάντως
2560 1241 2734 1290 εἰπεῖν
2771 1239 2850 1290 ὅτι
2895 1239 3081 1291 πολλοὶ
3107 1239 3218 1291 τῶν
3245 1241 3408 1306 ἀγίων
3440 1240 3524 1292 καὶ
3552 1240 3636 1300 ,διὰ
3655 1241 3729 1310 τὴν

2221 1328 2630 1399 ἐνανορώπησιν
2668 1329 2762 1382 τοῦ
2799 1330 2972 1397 Λόγου
3001 1331 3062 1381 τὸ
3095 1331 3276 1397 μεῖζον
3320 1331 3409 1382 ἐπὶ
3451 1331 3536 1382 τοῦ
3564 1333 3728 1402 Πατρς

2223 1421 2615 1474 ὲκδεδώκασιν·
2665 1421 2899 1491 ἐπείπερ
2942 1423 3179 1475 ἐνταῦθα
3223 1422 3396 1491 πάντη
3440 1423 3496 1473 τὸ
3540 1423 3728 1474 τοιοῦτον

2221 1513 2508 1566 ἀνοίκειον.
2538 1513 2748 1566 Οὐκοῦν
2774 1515 2841 1566 τὰ
2872 1513 3002 1582 περὶ
3029 1514 3222 1566 τούτου
3262 1518 3448 1583 παρεὶς
3479 1515 3631 1566 ἐκεῖνο
3653 1514 3729 1565 τῶν

2225 1604 2498 1675 θεοφόρων
2530 1605 2787 1673 [Ιατέρων
2811 1605 3100 1657 ἀπολαϐὼν
3133 1621 3197 1656 συ
3206 1605 3576 1674 μϐαλλόμενον,
3601 1607 3730 1674 κρίνω

2231 1696 2364 1763 πρὸς
2394 1695 2453 1746 τὸ
2480 1677 2673 1763 παρὸν,
2699 1700 2758 1746 τὸ
2795 1694 3049 1762 λέγεσθαι
3079 1695 3141 1747 τὸ
3180 1696 3361 1762 μεῖζον
3401 1696 3532 1747 κατά
3557 1696 3638 1764 τὴν
3659 1697 3731 1764 ἀρ·

2225 1787 2322 1855 χὴν
2353 1787 2445 1838 καὶ
2496 1786 2554 1837 τὸ
2586 1785 2777 1848 αἴτιον,
2827 1787 2922 1840 καὶ
2961 1787 3022 1838 οὐ
3075 1787 3318 1852 φαύλως,
3347 1785 3419 1848 ὡς
3465 1785 3728 1853 πέπεισμαι.

2224 1875 2392 1944 Δῆλον
2437 1874 2494 1926 δὲ
2543 1874 2756 1936 πάντως
2789 1874 2849 1938 ἐξ
2901 1868 2974 1928 ὧν
3003 1875 3244 1944 εὑρίσκω
3287 1876 3376 1928 καὶ
3429 1879 3514 1928 τὸν
3561 1877 3731 1943 Νύσσῃς

2225 1963 2522 2034 Γρηγόριον
2553 1965 2647 2016 ἐπὶ
2675 1965 2853 2035 τούτῳ
2879 1966 2946 2018 τὰ
2980 1968 3216 2035 μέγιστα
3255 1967 3626 2037 συγκροτοῦπά
3649 1985 3730 2036 μοι.

2225 2057 2392 2124 Λέγει
2427 2055 2533 2125 γὰρ
2571 2050 2724 2118 οὗτος
2764 2058 2821 2109 ὲν
2861 2056 2941 2126 τῷ
2973 2057 3178 2128 πρώτῳ
3215 2060 3324 2112 τῶν
3367 2062 3493 2130 πρὸς
3531 2062 3732 2130 Εὐνόμιον

2238 2148 2662 2219 Ἀντιρῤητικῶν
2689 2165 2704 2178 ·
2747 2149 2840 2213 Ὠς
2871 2148 2980 2216 γὰρ
3014 2151 3386 2207 συνάπτεται
3413 2153 3487 2219 τῷ
3530 2157 3675 2221 Πατρί
3709 2157 3732 2207 ό

2235 2241 2391 2306 Υίὸς,
2418 2243 2516 2295 καὶ
2552 2242 2616 2294 τὸ
2652 2243 2721 2306 ἐξ
2759 2244 2945 2297 αὐτοῦ
2975 2245 3132 2298 εἶναι
3163 2247 3323 2316 ἔχων
3362 2253 3470 2318 οὺχ
3507 2249 3731 2319 ὑστερίζει

2227 2336 2380 2387 κατὰ
2417 2337 2532 2402 τὴν
2577 2335 2840 2402 ὓπαρξιν
2864 2351 2879 2369 ο
2928 2338 3083 2391 οὕτω
3115 2340 3306 2394 πάλιν
3334 2345 3426 2397 καί
3463 2344 3558 2398 τοῦ
3589 2349 3729 2398 Moro-

2229 2426 2444 2496 γενοῦς
2475 2425 2677 2493 ἔχεται
2701 2431 2766 2479 τό
2807 2429 3051 2498 Πνεῦμα
3093 2433 3162 2485 τὸ
3193 2432 3365 2502 ἅγιον
3387 2434 3600 2502 ἐπινοίᾳ
3619 2437 3728 2506 μόνῃ

2228 2519 2379 2572 κατὰ
2404 2519 2514 2573 τὸν
2549 2519 2658 2590 τῆς
2686 2523 2878 2587 αἰτίας
2908 2526 3099 2592 λόγον
3141 2529 3638 2598 προθεωρουμένης
3660 2526 3732 2595 τῆς

2229 2610 2335 2665 τοῦ
2371 2613 2720 2680 Πνεύματος
2750 2616 3174 2684 ὑποστάσεως.

2298 2701 2394 2757 λθ⁸.
2440 2705 2576 2757 Ἀλλ’
2608 2705 2756 2781 έδοὺ,
2803 2708 2988 2775 φασιν,
3029 2711 3196 2773 αὐτὸς
3253 2711 3420 2775 ἑάλως
3459 2712 3542 2781 ἀφ’
3571 2711 3734 2766 ἑαυτοῦ.

2230 2796 2302 2849 Τὸ
2335 2797 2444 2866 γὰρ
2479 2773 2634 2864 ἡμῖν⁹
2659 2773 3093 2869 ὑποπτευόμενον
3139 2805 3204 2856 ὲκ
3251 2773 3486 2874 μακροῦ,
3506 2773 3649 2858 ’τοῦτο
3671 2803 3738 2855 νῦν

2229 2887 2438 2942 οἴκοθεν
2470 2892 2562 2942 καὶ
2583 2893 2829 2960 φανερῶς
2857 2891 3302 2962 ἐξεπόμπευσας,
3329 2896 3493 2950 αἴτιον
3510 2897 3592 2950 τοῦ
3614 2895 3738 2950 Ilvati-

2235 2997 2401 3049 ματος
2435 2979 2603 3034 εἰπὼν
2626 2983 2715 3035 τὸν
2752 2983 2896 3049 Υίὺν,
2929 2986 3067 3054 ὅπερ
3090 2987 3208 3039 τῶν
3246 2990 3586 3043 ἀτοπωτάτων
3612 2990 3736 3040 ἐστίν.

557 3094 705 3132 mtttn
737 3089 839 3131 cst.
866 3077 1076 3130 Etenim
1105 3079 1150 3131 si
1175 3092 1340 3131 causa
1391 3075 1629 3146 Spiritus
1660 3074 1832 3130 Filius
1853 3085 1958 3140 est,
1992 3087 2045 3130 et
2079 3085 2128 3129 ut

2247 3069 2308 3123 Εί
2332 3072 2438 3142 γάρ
2473 3072 2642 3136 αἴτιος
2689 3073 2784 3126 τοῦ
2821 3075 3136 3146 Πνεύματος
3169 3082 3196 3132 ὁ
3236 3080 3380 3145 Υἱὸς,
3411 3082 3564 3143 αἴτιος
3605 3081 3649 3131 δὲ
3674 3079 3739 3130 xtl

555 3171 813 3223 omnibus
839 3171 891 3222 in
923 3169 1180 3224 confesso
1222 3178 1326 3232 est,
1365 3183 1534 3222 causa
1572 3183 1794 3236 quoque
1841 3167 2001 3222 Pater
2025 3177 2128 3232 cst,

554 3262 676 3315 duae
701 3277 928 3329 prorsus
959 3260 1208 3329 ejusdem
1268 3259 1510 3328 Spiritus
1544 3274 1725 3312 cause
1757 3260 1983 3312 fuerint.
2018 3257 2132 3312 lloc

556 3358 700 3406 enim
737 3365 821 3406 est
865 3369 1055 3406 eorum
1092 3363 1429 3419 postremum
1487 3362 1650 3418 atque
1699 3350 2129 3419 inaUSpicatum,

555 3451 608 3495 et
628 3443 692 3493 ad
721 3444 864 3508 quod
885 3456 1048 3493 omne
1075 3439 1512 3492 adversariorum
1546 3439 1811 3500 studium,
1842 3450 1895 3492 et
1925 3454 2134 3494 sermo-

559 3548 688 3585 num
728 3533 906 3600 czipita
949 3533 1227 3599 pedesque
1278 3539 1620 3598 conatusque
1656 3529 1892 3599 denique
1941 3545 2133 3585 omnes

561 3624 810 3684 tendunt,
847 3632 904 3676 ut
941 3639 1036 3676 nos
1065 3622 1311 3676 veritatis
1349 3621 1666 3676 defensores
1707 3622 1761 3674 in
1829 3623 1934 3677 hoc
1967 3623 2132 3677 veluti

560 3716 615 3768 itt
646 3717 894 3768 inlimum
931 3715 1253 3768 barathrum
1299 3715 1618 3784 conjiciant.
1644 3713 1754 3783 Ego
1789 3730 1920 3768 vero
1947 3715 2134 3770 dicere

561 3821 781 3874 pos‘Sum
823 3814 877 3858 et
929 3805 1097 3859 rebus
1159 3805 1296 3874 ipsis
1332 3812 1741 3868 consentanee,
1780 3821 1865 3859 me
1911 3817 2130 3874 captum

560 3897 785 3950 minime
814 3911 958 3961 esse,
988 3905 1042 3950 et
1074 3897 1118 3951 si
1157 3897 1289 3964 quid
1334 3904 1418 3949 est
1449 3897 1594 3964 quod
1630 3910 1698 3948 ex
1730 3895 1891 3950 dictis
1941 3911 2133 3964 repre-

559 3985 826 4041 hensmne
863 4001 968 4038 non
1003 3993 1174 4048 caret,
1209 3983 1344 4037 mihi
1373 3984 1591 4053 appingi
1619 3983 1828 4052 justum
1853 3997 1960 4036 non
1988 3997 2132 4048 esse,

559 4093 686 4131 cum
749 4091 996 4130 mearum
1068 4075 1470 4145 cogitationum
1547 4076 1747 4129 similia
1824 4075 1967 4130 fetus
2023 4089 2133 4128 non

561 4167 692 4220 sint.
773 4164 1020 4233 Namque
1087 4180 1156 4218 ne
1215 4166 1304 4233 qui
1365 4164 1566 4218 similia
1622 4165 1853 4234 agitant,
1924 4173 2133 4217 tetnere

561 4260 834 4323 deltrent,
873 4268 926 4311 et
989 4268 1173 4312 mente
1237 4258 1381 4327 capti
1415 4258 1546 4318 sint.
1589 4255 1988 4328 Nyssaeusium
2018 4265 2133 4311 ter-

561 4367 854 4420 rarumque
905 4353 1054 4404 orbis
1109 4351 1292 4404 lumen
1362 4361 1580 4420 captum
1651 4362 1756 4414 est,
1807 4367 1913 4404 non
1990 4364 2130 4419 ego;

2233 3159 2261 3210 ό
2292 3161 2476 3228 Πατὴρ
2529 3160 2651 3213 καθ’
2678 3164 2968 3232 ὁμολογίαν
3013 3169 3203 3240 κοινὴν
3231 3171 3323 3224 δύο
3369 3175 3566 3234 πάντως
3594 3173 3648 3223 τὰ
3671 3169 3737 3220 τοῦ

2233 3250 2397 3302 αὐτοῦ
2457 3252 2771 3320 Πνεύματος
2820 3257 2991 3311 αἰτια.
3026 3258 3200 3312 Τοῦτο
3242 3263 3349 3332 γὰρ
3400 3267 3458 3315 τὸ
3493 3263 3737 3314 τελευταῖον

2234 3343 2413 3396 αὐτῶν
2445 3349 2535 3396 καὶ
2584 3347 2931 3417 δυσάντητον,
2973 3352 3066 3403 καὶ
3100 3355 3241 3421 πρὸς
3264 3355 3292 3407 ὃ
3331 3356 3487 3410 τείνει
3516 3359 3639 3410 πᾶσα
3659 3354 3736 3407 τῶν

2234 3438 2374 3488 κατά
2403 3435 2558 3504 λόγον
2585 3437 2740 3506 δῆθεν
2778 3441 3189 3512 ἀνθισταμένων
3223 3451 3317 3500 καὶ
3345 3451 3532 3520 σπουδὴ
3558 3452 3636 3501 καὶ
3657 3447 3738 3499 διά·

2233 3545 2373 3592 νοια,
2411 3530 2534 3588 τοὺς
2562 3528 2658 3599 τὴν
2693 3531 2949 3599 ἀλήθειαν
2989 3539 3354 3602 συνιστῶντας
3385 3543 3517 3610 ὑμᾶς
3556 3543 3736 3594 ὑποσκε-

2234 3619 2400 3682 λίζειν
2425 3621 2504 3680 εἰς
2531 3620 2685 3672 τοῦτο
2715 3625 3091 3692 πειρωμένων,
3119 3627 3198 3690 ὼς
3244 3631 3324 3692 είς
3362 3631 3570 3700 ἔσχατον
3612 3630 3738 3698 βάρα-

2235 3710 2385 3790 θρον..
2425 3709 2563 3776 Ἐγὼ
2587 3711 2642 3763 δὲ
2665 3713 2842 3776 λέγειν
2873 3716 2971 3783 μὲν
2997 3716 3102 3786 ἔχω
3129 3725 3503 3789 προσηκόντως
3524 3722 3588 3784 ὡς
3611 3721 3738 3773 ἑάλων

2235 3800 2417 3864 αὐτὸς,
2446 3801 2554 3852 οὐδ’
2591 3802 2643 3853 el.’
2674 3820 2726 3853 τι
2769 3803 2876 3855 τῶν
2908 3806 3215 3876 εἰρημένων
3259 3814 3401 3863 ἐστὶν
3452 3811 3736 3878 ἐπιλήψιμον,

2235 3893 2357 3961 ἐμοὶ
2408 3894 2832 3963 προστρίϐεσθαι
2883 3897 3110 3963 δίκαιον,
3161 3901 3269 3965 ἓως
3304 3904 3368 3956 ἂν
3414 3905 3470 3956 οὐ
3513 3904 3597 3973 τῆς
3636 3900 3738 3972 ἐμῆς

2235 3984 2456 4055 ὑπάρχῃ
2486 3985 2658 4038 ταῦτα
2694 3986 2933 4050 διανοίας
2962 3993 3195 4062 καρπός.
3227 3996 3335 4050 Καὶ
3363 3995 3465 4064 γὰρ
3505 3998 3548 4047 εί
3575 3995 3636 4062 μὴ
3661 3992 3736 4060 μά-

2233 4090 2335 4142 την
2362 4077 2410 4126 οἱ
2442 4075 2670 4128 τοιοῦτοι
2701 4077 3020 4146 φρονοῦντες
3070 4081 3447 4153 πλημμελοῦσι
3479 4089 3561 4139 τὶν
3589 4082 3738 4146 νοῦν,ὸ

2234 4166 2343 4217 τῶν
2379 4165 2677 4219 Νυσσαέων
2727 4169 2822 4222 καὶ
2873 4174 2972 4242 τῆς
3016 4174 3338 4245 οἰκουμένης
3391 4178 3522 4232 ἑάλω
3546 4174 3735 4244 φωστὴρ,

2235 4257 2334 4310 οὐκ
2385 4256 2524 4323 ἐγώ·
2582 4259 2831 4314 κάκεῖνον
2887 4262 2980 4315 ἐπὶ
3032 4265 3243 4330 τούτοις
3287 4267 3452 4334 ἀξιον,
3488 4270 3537 4321 εί
3572 4284 3614 4320 τι
3655 4265 3735 4316 δέει

2237 4349 2380 4401 κατά
2423 4351 2548 4414 τοὺς
2595 4352 2994 4422 ἀνθεστηκότας
3043 4358 3377 4414 εὐθύνεσθαι.
3410 4363 3545 4431 Πλὴν
3590 4357 3735 4422 ἐπειδὴ

560 4458 796 4510 eumque
827 4445 891 4496 de
944 4443 1030 4496 liis
1059 4444 1281 4512 dignum
1312 4453 1397 4496 est
1457 4457 1648 4511 pcenas
1683 4443 1855 4506 luere,
1900 4441 1947 4496 si
2007 4455 2128 4508 qua:

2234 4441 2394 4510 χρέος
2457 4445 2568 4504 τοῖς
2610 4445 2775 4496 πᾶσιν
2828 4447 3196 4518 ὑπερηγορεῖν
3247 4456 3344 4522 τῆς
3392 4453 3644 4523 ἀληθείας,
3681 4450 3734 4508 ὡς

562 4536 953 4603 opponentinm
988 4550 1107 4587 sese
1135 4535 1349 4588 calculo
1385 4535 1701 4588 luidebent.
1739 4532 2129 4586 Verumtamen

563 4643 688 4680 cum
736 4628 972 4680 debralil
1021 4641 1212 4680 omnes
1275 4627 1522 4680 veritatis
1574 4625 1966 4690 defensionem,
2016 4631 2139 4678 utut

562 4722 762 4782 valent,
814 4732 1115 4785 suscrpere,
1149 4733 1325 4786 Opera:
1379 4719 1612 4787 pretium
1678 4725 1761 4770 est
1813 4731 1988 4785 neque
2037 4717 2141 4781 hoc

566 4813 620 4865 in
680 4813 798 4864 loco
851 4826 1162 4865 sermonem
1215 4811 1508 4864 calumniis
1573 4810 1886 4863 lacessitum
1933 4810 2139 4877 absque

565 4902 882 4958 defensione
914 4906 1212 4970 praeterire.
1249 4901 1433 4966 Quare
1477 4900 1552 4953 uti
1598 4900 1737 4953 vires
1773 4911 1972 4954 nostra:
2011 4913 2138 4952 con-

566 4994 788 5055 cedunt,
824 4991 950 5044 huic
981 5007 1200 5061 quoque
1241 5006 1398 5058 opem
1449 4989 1710 5042 feramus.
1742 4988 1862 5041 Non
1907 4989 1982 5041 ait
2009 5002 2140 5040 cau-

566 5101 680 5140 sam
717 5082 956 5153 Spiritus
991 5094 1154 5137 ettant
1203 5081 1400 5135 Filium
1439 5095 1578 5146 esse,
1614 5091 1674 5134 ut
1713 5081 1839 5135 inde
1866 5082 1986 5135 dua:
2019 5079 2141 5149 Spi-

568 5179 704 5230 ritus
747 5191 927 5230 causa:
982 5175 1376 5241 intelligantur,
1425 5174 1585 5227 Pater
1617 5188 1812 5240 nempe
1859 5185 1912 5228 et
1944 5171 2136 5241 Filius,

567 5277 626 5323 ut
657 5270 878 5338 quidam
927 5267 1305 5334 suSpicantur.
1341 5263 1452 5317 lloc
1479 5265 1625 5318 enim
1669 5265 1898 5318 multum
1929 5266 2082 5320 abest
2107 5281 2138 5318 a

566 5370 753 5414 uestra
797 5362 881 5430 pia
916 5359 1230 5412 traditione.
1276 5356 1621 5427 Praziutelligi
1653 5371 1787 5410 vero
1820 5354 2020 5410 Filium
2048 5372 2139 5412 co-

565 5455 829 5524 gilationc
876 5453 1224 5506 solummodo
1280 5453 1580 5506 secundum
1629 5463 1810 5503 causa:
1868 5450 2138 5503 rationem

568 5544 805 5617 Spiritus
833 5535 1111 5614 liypostasi
1140 5544 1322 5607 docet,
1365 5557 1470 5596 n0n
1511 5542 1617 5595 alia
1659 5555 1826 5594 causa
1867 5557 2031 5607 quain
2073 5557 2137 5596 ea

566 5655 686 5706 quae
738 5636 915 5689 Patris
960 5645 1062 5689 est.
1104 5635 1223 5689 Una
1273 5636 1543 5702 siquidem
1589 5652 1753 5690 causa
1805 5636 2039 5705 Spiritus
2072 5650 2137 5688 ex

565 5727 747 5796 Patre,
783 5730 1081 5784 secundum
1111 5725 1289 5798 'quam
1337 5726 1508 5782 Filius
1539 5727 1970 5798 prmintclligitur
2017 5727 2141 5799 Spi-

2243 4532 2484 4601 ἐφικτὸν,
2517 4533 2635 4585 δέον
2687 4536 2811 4603 μηδ’
2851 4537 3084 4592 ἐνταῦθα
3158 4546 3636 4611 συκοφαντούμενον
3669 4540 3735 4589 τὶν

2239 4623 2396 4691 λόγον
2432 4627 2678 4695 παριδεῖν
2701 4628 3030 4699 ἀϐοήθητον.
3079 4634 3190 4686 Καὶ
3246 4636 3373 4702 γοῦν
3409 4637 3502 4705 τὴν
3549 4631 3735 4695 δυνατὴν

2238 4717 2372 4785 ἡμῖν
2401 4719 2724 4788 ἐπικουρίαν
2745 4722 2847 4774 κάν
2875 4722 3048 4793 τούτῳ
3082 4730 3586 4797 συνεισενέγκωμεν.
3650 4721 3734 4774 Οὐκ

2239 4806 2412 4860 αἴτιον
2443 4809 2539 4861 τοῦ
2581 4810 2903 4879 Πνεῦματος
2959 4813 3106 4882 λέγει
3149 4818 3244 4870 καὶ
3275 4821 3363 4872 τὸν
3392 4819 3528 4882 Υίὸν,
3556 4817 3621 4876 ὡς
3667 4815 3733 4863 ἐν·

2237 4897 2431 4950 τεῦθεν
2461 4899 2555 4952 δύο
2589 4901 2830 4955 νοεῖσθαι
2865 4903 2960 4957 τοῦ
2989 4907 3306 4976 Πνεύματος
3329 4911 3491 4972 αἴτια,
3528 4910 3607 4960 τὸν
3655 4903 3734 4954 Πα-

2239 4990 2370 5060 τέρα
2397 4991 2640 5063 δηλονότι
2677 4996 2890 5050 καὶτὸν
2926 4997 3078 5060 Υἱὸν,
3137 5002 3385 5073 καθάπερ
3433 5001 3565 5053 δοκεῖ
3611 5007 3732 5046 τισ-ν-

2242 5082 2442 5152 Πόρῤω
2465 5084 2573 5154 γὰρ
2594 5084 2751 5138 τοῦτο
2781 5091 2880 5156 τῆς
2910 5089 3036 5140 καθ’
3068 5091 3214 5160 ἡμᾶς
3244 5091 3490 5155 εὐσεϐοῦς
3542 5081 3729 5155 παριδό·

2242 5192 2400 5238 σεως.
2438 5177 2881 5247 Προθεωρείσθαι
2907 5180 2963 5233 δὲ
2989 5182 3081 5234 τὸν
3114 5183 3238 5235 Υίὸν
3269 5182 3472 5251 ἐπινοίᾳ
3517 5180 3632 5248 μόνῃ
3671 5171 3731 5222 δι’

2239 5266 2430 5321 δάσκει
2464 5268 2608 5322 κατὰ
2646 5271 2740 5322 τὸν
2767 5273 2866 5342 τῆς
2885 5273 3066 5337 αἰτίας
3095 5275 3251 5343 λόγον
3281 5276 3378 5345 τῆς
3405 5273 3490 5326 τοῦ
3527 5265 3729 5333 mia?"

2240 5375 2332 5421 τος
2373 5360 2748 5423 ὑποστάσεως,
2782 5363 2965 5428 αἰτίας
2988 5366 3091 5418 οὐκ
3148 5366 3310 5436 ἄλλης
3335 5362 3508 5432 ἀλλ’ἢ
3554 5359 3637 5425 τῆς
3673 5352 3720 5401 ἐκ

2243 5452 2335 5502 τοῦ
2359 5452 2595 5522 Πατρός.
2627 5453 2737 5505 Μία
2775 5453 2885 5524 γὰρ
2913 5456 3062 5508 αίτία
3095 5457 3186 5508 τοῦ
3215 5455 3511 5522 Πνεῦματος
3538 5450 3642 5517 ήέκ
3659 5438 3727 5493 τοῦ

2247 5543 2484 5614 Πατρδς,
2514 5542 2617 5596 καθ
2637 5544 2651 5565 ’
2677 5543 2745 5613 ἢν
2795 5548 2822 5598 6
2858 5546 2981 5608 Υἱὸς
3010 5547 3396 5618 προθεωρεῖται
3421 5543 3504 5596 τοῦ
3521 5535 3723 5600 Πνεῦμα-

2241 5649 2353 5695 τος.
2385 5633 2474 5685 διὰ
2500 5633 2562 5684 τὸ
2590 5634 2797 5702 ταύτην
2857 5636 3125 5706 ὑπάρχειν
3175 5635 3319 5706 αὑτῷ
3367 5634 3446 5687 διὰ
3498 5629 3577 5682 τοῦ
3609 5618 3722 5680 Tia-3i

2245 5723 2426 5790 καθὼς
2460 5725 2548 5779 διὰ
2570 5725 2666 5780 τοῦ
2701 5727 2967 5798 παρόντος
2988 5729 3147 5798 λόγου
3175 5728 3364 5794 παντὸς
3391 5722 3720 5781 ἀποδέδεικταί-

3877 207 3879 268 l
