3970 6416
551 320 681 384 H31

543 444 598 491 et
649 435 867 506 sapiens
910 432 1153 491 Joannes
1199 434 1607 500 Damascenus,
1655 436 1748 492 ille
1788 434 2014 506 quidem
2061 434 2117 488 in
2149 441 2195 497 Α
2230 424 2399 502 ματος
2428 443 2444 460 ο

546 527 707 581 Pater
737 534 913 579 noster
962 526 1186 579 homilia
1234 526 1423 580 dicens
1456 542 1471 579 :
1505 524 1753 593 Spiritus,
1802 528 1893 596 qui
1915 541 1979 580 ea:
2007 525 2116 580 Deo

544 629 641 677 est,
672 626 721 671 et
750 616 949 671 Christi
978 614 1209 684 Spiritus
1240 627 1339 673 est.
1372 614 1548 670 Filius
1582 633 1700 671 vero
1740 633 1806 670 ea:
1836 616 1945 670 Deo
1972 616 2118 670 exsi-

548 720 713 774 stens,
746 725 848 761 non
878 709 996 761 item
1021 717 1070 762 et
1104 705 1360 776 Spiritus,
1391 724 1554 779 neque
1584 719 1681 770 est,
1712 725 1873 780 neque
1902 708 2116 772 dicitur,

546 818 707 871 neque
734 809 919 854 contra
956 800 1177 853 uertitur
1215 800 1436 853 relativa
1469 802 1570 852 ista
1595 800 1986 869 consequentia,
2031 797 2119 851 hic

544 906 672 944 vero
714 891 894 958 capite
921 889 988 943 de
1036 888 1308 943 Trinitate
1341 904 1356 942 :
1387 889 1646 957 Spiritum
1696 887 1827 943 Filii
1876 892 2117 942 nomina-

544 998 680 1046 ntus,
710 978 916 1035 Filium
948 997 1065 1036 vero
1097 997 1200 1035 non
1230 981 1457 1035 dicimus
1483 997 1594 1034 esse
1621 979 1874 1050 Spiritus.
1912 978 1967 1033 Si
2005 980 2120 1032 haec

543 1092 672 1133 vera
715 1085 870 1144 sunt,
929 1079 1194 1146 longeque
1242 1092 1269 1131 a
1308 1077 1596 1131 mendacio
1652 1076 1868 1137 dissita,
1905 1073 1983 1128 uti
2029 1088 2116 1129 re-

542 1184 670 1224 vera
724 1177 876 1235 snnt,
937 1166 1287 1224 manifestum
1330 1175 1413 1222 est
1462 1167 1781 1222 relationem
1821 1165 2116 1235 quamdam

542 1259 596 1313 in
652 1260 758 1314 illis
806 1272 949 1323 esse,
1019 1272 1126 1327 qua
1182 1255 1421 1325 Spiritus
1468 1268 1553 1311 est
1607 1266 1661 1311 et
1713 1256 1919 1310 dicitur
1967 1252 2115 1317 Filii,

544 1351 784 1421 Spiritus
817 1364 947 1405 vero
977 1365 1084 1404 nou
1137 1357 1223 1404 est
1251 1346 1446 1412 Filius,
1485 1362 1660 1417 neque
1705 1346 1927 1401 dicitur.
1955 1343 2116 1410 Quae-

544 1459 667 1497 nam
699 1456 825 1497 vero
853 1441 943 1495 illa
980 1440 1181 1495 fuerit?
1210 1438 1444 1495 Prorsus
1477 1453 1595 1508 quae
1622 1437 1874 1507 plurimis
1900 1436 1955 1491 in
1984 1435 2119 1490 locis

544 1551 574 1591 a
613 1551 698 1593 me
726 1535 1146 1605 comprehensa,
1183 1543 1238 1587 et
1280 1532 1452 1589 sacris
1483 1530 1807 1600 Scripturis,
1845 1543 1983 1600 quas
2021 1543 2117 1584 su-

546 1643 641 1698 pra
678 1625 1045 1690 laudavimus,
1069 1624 1440 1679 demonstrata
1469 1629 1575 1688 est,
1620 1621 1885 1690 Spiritum
1920 1633 2116 1690 nempe

545 1728 796 1775 sanctum
826 1716 1208 1773 exsistentiam
1247 1715 1449 1771 habere
1483 1730 1548 1768 ex
1580 1714 1740 1769 Patre
1766 1729 1863 1785 per
1895 1711 2117 1766 Filium.

1569 317 2077 381 CONSTANT'INI
2122 308 2668 378 ΜΕιιΤΕΝΙΟΤιΕ

2510 429 2627 481 ἔστι
2672 427 2730 481 δέ
2777 425 2838 479 τδ
2885 423 3190 488 ἀνάπαλιν,
3249 421 3301 475 τὸ
3351 419 3551 490 Πνεῦμα
3582 427 3708 494 φάναι

2220 522 2423 594 δηλαδὴ
2445 520 2540 574 τοῦ
2564 518 2720 585 Υίοῦ,
2748 517 3001 588 καθάπερ
3026 512 3230 570 καὶτοῦ
3255 512 3407 583 λόγου
3442 515 3527 587 τὴν
3549 520 3708 587 φωνήν.

2220 617 2332 670 Καὶ
2361 615 2575 678 τούτοις
2604 609 3128 682 προσμαρτυροῦσιν
3152 608 3180 660 ὅ
3224 623 3280 659 τε
3309 607 3581 678 Γρηγόριος
3602 610 3714 662 Νύσ.

2223 724 2322 776 σης
2349 711 2443 760 καὶ⁸
2471 710 2499 760 ὀ
2521 708 2586 758 ἐκ
2606 701 2904 775 Δαμασκοῦ
2937 700 3099 768 σοφὸς
3137 699 3406 769 Ἰωάννης,
3430 700 3456 751 ὁ
3490 700 3573 769 μὲν
3592 702 3638 752 ἐν
3660 703 3714 771 τῇ

2220 799 2301 859 είς
2353 796 2415 849 τὸ
2475 793 2667 863 Πάτερ
2716 792 2886 861 ήμῶν
2938 791 3125 862 ὁμιλίᾳ
3176 789 3369 857 λέγων,
3417 789 3505 855 Ὠς
3545 790 3601 843 τὸ
3627 792 3719 858 μὲν

2220 885 2464 955 Πνεῦμα
2509 886 2575 940 τὸ
2620 886 2689 939 ἐκ
2726 884 2833 939 τοῦ
2891 882 3041 939 Θεοῦ
3094 881 3192 935 καὶ
3241 880 3483 949 Χριστοῦ
3530 880 3722 951 Πνεῦμά

2218 981 2421 1036 ἐστιν’
2455 982 2487 1034 ό
2519 977 2590 1032 εὲ
2628 976 2764 1042 Υἱὸς
2793 976 2864 1030 ἐκ
2901 974 3010 1028 τοῦ
3042 973 3192 1029 Θεοῦ
3222 972 3306 1027 ὢν
3337 971 3517 1027 οὐκέτι
3543 974 3723 1029 καὶτοῦ

2221 1073 2571 1141 Πνεύματος
2619 1069 2746 1124 οὔτ’
2808 1067 3004 1133 ἐστιν,
3045 1067 3186 1120 οὔτε
3227 1065 3475 1135 λέγεται,
3500 1065 3623 1119 οὐδὲ
3645 1067 3724 1120 dr-

2219 1164 2523 1232 τιστρέςρει
2544 1163 2583 1230 ἠ
2609 1159 2865 1229 σχετικὴ
2895 1157 3230 1213 ἀκολουθία
3256 1157 3401 1224 αὕτη
3423 1172 3438 1188 ο
3477 1158 3502 1210 ὁ
3528 1156 3576 1209 δὲ
3598 1158 3646 1209 ἐν
3668 1159 3724 1227 τῷ

2220 1272 2285 1309 πε
2295 1256 2350 1327 pl
2377 1255 2603 1327 Τριάδος
2623 1271 2638 1287 ο
2666 1253 2797 1307 "Ott
2825 1249 3070 1321 Πνεῦμα
3088 1250 3208 1320 μὲν
3241 1250 3373 1303 Υὶοῦ
3402 1246 3725 1318 ὀνομάζομεν,

2220 1344 2330 1398 τὸν
2357 1343 2427 1397 δὲ
2476 1342 2612 1396 Υὶὸν
2659 1343 2731 1396 οὺ
2764 1340 3027 1410 λέγομεν
3075 1335 3231 1394 εἶναι
3282 1337 3384 1393 τοῦ
3418 1341 3724 1406 Πγεύματος.

2220 1436 2283 1488 El
2307 1434 2482 1489 ταῦτα
2513 1433 2756 1501 πέφυκεν
2791 1431 2997 1502 ἀληθῆ,
3037 1433 3133 1484 καὶ
3184 1429 3379 1493 παντὸς
3417 1428 3620 1498 ψεύδους
3651 1446 3726 1497 μα.

2220 1526 2381 1596 κρὰν,
2410 1524 2602 1594 ὥσπερ
2632 1519 2727 1577 οῦν
2755 1522 2952 1593 ἀμέλει
2992 1524 3086 1574 καί
3149 1520 3411 1590 πέφυκεν,
3449 1519 3643 1590 εὔδηλον
3668 1521 3727 1573 ὅτι

2221 1618 2408 1687 σχέσις
2444 1631 2531 1678 τις
2592 1616 2650 1667 ἐν
2678 1613 2891 1675 τούτοις
2946 1610 3263 1683 θεωρεῖται,
3296 1610 3417 1664 καθ’
3438 1613 3499 1681 ἢν
3517 1609 3617 1663 ἐστι
3655 1613 3725 1679 μὲν

2219 1707 2283 1760 τὸ
2314 1705 2543 1776 Πνεῦμα
2569 1706 2666 1758 καὶ
2690 1704 2915 1771 λέγεται
2950 1702 3048 1757 τοῦ
3078 1701 3237 1767 Υἱοῦ,
3268 1701 3362 1756 τοῦ
3392 1701 3444 1754 δὲ
3470 1701 3726 1769 Πνεῦματος

545 1810 943 1878 l'rnptereaqne
996 1805 1150 1860 libris
1181 1804 1246 1859 ad
1282 1802 1558 1857 Hermiam
1602 1801 1919 1872 qualitatem
1957 1800 2113 1856 illum

2227 1799 2319 1853 οὐκ
2348 1799 2498 1851 ἐστιν
2524 1796 2553 1850 ὁ
2580 1795 2730 1863 Υἱὸς,
2763 1794 2888 1849 οὐδέ
2933 1794 3180 1862 λέγεται.
3209 1794 3308 1857 Τίς
3331 1793 3375 1849 δ’
3421 1792 3548 1865 αὕτη
3574 1810 3587 1859 ;
3615 1793 3726 1846 Πάν-

546 1908 821 1967 υυιιουιιαι
852 1897 1000 1964 Filii,
1032 1896 1109 1950 uti
1151 1905 1203 1949 et
1234 1895 1411 1949 Patris
1442 1893 1821 1948 divinissimus
1857 1890 2117 1962 Cyrillus,

543 2006 688 2044 nunc
719 1988 938 2060 quidem
975 2001 1227 2042 asserens
1260 2003 1273 2039 :
1305 1984 1540 2054 Spiritus
1571 1993 1788 2037 sanctus
1820 1982 1974 2053 quasi
2020 1997 2119 2037 ua-

543 2083 735 2136 turalis
788 2078 1023 2149 qualitas
1071 2086 1271 2131 sancite
1329 2075 1685 2146 sapientisque
1728 2073 1942 2129 deitatis
1995 2081 2114 2139 est,

543 2188 660 2244 qua:
705 2173 758 2225 in
796 2171 960 2225 Patre
988 2178 1037 2223 et
1072 2165 1217 2221 Filio
1248 2165 1637 2220 consideratur.
1692 2163 1848 2219 Nunc
1882 2177 2112 2219 rursus:

545 2266 601 2318 Si
648 2265 810 2335 igitur
865 2263 1017 2331 signa
1065 2267 1116 2312 et
1164 2256 1407 2327 prodigia
1458 2272 1549 2326 per
1595 2255 1824 2310 Paulum
1870 2254 2116 2311 Christus

545 2366 794 2423 operatur
844 2356 896 2405 in
936 2350 1127 2404 virtute
1174 2347 1409 2419 Spiritus
1454 2347 1645 2414 sancti,
1692 2347 1851 2402 veluti
1880 2346 2118 2415 operatio

543 2447 781 2518 qutrdnu
802 2441 1066 2497 naturalis
1090 2450 1140 2496 et
1169 2441 1363 2506 vivens,
1387 2447 1550 2502 et,’ut
1580 2439 1658 2492 ita
1689 2439 1957 2503 dicamus,
1985 2452 2121 2508 qua-

543 2543 667 2595 litas
715 2538 927 2593 deitatis
962 2533 1095 2591 Filii
1123 2533 1361 2606 Spiritus
1391 2541 1606 2588 sanctus
1649 2540 1747 2598 est,
1786 2540 1834 2586 et
1867 2530 1948 2586 uti
1976 2545 2122 2601 qua-

545 2635 667 2684 dam
702 2629 1017 2698 'evaporatio
1062 2638 1111 2682 et
1161 2626 1397 2698 qualitas
1452 2634 1527 2678 est
1585 2621 1831 2678 Paterna:
1851 2622 2115 2678 essentia.

547 2725 652 2777 Sed
708 2722 841 2792 quid
902 2719 1133 2776 nimium
1186 2718 1354 2771 multa
1417 2714 1755 2785 amplector,
1819 2728 1944 2770 cum
2006 2727 2120 2768 una

546 2815 808 2881 brevique
848 2812 1071 2865 Patrum
1100 2807 1432 2865 auctoritate
1501 2805 1706 2874 possim
1737 2819 1924 2860 vocem
1956 2812 2120 2873 atque

547 2906 850 2958 θιθῑὶθιιυιιὶ
906 2899 1351 2956 adversariorum
1401 2895 1892 2966 comprimere,.si
1956 2894 2119 2949 modo

548 2996 690 3064 apud
743 3011 840 3048 eos
875 2988 1224 3047 discretionis
1273 2987 1501 3058 spiritus
1551 2995 1654 3051 est,
1706 2993 1899 3041 etnon
1930 2986 2122 3042 diabo-

2220 1906 2328 1952 τως
2357 1890 2391 1961 ἡ
2416 1887 2689 1957 πολλαχοῦ
2718 1904 2811 1958 μοι
2841 1886 3227 1957 διαληφθεῖσα,
3256 1885 3354 1939 καὶ
3386 1886 3470 1940 διὰ
3488 1884 3584 1938 τῶν
3606 1883 3727 1936 Osis»

2219 1978 2608 2050 ἀποδειχθεῖσα
2641 1978 2899 2049 Γραφῶν,
2930 1977 2999 2041 ἃς
3053 1978 3153 2031 καὶ
3179 1976 3635 2049 προανετάξαμενυ
3666 1975 3726 2028 ὅτι

2221 2071 2283 2125 τὸ
2307 2071 2534 2140 Πνεῦμα
2563 2071 2626 2125 τὸ
2654 2070 2812 2139 ἅγιον
2835 2071 2937 2141 τὴν
2966 2069 3208 2141 ὕπαρξιν
3251 2070 3365 2141 ἔχει
3393 2072 3534 2143 παρὰ
3564 2068 3726 2138 Usipi;

2220 2161 2291 2215 δι’
2331 2162 2484 2216 Υίοῦ.
2535 2160 2617 2215 Δι’
2656 2161 2686 2214 ὃ
2741 2163 2845 2215 κάν
2874 2162 2991 2226 τοῖς
3034 2162 3177 2234 πρὸς
3227 2160 3480 2234 Ἑρμείαν
3521 2159 3725 2229 ποιότητα

2220 2252 2381 2308 τοῦτο
2412 2253 2572 2307 καλεῖ
2605 2252 2701 2306 τοῦ
2754 2253 2902 2318 Υίοῦ,
2961 2252 3223 2325 καθάπερ
3255 2254 3350 2307 καὶ
3378 2251 3469 2307 τοῦ
3509 2250 3725 2323 Πατρδςό

2221 2346 2556 2409 ἐνθεώτατος
2600 2344 2895 2414 Κύριλλος,
2939 2347 3017 2417 πῆ
3076 2346 3181 2417 μὲν
3229 2346 3451 2414 φάσκων
3470 2340 3723 2407 οὕτωςοΐό

2222 2436 2465 2509 Πνεῦμα
2482 2435 2550 2491 τὸ
2584 2434 2757 2506 ἅγιον
2783 2436 2972 2491 οιονεί
3015 2453 3109 2502 τις
3151 2437 3382 2507 φυσικὴ
3411 2438 3628 2502 ποιότης
3652 2431 3721 2500 τῆς

2221 2530 2397 2601 ἁγίας
2443 2545 2508 2584 τε
2541 2528 2641 2583 καὶ
2684 2527 2888 2599 σοφῆς
2920 2529 3208 2598 θεότητός
3255 2530 3405 2596 ἐστι,
3445 2528 3546 2598 τῆς
3584 2528 3649 2593 ὡς
3678 2526 3725 2579 ἐν

2222 2620 2406 2691 Harp!
2438 2621 2538 2675 καὶ
2579 2620 2690 2686 Υιῷ
2718 2620 3091 2690 νοουμένης·
3127 2621 3207 2693 πῆ
3239 2621 3295 2676 δὲ
3330 2622 3520 2675 πάλιν·
3547 2617 3727 2674 Οὐκοῦν

2224 2714 2277 2767 ei
2318 2713 2543 2784 σημεῖα
2570 2713 2669 2766 καὶ
2702 2712 2914 2779 τέρατα
2946 2711 3045 2766 διὰ
3074 2715 3324 2770 Παύλου
3347 2715 3580 2783 Χριστὸς
3605 2707 3729 2778 ἐργά-

2222 2802 2376 2865 ζεται
2403 2805 2473 2858 ἐν
2497 2803 2747 2873 δυνάμει
2792 2803 3150 2872 Πνεύματος
3176 2806 3370 2875 ἁγίου,
3408 2804 3482 2870 ὡς
3522 2797 3730 2870 ἐνέργειά

2223 2913 2313 2962 τις
2352 2894 2585 2966 φυσικὴ
2631 2895 2730 2949 καί
2784 2893 2964 2960 ζῶσα,
2998 2895 3101 2948 καὶ
3145 2896 3226 2951 ἵν’
3282 2896 3462 2960 οὕτως
3495 2893 3729 2958 εἷποιμεν.

2223 2990 2471 3058 ποιότης
2521 2986 2634 3059 τῆς
2685 2988 2968 3055 θεότητος
3002 2988 3113 3043 τοῦ
3171 2986 3407 3044 Υιοῦτὸ
3451 2985 3659 3054 Πνεῦμα
3687 2981 3730 3034 τὸ

547 3091 648 3143 lit-a
694 3084 990 3151 contentio,
1023 3084 1090 3138 de
1119 3097 1229 3151 quo
1275 3077 1626 3149 inquiritur?
1666 3078 2002 3143 Auctoritas,
2051 3091 2121 3133 ne

2227 3081 2395 3154 ἅγιόν
2423 3082 2576 3149 ἐστι,
2609 3081 2709 3136 καὶ
2733 3079 2939 3151 ὥσπερ
2960 3097 3051 3148 τις
3075 3081 3268 3152 ἀτμὸς
3307 3080 3347 3150 ἠ
3388 3083 3616 3147 ποιότης
3635 3073 3731 3131 ἐστι

545 3180 751 3236 diutius
785 3191 905 3232 eam
953 3145 1290 3244 pertraham,
1318 3145 1371 3224 in
1398 3168 1624 3239 epistola
1668 3167 1733 3222 ad
1765 3167 2119 3238 Serapionem

2227 3145 2336 3244 τὲξς
2367 3145 2586 3241 οὐσίας
2616 3173 2725 3230 τοῦ
2747 3145 3002 3243 ηατρός.
3023 3145 3212 3229 una.
3242 3145 3311 3227 ’τι
3332 3145 3434 3228 ’δεῖ
3467 3189 3549 3242 μοι
3575 3145 3664 3238 τῆς
3691 3168 3731 3218 ὲν

545 3272 862 3341 episcopum
903 3268 969 3322 de
1013 3263 1222 3334 Spiritu
1259 3269 1451 3317 sancto
1482 3259 1648 3313 divini
1683 3258 1966 3313 Athanasii
2013 3267 2120 3325 est,

2227 3267 2438 3331 τούτοις
2466 3266 2877 3338 μακρηγορίας,
2902 3266 3024 3319 ἐνὸν
3069 3265 3167 3321 διὰ
3219 3268 3350 3338 μιᾶς
3390 3267 3480 3320 καὶ
3528 3260 3733 3332 βραχείας

547 3365 603 3417 in
639 3377 744 3430 qua
779 3360 1009 3414 asserit:
1047 3353 1259 3408 Etenim
1281 3352 1463 3405 unctio
1489 3350 1598 3404 Ittec
1628 3348 1761 3403 Filii
1791 3349 1998 3420 amatus
2021 3358 2120 3405 est.

2229 3359 2514 3429 πατρικῆς
2560 3359 2812 3430 χρήσεως
2858 3358 3071 3413 παῦσαι
3127 3360 3260 3421 τοὺς
3294 3357 3669 3424 ἀντιλέγοντας,
3697 3351 3731 3402 εἱ

551 3453 684 3519 Quis
717 3466 783 3505 ex
819 3464 939 3503 sese
970 3444 1376 3516 opponentibus
1409 3442 1637 3496 audiens
1670 3440 1935 3510 Spiritum
1978 3439 2124 3495 ama-

2227 3448 2447 3515 πνεῦμα
2488 3445 2622 3516 παρ’
2650 3446 2837 3509 αὐτοῖς
2894 3445 3149 3500 ὁπωσοῦν
3196 3447 3530 3520 διακρίσεως,
3572 3443 3651 3496 καὶ
3678 3438 3732 3508 μὴ

557 3557 668 3600 tum
714 3541 860 3609 Filii,
907 3541 961 3594 in
1011 3536 1229 3607 propria
1290 3534 1561 3591 sententia
1617 3533 1853 3596 insistet,
1913 3542 1967 3587 et
2014 3547 2121 3585 non

2227 3532 2513 3605 διαδολικὴ
2546 3534 2606 3587 τὸ
2635 3534 2947 3604 μαχόμενον
3006 3533 3264 3600 ἔνστασις
3293 3554 3310 3602 ;
3358 3537 3421 3590 Ἦ
3452 3536 3524 3589 ·δέ
3564 3532 3732 3604 χρῆσις,

555 3634 741 3706 potius
809 3638 1021 3686 mutato
1085 3627 1271 3680 animo
1339 3621 1583 3692 opinioni
1652 3629 1857 3675 nostrae
1922 3619 2124 3674 divinis

2228 3622 2317 3677 ἵνα
2353 3625 2447 3678 καὶ
2482 3623 2691 3694 ταύτην
2720 3624 3032 3695 ἐκθήσομαι
3076 3626 3295 3698 τάχιον,
3332 3632 3389 3682 ἐν
3409 3629 3472 3698 τῇ
3521 3624 3636 3692 πρὸς
3666 3619 3731 3673 Σε-

553 3724 858 3796 Scripturis
909 3720 1055 3776 fulta:
1121 3725 1288 3787 atque
1343 3712 1706 3770 constabilitas
1765 3719 1916 3766 totus
1967 3711 2124 3765 addi.

554 3828 725 3882 cetur,
763 3812 1059 3871 dummodo
1099 3827 1129 3864 a
1178 3807 1447 3877 sapientia
1478 3816 1725 3859 remotus
1757 3817 1866 3857 non
1890 3812 1992 3867 est,
2029 3816 2127 3856 nec

550 3908 894 3968 contentiosa
922 3919 1010 3960 res
1041 3907 1285 3972 peragat,
1331 3900 1425 3954 sed
1452 3895 1600 3951 vinci
1630 3907 1852 3965 quoque
1884 3894 1936 3948 in
1985 3906 2127 3947 non-

554 4002 723 4057 nullis
754 3995 1057 4054 honoriﬁce
1096 3989 1374 4047 sustinet?
1406 3987 1544 4043 Hinc
1570 3988 1716 4042 enim
1750 3984 2130 4056 unusquisque

554 4089 902 4147 manifestius
945 4081 1333 4154 deprehendet,
1379 4093 1488 4149 qua
1524 4077 1740 4132 ratione
1779 4090 1810 4129 a
1859 4072 2130 4130 divinitus

558 4183 822 4252 inspirata
866 4176 1151 4248 Scriptura
1200 4172 1438 4243 Spiritus
1474 4167 1597 4224 Filii
1631 4164 1867 4239 Spiritus
1902 4171 2130 4221 sanctus

558 4278 932 4341 nuncupetur,
973 4275 1029 4322 et
1060 4264 1385 4320 relationem
1424 4261 1694 4331 inspiciet,
1727 4268 1851 4329 quae
1878 4270 2006 4312 eum
2054 4255 2129 4309 ita

558 4360 862 4432 nuncupari
915 4356 1182 4423 decrevit,
1236 4369 1403 4424 quam
1444 4351 1700 4408 similiter
1748 4348 2010 4404 continuo
2055 4344 2130 4400 ita

2234 3713 2485 3784 ραπίωνα
2513 3712 2606 3766 τὸν
2630 3712 2931 3767 ἐπίσκοπον
2985 3716 3117 3784 περὶ
3153 3716 3250 3771 τοῦ
3278 3719 3433 3787 ἁγίου
3476 3714 3733 3783 Πνεῦματοξ

2231 3805 2490 3877 ἐπιστολῇ
2528 3821 2696 3875 φησιν
2732 3804 2761 3856 ὁ
2806 3805 2876 3858 τὰ
2923 3804 3042 3859 θεῖα
3072 3809 3246 3872 πολὺς
3294 3808 3590 3866 Ἀθανάσιος
3613 3819 3626 3836 °
3656 3797 3732 3854 Καὶ

2230 3894 2431 3966 γὰρτὸ
2481 3896 2711 3965 χρίσμα
2743 3896 2921 3950 τοῦτο
2958 3897 3116 3963 πνοή
3162 3899 3294 3953 ἐστι
3346 3898 3448 3953 τοῦ
3505 3892 3732 3953 Υἰοῦ.Τῐς

2229 3988 2341 4042 τῶν
2366 3988 2807 4058 ἀνθισταμένων,
2864 3989 3108 4053 ἀκούσας
3135 3991 3198 4045 τὸ
3241 3991 3463 4062 Πνεῦμα
3493 3989 3638 4059 πνοὴν
3665 3980 3732 4037 τοῦ

2232 4082 2395 4149 Υίοΰ,
2427 4083 2526 4152 τῆς
2554 4083 2777 4148 οἰκείας
2804 4085 2977 4137 εἰσέτι
3008 4083 3172 4154 δόξης
3218 4086 3628 4157 ἀντιποιήσαιτο,
3666 4078 3732 4135 καὶ

2232 4171 2355 4242 οὐχὶ
2381 4172 2446 4245 δὴ
2473 4172 2674 4242 μᾶλλον
2716 4174 3040 4245 μεταϐαλὼν
3081 4178 3182 4247 τῆς
3219 4179 3284 4231 ἐκ
3308 4179 3414 4232 τῶν
3443 4178 3589 4232 θείων
3632 4174 3731 4241 Γρα-

2233 4261 2350 4331 φῶν
2378 4261 2440 4315 τὸ
2461 4263 2705 4333 ἀσφαλὲς
2740 4264 2974 4335 ἐχούσης
3002 4267 3283 4340 ἡμετέρας
3317 4268 3530 4340 γνώμης
3555 4264 3731 4335 γενήσε·

2232 4367 2347 4419 ται,
2378 4353 2648 4418 συνέσεώς
2684 4371 2828 4418 τινος
2857 4357 3155 4429 εὐμοιρῶν,
3185 4361 3280 4413 καὶ
3338 4360 3413 4430 μὴ
3441 4359 3599 4413 πάντα
3621 4354 3732 4423 quia

558 4463 995 4527 permanentem,
1029 4463 1156 4504 cum
1185 4445 1371 4503 divina
1396 4452 1452 4499 et
1495 4441 1655 4498 beata
1696 4448 1893 4495 natura
1932 4437 2124 4490 immu-

2237 4444 2435 4510 νείκως
2477 4446 2660 4516 λέγειν
2695 4447 2919 4512 ἐθέλων,
2958 4449 3079 4502 ἀλλ’
3125 4450 3278 4505 ἔστιν
3324 4452 3360 4506 ἃ
3387 4452 3477 4507 καὶ
3522 4441 3731 4521 ἡττᾶσθαι

559 4547 739 4602 labilis
770 4545 862 4609 sit,
907 4554 1070 4597 nemo
1098 4552 1226 4594 vere
1267 4551 1301 4591 a
1346 4533 1506 4591 nobis
1556 4530 1860 4597 immutari,
1890 4538 1984 4585 aut
2010 4542 2135 4599 per-

557 4633 718 4699 verti,
781 4633 908 4686 licet
963 4626 1197 4683 multum
1261 4621 1634 4695 deiatigetur,
1696 4619 2017 4675 innumeras
2075 4616 2132 4671 in

559 4739 683 4779 sese
730 4720 1060 4776 convolvens
1107 4712 1550 4784 imaginationes,
1589 4723 1819 4781 prorsus
1844 4703 2137 4778 persuade-

559 4816 660 4871 bit.
706 4812 844 4869 Cum
881 4824 1061 4880 neque
1108 4807 1284 4864 Filius
1330 4804 1475 4860 ﬁlius
1523 4810 1607 4857 est
1641 4798 1901 4868 Spiritus,
1955 4809 2136 4867 neque

559 4906 797 4967 dicatur,
830 4902 909 4958 uti
953 4898 1213 4955 Ecclesiae
1258 4894 1470 4950 lumina
1502 4890 1785 4965 Nyssenus
1814 4886 2136 4958 Gregorius,

560 5010 616 5056 et
664 4994 886 5068 sapiens
928 4990 1170 5047 Joannes
1208 4987 1603 5051 Damascenus,
1639 4993 1700 5039 ut
1724 4981 1839 5053 jam
1873 4980 2135 5043 diximus,

564 5085 959 5165 prohibuerint,
1014 5088 1248 5153 possunt
1319 5078 1432 5151 jam
1476 5092 1542 5135 ex
1592 5084 1752 5131 antea
1803 5071 1998 5143 positis
2048 5069 2138 5124 hic

561 5184 900 5243 testimoniis
975 5179 1185 5246 scripto
1253 5173 1468 5230 traditis
1526 5170 1774 5241 pondera
1839 5165 2133 5239 praesentis

480 5343 494 5357 ο
562 5275 884 5349 quaestionis
914 5270 1243 5342 dijuditare,
1279 5266 1582 5322 dummodo
1624 5263 1895 5335 aequiores
1944 5268 2136 5316 contra

564 5382 666 5424 nos
698 5364 1103 5436 oppositionem
1138 5357 1339 5414 iactam
1370 5352 1909 5424 comprehenderint,
1935 5350 2138 5420 quibus

562 5460 649 5513 vel
696 5458 830 5513 solis
875 5468 1090 5517 omnes,
1139 5451 1217 5506 uti
1258 5449 1505 5512 addecet,
1553 5445 1747 5500 faciles
1795 5456 1958 5497 aures
1995 5456 2133 5512 pra:-

564 5552 777 5615 brntes,
805 5561 998 5601 eorum
1035 5543 1323 5600 sententiis
1355 5538 1644 5595 commode
1690 5535 1997 5596 attendent,
2037 5548 2139 5586 nee

566 5646 723 5715 plura
757 5655 855 5710 pro
886 5638 1141 5694 veritatis
1162 5634 1580 5692 conﬁrmatione
1607 5629 1935 5699 disquirent.
1966 5623 2139 5680 Nam-

568 5750 673 5793 Uue
711 5734 757 5788 si
788 5732 958 5794 hisce,
1009 5731 1088 5784 uti
1120 5742 1217 5797 par
1251 5737 1354 5796 est,
1404 5741 1510 5783 non
1553 5724 1905 5790 attenderint,
1950 5728 2133 5792 palam

2238 4535 2421 4600 καλῶς
2449 4537 2780 4607 ἀνεχόμενος
2803 4555 2818 4605 ;
2857 4538 3141 4594 Ἐντεῦθεν
3163 4544 3271 4614 γὰρ
3295 4544 3360 4598 ἂν
3381 4543 3473 4597 καὶ
3499 4531 3732 4594 καταλάϐοι

2241 4627 2477 4698 μάλιστα
2503 4629 2613 4693 πᾶς
2635 4631 3059 4702 ἐναργέστερον,
3078 4633 3227 4697 ὅπως
3253 4636 3403 4704 παρὰ
3421 4632 3514 4704 τῆς
3534 4621 3731 4684 θεοπνεύ.

2245 4736 2372 4774 στου
2404 4720 2634 4792 Γραφῆς
2674 4720 2802 4775 Υίοῦ
2834 4722 3064 4794 Πνεῦμα
3086 4727 3146 4779 τὸ
3181 4726 3404 4797 Πνεῦμα
3433 4723 3652 4778 καλεῖται
3692 4712 3732 4764 τὶ

2240 4811 2422 4880 ειγιον,
2457 4814 2551 4867 καὶ
2580 4814 2681 4885 τὴν
2709 4814 2896 4884 σχέσιν
2925 4817 3132 4871 κατίδοι
3165 4817 3266 4888 τὴν
3290 4817 3430 4870 οὕτω
3452 4813 3593 4867 τοῦτο
3614 4809 3729 4875 λέγει

2242 4903 2366 4957 σθαι
2396 4903 2789 4971 δικαιώσασαν,
2809 4906 2876 4977 ἣν
2896 4906 3159 4971 ὡσαύτως
3178 4908 3268 4962 διὰ
3290 4906 3478 4970 παντὸς
3500 4904 3732 4976 μένουσαν.

2238 4993 2314 5058 ὡς
2356 4993 2726 5050 ἁναλὶοιὼτου
2778 4996 2881 5067 τῆς
2919 4997 3072 5063 θείας
3113 4998 3281 5068 οὔσης
3312 4998 3405 5052 καὶ
3447 4987 3731 5066 μακαριστῆς

2239 5083 2483 5153 φύσεως,
2514 5084 2691 5149 οὐδεὶς
2714 5086 2933 5156 ἀληθῶς
2970 5087 3030 5149 ὃς
3056 5090 3458 5159 μετακινεὶσθαι
3495 5085 3578 5139 καὶ
3606 5093 3731 5151 μετι-

2240 5177 2464 5230 πίπτειν
2498 5176 2863 5233 ἀναπείσαιτο
2894 5180 3159 5250 παράπαν
3194 5180 3360 5251 ἡμᾶς,
3387 5177 3492 5232 οὐδ’
3513 5176 3572 5229 ἂν
3603 5166 3732 5225 nom

2240 5269 2414 5339 κάμοὶ
2479 5270 2711 5339 μυρίους
2766 5271 3045 5325 ἀνακινῶν
3085 5270 3396 5344 λογισμούς.
3452 5270 3587 5324 Ἐπεὶ
3632 5254 3731 5332 μηδέ

2240 5359 2564 5430 Πνεῦματος
2595 5360 2747 5414 ἔστιν
2785 5363 2902 5426 υίὸς
2926 5365 2954 5416 ὀ
2999 5363 3149 5427 Υίὸς,
3195 5364 3318 5417 οὺδέ
3355 5363 3571 5430 λέγεται,
3594 5348 3731 5408 καθὼς

2239 5451 2290 5503 οἱ
2319 5452 2417 5519 τῆς
2452 5451 2783 5522 Ἐκκλησίας
2805 5455 3117 5525 φωστῆρες,
3148 5456 3176 5508 ὖ
3197 5472 3256 5507 τε
3286 5454 3563 5524 Γρηγόριος
3584 5439 3730 5499 ὀΝὗΦ

2243 5559 2342 5614 an;
2372 5545 2467 5597 καὶ
2493 5545 2893 5614 ὁΔαμασκὸθεν
2942 5545 3107 5616 σοφὸς
3142 5545 3408 5616 Ἰωάννης,
3431 5542 3500 5604 ὡς
3527 5527 3726 5607 προειρή’

2239 5648 2442 5701 καμεν,
2474 5634 2859 5705 ἀπηγόρευσαν
2889 5652 2902 5665 ·
2960 5636 3174 5705 ἔχουσιν
3217 5634 3313 5705 ήδη
3362 5635 3460 5685 κάκ
3511 5629 3606 5681 τῶν
3631 5631 3755 5705 προς

2243 5725 2502 5781 τεθειεών
2530 5726 2766 5780 ἐνταῦθα
2814 5727 3134 5799 μαρτυριῶν
3182 5722 3455 5796 γραφικῶν
3480 5720 3528 5774 τδ
3551 5715 3639 5770 πᾶν
3657 5702 3726 5762 τοῦ
