3970 6414
510 372 640 432 1335

1523 379 2029 440 CONSTANTINI
2071 377 2613 444 MELlTENlO'i‘.E

3579 388 3684 456 1136

505 486 686 556 atque
736 489 874 542 enim
921 498 999 542 est
1044 502 1197 545 extra
1267 489 1492 546 Verbum
1541 491 1810 562 Spiritus.
1872 497 1967 550 sed
2027 499 2067 548 ir

2189 499 2364 551 πίωνα
2423 502 2553 569 περὶ
2589 500 2684 553 τοῦ
2719 501 2878 568 ἁγίου
2939 500 3256 570 Πνεύματος
3304 499 3542 573 ἐπιστολῇ
3584 503 3686 558 τάδε

505 577 662 632 Verbo
697 595 814 632 cum
845 581 934 645 sit,
968 582 1023 634 in
1066 582 1171 635 Deo
1197 597 1291 652 per
1321 584 1494 653 ipsum
1525 594 1626 644 est.
1658 585 1725 640 Et
1753 588 1944 656 paucis
1979 589 2076 643 ad-

504 670 656 730 iectis
696 686 710 724 :
745 670 983 739 Spiritus
1019 683 1194 726 autem
1243 689 1363 728 cum
1400 675 1455 728 in
1494 674 1662 730 Verbo
1711 677 1804 742 sit,
1850 680 2075 746 manife-

500 770 639 814 stum
701 762 884 830 fuerit,
941 765 994 816 in
1051 762 1156 817 Deo
1212 780 1325 819 esse
1374 781 1466 834 per
1517 765 1738 820 Verbum
1789 766 2070 836 Spiritum.

501 839 735 907 Basilius
781 868 911 908 vero
956 855 1010 908 in
1065 855 1232 911 rebus
1281 856 1480 912 divinis
1523 860 1924 928 pertractandis
1960 860 2076 913 exi-

501 942 643 997 mius
701 943 913 998 decimo
975 955 1174 1001 octavo
1223 948 1402 1017 capite
1462 949 1528 1002 ad
1589 949 2070 1017 Amphilochium,

499 1049 660 1085 unum
710 1045 950 1087 sanctum
987 1033 1244 1104 Spiritum
1283 1037 1467 1100 tradit,
1528 1054 1621 1106 per
1658 1054 1818 1091 unum
1872 1035 2071 1090 Filium

498 1127 588 1176 uni
639 1123 795 1179 Patri
837 1127 1202 1196 conjunctum.
1253 1126 1368 1182 Hoc
1412 1127 1550 1182 idem
1601 1139 1654 1183 et
1710 1129 2072 1183 llamascettus

499 1217 717 1284 sapiens
741 1215 982 1273 lusu-ms
1031 1219 1208 1287 capite
1251 1217 1318 1274 de
1357 1219 1477 1273 loco
1523 1218 1615 1272 Dei
1649 1220 1844 1273 iisdem
1893 1221 2072 1276 verbis

498 1309 831 1375 expressit:
893 1308 1126 1374 Spiritus
1183 1326 1272 1379 qui
1331 1327 1422 1378 per
1482 1310 1684 1363 Filium
1750 1311 1904 1364 Patri
1950 1328 2074 1363 con-

497 1400 759 1466 iungitur.
829 1399 892 1452 Et
969 1401 1084 1454 haec
1145 1401 1370 1469 quidem
1432 1411 1559 1454 sunt
1618 1417 1645 1454 a
1723 1401 1922 1455 ditinis
1974 1401 2044 1454 Pa

499 1492 671 1542 tribus
745 1491 809 1544 de
881 1492 984 1545 hoc
1047 1492 1445 1559 pronuntiata,
1521 1507 1644 1560 qua:
1703 1492 2071 1545 dubitationes

497 1595 686 1631 enmcs
717 1589 878 1647 atque
923 1580 1295 1634 dissensiones
1347 1580 1505 1649 longe
1537 1579 1777 1649 gentium
1821 1581 2066 1648 pellunt:

497 1670 744 1738 quinimo
791 1685 949 1724 nemo
983 1671 1089 1724 illis
1125 1670 1505 1725 contradicere
1537 1671 1794 1736 audebit,
1837 1679 1890 1725 ct
1923 1672 2070 1726 erit-

500 1778 586 1823 ne,
626 1773 720 1815 aut
781 1761 1000 1816 futurus
1036 1771 1118 1816 est
1154 1761 1237 1816 vir
1293 1771 1457 1816 tanta:
1496 1762 1738 1816 audacia:
1790 1771 1952 1832 atque
1988 1773 2060 1818 te-

2182 589 2348 656 φησίν
2373 605 2387 619 .
2422 592 2505 643 οὐ
2536 588 2646 658 γὰρ
2678 589 2853 655 ἐκτός
2874 590 3003 644 ἐστι
3039 589 3143 643 τοῦ
3172 589 3361 658 Λόγου
3381 589 3444 643 τὸ
3469 591 3690 659 Πνεῦμα,

2179 681 2318 733 ἀλλ’
2343 682 2414 733 ἐν
2441 681 2521 745 τῷ
2543 683 2712 749 Λόγῳ
2753 680 2848 747 ὃν,
2899 681 2968 734 ἐν
2997 681 3078 745 τῷ
3108 679 3229 744 Θεῷ
3268 678 3342 732 δι’
3370 680 3542 735 αὐτοῦ
3568 683 3692 736 ἐστι.

2180 771 2290 824 Καὶ
2323 773 2442 840 μετ’
2472 773 2632 840 ὀλίγα
2652 790 2665 802 ο
2697 773 2806 827 Ὶοῦ
2858 772 2928 827 δὲ
2981 773 3325 840 Πνεύματος
3364 774 3606 838 ὅντοςὲν
3633 777 3698 842 τῷ

2179 865 2368 929 Λόγῳ,
2397 862 2590 932 δῆλον
2618 864 2695 917 ἂν
2715 865 2807 932 ειη
2831 864 2910 930 ὠς
2927 863 3024 917 καὶ
3051 865 3119 918 ἐν
3142 864 3221 928 τῷ
3253 861 3372 928 Θεῷ
3399 860 3472 934 ἦν
3493 865 3580 918 διὰ
3612 867 3697 921 τσῦ

2177 955 2372 1022 Λόγου
2403 955 2466 1006 τὸ
2502 954 2764 1022 Πνεῦμα.
2809 956 2868 1007 '0
2892 955 2948 1007 δὲ
2994 954 3163 1017 πολὺς
3199 958 3268 1008 τὰ
3314 957 3428 1010 θεῖα
3461 957 3700 1019 Βασίλειις

2177 1044 2236 1095 ὲν
2271 1043 2349 1112 τῷ
2377 1044 2590 1112 δεκάτῳ
2630 1044 2804 1112 ὀγδόῳ
2854 1044 2963 1096 τῶν
3005 1044 3142 1112 πρὸς
3187 1043 3528 1114 Ἀμφιλόχιον
3555 1063 3700 1112 κεφα-

2176 1133 2368 1198 λαίων,
2408 1137 2518 1187 Ἓν
2564 1134 2632 1187 δὲ
2681 1135 2779 1187 καὶ
2821 1134 2885 1186 τὸ
2922 1134 3116 1202 ἅγιον,
3165 1133 3334 1200 λέγει,
3380 1135 3602 1202 Πνεῦμα
3639 1135 3700 1190 δι’

2173 1223 2313 1289 ἐνὸς
2355 1226 2493 1279 Υίοῦ
2522 1224 2602 1289 τῷ
2625 1225 2717 1278 ἐνὶ
2739 1225 2919 1292 "arpi
2941 1226 3425 1292 συναπτόμενον.
3455 1225 3610 1277 Τοῦτο
3629 1229 3702 1278 καὶ

2174 1315 2201 1364 6
2232 1315 2590 1382 Δαμασιόοεν
2651 1316 2816 1382 σοφὸς
2873 1315 3131 1384 Ἰωάννης
3184 1317 3241 1366 ὲν
3295 1313 3372 1384 τῷ
3403 1314 3523 1383 περὶ
3564 1316 3702 1367 τόπου

2173 1401 2308 1454 Θεοῦ
2341 1404 2627 1473 κεφαλαίῳ
2665 1408 3040 1474 μυσταγωγεῖ,
3091 1406 3334 1475 ῥήμασιν
3383 1406 3560 1466 αὐτοῖς
3586 1405 3703 1457 οὑτω

2171 1491 2411 1558 διεξιὼν,
2443 1493 2685 1561 Πνεῦμα
2719 1494 2786 1547 τὸ
2820 1494 2918 1547 διὰ
2946 1494 3080 1548 Υιοῦ
3108 1494 3190 1557 τῷ
3223 1493 3402 1562 Harp!
3442 1493 3704 1546 συναπτό-

2166 1600 2377 1652 μενον.
2413 1585 2654 1637 Τοιαῦτα
2678 1587 2771 1638 καὶ
2793 1586 3128 1655 περὶτούτου
3139 1588 3255 1650 τοῖς
3277 1586 3541 1655 θεοφόροις
3561 1585 3702 1638 τοῖσδε

2172 1675 2416 1744 Πατράσι
2447 1674 2777 1745 διείληπται,
2824 1679 3013 1747 πόρρω
3054 1675 3319 1745 βάλλοντα
3367 1675 3604 1744 καθαρῶς
3626 1675 3704 1742 τὴν

2170 1766 2499 1836 ἀμφιϐολίαν
2516 1767 2611 1820 καὶ
2632 1767 2729 1837 τὴν
2749 1767 3030 1837 διχόνοιαν·
3057 1766 3254 1835 ἀμέλει
3273 1783 3352 1818 τοι
3376 1766 3464 1818 καὶ
3485 1765 3540 1816 τὸ
3566 1765 3707 1832 παρὰ⁴

497 1855 810 1919 meritatis,
891 1853 984 1922 qui
1040 1853 1262 1907 Patrum
1319 1853 1457 1908 adeo
1519 1854 1809 1908 manifesta
1861 1854 2067 1907 decreta

2180 1875 2287 1911 παν
2315 1859 2488 1921 οὐδεὶς
2519 1857 2585 1911 ἂν
2621 1860 2802 1919 αὐτοῖς
2837 1858 3248 1928 ἐπιχειρήσειεν
3275 1859 3558 1910 ἀντειπεῖν.
3585 1850 3705 1924 ’Δρα

494 1946 780 1999 conabitur
803 1956 1049 2000 evertere
1073 1960 1226 2013 aeque
1255 1955 1420 2015 atque
1445 1945 1688 2000 fastidiat
1713 1945 1857 1999 dieta
1887 1959 2072 2000 eorum

495 2037 678 2106 sequi,
717 2047 770 2090 et
805 2036 965 2090 aliam
1008 2035 1296 2105 theologia!
1335 2036 1475 2088 viam
1524 2050 1713 2091 secare
1757 2035 2072 2100 contendat,

493 2129 655 2199 quasi
693 2143 822 2182 vero
851 2127 942 2182 hic
967 2127 1022 2180 in
1065 2126 1336 2196 profunda
1371 2126 1606 2196 Spiritus
1644 2127 1980 2195 pr05picere,
2019 2137 2073 2182 et

494 2219 652 2274 novis
705 2220 832 2274 inde
887 2218 1448 2288 contemplationibus
1493 2219 1690 2288 repleri
1743 2220 2076 2288 praesumat?

495 2310 559 2363 Et
589 2314 710 2380 quis
741 2311 876 2364 adeo
910 2310 1180 2381 superbus
1197 2317 1249 2364 et
1278 2309 1725 2378 arrogantissime
1750 2324 1808 2364 se
1831 2309 2070 2378 jactans,

495 2404 606 2457 imo
638 2404 863 2460 demens
901 2417 967 2458 ac
997 2402 1228 2467 stultus,
1277 2402 1372 2470 qui
1425 2404 1491 2455 de
1538 2416 1599 2456 se
1642 2400 1932 2470 magniﬁca
1966 2402 2070 2456 ista

495 2497 754 2563 somniet,
800 2506 853 2551 et
883 2496 935 2550 in
969 2497 1120 2550 viros
1152 2493 1388 2563 Spiritus
1412 2493 1757 2561 impudenter
1791 2493 2073 2562 insurgat?

493 2605 728 2660 quorum
763 2604 865 2644 vox
911 2588 968 2642 in
1009 2602 1231 2644 omnem
1277 2584 1447 2640 exivit
1478 2595 1716 2647 terram,
1745 2593 1798 2638 et
1843 2589 1896 2638 in
1934 2586 2071 2639 fines

494 2682 648 2736 Orbis
677 2689 950 2734 terrarum
982 2679 1168 2744 verba,
1204 2689 1260 2732 ut
1293 2691 1322 2730 a
1358 2677 1465 2728 Deo
1507 2685 1650 2729 mota
1681 2674 1775 2728 Dei
1802 2676 2068 2743 parentis,

493 2782 548 2825 ιι
605 2771 998 2840 praphetarum
1061 2770 1333 2839 principis
1401 2766 1622 2820 Davidis
1679 2766 1792 2836 lyra
1851 2767 2066 2822 cecinit.

493 2865 538 2916 A
568 2865 766 2932 quibus
808 2862 968 2917 statis
998 2861 1336 2928 temporibus
1361 2859 1620 2912 adversus
1651 2858 1902 2926 pietatem
1938 2872 2068 2913 exo-

493 2951 980 3016 rientesbwretici,
1013 2966 1245 3020 eamque
1273 2951 1340 3004 de
1390 2949 1570 3003 medio
1605 2948 1793 3002 tollere
1853 2947 2067 3004 Satanae

496 3047 636 3100 duro
671 3051 867 3097 robore
905 3043 1170 3098 audacter
1209 3042 1624 3104 contendentes,
1662 3039 1842 3093 valide
1879 3041 2068 3094 adtno-

494 3131 625 3184 dum
665 3129 918 3184 debellati
955 3142 1120 3196 sunt,
1163 3130 1360 3200 partim
1398 3130 1714 3198 dogmatum
1757 3129 2064 3196 majeState,

494 3223 660 3277 veluti
699 3223 926 3278 tonitrui
956 3224 1188 3292 strepitu
1225 3222 1500 3291 perterriti
1529 3222 1908 3288 concidentes,
1945 3239 2069 3292 par-
2094 3192 2139 3252 Ο

498 3318 592 3370 tim
641 3330 767 3369 eum
811 3315 1078 3369 dedecore
1126 3313 1320 3382 pedem
1377 3311 1709 3376 referentes,
1755 3314 2070 3382 quicunque

495 3422 689 3474 nempe
719 3406 774 3458 in
803 3403 1034 3473 propriae
1057 3403 1331 3462 haereseos
1353 3403 1564 3458 malitia
1595 3403 1662 3458 ad
1689 3405 1848 3458 linem
1875 3417 2070 3474 usque,

495 3506 717 3567 propter
749 3509 964 3550 morum
999 3494 1434 3563 improbitatem,
1456 3495 1829 3562 perstiterunt,
1860 3503 1913 3551 et
1939 3511 2070 3565 gra-

493 3587 848 3640 vissimorum
906 3594 1354 3654 argumentorum
1413 3585 1560 3640 nulla
1623 3587 1822 3643 divinae
1875 3604 2066 3644 eorum

491 3677 812 3747 sapientiai,
861 3674 1045 3730 fructu
1087 3683 1386 3746 percepto,
1433 3690 1574 3745 quos
1623 3685 1906 3746 propterea
1942 3679 2069 3736 caeli

491 3767 711 3837 quidem
744 3773 1045 3836 potestates
1082 3766 1148 3821 ad
1178 3775 1458 3835 stuporem
1504 3781 1676 3836 usque
1707 3767 2069 3838 suspicientes

491 3853 738 3907 reverita:
785 3861 950 3920 sunt,
985 3853 1264 3909 daemones
1298 3867 1428 3909 vero
1468 3869 1689 3910 summo
1726 3857 1921 3912 timore
1945 3873 2068 3927 per-

491 3943 631 4000 culsi
689 3944 1135 4013 pertimuerunt,
1186 3958 1310 3998 cum
1370 3945 1656 4001 universas
1715 3961 1847 4003 suas
1897 3958 2065 4018 artes,

491 4034 725 4104 singulis
771 4033 965 4090 diebus
1017 4035 1132 4088 suis
1185 4033 1526 4092 administris
1575 4051 1603 4090 a
1654 4051 1714 4091 se
1761 4049 2066 4109 suggestas,

490 4123 751 4179 facultate
796 4121 959 4178 Verbi
1002 4133 1056 4179 et
1099 4122 1336 4193 Spiritus
1383 4127 1600 4196 penitus
1635 4129 1702 4181 ab
1747 4128 1940 4183 iisdem
1967 4128 2064 4184 de~

485 4215 664 4284 jectas
699 4215 1116 4285 prospicerent?
1157 4215 1270 4285 Ego
1315 4232 1443 4272 vero
1473 4217 1682 4272 nullum
1710 4233 1774 4274 ex
1808 4221 2067 4276 omnibus

490 4305 629 4360 adeo
674 4319 840 4376 pravo
892 4305 1262 4376 improboque
1292 4307 1476 4361 animo
1517 4321 1640 4363 esse
1672 4323 1818 4374 reor,
1865 4319 1918 4364 et
1953 4325 2066 4364 sua:

489 4397 725 4466 propriae
753 4395 950 4453 salutis
985 4397 1270 4452 inimicum
1301 4412 1366 4452 ac
1393 4396 1631 4464 hostem,
1665 4397 1770 4454 hoc
1795 4399 2063 4468 siquidem

489 4496 574 4543 cst
623 4487 824 4543 divinis
875 4486 1131 4542 Patribus
1176 4498 1368 4543 contra
1413 4488 1493 4542 ire
1539 4489 1718 4558 palam
1752 4491 1973 4555 conari,
2007 4491 2062 4546 in

2176 1949 2285 2019 γὰρ
2310 1949 2555 2016 γέγονεν,
2601 1948 2634 2016 ἢ
2675 1950 2966 2019 γενήσεταί
3000 1965 3082 2011 τις
3127 1949 3224 2001 ἐπὶ
3266 1947 3511 2000 τοσοῦτον
3537 1946 3707 2014 τόλμης

2173 2040 2269 2094 καὶ
2301 2041 2536 2112 θράσους
2566 2041 2716 2111 ἥκων
2770 2039 2930 2110 ἀνὴρ,
2973 2039 3033 2104 ὃς
3080 2039 3415 2109 ἀνατρέπειν
3459 2035 3704 2105 πειρᾶσθαι

2171 2133 2240 2184 τὰ
2267 2132 2417 2201 παρὰ
2450 2131 2560 2185 τῶν
2596 2132 2770 2200 ἁγίων
2818 2130 2961 2185 οὕτω
2994 2129 3279 2201 προδήλως
3329 2128 3598 2198 λεγόμενα,
3626 2144 3704 2180 κσ-

2173 2221 2349 2293 θάπερ
2390 2223 2486 2276 οὑκ
2538 2221 2822 2291 ἀγαπητὸν
2870 2220 3180 2291 ἡγούμενος
3220 2222 3332 2284 τοῖς
3381 2218 3510 2289 πρὸς
3561 2216 3703 2271 αὐτῶν

2171 2314 2478 2384 εἰρημένοις
2511 2312 2830 2381 ἐφέπεσθαι,
2861 2313 3078 2380 τέμνειν
3119 2310 3372 2365 σπεύδων
3413 2309 3590 2378 ἑτέραν
3615 2307 3703 2359 θεο-

2170 2404 2353 2471 λογίας
2390 2403 2530 2465 ὁδὸν,
2558 2403 2654 2457 ᾶτε
2703 2401 3086 2473 παρακύπτειν
3135 2401 3306 2455 αὑτὸν
3351 2397 3698 2460 ἀπαυθαδισζό·

2173 2507 2333 2562 μενος
2360 2492 2438 2552 εἰς
2463 2493 2528 2542 τὰ
2557 2489 2695 2560 βάθη
2729 2489 2822 2544 τοῦ
2857 2487 3210 2560 Πνεύματος,
3253 2491 3348 2544 καὶ
3386 2489 3573 2542 καινῶν
3599 2488 3702 2539 θεω·

2171 2581 2300 2651 ριῶν
2330 2581 2539 2633 ἐκεῖθεν
2585 2581 2961 2651 ἐμπίπλασθαι
2989 2598 3003 2648 ;
3051 2583 3172 2636 Kal.
3216 2582 3299 2642 τίς
3333 2580 3498 2644 οὑτως
3527 2577 3703 2654 ἀλαζὼν

2167 2675 2263 2728 καὶ
2315 2671 2668 2743 καυχώμενος
2721 2674 2800 2736 είς
2839 2673 2907 2726 τὰ
2963 2672 3210 2742 ἄμετρα,
3273 2671 3464 2742 μᾶλλον
3512 2669 3598 2739 μὲν
3634 2667 3702 2720 οὖν

2168 2767 2356 2836 ἄφρων
2383 2768 2478 2818 καὶ
2501 2767 2730 2834 μάταιος
2756 2765 2830 2828 ὡς
2857 2764 2982 2842 περὶ
3012 2763 3214 2816 ἑαυτοῦ
3245 2764 3313 2816 τὰ
3345 2761 3543 2832 μεγάλα
3564 2759 3703 2811 ταῦτα

2168 2856 2553 2925 φαντάζεσθαι,
2615 2855 2710 2908 καὶ
2757 2855 2866 2909 τῶν
2906 2853 3114 2925 ἀνδρῶν
3168 2854 3370 2923 ἀνέδην
3415 2848 3702 2915 κατεπαίρε·

2169 2946 2291 2998 σθαι
2323 2947 2432 2998 τ’ῶν
2459 2946 2552 2998 τοῦ
2597 2944 2953 3013 ΙΙνεύματος;
2993 2937 3068 2998 ὧν
3103 2944 3132 2996 ὁ
3175 2943 3413 3012 φθόγγος
3442 2943 3518 3004 είς
3558 2940 3703 2992 eam

2166 3033 2356 3102 ἐξῆλθε
2387 3035 2486 3105 τὴν
2521 3034 2643 3104 γῆν,
2675 3035 2770 3089 καλ⁵
2812 3036 2892 3097 εἰς
2915 3036 2983 3088 τὰ
3021 3035 3242 3103 πέρατα
3277 3037 3376 3104 τῆς
3425 3033 3704 3100 οἰκουμένης

2168 3125 2238 3177 τὰ
2269 3127 2510 3194 ῥήματα,
2546 3126 2686 3178 κατὰ
2721 3126 2820 3194 τὴν
2869 3125 3378 3196 πνευματοκίνητον
3425 3122 3511 3175 τοῦ
3541 3120 3702 3174 θεοπά-

2170 3234 2325 3287 τορος
2355 3217 2451 3270 καὶ
2485 3219 2938 3288 προφητάνακτος
2975 3215 3148 3286 λύραν
3184 3216 3368 3270 Δαυῖδ.
3400 3211 3490 3278 Οἷς
3515 3213 3558 3265 oi
3589 3207 3701 3263 xxi

2170 3310 2395 3380 καιροὺς
2438 3309 2840 3371 ἐπαναστάντες
2879 3311 2945 3379 τῇ
2987 3307 3246 3378 εὐσεϐείᾳ
3280 3309 3371 3362 καὶ
3393 3304 3579 3372 ταύτην
3609 3300 3699 3363 ἐξα·

2169 3400 2374 3469 λείψειν
2404 3402 2469 3454 ἑκ
2511 3401 2680 3471 μέσου
2714 3401 2794 3470 τῷ
2823 3401 2916 3454 τοῦ
2949 3401 3126 3453 Σατάν
3162 3399 3384 3470 χαλεπῷ
3415 3398 3577 3450 σθένει
3601 3393 3702 3462 θρα·

2135 3516 2139 3518 ·
2171 3491 2307 3554 σέως
2337 3492 2739 3563 ἰσχυριζόμενοι
2779 3491 2918 3546 κατὰ
2965 3490 3170 3562 κράτος
3201 3491 3525 3562 ήττήθησαν,
3558 3485 3600 3538 οἱ
3625 3483 3702 3552 μὲν

2168 3585 2233 3653 τῇ
2288 3581 2630 3652 μεγαλοφυῖᾳ
2677 3581 2786 3634 τῶν
2825 3581 3112 3650 δογμάτων
3157 3580 3338 3636 αὐτῶν
3372 3576 3702 3633 ὑποκλιθέντες

2167 3672 2242 3736 ὡς
2283 3673 2400 3743 ἤχῳ
2430 3672 2679 3744 βροντῆς,
2718 3674 2811 3726 καὶ
2856 3674 3070 3734 τούτοις
3113 3673 3459 3737 ὑπείξαντες,
3489 3669 3607 3722 οίδὲ
3631 3664 3702 3716 κρὶ

2173 3765 2292 3836 μετ’
2322 3765 2584 3835 αἰσχύνης
2637 3765 3121 3835 ὑποχωρήσαντες,
3167 3765 3287 3817 ὅσοι
3327 3762 3518 3833 δηλαδὴ
3543 3762 3600 3829 τῇ
3627 3775 3701 3811 κα·

2169 3857 2264 3926 κίᾳ
2287 3855 2384 3924 τῆς
2409 3853 2620 3908 ἑαυτῶν
2647 3845 2917 3923 ατρέσεως
2944 3852 3031 3905 διὰ
3078 3852 3268 3916 τέλους
3317 3854 3598 3920 ἐνέμειναν,
3622 3863 3699 3912 μη·

2167 3927 2252 3998 δὲν
2300 3945 2634 4014 ἀπονάμενοι
2671 3943 2755 3996 διὰ
2808 3944 3120 4013 φαυλότητα
3171 3945 3377 4012 τρόπου
3430 3948 3491 4012 τῇ
3535 3939 3699 3992 τούτων.

2171 4035 2337 4104 ἑνθέῳ
2371 4037 2530 4104 σοφίᾳ
2578 4034 2674 4087 καί
2708 4035 2821 4097 τοῖς
2852 4035 3120 4101 γενναίοις
3171 4035 3600 4103 ἐπιχειρήμασιν,
3629 4026 3699 4085 οὖς

2170 4126 2264 4180 καὶ
2301 4127 2387 4179 διὰ
2418 4131 2589 4179 ταῦτα
2627 4129 2736 4178 τῶν
2776 4127 3017 4196 οὐρανῶν
3065 4125 3164 4195 μὲν
3196 4125 3254 4176 αι
3286 4125 3532 4193 δυνάμεις
3562 4137 3697 4171 m1;-

2169 4217 2462 4285 πλαγέντες
2484 4217 2807 4288 ᾐδέσθησαν,
2831 4218 3084 4287 δαίμονες
3111 4216 3170 4269 δὲ
3197 4218 3368 4288 φρίκῃ
3389 4216 3522 4282 δεινῇ
3547 4226 3698 4278 συγχε-

2168 4309 2372 4374 θέντες,
2408 4309 2776 4377 κατέπτηξαν,
2811 4309 2919 4360 πᾶν
2961 4303 3102 4370 εἶδος
3137 4307 3420 4375 μεθοδείας
3470 4305 3592 4372 ὅπερ
3613 4301 3698 4359 τοῖς

2168 4404 2388 4467 οἰκείοις
2421 4403 2725 4474 ὑπηρέταις
2775 4401 3120 4472 καθεκάστην
3163 4399 3432 4453 ὑπέϐαλον
3469 4393 3698 4457 καταϐλη·

2171 4496 2260 4550 θὲν
2289 4495 2424 4564 πρὸς
2469 4495 2648 4548 αὐτῶν
2677 4487 2847 4564 ἄρδην
2899 4493 3094 4556 ίδόντες
3137 4493 3368 4563 δυνάμει
3424 4491 3585 4558 Λόγου
3625 4483 3697 4535 καὶ

485 4583 689 4652 quibus
730 4583 804 4636 illi
867 4597 928 4638 se
957 4598 1080 4636 cum
1121 4580 1323 4650 Spiritu
1356 4582 1567 4637 locutos
1600 4598 1721 4638 esse
1746 4582 2060 4651 edixerunt,

2170 4589 2505 4657 Πνεύματος.
2560 4584 2700 4652 Ἐγὼ
2761 4583 2860 4645 μὲν
2916 4582 3108 4635 οὐδένα
3163 4583 3272 4636 τῶν
3308 4583 3548 4636 ἁπάντων
3574 4572 3696 4642 οἶμαι

487 4688 612 4728 cum
657 4683 711 4728 et
760 4674 861 4728 bac
904 4674 1116 4728 ratione
1161 4674 1396 4728 maxime
1449 4675 1503 4727 in
1551 4672 1720 4728 Deum
1769 4673 2060 4745 delinquit,

490 4765 768 4833 siquidem
798 4763 943 4819 Deus
989 4779 1151 4819 verax
1182 4774 1285 4828 est,
1313 4764 1773 4832 quemadmodum
1811 4774 1866 4820 et
1893 4767 2062 4822 veris-

490 4856 626 4909 sime
657 4865 740 4909 cst
773 4855 1011 4925 Spiritus
1047 4865 1276 4910 sanctus
1299 4896 1313 4922 ,
1353 4869 1464 4923 quo
1494 4853 1572 4907 illi
1606 4856 1866 4908 continuo
1901 4856 2064 4910 amati

489 4957 608 5004 tuto
640 4955 804 5016 atque
817 4961 1028 5013 securo
1064 4949 1320 5017 dogmata
1357 4945 1740 5001 decernebant.
1767 4943 2064 5017 Propterea

487 5051 542 5093 ct
566 5037 842 5098 communi
872 5037 974 5092 hac
1003 5048 1126 5095 utor
1157 5037 1540 5093 adhortatione
1575 5055 1590 5092 :

2169 4681 2407 4736 τοιοῦτον
2439 4681 2562 4750 ἄρτι
2599 4676 2938 4748 φανήσεσθαι
2996 4679 3253 4748 πονηρὸν,
3286 4681 3376 4730 καί
3415 4674 3505 4742 τῆς
3535 4664 3694 4724 ἑαυτοῦ

2167 4775 2442 4844 σωτηρίας
2478 4773 2671 4842 ἐχθρὸν
2701 4775 2797 4826 καὶΙ
2841 4774 3119 4842 πολέμιον.
3156 4769 3326 4822 Τοῦτο
3352 4767 3452 4835 γὰρ
3479 4765 3695 4844 ἄντικρνς

2165 4865 2192 4916 ὁ
2217 4866 2328 4924 τοῖς
2364 4862 2529 4926 θείοις
2565 4865 2844 4934 Πατράσιν
2875 4864 3175 4929 ἀντιλέγειν
3207 4857 3531 4929 φιλονεικῶν,
3561 4854 3607 4904 ἐν
3633 4842 3693 4903 οἷς

2168 4956 2365 5007 ἐκεῖνοι
2407 4955 2570 5022 φάναι
2623 4954 2761 5021 μετὰ
2804 4953 2899 5006 τοῦ
2955 4952 3270 5019 Πνεύματος
3327 4949 3554 5015 ἔφασανο
3597 4933 3693 4990 ἐπεὶ

2167 5047 2260 5099 καὶ
2289 5046 2353 5099 τὰ
2388 5045 2598 5116 μεγάλα
2630 5047 2991 5117 προσκρούειν
3021 5043 3161 5096 οὓτω
3212 5041 3447 5108 πέφυκεν
3475 5035 3544 5096 είς
3567 5029 3691 5086 θεδνν

486 5132 644 5202 εἴπερ
682 5130 813 5195 Θεός
848 5132 995 5185 ἐστιν
1032 5129 1293 5200 ἀψευδὴς,
1333 5128 1520 5201 ὥσπερ
1587 5127 1679 5185 οὖν
1715 5133 1807 5186 καί
1851 5135 1970 5187 ἐστι
2036 5138 2363 5208 παναληθῶς
2401 5138 2458 5191 τὸ
2491 5140 2713 5208 Πνεῦμα
2737 5140 2795 5191 τὸ
2830 5140 3006 5206 ἅγιον,
3038 5133 3082 5204 ᾧ
3123 5136 3210 5190 διὰ
3274 5132 3467 5191 παντὸς
3497 5121 3690 5196 ἐμπνεόη

487 5245 637 5296 μενοι
690 5227 808 5281 λίαν
855 5225 1112 5296 ἀσφαλῶς
1175 5226 1546 5296 ὲδογμάτιζον.
1581 5227 1746 5282 Ταῦτ’
1798 5231 1908 5300 ἄρα
1961 5232 2052 5286 καὶ
2091 5233 2276 5304 κοινὴν
2304 5233 2565 5302 ποιοῦμαι
2591 5235 2689 5305 τὴν
2719 5235 3053 5304 πρόσκλησιν
3083 5250 3097 5264 ·

554 5321 644 5374 42.
689 5317 781 5374 Eia
817 5319 960 5389 agite
1007 5333 1224 5384 omnes,
1262 5334 1462 5376 sonora
1494 5333 1626 5378 voce
1665 5319 1930 5385 clamans,
1964 5323 2053 5391 qui

483 5416 549 5470 ad
585 5415 695 5469 haec
720 5427 893 5482 usque
916 5420 1162 5482 tempora
1180 5411 1474 5468 obstitiStis
1501 5419 1557 5465 et
1577 5413 1921 5480 repugnastis
1953 5414 2052 5483 ipsi

484 5506 708 5569 unitati,
767 5519 910 5574 quos
953 5504 1119 5573 paulo
1176 5513 1305 5558 ante
1352 5502 1570 5571 pietatis
1614 5504 1907 5571 magistros
1957 5506 2055 5558 ad-

481 5598 760 5661 duximus,
792 5595 1101 5660 audientes,
1135 5594 1370 5662 indeque
1391 5592 1757 5654 addiscentes,
1790 5591 2050 5662 Spiritum

482 5699 732 5744 senctutn
766 5705 915 5753 esse,
959 5699 1013 5743 et
1057 5688 1314 5757 conjungi
1352 5702 1478 5750 cum
1523 5684 1632 5737 Deo
1679 5695 1732 5739 et
1771 5685 1928 5740 Patre
1961 5703 2054 5756 per

482 5779 856 5847 Uuigcnittttn,
886 5797 980 5849 pcr
1023 5783 1204 5850 ipsum
1241 5780 1403 5834 ctiam
1437 5778 1812 5834 exsistentiam
1849 5779 2050 5834 habere

2240 5325 2350 5396 μβ’.
2385 5317 2546 5378 Δεῦτε
2579 5326 2642 5397 δὴ
2676 5327 2895 5392 πάντες,
2942 5325 3082 5394 βοῶν
3119 5325 3452 5394 διαπρύσιον,
3477 5321 3520 5372 οἱ
3557 5316 3687 5385 μέχρι

2159 5415 2254 5468 τοῦ
2289 5414 2381 5468 νῦν
2408 5417 2540 5483 ἡμῖν
2585 5416 2994 5484 ὰνθιστὸιμενοι,
3031 5415 3262 5469 καὶτῶν
3296 5415 3482 5485 μικρὸν
3517 5403 3686 5462 ἄνωθεν

2161 5505 2564 5573 διαληφθέντων
2612 5509 2710 5574 τῆς
2758 5505 3038 5568 εὐσεϐείας
3077 5503 3405 5558 διδασκάλων
3455 5489 3683 5566 ἀκροασά·

2160 5614 2337 5664 ¹μενοι,
2372 5597 2466 5650 καὶ
2511 5597 2728 5664 γνόντες
2768 5597 2935 5648 ὅτιτὸ
2976 5594 3199 5664 Πνεῦμα
3228 5593 3288 5646 τὸ
3317 5593 3462 5662 ἅγιον
3492 5587 3568 5639 διὰ
3607 5595 3679 5632 του

2161 5687 2498 5754 Μονογενοῦς
2529 5690 2642 5740 ἐστι
2672 5705 2731 5740 τε
2777 5688 2872 5739 καὶ
2902 5687 3232 5740 συνάπτεται
3258 5685 3329 5755 τῷ
3351 5682 3460 5751 Θεῷ
3487 5679 3568 5730 καὶ
3596 5673 3680 5723 ﬂl-

2161 5783 2267 5850 τρὶ,
2309 5780 2371 5832 δι’
2416 5780 2578 5834 αὑτοῦ
2613 5781 2703 5832 καὶ
2737 5782 2833 5852 τὴν
2871 5780 3105 5849 ὓπαρξιν
3135 5780 3275 5850 ἔχειν
3321 5769 3600 5843 ἀναγκαίως
3627 5775 3674 5811 εκ
