3970 6402
288 393 420 460 11.37

1138 399 1236 460 DE
1274 395 1795 460 PROCESSIONE
1836 395 1896 455 S.
1941 375 2299 459 SPlRlTL’S
2337 388 2540 449 OlUT
2607 388 2655 446 l.

3420 376 3553 438 “'3

282 509 475 563 τούτου
511 510 862 573 πιστεύςατε,
915 512 1007 564 καὶ
1054 512 1220 581 μηδὲν
1269 511 1640 573 ἐνδοιάσαντες
1677 508 1863 578 στῆτε,
1898 542 1911 568 ι

1997 505 2285 561 iere-sazio
2312 501 2548 564 credite,
2593 508 2667 560 et,
2699 504 2901 550 ιεςηςιιο
2926 493 3073 547 omni
3121 495 3481 545 dubitatione.
3523 494 3552 541 ἐι

287 601 614 668 παρακαλῶ,
640 601 758 671 μεθ’
784 605 816 672 ἡ
826 601 966 672 μῶν,
997 604 1091 656 καὶ
1114 604 1210 674 τὴν
1242 603 1412 672 καλὴν
1441 602 1647 671 ταύτην
1671 602 1868 670 ὁμολο-

287 692 415 759 γίαν
451 693 517 762 ei;
529 710 692 760 μασιν
723 694 947 757 οἰκείοις
995 694 1392 765 ὁμολογήσαιτε,
1429 696 1550 758 ταῖς
1575 693 1748 755 θείαις
1780 692 1875 745 καὶ

287 784 428 835 κατᾶ
459 782 621 836 τοῦτο
658 785 1073 853 συμφωνοῦντες
1102 786 1368 854 Γραφαῖς,
1400 785 1485 839 ἴνα
1515 787 1608 839 καὶ
1642 786 1739 855 τὴν
1760 784 1876 838 διά-

287 889 435 924 νοιαν
471 875 607 943 ὁμοῦ
645 876 739 928 καὶ
765 876 865 946 τὴν
904 876 1179 944 γλῶσσαν,
1210 877 1310 945 τὴν
1343 876 1443 947 μὲν
1474 875 1551 946 τῷ
1583 874 1876 929 πιστεῦσαι

286 968 351 1034 τῇ
409 964 658 1034 ἀληθείᾳ,
701 966 800 1036 τὴν
852 966 908 1019 δὲ
950 966 1030 1036 τῷ
1075 968 1280 1040 ταύτην
1329 967 1662 1037 ὁμολογῆσαι
1706 969 1876 1022 καθα-

287 1055 539 1124 γιάσητε,
572 1057 668 1110 καὶ
694 1056 770 1128 μὴ
810 1056 977 1112 τᾶλλα
1024 1058 1202 1112 πάντα
1244 1057 1343 1127 τῆς
1370 1059 1535 1127 ὀρθῆς
1567 1058 1724 1128 δόξης
1752 1076 1872 1127 τυγ·

287 1146 565 1214 χάνοντες,
596 1145 657 1199 τὸ
687 1147 821 1216 γοῦν
853 1146 1090 1201 ἐνταῦθα
1122 1149 1286 1218 μέρος
1311 1149 1407 1218 οὐχ
1441 1149 1750 1220 ύγιαίνητε,
1784 1150 1881 1202 atati.

288 1235 386 1288 τοῦ
443 1237 644 1299 παντὸς
689 1237 833 1291 οὕτω
883 1236 1200 1292 δικαίότατα
1251 1238 1512 1309 κρίνησθε
1562 1239 1714 1308 παρὰ
1766 1241 1880 1304 τοῖς

292 1326 603 1396 εὐγνώμοσι
644 1328 753 1383 τῶν
800 1329 1106 1401 ἀνθρώπων
1144 1331 1528 1393 ἐκπίπτοντες.
1573 1330 1664 1392 Τίς
1717 1332 1824 1399 γὰρ
1854 1331 1880 1383 ὁ

295 1419 457 1487 λόγος
512 1419 573 1472 τδ
623 1423 723 1491 μὲν
754 1417 895 1475 εἶναι
934 1423 1031 1475 καὶ¹
1068 1421 1435 1476 συνάπτεσθαι
1471 1422 1531 1475 τὸ
1564 1421 1788 1491 Πνεῦμα
1820 1422 1882 1474 τὸ

294 1512 452 1582 ἆγιον
480 1512 558 1582 τῷ
578 1513 696 1582 Θεῷ
726 1514 822 1567 καὶ
856 1515 1029 1586 Πατρὶ
1056 1515 1143 1568 διὰ
1177 1514 1265 1567 τοῦ
1297 1515 1425 1567 Υἱοῦ
1453 1513 1879 1586 παραδέχεσθαι,

292 1603 354 1656 τὸ
387 1602 444 1654 δὲ
481 1603 575 1656 καὶ
607 1603 706 1674 τὴν
754 1603 990 1674 ὕπαρξιν
1036 1603 1182 1674 ἔχειν
1220 1605 1293 1657 δι’
1326 1603 1490 1657 αὐτοῦ
1541 1605 1615 1676 μὴ
1659 1605 1884 1676 προσὶεο

297 1695 464 1761 σθαι;
500 1688 726 1759 Πάντως
769 1697 986 1767 ἀνάγκη
1039 1698 1098 1749 τὸ
1141 1696 1370 1768 Πνεῦμα
1397 1698 1457 1750 τὸ
1506 1698 1682 1766 ἅγιον,
1725 1700 1774 1751 εἱ
1808 1697 1884 1770 μὴ

294 1787 386 1840 διὰ
415 1788 522 1841 τοῦ
543 1789 719 1856 Λόγου
751 1787 957 1855 ταύτην
1008 1788 1251 1853 πλουτεῖ,
1290 1788 1364 1860 μὴ
1395 1789 1461 1842 δι’
1509 1788 1675 1842 αὐτοῦ
1707 1792 1881 1843 συνεί-

297 1893 386 1930 ναι
422 1878 517 1931 καλ⁸
561 1879 933 1933 συνάπτεσθαι
970 1878 1046 1949 τῷ
1090 1878 1209 1947 Θεῷ
1243 1881 1338 1932 καὶ
1383 1880 1581 1951 "arpi,
1633 1883 1727 1935 καὶ
1773 1899 1889 1935 κιν-

299 1969 513 2023 δυνεύει
535 1970 727 2024 τοῦτον
778 1970 873 2024 τὸν
903 1971 1108 2041 τρόπον
1137 1971 1400 2042 περιττήν
1438 1990 1560 2025 τινα
1608 1973 1887 2043 τηνάλλως

300 2060 479 2114 τελεῖν
523 2062 624 2134 τὴν
671 2062 928 2133 τοιαύτην
959 2063 1240 2133 θεολογίαν
1275 2065 1372 2117 ἐπὶ
1404 2064 1500 2117 τοῦ
1547 2065 1885 2136 Πνεύματος.

312 2155 679 2226 Προαπόλωλε
709 2156 766 2210 δὲ
794 2156 919 2211 καθ’
947 2158 1092 2228 ὑμᾶς
1121 2159 1216 2212 καὶ
1247 2158 1398 2212 πᾶσα
1425 2159 1586 2229 ῥῆσις
1614 2160 1712 2227 τῆς
1741 2159 1889 2224 θείας

304 2245 555 2318 Γραφῆς,
592 2248 714 2318 ἥτις
762 2248 1031 2320 ὑπάρχειν
1076 2251 1139 2301 ὲκ
1174 2248 1387 2319 [ἰατρὸς
1435 2249 1525 2302 διὰ
1565 2250 1656 2305 τοῦ
1714 2252 1890 2320 Λόγου

304 2337 572 2408 κηρύττει
606 2340 668 2392 τδ
717 2340 941 2411 Πνεῦμα
985 2341 1047 2394 τδ
1078 2339 1256 2408 ἅγιον,
1303 2340 1486 2405 καθὼς
1526 2341 1892 2413 ἀπεδείξαμεν

308 2430 368 2484 ὲν
402 2429 480 2500 τῷ
512 2431 766 2501 παρόντι,
802 2432 1009 2484 τούτων
1039 2431 1279 2502 ἑκάστην
1305 2432 1615 2503 ὲκθέμενοι,
1646 2434 1742 2486 καὶ
1768 2436 1895 2499 τοὺς

306 2519 482 2573 ταῦτα
509 2521 691 2575 πάντα
732 2522 1010 2590 φαμένους
1055 2520 1243 2590 ἁγίους
1277 2520 1523 2576 λείπεται
1564 2523 1892 2589 διαϐάλλειν,

306 2609 386 2672 ὡς
414 2608 517 2663 οὒκ
541 2610 794 2674 εἰπόντας
830 2611 1032 2679 καλῶς,
1061 2612 1182 2666 οὐδὲ
1214 2612 1618 2683 πρεσϐεύοντας
1642 2615 1737 2687 τὴν
1763 2616 1895 2687 ἀλή-

307 2706 485 2761 θειαν.
543 2703 716 2757 Τοῦτο
758 2703 814 2756 δὲ
850 2706 1047 2773 φρενὸς
1100 2704 1200 2776 μὲν
1252 2707 1552 2777 σατανικῆς
1604 2707 1893 2780 διανόημα,

312 2800 567 2871 πονηρῶν
596 2802 690 2855 καὶ
720 2801 947 2872 χειλέων
978 2802 1270 2871 ἁπήχημα.
1320 2802 1493 2857 Πόθεν
1527 2802 1640 2873 γὰρ
1667 2804 1818 2874 ἡμῖν,
1852 2807 1898 2858 εί

315 2890 394 2961 μὴ
424 2893 577 2963 παρὰ
625 2893 830 2945 τούτων
870 2894 990 2946 ἐστὶ
1020 2893 1080 2946 τὸ
1125 2892 1451 2961 ὀρθοδοξείν,
1497 2894 1589 2956 οὒς
1621 2894 1719 2962 τῆς
1748 2897 1897 2949 εύσει

311 2984 471 3047 Gaia;
529 2984 626 3053 μὲν
661 2988 983 3057 προμάχους
1038 2984 1318 3057 στερροὺς,
1378 2986 1477 3055 τῆς
1533 2987 1903 3057 οἱρετικῆςηδὲ

312 3076 524 3147 πλάνης
553 3077 886 3146 καθαιρὲτας
909 3075 1266 3145 ἐγνώκαμεν;
1310 3075 1448 3129 Ἀλλ’
1480 3074 1667 3146 ὥσπερ
1705 3078 1903 3151 ὲκεζνο,

1977 597 2132 651 nobis
2163 604 2323 656 state,
2356 602 2409 647 et
2438 591 2721 661 pulchram
2757 586 2898 641 hanc
2933 583 3338 637 confessionem
3381 582 3556 633 veritis

1977 688 2181 743 vestris
2210 683 2569 758 proﬁtemini,
2603 679 2806 735 divinis
2831 679 2884 732 in
2920 679 3022 732 hoc
3052 674 3218 729 etiam
3255 672 3558 742 Setipturis

1978 779 2307 842 concordes,
2335 787 2394 832 ut
2418 769 3008 846 cogitationem‘simui
3037 776 3090 822 et
3113 767 3377 835 linguam,
3409 764 3557 818 illum

1979 867 2256 923 credendo
2293 864 2534 929 veritati,
2569 863 2710 916 hanc
2734 873 2859 914 eam
2893 853 3209 911 conﬁtendo
3246 848 3559 905 sanctiilee-

1980 959 2073 1026 tis,
2105 968 2160 1014 et
2192 972 2317 1012 cum
2352 957 2409 1011 in
2446 953 2674 1024 reliquis
2703 949 2824 1006 aliis
2860 956 3010 1003 recte
3041 942 3331 1008 sentiatis,
3365 941 3468 994 hac
3504 940 3559 992 in

1980 1060 2137 1124 parte
2166 1064 2258 1117 ne,
2291 1063 2508 1121 precor,
2538 1059 2680 1115 σιεγε
2709 1041 2989 1107 laboretis,
3014 1046 3069 1093 et
3101 1035 3181 1092 sic
3215 1036 3269 1090 in
3302 1031 3561 1089 omnibus

1980 1147 2051 1201 ab
2080 1143 2396 1199 hominibus
2423 1136 2787 1211 prudentibus
2821 1131 3017 1188 merito
3050 1127 3319 1185 decidisse
3347 1132 3564 1194 repute-

1983 1238 2137 1292 mini.
2174 1235 2307 1303 Quae
2337 1234 2487 1289 enim
2514 1231 2660 1286 ratio
2699 1238 2816 1294 est,
2863 1239 2987 1282 esse
3016 1233 3071 1279 et
3099 1220 3356 1292 conjungi
3387 1218 3565 1288 Spiri-

1982 1340 2099 1386 tum
2134 1336 2390 1385 sanctum
2430 1341 2554 1381 cum
2588 1323 2699 1378 Deo
2732 1329 2785 1377 et
2814 1321 2976 1375 Patre
3006 1331 3104 1388 per
3132 1315 3332 1370 Filium
3364 1314 3566 1369 admit-

1986 1431 2121 1483 tere,
2160 1433 2258 1490 per
2290 1431 2417 1472 eum
2457 1428 2590 1471 vero
2625 1409 3001 1467 exsistentiam
3038 1406 3239 1461 habere
3271 1403 3569 1473 respirem?

1983 1510 2223 1568 Omnino
2257 1523 2482 1565 necesse
2514 1514 2597 1562 est
2630 1504 2899 1575 Spiritum
2941 1508 3196 1557 sanctum
3238 1498 3282 1552 sl
3318 1510 3434 1548 eam
3473 1509 3567 1563 per

1988 1604 2226 1661 Verbum
2258 1616 2370 1657 non
2402 1598 2670 1671 possidet,
2706 1609 2884 1666 neque
2918 1609 3013 1666 per
3046 1592 3221 1664 ipsum
3251 1589 3418 1644 simul
3446 1603 3568 1640 esse

1985 1704 2039 1754 et
2066 1696 2325 1767 conjungi
2358 1709 2483 1750 eum
2518 1692 2628 1748 Deo
2660 1699 2715 1746 et
2746 1687 2939 1752 Patre,
2974 1695 3030 1743 et
3063 1683 3264 1740 similis
3299 1680 3512 1749 theolog
3537 1695 3568 1733 ει

1988 1791 2057 1846 de
2089 1788 2295 1859 Spiritu
2322 1774 2517 1842 sancto
2548 1795 2954 1855 supervacanea
2988 1792 3112 1835 esse
3142 1773 3566 1847 periclitabitur.

1991 1880 2058 1935 Et
2101 1886 2281 1934 vestra
2330 1890 2551 1946 quoque
2598 1872 2868 1928 sententia
2913 1870 3028 1940 jam
3079 1867 3252 1923 multo
3290 1875 3448 1919 antea
3476 1864 3571 1916 de-

1989 1969 2201 2040 perdita
2236 1976 2365 2022 sunt
2407 1966 2666 2021 universa
2708 1976 2883 2021 saera:
2919 1960 3222 2030 Scripturae
3251 1958 3416 2022 dicta,
3452 1969 3571 2024 qua:

1990 2078 2053 2117 ex
2089 2062 2251 2114 Patro
2276 2073 2374 2130 per
2407 2056 2651 2112 Verbum
2684 2054 2950 2110 exsistere
2989 2052 3256 2122 Spiritum
3300 2049 3573 2120 depraedi-

1993 2161 2141 2215 eant,
2179 2159 2240 2206 ut
2287 2147 2540 2220 prasenti
2595 2145 2849 2202 oratione
2904 2142 3286 2206 ostendimus,
3338 2141 3574 2209 singulis

1992 2242 2295 2312 expositis,
2331 2249 2387 2296 et
2407 2240 2687 2311 reliquum
2715 2245 2799 2292 est
2830 2244 3077 2300 sanctos,
3108 2237 3198 2303 qui
3230 2231 3426 2288 similia
3454 2247 3578 2300 pro-

1993 2335 2344 2397 nuntiarunt,
2367 2333 2537 2403 quasi
2569 2343 2679 2385 non
2720 2328 2861 2384 bene
2896 2323 3366 2398 prmtuntiassent,
3401 2338 3577 2391 neque

1995 2428 2208 2483 veritati
2240 2427 2446 2497 primas
2480 2431 2665 2495 partes
2696 2419 2977 2476 dedissent
3020 2418 3075 2473 in
3112 2416 3324 2471 crimen
3359 2430 3574 2469 vocare.

1985 2521 2109 2578 Hoc
2140 2534 2267 2574 vero
2306 2515 2572 2574 salanintn
2597 2513 2796 2569 mentis
2828 2510 3110 2566 inventum
3144 2518 3248 2573 est,
3285 2516 3339 2563 et
3369 2508 3577 2576 impro—

2000 2613 2196 2668 borum
2246 2608 2518 2665 Iabiorum
2574 2618 2838 2662 resonans
2891 2600 3173 2671 strepitus.
3230 2597 3383 2655 Unde
3430 2600 3576 2654 enim

2001 2702 2162 2757 nobis
2190 2700 2294 2755 nisi
2327 2714 2393 2752 ex
2430 2696 2514 2752 his
2546 2694 2680 2765 ipsis
2706 2699 2857 2747 recta
2887 2687 2954 2744 de
2985 2687 3088 2743 (ide
3118 2685 3409 2749 sententia,
3441 2698 3580 2752 quos

2001 2789 2221 2861 pietatis
2257 2787 2466 2842 vnlidos
2506 2780 2866 2848 defensores,
2897 2788 2951 2833 et
2983 2775 3222 2832 haeretici
3260 2773 3582 2843 ἀρρωδίη-ος

2001 2881 2208 2935 erroris
2260 2876 2610 2948 agnoscimus
2641 2871 2793 2927 ?Sed
2845 2880 2906 2925 ut
2957 2868 3122 2934 illud,
3169 2866 3336 2923 simul
3390 2881 3585 2933 nempe

2004 2988 2126 3028 esse
2165 2980 2219 3027 et
2252 2969 2509 3039 conjungi
2542 2966 2653 3021 Deo
2684 2973 2738 3021 et
2773 2962 2920 3017 Patri
2957 2977 3050 3031 per
3082 2956 3279 3015 Filium
3324 2959 3583 3028 Spiritum

2005 3072 2280 3126 sanctum,
2329 3074 2437 3113 non
2468 3064 2553 3114 est
2596 3068 3005 3126 supervacanea
3049 3059 3104 3105 et
3152 3050 3354 3105 frustra
3391 3048 3585 3102 tradita

308 3169 377 3221 τὸ
429 3141 670 3223 σύνεῖναι
717 3141 919 3239 δηλαδὴ
950 3141 1064 3222 -καὶ
1117 3141 1487 3223 συνάπτεσθαι
1534 3168 1614 3238 τῷ
1639 3141 1777 3230 -Θεῷ
1807 3141 1901 3223 έιαλ

2007 3152 2317 3223 theologia,
2365 3150 2459 3205 sed
2518 3147 2750 3202 multum
2815 3145 3086 3216 planeque
3134 3141 3485 3203 necessaria,
3534 3149 3588 3195 et

313 3262 497 3332 Πατρὶ
529 3262 617 3316 διὰ
646 3261 743 3315 τοῦ
770 3261 904 3314 Υίοῦ
933 3260 998 3314 τὸ
1029 3261 1257 3332 Πνεῦμα
1286 3262 1346 3314 τὸ
1376 3259 1554 3328 ἆγιον,
1579 3261 1639 3314 οὑ
1670 3263 1898 3331 περιττή

315 3370 403 3416 τις
433 3352 709 3422 τηνάλλως
743 3352 990 3421 θεολογία
1021 3352 1187 3412 τελεῖ,
1239 3352 1438 3421 μᾶλλον
1474 3356 1572 3422 μὲν
1597 3348 1690 3406 οὖν
1737 3353 1903 3421 ἀναγ-

314 3444 455 3497 auia.
480 3441 558 3513 τῷ
589 3443 701 3495 ὄντι
739 3442 833 3495 καὶ
862 3443 996 3497 πολὺ
1033 3443 1093 3494 τὺ
1122 3442 1389 3511 χρήσιμον
1420 3440 1615 3510 ἔχουσα
1645 3459 1656 3471 ·
1684 3443 1776 3495 τὸν
1807 3441 1903 3494 αὐ-

315 3538 411 3589 τὴν
440 3536 504 3604 δὴ
533 3538 732 3606 τρόπον
756 3535 876 3588 οὐδὲ
899 3534 961 3588 τδ
990 3535 1259 3604 ὑπάρχειν
1285 3532 1442 3587 τοῦτο
1461 3533 1527 3586 δι’
1556 3532 1722 3586 αὐτοῦ
1756 3534 1905 3605 napi

318 3625 415 3679 τοῦ
451 3625 664 3695 [ἰατρὸς
694 3625 722 3677 ὁ
743 3625 840 3693 τῆς
873 3622 1130 3694 ἀληθείας
1161 3622 1463 3693 λατρευτὴς
1505 3623 1902 3692 ἁπαρνὴσεται.

320 3716 397 3768 Τδ
428 3714 535 3784 γὰρ
572 3713 796 3784 Πνεῦμα
830 3712 890 3766 τδ
921 3708 1101 3780 ἅγιον,
1132 3710 1208 3776 ὡς
1251 3712 1287 3782 ἡ
1322 3710 1444 3763 θεία
1475 3715 1569 3764 καὶ
1614 3710 1734 3782 ἱερὰ
1756 3710 1905 3763 διδά-

323 3824 448 3862 σκει
481 3823 547 3877 με
592 3808 741 3858 πᾶσα
769 3803 985 3875 Γραφὴ,
1018 3803 1151 3867 Θεός
1182 3805 1299 3857 ἐστι
1329 3803 1535 3866 τέλειος
1569 3800 1814 3871 ἀψευίὦς
1844 3802 1909 3854 ἐκ

323 3897 530 3952 τελείου
560 3895 697 3950 Θεοῦ
723 3898 818 3949 τοῦ
853 3893 1063 3963 [ἰατρὸς
1088 3892 1176 3946 διὰ
1204 3891 1410 3945 τελείου
1442 3889 1576 3944 Θεοῦ
1626 3890 1719 3944 τοῦ
1750 3907 1908 3961 μονο-

325 3987 525 4060 γενοῦς
578 3989 719 4040 κατὰ
763 3987 862 4048 τὰς
912 3982 1338 4054 προεκτεθείσας
1392 3981 1700 4052 μαρτυρίας
1751 3983 1914 4036 ἐκπο-

324 4081 649 4153 ρευόμενος.
667 4076 851 4140 Οὕτως
873 4075 980 4147 ἔχω
1004 4092 1071 4129 πε
1079 4076 1133 4146 pi.
1153 4072 1365 4137 τούτου,
1396 4074 1490 4125 καὶ
1509 4071 1681 4135 οὕτως
1699 4072 1912 4143 ἑδραῖος

330 4177 392 4228 ἐν
417 4177 482 4245 τῇ
512 4169 764 4243 παρούσῃ
819 4168 1011 4239 γνώμη
1060 4167 1156 4220 καὶ
1199 4165 1493 4235 ἁκλόνητος
1527 4164 1759 4233 ἵσταμαι
1793 4169 1913 4230 ταῖς

333 4266 525 4333 σοφαῖς
549 4263 782 4334 χρήσεσι
838 4260 946 4315 τῶν
982 4259 1177 4329 ἁγίων,
1230 4258 1420 4331 ὥσπερ
1474 4259 1587 4312 τισὶ
1632 4260 1915 4330 κραταιοῖς

334 4357 548 4419 στύλοις
594 4352 1007 4423 ἐπερειδόμενος
1070 4353 1356 4414 πάντοθεν,
1413 4351 1507 4404 καὶ
1565 4349 1728 4419 μηδὲν
1781 4350 1916 4402 ὑπο-

336 4451 593 4519 πτήσσων
637 4448 736 4509 τὰς
795 4444 905 4498 τῶν
939 4444 1148 4515 ἀγρίων
1191 4444 1517 4512 πνευμάτων
1556 4441 1915 4518 ἀντεμὸολὰς,

2011 3244 2163 3299 valde
2186 3244 2450 3313 proﬁcua,
2489 3240 2604 3309 pari
2631 3235 2795 3292 modo
2829 3248 3007 3306 neque
3034 3230 3298 3304 Spiritum
3323 3233 3590 3313 essistere

2007 3355 2106 3409 per
2160 3338 2358 3394 Filium
2418 3351 2452 3391 a
2502 3332 2665 3389 Patre
2721 3331 2940 3402 pietatis
2997 3327 3174 3384 cultor
3231 3306 3585 3381 inﬂciabitur.

2010 3431 2249 3498 Spiritus
2280 3427 2425 3482 enim
2461 3433 2713 3488 sanctus,
2754 3432 2812 3474 ut
2844 3418 3029 3475 divina
3061 3427 3113 3473 et
3141 3412 3301 3472 sacra
3330 3410 3588 3469 uniuersa

2013 3524 2299 3593 Scriptura
2342 3534 2428 3573 me
2473 3522 2661 3583 docet,
2712 3513 2858 3574 Dtjus
2896 3519 2979 3566 est
3000 3507 3322 3580 ’perl‘ectus,
3359 3521 3486 3560 vere
3524 3518 3593 3560 ex

2013 3614 2252 3683 perfecto
2284 3610 2393 3666 Deo
2417 3609 2575 3664 Patre
2595 3622 2688 3676 per
2713 3601 3015 3675 perfectum
3042 3599 3210 3655 Deum
3248 3598 3591 3667 unigenitum

2014 3705 2349 3775 procedens,
2389 3710 2449 3755 ttt
2492 3712 2660 3768 supra
2693 3696 2905 3763 digesta
2956 3690 3277 3746 testimonia
3318 3689 3591 3743 intonant.

2012 3796 2141 3852 llaec
2171 3811 2289 3850 mea
2325 3793 2392 3850 de
2437 3793 2541 3846 hoc
2587 3786 2855 3846 sententia
2889 3792 2997 3849 est,
3035 3791 3090 3838 et
3131 3781 3211 3837 sic
3240 3781 3296 3836 in
3328 3790 3597 3852 praesente

2015 3888 2291 3946 sententia
2318 3884 2532 3942 stabilis
2552 3891 2606 3940 et
2627 3881 2996 3937 inconcussus
3019 3872 3276 3946 persisto,
3300 3880 3352 3928 et
3376 3871 3596 3949 sapien-

2018 3981 2166 4036 tibus
2208 3989 2528 4035 sanctorum
2577 3973 2741 4030 dictis
2775 3970 2856 4026 uti
2895 3968 3092 4025 validis
3139 3965 3414 4023 columnis
3445 3964 3598 4019 omni

2019 4088 2101 4141 ex_
2123 4079 2276 4142 parte
2311 4069 2540 4125 innixus
2573 4065 2928 4122 eﬂ‘eratorum
2961 4059 3188 4116 ﬂetuum
3229 4058 3464 4129 impetus
3495 4056 3600 4111 mi-

2021 4164 2169 4218 nime
2202 4161 2553 4232 pertimesco,
2586 4173 2727 4228 quos
2758 4153 3200 4213 adversariorum
3233 4152 3392 4207 turba
3420 4148 3602 4221 qunti-

2021 4256 2110 4312 die
2157 4255 2376 4309 obviam
2413 4252 2549 4307 mihi
2585 4249 2731 4306 facta
2759 4249 3021 4304 concitat.
3054 4244 3119 4299 Et
3149 4245 3266 4300 haec
3295 4244 3362 4299 de
3394 4241 3600 4313 Spiritu

2025 4356 2235 4411 sancto,
2269 4346 2417 4415 quod
2455 4344 2546 4399 ille
2571 4340 2949 4399 exsistentiam
2983 4338 3178 4393 habeat
3212 4351 3278 4391 ex
3311 4339 3475 4389 Patre
3508 4346 3604 4404 per

2024 4441 2247 4509 Filium,
2275 4439 2329 4494 in
2357 4437 2559 4508 quibus
2593 4446 2649 4491 et
2691 4433 2878 4504 primae
2919 4440 3122 4486 nostras
3165 4428 3397 4481 orationi
3442 4428 3602 4482 linem

333 4541 402 4604 ἃς
492 4540 601 4592 τῶν
631 4536 1045 4605 ἀνθεστηκότων
1082 4538 1361 4606 ἐπεγείρει
1392 4534 1743 4603 καθεκάστην
1773 4536 1911 4603 πλη-

2023 4535 2276 4597 fecimus,
2304 4530 2382 4589 ob
2408 4543 2575 4599 quam
2624 4534 2678 4590 et
2709 4528 2822 4587 Deo
2856 4521 3060 4595 gratias
3089 4520 3303 4591 agimus
3336 4517 3603 4573 honorum

326 4632 435 4694 -θίις
486 4628 790 4684 ἀπαντῶσά
830 4645 922 4697 μοι
974 4627 1120 4681 κατὰ
1170 4628 1482 4697 πρόσωπον.
1528 4626 1690 4683 Ἀλλὰ
1743 4624 1911 4680 ταῦτα

2023 4623 2275 4688 omnium
2327 4618 2649 4692 pet-lectori.
2708 4614 2843 4685 Quae
2900 4628 3030 4670 vero
3086 4620 3398 4682 sequuntur
3449 4608 3605 4662 alteri

340 4724 443 4793 μὲν
476 4720 724 4793 περὶτοῦ
755 4720 854 4789 τὴν
882 4718 1123 4787 ὓπαρξιν
1155 4718 1299 4787 ἔχειν
1339 4721 1403 4772 ὲκ
1438 4718 1657 4785 Πατρὸς
1687 4715 1757 4772 δι’
1788 4716 1911 4771 Υἱοῦ

2026 4715 2341 4781 certamini,
2391 4711 2539 4786 quod
2593 4710 2700 4767 hoe
2747 4714 3017 4781 praesente
3065 4705 3122 4760 in
3176 4704 3327 4760 nullo
3379 4702 3609 4757 inferius

335 4816 398 4867 τὸ
425 4815 654 4882 Πνεῦμα
684 4813 744 4866 τὸ
775 4813 948 4881 ἅγιον,
986 4804 1067 4874 οἷς
1098 4811 1192 4863 καὶ
1230 4811 1320 4862 τὸν
1347 4809 1563 4881 πρῶτον
1611 4809 1803 4863 τοῦτον
1832 4808 1911 4862 λό-

2026 4807 2152 4869 erit.
2181 4806 2364 4861 locum
2392 4805 2755 4876 praestabunt,
2780 4800 2931 4871 quod
2952 4798 3019 4854 ad
3045 4797 3351 4854 secundum
3383 4799 3610 4851 tleSceu-

338 4921 437 4975 γον
473 4905 572 4974 ἤδη
609 4904 1058 4974 συνεπεράναμεν
1082 4941 1097 4965 ,
1147 4900 1217 4953 δι’
1243 4900 1300 4952 ὂν
1352 4903 1447 4954 καὶ
1490 4901 1649 4971 χάρις
1693 4900 1813 4972 Θεῴ
1846 4900 1911 4967 τᾷ

2032 4900 2225 4959 dentes
2261 4900 2500 4964 stadium
2539 4895 2946 4953 decertahimus
2989 4890 3046 4946 in
3086 4891 3312 4969 Christo
3342 4888 3471 4944 Jesu
3504 4886 3611 4941 Do-

340 4997 565 5048 πάντων
615 4995 873 5064 τελειωτῇ
906 4992 1014 5046 τῶν
1042 4990 1242 5045 καλῶν.
1277 4990 1358 5044 Τὰ
1403 4990 1460 5042 δὲ
1488 4991 1751 5046 ἐπέκεινα
1799 4991 1911 5044 τού-

2029 4993 2181 5056 mino
2215 5000 2437 5055 nostro,
2477 5005 2574 5059 per
2620 5003 2786 5058 quem
2818 5001 2846 5039 a
2889 4983 3053 5039 Patre
3097 4962 3338 5051 Spiritus
3389 4988 3613 5035 sanctus

341 5102 454 5140 των
486 5085 571 5138 ἓτε
583 5102 673 5155 ρος
703 5078 857 5146 οὗτος
898 5081 1067 5151 ἀγὼν,
1105 5081 1274 5152 μηδὲν
1306 5080 1568 5134 ἐλλείπων
1592 5083 1686 5135 τοῦ
1721 5083 1911 5153 παρόν-

2033 5083 2386 5152 progrediens
2438 5080 2647 5135 inﬂabit
2690 5078 2847 5134 nobis
2922 5074 3153 5145 gratiam
3205 5073 3271 5126 ad
3327 5084 3615 5126 sermones

341 5192 434 5240 τος
473 5177 598 5248 μηδ’
625 5175 892 5230 ὁπωσοῦν.
928 5175 1030 5229 Τὸν
1065 5173 1120 5227 δὲ
1154 5174 1248 5226 καὶ
1280 5174 1417 5242 πρὸς
1467 5169 1720 5242 δεύτερον
1746 5190 1911 5226 κατα-

2032 5172 2267 5227 i‘eliciter
2310 5170 2653 5241 dirigendos.

341 5275 539 5337 ϐάντες
580 5273 795 5327 στάδιον
836 5269 1216 5340 ἀεθλεύεωμιτν
1257 5270 1316 5323 ἐν
1400 5268 1622 5337 Χριστῷ
1670 5267 1847 5337 Ἰησοῦ
1885 5267 1963 5337 τῷ
2002 5267 2195 5337 Κυρίῳ
2251 5265 2430 5337 ἡμῶν,
2472 5265 2536 5318 δι’
2602 5259 2666 5321 οὗ
2712 5265 2864 5337 παρὰ
2915 5250 3129 5329 nam;
3176 5259 3237 5311 τὸ
3278 5254 3506 5326 Πνεῦμα
3553 5255 3619 5309 τὸ

344 5374 502 5444 ἅγιον
550 5368 977 5443 προερχόμενον,
1010 5368 1311 5440 ὲμπνεύσοι
1352 5366 1513 5439 χάριν
1540 5366 1671 5437 ἡμῖν
1705 5365 1785 5428 εἰς
1812 5362 1922 5441 ςτῇν
1958 5363 2069 5417 τῶν
2090 5362 2264 5433 λόγων
2305 5362 2581 5419 εὐὸδωσιν.
