3970 6414
431 373 564 436 H39

1457 382 1969 444 CON'S'I‘AN'I'INI
2017 386 2563 447 ΜΕΙᾸΤΕΝΙΟΤΈ

3523 395 3635 458 11ἑο

651 536 3618 564 Μ

978 698 1280 834 ΤΟΥ
1355 703 1850 834 ΑΥΤΟΥ
1928 705 3130 821 ΚΩΝΣΤΑΝΤΙΝΟΥ

1668 920 1804 978 ΤΟΥ
1861 918 2343 975 ΜΕΛΙΤΗΝΙΩΤΟ
2353 921 2394 973 Υ

779 1067 958 1120 ΠΕΡΙ
1011 1071 1146 1151 7ζίἒὶ
1189 1073 1724 1152 ΕΙιἸΙΟΡΕΥΣΕΩΣ
1766 1078 1906 1130 ΤΟΥ
1953 1078 2016 1131 At

2120 1079 2181 1130 η’
2220 1078 2666 1132 ΙΙΝΕΥΜΑἘΙΣ
2700 1085 2822 1136 ΚΑΙ
2859 1084 2956 1135 ΕΚ
3002 1085 3130 1137 ΤΟΥ
3164 1085 3320 1139 1⁸1οΥ

1899 1237 2117 1288 ΛΟΓΟΣ
2160 1234 2232 1289 li'.

1198 1570 1836 1684 EJUSDEM
1927 1572 2910 1698 CONSTANTINI

1819 1789 2318 1848 MELITENIOTZE

905 1949 1014 2018 DE
1063 1946 1646 2010 [’ROCESSIONE
1689 1949 2077 2010 SI’IRITUS
2121 1949 2430 2010 SANCTI
2472 1952 2760 2016 ETIAM
2793 1955 2912 2016 EX
2949 1956 3193 2018 FILIO

1879 2113 2101 2193 Oratio
2156 2115 2210 2200 ll

507 2437 551 2489 l.
597 2433 877 2504 Interroga
943 2433 1162 2490 Patrem
1197 2444 1368 2501 tuum,
1429 2447 1477 2490 et
1511 2438 1856 2491 annuntiabit
1894 2437 2010 2501 tibi,

2191 2438 2262 2492 α’.
2308 2439 2736 2509 Ἐπερώτησον
2791 2443 2900 2497 τὸν
2953 2448 3194 2516 Πατέρα
3234 2464 3371 2516 σου,
3400 2450 3491 2504 καὶ
3521 2448 3672 2517 cit-d7:

428 2533 659 2582 reuinres
693 2537 832 2591 tuos,
869 2536 918 2581 et
972 2527 1145 2582 dicent
1187 2527 1282 2580 tibi
1307 2527 1373 2593 “,
1409 2544 1537 2598 pars
1566 2529 1682 2585 haec
1735 2538 1823 2584 est
1869 2529 2014 2584 beati

431 2621 628 2691 Ilnysis
668 2619 898 2686 cantici,
940 2634 1062 2690 quae
1111 2629 1170 2674 et
1221 2619 1354 2674 mihi
1411 2619 1665 2690 prooemii
1716 2621 1839 2675 loco
1885 2619 2012 2673 erit.

428 2715 565 2766 Cum
603 2713 762 2781 plane
810 2711 901 2766 illa
935 2711 1147 2775 divina,
1193 2720 1247 2766 ct
1297 2709 1456 2781 longe
1483 2711 1887 2782 sapientissima
1919 2710 2018 2765 ad.

431 2805 661 2857 monitio
693 2805 784 2868 sit,
814 2810 869 2857 et
893 2818 960 2856 ex
994 2817 1062 2857 eo
1089 2804 1156 2858 ad
1184 2803 1300 2857 haec
1330 2812 1516 2858 nostra
1541 2811 1786 2874 tempora
1816 2803 2016 2857 animis

432 2894 800 2966 prudentibus
827 2895 1105 2950 inhaerens
1132 2894 1431 2963 plurimum
1459 2896 1802 2952 auctoritatis
1833 2897 2014 2959 habet,

429 2999 486 3043 et
517 2996 953 3066 sarta'tectaque
983 2999 1362 3058 conservatur.
1396 2988 1479 3042 Illi
1516 3004 1617 3044 nos
1652 2990 1704 3042 in
1741 2989 2016 3043 anteriore

433 3082 600 3155 hujus
631 3080 978 3158 tractationis
1025 3089 1181 3150 parte
1215 3081 1434 3137 abunde
1479 3082 1757 3152 probeque
1796 3083 2016 3136 satisfe-

431 3175 610 3229 cimus
633 3213 648 3240 ,
697 3187 822 3228 cum
854 3187 919 3228 ex
957 3171 1117 3239 Patre
1151 3188 1246 3246 per
1275 3165 1490 3227 Filium.
1524 3172 1861 3245 sanctissimi
1897 3174 2020 3244 Spi-

433 3265 575 3319 ritus
631 3263 1016 3338 exsisteutiam
1074 3264 1494 3331 examinantes,
1553 3263 1768 3318 divinos
1828 3262 2018 3338 Patres

433 3355 728 3425 magistros
771 3363 826 3409 et
871 3363 1038 3411 testes
1085 3341 1361 3411 dictorum
1413 3363 1728 3412 nostrorum
1782 3353 2019 3410 adduxi-

436 3465 579 3510 mus,
614 3463 678 3501 ex
707 3449 908 3517 quibus
933 3451 1191 3504 omnibus
1223 3447 1536 3510 veritatem,
1603 3447 1679 3501 uti
1713 3455 1817 3508 est,
1851 3445 2020 3501 semel

434 3541 822 3610 cognovimus,
858 3550 911 3596 et
951 3557 1097 3597 nunc
1141 3542 1272 3595 item
1313 3540 1546 3595 satisfiet
1580 3553 1690 3605 non
1727 3537 1935 3604 minus,
1964 3536 2018 3591 in

434 3635 686 3699 [uersanti
719 3641 908 3687 nostra
946 3647 1137 3686 rursus
1168 3631 1236 3685 de
1261 3629 1465 3684 vivifici
1497 3629 1736 3698 Spiritus
1767 3644 1832 3683 ex
1859 3625 2020 3682 Patre

432 3735 492 3780 ct
525 3724 664 3780 Filio
691 3726 1016 3782 exsistentia
1051 3724 1481 3780 concertatione.
1511 3722 1646 3778 Cum
1681 3723 1770 3777 hic
1801 3737 2019 3798 quoque

433 3817 672 3871 maxima
704 3816 1018 3894 divinarum
1051 3813 1467 3883 Scripturarum
1497 3827 1621 3882 ope,
1650 3822 1704 3866 et
1736 3795 2022 3879 frequente
2048 3785 2096 3846 B

434 3909 504 3963 ab
535 3911 744 3964 eisdem
774 3911 946 3979 petito
973 3907 1177 3984 auxilio
1203 3921 1342 3976 opus
1377 3906 1481 3965 sit;
1516 3919 1623 3959 non
1655 3904 1800 3973 quod
1834 3918 1934 3958 nos
1962 3903 2017 3956 in

431 4015 616 4056 rerum
645 3985 956 4069 cognitione
1003 3999 1143 4053 inter
1173 3998 1376 4053 multos
1420 4011 1876 4060 annumeremur,
1913 4009 2013 4049 nec

431 4090 608 4162 logica
651 4089 916 4165 facultate
951 4104 1016 4144 ac
1055 4089 1105 4143 vi
1135 4104 1200 4144 ex
1232 4071 1472 4159 propriis
1508 4087 1918 4158 pt'azcellamus,
1965 4095 2020 4140 et

429 4183 665 4262 qumsuo
696 4183 896 4238 similis
930 4197 1128 4263 magna
1161 4171 1269 4248 sit',
1311 4192 1367 4237 et
1398 4182 1610 4252 magnis
1651 4181 1892 4250 indigeat
1919 4179 2018 4234 de-

430 4273 960 4350 monstrationibus;
1012 4275 1104 4329 sed
1152 4273 1299 4346 quod
1321 4274 1504 4344 potior
1549 4273 1835 4346 hominum
1869 4285 2015 4338 pars,

429 4370 486 4424 in
543 4367 890 4424 sermonibus
935 4351 1006 4422 de
1057 4351 1283 4437 pietate,
1329 4353 1439 4443 non
1478 4365 1552 4438 ita
1602 4365 1762 4438 facile
1800 4361 2016 4437 veritati

429 4461 673 4530 praebent
711 4475 1024 4525 assensum,
1074 4443 1198 4514 cum
1254 4458 1454 4513 animis
1489 4458 1543 4511 in
1591 4457 1818 4513 adversa
1864 4463 2018 4524 parte

427 4565 906 4630 pra-occupantur,
949 4553 1056 4608 nisi
1104 4553 1251 4622 quod
1289 4552 1486 4608 suadet
1517 4566 1582 4605 ac
1623 4556 1826 4630 movet,
1872 4548 2018 4602 anti-

424 4647 658 4717 quitatis
705 4644 1037 4716 auctoritate
1089 4652 1142 4699 et
1186 4658 1403 4709 eorum,
1441 4642 1536 4720 qui
1578 4643 1687 4696 vita
1725 4653 2018 4709 praecesse-

425 4750 580 4802 runt,
618 4737 856 4804 actione,
917 4745 972 4790 et
1016 4736 1392 4806 speculatione
1429 4732 2015 4803 praestantissimorum

425 4849 493 4888 ac
529 4846 878 4887 summorum
905 4831 1316 4902 corroboretur,
1351 4839 1410 4883 ut
1444 4828 1525 4882 sic
1573 4825 1699 4897 inde
1730 4825 1835 4880 sibi
1873 4823 2018 4878 mul-

426 4926 500 4979 tis
543 4923 860 4996 nominibus
910 4921 1068 4978 fidem
1120 4920 1534 4990 locupletiorem
1581 4917 1859 4982 conciliet,
1889 4931 2019 4986 pru-

426 5020 621 5072 denter
669 5015 970 5070 admodum
1013 5023 1067 5069 et
1105 5013 1269 5083 Valde,
1300 5011 1667 5066 laudabiliter.
1712 5007 1844 5062 Nam
1878 5024 2017 5079 quos

427 5111 591 5171 alios,
640 5107 924 5178 inquiunt,
970 5107 1126 5177 sequi
1182 5105 1470 5168 debemus,
1504 5118 1668 5172 quam
1715 5116 1833 5165 eos,
1875 5115 2017 5168 quo-

429 5219 550 5280 rum
586 5202 692 5255 vita
725 5201 778 5254 in
815 5201 971 5254 lance
1000 5214 1029 5253 a
1062 5196 1414 5268 rigidissimis
1443 5195 1726 5262 iudicibus
1752 5207 2014 5262 expensa,

427 5311 619 5350 eorum
661 5307 948 5348 sermones
995 5290 1281 5356 sublimes,
1333 5300 1387 5343 et
1437 5289 1796 5366 cogitationes
1839 5289 2013 5362 multo

429 5389 785 5444 sublimiores
815 5383 1188 5454 comprobatae
1215 5391 1366 5449 sunt,
1399 5389 1454 5436 ct
1489 5377 1724 5451 quorum
1755 5383 2012 5437 cominua

431 5478 737 5537 meditatio,
787 5485 845 5529 ut
876 5489 1060 5529 rerum
1101 5473 1331 5528 scientia
1378 5473 1578 5542 poscit,
1615 5488 1763 5528 mOrs
1794 5473 1916 5539 fuit,
1949 5489 2012 5527 cx

430 5551 538 5638 qua
588 5571 666 5624 uti
706 5569 937 5623 facultas
978 5568 1086 5624 illis
1133 5567 1331 5621 anima:
1361 5565 1554 5621 oculos
1591 5574 1756 5634 atque
1797 5564 2014 5618 videndi

432 5665 602 5719 aciem
632 5663 702 5717 ab
729 5663 1020 5716 affectuum
1049 5659 1290 5716 teut-bris
1319 5659 1637 5732 expurgatis
1660 5656 2013 5721 concedebat,

509 5825 550 5879 '1'
579 5825 734 5894 Deut.
777 5841 946 5891 xxxii.
980 5826 1031 5898 ἶ.

2119 2528 2289 2599 τελεῖ
2313 2544 2438 2596 σοι,
2488 2531 2631 2598 τοὺς
2673 2533 3132 2603 πρεσϐυτέρους
3181 2554 3318 2605 σου,
3355 2540 3452 2594 καὶ
3499 2539 3678 2607 ἐροῦσί

2119 2635 2239 2685 σοι,
2279 2621 2445 2693 μέρος
2475 2623 2574 2692 τῆς
2626 2623 2723 2678 τοῦ
2778 2627 3052 2698 μακαρίου
3083 2631 3371 2694 Μωῦσέως
3409 2631 3565 2703 ᾠδῆς,
3603 2631 3678 2682 καὶ

2119 2711 2280 2766 τοῦτό
2315 2729 2405 2782 μοι
2465 2713 2770 2784 προοίμιον,
2819 2716 2962 2786 ὅπερ
3001 2719 3096 2771 καὶ
3155 2722 3524 2792 παράγγελμα
3562 2722 3680 2774 θεῖον

2119 2801 2180 2856 δν
2209 2804 2302 2856 καὶ
2349 2803 2716 2874 διαφερόντως
2765 2809 2928 2878 σοφὸν
2978 2810 3038 2875 ἐξ
3072 2811 3288 2868 ἐκείνου
3318 2815 3411 2868 καὶ
3457 2815 3510 2876 ἐς
3551 2811 3685 2878 δεῦρο

2119 2897 2240 2958 ταῖς
2269 2896 2587 2961 εὐσυνέτοις·
2615 2897 2817 2967 ψυχαῖς
2861 2903 3184 2973 τιμώμενον
3219 2906 3316 2959 καὶ
3361 2904 3682 2975 τηρούμενον.

2122 2986 2485 3056 Πεπλήρωται
2514 2990 2613 3061 μὲν
2637 2991 2737 3043 κὰν
2753 2995 2818 3062 τῇ
2843 2994 3086 3065 προτέρᾳ
3112 2997 3214 3066 τῆς
3239 2997 3515 3066 παρούσης
3538 3008 3686 3062 πρᾶγ·

2125 3078 2325 3148 ματείᾳ
2350 3078 2615 3132 κάλλιστα
2646 3081 2847 3150 κομιδῆ
2878 3083 2972 3134 καὶ
3002 3083 3161 3152 ἡμῖν,
3198 3087 3362 3157 ἡνίκα
3391 3087 3483 3156 τὴν
3509 3088 3566 3135 ἐκ
3593 3083 3686 3133 Πα-

2121 3169 2249 3241 τρδς
2277 3172 2342 3223 δι’
2374 3170 2508 3225 Υἱοῢ
2538 3171 2631 3225 τοῦ
2665 3173 2936 3241 παναγίου
2985 3175 3130 3230 Πνεύ
3143 3197 3316 3249 ματος
3370 3176 3684 3243 ἐξετάζοντες

2124 3261 2360 3332 ὓπαρξιν
2390 3264 2516 3326 τοὺς
2564 3264 2856 3336 θεοφόρους
2909 3267 3166 3338 Πατέρας
3213 3270 3561 3330 διδασκάλους
3610 3267 3688 3318 καὶ

2126 3357 2415 3427 μάρτυρας
2443 3358 2553 3411 τῶν
2595 3359 2909 3428 λεγομένων
2949 3361 3446 3433 προεστησάμεθα,
3489 3349 3686 3427 παρ’ὦν

2121 3451 2184 3520 δὴ
2221 3451 2440 3504 πάντων
2475 3450 2570 3503 καὶ
2599 3451 2697 3520 τὴν
2729 3451 2991 3520 ἀλήθειαν
3019 3451 3094 3515 ὡς
3128 3453 3247 3523 ἔχει
3270 3451 3522 3515 καθάπαξ
3543 3447 3688 3515 ἐγνώ-

2125 3557 2325 3608 καμεν.
2352 3540 2775 3610 Πληρωθήσεται
2794 3542 2850 3594 δὲ
2876 3543 2970 3595 καὶ
2999 3545 3064 3596 τὰ
3090 3548 3194 3598 νῦν
3218 3543 3373 3597 οὐδὲν
3395 3538 3550 3614 ἦττον
3574 3537 3690 3593 κατὰ

2123 3629 2216 3684 τὸν
2239 3632 2603 3702 προκείμενον
2631 3635 2765 3702 ἡμῖν
2793 3634 2983 3702 ἀγῶνα
3013 3635 3112 3704 τῆς
3139 3637 3206 3689 ὲκ
3232 3637 3444 3706 Πατρὸς
3471 3635 3558 3686 καὶ
3582 3627 3688 3684 Υἱοῦ

2124 3723 2216 3774 τοῦ
2255 3723 2570 3792 ζωαρχικοῦ
2601 3725 2922 3799 ῌνεύματος
2953 3724 3108 3789 αὖθις
3147 3725 3457 3799 ὑπάρξεως.
3504 3718 3690 3788 Ἐπειδὴ

2124 3813 2328 3884 πολλῆς
2358 3814 2440 3867 δεῖ
2491 3815 2773 3869 κάνταῦθα
2803 3815 2882 3886 τῷ
2928 3817 3074 3887 λόγῳ
3105 3819 3213 3889 τῆς
3259 3819 3368 3872 ἀπὸ
3420 3818 3525 3869 τῶν
3557 3814 3692 3867 θείων

2111 3906 2360 3978 Τραφῶν
2389 3907 2664 3985 βοηθείας,
2689 3907 2782 3961 καὶ
2812 3909 3012 3980 συχνῆς
3040 3911 3122 3962 ὅτι
3161 3911 3402 3980 μάλιστα
3430 3907 3580 3981 χρεία
3599 3905 3685 3970 τῆς

2123 3999 2334 4052 ἐκεῖθεν
2369 3999 2708 4069 συνάρσεως,
2739 3999 2801 4051 οὐ
2837 3999 2927 4053 διὰ
2969 4002 3028 4054 τὸ
3063 4002 3400 4066 πολλοστοῦς
3446 4001 3541 4070 μὲν
3574 3991 3692 4049 εἶναι

2123 4093 2222 4144 καὶ
2284 4091 2447 4162 μόνον
2494 4092 2596 4162 τὴν
2644 4091 2847 4160 γνῶσιν
2897 4093 3067 4163 ἡμᾶς,
3120 4094 3219 4148 καὶ
3271 4093 3440 4166 μηδὲν
3491 4087 3691 4158 λογικῆς

2126 4184 2309 4255 ἰσχύος
2355 4184 2569 4238 οἴκοθεν
2608 4186 2897 4255 φέροντας,
2948 4188 3047 4258 τὴν
3085 4187 3143 4239 δὲ
3198 4188 3432 4258 ζήτησιν
3479 4182 3693 4256 μεγάλην

2121 4294 2182 4330 τε
2213 4277 2305 4330 καὶ
2337 4275 2592 4347 μεγάλων
2620 4277 2884 4346 δεομένην
2929 4277 3038 4331 τῶν
3091 4278 3444 4344 ἀποδείξεων,
3499 4272 3691 4329 ἀλλ’ὅτι

2122 4369 2216 4422 καὶ
2253 4369 2362 4422 τῶν
2412 4367 2718 4438 ἀνθρώπων
2750 4370 2800 4422 oi
2845 4371 3064 4432 πλείους
3103 4372 3164 4444 ὲν
3202 4373 3318 4435 τοῖς
3361 4371 3488 4439 περὶ
3534 4368 3694 4420 θεοσε-

2121 4463 2276 4524 ϐείας
2305 4461 2484 4530 λόγοις
2512 4461 2572 4513 οὐ
2603 4461 2777 4532 ῥᾴδιοι
2805 4464 2870 4532 τῇ
2909 4463 3138 4540 ἁληθεξᾳ
3177 4462 3540 4521 συντίθεσθαι,
3579 4472 3692 4526 προ-

2121 4555 2569 4626 κατειλημμένης
2598 4557 2678 4617 εἰς
2713 4556 3030 4610 τούναντίον
3063 4552 3162 4626 τῆς
3206 4556 3416 4609 τούτων
3445 4552 3628 4621 ψυχῆς,
3652 4547 3692 4597 εί

2124 4650 2200 4721 μὴ
2234 4651 2294 4703 τὸ
2321 4649 2633 4719 προκαλοῦν
2663 4649 2893 4719 ἀρχαῖον
2931 4649 3043 4720 εἴη,
3083 4650 3180 4702 καὶ
3218 4648 3331 4701 τῶν
3383 4638 3692 4709 διαϐξῦηκό·

2121 4759 2228 4795 των
2253 4740 2310 4794 ἐν
2334 4757 2396 4793 τε
2428 4741 2630 4812 πράξει
2656 4742 2752 4793 καὶ
2782 4740 2987 4810 θεωρίᾳ
3024 4741 3163 4811 πρὸς
3197 4741 3257 4794 τὸ
3294 4741 3606 4814 ᾁκρὸτςτον.
3632 4733 3694 4790 ὠς

2121 4833 2374 4886 ἐντεῦθεν
2419 4831 2674 4885 πλουτεῖν
2718 4830 3052 4901 πολλαχόθεν
3086 4833 3144 4884 τὸ
3195 4826 3534 4896 ἀξιόπιστον,
3567 4825 3616 4876 εὖ
3640 4837 3691 4888 γε

2121 4923 2281 4978 τοῦτο
2311 4923 2615 4988 ποιοῦντες,
2647 4922 2744 4976 καὶ
2783 4922 2903 4975 λίαν
2939 4923 3268 4985 ἐπαινετῶς.
3315 4921 3437 4976 Τίσι
3469 4921 3569 4987 γὰρ
3597 4914 3694 4966 ἑτέ·

2126 5035 2238 5087 pst;
2273 5018 2400 5086 περὶ
2431 5015 2568 5068 Θεοῦ
2605 5016 2698 5068 καὶ
2738 5014 2847 5068 τῶν
2883 5016 3044 5067 θείων
3073 5015 3300 5083 λέγουσι
3345 5013 3517 5084 χρεὼν
3546 5023 3693 5060 nata-

2125 5108 2407 5162 κολουθεῖν
2440 5109 2472 5177 ἦ
2523 5109 2637 5168 τοῖς
2672 5105 3176 5176 προεξητασμένοις
3206 5107 3300 5159 τὸν
3339 5106 3473 5176 βίον,
3507 5103 3592 5154 καὶ
3616 5098 3691 5148 τὸν

2062 5181 2094 5275 ξ’
2129 5203 2288 5270 λόγον
2326 5201 2426 5272 μὲν
2459 5200 2707 5272 ὑψηλοῖς,
2739 5199 3093 5270 ὑψηλοτέροις
3123 5199 3181 5252 δὲ
3223 5199 3324 5268 τὴν
3354 5199 3599 5254 enim“,
3628 5181 3688 5239 ὧν

2129 5295 2330 5366 μελέτη
2363 5293 2623 5364 διηνεκὴς
2651 5293 2771 5346 κατ’
2802 5292 3118 5362 ἐπιστήμην
3147 5291 3262 5344 τῶν
3305 5290 3472 5344 ὄντων
3500 5290 3524 5339 ὁ
3553 5285 3694 5334 θάία-

2119 5401 2234 5447 τος.
2259 5383 2318 5448 ἐξ
2341 5377 2408 5454 ἦς
2440 5381 2536 5434 καὶ
2577 5383 2644 5434 τὰ
2679 5381 2819 5453 ὑπὲρ
2851 5380 3128 5450 αἴσθησιν,
3172 5380 3250 5443 ὡς
3287 5380 3506 5448 ἐφικτὸν
3531 5371 3690 5428 αὐτοῖς

2125 5475 2265 5545 μετὰ
2294 5474 2497 5544 σαρκὸς
2527 5473 2949 5544 ἐφαντάσθησαν
2994 5476 3109 5536 τοῖς
3148 5472 3263 5526 τῶν
3302 5472 3492 5526 παθῶν
3515 5465 3690 5535 ἀχλύος

2122 5566 2561 5636 κεκαθαρμένοις
2593 5567 2654 5619 τὸ
2679 5565 2779 5636 τῆς
2803 5566 2982 5636 ψυχῆς
3008 5565 3271 5631 ὁπτικόνς
3303 5565 3430 5625 Τοῖς
3454 5557 3690 5613 τοιούτοις

2125 5658 2172 5710 οἱ
2213 5656 2319 5726 πρὸ
2365 5656 2593 5728 βραχέος
2627 5656 2906 5727 ῥηθέντες,
2957 5655 3156 5728 μᾶλλον
3195 5655 3253 5708 δὲ
3291 5656 3388 5711 καὶ
3430 5654 3622 5707 τούτων
3651 5643 3691 5692 οἱ
