3970 6428
302 398 434 467 liii

1143 408 1237 467 DE
1281 397 1785 467 PROCESSIONE
1823 398 1884 457 S.
1929 394 2280 455 SPllilTUS
2320 392 2536 451 OliA'I'.
2586 389 2664 448 ll.

3414 378 3549 441 tit-2

294 516 580 585 κρείττους
642 516 737 570 καὶ
801 516 1212 588 νουνεχέστεροι
1284 514 1571 568 πείθεσθαι
1637 508 1915 580 φιλοῦσινι

2003 519 2101 572 [uae
2143 516 2364 558 sensum
2410 509 2757 569 exsuperant,
2800 514 2923 554 cum
2966 512 3129 551 carne
3170 494 3553 563 imaginatione

295 606 567 676 ἀσμένους
600 608 657 660 έν
688 609 801 670 τοῖς
854 608 993 678 ὑπὲρ
1029 607 1198 677 ἡμᾶς,
1229 604 1322 667 οὒς
1348 605 1444 657 καὶ
1490 602 1695 655 δίκαιον
1734 595 1876 665 γνώ-

305 716 412 771 μης
444 698 915 768 ὖπερθαυμάζειν,
944 701 1038 752 καὶ
1071 698 1273 766 σφόδρα
1308 695 1531 756 τούτους
1562 693 1651 746 διὰ
1674 687 1876 750 παντὸς

304 789 689 858 ἀποδέχεσθαι.
740 793 885 858 Πρὸς
939 790 1049 862 γάρ
1076 806 1159 842 τοι
1201 790 1328 850 τοὺς
1377 786 1593 848 ἄλλους,
1624 784 1739 836 ὅσοι
1778 780 1878 849 τὴν
1910 818 1915 823 ι

302 881 430 950 περὶ
471 879 665 947 λόγους
712 882 962 935 παιδείαν
998 881 1216 935 πάντων
1252 877 1451 947 μικροῦ
1501 877 1754 945 προέχειν
1796 872 1880 925 δο-

303 969 557 1033 κοῦντες,
591 970 726 1039 πρὸς
775 970 853 1039 τῷ
889 970 1117 1041 μηδενὸς
1159 969 1293 1031 ὅλως
1327 965 1653 1038 φροντίζειν.
1702 963 1756 1017 εἴ
1796 960 1880 1023 τίς

307 1075 415 1112 που
443 1060 538 1111 καὶ¹
564 1059 746 1127 λέγειν
781 1063 837 1113 ὲν
870 1062 984 1122 τοῖς
1014 1060 1140 1129 περὶ
1174 1060 1408 1120 πίστεως
1451 1055 1566 1125 ἔχει
1597 1071 1649 1107 τι
1683 1052 1879 1124 χρήσι-

313 1165 432 1219 μον,
457 1149 579 1203 οὐδὲ
604 1153 724 1213 ταῖς
752 1152 922 1221 ίεραῖς
952 1149 1166 1214 ἀξιοῦσι
1194 1148 1486 1220 προσέχειν
1510 1146 1773 1215 Pomponis,
1807 1141 1884 1205 ὡς

307 1239 397 1307 ἀφ’
426 1241 637 1294 ἑαυτῶν
670 1241 829 1312 δῆθεν
863 1241 1254 1311 κατειληφότες
1289 1241 1350 1293 τὸ
1390 1236 1484 1290 τοῦ
1533 1237 1886 1306 κηρύγματος

311 1331 558 1398 ἀκριϐὲς,
597 1333 831 1401 ἁρμόσει
884 1333 947 1386 τδ
1001 1334 1096 1386 τοῦ
1141 1330 1471 1387 Ἀποστόλου
1532 1327 1744 1396 σαφῶς,
1802 1325 1887 1379 ὅτι

322 1419 810 1489 Ἔματαιώθησαν
849 1421 921 1475 ἐν
971 1419 1103 1486 ταῖς
1142 1419 1440 1482 διανοίαις
1487 1414 1708 1475 αὐτῶν,
1775 1411 1889 1482 φά-

312 1527 569 1578 σκοντες
620 1508 777 1567 εἶναι
825 1512 1026 1583 σοφοὶ,
1068 1510 1524 1582 ἐμωράνθησαν,
1571 1506 1656 1575 ἐφ’
1700 1498 1744 1572 ᾧ
1796 1502 1891 1557 καὶ

315 1602 407 1655 τὸν
442 1602 568 1656 νοῦν
602 1601 709 1655 ὑπὸ
757 1603 1062 1670 κενοδοξίας
1092 1602 1155 1656 τὺ
1188 1601 1453 1672 παράπαν
1486 1596 1891 1666 τυφλώττοντες

317 1692 443 1754 τοὺς
468 1692 677 1746 ἑαυτῶν
725 1694 1021 1763 λογισμοὺς
1051 1694 1148 1763 τῆς
1181 1691 1289 1746 τῶν
1325 1691 1603 1760 θεηγόρων
1629 1686 1891 1755 Πατέρων

1990 607 2307 662 concepere.
2339 593 2457 653 llis,
2503 591 2663 660 paulo
2710 598 2832 644 ante
2862 586 3207 649 commorati,
3228 586 3338 638 imo
3364 598 3553 637 eorum

1988 684 2243 739 meliores
2278 684 2784 752 prttdentioresque,
2823 681 2875 735 in
2908 679 3071 734 rebus
3117 692 3238 747 quae
3263 690 3424 746 supra
3458 690 3555 729 nos

1983 783 2111 830 sunt
2157 773 2378 831 suaderi
2440 783 2644 835 amant,
2680 789 2816 841 quos
2856 783 2908 827 et
2942 772 3067 841 jure
3099 771 3294 824 merito
3332 769 3402 823 ob
3430 783 3556 824 seu-

1987 865 2206 922 tcntiam
2243 864 2478 920 maxime
2509 864 2813 930 laudamus,
2844 871 2898 918 et
2942 870 3204 933 perpetuo
3239 860 3558 930 recipimus.

1983 955 2120 1010 Aliis
2142 970 2294 1021 vero,
2340 956 2435 1025 qui
2466 956 2685 1010 dicendi
2728 967 2843 1011 arte
2890 963 3057 1025 alque
3085 951 3389 1008 eruditione
3430 949 3561 1005 reli-

1986 1062 2126 1114 quos
2157 1046 2296 1101 alios
2321 1061 2582 1117 superare
2614 1047 2717 1101 sibi
2772 1047 3049 1113 videntur,
3083 1062 3207 1103 cum
3240 1046 3375 1101 alias
3404 1059 3562 1100 men-

1988 1145 2094 1190 tem
2123 1149 2352 1203 prorsus
2379 1149 2484 1190 non
2515 1136 2806 1205 applicent,
2822 1135 2865 1191 si
2893 1136 3017 1205 quis
3036 1135 3105 1190 de
3134 1135 3236 1190 ﬁde
3258 1134 3559 1204 prolicuum

1988 1226 2192 1296 aliquid
2245 1241 2552 1297 proponere
2608 1236 2802 1292 tentet,
2863 1241 3041 1297 neque
3076 1227 3210 1283 satis
3263 1225 3563 1294 Scriplttris

1989 1320 2232 1374 animum
2269 1318 2555 1374 advertere
2579 1318 2786 1383 volunt,
2818 1317 2978 1389 quasi
3004 1332 3072 1372 ex
3095 1332 3214 1373 sese
3237 1317 3560 1385 exquisitam

1991 1407 2395 1479 praedicationis
2454 1408 2721 1463 rationem
2766 1407 3290 1479 praeoccupaverint,
3343 1407 3565 1471 adapta-

1992 1499 2140 1554 bitur
2182 1512 2292 1553 non
2343 1499 2639 1569 incongrue
2696 1498 2826 1555 illud
2884 1497 3166 1568 Apostoli:
3229 1495 3564 1550 Evanueruut

1990 1595 2047 1647 in
2069 1591 2475 1663 cogitationibus
2506 1593 2638 1657 suis,
2659 1607 2778 1647 cum
2798 1607 2851 1646 se
2871 1590 3139 1646 crederent
3153 1604 3260 1644 esse
3282 1587 3567 1655 sapienter,

1991 1684 2143 1739 stulti
2192 1686 2323 1754 facti
2382 1695 2502 1739 sunt
2534 1684 2603 1738 “.
2668 1682 2807 1739 Hinc
2835 1693 2892 1739 et
2942 1692 3177 1739 mentem
3238 1681 3309 1736 ob
3373 1693 3568 1733 vanam

313 1779 665 1845 διδασκαλίας
712 1783 1120 1853 προκρίνουσιν.
1168 1781 1369 1834 Ἐνίοτε
1415 1780 1471 1832 δὲ
1514 1778 1607 1832 καὶ
1639 1775 1895 1846 περιτρέ-

2003 1773 2079 1828 sui
2113 1772 2571 1829 existimationem
2603 1773 2761 1843 plane
2788 1772 3048 1828 obcaecati
3078 1769 3331 1842 proprias
3359 1767 3570 1838 cogita-

317 1889 442 1927 πειν
493 1841 790 1942 πειρῶνται
835 1841 973 1942 πρὸς
1018 1872 1080 1925 τὸ
1106 1869 1297 1925 δοκοῦν
1326 1870 1511 1932 αὐτοῖς
1539 1869 1639 1938 τὴν
1693 1841 1888 1934 ἀκλινῆ

2003 1867 2173 1921 tiones
2231 1841 2692 1935 dlviniloquorum
2751 1863 2981 1920 Patrum
3040 1841 3309 1919 doctrinis
3358 1874 3569 1929 praepo-

318 1963 424 2015 τῶν
452 1963 663 2034 ἀνδρῶν
691 1961 786 2015 τοῦ
819 1960 1138 2030 Πνεύματος
1158 1959 1390 2020 ἔννοιαν,
1417 1954 1737 2027 φιλονείκως
1762 1953 1894 2023 περὶ

316 2051 523 2119 ταύτης
554 2052 690 2121 πρὸς
721 2049 814 2114 οὓς
849 2050 916 2105 ἂν
938 2050 1094 2121 τύχοι
1115 2048 1511 2120 διαλεγόμενοι,
1535 2045 1630 2100 καὶ
1652 2045 1712 2099 οὐ
1739 2044 1897 2115 φρίτο

317 2156 502 2192 τουσιν
535 2141 593 2194 ὲν
621 2140 682 2193 ού
723 2142 977 2203 παικτοῖς
1005 2139 1068 2211 ab
1116 2139 1180 2208 δὴ
1224 2138 1621 2211 θρυλλούμενον
1673 2135 1895 2199 παίζον-

318 2248 432 2297 τες,
469 2231 705 2301 μάλιστα
753 2231 812 2285 δὲ
848 2232 918 2286 τὰ
955 2231 1076 2287 θεῖα
1124 2230 1433 2286 διαϐάλλειν
1481 2227 1894 2292 σπουδάζοντες.

318 2325 431 2377 Καὶ
457 2322 698 2394 παρίημι
727 2323 905 2392 λέγειν
935 2324 1063 2394 περὶ
1091 2322 1199 2378 τῶν
1227 2323 1314 2378 διὰ
1352 2322 1543 2392 φθόνον
1589 2322 1688 2375 καὶ
1719 2323 1896 2392 μῖσος,

320 2411 422 2466 οὑκ
447 2412 627 2482 ὀλίγον
655 2413 764 2485 γὰρ
794 2417 908 2478 τοῖς
940 2414 1137 2468 πάθεσι
1169 2414 1383 2479 τούτοις
1423 2413 1726 2476 ἑαλωκότες
1764 2414 1899 2483 ἡμῖν

323 2505 661 2577 ἐπιφύονται,
699 2509 1173 2578 παρατρεχόντων,
1222 2506 1257 2577 ἥ
1313 2507 1405 2560 καὶ
1452 2506 1901 2577 παραποιούντων

327 2597 508 2655 ἑκοντὶ
541 2595 641 2666 τὴν
675 2595 956 2666 ἀλήθειαν,
981 2594 1063 2661 οἷς
1094 2596 1313 2668 ἀπόχρη
1347 2597 1439 2651 καὶ
1467 2597 1629 2667 μόνον
1653 2598 1732 2661 είς
1750 2596 1903 2662 tam»

324 2686 554 2741 δένωσιν
581 2688 641 2741 τὸ
669 2690 858 2753 κακοῖς
905 2688 1001 2743 καὶ
1040 2685 1180 2743 εἶναι
1215 2688 1311 2744 καὶ
1341 2687 1704 2760 ὀνομάζεσθαι
1751 2687 1903 2759 παρὰ

323 2781 438 2842 τοῖς
467 2779 665 2851 ἄριστα
691 2778 1008 2850 διακρίνειν,
1033 2781 1127 2836 καλ⁸
1150 2780 1464 2836 τελεώτατα
1491 2779 1619 2849 περὶ
1639 2778 1904 2833 τοιούτων

324 2870 709 2939 γινώσκουσιν.
748 2872 885 2926 Ἀλλ’
918 2873 1113 2926 ἐκεῖνοι
1144 2872 1242 2944 μὲν
1278 2871 1502 2936 τούτους
1527 2872 1621 2927 καὶ
1662 2873 1722 2925 τὸ
1764 2871 1904 2926 κατά

324 2961 451 3015 νοῦν
483 2961 794 3027 ἀναπολεῖν,
842 2962 948 3026 ἓως
981 2962 1049 3016 ἂν
1092 2962 1198 3016 ὑπὸ
1233 2962 1531 3033 βασκανίας
1580 2962 1716 3033 πρὸς
1758 2965 1907 3035 ἡμᾶς

327 3051 540 3123 ἔχθρῶς
572 3051 788 3122 ἔχοντες
835 3052 1151 3124 ἀδιόρθωτοι
1207 3053 1466 3122 μένωσιν,
1514 3052 1809 3117 ἐπιϐλαϐές
1844 3071 1903 3107 τε

1995 1967 2151 2013 nunt.
2189 1958 2341 2028 Saepe
2366 1959 2531 2012 etlam
2566 1971 2794 2013 numero
2842 1958 3126 2011 immotam
3165 1955 3409 2010 virorum
3445 1950 3572 2021 Spi-

1995 2047 2133 2104 ritus
2156 2048 2478 2104 sententiam
2503 2057 2809 2117 pervertere
2826 2055 3113 2110 conantur,
3137 2045 3313 2102 utsibi
3332 2046 3574 2114 compta-

1996 2146 2103 2202 cet,
2137 2138 2477 2195 contentiose
2506 2138 2575 2194 de
2615 2153 2678 2193 ea
2724 2152 2849 2194 cum
2881 2137 3056 2194 obviis
3109 2137 3573 2206 quibusque'scr-

2001 2245 2218 2286 munem
2257 2229 2627 2296 conferentes,
2673 2243 2776 2285 nec
2819 2228 3070 2291 horrent,
3105 2229 3164 2283 in
3187 2228 3294 2283 illis
3322 2242 3353 2283 a
3376 2227 3573 2297 quibus

1997 2322 2160 2394 longe
2189 2329 2275 2378 est
2297 2321 2483 2392 jocus,
2539 2322 2686 2393 quod
2732 2321 3023 2392 proverbio
3056 2321 3253 2386 fertur,
3302 2321 3573 2384 ludentes,

1999 2424 2055 2470 et
2082 2414 2228 2485 quod
2256 2415 2499 2470 atrocius
2537 2422 2643 2481 est,
2691 2428 2911 2469 summo
2956 2415 3150 2471 studio
3173 2414 3359 2470 divina
3386 2412 3574 2468 crimi-

2002 2515 2226 2561 nantur.
2256 2503 2323 2560 Et
2361 2516 2627 2575 praetereo
2653 2507 2722 2562 de
2751 2505 2820 2562 iis
2870 2506 3075 2570 dicere,
3121 2506 3216 2576 qui
3247 2504 3373 2560 odio
3414 2516 3574 2574 atque

2004 2596 2322 2664 invidentia,
2360 2596 2446 2653 bis
2468 2597 2612 2652 enim
2640 2597 2926 2654 all'ectibus
2953 2613 3062 2653 non
3103 2598 3391 2652 minimum
3426 2612 3576 2650 inan—

2003 2687 2192 2758 cipati,
2217 2685 2273 2741 in
2306 2699 2409 2742 nos
2440 2695 2761 2757 assurgunt,
2802 2695 3255 2758 praetercurrunt,
3295 2694 3351 2741 et
3373 2686 3577 2740 verita-

2004 2788 2115 2835 tem
2166 2786 2361 2849 sponte
2406 2787 2741 2847 pervertunt,
2815 2779 2868 2833 in
2930 2794 3163 2849 quorum
3207 2785 3574 2847 contemptum

2003 2868 2138 2925 satis
2173 2867 2499 2939 abundeque
2524 2876 2631 2937 est,
2678 2870 2803 2925 dum
2856 2871 3088 2940 improbi
3143 2880 3198 2925 et
3237 2877 3575 2941 reputantur,

2004 2969 2057 3015 et
2087 2968 2474 3030 nuncupantur
2502 2959 2572 3016 ab
2599 2960 2821 3031 optimis
2857 2976 3037 3016 rerum
3064 2962 3257 3015 harum
3276 2961 3575 3031 iudicibus,

2006 3060 2060 3107 et
2104 3049 2520 3122 perlectissimis
2549 3052 2950 3123 cognitoribus.
2986 3053 3371 3107 Verumtamen
3413 3054 3580 3108 hosce

330 3145 423 3195 καὶ
451 3143 809 3207 ἐπικίνδυνον,
845 3143 923 3215 μή
969 3140 1104 3196 ποτε
1130 3142 1226 3197 τοῦ
1263 3145 1362 3214 τῆς
1396 3144 1596 3208 κακίας
1638 3142 1720 3197 ίοῦ
1769 3144 1906 3215 πρὸς

2009 3141 2094 3198 vel
2132 3151 2311 3197 mente
2334 3142 2642 3212 concipere,
2678 3157 2963 3214 quousque
3025 3143 3270 3198 invident
3300 3142 3575 3206 obstricti,

328 3233 528 3296 αὐτοὺς
579 3233 910 3301 ὑγιαίνοντες
974 3232 1056 3286 ἔτι
1117 3233 1211 3287 καὶ
1260 3234 1414 3287 αὐτοὶ
1477 3234 1898 3305 μεταλάϐωμεν.

329 3324 488 3379 Οῦτω
525 3324 623 3394 τῆς
656 3322 1014 3377 θεοπνεύστου
1069 3323 1496 3394 κατολιγωροῦσι
1546 3325 1789 3396 Γραφῆς,
1828 3323 1905 3387 ὡς

329 3416 360 3467 δ
393 3416 550 3485 λόγος
595 3415 806 3470 ἀνωθεν
846 3415 1056 3484 φθάσας
1091 3414 1194 3470 κᾶν
1242 3416 1519 3487 ἀμυδρῶς,
1569 3416 1708 3480 τέως
1740 3416 1785 3470 δ’
1811 3412 1905 3469 οὖν

331 3507 705 3578 παρεδήλωσε.
744 3506 822 3560 Δι’
855 3506 923 3578 ἢν
955 3506 1137 3561 αἰτίαν
1163 3507 1285 3561 οὐδὲ
1328 3507 1691 3578 προσϐλέπειν
1723 3507 1907 3572 αὐτοῖς

329 3596 593 3663 ὡσαύτως
635 3599 1000 3670 διακειμένοις
1032 3601 1091 3653 τὸ
1124 3600 1235 3653 ἀπὸ
1272 3599 1447 3667 τοῦδε,
1486 3599 1561 3670 μὴ
1601 3600 1686 3652 ὅτι
1714 3615 1776 3668 γε
1810 3617 1907 3669 με·

331 3688 602 3744 ταδιδόναι
627 3691 785 3758 λόγου
817 3689 1002 3756 καλὸν,
1028 3690 1124 3744 ἆτε
1160 3688 1237 3761 μὴ
1268 3690 1498 3743 κατόπιν
1524 3689 1622 3759 τῆς
1652 3689 1760 3743 τῶν
1792 3690 1910 3744 οεο-

338 3780 520 3849 σόφων
568 3780 830 3852 Πατέρων
884 3779 1275 3851 μυσταγωγίας
1307 3780 1368 3833 τὸ
1393 3779 1613 3835 σύνολον
1640 3781 1907 3850 βαίνουσι,

332 3875 455 3938 ταῖς
501 3872 731 3937 οἰκείαις
782 3873 839 3927 δὲ
887 3871 1137 3941 γνώμαις
1176 3871 1478 3943 στοιχοῦσιν
1529 3873 1816 3943 ἐριστικῶς
1851 3873 1910 3938 ἐξ

333 3966 588 4035 οἰήσεως.
625 3966 817 4037 Ἡμεῖς
874 3966 932 4020 δὲ
972 3966 1137 4038 μηδὲν
1195 3966 1329 4021 ίδιον
1378 3972 1596 4038 φρονεῖν
1642 3968 1675 4038 ἢ
1733 3969 1912 4038 λέγειν

336 4057 648 4125 τολμῶντες
695 4058 823 4129 περὶ
841 4055 1000 4123 Θεοῦ,
1035 4057 1282 4128 θρασέων
1324 4060 1434 4130 γὰρ
1475 4059 1777 4130 ἡγούμεθα,
1819 4061 1913 4115 καὶ

337 4151 401 4204 τὸ
429 4151 539 4205 πᾶν
567 4151 765 4215 εἰπεῖν,
798 4150 1333 4221 ἀλογίστωτάνδρῶν
1360 4152 1421 4204 τὸ
1458 4152 1785 4207 διανοεῖσθαι
1819 4155 1914 4207 καὶ

336 4241 518 4296 λαλεῖν
565 4242 660 4311 ἀφ’
694 4243 905 4297 ἑαυτῶν
936 4243 1005 4297 τὰ
1046 4242 1140 4296 τοῦ
1184 4241 1501 4313 Πνεύματος
1539 4245 1708 4315 χωρὶς
1744 4245 1915 4299 Πνεύ-

341 4350 532 4404 ματος,
559 4334 660 4398 τὰς
683 4334 830 4406 ίεράς
857 4334 965 4389 τῶν
993 4335 1165 4404 ἁγίων
1191 4336 1412 4406 γραφὰς
1455 4335 1574 4405 μετ’
1599 4336 1916 4407 ἐπιμελείας

2007 3243 2062 3289 et
2106 3234 2399 3291 nobiscum
2434 3234 2754 3292 inimicitias
2784 3246 3034 3307 gerentes
3068 3236 3356 3291 incorrecti
3390 3250 3579 3306 perse-

2005 3333 2199 3381 verant
2230 3336 2262 3391 ,ε
2306 3340 2415 3381 non
2475 3326 2684 3396 absque
2735 3329 2980 3398 periculo
3013 3339 3067 3384 et
3096 3337 3341 3383 extremo
3384 3327 3580 3384 discri-

2004 3418 2152 3472 minc
2198 3425 2303 3483 est,
2341 3431 2408 3473 ne
2433 3432 2642 3473 veneno
2669 3419 3031 3489 improbitatis
3074 3435 3173 3476 nos
3218 3434 3435 3491 quoque
3485 3420 3576 3490 qui
3606 3448 3633 3463 κ

2008 3508 2127 3563 sani
2167 3522 2384 3575 sumus,
2413 3509 2740 3565 intioiemur.
2801 3509 2892 3566 Sic
2938 3511 3197 3567 divinitus
3256 3511 3574 3581 inspiratam

2010 3599 2349 3670 Scripturam
2381 3600 2657 3669 despectui
2686 3600 2910 3666 habent,
2944 3611 3002 3656 ut
3031 3617 3198 3672 supra
3229 3611 3424 3666 oratio,
3458 3603 3582 3657 licet

2010 3691 2264 3754 tenuiter,
2281 3691 2466 3760 aliquo
2488 3700 2674 3746 tamen
2699 3694 2863 3747 modo
2885 3694 3235 3763 signiﬁcavit.
3258 3693 3583 3763 Propterea-

2009 3798 2117 3854 quo
2136 3798 2231 3838 eos
2253 3782 2584 3851 inpostcrum
2608 3782 2687 3837 sic
2701 3782 2995 3852 dispositos
3017 3799 3125 3837 non
3159 3785 3382 3850 intueri,
3410 3787 3583 3840 multo

2012 3876 2194 3931 minus
2229 3874 2504 3943 colloquio
2544 3873 2780 3942 dignari,
2813 3875 3081 3945 optimum
3125 3873 3313 3939 fuerit,
3346 3891 3470 3931 cum
3507 3876 3580 3930 illi

2013 3985 2043 4024 a
2077 3967 2261 4023 divino
2292 3968 2517 4022 numine
2537 3967 2849 4023 edoctorum
2889 3968 3152 4039 vestigiis,
3183 3984 3361 4040 neque
3386 3970 3583 4023 divina:

2013 4061 2271 4116 doctrinae
2308 4065 2585 4133 insistant,
2633 4060 2727 4116 sed
2759 4063 2998 4132 propriis
3055 4062 3405 4132 opinionibus
3443 4077 3580 4116 vana

2015 4150 2098 4205 sui
2137 4151 2571 4208 exsistimatione
2607 4153 2949 4209 contentiose
2977 4151 3258 4207 incedunt.
3304 4150 3413 4208 Nos
3455 4164 3583 4207 vero

2015 4245 2083 4299 de
2116 4241 2225 4300 Deo
2258 4244 2466 4316 aliquid
2500 4246 2786 4317 proprium
2822 4260 2997 4315 neque
3031 4253 3236 4309 tenere,
3275 4260 3450 4314 neque
3473 4246 3586 4298 elo-

2016 4335 2110 4407 qui
2139 4336 2422 4401 audentes,
2476 4338 2888 4393 temerariorum
2922 4337 3189 4406 siquidem
3236 4338 3287 4390 id
3316 4352 3381 4393 ac
3428 4337 3584 4406 plane

337 4427 435 4480 καὶ
488 4427 728 4496 συνεχῶς
775 4427 1211 4499 ἁναπτύσσομεν,
1255 4429 1349 4481 καὶ
1403 4427 1606 4491 ταύτας
1653 4428 1730 4492 ώς
1777 4428 1913 4483 Θεοῦ

2020 4429 2252 4486 rationis
2276 4429 2494 4500 inopum
2533 4429 2814 4485 hominum
2837 4429 3078 4497 cogitare
3107 4438 3161 4483 et
3187 4430 3482 4484 decernere
3515 4446 3586 4484 ex

338 4516 522 4585 φωνὰς
550 4518 848 4589 διαρρήδην
874 4497 1184 4584 ἀκούοντες,
1212 4520 1331 4584 ταῖς
1368 4520 1468 4591 τῆς
1516 4518 1743 4588 καρδίας
1771 4518 1910 4575 πλα-

2018 4522 2257 4590 propriis
2292 4497 2384 4575 de'
2413 4519 2625 4592 Spiritu
2658 4520 2869 4589 absque
2894 4518 3124 4588 Spiritu,
3168 4533 3329 4573 sacra
3362 4529 3584 4572 sancto-

338 4606 421 4674 ξὶν
448 4609 877 4681 ἐγχαράττομεν,
907 4613 1000 4665 καὶ
1031 4611 1119 4665 διὰ
1150 4612 1399 4682 γλώττης
1446 4611 1584 4683 πρὸς
1621 4613 1746 4675 τοὺς
1775 4611 1911 4679 ἔξω·

338 4699 431 4753 θεν
457 4699 533 4763 ώς
581 4700 721 4766 ὲνδν,
766 4705 816 4756 εί
862 4702 1066 4773 δεήσει,
1109 4706 1483 4775 προφέρομεν,
1523 4704 1911 4775 ἐπερωτῶντες

335 4785 448 4845 οἷον
474 4791 732 4845 ἑκάστοτε
774 4791 864 4847 διὰ
890 4793 998 4846 τῶν
1027 4793 1284 4847 τοιούτων
1332 4795 1560 4865 γραφῶν
1592 4796 1714 4858 τοὺς
1742 4794 1912 4858 αὐτὰς

339 4877 702 4945 συλλαϐόντας
731 4883 827 4936 καὶ
864 4881 1122 4944 τεκόντας
1150 4882 1205 4933 ὲν
1232 4883 1510 4955 Πνεύματι
1543 4887 1670 4954 περὶ
1695 4884 1911 4938 πάντων

336 4971 447 5032 τῶν
485 4973 566 5034 είς
597 4972 884 5028 εὐσέϐειαν
918 4973 1251 5041 ἀνηκόντων,
1293 4974 1369 5038 ώς
1413 4977 1663 5046 Πατέρας
1700 4981 1768 5049 τῇ
1811 4977 1904 5031 πί-

341 5076 455 5115 στει
493 5064 706 5127 κοινοὺς
744 5065 837 5118 καὶ
872 5065 1276 5136 πρεσϐυτέρους
1310 5067 1375 5136 τῇ
1404 5067 1514 5118 τῶν
1544 5067 1766 5136 ἡμερῶν
1793 5085 1906 5120 πα-

336 5152 576 5224 λαιότητι
605 5156 748 5209 κατά
771 5157 870 5226 τὴν
891 5158 984 5211 τοῦ
1008 5158 1283 5228 μακαρίου
1315 5157 1595 5219 Μωῦσέως
1625 5157 1909 5227 θειοτάτην

339 5247 434 5300 καὶ
472 5249 801 5319 σοφωτάτην
828 5252 1175 5323 παραίνεσιν,
1200 5251 1294 5305 καὶ
1340 5247 1511 5304 ταῦτα
1553 5248 1650 5318 μὲν
1699 5248 1910 5317 μανθά-

337 5355 521 5402 νοντες
544 5342 825 5410 ἀσφαλῶς,
859 5344 956 5407 καὶ
984 5346 1095 5407 τοῖς
1122 5342 1301 5405 ἄλλοις
1325 5342 1513 5411 χρείας
1565 5338 1910 5392 καταλαϐού-

338 5446 439 5503 σης
466 5432 541 5496 ὼς
573 5434 802 5504 δύναμις
847 5437 1339 5507 παραπέμποντες.
1380 5434 1571 5487 Ἔνθεν
1608 5450 1690 5484 τοι
1718 5433 1814 5485 καὶ
1848 5430 1910 5483 τὸ

337 5524 516 5594 παρὶν
560 5526 620 5589 ἐξ
649 5527 829 5580 αὐτῶν
854 5530 1080 5583 ἐκείνων
1108 5531 1316 5582 ἐσεῖται
1347 5529 1414 5582 τὰ
1447 5529 1544 5596 τῆς
1580 5523 1910 5590 ἀποδείξεως

340 5618 472 5687 ἡμῖν
531 5622 622 5670 τοῦ
680 5620 1045 5690 προκειμένου
1100 5618 1436 5691 ζητήματος,
1478 5619 1558 5671 ὅτι
1605 5620 1699 5672 καὶ
1754 5615 1912 5669 τοῦτο

412 5781 455 5815 ll
482 5781 633 5832 lium.
680 5797 717 5841 ι,

2017 4626 2139 4666 rum
2180 4610 2460 4668 volumina
2497 4610 2788 4681 diligenter
2836 4609 3206 4678 continuoque
3255 4609 3580 4673 evolvimns,
3634 4629 3639 4634 ·

2015 4718 2191 4772 eaque
2242 4704 2320 4758 uti
2372 4703 2466 4758 Dei
2517 4717 2683 4759 voces
2714 4704 2891 4773 palam
2939 4702 3242 4769 audientes,
3306 4704 3363 4757 in
3402 4703 3586 4760 cordis

2016 4776 2219 4850 tabulis
2248 4792 2564 4857 incidimus,
2582 4800 2636 4847 et
2658 4791 2841 4862 lingua
2863 4791 2931 4846 ad
2960 4791 3120 4858 alios,
3143 4791 3356 4847 utttieri
3386 4801 3583 4862 potest,

2016 4884 2146 4939 dum
2160 4898 2298 4955 opus
2322 4881 2741 4949 cst,oﬂerimus,
2771 4882 3587 4952 quodammodointerrogantes
3670 4914 3675 4919 -

2016 4991 2113 5045 per
2165 4991 2229 5031 ea
2274 4977 2482 5044 scripta
2514 4975 2659 5041 illos,
2704 4976 2800 5046 qui
2847 4990 2908 5030 ea
2951 4982 3340 5044 conceporunt,
3401 4982 3458 5028 et
3489 4988 3588 5042 pe-

2018 5076 2275 5136 pererunt.
2296 5069 2349 5121 in
2370 5067 2578 5136 Spiritu
2601 5068 2667 5122 de
2683 5069 2939 5123 omnibus
2970 5067 3035 5122 ad
3058 5067 3309 5137 pietatem
3334 5074 3588 5136 spectan-

2020 5159 2186 5224 tibus,
2232 5158 2309 5212 uti
2358 5157 2545 5213 Patres
2587 5157 2691 5212 fide
2750 5174 3106 5223 communes,
3165 5168 3219 5212 et
3266 5157 3588 5225 antiquitate

2017 5244 2224 5300 dierum
2274 5246 2536 5307 seniores,
2573 5248 2874 5302 secundum
2920 5247 3060 5301 beati
3113 5245 3313 5318 Moysis
3358 5246 3588 5305 divinis-

2018 5337 2210 5391 simaut
2243 5353 2305 5392 ac
2327 5337 2787 5407 sapientissimam
2831 5337 3283 5400 admonitionem,
3323 5347 3375 5392 ct
3412 5338 3489 5393 sic
3523 5352 3585 5392 ea

2022 5436 2134 5482 tuto
2154 5428 2436 5493 discimus,
2458 5440 2512 5484 et.
2546 5430 2691 5495 aliis,
2728 5445 2850 5484 cum
2890 5429 3185 5482 necessitas
3214 5439 3315 5489 est.
3355 5431 3431 5485 uti
3457 5445 3588 5498 pos-

2019 5535 2232 5585 sumus,
2273 5518 2684 5576 d'etnandamns.
2731 5520 2863 5575 llinc
2888 5519 3055 5573 etiam.
3091 5534 3233 5572 nutte
3262 5536 3325 5573 ex
3359 5522 3585 5585 eisdem,

2020 5613 2086 5669 ad
2128 5614 2405 5683 praesentis
2455 5612 2772 5684 quaestionis
2810 5611 3328 5667 demonstrationem
3385 5613 3590 5670 condu-
