3970 6416
476 365 607 428 ΓΗ

1493 374 2000 439 CONSTANTINI
2048 378 2154 438 ME
2167 380 2596 443 LITENIOTAE

3542 394 3646 459 lilii

472 494 559 533 res
605 479 750 532 clara
777 485 1074 548 apertaque
1105 481 1194 547 sil,
1230 484 1411 537 omnia
1442 496 1722 553 praetereo,
1755 489 1867 544 haec
1899 498 1947 542 ct
1977 506 2039 543 ex

2148 490 2556 560 Εύαγγελιστὴν
2602 493 2881 564 Ἰωάννην,
2927 493 3191 565 γενόμενα
3212 496 3296 551 διὰ
3320 498 3403 552 τοῦ
3430 500 3559 570 Υίοῦ,
3592 510 3648 563 τὰ

472 568 611 623 Filio
658 585 780 624 esse
835 571 1133 630 credimus.
1185 572 1253 625 ab
1306 575 1561 629 omnibus
1611 579 1723 633 fere
1765 580 2043 643 Patrihus.

472 662 674 727 quibus
729 677 875 715 cura:
946 661 1045 716 fuit
1100 674 1373 720 rectorum
1421 668 1736 737 dogmatum
1792 691 2043 741 examen,

473 754 576 807 hoc
630 752 829 810 edocti.
881 767 991 820 quo
1041 769 1134 819 rer
1167 757 1414 813 homines
1466 760 1584 815 illos
1616 777 1645 814 ε
1682 764 1790 818 Deo
1823 767 2045 822 eductos

476 842 850 894 hmreticorum
886 843 1139 910 pessimis
1186 849 1431 903 consiliis
1469 853 1753 921 prespicue
1799 857 2042 924 «injectis,

471 947 631 984 nemo
660 932 803 985 ullus
843 933 986 998 apud
1022 950 1213 991 omnes
1243 948 1344 1002 est,
1403 941 1446 994 si
1485 954 1738 999 accurate
1770 963 1879 1000 rem
1935 950 2046 1002 cal-

470 1025 666 1087 lemus,
696 1025 786 1093 qui
844 1025 1006 1077 modo
1063 1038 1253 1083 contra
1313 1047 1433 1087 sese
1480 1049 1716 1103 apponat
1752 1048 1804 1093 et
1854 1040 2045 1093 adver-

470 1125 656 1170 εμιιιτε
691 1119 783 1172 sed
814 1122 975 1173 etiam
1019 1120 1161 1186 quod
1203 1135 1265 1175 ex
1295 1124 1478 1193 aliquo
1526 1131 1822 1183 secundum
1852 1147 2041 1185 esseu-

471 1208 598 1260 tiam
632 1220 733 1266 est.
769 1212 1023 1267 similiter
1053 1225 1105 1267 et
1134 1229 1198 1267 ex
1239 1216 1355 1284 ipso
1383 1231 1504 1270 esse
1531 1230 1770 1288 apparet.
1812 1221 1921 1276 llnc
1956 1238 2048 1277 ve-

470 1316 532 1353 ro
562 1317 657 1369 pro
687 1319 838 1357 more
861 1321 1033 1360 sacrae
1064 1317 1118 1361 et
1161 1307 1425 1363 divinitus
1454 1312 1726 1379 inspirata:
1752 1315 2044 1383 °cr7p'urzr

468 1407 567 1446 nec
595 1392 696 1446 alia
731 1396 942 1450 ratione
967 1397 1167 1453 dicitur
1190 1440 1207 1465 ,
1242 1404 1699 1470 quemadmodum
1731 1410 1946 1474 etquod
1979 1425 2043 1462 ex

467 1484 652 1551 aliquo
697 1495 781 1540 cst
833 1490 1042 1542 ratione
1100 1505 1280 1546 causa:
1311 1492 1424 1546 sive
1456 1496 1895 1567 naturalis,_sive
1935 1496 2045 1551 elli-

466 1574 678 1638 cicntis,
704 1587 756 1629 et
785 1586 979 1646 praeter
1004 1578 1283 1643 hasillius,
1311 1599 1431 1652 qua!
1457 1600 1561 1638 non
1580 1596 1659 1642 est
1683 1588 1747 1641 ad
1773 1589 2041 1645 exsistun-

467 1666 620 1729 tiam,
653 1667 767 1735 pari
804 1670 965 1723 modo
1001 1672 1283 1727 invenitur
1310 1677 1478 1729 etiam
1515 1694 1610 1746 per
1647 1679 1817 1748 ipsam
1854 1682 2043 1739 multis

466 1753 520 1805 in
559 1753 715 1810 locis.
753 1754 822 1810 Ut
855 1773 983 1812 vero
1011 1776 1223 1827 earum,
1255 1779 1377 1832 quae
1410 1778 1537 1821 sunt
1567 1767 1629 1820 ad
1669 1777 1897 1836 utraque
1927 1771 2040 1825 lucc

466 1845 854 1902 auetnritalum
883 1849 1030 1904 brevi
1079 1868 1241 1908 manu
1275 1858 1536 1910 memoria
1569 1858 1811 1923 inducta,
1843 1877 2040 1928 ιιι-ορθ-

464 1933 574 1989 sito
618 1952 739 1991 meo
790 1953 896 1993 non
942 1941 1033 1995 diu
1084 1953 1204 2011 post
1232 1960 1329 2014 pro
1380 1946 1585 2001 virihus
1613 1950 1938 2012 allamream.
1975 1953 2040 2005 de

462 2041 530 2078 eo
564 2042 757 2095 nempe
788 2031 931 2097 quod
963 2047 1028 2086 ex
1081 2034 1267 2103 aliquo
1317 2046 1401 2089 est
1447 2040 1751 2092 secundum
1787 2056 2035 2101 causam.

463 2121 609 2186 quod
661 2127 718 2173 et
759 2121 1073 2191 contiguum
1121 2135 1227 2187 cst,
1271 2125 1652 2184 divinissimus
1702 2131 2039 2189 Athanasius

463 2206 711 2264 oratione
741 2219 928 2264 contra
960 2212 1194 2268 Arianos
1221 2217 1416 2284 prima,
1453 2220 1531 2273 ait
1559 2237 1572 2274 :
1625 2220 1757 2276 Cum
1791 2224 1952 2293 igitur
1984 2227 2039 2278 in

462 2315 576 2352 eam
617 2308 828 2354 aetatem
856 2301 1010 2357 homo
1047 2321 1354 2373 progressus
1394 2310 1552 2378 fuerit
1584 2328 1687 2381 qua
1714 2316 1847 2370 vires
1881 2326 2039 2369 natu-

462 2408 524 2445 ra
551 2402 790 2459 pra'stat,
815 2396 998 2449 statim
1056 2397 1247 2467 absque
1295 2400 1405 2453 ullo
1464 2404 1829 2471 impedimento
1885 2409 2039 2463 homo

459 2492 611 2550 pater
639 2483 764 2551 ﬁlii,
803 2486 893 2554 qui
941 2503 1033 2555 per
1084 2488 1256 2558 ipsum
1293 2503 1394 2557 est,
1422 2497 1614 2548 (vadit.
1659 2497 1721 2550 Et
1766 2501 1868 2554 hoc
1914 2500 2034 2570 qui-

460 2576 581 2629 dem
615 2577 951 2633 Athanasius
981 2579 1049 2636 de
1089 2584 1319 2638 naturali
1350 2600 1514 2641 causa
1559 2606 1621 2643 ex
1648 2590 1884 2660 pr0priis
1915 2606 2041 2662 pro-

460 2663 589 2731 fert,
633 2669 725 2736 qui
763 2684 990 2737 prorsus
1019 2671 1101 2726 vel
1131 2673 1282 2729 solus
1312 2677 1447 2731 satis
1491 2677 1788 2734 instructus
1832 2682 1897 2735 ad
1947 2683 2042 2736 do-

461 2758 698 2813 cendum
747 2760 816 2815 ab
866 2761 994 2828 illis,
1041 2764 1133 2833 qui
1167 2776 1313 2822 recte
1344 2768 1647 2836 dijudicant
1679 2775 2036 2842 reputabitur.

462 2847 568 2903 Sed
597 2857 652 2903 et
702 2850 757 2905 in
793 2866 1049 2921 suprema
1086 2864 1142 2909 et
1171 2866 1297 2926 post
1332 2856 1612 2916 Christum
1665 2867 2040 2932 speculatione

460 2941 779 3010 praecellens
832 2958 1063 3011 magnus
1097 2955 1152 3000 et
1205 2947 1424 3018 sapiens
1469 2950 1701 3008 Basilius
1749 2956 1941 3024 quinto
1973 2960 2038 3014 ad

460 3043 712 3089 sanctum
745 3035 1189 3107 Amphilochium
1238 3044 1415 3111 capite
1440 3045 1507 3100 de
1529 3046 1803 3104 eﬂ‘ectrice
1848 3065 2037 3117 causa,

458 3134 513 3180 et
545 3125 668 3194 alia,
702 3140 865 3199 quam
900 3136 958 3184 ut
988 3129 1139 3187 lubet
1190 3134 1418 3203 quilibet
1452 3139 1717 3204 nominet,
1753 3157 1817 3196 ex
1859 3140 2038 3196 Veteri

457 3213 811 3273 Testamento
844 3219 1054 3295 profert
1081 3237 1178 3290 pro
1229 3224 1393 3279 simili
1433 3228 1733 3295 quaestione
1793 3233 2040 3288 testimo-

459 3308 569 3368 nia,
597 3307 732 3363 satis
766 3321 950 3379 aperte
980 3293 1125 3366 hunc
1170 3313 1224 3367 in
1279 3316 1495 3369 modum
1532 3319 1850 3377 discernens
1887 3340 1900 3375 :
1937 3323 2044 3379 Sed

456 3398 616 3448 etiam
668 3414 770 3461 ea,
827 3409 946 3469 qua:
986 3402 1050 3455 ab
1113 3405 1194 3458 Itis
1268 3407 1637 3477 signiﬁcantur
1689 3429 2042 3482 stepeuumero

457 3487 793 3540 iuvertuntur
843 3496 1241 3559 pra’posilimtes
1293 3513 1387 3566 per
1430 3510 1478 3553 et
1512 3518 1598 3564 ex,
1633 3507 1835 3572 quoties
1874 3508 2042 3564 altera

458 3577 676 3634 alterius
710 3585 892 3651 recipit
920 3586 1382 3657 signiﬁcationem,
1409 3594 1589 3659 veluti,
1614 3596 1833 3653 Possedi
1861 3601 2042 3658 homi-

458 3687 582 3724 nem
628 3689 714 3740 pet
752 3675 943 3744 Deum,
974 3680 1112 3733 idem
1151 3681 1328 3736 dicens
1353 3686 1505 3754 quasi
1538 3688 1778 3756 dixisset,
1806 3706 1870 3746 ex
1906 3691 2037 3748 Deo.

457 3762 527 3819 Et
561 3763 689 3818 alilti
715 3781 735 3819 :
768 3765 900 3832 Quae
932 3773 1184 3841 praecepit
1215 3772 1425 3844 Moyses
1466 3775 1646 3833 lsraeli
1689 3795 1786 3848 per
1817 3784 2034 3839 manda-

455 3862 571 3909 tum
634 3856 870 3913 Domini.
928 3859 994 3914 Et
1045 3877 1299 3919 rursum:
1348 3865 1538 3921 Nonne
1586 3885 1681 3936 per
1725 3871 1890 3926 Deum
1940 3873 2041 3928 ho-

457 3962 579 4000 rum
608 3948 976 4004 manifestatio
997 3953 1126 4007 est?
1153 3953 1263 4006 Pro
1286 3971 1346 4008 eo
1371 3958 1510 4025 quod
1544 3970 1659 4012 erat
1689 3977 1750 4015 ex
1787 3961 1917 4028 Deo,
1946 3979 2040 4033 per

459 4037 625 4092 Deum
649 4038 900 4099 dixit.!Ad
924 4041 1041 4096 haec
1072 4044 1123 4096 in
1146 4044 1493 4113 dogmatibus
1520 4048 1894 4109 discernendis
1922 4056 2041 4110 exi-

460 4129 604 4184 mius
621 4144 981 4200 summusque
1004 4133 1237 4204 Cyrillus
1257 4136 1393 4192 libro
1423 4139 1614 4207 quinto
1636 4142 1702 4197 ad
1739 4143 2037 4213 llermiam,

461 4207 604 4274 Nam
663 4225 918 4291 quomodo
964 4227 1276 4294 videremus,
1325 4232 1643 4303 interrogat,
1705 4236 1866 4292 vitam
1903 4242 2039 4295 exsi-

458 4324 677 4367 steutem
728 4317 1013 4372 secundum
1041 4330 1309 4387 naturam,
1347 4332 1399 4376 et
1426 4322 1626 4379 Filium
1656 4327 1810 4383 ?Cur
1861 4340 2039 4384 autem

460 4422 563 4459 non
592 4414 642 4460 et
681 4408 880 4463 dicenti
905 4411 1221 4467 credendum
1256 4430 1271 4469 :
1309 4432 1327 4467 ι
1356 4414 1468 4486 Ego
1500 4434 1618 4472 sum
1658 4420 1739 4475 via
1768 4431 1816 4476 et
1846 4423 2036 4478 veritas

2069 3171 2112 3228 (Ξ

2147 582 2255 651 γὰρ
2286 582 2424 635 ἄλλα
2467 584 2576 637 τῶν
2625 584 3044 654 ὑποδειγμάτων
3090 585 3294 641 πολλῶν
3323 589 3477 645 ὄντων
3508 594 3583 648 διὰ
3604 598 3651 650 τδ

2146 673 2424 739 προφανὲς
2482 672 2580 727 τοῦ
2637 675 2966 746 πράγματος
2996 676 3176 731 πάντα
3231 681 3471 757 παρίημι,
3510 685 3653 741 ταῦτα

2149 763 2245 812 καὶ
2273 763 2339 814 ἐκ
2373 762 2468 815 τοῦ
2500 762 2630 816 Υίοῦ
2668 765 2965 834 τυγχάνειν
3011 768 3356 837 πιστεύομεν,
3382 772 3514 837 παρὰ
3546 775 3657 827 πάν-

2144 868 2253 904 των
2286 853 2473 921 σχεδὸν
2496 854 2605 907 τῶν
2635 855 2915 925 Πατέρων,
2946 849 3028 917 οἷς
3055 856 3314 926 ἐμέλησεν
3337 859 3368 927 ἡ
3393 860 3487 912 τῶν
3510 861 3655 931 ὀρθῶν

2144 945 2433 1015 δογμάτων
2469 948 2741 1015 ἐξέτασις,
2774 949 2926 1003 τουτὶ
2976 948 3313 1017 διδαχθέντες
3357 951 3414 1003 τὸ
3444 952 3657 1021 μάθημα,

2148 1038 2285 1104 πρὸς
2324 1037 2354 1090 6
2384 1038 2480 1091 καὶ
2508 1038 2595 1092 διὰ
2624 1040 2732 1094 τῶν
2754 1040 3034 1107 θεοσόφων
3060 1039 3286 1110 ἀνδρῶν,
3305 1039 3393 1093 τοῦ
3416 1041 3514 1095 τῶν
3536 1044 3660 1112 αἱρε-

2144 1130 2314 1182 τικῶν
2336 1131 2600 1185 κακίστου
2619 1134 2967 1203 φρονήματος
2988 1132 3322 1200 περιφανῶς,
3347 1134 3436 1187 ούκ
3452 1135 3552 1187 ἐστι
3578 1152 3660 1188 που

2142 1221 2251 1274 τῶν
2272 1222 2409 1274 ὅλων
2430 1223 2626 1287 οὐδεὶς,
2652 1225 2775 1278 ὅσον
2797 1227 2944 1293 ἡμᾶς
2967 1226 3289 1281 ἐπίστασθαι
3313 1223 3378 1276 δι’
3393 1225 3657 1294 ἀκριϐείας,

2144 1314 2171 1364 ὁ
2199 1311 2342 1364 κατᾶ
2377 1314 2437 1365 τὸ
2468 1312 2566 1366 νῦν
2601 1314 2917 1368 ἀντιτείνων
2953 1317 3049 1370 καὶ
3081 1315 3496 1385 ἁνθιστάμενος’
3546 1316 3660 1370 ἀλλά

2144 1420 2207 1470 γε
2242 1405 2337 1458 καὶ
2363 1404 2421 1457 τὸ
2447 1405 2534 1457 διά
2560 1421 2704 1469 τινος
2741 1404 2862 1458 κατ’
2894 1405 3087 1460 οὐσίαν
3125 1406 3362 1476 πέφηνεν
3385 1406 3567 1476 ὁμοίως
3585 1406 3662 1457 καὶ

2145 1497 2202 1563 ἐξ
2232 1497 2417 1551 αὐτοῦ.
2443 1496 2613 1549 Τοῦτο
2645 1496 2701 1550 δὲ
2731 1496 2826 1549 καὶ
2864 1497 3018 1567 παρὰ
3048 1499 3112 1568 τῇ
3140 1496 3394 1564 συνηθεία
3418 1497 3508 1567 τῆς
3540 1498 3663 1566 ἱερᾶς

2144 1589 2240 1640 καὶ
2299 1585 2663 1640 θεοπνεύστου
2712 1587 2938 1657 Γραφῆς
2994 1585 3139 1640 οὕτω
3175 1586 3404 1655 λέγεται,
3450 1585 3663 1655 καθάπερ

2145 1677 2239 1728 καὶ
2272 1676 2332 1729 τὸ
2366 1675 2429 1728 ἐκ
2457 1692 2602 1737 τινος
2635 1676 2754 1728 κατ’
2790 1674 2990 1740 αἰτίαν,
3023 1674 3136 1728 εἴτε
3183 1673 3414 1743 φυσικὴν
3442 1673 3540 1726 εἴτε
3569 1689 3666 1723 ποι-

2142 1766 2367 1836 ητικὴν,
2419 1765 2516 1818 καὶ
2578 1764 2730 1833 παρὰ
2768 1762 2974 1827 ταύτας
3033 1765 3135 1833 τὴν
3171 1763 3246 1834 μὴ
3285 1762 3415 1831 πρὸς
3444 1760 3662 1828 ὕπαρξιν,

2146 1858 2407 1919 ὡσαύτως
2460 1855 2689 1925 εὕρηται
2745 1856 2840 1909 καὶ
2872 1854 2940 1909 δι’
2986 1855 3161 1922 αὐτῆς
3195 1854 3394 1925 ταύτης
3436 1850 3665 1919 πολλαχοῦ

2149 1949 2419 2018 κείμενον).
2474 1947 2590 1999 Ἷνα
2623 1946 2679 1998 δὲ
2734 1945 2827 1998 καὶ
2876 1944 2988 1997 τῶν
3035 1944 3176 2012 πρὸς
3226 1943 3498 2012 ἀμφότερα
3526 1938 3666 1993 ταῦτα

2146 2041 2395 2111 χρήσεων
2417 2039 2473 2090 ὲν
2498 2036 2744 2106 έπιτόμῳ
2777 2034 3038 2106 μνησθεὶς
3054 2036 3155 2105 τῆς
3181 2035 3382 2096 οἰκείας
3405 2031 3667 2103 προθέσεως

2146 2132 2248 2185 οὐκ
2302 2132 2381 2190 εἰς
2416 2128 2638 2198 μακρὰν
2674 2126 2797 2181 καθ’
2856 2126 3128 2197 ἡμέτερον
3179 2126 3362 2188 σθένος
3395 2123 3664 2191 ἀνθέξομαι,

2147 2222 2279 2293 περὶ
2308 2220 2402 2274 τοῦ
2436 2221 2559 2274 κατ’
2589 2220 2773 2273 αἰτίαν
2802 2219 2866 2271 ἐκ
2896 2235 3063 2285 τινος,
3115 2219 3258 2289 ὅπερ
3300 2219 3391 2270 καὶ
3420 2214 3668 2284 προσεχὲς.

2146 2317 2174 2368 6
2215 2315 2314 2384 μὲν
2346 2313 2623 2374 θειότατος
2665 2310 2987 2372 Ἀθανάσιος
3019 2310 3076 2361 έν
3122 2310 3209 2377 τῷ
3238 2309 3377 2363 κατὰ
3422 2309 3670 2377 ’Δρειανῶν

2150 2409 2352 2475 πρώτῳ
2377 2405 2520 2471 λόγῳ
2557 2404 2721 2473 φησίν
2750 2420 2765 2436 ο
2801 2404 2989 2456 Ὅταν
3021 2398 3136 2458 οὖν
3166 2404 3256 2467 εὶς
3284 2400 3437 2454 τοῦθ’
3474 2396 3672 2465 ἡλικίας

2148 2501 2180 2552 ὀ
2209 2497 2519 2563 ἀνθίωπος
2553 2494 2838 2564 προέλθῃ,
2880 2488 2918 2564 ᾖ
2950 2494 3136 2547 καὶτὸ
3176 2492 3433 2547 δυνατὸν
3456 2492 3491 2557 ἠ
3522 2489 3672 2557 φύσις

2147 2589 2413 2659 παρέχει,
2441 2589 2621 2653 εὐθὺς
2654 2585 3112 2655 ἀνεμποδίστως
3140 2584 3337 2653 πατὴρ
3355 2587 3385 2640 ό
3405 2581 3670 2649 ἅνθρωπος

2147 2683 2372 2752 γίνεται
2410 2679 2518 2734 τοῦ
2541 2678 2615 2732 δι’
2645 2677 2834 2731 αὑτοῦ
2878 2677 3034 2731 υιοῦ.
3071 2676 3186 2729 Καὶ
3232 2675 3386 2729 τοῦτο
3433 2676 3522 2742 μὲν
3548 2664 3670 2727 οὗτος

2147 2777 2240 2831 ἐπὶ
2264 2775 2361 2845 τῆς
2400 2773 2642 2845 φυσικῆς
2669 2773 2846 2835 αἰτίας
2875 2774 2968 2839 ἀφ’
3000 2772 3202 2826 ἑαυτοῦ
3227 2772 3458 2840 τίθησιν,
3488 2768 3540 2829 ὃς
3560 2766 3671 2820 πᾶν·

2147 2887 2251 2932 τως
2282 2868 2467 2930 ἱκανὸς
2502 2866 2597 2920 καὶ
2629 2865 2790 2935 μόνος
2841 2865 3169 2935 κριθήσεται
3201 2864 3353 2928 παρὰ
3376 2863 3485 2924 τοῖς
3530 2858 3674 2928 ὀρθῶς

2148 2959 2598 3031 γνωματεύουσιν
2660 2959 2739 3020 είς
2790 2956 3145 3021 διδασκαλίας
3178 2955 3521 3026 παραδοχήψ
3566 2952 3591 3002 6
3628 2947 3673 2999 δὲ

2153 3053 2322 3116 πολὺς
2382 3053 2478 3121 τὴν
2537 3051 2802 3106 ἀνωτάτω
2841 3053 2937 3105 καὶ
2973 3050 3112 3118 μετὰ
3165 3049 3398 3120 Χριστὸν
3423 3041 3674 3114 θεωρίανὸ

2148 3145 2309 3215 σοφὸς
2339 3144 2435 3197 καὶ
2471 3144 2644 3213 μέγας
2672 3141 2953 3205 Βασίλειος
2981 3144 3039 3193 ἐν
3066 3142 3151 3211 τῷ
3181 3142 3412 3209 πέμπτῳ
3434 3137 3533 3191 τῶν
3564 3131 3674 3202 πρὸς

2144 3238 2236 3292 τὸν
2263 3236 2409 3303 ἱερὸν
2446 3233 2793 3303 Ἀμφιλόχιον
2824 3232 3138 3301 κεφαλαίων
3162 3233 3256 3286 ὲπί
3288 3249 3346 3284 τε
3373 3230 3467 3300 τῆς
3500 3240 3677 3293 ποιητι-

2145 3318 2247 3399 κῆς
2277 3329 2457 3389 αἰτίας
2505 3328 2645 3380 κάπὶ
2674 3328 2773 3397 τῆς
2812 3325 3001 3393 ἄλλης,
3034 3325 3105 3396 ἢν
3151 3327 3229 3389 ὼς
3280 3323 3449 3377 ἐθέλει
3478 3317 3677 3373 καλείτω

2143 3441 2247 3486 τις,
2281 3426 2346 3477 ὲκ
2368 3424 2464 3492 τῆς
2491 3422 2736 3480 Παλαιέις
2764 3420 3029 3493 προφέρει
3054 3420 3284 3512 Γραφῆῄς
3313 3419 3405 3512 τὰς
3436 3412 3523 3467 τοῦ
3538 3408 3679 3512 τοιού.

2144 3526 2239 3563 του
2280 3509 2597 3580 ζητήματος
2627 3510 2955 3580 μαρτυρίας.
2987 3508 3178 3576 σαφῶς
3203 3506 3347 3562 οὕτω
3373 3506 3673 3574 διευκρινῶν·

2149 3601 2301 3668 Ἤδη
2339 3604 2434 3655 καὶ
2475 3606 2624 3669 πρὸς
2676 3600 2749 3656 τὰ
2801 3602 2904 3657 ὑπ’
2963 3599 3259 3666 ἀλλήλων
3305 3597 3678 3669 σημαινόμενα

2143 3693 2441 3758 πολλάκις
2475 3694 2963 3761 ἁντιμεθίσταται
3023 3694 3059 3761 ἠ
3099 3692 3196 3745 διὰ
3224 3692 3322 3747 καί
3368 3692 3406 3759 ἡ
3442 3694 3520 3753 ἐκ,
3558 3688 3676 3739 ὅταν

2142 3784 2316 3852 ἑτέρα
2360 3783 2475 3851 τὴν
2503 3782 2612 3850 τῆς
2672 3782 2878 3852 ἐτέρας
2915 3784 3237 3853 σημασίαν
3285 3780 3676 3849 ἀναλαμϐάνῃ,

2142 3868 2291 3938 οἷον,
2344 3872 2697 3942 Ἐκτησάμην
2758 3871 3044 3944 ἄνθρωπον
3082 3873 3172 3926 διὰ
3221 3871 3315 3925 τοῦ
3361 3871 3509 3932 Θεοῦ,
3562 3867 3677 3919 lo'or

2140 3963 2336 4034 λέγων
2367 3963 2447 4029 τῷ
2500 3965 2565 4017 ἐκ
2597 3965 2690 4017 τοῦ
2741 3962 2903 4018 Θεοῦ.
2933 3963 3041 4016 Kal.
3074 3964 3318 4030 ἑτέρωθι
3342 3978 3361 3997 ο
3413 3963 3542 4015 Ὀσα
3588 3960 3679 4009 ένερ

2139 4055 2357 4109 τείλατο
2412 4053 2657 4123 Μωῦσῆς
2721 4053 2800 4124 τῷ
2869 4054 3087 4123 Ἰσραὴλ
3150 4055 3241 4109 διὰ
3300 4053 3678 4123 προστάγματος

2140 4147 2368 4218 Κυρίου.
2406 4146 2515 4201 Καὶ
2547 4144 2769 4201 πάλιν·
2824 4146 2959 4216 Οὐχὶ
3014 4147 3104 4200 διὰ
3136 4146 3234 4200 τοῦ
3288 4145 3419 4201 Θεοῦ
3462 4147 3491 4213 ἡ
3523 4140 3679 4196 litasti-

2141 4253 2305 4307 φησις
2363 4235 2542 4291 αὐτῶν
2581 4237 2766 4304 iactv;
2844 4237 2998 4291 Ἀντί
3063 4238 3171 4292 τοῦ
3217 4238 3284 4291 ἐκ
3321 4235 3413 4290 τοῦ
3459 4233 3579 4287 Θεοῦ
3612 4231 3676 4284 ει·

2139 4327 2298 4392 πεῖν,
2335 4328 2425 4382 διὰ
2452 4326 2547 4381 τοῦ
2587 4327 2725 4381 Θεοῦ
2775 4328 3000 4397 ετρηκε.
3042 4329 3188 4399 Πρὸς
3221 4327 3430 4390 τούτοις
3457 4329 3482 4379 6
3508 4326 3678 4393 δογμα-

2139 4419 2442 4485 τικῶτατος
2467 4418 2738 4490 Κύριλλος
2771 4420 2831 4473 ἐν
2878 4421 2978 4488 μὲν
3030 4418 3110 4490 τῷ
3146 4420 3386 4490 πέμπτῳ
3436 4418 3538 4470 τῶν
3566 4412 3678 4483 πρὸς

458 4508 506 4551 et
525 4499 631 4553 vita
650 4498 889 4555 “hCum
905 4503 1135 4558 articulo
1154 4514 1349 4569 autent,
1376 4516 1426 4561 et
1450 4509 1794 4579 singulariter
1809 4512 2037 4582 seipsum

2156 4511 2418 4582 Ἑρμείαν
2442 4527 2458 4543 ο
2505 4512 2644 4567 Τίνα
2676 4511 2786 4580 γὰρ
2826 4513 3050 4580 τρόπον
3086 4512 3560 4580 καταθρήσαιμεν
3596 4503 3675 4559 ἂν.

459 4605 573 4643 esse
592 4590 768 4644 dicens
793 4592 974 4657 vitam,
997 4610 1170 4649 annon
1194 4594 1406 4651 Patrem
1430 4608 1477 4653 et
1506 4599 1670 4654 Deum
1705 4619 1857 4657 suum
1883 4621 2040 4674 nega-

461 4683 590 4734 verit
615 4698 725 4734 esse.
755 4682 931 4747 vitam,
961 4687 1065 4739 nisi
1095 4688 1249 4742 unius
1274 4701 1481 4744 natura:
1517 4691 1696 4746 ambos
1735 4710 1846 4749 esse
1878 4696 2037 4750 dede-

460 4771 650 4831 rimus,
697 4780 745 4825 et
782 4788 875 4840 per
905 4774 1086 4829 ambos
1130 4774 1199 4830 ad
1223 4794 1315 4832 nos
1347 4781 1621 4848 (equaliter
1648 4784 1808 4837 vitam
1840 4786 2034 4853 venire,

458 4870 506 4914 et
538 4878 641 4914 non
671 4879 734 4916 ea:
750 4863 977 4931 duobus,
1008 4870 1098 4923 sed
1114 4884 1182 4923 ex
1199 4886 1303 4923 uno
1332 4869 1438 4925 Deo
1459 4888 1554 4927 nos
1577 4873 1869 4943 viviﬁcante
1885 4875 1911 4929 .’
1936 4875 2035 4933 llic

457 4952 676 5007 interim
743 4958 1054 5014 consideret
1081 4961 1394 5030 quicunque
1420 4963 1554 5027 vult,
1603 4966 1878 5034 quomodo
1907 4982 2032 5023 cum

460 5056 620 5100 antea
663 5047 893 5104 dixisset
922 5066 1014 5118 per
1044 5054 1248 5115 ambos,
1287 5057 1631 5122 postmodum
1665 5072 1730 5112 ex
1762 5075 1864 5112 uno
1902 5075 2029 5129 pro-

458 5138 605 5193 tulit.
637 5136 694 5194 ln
736 5151 893 5198 sexto
924 5144 1087 5199 etiam
1117 5143 1184 5199 ad
1210 5147 1460 5201 eumdem
1504 5166 1519 5205 :
1558 5148 1918 5221 Quodcunque
1945 5153 2035 5221 ﬁet

457 5248 489 5283 α
521 5229 685 5285 Patre
727 5234 782 5285 id
824 5250 1044 5299 prorsus
1087 5237 1190 5289 erit
1235 5250 1372 5292 recte
1411 5239 1612 5308 factum
1655 5250 1705 5295 et
1754 5240 1939 5299 Filii:
1983 5253 2035 5298 et

454 5316 594 5390 quod
632 5323 842 5379 dicetur
871 5326 1052 5391 perﬁci
1081 5341 1173 5393 per
1206 5326 1432 5397 Filium,
1461 5330 1597 5385 illud
1626 5349 1842 5402 prorsus
1872 5337 2045 5398 etiam,

453 5425 553 5467 ertt
584 5426 722 5470 recte
758 5418 961 5485 factum
1001 5419 1210 5477 Patris.
1258 5422 1456 5479 Omnia
1485 5425 1744 5494 siquidem
1777 5443 1870 5495 per
1917 5444 2034 5480 ant-

452 5506 544 5561 bos
572 5509 766 5579 (περιιοιὶ
820 5512 1049 5568 ratione.
1084 5513 1438 5583 Expositione
1468 5515 1520 5570 in
1571 5513 1836 5571 Joannem
1869 5517 1920 5572 in
1952 5518 2037 5573 di-

406 5607 602 5655 ,ctum
666 5601 791 5681 illud
836 5619 849 5656 :
932 5602 998 5657 Et
1077 5607 1435 5663 testimonium
1486 5607 1750 5677 perhibuit
1804 5607 2036 5665 Joannes

524 5758 570 5789 δ’
595 5757 753 5815 «ιυιιιι.
790 5777 896 5824 λιν,
938 5766 990 5819 li.

2139 4603 2495 4668 πυνθάνεται,
2525 4600 2681 4670 ζωὴν
2708 4602 2853 4656 ὄντα
2880 4604 3032 4656 κατὰ
3072 4603 3268 4671 φύσιν
3291 4602 3390 4656 καὶ
3411 4600 3510 4654 τὸν
3535 4595 3677 4651 flor:

2144 4696 2207 4750 Τί
2241 4695 2310 4749 δὲ
2340 4694 2478 4763 οὐχὶ
2505 4694 2603 4747 καί
2642 4692 2945 4764 φάσκοντι
2978 4696 3343 4751 πιστευτέον
3392 4694 3476 4759 τὸ,
3512 4711 3528 4743 ι
3564 4684 3678 4751 Ἐγώ

2138 4789 2256 4857 ειμι
2282 4786 2322 4856 ἡ
2357 4786 2496 4852 ὁδὸς
2524 4786 2623 4841 καὶ
2663 4786 2702 4854 ἠ
2742 4784 3000 4854 ἀλήθεια
3026 4786 3125 4842 καί
3158 4787 3197 4854 ἡ
3239 4786 3391 4853 (toti;
3432 4804 3450 4836 ι
3483 4777 3677 4844 Συνὰρ·

2138 4883 2290 4947 θρως
2316 4876 2385 4930 δὲ
2423 4878 2523 4932 καὶ
2547 4876 2887 4947 μοναδικῶς
2926 4877 3147 4934 ἑαυτὸν
3174 4875 3331 4933 εἶναι
3375 4877 3558 4945 λέγων
3585 4870 3677 4935 τὴν

2137 4968 2312 5037 ζωὴν,
2350 4960 2443 5037 ἆρ’
2491 4969 2602 5022 οὐκ
2639 4967 2929 5025 ἐξώσειεν
2957 4969 3035 5024 ἂν
3083 4971 3192 5024 τοῦ
3232 4968 3385 5024 εἶναι
3418 4966 3559 5033 ζωὴν
3591 4965 3678 5014 τὸν

2136 5060 2394 5126 Πατέρα,
2436 5058 2534 5112 καὶ
2572 5058 2743 5127 Θεὸν,
2779 5061 2833 5113 εὶ
2863 5058 2950 5130 μὴ
2987 5060 3231 5131 φύσεως
3263 5059 3405 5130 μιᾶς
3441 5056 3597 5126 ἄμφω
3625 5064 3676 5101 τε

2135 5145 2289 5204 εἶναι
2317 5149 2611 5220 δώσομεν,
2663 5150 2761 5205 καὶ
2788 5151 2866 5205 δι’
2916 5152 3144 5222 ἀμφοῖν
3183 5155 3272 5218 εἰς
3305 5150 3459 5222 ἡμᾶς
3493 5149 3556 5201 ἐν
3582 5144 3674 5203 ἷσφ
3708 5202 3709 5205 η

2136 5241 2203 5294 τὸ
2234 5241 2433 5312 χρῆμα
2473 5242 2649 5307 ιέναι,
2693 5243 2793 5297 καὶ
2835 5245 2965 5299 οὔτι
3005 5261 3125 5299 που
3185 5243 3360 5299 δυοῖν
3397 5242 3582 5301 ἄλλως
3618 5230 3673 5293 ἔξ

2137 5332 2278 5400 ἑνὸς
2302 5334 2412 5390 τοῦ
2433 5335 2505 5388 τὰ
2532 5334 2729 5389 πάντα
2753 5334 3198 5405 ζωογονοῦντος
3218 5335 3364 5390 Θεοῦ
3388 5349 3407 5397 ;
3428 5331 3529 5387 Καὶ
3545 5326 3672 5381 τοῦτο

2144 5425 2352 5495 μεταξὺ
2411 5427 2689 5482 σκοπείτω
2719 5429 2830 5490 πᾶς
2878 5429 2907 5481 6
2946 5428 3293 5499 βουλόμενος,
3343 5424 3473 5488 πῶς,
3509 5418 3672 5517 πρὼτξν

2141 5518 2516 5592 φθεγξάμενος
2546 5519 2623 5575 δι’
2646 5520 2891 5591 ἀμφοῖν,
2919 5525 2976 5575 ὲν
2995 5521 3246 5592 ὑστέροις
3273 5521 3341 5585 ἐξ
3365 5518 3495 5582 ἐνὸς
3516 5514 3668 5607 δξηῖῗ’

2142 5627 2358 5681 ρευσεν.
2402 5612 2490 5667 Ἐν
2522 5612 2578 5667 δὲ
2602 5612 2680 5684 τῷ
2701 5613 2848 5685 ἕκτῳ
2872 5614 2984 5673 τῶν
3026 5612 3159 5685 πρὸς
3191 5610 3386 5666 αὐτόν·
3421 5610 3476 5660 ’0
3501 5602 3593 5672 πτὶρ
3610 5610 3672 5651 αν
