  <div class='ocr_page' id='page_1' title='image "/cluster/home/n/w/nwhite01/storage/ocr_20150623/141/coo.31924054870468/578.png"; bbox 0 0 3970 6406; ppageno 0'>
   <div class='ocr_carea' id='block_1_1' title="bbox 253 389 390 454">
    <p class='ocr_par' dir='ltr' id='par_1_1' title="bbox 253 389 390 454">
     <span class='ocr_line' id='line_1_1' title="bbox 253 389 390 454; baseline -0.036 -1"><span class='ocrx_word' id='word_1_1' title='bbox 253 389 390 454; x_wconf 73' lang='lat' dir='ltr'><strong>1W)</strong></span> 
     </span>
    </p>
   </div>
   <div class='ocr_carea' id='block_1_2' title="bbox 1099 392 2657 455">
    <p class='ocr_par' dir='ltr' id='par_1_2' title="bbox 1099 392 2657 455">
     <span class='ocr_line' id='line_1_2' title="bbox 1099 392 2657 455; baseline -0.001 -2"><span class='ocrx_word' id='word_1_2' title='bbox 1099 395 1193 453; x_wconf 73' lang='lat' dir='ltr'><strong>DE</strong></span> <span class='ocrx_word' id='word_1_3' title='bbox 1236 394 1756 454; x_wconf 46' lang='lat' dir='ltr'><strong>PllOCESSlUNE</strong></span> <span class='ocrx_word' id='word_1_4' title='bbox 1802 396 1863 455; x_wconf 78' lang='lat' dir='ltr'><strong>S.</strong></span> <span class='ocrx_word' id='word_1_5' title='bbox 1904 394 2260 453; x_wconf 63' lang='lat' dir='ltr'><strong>Sl’ll’tl&#39;l&#39;US</strong></span> <span class='ocrx_word' id='word_1_6' title='bbox 2300 392 2526 453; x_wconf 71' lang='grc' dir='ltr'><strong>ΟΙὶᾹΤ.</strong></span> <span class='ocrx_word' id='word_1_7' title='bbox 2578 392 2657 451; x_wconf 84' lang='grc' dir='ltr'><em>Η.</em></span> 
     </span>
    </p>
   </div>
   <div class='ocr_carea' id='block_1_3' title="bbox 3373 388 3511 453">
    <p class='ocr_par' dir='ltr' id='par_1_3' title="bbox 3373 388 3511 453">
     <span class='ocr_line' id='line_1_3' title="bbox 3373 388 3511 453; baseline -0.007 -1"><span class='ocrx_word' id='word_1_8' title='bbox 3373 388 3511 453; x_wconf 69' lang='grc'><strong>1150</strong></span> 
     </span>
    </p>
   </div>
   <div class='ocr_carea' id='block_1_4' title="bbox 247 498 1850 574">
    <p class='ocr_par' dir='ltr' id='par_1_4' title="bbox 247 505 1825 574">
     <span class='ocr_line' id='line_1_4' title="bbox 247 505 1825 574; baseline -0.003 -13"><span class='ocrx_word' id='word_1_9' title='bbox 247 505 440 573; x_wconf 75' lang='grc' dir='ltr'><em>δρῷτο</em></span> <span class='ocrx_word' id='word_1_10' title='bbox 465 505 624 572; x_wconf 69' lang='grc' dir='ltr'><em>παρὰ</em></span> <span class='ocrx_word' id='word_1_11' title='bbox 652 506 754 558; x_wconf 80' lang='grc' dir='ltr'><strong>τοῦ</strong></span> <span class='ocrx_word' id='word_1_12' title='bbox 788 506 1039 574; x_wconf 79' lang='grc' dir='ltr'><em>Πατρός,</em></span> <span class='ocrx_word' id='word_1_13' title='bbox 1069 508 1248 561; x_wconf 87' lang='grc' dir='ltr'><em>τοῦτο</em></span> <span class='ocrx_word' id='word_1_14' title='bbox 1283 506 1523 573; x_wconf 76' lang='grc' dir='ltr'><em>πάντως</em></span> <span class='ocrx_word' id='word_1_15' title='bbox 1560 507 1691 560; x_wconf 78' lang='grc' dir='ltr'><em>ἐστὶ</em></span> <span class='ocrx_word' id='word_1_16' title='bbox 1727 505 1825 558; x_wconf 75' lang='grc' dir='ltr'><strong>καὶ</strong></span> 
     </span>
    </p>
   </div>
   <div class='ocr_carea' id='block_1_5' title="bbox 1928 498 3510 574">
    <p class='ocr_par' dir='ltr' id='par_1_5' title="bbox 1932 498 3510 574">
     <span class='ocr_line' id='line_1_5' title="bbox 1932 498 3510 574; baseline -0.004 -17"><span class='ocrx_word' id='word_1_17' title='bbox 1932 507 2141 559; x_wconf 86' lang='lat' dir='ltr'><strong>dicens:</strong></span> <span class='ocrx_word' id='word_1_18' title='bbox 2171 506 2282 560; x_wconf 76' lang='lat' dir='ltr'><strong>i&#39;idi</strong></span> <span class='ocrx_word' id='word_1_19' title='bbox 2315 504 2573 574; x_wconf 87' lang='lat' dir='ltr'><strong>Spiritum</strong></span> <span class='ocrx_word' id='word_1_20' title='bbox 2606 502 3002 556; x_wconf 72' lang='lat' dir='ltr'><strong>descendentem</strong></span> <span class='ocrx_word' id='word_1_21' title='bbox 3035 499 3189 569; x_wconf 86' lang='lat' dir='ltr'><strong>quasi</strong></span> <span class='ocrx_word' id='word_1_22' title='bbox 3213 498 3510 554; x_wconf 77' lang='lat' dir='ltr'><strong>columbam</strong></span> 
     </span>
    </p>
   </div>
   <div class='ocr_carea' id='block_1_6' title="bbox 243 595 1825 667">
    <p class='ocr_par' dir='ltr' id='par_1_6' title="bbox 243 595 1825 667">
     <span class='ocr_line' id='line_1_6' title="bbox 243 595 1825 667; baseline 0.001 -18"><span class='ocrx_word' id='word_1_23' title='bbox 243 595 543 663; x_wconf 72' lang='grc' dir='ltr'><em>ἐνέργημα</em></span> <span class='ocrx_word' id='word_1_24' title='bbox 568 596 672 648; x_wconf 82' lang='grc' dir='ltr'><strong>τοῦ</strong></span> <span class='ocrx_word' id='word_1_25' title='bbox 712 596 876 650; x_wconf 76' lang='grc' dir='ltr'><em>Υἰοῦ·</em></span> <span class='ocrx_word' id='word_1_26' title='bbox 902 598 1001 651; x_wconf 77' lang='grc' dir='ltr'><strong>καὶ</strong></span> <span class='ocrx_word' id='word_1_27' title='bbox 1045 597 1189 665; x_wconf 84' lang='grc' dir='ltr'><em>ὅπερ</em></span> <span class='ocrx_word' id='word_1_28' title='bbox 1239 598 1316 652; x_wconf 82' lang='grc' dir='ltr'><em>ἂν</em></span> <span class='ocrx_word' id='word_1_29' title='bbox 1344 598 1582 667; x_wconf 71' lang='grc' dir='ltr'><em>λέγοιτο</em></span> <span class='ocrx_word' id='word_1_30' title='bbox 1618 598 1825 651; x_wconf 76' lang='grc' dir='ltr'><em>διηπε-</em></span> 
     </span>
    </p>
   </div>
   <div class='ocr_carea' id='block_1_7' title="bbox 235 687 1828 758">
    <p class='ocr_par' dir='ltr' id='par_1_7' title="bbox 235 687 1828 758">
     <span class='ocr_line' id='line_1_7' title="bbox 235 687 1828 758; baseline 0.001 -17"><span class='ocrx_word' id='word_1_31' title='bbox 235 687 554 754; x_wconf 79' lang='grc' dir='ltr'><em>ραινεσθαι</em></span> <span class='ocrx_word' id='word_1_32' title='bbox 574 688 649 741; x_wconf 78' lang='grc' dir='ltr'><em>δι’</em></span> <span class='ocrx_word' id='word_1_33' title='bbox 687 689 841 754; x_wconf 79' lang='grc' dir='ltr'><em>Υἱοῦ,</em></span> <span class='ocrx_word' id='word_1_34' title='bbox 866 689 1044 744; x_wconf 88' lang='grc' dir='ltr'><em>τοῦτο</em></span> <span class='ocrx_word' id='word_1_35' title='bbox 1059 690 1298 757; x_wconf 86' lang='grc' dir='ltr'><em>πάντως</em></span> <span class='ocrx_word' id='word_1_36' title='bbox 1322 691 1449 744; x_wconf 75' lang='grc' dir='ltr'><em>ἐστὶ</em></span> <span class='ocrx_word' id='word_1_37' title='bbox 1481 693 1828 758; x_wconf 65' lang='grc' dir='ltr'><em>κατόρθωμα</em></span> 
     </span>
    </p>
   </div>
   <div class='ocr_carea' id='block_1_8' title="bbox 242 779 1828 851">
    <p class='ocr_par' dir='ltr' id='par_1_8' title="bbox 242 779 1828 851">
     <span class='ocr_line' id='line_1_8' title="bbox 242 779 1828 851; baseline 0.001 -21"><span class='ocrx_word' id='word_1_38' title='bbox 242 779 351 843; x_wconf 87' lang='grc' dir='ltr'><strong>τοῦ</strong></span> <span class='ocrx_word' id='word_1_39' title='bbox 377 781 630 847; x_wconf 78' lang='grc' dir='ltr'><em>Πατρός.</em></span> <span class='ocrx_word' id='word_1_40' title='bbox 676 779 880 834; x_wconf 81' lang='grc' dir='ltr'><em>Πάντα</em></span> <span class='ocrx_word' id='word_1_41' title='bbox 919 782 1029 851; x_wconf 76' lang='grc' dir='ltr'><strong>γὰρ</strong></span> <span class='ocrx_word' id='word_1_42' title='bbox 1054 781 1128 834; x_wconf 83' lang='grc' dir='ltr'><strong>δι’</strong></span> <span class='ocrx_word' id='word_1_43' title='bbox 1160 781 1386 851; x_wconf 67' lang='grc' dir='ltr'><em>ἀμφοῖν</em></span> <span class='ocrx_word' id='word_1_44' title='bbox 1430 781 1503 834; x_wconf 81' lang='grc' dir='ltr'><em>ἐν</em></span> <span class='ocrx_word' id='word_1_45' title='bbox 1548 783 1682 845; x_wconf 86' lang='grc' dir='ltr'><em>ἴσῳ.</em></span> <span class='ocrx_word' id='word_1_46' title='bbox 1740 782 1828 834; x_wconf 86' lang='grc' dir='ltr'><em>Ἐν</em></span> 
     </span>
    </p>
   </div>
   <div class='ocr_carea' id='block_1_9' title="bbox 241 869 1824 943">
    <p class='ocr_par' dir='ltr' id='par_1_9' title="bbox 241 869 1824 943">
     <span class='ocr_line' id='line_1_9' title="bbox 241 869 1824 943; baseline 0.001 -21"><span class='ocrx_word' id='word_1_47' title='bbox 241 872 310 941; x_wconf 83' lang='grc' dir='ltr'><em>τῇ</em></span> <span class='ocrx_word' id='word_1_48' title='bbox 344 869 487 925; x_wconf 70' lang='grc' dir='ltr'><em>κατὰ</em></span> <span class='ocrx_word' id='word_1_49' title='bbox 527 870 784 941; x_wconf 79' lang='grc' dir='ltr'><strong>Ἰωάννην</strong></span> <span class='ocrx_word' id='word_1_50' title='bbox 818 872 1089 942; x_wconf 70' lang='grc' dir='ltr'><em>ἑρμηνείᾳ</em></span> <span class='ocrx_word' id='word_1_51' title='bbox 1154 874 1236 936; x_wconf 84' lang='grc' dir='ltr'><strong>είς</strong></span> <span class='ocrx_word' id='word_1_52' title='bbox 1283 873 1346 925; x_wconf 77' lang='grc' dir='ltr'><em>τὸ</em></span> <span class='ocrx_word' id='word_1_53' title='bbox 1379 873 1545 943; x_wconf 68' lang='grc' dir='ltr'><em>ῥητὸν</em></span> <span class='ocrx_word' id='word_1_54' title='bbox 1601 872 1682 938; x_wconf 80' lang='grc' dir='ltr'><em>τὸ,</em></span> <span class='ocrx_word' id='word_1_55' title='bbox 1717 872 1824 925; x_wconf 80' lang='lat' dir='ltr'><strong>Kal</strong></span> 
     </span>
    </p>
   </div>
   <div class='ocr_carea' id='block_1_10' title="bbox 239 960 1827 1033">
    <p class='ocr_par' dir='ltr' id='par_1_10' title="bbox 239 960 1827 1033">
     <span class='ocr_line' id='line_1_10' title="bbox 239 960 1827 1033; baseline 0.003 -22"><span class='ocrx_word' id='word_1_56' title='bbox 239 960 666 1028; x_wconf 76' lang='grc' dir='ltr'><strong>ἐμαρτύρησεν</strong></span> <span class='ocrx_word' id='word_1_57' title='bbox 714 962 998 1030; x_wconf 82' lang='grc' dir='ltr'><em>Ἰωάννης</em></span> <span class='ocrx_word' id='word_1_58' title='bbox 1042 962 1258 1032; x_wconf 76' lang='grc' dir='ltr'><em>λέγων,</em></span> <span class='ocrx_word' id='word_1_59' title='bbox 1292 964 1381 1017; x_wconf 87' lang='grc' dir='ltr'><em>ὅτι</em></span> <span class='ocrx_word' id='word_1_60' title='bbox 1430 962 1705 1033; x_wconf 81' lang='grc' dir='ltr'><strong>Τεθέαμαι</strong></span> <span class='ocrx_word' id='word_1_61' title='bbox 1759 962 1827 1016; x_wconf 82' lang='grc' dir='ltr'><em>τὸ</em></span> 
     </span>
    </p>
   </div>
   <div class='ocr_carea' id='block_1_11' title="bbox 241 1048 1828 1122">
    <p class='ocr_par' dir='ltr' id='par_1_11' title="bbox 241 1048 1828 1122">
     <span class='ocr_line' id='line_1_11' title="bbox 241 1048 1828 1122; baseline -0.001 -15"><span class='ocrx_word' id='word_1_62' title='bbox 241 1048 491 1114; x_wconf 80' lang='grc' dir='ltr'><strong>Πνεῦμα</strong></span> <span class='ocrx_word' id='word_1_63' title='bbox 532 1050 898 1107; x_wconf 80' lang='grc' dir='ltr'><em>καταϐαῖνον</em></span> <span class='ocrx_word' id='word_1_64' title='bbox 940 1052 1085 1106; x_wconf 76' lang='grc' dir='ltr'><em>ὡσεί</em></span> <span class='ocrx_word' id='word_1_65' title='bbox 1134 1052 1500 1122; x_wconf 81' lang='grc' dir='ltr'><em>περιστερὰν</em></span> <span class='ocrx_word' id='word_1_66' title='bbox 1544 1053 1614 1118; x_wconf 79' lang='grc' dir='ltr'><strong>ἐξ</strong></span> <span class='ocrx_word' id='word_1_67' title='bbox 1654 1055 1828 1120; x_wconf 81' lang='grc' dir='ltr'><em>οὐρα-</em></span> 
     </span>
    </p>
   </div>
   <div class='ocr_carea' id='block_1_12' title="bbox 239 1138 1827 1212">
    <p class='ocr_par' dir='ltr' id='par_1_12' title="bbox 239 1138 1827 1212">
     <span class='ocr_line' id='line_1_12' title="bbox 239 1138 1827 1212; baseline 0.001 -17"><span class='ocrx_word' id='word_1_68' title='bbox 239 1140 377 1195; x_wconf 90' lang='grc' dir='ltr'><em>νοῦ.</em></span> <span class='ocrx_word' id='word_1_69' title='bbox 437 1138 571 1207; x_wconf 84' lang='grc' dir='ltr'><em>Πῶς</em></span> <span class='ocrx_word' id='word_1_70' title='bbox 605 1138 673 1193; x_wconf 81' lang='grc' dir='ltr'><em>δὲ</em></span> <span class='ocrx_word' id='word_1_71' title='bbox 716 1141 873 1210; x_wconf 72' lang='grc' dir='ltr'><em>ὅλως</em></span> <span class='ocrx_word' id='word_1_72' title='bbox 898 1145 1072 1198; x_wconf 77' lang='grc' dir='ltr'><em>ἔσται</em></span> <span class='ocrx_word' id='word_1_73' title='bbox 1108 1144 1206 1199; x_wconf 79' lang='grc' dir='ltr'><strong>καὶ</strong></span> <span class='ocrx_word' id='word_1_74' title='bbox 1236 1143 1405 1212; x_wconf 75' lang='grc' dir='ltr'><em>άπλῆ</em></span> <span class='ocrx_word' id='word_1_75' title='bbox 1432 1146 1529 1199; x_wconf 76' lang='grc' dir='ltr'><strong>καὶ</strong></span> <span class='ocrx_word' id='word_1_76' title='bbox 1564 1145 1827 1199; x_wconf 80' lang='grc' dir='ltr'><em>ἀσύνθε-</em></span> 
     </span>
    </p>
   </div>
   <div class='ocr_carea' id='block_1_13' title="bbox 236 1234 1826 1307">
    <p class='ocr_par' dir='ltr' id='par_1_13' title="bbox 236 1234 1826 1307">
     <span class='ocr_line' id='line_1_13' title="bbox 236 1234 1826 1307; baseline 0.001 -18"><span class='ocrx_word' id='word_1_77' title='bbox 236 1251 346 1301; x_wconf 79' lang='grc' dir='ltr'><strong>τος</strong></span> <span class='ocrx_word' id='word_1_78' title='bbox 375 1235 413 1302; x_wconf 79' lang='grc' dir='ltr'><strong><em>ἠ</em></strong></span> <span class='ocrx_word' id='word_1_79' title='bbox 446 1236 574 1289; x_wconf 82' lang='grc' dir='ltr'><em>θεία</em></span> <span class='ocrx_word' id='word_1_80' title='bbox 601 1234 813 1303; x_wconf 64' lang='grc' dir='ltr'><em>φύσις,</em></span> <span class='ocrx_word' id='word_1_81' title='bbox 856 1235 1026 1303; x_wconf 84' lang='grc' dir='ltr'><em>εἴπερ</em></span> <span class='ocrx_word' id='word_1_82' title='bbox 1069 1236 1141 1290; x_wconf 81' lang='grc' dir='ltr'><em>ὃν</em></span> <span class='ocrx_word' id='word_1_83' title='bbox 1174 1236 1245 1291; x_wconf 79' lang='grc' dir='ltr'><em>ἐν</em></span> <span class='ocrx_word' id='word_1_84' title='bbox 1268 1237 1425 1306; x_wconf 80' lang='grc' dir='ltr'><em>αὐτῇ</em></span> <span class='ocrx_word' id='word_1_85' title='bbox 1454 1236 1726 1307; x_wconf 72' lang='grc' dir='ltr'><em>φανεῖται</em></span> <span class='ocrx_word' id='word_1_86' title='bbox 1758 1236 1826 1290; x_wconf 85' lang='grc' dir='ltr'><strong>τό</strong></span> 
     </span>
    </p>
   </div>
   <div class='ocr_carea' id='block_1_14' title="bbox 238 1325 1825 1398">
    <p class='ocr_par' dir='ltr' id='par_1_14' title="bbox 238 1325 1825 1398">
     <span class='ocr_line' id='line_1_14' title="bbox 238 1325 1825 1398; baseline 0.001 -19"><span class='ocrx_word' id='word_1_87' title='bbox 238 1325 477 1379; x_wconf 75' lang='grc' dir='ltr'><em>τέλειον</em></span> <span class='ocrx_word' id='word_1_88' title='bbox 539 1325 636 1378; x_wconf 74' lang='grc' dir='ltr'><em>καί</em></span> <span class='ocrx_word' id='word_1_89' title='bbox 693 1327 760 1379; x_wconf 87' lang='grc' dir='ltr'><em>τὸ</em></span> <span class='ocrx_word' id='word_1_90' title='bbox 813 1327 1068 1395; x_wconf 73' lang='grc' dir='ltr'><em>άτελέςς</em></span> <span class='ocrx_word' id='word_1_91' title='bbox 1149 1328 1538 1398; x_wconf 78' lang='grc' dir='ltr'><strong>συγκείσεται</strong></span> <span class='ocrx_word' id='word_1_92' title='bbox 1595 1329 1706 1397; x_wconf 74' lang='grc' dir='ltr'><strong>γὰρ</strong></span> <span class='ocrx_word' id='word_1_93' title='bbox 1749 1327 1825 1381; x_wconf 82' lang='grc' dir='ltr'><em>δι’</em></span> 
     </span>
    </p>
   </div>
   <div class='ocr_carea' id='block_1_15' title="bbox 237 1415 1828 1488">
    <p class='ocr_par' dir='ltr' id='par_1_15' title="bbox 237 1415 1828 1488">
     <span class='ocr_line' id='line_1_15' title="bbox 237 1415 1828 1488; baseline -0.001 -15"><span class='ocrx_word' id='word_1_94' title='bbox 237 1415 488 1485; x_wconf 72' lang='grc' dir='ltr'><em>ἀμφοῖν,</em></span> <span class='ocrx_word' id='word_1_95' title='bbox 517 1416 688 1484; x_wconf 79' lang='grc' dir='ltr'><em>εἴπερ</em></span> <span class='ocrx_word' id='word_1_96' title='bbox 718 1418 835 1488; x_wconf 82' lang='grc' dir='ltr'><strong>οὐχ</strong></span> <span class='ocrx_word' id='word_1_97' title='bbox 865 1418 1077 1486; x_wconf 80' lang='grc' dir='ltr'><em>ὅμοιον</em></span> <span class='ocrx_word' id='word_1_98' title='bbox 1101 1418 1167 1473; x_wconf 87' lang='grc' dir='ltr'><em>τὸ</em></span> <span class='ocrx_word' id='word_1_99' title='bbox 1187 1418 1428 1474; x_wconf 72' lang='grc' dir='ltr'><em>τέλειον</em></span> <span class='ocrx_word' id='word_1_100' title='bbox 1456 1420 1555 1474; x_wconf 75' lang='grc' dir='ltr'><strong>καὶ</strong></span> <span class='ocrx_word' id='word_1_101' title='bbox 1584 1420 1652 1473; x_wconf 85' lang='grc' dir='ltr'><em>τὸ</em></span> <span class='ocrx_word' id='word_1_102' title='bbox 1698 1419 1828 1474; x_wconf 77' lang='lat' dir='ltr'><strong>dte-</strong></span> 
     </span>
    </p>
   </div>
   <div class='ocr_carea' id='block_1_16' title="bbox 239 1507 1829 1581">
    <p class='ocr_par' dir='ltr' id='par_1_16' title="bbox 239 1507 1829 1581">
     <span class='ocr_line' id='line_1_16' title="bbox 239 1507 1829 1581; baseline 0.001 -19"><span class='ocrx_word' id='word_1_103' title='bbox 239 1508 373 1574; x_wconf 73' lang='grc' dir='ltr'><em>λές.</em></span> <span class='ocrx_word' id='word_1_104' title='bbox 417 1508 586 1561; x_wconf 82' lang='grc' dir='ltr'><em>Πάλιν</em></span> <span class='ocrx_word' id='word_1_105' title='bbox 612 1509 692 1570; x_wconf 85' lang='grc' dir='ltr'><strong>είς</strong></span> <span class='ocrx_word' id='word_1_106' title='bbox 722 1507 784 1561; x_wconf 74' lang='grc' dir='ltr'><em>τὸ</em></span> <span class='ocrx_word' id='word_1_107' title='bbox 828 1509 995 1580; x_wconf 80' lang='grc' dir='ltr'><em>ῥητὸν</em></span> <span class='ocrx_word' id='word_1_108' title='bbox 1043 1510 1137 1563; x_wconf 82' lang='grc' dir='ltr'><strong>τοῦ</strong></span> <span class='ocrx_word' id='word_1_109' title='bbox 1173 1511 1317 1564; x_wconf 78' lang='grc' dir='ltr'><em>κατὰ</em></span> <span class='ocrx_word' id='word_1_110' title='bbox 1355 1511 1612 1581; x_wconf 78' lang='grc' dir='ltr'><strong>Ἰωάννην</strong></span> <span class='ocrx_word' id='word_1_111' title='bbox 1647 1511 1829 1580; x_wconf 82' lang='grc' dir='ltr'><em>Εὐαγ-</em></span> 
     </span>
    </p>
   </div>
   <div class='ocr_carea' id='block_1_17' title="bbox 237 1597 1826 1672">
    <p class='ocr_par' dir='ltr' id='par_1_17' title="bbox 237 1597 1826 1672">
     <span class='ocr_line' id='line_1_17' title="bbox 237 1597 1826 1672; baseline 0.003 -21"><span class='ocrx_word' id='word_1_112' title='bbox 237 1598 421 1667; x_wconf 80' lang='grc' dir='ltr'><em>γελίου</em></span> <span class='ocrx_word' id='word_1_113' title='bbox 476 1599 558 1665; x_wconf 81' lang='grc' dir='ltr'><em>τὸ,</em></span> <span class='ocrx_word' id='word_1_114' title='bbox 617 1597 822 1655; x_wconf 82' lang='grc' dir='ltr'><em>Πάντα</em></span> <span class='ocrx_word' id='word_1_115' title='bbox 856 1600 933 1655; x_wconf 78' lang='grc' dir='ltr'><em>δι’</em></span> <span class='ocrx_word' id='word_1_116' title='bbox 993 1601 1181 1656; x_wconf 82' lang='grc' dir='ltr'><em>αὐτοῦ</em></span> <span class='ocrx_word' id='word_1_117' title='bbox 1231 1600 1490 1672; x_wconf 77' lang='grc' dir='ltr'><em>ἐγένετο,</em></span> <span class='ocrx_word' id='word_1_118' title='bbox 1538 1603 1665 1665; x_wconf 82' lang='grc' dir='ltr'><em>τοὺς</em></span> <span class='ocrx_word' id='word_1_119' title='bbox 1717 1620 1826 1672; x_wconf 82' lang='grc' dir='ltr'><em>μα-</em></span> 
     </span>
    </p>
   </div>
   <div class='ocr_carea' id='block_1_18' title="bbox 236 1692 1824 1765">
    <p class='ocr_par' dir='ltr' id='par_1_18' title="bbox 236 1692 1824 1765">
     <span class='ocr_line' id='line_1_18' title="bbox 236 1692 1824 1765; baseline 0.002 -22"><span class='ocrx_word' id='word_1_120' title='bbox 236 1692 571 1761; x_wconf 78' lang='grc' dir='ltr'><em>ταιόφρονας</em></span> <span class='ocrx_word' id='word_1_121' title='bbox 649 1692 983 1762; x_wconf 78' lang='grc' dir='ltr'><em>στηλιτεύων</em></span> <span class='ocrx_word' id='word_1_122' title='bbox 1064 1693 1416 1765; x_wconf 81' lang='grc' dir='ltr'><em>’Λρειανοὺς,</em></span> <span class='ocrx_word' id='word_1_123' title='bbox 1483 1693 1576 1745; x_wconf 71' lang='grc' dir='ltr'><em>τὸν</em></span> <span class='ocrx_word' id='word_1_124' title='bbox 1649 1693 1824 1763; x_wconf 81' lang='grc' dir='ltr'><em>μέγαν</em></span> 
     </span>
    </p>
   </div>
   <div class='ocr_carea' id='block_1_19' title="bbox 238 1781 1822 1854">
    <p class='ocr_par' dir='ltr' id='par_1_19' title="bbox 238 1781 1822 1854">
     <span class='ocr_line' id='line_1_19' title="bbox 238 1781 1822 1854; baseline 0.001 -19"><span class='ocrx_word' id='word_1_125' title='bbox 238 1781 546 1835; x_wconf 77' lang='grc' dir='ltr'><strong>ἀπόστολον</strong></span> <span class='ocrx_word' id='word_1_126' title='bbox 577 1782 792 1837; x_wconf 82' lang='grc' dir='ltr'><em>Παῦλον</em></span> <span class='ocrx_word' id='word_1_127' title='bbox 826 1784 885 1837; x_wconf 79' lang='grc' dir='ltr'><em>ἐν</em></span> <span class='ocrx_word' id='word_1_128' title='bbox 932 1785 1266 1854; x_wconf 79' lang='grc' dir='ltr'><em>περικοπαίς</em></span> <span class='ocrx_word' id='word_1_129' title='bbox 1300 1784 1580 1853; x_wconf 81' lang='grc' dir='ltr'><strong>διαφόροις</strong></span> <span class='ocrx_word' id='word_1_130' title='bbox 1613 1801 1822 1854; x_wconf 73' lang='grc' dir='ltr'><em>μυστα-</em></span> 
     </span>
    </p>
   </div>
   <div class='ocr_carea' id='block_1_20' title="bbox 240 1872 1822 1947">
    <p class='ocr_par' dir='ltr' id='par_1_20' title="bbox 240 1872 1822 1947">
     <span class='ocr_line' id='line_1_20' title="bbox 240 1872 1822 1947; baseline 0.002 -21"><span class='ocrx_word' id='word_1_131' title='bbox 240 1872 427 1942; x_wconf 69' lang='grc' dir='ltr'><em>γωγὸν</em></span> <span class='ocrx_word' id='word_1_132' title='bbox 485 1873 578 1926; x_wconf 89' lang='grc' dir='ltr'><strong>τοῦ</strong></span> <span class='ocrx_word' id='word_1_133' title='bbox 636 1873 1006 1944; x_wconf 72' lang='grc' dir='ltr'><strong>προκειμένου</strong></span> <span class='ocrx_word' id='word_1_134' title='bbox 1044 1876 1337 1947; x_wconf 80' lang='grc' dir='ltr'><strong>παρήγαγε</strong></span> <span class='ocrx_word' id='word_1_135' title='bbox 1364 1891 1378 1905; x_wconf 89' lang='grc'><strong>·</strong></span> <span class='ocrx_word' id='word_1_136' title='bbox 1415 1877 1477 1931; x_wconf 86' lang='grc' dir='ltr'><em>Τί</em></span> <span class='ocrx_word' id='word_1_137' title='bbox 1516 1891 1664 1929; x_wconf 81' lang='grc' dir='ltr'><em>ποτε</em></span> <span class='ocrx_word' id='word_1_138' title='bbox 1686 1875 1822 1943; x_wconf 83' lang='grc' dir='ltr'><em>ἄρα,</em></span> 
     </span>
    </p>
   </div>
   <div class='ocr_carea' id='block_1_21' title="bbox 238 1963 1827 2036">
    <p class='ocr_par' dir='ltr' id='par_1_21' title="bbox 238 1963 1827 2036">
     <span class='ocr_line' id='line_1_21' title="bbox 238 1963 1827 2036; baseline 0.001 -18"><span class='ocrx_word' id='word_1_139' title='bbox 238 1964 491 2033; x_wconf 71' lang='grc' dir='ltr'><em>φάσκων,</em></span> <span class='ocrx_word' id='word_1_140' title='bbox 522 1963 622 2019; x_wconf 74' lang='grc' dir='ltr'><strong>καὶ</strong></span> <span class='ocrx_word' id='word_1_141' title='bbox 646 1966 781 2035; x_wconf 78' lang='grc' dir='ltr'><em>περὶ</em></span> <span class='ocrx_word' id='word_1_142' title='bbox 804 1966 993 2020; x_wconf 84' lang='grc' dir='ltr'><em>αὑτοῦ</em></span> <span class='ocrx_word' id='word_1_143' title='bbox 1015 1966 1121 2020; x_wconf 90' lang='grc' dir='ltr'><strong>τοῦ</strong></span> <span class='ocrx_word' id='word_1_144' title='bbox 1142 1967 1374 2034; x_wconf 83' lang='grc' dir='ltr'><em>Πατρός</em></span> <span class='ocrx_word' id='word_1_145' title='bbox 1412 1965 1827 2036; x_wconf 70' lang='grc' dir='ltr'><em>ἐννοήσωμεν-ς</em></span> 
     </span>
    </p>
   </div>
   <div class='ocr_carea' id='block_1_22' title="bbox 243 2053 1825 2128">
    <p class='ocr_par' dir='ltr' id='par_1_22' title="bbox 243 2053 1825 2128">
     <span class='ocr_line' id='line_1_22' title="bbox 243 2053 1825 2128; baseline 0.003 -19"><span class='ocrx_word' id='word_1_146' title='bbox 243 2055 388 2111; x_wconf 82' lang='grc' dir='ltr'><em>Τίνα</em></span> <span class='ocrx_word' id='word_1_147' title='bbox 417 2055 484 2110; x_wconf 77' lang='grc' dir='ltr'><em>δὲ</em></span> <span class='ocrx_word' id='word_1_148' title='bbox 505 2053 660 2112; x_wconf 74' lang='grc' dir='ltr'><em>εἶναι</em></span> <span class='ocrx_word' id='word_1_149' title='bbox 682 2058 782 2112; x_wconf 82' lang='grc' dir='ltr'><strong>καὶ</strong></span> <span class='ocrx_word' id='word_1_150' title='bbox 815 2058 1004 2115; x_wconf 87' lang='grc' dir='ltr'><em>αὐτὸν</em></span> <span class='ocrx_word' id='word_1_151' title='bbox 1027 2060 1487 2128; x_wconf 79' lang='grc' dir='ltr'><em>ὐποληψόμεθα,</em></span> <span class='ocrx_word' id='word_1_152' title='bbox 1519 2057 1668 2113; x_wconf 84' lang='grc' dir='ltr'><em>ὅταν</em></span> <span class='ocrx_word' id='word_1_153' title='bbox 1687 2059 1825 2128; x_wconf 73' lang='grc' dir='ltr'><em>φαί-</em></span> 
     </span>
    </p>
   </div>
   <div class='ocr_carea' id='block_1_23' title="bbox 235 2146 1826 2220">
    <p class='ocr_par' dir='ltr' id='par_1_23' title="bbox 235 2146 1826 2220">
     <span class='ocr_line' id='line_1_23' title="bbox 235 2146 1826 2220; baseline 0.002 -19"><span class='ocrx_word' id='word_1_154' title='bbox 235 2164 418 2215; x_wconf 85' lang='grc' dir='ltr'><em>νηται</em></span> <span class='ocrx_word' id='word_1_155' title='bbox 444 2148 771 2219; x_wconf 83' lang='grc' dir='ltr'><em>δεχόμενος</em></span> <span class='ocrx_word' id='word_1_156' title='bbox 810 2149 901 2216; x_wconf 82' lang='grc' dir='ltr'><em>τὸ,</em></span> <span class='ocrx_word' id='word_1_157' title='bbox 926 2149 994 2202; x_wconf 85' lang='grc' dir='ltr'><em>δι’</em></span> <span class='ocrx_word' id='word_1_158' title='bbox 1023 2146 1084 2201; x_wconf 70' lang='grc' dir='ltr'><em>οὗ</em></span> <span class='ocrx_word' id='word_1_159' title='bbox 1125 2150 1287 2219; x_wconf 83' lang='grc' dir='ltr'><em>παρὰ</em></span> <span class='ocrx_word' id='word_1_160' title='bbox 1306 2149 1382 2220; x_wconf 78' lang='grc' dir='ltr'><em>τῇ</em></span> <span class='ocrx_word' id='word_1_161' title='bbox 1405 2151 1534 2217; x_wconf 80' lang='grc' dir='ltr'><em>θείᾳ</em></span> <span class='ocrx_word' id='word_1_162' title='bbox 1578 2147 1793 2218; x_wconf 74' lang='grc' dir='ltr'><em>Γραφῇ</em></span> <span class='ocrx_word' id='word_1_163' title='bbox 1805 2163 1826 2213; x_wconf 86' lang='grc'><strong><em>;</em></strong></span> 
     </span>
    </p>
   </div>
   <div class='ocr_carea' id='block_1_24' title="bbox 241 2236 1828 2329">
    <p class='ocr_par' dir='ltr' id='par_1_24' title="bbox 241 2236 1828 2329">
     <span class='ocr_line' id='line_1_24' title="bbox 241 2236 1828 2329; baseline 0.002 -37"><span class='ocrx_word' id='word_1_164' title='bbox 241 2260 260 2307; x_wconf 68' lang='grc' dir='ltr'><strong>ι</strong></span> <span class='ocrx_word' id='word_1_165' title='bbox 304 2240 533 2319; x_wconf 81' lang='grc' dir='ltr'><em>Πιστὸς</em></span> <span class='ocrx_word' id='word_1_166' title='bbox 561 2241 725 2310; x_wconf 77' lang='grc' dir='ltr'><em>γάρ,»</em></span> <span class='ocrx_word' id='word_1_167' title='bbox 764 2241 1013 2329; x_wconf 56' lang='grc' dir='ltr'><em>φησίνμ</em></span> <span class='ocrx_word' id='word_1_168' title='bbox 1055 2243 1087 2295; x_wconf 87' lang='grc' dir='ltr'><strong>ό</strong></span> <span class='ocrx_word' id='word_1_169' title='bbox 1118 2243 1283 2308; x_wconf 77' lang='grc' dir='ltr'><em>Θεὸς,</em></span> <span class='ocrx_word' id='word_1_170' title='bbox 1313 2241 1390 2295; x_wconf 83' lang='grc' dir='ltr'><em>δι’</em></span> <span class='ocrx_word' id='word_1_171' title='bbox 1424 2236 1501 2298; x_wconf 84' lang='grc' dir='ltr'><strong>οὗ</strong></span> <span class='ocrx_word' id='word_1_172' title='bbox 1527 2240 1828 2309; x_wconf 78' lang='grc' dir='ltr'><strong>ἐκλήθητε</strong></span> 
     </span>
    </p>
   </div>
   <div class='ocr_carea' id='block_1_25' title="bbox 240 2330 1828 2399">
    <p class='ocr_par' dir='ltr' id='par_1_25' title="bbox 240 2330 1828 2399">
     <span class='ocr_line' id='line_1_25' title="bbox 240 2330 1828 2399; baseline 0.003 -17"><span class='ocrx_word' id='word_1_173' title='bbox 240 2331 330 2395; x_wconf 79' lang='grc' dir='ltr'><strong>εις</strong></span> <span class='ocrx_word' id='word_1_174' title='bbox 361 2332 689 2385; x_wconf 79' lang='grc' dir='ltr'><em>κοινωνίαν</em></span> <span class='ocrx_word' id='word_1_175' title='bbox 726 2332 834 2386; x_wconf 87' lang='grc' dir='ltr'><strong>τοῦ</strong></span> <span class='ocrx_word' id='word_1_176' title='bbox 868 2332 1001 2399; x_wconf 76' lang='grc' dir='ltr'><em>Υίοῦ</em></span> <span class='ocrx_word' id='word_1_177' title='bbox 1025 2331 1236 2396; x_wconf 74' lang='grc' dir='ltr'><em>αὐτοῦ’</em></span> <span class='ocrx_word' id='word_1_178' title='bbox 1275 2351 1294 2384; x_wconf 76' lang='grc' dir='ltr'><strong>ι</strong></span> <span class='ocrx_word' id='word_1_179' title='bbox 1333 2333 1449 2399; x_wconf 75' lang='grc' dir='ltr'><em>καὶ,</em></span> <span class='ocrx_word' id='word_1_180' title='bbox 1476 2351 1493 2383; x_wconf 79' lang='grc' dir='ltr'><strong>ι</strong></span> <span class='ocrx_word' id='word_1_181' title='bbox 1522 2330 1768 2398; x_wconf 80' lang='grc' dir='ltr'><em>Παῦλος</em></span> <span class='ocrx_word' id='word_1_182' title='bbox 1793 2334 1828 2387; x_wconf 83' lang='grc' dir='ltr'><strong>ό</strong></span> 
     </span>
    </p>
   </div>
   <div class='ocr_carea' id='block_1_26' title="bbox 237 2422 1821 2501">
    <p class='ocr_par' dir='ltr' id='par_1_26' title="bbox 237 2422 1821 2501">
     <span class='ocr_line' id='line_1_26' title="bbox 237 2422 1821 2501; baseline 0.003 -27"><span class='ocrx_word' id='word_1_183' title='bbox 237 2422 587 2494; x_wconf 67' lang='grc' dir='ltr'><em>ᾀςιόστολος</em></span> <span class='ocrx_word' id='word_1_184' title='bbox 616 2424 813 2493; x_wconf 76' lang='grc' dir='ltr'><em>ἰηριοῦ</em></span> <span class='ocrx_word' id='word_1_185' title='bbox 842 2425 1103 2501; x_wconf 81' lang='grc' dir='ltr'><em>Χριστοῦ</em></span> <span class='ocrx_word' id='word_1_186' title='bbox 1134 2425 1231 2488; x_wconf 78' lang='grc' dir='ltr'><em>διὰ</em></span> <span class='ocrx_word' id='word_1_187' title='bbox 1252 2424 1590 2495; x_wconf 79' lang='grc' dir='ltr'><em>θελήματος</em></span> <span class='ocrx_word' id='word_1_188' title='bbox 1616 2423 1821 2480; x_wconf 74' lang='grc' dir='ltr'><em>Θεοῦ.»</em></span> 
     </span>
    </p>
   </div>
   <div class='ocr_carea' id='block_1_27' title="bbox 240 2514 1824 2587">
    <p class='ocr_par' dir='ltr' id='par_1_27' title="bbox 240 2514 1824 2587">
     <span class='ocr_line' id='line_1_27' title="bbox 240 2514 1824 2587; baseline 0.004 -22"><span class='ocrx_word' id='word_1_189' title='bbox 240 2514 351 2566; x_wconf 76' lang='grc' dir='ltr'><em>Καὶ</em></span> <span class='ocrx_word' id='word_1_190' title='bbox 415 2514 609 2568; x_wconf 76' lang='grc' dir='ltr'><em>πάλιν</em></span> <span class='ocrx_word' id='word_1_191' title='bbox 662 2519 816 2584; x_wconf 80' lang='grc' dir='ltr'><em>πρός</em></span> <span class='ocrx_word' id='word_1_192' title='bbox 859 2535 1029 2587; x_wconf 84' lang='grc' dir='ltr'><em>τινας</em></span> <span class='ocrx_word' id='word_1_193' title='bbox 1078 2521 1111 2572; x_wconf 87' lang='grc' dir='ltr'><strong>ό</strong></span> <span class='ocrx_word' id='word_1_194' title='bbox 1155 2518 1398 2583; x_wconf 78' lang='grc' dir='ltr'><em>Παῦλος</em></span> <span class='ocrx_word' id='word_1_195' title='bbox 1442 2517 1824 2573; x_wconf 73' lang='grc' dir='ltr'><em>ἐπιστέλλειο</em></span> 
     </span>
    </p>
   </div>
   <div class='ocr_carea' id='block_1_28' title="bbox 244 2606 1824 2685">
    <p class='ocr_par' dir='ltr' id='par_1_28' title="bbox 244 2606 1824 2685">
     <span class='ocr_line' id='line_1_28' title="bbox 244 2606 1824 2685; baseline 0.005 -28"><span class='ocrx_word' id='word_1_196' title='bbox 244 2625 263 2663; x_wconf 76' lang='grc' dir='ltr'><strong>ι</strong></span> <span class='ocrx_word' id='word_1_197' title='bbox 316 2606 497 2660; x_wconf 85' lang='grc' dir='ltr'><em>Ὥστε</em></span> <span class='ocrx_word' id='word_1_198' title='bbox 517 2608 721 2668; x_wconf 81' lang='grc' dir='ltr'><em>οὐκέτι</em></span> <span class='ocrx_word' id='word_1_199' title='bbox 752 2606 811 2664; x_wconf 82' lang='grc' dir='ltr'><em>εἷ</em></span> <span class='ocrx_word' id='word_1_200' title='bbox 844 2610 1089 2678; x_wconf 76' lang='grc' dir='ltr'><em>δοῦλος,</em></span> <span class='ocrx_word' id='word_1_201' title='bbox 1131 2611 1295 2667; x_wconf 76' lang='grc' dir='ltr'><em>ἀλλὰ</em></span> <span class='ocrx_word' id='word_1_202' title='bbox 1318 2614 1471 2685; x_wconf 79' lang='grc' dir='ltr'><em>υἱός·</em></span> <span class='ocrx_word' id='word_1_203' title='bbox 1492 2616 1545 2665; x_wconf 76' lang='grc' dir='ltr'><em>εἰ</em></span> <span class='ocrx_word' id='word_1_204' title='bbox 1576 2611 1645 2665; x_wconf 79' lang='grc' dir='ltr'><em>δὲ</em></span> <span class='ocrx_word' id='word_1_205' title='bbox 1672 2611 1824 2679; x_wconf 61' lang='lat' dir='ltr'><strong>vide;</strong></span> 
     </span>
    </p>
   </div>
   <div class='ocr_carea' id='block_1_29' title="bbox 236 2694 1827 2771">
    <p class='ocr_par' dir='ltr' id='par_1_29' title="bbox 236 2694 1827 2771">
     <span class='ocr_line' id='line_1_29' title="bbox 236 2694 1827 2771; baseline 0.009 -25"><span class='ocrx_word' id='word_1_206' title='bbox 236 2694 341 2747; x_wconf 81' lang='grc' dir='ltr'><em>καὶ</em></span> <span class='ocrx_word' id='word_1_207' title='bbox 373 2696 753 2765; x_wconf 73' lang='grc' dir='ltr'><em>κληρονόμος</em></span> <span class='ocrx_word' id='word_1_208' title='bbox 776 2697 873 2753; x_wconf 74' lang='grc' dir='ltr'><em>διὰ</em></span> <span class='ocrx_word' id='word_1_209' title='bbox 902 2698 1073 2754; x_wconf 86' lang='grc' dir='ltr'><em>Θεοῦ.</em></span> <span class='ocrx_word' id='word_1_210' title='bbox 1117 2719 1135 2751; x_wconf 70' lang='grc' dir='ltr'><strong>ι</strong></span> <span class='ocrx_word' id='word_1_211' title='bbox 1171 2700 1284 2765; x_wconf 83' lang='grc' dir='ltr'><strong>Τὰς</strong></span> <span class='ocrx_word' id='word_1_212' title='bbox 1314 2700 1571 2764; x_wconf 78' lang='grc' dir='ltr'><em>τοιαύτας</em></span> <span class='ocrx_word' id='word_1_213' title='bbox 1600 2701 1827 2771; x_wconf 77' lang='grc' dir='ltr'><strong>χρήσεις</strong></span> 
     </span>
    </p>
   </div>
   <div class='ocr_carea' id='block_1_30' title="bbox 237 2787 1823 2869">
    <p class='ocr_par' dir='ltr' id='par_1_30' title="bbox 237 2787 1823 2869">
     <span class='ocr_line' id='line_1_30' title="bbox 237 2787 1823 2869; baseline 0.003 -30"><span class='ocrx_word' id='word_1_214' title='bbox 237 2787 338 2854; x_wconf 63' lang='lat' dir='ltr'><strong>sui.</strong></span> <span class='ocrx_word' id='word_1_215' title='bbox 396 2787 679 2855; x_wconf 78' lang='grc' dir='ltr'><em>Βασίλειος</em></span> <span class='ocrx_word' id='word_1_216' title='bbox 738 2794 765 2844; x_wconf 84' lang='grc' dir='ltr'>ὁ</span> <span class='ocrx_word' id='word_1_217' title='bbox 817 2795 919 2864; x_wconf 81' lang='grc' dir='ltr'><em>τῆς</em></span> <span class='ocrx_word' id='word_1_218' title='bbox 975 2792 1310 2864; x_wconf 83' lang='grc' dir='ltr'><em>Ἐκκλησίας</em></span> <span class='ocrx_word' id='word_1_219' title='bbox 1345 2793 1576 2869; x_wconf 80' lang='grc' dir='ltr'><strong>φωστὴρ</strong></span> <span class='ocrx_word' id='word_1_220' title='bbox 1630 2795 1687 2847; x_wconf 79' lang='grc' dir='ltr'><em>ὲν</em></span> <span class='ocrx_word' id='word_1_221' title='bbox 1744 2791 1823 2864; x_wconf 80' lang='grc' dir='ltr'><em>τῷ</em></span> 
     </span>
    </p>
   </div>
   <div class='ocr_carea' id='block_1_31' title="bbox 240 2880 1826 2966">
    <p class='ocr_par' dir='ltr' id='par_1_31' title="bbox 240 2880 1826 2966">
     <span class='ocr_line' id='line_1_31' title="bbox 240 2880 1826 2966; baseline 0.004 -36"><span class='ocrx_word' id='word_1_222' title='bbox 240 2880 618 2952; x_wconf 59' lang='grc' dir='ltr'><em>προρρηθέντι</em></span> <span class='ocrx_word' id='word_1_223' title='bbox 662 2900 752 2966; x_wconf 83' lang='grc' dir='ltr'><strong>μοι</strong></span> <span class='ocrx_word' id='word_1_224' title='bbox 789 2883 1028 2961; x_wconf 80' lang='grc' dir='ltr'><strong>πέμπτῳ</strong></span> <span class='ocrx_word' id='word_1_225' title='bbox 1054 2884 1164 2938; x_wconf 80' lang='grc' dir='ltr'><em>τῶν</em></span> <span class='ocrx_word' id='word_1_226' title='bbox 1192 2885 1327 2961; x_wconf 62' lang='grc' dir='ltr'><em>πρδς</em></span> <span class='ocrx_word' id='word_1_227' title='bbox 1364 2885 1456 2938; x_wconf 79' lang='grc' dir='ltr'><em>τὸν</em></span> <span class='ocrx_word' id='word_1_228' title='bbox 1492 2884 1650 2953; x_wconf 82' lang='grc' dir='ltr'><em>ἆγιον</em></span> <span class='ocrx_word' id='word_1_229' title='bbox 1693 2886 1826 2954; x_wconf 80' lang='grc' dir='ltr'><strong>Ἀμ-</strong></span> 
     </span>
    </p>
   </div>
   <div class='ocr_carea' id='block_1_32' title="bbox 243 2966 1821 3055">
    <p class='ocr_par' dir='ltr' id='par_1_32' title="bbox 243 2966 1821 3055">
     <span class='ocr_line' id='line_1_32' title="bbox 243 2966 1821 3055; baseline 0.003 -31"><span class='ocrx_word' id='word_1_230' title='bbox 243 2972 495 3055; x_wconf 62' lang='grc' dir='ltr'><em>(ξιλόχιον</em></span> <span class='ocrx_word' id='word_1_231' title='bbox 560 2975 874 3044; x_wconf 70' lang='grc' dir='ltr'><em>κεφαλαίων</em></span> <span class='ocrx_word' id='word_1_232' title='bbox 936 2966 1184 3053; x_wconf 70' lang='grc' dir='ltr'><em>διέξεισι,</em></span> <span class='ocrx_word' id='word_1_233' title='bbox 1220 2976 1542 3047; x_wconf 72' lang='grc' dir='ltr'><em>προστιθεὶς</em></span> <span class='ocrx_word' id='word_1_234' title='bbox 1591 2976 1685 3029; x_wconf 73' lang='grc' dir='ltr'><strong>καὶ</strong></span> <span class='ocrx_word' id='word_1_235' title='bbox 1718 2975 1821 3028; x_wconf 76' lang='grc' dir='ltr'><em>τόο</em></span> 
     </span>
    </p>
   </div>
   <div class='ocr_carea' id='block_1_33' title="bbox 247 3062 1823 3136">
    <p class='ocr_par' dir='ltr' id='par_1_33' title="bbox 247 3062 1823 3136">
     <span class='ocr_line' id='line_1_33' title="bbox 247 3062 1823 3136; baseline 0.004 -21"><span class='ocrx_word' id='word_1_236' title='bbox 247 3062 474 3133; x_wconf 72' lang='grc' dir='ltr'><em>Ὀσπερ</em></span> <span class='ocrx_word' id='word_1_237' title='bbox 497 3065 719 3136; x_wconf 72' lang='grc' dir='ltr'><em>ἠγέρθη</em></span> <span class='ocrx_word' id='word_1_238' title='bbox 755 3067 854 3127; x_wconf 78' lang='grc' dir='ltr'><em>διὰ</em></span> <span class='ocrx_word' id='word_1_239' title='bbox 884 3068 994 3136; x_wconf 76' lang='grc' dir='ltr'><em>τῆς</em></span> <span class='ocrx_word' id='word_1_240' title='bbox 1021 3066 1209 3135; x_wconf 77' lang='grc' dir='ltr'><em>δόξης</em></span> <span class='ocrx_word' id='word_1_241' title='bbox 1234 3068 1341 3124; x_wconf 87' lang='grc' dir='ltr'><strong>τοῦ</strong></span> <span class='ocrx_word' id='word_1_242' title='bbox 1369 3066 1622 3135; x_wconf 71' lang='grc' dir='ltr'><em>Πατρός,</em></span> <span class='ocrx_word' id='word_1_243' title='bbox 1654 3066 1753 3122; x_wconf 79' lang='grc' dir='ltr'><strong>καὶ</strong></span> <span class='ocrx_word' id='word_1_244' title='bbox 1789 3070 1823 3121; x_wconf 87' lang='grc' dir='ltr'><strong>ό</strong></span> 
     </span>
    </p>
   </div>
   <div class='ocr_carea' id='block_1_34' title="bbox 1851 1835 1901 1894">
    <p class='ocr_par' dir='ltr' id='par_1_34' title="bbox 1851 1835 1901 1894">
     <span class='ocr_line' id='line_1_34' title="bbox 1851 1835 1901 1894; baseline 0 0"><span class='ocrx_word' id='word_1_245' title='bbox 1851 1835 1901 1894; x_wconf 86' lang='grc' dir='ltr'><strong>Β</strong></span> 
     </span>
    </p>
   </div>
   <div class='ocr_carea' id='block_1_35' title="bbox 1930 587 3514 661">
    <p class='ocr_par' dir='ltr' id='par_1_35' title="bbox 1930 587 3514 661">
     <span class='ocr_line' id='line_1_35' title="bbox 1930 587 3514 661; baseline -0.005 -14"><span class='ocrx_word' id='word_1_246' title='bbox 1930 596 1993 647; x_wconf 87' lang='lat' dir='ltr'><strong>de</strong></span> <span class='ocrx_word' id='word_1_247' title='bbox 2028 599 2154 647; x_wconf 70' lang='lat' dir='ltr'><strong>creto</strong></span> <span class='ocrx_word' id='word_1_248' title='bbox 2182 594 2270 649; x_wconf 56' lang='lat' dir='ltr'><strong>l‘:</strong></span> <span class='ocrx_word' id='word_1_249' title='bbox 2307 593 2584 657; x_wconf 84' lang='lat' dir='ltr'><strong>Quomodo</strong></span> <span class='ocrx_word' id='word_1_250' title='bbox 2640 608 2757 645; x_wconf 78' lang='lat' dir='ltr'><strong><em>vero</em></strong></span> <span class='ocrx_word' id='word_1_251' title='bbox 2801 605 3022 661; x_wconf 85' lang='lat' dir='ltr'><strong>prorsus</strong></span> <span class='ocrx_word' id='word_1_252' title='bbox 3066 590 3168 642; x_wconf 89' lang='lat' dir='ltr'><strong>erit</strong></span> <span class='ocrx_word' id='word_1_253' title='bbox 3207 598 3255 643; x_wconf 87' lang='lat' dir='ltr'><strong>et</strong></span> <span class='ocrx_word' id='word_1_254' title='bbox 3290 587 3514 655; x_wconf 68' lang='lat' dir='ltr'><strong>simplex</strong></span> 
     </span>
    </p>
   </div>
   <div class='ocr_carea' id='block_1_36' title="bbox 1930 678 3519 753">
    <p class='ocr_par' dir='ltr' id='par_1_36' title="bbox 1930 678 3519 753">
     <span class='ocr_line' id='line_1_36' title="bbox 1930 678 3519 753; baseline -0.006 -15"><span class='ocrx_word' id='word_1_255' title='bbox 1930 694 1978 738; x_wconf 87' lang='lat' dir='ltr'><strong>et</strong></span> <span class='ocrx_word' id='word_1_256' title='bbox 2004 686 2355 753; x_wconf 88' lang='lat' dir='ltr'><strong>incomposita</strong></span> <span class='ocrx_word' id='word_1_257' title='bbox 2385 697 2579 736; x_wconf 86' lang='lat' dir='ltr'><strong>natura</strong></span> <span class='ocrx_word' id='word_1_258' title='bbox 2617 682 2822 745; x_wconf 84' lang='lat' dir='ltr'><strong>divina,</strong></span> <span class='ocrx_word' id='word_1_259' title='bbox 2859 681 2906 733; x_wconf 87' lang='lat' dir='ltr'><strong>si</strong></span> <span class='ocrx_word' id='word_1_260' title='bbox 2935 681 2985 733; x_wconf 86' lang='lat' dir='ltr'><strong>in</strong></span> <span class='ocrx_word' id='word_1_261' title='bbox 3039 695 3104 733; x_wconf 89' lang='lat' dir='ltr'><strong>ea</strong></span> <span class='ocrx_word' id='word_1_262' title='bbox 3138 678 3394 733; x_wconf 73' lang='lat' dir='ltr'><strong>exsistere</strong></span> <span class='ocrx_word' id='word_1_263' title='bbox 3422 692 3519 745; x_wconf 89' lang='lat' dir='ltr'><strong>ap-</strong></span> 
     </span>
    </p>
   </div>
   <div class='ocr_carea' id='block_1_37' title="bbox 1929 771 3513 849">
    <p class='ocr_par' dir='ltr' id='par_1_37' title="bbox 1929 771 3513 849">
     <span class='ocr_line' id='line_1_37' title="bbox 1929 771 3513 849; baseline -0.009 -14"><span class='ocrx_word' id='word_1_264' title='bbox 1929 789 2116 849; x_wconf 86' lang='lat' dir='ltr'><strong>pareat</strong></span> <span class='ocrx_word' id='word_1_265' title='bbox 2180 781 2470 849; x_wconf 79' lang='lat' dir='ltr'><strong>perfectum</strong></span> <span class='ocrx_word' id='word_1_266' title='bbox 2517 788 2565 831; x_wconf 89' lang='lat' dir='ltr'><strong>et</strong></span> <span class='ocrx_word' id='word_1_267' title='bbox 2594 776 3379 845; x_wconf 79' lang='lat' dir='ltr'><strong>imperfectum?componetur</strong></span> <span class='ocrx_word' id='word_1_268' title='bbox 3436 771 3513 822; x_wconf 83' lang='lat' dir='ltr'><strong>si—</strong></span> 
     </span>
    </p>
   </div>
   <div class='ocr_carea' id='block_1_38' title="bbox 1928 861 3515 942">
    <p class='ocr_par' dir='ltr' id='par_1_38' title="bbox 1928 861 3515 942">
     <span class='ocr_line' id='line_1_38' title="bbox 1928 861 3515 942; baseline -0.007 -17"><span class='ocrx_word' id='word_1_269' title='bbox 1928 874 2137 942; x_wconf 82' lang='lat' dir='ltr'><strong><em>quidem</em></strong></span> <span class='ocrx_word' id='word_1_270' title='bbox 2168 889 2261 942; x_wconf 90' lang='lat' dir='ltr'><strong>per</strong></span> <span class='ocrx_word' id='word_1_271' title='bbox 2300 872 2474 930; x_wconf 79' lang='lat' dir='ltr'><strong><em>ambo,</em></strong></span> <span class='ocrx_word' id='word_1_272' title='bbox 2510 870 2555 923; x_wconf 89' lang='lat' dir='ltr'><strong>si</strong></span> <span class='ocrx_word' id='word_1_273' title='bbox 2592 869 2881 938; x_wconf 79' lang='lat' dir='ltr'><strong>perfectum</strong></span> <span class='ocrx_word' id='word_1_274' title='bbox 2924 877 2974 922; x_wconf 90' lang='lat' dir='ltr'><strong>et</strong></span> <span class='ocrx_word' id='word_1_275' title='bbox 3007 866 3374 935; x_wconf 77' lang='lat' dir='ltr'><strong>imperfectum</strong></span> <span class='ocrx_word' id='word_1_276' title='bbox 3402 861 3515 915; x_wconf 88' lang='lat' dir='ltr'><strong>dis-</strong></span> 
     </span>
    </p>
   </div>
   <div class='ocr_carea' id='block_1_39' title="bbox 1928 952 3514 1030">
    <p class='ocr_par' dir='ltr' id='par_1_39' title="bbox 1928 952 3514 1030">
     <span class='ocr_line' id='line_1_39' title="bbox 1928 952 3514 1030; baseline -0.009 -11"><span class='ocrx_word' id='word_1_277' title='bbox 1928 965 2131 1019; x_wconf 83' lang='lat' dir='ltr'><strong>similia</strong></span> <span class='ocrx_word' id='word_1_278' title='bbox 2161 972 2307 1019; x_wconf 90' lang='lat' dir='ltr'><strong>sunt.</strong></span> <span class='ocrx_word' id='word_1_279' title='bbox 2340 963 2664 1030; x_wconf 78' lang='lat' dir='ltr'><strong>Rursusque</strong></span> <span class='ocrx_word' id='word_1_280' title='bbox 2686 961 2741 1014; x_wconf 92' lang='lat' dir='ltr'><strong>in</strong></span> <span class='ocrx_word' id='word_1_281' title='bbox 2773 961 2979 1014; x_wconf 86' lang='lat' dir='ltr'><strong>dictum</strong></span> <span class='ocrx_word' id='word_1_282' title='bbox 3029 955 3305 1026; x_wconf 80' lang='lat' dir='ltr'><strong>Evangelii</strong></span> <span class='ocrx_word' id='word_1_283' title='bbox 3346 952 3514 1008; x_wconf 61' lang='lat' dir='ltr'><strong>Joano</strong></span> 
     </span>
    </p>
   </div>
   <div class='ocr_carea' id='block_1_40' title="bbox 1931 1044 3514 1123">
    <p class='ocr_par' dir='ltr' id='par_1_40' title="bbox 1931 1044 3514 1123">
     <span class='ocr_line' id='line_1_40' title="bbox 1931 1044 3514 1123; baseline -0.009 -11"><span class='ocrx_word' id='word_1_284' title='bbox 1931 1059 2017 1113; x_wconf 90' lang='lat' dir='ltr'><strong>nis</strong></span> <span class='ocrx_word' id='word_1_285' title='bbox 2072 1073 2086 1110; x_wconf 88' lang='lat'><strong>:</strong></span> <span class='ocrx_word' id='word_1_286' title='bbox 2158 1056 2353 1110; x_wconf 86' lang='lat' dir='ltr'><strong><em>Omnia</em></strong></span> <span class='ocrx_word' id='word_1_287' title='bbox 2406 1069 2497 1123; x_wconf 87' lang='lat' dir='ltr'><strong>per</strong></span> <span class='ocrx_word' id='word_1_288' title='bbox 2556 1053 2731 1120; x_wconf 86' lang='lat' dir='ltr'><strong>ipsum</strong></span> <span class='ocrx_word' id='word_1_289' title='bbox 2777 1053 2926 1121; x_wconf 76' lang='lat' dir='ltr'><strong>facta</strong></span> <span class='ocrx_word' id='word_1_290' title='bbox 2984 1059 3107 1104; x_wconf 81' lang='lat' dir='ltr'><strong>sunt</strong></span> <span class='ocrx_word' id='word_1_291' title='bbox 3171 1047 3239 1111; x_wconf 64' lang='grc' dir='ltr'><strong>δ’,</strong></span> <span class='ocrx_word' id='word_1_292' title='bbox 3312 1044 3514 1100; x_wconf 85' lang='lat' dir='ltr'><strong>stultos</strong></span> 
     </span>
    </p>
   </div>
   <div class='ocr_carea' id='block_1_41' title="bbox 1927 1134 3520 1210">
    <p class='ocr_par' dir='ltr' id='par_1_41' title="bbox 1927 1134 3520 1210">
     <span class='ocr_line' id='line_1_41' title="bbox 1927 1134 3520 1210; baseline -0.009 -9"><span class='ocrx_word' id='word_1_293' title='bbox 1927 1147 2167 1202; x_wconf 83' lang='lat' dir='ltr'><strong>Arianos</strong></span> <span class='ocrx_word' id='word_1_294' title='bbox 2212 1144 2441 1201; x_wconf 82' lang='lat' dir='ltr'><strong>infamia</strong></span> <span class='ocrx_word' id='word_1_295' title='bbox 2468 1152 2687 1208; x_wconf 89' lang='lat' dir='ltr'><strong>notans,</strong></span> <span class='ocrx_word' id='word_1_296' title='bbox 2727 1154 2988 1210; x_wconf 74' lang='lat' dir='ltr'><strong>magnum</strong></span> <span class='ocrx_word' id='word_1_297' title='bbox 3027 1136 3337 1208; x_wconf 77' lang='lat' dir='ltr'><strong>apostolum</strong></span> <span class='ocrx_word' id='word_1_298' title='bbox 3372 1134 3520 1188; x_wconf 81' lang='lat' dir='ltr'><strong>Pau-</strong></span> 
     </span>
    </p>
   </div>
   <div class='ocr_carea' id='block_1_42' title="bbox 1930 1231 3516 1306">
    <p class='ocr_par' dir='ltr' id='par_1_42' title="bbox 1930 1231 3516 1306">
     <span class='ocr_line' id='line_1_42' title="bbox 1930 1231 3516 1306; baseline -0.007 -13"><span class='ocrx_word' id='word_1_299' title='bbox 1930 1239 2043 1294; x_wconf 88' lang='lat' dir='ltr'><strong>lum</strong></span> <span class='ocrx_word' id='word_1_300' title='bbox 2076 1238 2130 1292; x_wconf 91' lang='lat' dir='ltr'><strong>in</strong></span> <span class='ocrx_word' id='word_1_301' title='bbox 2175 1237 2343 1292; x_wconf 89' lang='lat' dir='ltr'><strong>variis</strong></span> <span class='ocrx_word' id='word_1_302' title='bbox 2390 1235 2662 1306; x_wconf 89' lang='lat' dir='ltr'><strong>pericopis</strong></span> <span class='ocrx_word' id='word_1_303' title='bbox 2702 1236 3000 1304; x_wconf 77' lang='lat' dir='ltr'><strong>propositae</strong></span> <span class='ocrx_word' id='word_1_304' title='bbox 3032 1231 3355 1302; x_wconf 67' lang='lat' dir='ltr'><strong>quaestionis</strong></span> <span class='ocrx_word' id='word_1_305' title='bbox 3397 1243 3516 1283; x_wconf 76' lang='lat' dir='ltr'><strong>ma~</strong></span> 
     </span>
    </p>
   </div>
   <div class='ocr_carea' id='block_1_43' title="bbox 1928 1322 3512 1399">
    <p class='ocr_par' dir='ltr' id='par_1_43' title="bbox 1928 1322 3512 1399">
     <span class='ocr_line' id='line_1_43' title="bbox 1928 1322 3512 1399; baseline -0.006 -18"><span class='ocrx_word' id='word_1_306' title='bbox 1928 1327 2161 1399; x_wconf 75' lang='lat' dir='ltr'><strong>gistrutn</strong></span> <span class='ocrx_word' id='word_1_307' title='bbox 2193 1327 2460 1382; x_wconf 79' lang='lat' dir='ltr'><strong>adduxit:</strong></span> <span class='ocrx_word' id='word_1_308' title='bbox 2502 1324 2644 1390; x_wconf 82' lang='lat' dir='ltr'><strong>Quid</strong></span> <span class='ocrx_word' id='word_1_309' title='bbox 2672 1324 2737 1378; x_wconf 89' lang='lat' dir='ltr'><strong><em>de</em></strong></span> <span class='ocrx_word' id='word_1_310' title='bbox 2768 1325 2883 1390; x_wconf 87' lang='lat' dir='ltr'><strong>ipso</strong></span> <span class='ocrx_word' id='word_1_311' title='bbox 2916 1324 3084 1379; x_wconf 85' lang='lat' dir='ltr'><strong>Patre</strong></span> <span class='ocrx_word' id='word_1_312' title='bbox 3114 1322 3471 1390; x_wconf 75' lang='lat' dir='ltr'><strong>intelligemus</strong></span> <span class='ocrx_word' id='word_1_313' title='bbox 3497 1359 3512 1383; x_wconf 91' lang='lat'><strong>,</strong></span> 
     </span>
    </p>
   </div>
   <div class='ocr_carea' id='block_1_44' title="bbox 1926 1410 3519 1490">
    <p class='ocr_par' dir='ltr' id='par_1_44' title="bbox 1926 1410 3519 1490">
     <span class='ocr_line' id='line_1_44' title="bbox 1926 1410 3519 1490; baseline -0.007 -18"><span class='ocrx_word' id='word_1_314' title='bbox 1926 1435 2081 1490; x_wconf 82' lang='lat' dir='ltr'><strong>quem</strong></span> <span class='ocrx_word' id='word_1_315' title='bbox 2126 1434 2245 1473; x_wconf 90' lang='lat' dir='ltr'><strong>eum</strong></span> <span class='ocrx_word' id='word_1_316' title='bbox 2291 1434 2404 1473; x_wconf 89' lang='lat' dir='ltr'><strong>esse</strong></span> <span class='ocrx_word' id='word_1_317' title='bbox 2429 1416 2878 1487; x_wconf 80' lang='lat' dir='ltr'><strong>deprehendemus</strong></span> <span class='ocrx_word' id='word_1_318' title='bbox 2906 1457 2922 1484; x_wconf 90' lang='lat'><strong>,</strong></span> <span class='ocrx_word' id='word_1_319' title='bbox 2980 1430 3096 1469; x_wconf 90' lang='lat' dir='ltr'><strong>cum</strong></span> <span class='ocrx_word' id='word_1_320' title='bbox 3126 1410 3393 1481; x_wconf 84' lang='lat' dir='ltr'><strong>particula</strong></span> <span class='ocrx_word' id='word_1_321' title='bbox 3422 1424 3519 1478; x_wconf 79' lang='lat' dir='ltr'><strong>per</strong></span> 
     </span>
    </p>
   </div>
   <div class='ocr_carea' id='block_1_45' title="bbox 1926 1499 3519 1581">
    <p class='ocr_par' dir='ltr' id='par_1_45' title="bbox 1926 1499 3519 1581">
     <span class='ocr_line' id='line_1_45' title="bbox 1926 1499 3519 1581; baseline -0.009 -15"><span class='ocrx_word' id='word_1_322' title='bbox 1926 1511 1976 1566; x_wconf 90' lang='lat' dir='ltr'><strong>ei</strong></span> <span class='ocrx_word' id='word_1_323' title='bbox 2012 1526 2217 1581; x_wconf 85' lang='lat' dir='ltr'><strong>quoque</strong></span> <span class='ocrx_word' id='word_1_324' title='bbox 2245 1527 2279 1564; x_wconf 91' lang='lat' dir='ltr'><strong>a</strong></span> <span class='ocrx_word' id='word_1_325' title='bbox 2308 1511 2504 1566; x_wconf 78' lang='lat' dir='ltr'><strong>divinis</strong></span> <span class='ocrx_word' id='word_1_326' title='bbox 2534 1511 2828 1580; x_wconf 87' lang='lat' dir='ltr'><strong>Scripturis</strong></span> <span class='ocrx_word' id='word_1_327' title='bbox 2858 1503 3290 1562; x_wconf 78' lang='lat' dir='ltr'><strong>accommodetur</strong></span> <span class='ocrx_word' id='word_1_328' title='bbox 3311 1502 3336 1554; x_wconf 82' lang='lat'><strong><em>?</em></strong></span> <span class='ocrx_word' id='word_1_329' title='bbox 3367 1519 3385 1552; x_wconf 85' lang='grc' dir='ltr'><strong>ι</strong></span> <span class='ocrx_word' id='word_1_330' title='bbox 3420 1499 3519 1552; x_wconf 87' lang='lat' dir='ltr'><strong>Fi-</strong></span> 
     </span>
    </p>
   </div>
   <div class='ocr_carea' id='block_1_46' title="bbox 1926 1594 3518 1673">
    <p class='ocr_par' dir='ltr' id='par_1_46' title="bbox 1926 1594 3518 1673">
     <span class='ocr_line' id='line_1_46' title="bbox 1926 1594 3518 1673; baseline -0.008 -17"><span class='ocrx_word' id='word_1_331' title='bbox 1926 1602 2062 1656; x_wconf 88' lang='lat' dir='ltr'><strong>delis</strong></span> <span class='ocrx_word' id='word_1_332' title='bbox 2097 1605 2262 1668; x_wconf 88' lang='lat' dir='ltr'><strong>enim,</strong></span> <span class='ocrx_word' id='word_1_333' title='bbox 2298 1621 2316 1655; x_wconf 72' lang='grc' dir='ltr'><strong>ι</strong></span> <span class='ocrx_word' id='word_1_334' title='bbox 2351 1603 2548 1673; x_wconf 88' lang='lat' dir='ltr'><strong>inquit,</strong></span> <span class='ocrx_word' id='word_1_335' title='bbox 2581 1622 2600 1656; x_wconf 81' lang='grc' dir='ltr'><strong>ι</strong></span> <span class='ocrx_word' id='word_1_336' title='bbox 2645 1603 2817 1668; x_wconf 84' lang='lat' dir='ltr'><strong>Deus,.</strong></span> <span class='ocrx_word' id='word_1_337' title='bbox 2837 1616 2930 1669; x_wconf 86' lang='lat' dir='ltr'><strong>per</strong></span> <span class='ocrx_word' id='word_1_338' title='bbox 2973 1615 3125 1671; x_wconf 86' lang='lat' dir='ltr'><strong><em>quem</em></strong></span> <span class='ocrx_word' id='word_1_339' title='bbox 3163 1595 3338 1651; x_wconf 85' lang='lat' dir='ltr'><strong>vocati</strong></span> <span class='ocrx_word' id='word_1_340' title='bbox 3390 1594 3518 1648; x_wconf 86' lang='lat' dir='ltr'><strong>estis</strong></span> 
     </span>
    </p>
   </div>
   <div class='ocr_carea' id='block_1_47' title="bbox 1927 1688 3637 1765">
    <p class='ocr_par' dir='ltr' id='par_1_47' title="bbox 1927 1688 3637 1765">
     <span class='ocr_line' id='line_1_47' title="bbox 1927 1688 3637 1765; baseline -0.009 -15"><span class='ocrx_word' id='word_1_341' title='bbox 1927 1696 1984 1750; x_wconf 85' lang='lat' dir='ltr'><strong>in</strong></span> <span class='ocrx_word' id='word_1_342' title='bbox 2015 1697 2439 1750; x_wconf 86' lang='lat' dir='ltr'><strong>communionem</strong></span> <span class='ocrx_word' id='word_1_343' title='bbox 2465 1692 2730 1764; x_wconf 87' lang='lat' dir='ltr'><strong>Filiiejus</strong></span> <span class='ocrx_word' id='word_1_344' title='bbox 2757 1692 2838 1760; x_wconf 65' lang='lat'><strong>‘3;</strong></span> <span class='ocrx_word' id='word_1_345' title='bbox 2875 1710 2894 1743; x_wconf 72' lang='grc' dir='ltr'><strong>ι</strong></span> <span class='ocrx_word' id='word_1_346' title='bbox 2922 1699 2999 1756; x_wconf 87' lang='lat' dir='ltr'><strong>et,</strong></span> <span class='ocrx_word' id='word_1_347' title='bbox 3023 1709 3042 1743; x_wconf 84' lang='grc' dir='ltr'><strong>ι</strong></span> <span class='ocrx_word' id='word_1_348' title='bbox 3073 1688 3278 1744; x_wconf 86' lang='lat' dir='ltr'><strong>Paulus</strong></span> <span class='ocrx_word' id='word_1_349' title='bbox 3307 1694 3520 1754; x_wconf 87' lang='lat' dir='ltr'><strong>aposto-</strong></span> <span class='ocrx_word' id='word_1_350' title='bbox 3634 1762 3637 1765; x_wconf 21' lang='grc' dir='ltr'><strong>Ι</strong></span> 
     </span>
    </p>
   </div>
   <div class='ocr_carea' id='block_1_48' title="bbox 1929 1777 3521 1857">
    <p class='ocr_par' dir='ltr' id='par_1_48' title="bbox 1929 1777 3521 1857">
     <span class='ocr_line' id='line_1_48' title="bbox 1929 1777 3521 1857; baseline -0.009 -16"><span class='ocrx_word' id='word_1_351' title='bbox 1929 1787 2011 1841; x_wconf 90' lang='lat' dir='ltr'><strong>lus</strong></span> <span class='ocrx_word' id='word_1_352' title='bbox 2042 1786 2172 1841; x_wconf 79' lang='lat' dir='ltr'><strong>Jesu</strong></span> <span class='ocrx_word' id='word_1_353' title='bbox 2188 1786 2390 1843; x_wconf 83' lang='lat' dir='ltr'><strong>Christi</strong></span> <span class='ocrx_word' id='word_1_354' title='bbox 2418 1802 2511 1857; x_wconf 88' lang='lat' dir='ltr'><strong>per</strong></span> <span class='ocrx_word' id='word_1_355' title='bbox 2533 1786 2858 1841; x_wconf 83' lang='lat' dir='ltr'><strong>voluntatem</strong></span> <span class='ocrx_word' id='word_1_356' title='bbox 2894 1782 3035 1838; x_wconf 89' lang='lat' dir='ltr'><strong>Dei:</strong></span> <span class='ocrx_word' id='word_1_357' title='bbox 3069 1801 3088 1834; x_wconf 74' lang='grc' dir='ltr'><strong>ι</strong></span> <span class='ocrx_word' id='word_1_358' title='bbox 3125 1788 3174 1835; x_wconf 86' lang='lat' dir='ltr'><strong>et</strong></span> <span class='ocrx_word' id='word_1_359' title='bbox 3210 1778 3344 1833; x_wconf 86' lang='lat' dir='ltr'><strong><em>alibi</em></strong></span> <span class='ocrx_word' id='word_1_360' title='bbox 3370 1777 3521 1831; x_wconf 83' lang='lat' dir='ltr'><strong><em>Pau-</em></strong></span> 
     </span>
    </p>
   </div>
   <div class='ocr_carea' id='block_1_49' title="bbox 1929 1869 3518 1950">
    <p class='ocr_par' dir='ltr' id='par_1_49' title="bbox 1929 1869 3518 1950">
     <span class='ocr_line' id='line_1_49' title="bbox 1929 1869 3518 1950; baseline -0.008 -17"><span class='ocrx_word' id='word_1_361' title='bbox 1929 1880 2013 1934; x_wconf 88' lang='lat' dir='ltr'><strong>lus</strong></span> <span class='ocrx_word' id='word_1_362' title='bbox 2042 1880 2112 1933; x_wconf 91' lang='lat' dir='ltr'><strong><em>ad</em></strong></span> <span class='ocrx_word' id='word_1_363' title='bbox 2135 1880 2392 1950; x_wconf 88' lang='lat' dir='ltr'><strong>quosdam</strong></span> <span class='ocrx_word' id='word_1_364' title='bbox 2417 1878 2644 1934; x_wconf 87' lang='lat' dir='ltr'><strong>scribit:</strong></span> <span class='ocrx_word' id='word_1_365' title='bbox 2679 1895 2698 1929; x_wconf 81' lang='grc' dir='ltr'><strong>ι</strong></span> <span class='ocrx_word' id='word_1_366' title='bbox 2735 1875 2922 1947; x_wconf 86' lang='lat' dir='ltr'><strong>Itaque</strong></span> <span class='ocrx_word' id='word_1_367' title='bbox 2971 1891 3073 1929; x_wconf 88' lang='lat' dir='ltr'><strong>non</strong></span> <span class='ocrx_word' id='word_1_368' title='bbox 3107 1890 3160 1927; x_wconf 88' lang='lat' dir='ltr'><strong>es</strong></span> <span class='ocrx_word' id='word_1_369' title='bbox 3192 1888 3393 1935; x_wconf 74' lang='lat' dir='ltr'><strong>servus,</strong></span> <span class='ocrx_word' id='word_1_370' title='bbox 3427 1869 3518 1923; x_wconf 87' lang='lat' dir='ltr'><strong>sed</strong></span> 
     </span>
    </p>
   </div>
   <div class='ocr_carea' id='block_1_50' title="bbox 1928 1960 3516 2041">
    <p class='ocr_par' dir='ltr' id='par_1_50' title="bbox 1928 1960 3516 2041">
     <span class='ocr_line' id='line_1_50' title="bbox 1928 1960 3516 2041; baseline -0.008 -16"><span class='ocrx_word' id='word_1_371' title='bbox 1928 1972 2113 2041; x_wconf 80' lang='lat' dir='ltr'><strong>ﬁlius;</strong></span> <span class='ocrx_word' id='word_1_372' title='bbox 2150 1971 2197 2025; x_wconf 88' lang='lat' dir='ltr'><strong>si</strong></span> <span class='ocrx_word' id='word_1_373' title='bbox 2218 1970 2385 2038; x_wconf 79' lang='lat' dir='ltr'><strong>ﬁlius,</strong></span> <span class='ocrx_word' id='word_1_374' title='bbox 2418 1976 2469 2023; x_wconf 89' lang='lat' dir='ltr'><strong>et</strong></span> <span class='ocrx_word' id='word_1_375' title='bbox 2495 1968 2664 2023; x_wconf 82' lang='lat' dir='ltr'><strong><em>Iueres</em></strong></span> <span class='ocrx_word' id='word_1_376' title='bbox 2696 1983 2788 2037; x_wconf 88' lang='lat' dir='ltr'><strong>per</strong></span> <span class='ocrx_word' id='word_1_377' title='bbox 2813 1966 2981 2020; x_wconf 90' lang='lat' dir='ltr'><strong>Deum</strong></span> <span class='ocrx_word' id='word_1_378' title='bbox 3015 1965 3083 2019; x_wconf 67' lang='grc' dir='ltr'><strong>δ’.</strong></span> <span class='ocrx_word' id='word_1_379' title='bbox 3117 1982 3134 2016; x_wconf 76' lang='grc' dir='ltr'><strong>ι</strong></span> <span class='ocrx_word' id='word_1_380' title='bbox 3173 1960 3300 2017; x_wconf 67' lang='lat' dir='ltr'><strong>Hanc</strong></span> <span class='ocrx_word' id='word_1_381' title='bbox 3329 1960 3516 2015; x_wconf 84' lang='lat' dir='ltr'><strong>eadem</strong></span> 
     </span>
    </p>
   </div>
   <div class='ocr_carea' id='block_1_51' title="bbox 1929 2054 3518 2127">
    <p class='ocr_par' dir='ltr' id='par_1_51' title="bbox 1929 2054 3518 2127">
     <span class='ocr_line' id='line_1_51' title="bbox 1929 2054 3518 2127; baseline -0.007 -9"><span class='ocrx_word' id='word_1_382' title='bbox 1929 2064 2074 2120; x_wconf 88' lang='lat' dir='ltr'><strong>dicta</strong></span> <span class='ocrx_word' id='word_1_383' title='bbox 2109 2072 2165 2119; x_wconf 89' lang='lat' dir='ltr'><strong>ct</strong></span> <span class='ocrx_word' id='word_1_384' title='bbox 2192 2062 2430 2119; x_wconf 89' lang='lat' dir='ltr'><strong>Basilius</strong></span> <span class='ocrx_word' id='word_1_385' title='bbox 2458 2061 2719 2116; x_wconf 62' lang='lat' dir='ltr'><strong>Ecclesiae</strong></span> <span class='ocrx_word' id='word_1_386' title='bbox 2740 2061 2924 2114; x_wconf 86' lang='lat' dir='ltr'><strong>lumen</strong></span> <span class='ocrx_word' id='word_1_387' title='bbox 2957 2073 3123 2127; x_wconf 81' lang='lat' dir='ltr'><strong>supra</strong></span> <span class='ocrx_word' id='word_1_388' title='bbox 3155 2071 3185 2110; x_wconf 90' lang='lat' dir='ltr'><strong>a</strong></span> <span class='ocrx_word' id='word_1_389' title='bbox 3212 2070 3297 2111; x_wconf 90' lang='lat' dir='ltr'><strong>me</strong></span> <span class='ocrx_word' id='word_1_390' title='bbox 3324 2054 3518 2109; x_wconf 85' lang='lat' dir='ltr'><strong>lauda-</strong></span> 
     </span>
    </p>
   </div>
   <div class='ocr_carea' id='block_1_52' title="bbox 1929 2146 3522 2226">
    <p class='ocr_par' dir='ltr' id='par_1_52' title="bbox 1929 2146 3522 2226">
     <span class='ocr_line' id='line_1_52' title="bbox 1929 2146 3522 2226; baseline -0.011 -13"><span class='ocrx_word' id='word_1_391' title='bbox 1929 2165 1987 2213; x_wconf 82' lang='lat' dir='ltr'><strong>to</strong></span> <span class='ocrx_word' id='word_1_392' title='bbox 2036 2155 2227 2226; x_wconf 88' lang='lat' dir='ltr'><strong>quinto</strong></span> <span class='ocrx_word' id='word_1_393' title='bbox 2271 2154 2340 2209; x_wconf 91' lang='lat' dir='ltr'><strong>ad</strong></span> <span class='ocrx_word' id='word_1_394' title='bbox 2371 2151 2816 2224; x_wconf 83' lang='lat' dir='ltr'><strong>Amphilochium</strong></span> <span class='ocrx_word' id='word_1_395' title='bbox 2863 2149 3043 2220; x_wconf 87' lang='lat' dir='ltr'><strong>capite</strong></span> <span class='ocrx_word' id='word_1_396' title='bbox 3069 2147 3290 2218; x_wconf 72' lang='lat' dir='ltr'><strong>digerit,</strong></span> <span class='ocrx_word' id='word_1_397' title='bbox 3320 2146 3522 2215; x_wconf 78' lang='lat' dir='ltr'><strong>quibus</strong></span> 
     </span>
    </p>
   </div>
   <div class='ocr_carea' id='block_1_53' title="bbox 1928 2237 3522 2313">
    <p class='ocr_par' dir='ltr' id='par_1_53' title="bbox 1928 2237 3522 2313">
     <span class='ocr_line' id='line_1_53' title="bbox 1928 2237 3522 2313; baseline -0.009 -11"><span class='ocrx_word' id='word_1_398' title='bbox 1928 2246 2083 2302; x_wconf 85' lang='lat' dir='ltr'><strong>addit</strong></span> <span class='ocrx_word' id='word_1_399' title='bbox 2119 2254 2173 2302; x_wconf 89' lang='lat' dir='ltr'><strong>et</strong></span> <span class='ocrx_word' id='word_1_400' title='bbox 2209 2246 2301 2302; x_wconf 89' lang='lat' dir='ltr'><strong>illa</strong></span> <span class='ocrx_word' id='word_1_401' title='bbox 2332 2265 2344 2300; x_wconf 90' lang='lat'><strong>:</strong></span> <span class='ocrx_word' id='word_1_402' title='bbox 2381 2246 2487 2311; x_wconf 81' lang='lat' dir='ltr'><strong>Qui</strong></span> <span class='ocrx_word' id='word_1_403' title='bbox 2518 2245 2805 2300; x_wconf 72' lang='lat' dir='ltr'><strong>resurrexit</strong></span> <span class='ocrx_word' id='word_1_404' title='bbox 2848 2259 2940 2312; x_wconf 89' lang='lat' dir='ltr'><strong>per</strong></span> <span class='ocrx_word' id='word_1_405' title='bbox 2967 2241 3195 2313; x_wconf 85' lang='lat' dir='ltr'><strong>gloriam</strong></span> <span class='ocrx_word' id='word_1_406' title='bbox 3233 2237 3439 2302; x_wconf 83' lang='lat' dir='ltr'><strong>Patris,</strong></span> <span class='ocrx_word' id='word_1_407' title='bbox 3472 2246 3522 2288; x_wconf 84' lang='lat' dir='ltr'><strong>et</strong></span> 
     </span>
    </p>
   </div>
   <div class='ocr_carea' id='block_1_54' title="bbox 1929 2330 3519 2406">
    <p class='ocr_par' dir='ltr' id='par_1_54' title="bbox 1929 2330 3519 2406">
     <span class='ocr_line' id='line_1_54' title="bbox 1929 2330 3519 2406; baseline -0.008 -14"><span class='ocrx_word' id='word_1_408' title='bbox 1929 2337 2110 2392; x_wconf 86' lang='lat' dir='ltr'><strong>Isaias</strong></span> <span class='ocrx_word' id='word_1_409' title='bbox 2157 2338 2231 2391; x_wconf 87' lang='lat' dir='ltr'><strong>ait</strong></span> <span class='ocrx_word' id='word_1_410' title='bbox 2257 2352 2275 2391; x_wconf 91' lang='lat'><strong><em>:</em></strong></span> <span class='ocrx_word' id='word_1_411' title='bbox 2298 2355 2317 2389; x_wconf 83' lang='grc' dir='ltr'><strong>ι</strong></span> <span class='ocrx_word' id='word_1_412' title='bbox 2363 2335 2456 2392; x_wconf 73' lang='lat' dir='ltr'><strong>Va:</strong></span> <span class='ocrx_word' id='word_1_413' title='bbox 2488 2336 2596 2389; x_wconf 88' lang='lat' dir='ltr'><strong>illis</strong></span> <span class='ocrx_word' id='word_1_414' title='bbox 2622 2335 2715 2406; x_wconf 86' lang='lat' dir='ltr'><strong>qui</strong></span> <span class='ocrx_word' id='word_1_415' title='bbox 2748 2334 3011 2405; x_wconf 80' lang='lat' dir='ltr'><strong>profunde</strong></span> <span class='ocrx_word' id='word_1_416' title='bbox 3042 2331 3262 2385; x_wconf 89' lang='lat' dir='ltr'><strong>consilia</strong></span> <span class='ocrx_word' id='word_1_417' title='bbox 3315 2330 3519 2389; x_wconf 82' lang='lat' dir='ltr'><strong>ineunt.</strong></span> 
     </span>
    </p>
   </div>
   <div class='ocr_carea' id='block_1_55' title="bbox 1926 2422 3524 2499">
    <p class='ocr_par' dir='ltr' id='par_1_55' title="bbox 1926 2422 3524 2499">
     <span class='ocr_line' id='line_1_55' title="bbox 1926 2422 3524 2499; baseline -0.008 -14"><span class='ocrx_word' id='word_1_418' title='bbox 1926 2437 1977 2485; x_wconf 86' lang='lat' dir='ltr'><strong>et</strong></span> <span class='ocrx_word' id='word_1_419' title='bbox 2017 2445 2124 2485; x_wconf 83' lang='lat' dir='ltr'><strong>non</strong></span> <span class='ocrx_word' id='word_1_420' title='bbox 2155 2445 2247 2499; x_wconf 89' lang='lat' dir='ltr'><strong>per</strong></span> <span class='ocrx_word' id='word_1_421' title='bbox 2282 2427 2452 2482; x_wconf 87' lang='lat' dir='ltr'><strong><em>Deum</em></strong></span> <span class='ocrx_word' id='word_1_422' title='bbox 2480 2428 2527 2460; x_wconf 82' lang='lat'><strong>&#39;°</strong></span> <span class='ocrx_word' id='word_1_423' title='bbox 2562 2428 2576 2483; x_wconf 75' lang='grc' dir='ltr'><strong>ι</strong></span> <span class='ocrx_word' id='word_1_424' title='bbox 2622 2445 2642 2479; x_wconf 75' lang='grc' dir='ltr'><strong>ι</strong></span> <span class='ocrx_word' id='word_1_425' title='bbox 2676 2427 2817 2493; x_wconf 83' lang='lat' dir='ltr'><strong>Quid</strong></span> <span class='ocrx_word' id='word_1_426' title='bbox 2861 2425 3061 2496; x_wconf 83' lang='lat' dir='ltr'><strong>plura?</strong></span> <span class='ocrx_word' id='word_1_427' title='bbox 3097 2424 3300 2479; x_wconf 75' lang='lat' dir='ltr'><strong>Gratia:</strong></span> <span class='ocrx_word' id='word_1_428' title='bbox 3348 2422 3524 2474; x_wconf 77' lang='lat' dir='ltr'><strong>t&#39;itltzt-</strong></span> 
     </span>
    </p>
   </div>
   <div class='ocr_carea' id='block_1_56' title="bbox 1930 2516 3519 2589">
    <p class='ocr_par' dir='ltr' id='par_1_56' title="bbox 1930 2516 3519 2589">
     <span class='ocr_line' id='line_1_56' title="bbox 1930 2516 3519 2589; baseline -0.004 -13"><span class='ocrx_word' id='word_1_429' title='bbox 1930 2536 2010 2585; x_wconf 89' lang='lat' dir='ltr'><strong>ra,</strong></span> <span class='ocrx_word' id='word_1_430' title='bbox 2063 2520 2460 2575; x_wconf 87' lang='lat' dir='ltr'><strong>Datnascenum</strong></span> <span class='ocrx_word' id='word_1_431' title='bbox 2500 2519 2625 2574; x_wconf 86' lang='lat' dir='ltr'><strong>dico</strong></span> <span class='ocrx_word' id='word_1_432' title='bbox 2667 2518 2970 2589; x_wconf 83' lang='lat' dir='ltr'><strong>sapientem</strong></span> <span class='ocrx_word' id='word_1_433' title='bbox 3025 2517 3293 2572; x_wconf 83' lang='lat' dir='ltr'><strong>Joannem</strong></span> <span class='ocrx_word' id='word_1_434' title='bbox 3342 2516 3519 2571; x_wconf 74' lang='lat' dir='ltr'><strong>melo-</strong></span> 
     </span>
    </p>
   </div>
   <div class='ocr_carea' id='block_1_57' title="bbox 1928 2608 3517 2682">
    <p class='ocr_par' dir='ltr' id='par_1_57' title="bbox 1928 2608 3517 2682">
     <span class='ocr_line' id='line_1_57' title="bbox 1928 2608 3517 2682; baseline -0.005 -14"><span class='ocrx_word' id='word_1_435' title='bbox 1928 2615 2079 2675; x_wconf 91' lang='lat' dir='ltr'><strong><em>dum.</em></strong></span> <span class='ocrx_word' id='word_1_436' title='bbox 2111 2613 2201 2668; x_wconf 91' lang='lat' dir='ltr'><strong>hic</strong></span> <span class='ocrx_word' id='word_1_437' title='bbox 2231 2612 2287 2668; x_wconf 91' lang='lat' dir='ltr'><strong>in</strong></span> <span class='ocrx_word' id='word_1_438' title='bbox 2324 2612 2555 2667; x_wconf 84' lang='lat' dir='ltr'><strong>canticis</strong></span> <span class='ocrx_word' id='word_1_439' title='bbox 2607 2611 2905 2682; x_wconf 69' lang='lat' dir='ltr'><strong>praeconiis</strong></span> <span class='ocrx_word' id='word_1_440' title='bbox 2947 2608 3217 2665; x_wconf 81' lang='lat' dir='ltr'><strong>extollens</strong></span> <span class='ocrx_word' id='word_1_441' title='bbox 3246 2610 3517 2665; x_wconf 79' lang='lat' dir='ltr'><strong>immacu-</strong></span> 
     </span>
    </p>
   </div>
   <div class='ocr_carea' id='block_1_58' title="bbox 1927 2700 3501 2774">
    <p class='ocr_par' dir='ltr' id='par_1_58' title="bbox 1927 2700 3501 2774">
     <span class='ocr_line' id='line_1_58' title="bbox 1927 2700 3501 2774; baseline -0.005 -14"><span class='ocrx_word' id='word_1_442' title='bbox 1927 2703 2253 2760; x_wconf 87' lang='lat' dir='ltr'><strong>latissimam</strong></span> <span class='ocrx_word' id='word_1_443' title='bbox 2288 2702 2592 2774; x_wconf 79' lang='lat' dir='ltr'><strong>Virginem,</strong></span> <span class='ocrx_word' id='word_1_444' title='bbox 2629 2700 2915 2771; x_wconf 85' lang='lat' dir='ltr'><strong>Deiparatn</strong></span> <span class='ocrx_word' id='word_1_445' title='bbox 2943 2701 3175 2765; x_wconf 84' lang='lat' dir='ltr'><strong>scilicet,</strong></span> <span class='ocrx_word' id='word_1_446' title='bbox 3216 2701 3501 2755; x_wconf 75' lang='lat' dir='ltr'><strong>clamavit:</strong></span> 
     </span>
    </p>
   </div>
   <div class='ocr_carea' id='block_1_59' title="bbox 1930 2791 3524 2864">
    <p class='ocr_par' dir='ltr' id='par_1_59' title="bbox 1930 2791 3524 2864">
     <span class='ocr_line' id='line_1_59' title="bbox 1930 2791 3524 2864; baseline -0.005 -13"><span class='ocrx_word' id='word_1_447' title='bbox 1930 2796 2096 2852; x_wconf 90' lang='lat' dir='ltr'><strong>Deum</strong></span> <span class='ocrx_word' id='word_1_448' title='bbox 2118 2795 2415 2864; x_wconf 86' lang='lat' dir='ltr'><strong>concipiens</strong></span> <span class='ocrx_word' id='word_1_449' title='bbox 2443 2795 2499 2848; x_wconf 90' lang='lat' dir='ltr'><strong>in</strong></span> <span class='ocrx_word' id='word_1_450' title='bbox 2534 2803 2707 2858; x_wconf 86' lang='lat' dir='ltr'><strong>utero,</strong></span> <span class='ocrx_word' id='word_1_451' title='bbox 2739 2793 2921 2863; x_wconf 83' lang='lat' dir='ltr'><strong>Virgo,</strong></span> <span class='ocrx_word' id='word_1_452' title='bbox 2949 2808 3042 2860; x_wconf 85' lang='lat' dir='ltr'><strong>per</strong></span> <span class='ocrx_word' id='word_1_453' title='bbox 3072 2791 3337 2861; x_wconf 85' lang='lat' dir='ltr'><strong>Spiritum</strong></span> <span class='ocrx_word' id='word_1_454' title='bbox 3368 2807 3524 2844; x_wconf 80' lang='lat' dir='ltr'><strong>sanc-</strong></span> 
     </span>
    </p>
   </div>
   <div class='ocr_carea' id='block_1_60' title="bbox 1928 2882 3520 2956">
    <p class='ocr_par' dir='ltr' id='par_1_60' title="bbox 1928 2882 3520 2956">
     <span class='ocr_line' id='line_1_60' title="bbox 1928 2882 3520 2956; baseline -0.005 -14"><span class='ocrx_word' id='word_1_455' title='bbox 1928 2889 2215 2953; x_wconf 86' lang='lat' dir='ltr'><strong>tissimum,</strong></span> <span class='ocrx_word' id='word_1_456' title='bbox 2264 2885 2599 2941; x_wconf 84' lang='lat' dir='ltr'><strong>incombusta</strong></span> <span class='ocrx_word' id='word_1_457' title='bbox 2633 2886 2998 2956; x_wconf 83' lang='lat' dir='ltr'><strong>permansisti.</strong></span> <span class='ocrx_word' id='word_1_458' title='bbox 3031 2882 3097 2938; x_wconf 85' lang='lat' dir='ltr'><strong>Et</strong></span> <span class='ocrx_word' id='word_1_459' title='bbox 3131 2885 3247 2938; x_wconf 61' lang='lat' dir='ltr'><strong>hate</strong></span> <span class='ocrx_word' id='word_1_460' title='bbox 3296 2882 3520 2952; x_wconf 78' lang='lat' dir='ltr'><strong>quidem</strong></span> 
     </span>
    </p>
   </div>
   <div class='ocr_carea' id='block_1_61' title="bbox 1926 2974 3523 3046">
    <p class='ocr_par' dir='ltr' id='par_1_61' title="bbox 1926 2974 3523 3046">
     <span class='ocr_line' id='line_1_61' title="bbox 1926 2974 3523 3046; baseline -0.004 -16"><span class='ocrx_word' id='word_1_461' title='bbox 1926 2975 1993 3030; x_wconf 89' lang='lat' dir='ltr'><strong>de</strong></span> <span class='ocrx_word' id='word_1_462' title='bbox 2026 2975 2139 3041; x_wconf 86' lang='lat' dir='ltr'><strong>illo,</strong></span> <span class='ocrx_word' id='word_1_463' title='bbox 2172 2975 2320 3046; x_wconf 89' lang='lat' dir='ltr'><strong>quod</strong></span> <span class='ocrx_word' id='word_1_464' title='bbox 2381 2974 2595 3030; x_wconf 84' lang='lat' dir='ltr'><strong>ratione</strong></span> <span class='ocrx_word' id='word_1_465' title='bbox 2632 2990 2814 3030; x_wconf 53' lang='lat' dir='ltr'><strong>causa</strong></span> <span class='ocrx_word' id='word_1_466' title='bbox 2845 2990 2912 3029; x_wconf 84' lang='lat' dir='ltr'><strong>cx</strong></span> <span class='ocrx_word' id='word_1_467' title='bbox 2945 2974 3133 3043; x_wconf 88' lang='lat' dir='ltr'><strong>aliquo</strong></span> <span class='ocrx_word' id='word_1_468' title='bbox 3181 2982 3283 3035; x_wconf 87' lang='lat' dir='ltr'><strong>est,</strong></span> <span class='ocrx_word' id='word_1_469' title='bbox 3321 2987 3523 3026; x_wconf 85' lang='lat' dir='ltr'><strong>secun-</strong></span> 
     </span>
    </p>
   </div>
   <div class='ocr_carea' id='block_1_62' title="bbox 1925 3063 3525 3134">
    <p class='ocr_par' dir='ltr' id='par_1_62' title="bbox 1925 3063 3525 3134">
     <span class='ocr_line' id='line_1_62' title="bbox 1925 3063 3525 3134; baseline -0.003 -15"><span class='ocrx_word' id='word_1_470' title='bbox 1925 3064 2056 3119; x_wconf 90' lang='lat' dir='ltr'><strong>dum</strong></span> <span class='ocrx_word' id='word_1_471' title='bbox 2085 3080 2281 3134; x_wconf 87' lang='lat' dir='ltr'><strong>nempe</strong></span> <span class='ocrx_word' id='word_1_472' title='bbox 2312 3067 2561 3121; x_wconf 86' lang='lat' dir='ltr'><strong>eamdem</strong></span> <span class='ocrx_word' id='word_1_473' title='bbox 2611 3065 2879 3120; x_wconf 61' lang='lat' dir='ltr'><strong>rationein</strong></span> <span class='ocrx_word' id='word_1_474' title='bbox 2910 3080 3031 3119; x_wconf 64' lang='lat' dir='ltr'><strong>esse</strong></span> <span class='ocrx_word' id='word_1_475' title='bbox 3058 3063 3393 3118; x_wconf 89' lang='lat' dir='ltr'><strong>indentidem</strong></span> <span class='ocrx_word' id='word_1_476' title='bbox 3428 3076 3525 3132; x_wconf 87' lang='lat' dir='ltr'><strong>per</strong></span> 
     </span>
    </p>
   </div>
   <div class='ocr_carea' id='block_1_63' title="bbox 251 3155 1850 3241">
    <p class='ocr_par' dir='ltr' id='par_1_63' title="bbox 251 3157 1825 3233">
     <span class='ocr_line' id='line_1_63' title="bbox 251 3157 1825 3233; baseline 0.004 -27"><span class='ocrx_word' id='word_1_477' title='bbox 251 3158 508 3233; x_wconf 74' lang='grc' dir='ltr'><em>Ἡσαΐας</em></span> <span class='ocrx_word' id='word_1_478' title='bbox 573 3158 806 3227; x_wconf 70' lang='grc' dir='ltr'><em>φησιν·</em></span> <span class='ocrx_word' id='word_1_479' title='bbox 886 3177 905 3210; x_wconf 83' lang='grc' dir='ltr'><strong>ι</strong></span> <span class='ocrx_word' id='word_1_480' title='bbox 968 3158 1117 3212; x_wconf 78' lang='grc' dir='ltr'><strong>Οὐαὶ</strong></span> <span class='ocrx_word' id='word_1_481' title='bbox 1184 3158 1240 3212; x_wconf 87' lang='grc' dir='ltr'><strong>οί</strong></span> <span class='ocrx_word' id='word_1_482' title='bbox 1281 3158 1521 3224; x_wconf 73' lang='grc' dir='ltr'><em>,ϐαθέως</em></span> <span class='ocrx_word' id='word_1_483' title='bbox 1578 3157 1825 3225; x_wconf 77' lang='grc' dir='ltr'><em>βουλὴν</em></span> 
     </span>
    </p>
   </div>
   <div class='ocr_carea' id='block_1_64' title="bbox 1928 3155 3523 3241">
    <p class='ocr_par' dir='ltr' id='par_1_64' title="bbox 1930 3155 3523 3227">
     <span class='ocr_line' id='line_1_64' title="bbox 1930 3155 3523 3227; baseline -0.003 -16"><span class='ocrx_word' id='word_1_484' title='bbox 1930 3155 2132 3227; x_wconf 88' lang='lat' dir='ltr'><strong>ipsum.</strong></span> <span class='ocrx_word' id='word_1_485' title='bbox 2173 3155 2520 3212; x_wconf 76' lang='lat' dir='ltr'><strong>Manifestum</strong></span> <span class='ocrx_word' id='word_1_486' title='bbox 2552 3158 2697 3212; x_wconf 86' lang='lat' dir='ltr'><strong>enim</strong></span> <span class='ocrx_word' id='word_1_487' title='bbox 2730 3166 2832 3224; x_wconf 87' lang='lat' dir='ltr'><strong>est,</strong></span> <span class='ocrx_word' id='word_1_488' title='bbox 2857 3157 3003 3227; x_wconf 89' lang='lat' dir='ltr'><strong>quod</strong></span> <span class='ocrx_word' id='word_1_489' title='bbox 3025 3171 3090 3212; x_wconf 79' lang='lat' dir='ltr'><strong>ex</strong></span> <span class='ocrx_word' id='word_1_490' title='bbox 3126 3156 3229 3210; x_wconf 91' lang='lat' dir='ltr'><strong>hoc</strong></span> <span class='ocrx_word' id='word_1_491' title='bbox 3255 3162 3339 3209; x_wconf 85' lang='lat' dir='ltr'><strong>est</strong></span> <span class='ocrx_word' id='word_1_492' title='bbox 3367 3165 3523 3208; x_wconf 70' lang='lat' dir='ltr'><strong>nattr</strong></span> 
     </span>
    </p>
   </div>
   <div class='ocr_carea' id='block_1_65' title="bbox 236 3246 1850 3319">
    <p class='ocr_par' dir='ltr' id='par_1_65' title="bbox 236 3248 1832 3319">
     <span class='ocr_line' id='line_1_65' title="bbox 236 3248 1832 3319; baseline -0.001 -16"><span class='ocrx_word' id='word_1_493' title='bbox 236 3248 583 3313; x_wconf 75' lang='grc' dir='ltr'><em>ποιοῦντες,</em></span> <span class='ocrx_word' id='word_1_494' title='bbox 608 3250 701 3303; x_wconf 72' lang='grc' dir='ltr'><em>καὶ</em></span> <span class='ocrx_word' id='word_1_495' title='bbox 729 3251 801 3303; x_wconf 83' lang='grc' dir='ltr'><em>οὐ</em></span> <span class='ocrx_word' id='word_1_496' title='bbox 827 3248 924 3304; x_wconf 78' lang='grc' dir='ltr'><strong>διὰ</strong></span> <span class='ocrx_word' id='word_1_497' title='bbox 954 3251 1197 3316; x_wconf 84' lang='grc' dir='ltr'><strong>Κυρίου.</strong></span> <span class='ocrx_word' id='word_1_498' title='bbox 1230 3268 1250 3302; x_wconf 78' lang='lat' dir='ltr'><strong>s</strong></span> <span class='ocrx_word' id='word_1_499' title='bbox 1304 3249 1369 3302; x_wconf 83' lang='lat' dir='ltr'><strong>Ti</strong></span> <span class='ocrx_word' id='word_1_500' title='bbox 1396 3249 1453 3303; x_wconf 81' lang='grc' dir='ltr'><em>δὲ</em></span> <span class='ocrx_word' id='word_1_501' title='bbox 1485 3248 1587 3319; x_wconf 83' lang='grc' dir='ltr'><em>τῆς</em></span> <span class='ocrx_word' id='word_1_502' title='bbox 1610 3250 1832 3319; x_wconf 80' lang='grc' dir='ltr'><em>χάριτος</em></span> 
     </span>
    </p>
   </div>
   <div class='ocr_carea' id='block_1_66' title="bbox 1928 3246 3520 3319">
    <p class='ocr_par' dir='ltr' id='par_1_66' title="bbox 1938 3246 3520 3319">
     <span class='ocr_line' id='line_1_66' title="bbox 1938 3246 3520 3319; baseline -0.004 -16"><span class='ocrx_word' id='word_1_503' title='bbox 1938 3247 2146 3313; x_wconf 85' lang='lat' dir='ltr'><strong>raliter,</strong></span> <span class='ocrx_word' id='word_1_504' title='bbox 2172 3250 2287 3305; x_wconf 84' lang='lat' dir='ltr'><strong>sive</strong></span> <span class='ocrx_word' id='word_1_505' title='bbox 2337 3248 2607 3314; x_wconf 82' lang='lat' dir='ltr'><strong>cll‘ective,</strong></span> <span class='ocrx_word' id='word_1_506' title='bbox 2647 3248 2765 3305; x_wconf 83' lang='lat' dir='ltr'><strong>sive</strong></span> <span class='ocrx_word' id='word_1_507' title='bbox 2818 3262 3151 3319; x_wconf 87' lang='lat' dir='ltr'><strong>quocunque</strong></span> <span class='ocrx_word' id='word_1_508' title='bbox 3182 3246 3292 3301; x_wconf 88' lang='lat' dir='ltr'><strong>alio</strong></span> <span class='ocrx_word' id='word_1_509' title='bbox 3335 3246 3520 3308; x_wconf 87' lang='lat' dir='ltr'><strong>modo,</strong></span> 
     </span>
    </p>
   </div>
   <div class='ocr_carea' id='block_1_67' title="bbox 242 3340 1827 3412">
    <p class='ocr_par' dir='ltr' id='par_1_67' title="bbox 242 3340 1827 3412">
     <span class='ocr_line' id='line_1_67' title="bbox 242 3340 1827 3412; baseline 0.003 -19"><span class='ocrx_word' id='word_1_510' title='bbox 242 3342 277 3411; x_wconf 81' lang='grc' dir='ltr'>ἡ</span> <span class='ocrx_word' id='word_1_511' title='bbox 315 3340 544 3411; x_wconf 77' lang='grc' dir='ltr'><em>κιθάρα,</em></span> <span class='ocrx_word' id='word_1_512' title='bbox 575 3342 667 3394; x_wconf 74' lang='grc' dir='ltr'><em>τὸν</em></span> <span class='ocrx_word' id='word_1_513' title='bbox 707 3344 773 3395; x_wconf 81' lang='grc' dir='ltr'><strong>ὲκ</strong></span> <span class='ocrx_word' id='word_1_514' title='bbox 835 3342 1133 3412; x_wconf 75' lang='grc' dir='ltr'><em>Δαμασκοῦ</em></span> <span class='ocrx_word' id='word_1_515' title='bbox 1161 3341 1306 3411; x_wconf 84' lang='grc' dir='ltr'><em>λέγω</em></span> <span class='ocrx_word' id='word_1_516' title='bbox 1345 3340 1512 3411; x_wconf 77' lang='grc' dir='ltr'><em>σοφὸν</em></span> <span class='ocrx_word' id='word_1_517' title='bbox 1570 3342 1827 3412; x_wconf 79' lang='grc' dir='ltr'><em>Ἰωάννην</em></span> 
     </span>
    </p>
   </div>
   <div class='ocr_carea' id='block_1_68' title="bbox 237 3425 1826 3506">
    <p class='ocr_par' dir='ltr' id='par_1_68' title="bbox 237 3425 1826 3506">
     <span class='ocr_line' id='line_1_68' title="bbox 237 3425 1826 3506; baseline 0.004 -24"><span class='ocrx_word' id='word_1_518' title='bbox 237 3429 333 3491; x_wconf 77' lang='grc' dir='ltr'><em>τὸν</em></span> <span class='ocrx_word' id='word_1_519' title='bbox 365 3429 645 3501; x_wconf 85' lang='grc' dir='ltr'><em>μελῳδόν;</em></span> <span class='ocrx_word' id='word_1_520' title='bbox 684 3425 860 3499; x_wconf 73' lang='grc' dir='ltr'><em>Οὗτος</em></span> <span class='ocrx_word' id='word_1_521' title='bbox 887 3434 945 3485; x_wconf 76' lang='grc' dir='ltr'><em>ὲν</em></span> <span class='ocrx_word' id='word_1_522' title='bbox 978 3433 1187 3506; x_wconf 72' lang='grc' dir='ltr'><em>ᾁσμασι</em></span> <span class='ocrx_word' id='word_1_523' title='bbox 1237 3434 1518 3506; x_wconf 74' lang='grc' dir='ltr'><em>γεραίρων</em></span> <span class='ocrx_word' id='word_1_524' title='bbox 1557 3435 1657 3506; x_wconf 80' lang='grc' dir='ltr'><em>τὴν</em></span> <span class='ocrx_word' id='word_1_525' title='bbox 1693 3451 1826 3490; x_wconf 81' lang='grc' dir='ltr'><em>παν-</em></span> 
     </span>
    </p>
   </div>
   <div class='ocr_carea' id='block_1_69' title="bbox 240 3515 1821 3598">
    <p class='ocr_par' dir='ltr' id='par_1_69' title="bbox 240 3515 1821 3598">
     <span class='ocr_line' id='line_1_69' title="bbox 240 3515 1821 3598; baseline 0.004 -24"><span class='ocrx_word' id='word_1_526' title='bbox 240 3520 479 3592; x_wconf 84' lang='grc' dir='ltr'><em>άμωμον</em></span> <span class='ocrx_word' id='word_1_527' title='bbox 528 3523 777 3592; x_wconf 79' lang='grc' dir='ltr'><em>Μαρίαν,</em></span> <span class='ocrx_word' id='word_1_528' title='bbox 831 3515 1120 3598; x_wconf 60' lang='grc' dir='ltr'><em>φημττὴν</em></span> <span class='ocrx_word' id='word_1_529' title='bbox 1178 3526 1468 3591; x_wconf 85' lang='grc' dir='ltr'><em>Θεοτόκον,</em></span> <span class='ocrx_word' id='word_1_530' title='bbox 1509 3527 1821 3598; x_wconf 75' lang='grc' dir='ltr'><strong>ἑξέκραξεο</strong></span> 
     </span>
    </p>
   </div>
   <div class='ocr_carea' id='block_1_70' title="bbox 236 3611 1824 3687">
    <p class='ocr_par' dir='ltr' id='par_1_70' title="bbox 236 3611 1824 3687">
     <span class='ocr_line' id='line_1_70' title="bbox 236 3611 1824 3687; baseline 0.004 -22"><span class='ocrx_word' id='word_1_531' title='bbox 236 3611 392 3666; x_wconf 84' lang='grc' dir='ltr'><em>Θεὸν</em></span> <span class='ocrx_word' id='word_1_532' title='bbox 421 3614 825 3679; x_wconf 73' lang='grc' dir='ltr'><em>συλλαϐοῦσα</em></span> <span class='ocrx_word' id='word_1_533' title='bbox 844 3616 914 3669; x_wconf 73' lang='grc' dir='ltr'><em>ἐν</em></span> <span class='ocrx_word' id='word_1_534' title='bbox 942 3618 1177 3687; x_wconf 74' lang='grc' dir='ltr'><em>γαστρὶ,</em></span> <span class='ocrx_word' id='word_1_535' title='bbox 1198 3619 1485 3686; x_wconf 84' lang='grc' dir='ltr'><em>Παρθένε,</em></span> <span class='ocrx_word' id='word_1_536' title='bbox 1514 3617 1612 3674; x_wconf 80' lang='grc' dir='ltr'><strong>διὰ</strong></span> <span class='ocrx_word' id='word_1_537' title='bbox 1639 3619 1824 3673; x_wconf 77' lang='grc' dir='ltr'><em>Πνεῦ-</em></span> 
     </span>
    </p>
   </div>
   <div class='ocr_carea' id='block_1_71' title="bbox 1936 3339 3525 3413">
    <p class='ocr_par' dir='ltr' id='par_1_71' title="bbox 1936 3339 3525 3413">
     <span class='ocr_line' id='line_1_71' title="bbox 1936 3339 3525 3413; baseline -0.001 -18"><span class='ocrx_word' id='word_1_538' title='bbox 1936 3357 2099 3412; x_wconf 87' lang='lat' dir='ltr'><strong>quem</strong></span> <span class='ocrx_word' id='word_1_539' title='bbox 2135 3357 2299 3410; x_wconf 83' lang='lat' dir='ltr'><strong>supra</strong></span> <span class='ocrx_word' id='word_1_540' title='bbox 2329 3341 2634 3408; x_wconf 64' lang='lat' dir='ltr'><strong>innuimus,</strong></span> <span class='ocrx_word' id='word_1_541' title='bbox 2690 3359 2786 3413; x_wconf 88' lang='lat' dir='ltr'><strong>per</strong></span> <span class='ocrx_word' id='word_1_542' title='bbox 2819 3343 2921 3398; x_wconf 91' lang='lat' dir='ltr'><strong>hoc</strong></span> <span class='ocrx_word' id='word_1_543' title='bbox 2950 3356 3073 3397; x_wconf 88' lang='lat' dir='ltr'><strong>esse</strong></span> <span class='ocrx_word' id='word_1_544' title='bbox 3108 3342 3300 3395; x_wconf 86' lang='lat' dir='ltr'><strong>eodem</strong></span> <span class='ocrx_word' id='word_1_545' title='bbox 3338 3339 3525 3408; x_wconf 56' lang='lat' dir='ltr'><strong>signa.</strong></span> 
     </span>
    </p>
   </div>
   <div class='ocr_carea' id='block_1_72' title="bbox 1934 3434 3522 3507">
    <p class='ocr_par' dir='ltr' id='par_1_72' title="bbox 1934 3434 3522 3507">
     <span class='ocr_line' id='line_1_72' title="bbox 1934 3434 3522 3507; baseline -0.003 -17"><span class='ocrx_word' id='word_1_546' title='bbox 1934 3447 2089 3502; x_wconf 87' lang='lat' dir='ltr'><strong>catu,</strong></span> <span class='ocrx_word' id='word_1_547' title='bbox 2129 3436 2228 3490; x_wconf 87' lang='lat' dir='ltr'><strong>hos</strong></span> <span class='ocrx_word' id='word_1_548' title='bbox 2262 3452 2403 3490; x_wconf 74' lang='lat' dir='ltr'><strong>vera:</strong></span> <span class='ocrx_word' id='word_1_549' title='bbox 2434 3436 2720 3507; x_wconf 73' lang='lat' dir='ltr'><strong>theologia:</strong></span> <span class='ocrx_word' id='word_1_550' title='bbox 2754 3436 3084 3505; x_wconf 86' lang='lat' dir='ltr'><strong>interpretes</strong></span> <span class='ocrx_word' id='word_1_551' title='bbox 3116 3435 3170 3488; x_wconf 92' lang='lat' dir='ltr'><strong>in</strong></span> <span class='ocrx_word' id='word_1_552' title='bbox 3213 3434 3362 3487; x_wconf 89' lang='lat' dir='ltr'><strong>hisce</strong></span> <span class='ocrx_word' id='word_1_553' title='bbox 3392 3446 3522 3501; x_wconf 81' lang='lat' dir='ltr'><strong>pro-</strong></span> 
     </span>
    </p>
   </div>
   <div class='ocr_carea' id='block_1_73' title="bbox 1931 3524 3524 3595">
    <p class='ocr_par' dir='ltr' id='par_1_73' title="bbox 1931 3524 3524 3595">
     <span class='ocr_line' id='line_1_73' title="bbox 1931 3524 3524 3595; baseline -0.003 -13"><span class='ocrx_word' id='word_1_554' title='bbox 1931 3527 2112 3583; x_wconf 85' lang='lat' dir='ltr'><strong>ductis</strong></span> <span class='ocrx_word' id='word_1_555' title='bbox 2136 3529 2467 3583; x_wconf 84' lang='lat' dir='ltr'><strong>testimoniis</strong></span> <span class='ocrx_word' id='word_1_556' title='bbox 2495 3529 2793 3584; x_wconf 85' lang='lat' dir='ltr'><strong>indicasse.</strong></span> <span class='ocrx_word' id='word_1_557' title='bbox 2830 3527 3077 3595; x_wconf 85' lang='lat' dir='ltr'><strong>Quorum</strong></span> <span class='ocrx_word' id='word_1_558' title='bbox 3097 3527 3209 3582; x_wconf 92' lang='lat' dir='ltr'><strong>duo</strong></span> <span class='ocrx_word' id='word_1_559' title='bbox 3230 3524 3524 3580; x_wconf 79' lang='lat' dir='ltr'><strong>conﬁrma-</strong></span> 
     </span>
    </p>
   </div>
   <div class='ocr_carea' id='block_1_74' title="bbox 1935 3619 3373 3690">
    <p class='ocr_par' dir='ltr' id='par_1_74' title="bbox 1935 3619 3373 3690">
     <span class='ocr_line' id='line_1_74' title="bbox 1935 3619 3373 3690; baseline -0.001 -18"><span class='ocrx_word' id='word_1_560' title='bbox 1935 3619 2137 3672; x_wconf 78' lang='lat' dir='ltr'><strong>tionem</strong></span> <span class='ocrx_word' id='word_1_561' title='bbox 2170 3635 2235 3673; x_wconf 69' lang='grc' dir='ltr'><em>οι</em></span> <span class='ocrx_word' id='word_1_562' title='bbox 2253 3620 2432 3675; x_wconf 80' lang='lat' dir='ltr'><strong>Veteri</strong></span> <span class='ocrx_word' id='word_1_563' title='bbox 2466 3619 2724 3688; x_wconf 86' lang='lat' dir='ltr'><strong>Novoque</strong></span> <span class='ocrx_word' id='word_1_564' title='bbox 2752 3619 2980 3676; x_wconf 70' lang='lat' dir='ltr'><strong>Foedcre</strong></span> <span class='ocrx_word' id='word_1_565' title='bbox 3008 3620 3373 3690; x_wconf 88' lang='lat' dir='ltr'><strong>protulerunt.</strong></span> 
     </span>
    </p>
   </div>
   <div class='ocr_carea' id='block_1_75' title="bbox 228 3707 3523 3782">
    <p class='ocr_par' dir='ltr' id='par_1_75' title="bbox 228 3707 3523 3782">
     <span class='ocr_line' id='line_1_75' title="bbox 228 3707 3523 3782; baseline 0.001 -24"><span class='ocrx_word' id='word_1_566' title='bbox 228 3721 420 3773; x_wconf 81' lang='grc' dir='ltr'><em>ματος</em></span> <span class='ocrx_word' id='word_1_567' title='bbox 449 3707 555 3761; x_wconf 90' lang='grc' dir='ltr'><strong>τοῦ</strong></span> <span class='ocrx_word' id='word_1_568' title='bbox 582 3709 881 3777; x_wconf 77' lang='grc' dir='ltr'><em>παναγίου</em></span> <span class='ocrx_word' id='word_1_569' title='bbox 898 3709 1138 3776; x_wconf 72' lang='grc' dir='ltr'><em>ἔμεινας</em></span> <span class='ocrx_word' id='word_1_570' title='bbox 1164 3709 1488 3780; x_wconf 46' lang='lat' dir='ltr'><strong>dsolent/oc.</strong></span> <span class='ocrx_word' id='word_1_571' title='bbox 1517 3710 1628 3764; x_wconf 52' lang='grc' dir='ltr'><strong>Καὶ¹</strong></span> <span class='ocrx_word' id='word_1_572' title='bbox 1648 3711 1822 3765; x_wconf 85' lang='grc' dir='ltr'><em>ταῦτα</em></span> <span class='ocrx_word' id='word_1_573' title='bbox 1865 3713 1997 3782; x_wconf 73' lang='grc' dir='ltr'><em>περὶ</em></span> <span class='ocrx_word' id='word_1_574' title='bbox 2029 3710 2127 3764; x_wconf 88' lang='grc' dir='ltr'><strong>τοῦ</strong></span> <span class='ocrx_word' id='word_1_575' title='bbox 2157 3711 2280 3765; x_wconf 83' lang='grc' dir='ltr'><em>κατ’</em></span> <span class='ocrx_word' id='word_1_576' title='bbox 2311 3713 2496 3766; x_wconf 80' lang='grc' dir='ltr'><em>αἰτίαν</em></span> <span class='ocrx_word' id='word_1_577' title='bbox 2562 3714 2623 3768; x_wconf 78' lang='grc' dir='ltr'><strong>ἐκ</strong></span> <span class='ocrx_word' id='word_1_578' title='bbox 2689 3729 2857 3777; x_wconf 86' lang='grc' dir='ltr'><em>τινος,</em></span> <span class='ocrx_word' id='word_1_579' title='bbox 2889 3712 2972 3765; x_wconf 83' lang='grc' dir='ltr'><em>ὅτι</em></span> <span class='ocrx_word' id='word_1_580' title='bbox 3010 3713 3153 3766; x_wconf 79' lang='grc' dir='ltr'><strong>κατᾶ</strong></span> <span class='ocrx_word' id='word_1_581' title='bbox 3179 3710 3388 3780; x_wconf 80' lang='grc' dir='ltr'><em>ταύτην</em></span> <span class='ocrx_word' id='word_1_582' title='bbox 3426 3712 3523 3762; x_wconf 76' lang='grc' dir='ltr'><strong>καὶ</strong></span> 
     </span>
    </p>
   </div>
   <div class='ocr_carea' id='block_1_76' title="bbox 230 3792 3523 3880">
    <p class='ocr_par' dir='ltr' id='par_1_76' title="bbox 230 3792 3523 3880">
     <span class='ocr_line' id='line_1_76' title="bbox 230 3792 3523 3880; baseline 0.002 -29"><span class='ocrx_word' id='word_1_583' title='bbox 230 3798 303 3852; x_wconf 79' lang='grc' dir='ltr'><em>δι’</em></span> <span class='ocrx_word' id='word_1_584' title='bbox 342 3800 533 3853; x_wconf 81' lang='grc' dir='ltr'><em>αὐτοῦ.</em></span> <span class='ocrx_word' id='word_1_585' title='bbox 573 3802 812 3872; x_wconf 80' lang='grc' dir='ltr'><em>Φανερδν</em></span> <span class='ocrx_word' id='word_1_586' title='bbox 847 3804 957 3876; x_wconf 76' lang='grc' dir='ltr'><em>γὰρ</em></span> <span class='ocrx_word' id='word_1_587' title='bbox 1005 3805 1082 3868; x_wconf 88' lang='grc' dir='ltr'><em>ὡς</em></span> <span class='ocrx_word' id='word_1_588' title='bbox 1110 3806 1169 3858; x_wconf 79' lang='grc' dir='ltr'><em>τὸ</em></span> <span class='ocrx_word' id='word_1_589' title='bbox 1193 3807 1258 3859; x_wconf 87' lang='grc' dir='ltr'><strong>ὲκ</strong></span> <span class='ocrx_word' id='word_1_590' title='bbox 1293 3806 1452 3861; x_wconf 84' lang='grc' dir='ltr'><em>τοῦδε</em></span> <span class='ocrx_word' id='word_1_591' title='bbox 1478 3806 1750 3877; x_wconf 76' lang='grc' dir='ltr'><strong>φυσικῶς,</strong></span> <span class='ocrx_word' id='word_1_592' title='bbox 1784 3806 1817 3879; x_wconf 79' lang='grc' dir='ltr'>ἢ</span> <span class='ocrx_word' id='word_1_593' title='bbox 1864 3809 1964 3861; x_wconf 77' lang='grc' dir='ltr'><strong>καὶ</strong></span> <span class='ocrx_word' id='word_1_594' title='bbox 1995 3792 2318 3877; x_wconf 73' lang='grc' dir='ltr'><em>ποιητικῶς,</em></span> <span class='ocrx_word' id='word_1_595' title='bbox 2365 3809 2399 3880; x_wconf 82' lang='grc' dir='ltr'>ἢ</span> <span class='ocrx_word' id='word_1_596' title='bbox 2436 3808 2531 3862; x_wconf 72' lang='grc' dir='ltr'><strong>καὶ</strong></span> <span class='ocrx_word' id='word_1_597' title='bbox 2597 3808 2723 3862; x_wconf 83' lang='grc' dir='ltr'>καθ’</span> <span class='ocrx_word' id='word_1_598' title='bbox 2796 3808 2855 3862; x_wconf 82' lang='grc' dir='ltr'><em>ὃν</em></span> <span class='ocrx_word' id='word_1_599' title='bbox 2900 3809 3108 3863; x_wconf 80' lang='grc' dir='ltr'><em>ἄνωθεν</em></span> <span class='ocrx_word' id='word_1_600' title='bbox 3137 3807 3339 3877; x_wconf 84' lang='grc' dir='ltr'><em>τρόπον</em></span> <span class='ocrx_word' id='word_1_601' title='bbox 3366 3809 3523 3879; x_wconf 71' lang='grc' dir='ltr'><em>εἰρή-</em></span> 
     </span>
    </p>
   </div>
   <div class='ocr_carea' id='block_1_77' title="bbox 234 3893 3524 3974">
    <p class='ocr_par' dir='ltr' id='par_1_77' title="bbox 234 3893 3524 3974">
     <span class='ocr_line' id='line_1_77' title="bbox 234 3893 3524 3974; baseline 0.002 -29"><span class='ocrx_word' id='word_1_602' title='bbox 234 3910 456 3964; x_wconf 83' lang='grc' dir='ltr'><em>κειμεν,</em></span> <span class='ocrx_word' id='word_1_603' title='bbox 492 3893 581 3948; x_wconf 80' lang='grc' dir='ltr'><em>διὰ</em></span> <span class='ocrx_word' id='word_1_604' title='bbox 611 3896 769 3950; x_wconf 80' lang='grc' dir='ltr'><em>τοῦδε</em></span> <span class='ocrx_word' id='word_1_605' title='bbox 795 3897 937 3951; x_wconf 84' lang='grc' dir='ltr'><em>κατὰ</em></span> <span class='ocrx_word' id='word_1_606' title='bbox 967 3894 1027 3951; x_wconf 78' lang='grc' dir='ltr'><em>τὸ</em></span> <span class='ocrx_word' id='word_1_607' title='bbox 1047 3899 1179 3954; x_wconf 81' lang='grc' dir='ltr'><em>αὐτὸ</em></span> <span class='ocrx_word' id='word_1_608' title='bbox 1211 3902 1615 3973; x_wconf 84' lang='grc' dir='ltr'><em>σημαινόμενον</em></span> <span class='ocrx_word' id='word_1_609' title='bbox 1654 3902 1704 3956; x_wconf 82' lang='grc' dir='ltr'><em>οἱ</em></span> <span class='ocrx_word' id='word_1_610' title='bbox 1762 3903 1863 3974; x_wconf 80' lang='grc' dir='ltr'><em>τῆς</em></span> <span class='ocrx_word' id='word_1_611' title='bbox 1935 3901 2174 3972; x_wconf 82' lang='grc' dir='ltr'><em>ἀληθοῦς</em></span> <span class='ocrx_word' id='word_1_612' title='bbox 2226 3897 2377 3958; x_wconf 74' lang='grc' dir='ltr'><em>οὗτοι</em></span> <span class='ocrx_word' id='word_1_613' title='bbox 2439 3903 2722 3973; x_wconf 82' lang='grc' dir='ltr'><em>θεολογίας</em></span> <span class='ocrx_word' id='word_1_614' title='bbox 2775 3902 3112 3973; x_wconf 79' lang='grc' dir='ltr'><em>ἐκφάντορες</em></span> <span class='ocrx_word' id='word_1_615' title='bbox 3180 3901 3236 3953; x_wconf 81' lang='grc' dir='ltr'><em>ὲν</em></span> <span class='ocrx_word' id='word_1_616' title='bbox 3312 3899 3524 3962; x_wconf 78' lang='grc' dir='ltr'><em>τούτοις</em></span> 
     </span>
    </p>
   </div>
   <div class='ocr_carea' id='block_1_78' title="bbox 234 3984 3255 4069">
    <p class='ocr_par' dir='ltr' id='par_1_78' title="bbox 234 3984 3255 4069">
     <span class='ocr_line' id='line_1_78' title="bbox 234 3984 3255 4069; baseline 0.003 -27"><span class='ocrx_word' id='word_1_617' title='bbox 234 3986 613 4058; x_wconf 77' lang='grc' dir='ltr'><em>ἀπήγγειλαν,</em></span> <span class='ocrx_word' id='word_1_618' title='bbox 648 3984 725 4044; x_wconf 83' lang='grc' dir='ltr'><em>ὧν</em></span> <span class='ocrx_word' id='word_1_619' title='bbox 778 3992 829 4044; x_wconf 83' lang='lat' dir='ltr'><strong>oi</strong></span> <span class='ocrx_word' id='word_1_620' title='bbox 877 3989 976 4045; x_wconf 81' lang='grc' dir='ltr'><em>δύο</em></span> <span class='ocrx_word' id='word_1_621' title='bbox 1007 3992 1108 4060; x_wconf 78' lang='grc' dir='ltr'><em>τὴν</em></span> <span class='ocrx_word' id='word_1_622' title='bbox 1136 3991 1401 4049; x_wconf 78' lang='grc' dir='ltr'><em>σύστασιν</em></span> <span class='ocrx_word' id='word_1_623' title='bbox 1439 3995 1550 4050; x_wconf 80' lang='grc' dir='ltr'><strong>ἀπό</strong></span> <span class='ocrx_word' id='word_1_624' title='bbox 1598 4013 1658 4050; x_wconf 78' lang='grc' dir='ltr'><strong>τε</strong></span> <span class='ocrx_word' id='word_1_625' title='bbox 1707 3996 1809 4066; x_wconf 80' lang='grc' dir='ltr'><em>τῆς</em></span> <span class='ocrx_word' id='word_1_626' title='bbox 1849 3997 2096 4061; x_wconf 83' lang='grc' dir='ltr'><em>Παλαιᾶς</em></span> <span class='ocrx_word' id='word_1_627' title='bbox 2125 3998 2235 4051; x_wconf 85' lang='grc' dir='ltr'><strong>ἀπό</strong></span> <span class='ocrx_word' id='word_1_628' title='bbox 2258 4015 2318 4051; x_wconf 86' lang='grc' dir='ltr'><strong>τε</strong></span> <span class='ocrx_word' id='word_1_629' title='bbox 2341 3999 2441 4068; x_wconf 83' lang='grc' dir='ltr'><em>τῆς</em></span> <span class='ocrx_word' id='word_1_630' title='bbox 2476 4000 2624 4063; x_wconf 81' lang='grc' dir='ltr'><em>Νέας</em></span> <span class='ocrx_word' id='word_1_631' title='bbox 2653 3999 2880 4069; x_wconf 79' lang='grc' dir='ltr'><em>Γραφῆς</em></span> <span class='ocrx_word' id='word_1_632' title='bbox 2906 3997 3255 4069; x_wconf 80' lang='grc' dir='ltr'><em>ἐποιήσαντο.</em></span> 
     </span>
    </p>
   </div>
   <div class='ocr_carea' id='block_1_79' title="bbox 311 4076 1850 4161">
    <p class='ocr_par' dir='ltr' id='par_1_79' title="bbox 311 4076 1835 4155">
     <span class='ocr_line' id='line_1_79' title="bbox 311 4076 1835 4155; baseline 0.006 -24"><span class='ocrx_word' id='word_1_633' title='bbox 311 4076 379 4132; x_wconf 83' lang='grc' dir='ltr'><em>δ’.</em></span> <span class='ocrx_word' id='word_1_634' title='bbox 410 4077 550 4149; x_wconf 69' lang='grc' dir='ltr'><em>Περὶ</em></span> <span class='ocrx_word' id='word_1_635' title='bbox 591 4077 649 4133; x_wconf 80' lang='grc' dir='ltr'><em>δὲ</em></span> <span class='ocrx_word' id='word_1_636' title='bbox 682 4078 777 4134; x_wconf 88' lang='grc' dir='ltr'><strong>τοῦ</strong></span> <span class='ocrx_word' id='word_1_637' title='bbox 814 4080 937 4135; x_wconf 85' lang='grc' dir='ltr'><em>κατ’</em></span> <span class='ocrx_word' id='word_1_638' title='bbox 982 4083 1174 4138; x_wconf 80' lang='grc' dir='ltr'><em>οὐσίαν</em></span> <span class='ocrx_word' id='word_1_639' title='bbox 1196 4084 1287 4141; x_wconf 80' lang='grc' dir='ltr'><strong>διά</strong></span> <span class='ocrx_word' id='word_1_640' title='bbox 1324 4101 1498 4151; x_wconf 87' lang='grc' dir='ltr'><em>τινος,</em></span> <span class='ocrx_word' id='word_1_641' title='bbox 1531 4086 1614 4141; x_wconf 83' lang='grc' dir='ltr'><em>ὅτι</em></span> <span class='ocrx_word' id='word_1_642' title='bbox 1650 4088 1745 4143; x_wconf 81' lang='grc' dir='ltr'><strong>καὶ</strong></span> <span class='ocrx_word' id='word_1_643' title='bbox 1775 4086 1835 4155; x_wconf 80' lang='grc' dir='ltr'>ἐξ</span> 
     </span>
    </p>
   </div>
   <div class='ocr_carea' id='block_1_80' title="bbox 1928 4076 3526 4161">
    <p class='ocr_par' dir='ltr' id='par_1_80' title="bbox 2010 4087 3526 4161">
     <span class='ocr_line' id='line_1_80' title="bbox 2010 4087 3526 4161; baseline 0.001 -20"><span class='ocrx_word' id='word_1_644' title='bbox 2010 4087 2065 4155; x_wconf 63' lang='grc'><em>4.</em></span> <span class='ocrx_word' id='word_1_645' title='bbox 2102 4087 2176 4143; x_wconf 88' lang='lat' dir='ltr'><strong>De</strong></span> <span class='ocrx_word' id='word_1_646' title='bbox 2207 4103 2274 4144; x_wconf 86' lang='lat' dir='ltr'><strong>eo</strong></span> <span class='ocrx_word' id='word_1_647' title='bbox 2307 4103 2434 4143; x_wconf 83' lang='lat' dir='ltr'><strong>vero</strong></span> <span class='ocrx_word' id='word_1_648' title='bbox 2462 4091 2606 4161; x_wconf 89' lang='lat' dir='ltr'><strong>quod</strong></span> <span class='ocrx_word' id='word_1_649' title='bbox 2636 4091 2938 4146; x_wconf 85' lang='lat' dir='ltr'><strong>secundum</strong></span> <span class='ocrx_word' id='word_1_650' title='bbox 2972 4090 3268 4144; x_wconf 87' lang='lat' dir='ltr'><strong>essentiam</strong></span> <span class='ocrx_word' id='word_1_651' title='bbox 3306 4102 3401 4157; x_wconf 90' lang='lat' dir='ltr'><strong>per</strong></span> <span class='ocrx_word' id='word_1_652' title='bbox 3425 4087 3526 4142; x_wconf 63' lang='lat' dir='ltr'><strong>alio</strong></span> 
     </span>
    </p>
   </div>
   <div class='ocr_carea' id='block_1_81' title="bbox 233 4173 1850 4255">
    <p class='ocr_par' dir='ltr' id='par_1_81' title="bbox 233 4173 1833 4255">
     <span class='ocr_line' id='line_1_81' title="bbox 233 4173 1833 4255; baseline 0.006 -26"><span class='ocrx_word' id='word_1_653' title='bbox 233 4173 409 4229; x_wconf 80' lang='grc' dir='ltr'><em>αὒτοῦ</em></span> <span class='ocrx_word' id='word_1_654' title='bbox 449 4174 660 4247; x_wconf 80' lang='grc' dir='ltr'><em>πέφηνε</em></span> <span class='ocrx_word' id='word_1_655' title='bbox 686 4175 809 4232; x_wconf 86' lang='grc' dir='ltr'><em>κατ’</em></span> <span class='ocrx_word' id='word_1_656' title='bbox 837 4178 1031 4251; x_wconf 67' lang='grc' dir='ltr'><em>αὐτὴν,</em></span> <span class='ocrx_word' id='word_1_657' title='bbox 1060 4180 1332 4252; x_wconf 79' lang='grc' dir='ltr'><em>Κύριλλος</em></span> <span class='ocrx_word' id='word_1_658' title='bbox 1357 4185 1384 4237; x_wconf 87' lang='grc' dir='ltr'>ὁ</span> <span class='ocrx_word' id='word_1_659' title='bbox 1430 4183 1742 4255; x_wconf 80' lang='grc' dir='ltr'><em>διαλάμψας</em></span> <span class='ocrx_word' id='word_1_660' title='bbox 1774 4188 1833 4239; x_wconf 70' lang='grc' dir='ltr'><em>ἐν</em></span> 
     </span>
    </p>
   </div>
   <div class='ocr_carea' id='block_1_82' title="bbox 1928 4173 3527 4255">
    <p class='ocr_par' dir='ltr' id='par_1_82' title="bbox 1938 4181 3527 4254">
     <span class='ocr_line' id='line_1_82' title="bbox 1938 4181 3527 4254; baseline -0.001 -17"><span class='ocrx_word' id='word_1_661' title='bbox 1938 4181 2086 4253; x_wconf 88' lang='lat' dir='ltr'><strong>quod</strong></span> <span class='ocrx_word' id='word_1_662' title='bbox 2125 4191 2228 4248; x_wconf 89' lang='lat' dir='ltr'><strong>est,</strong></span> <span class='ocrx_word' id='word_1_663' title='bbox 2263 4195 2331 4237; x_wconf 81' lang='lat' dir='ltr'><strong>ex</strong></span> <span class='ocrx_word' id='word_1_664' title='bbox 2364 4181 2556 4237; x_wconf 86' lang='lat' dir='ltr'><strong>eodem</strong></span> <span class='ocrx_word' id='word_1_665' title='bbox 2611 4197 2832 4254; x_wconf 90' lang='lat' dir='ltr'><strong>quoque</strong></span> <span class='ocrx_word' id='word_1_666' title='bbox 2867 4197 2990 4238; x_wconf 88' lang='lat' dir='ltr'><strong>esse</strong></span> <span class='ocrx_word' id='word_1_667' title='bbox 3036 4183 3337 4240; x_wconf 86' lang='lat' dir='ltr'><strong>secundum</strong></span> <span class='ocrx_word' id='word_1_668' title='bbox 3377 4196 3527 4236; x_wconf 83' lang='lat' dir='ltr'><strong>eam—</strong></span> 
     </span>
    </p>
   </div>
   <div class='ocr_carea' id='block_1_83' title="bbox 142 4266 1850 4349">
    <p class='ocr_par' dir='ltr' id='par_1_83' title="bbox 142 4266 1833 4349">
     <span class='ocr_line' id='line_1_83' title="bbox 142 4266 1833 4349; baseline 0.008 -30"><span class='ocrx_word' id='word_1_669' title='bbox 142 4300 159 4317; x_wconf 70' lang='grc' dir='ltr'><em>κ</em></span> <span class='ocrx_word' id='word_1_670' title='bbox 234 4266 479 4338; x_wconf 83' lang='grc' dir='ltr'><em>δόγμασι</em></span> <span class='ocrx_word' id='word_1_671' title='bbox 528 4268 740 4340; x_wconf 85' lang='grc' dir='ltr'><em>μάρτυς</em></span> <span class='ocrx_word' id='word_1_672' title='bbox 787 4269 945 4325; x_wconf 74' lang='grc' dir='ltr'><em>ἐστὶν</em></span> <span class='ocrx_word' id='word_1_673' title='bbox 1004 4273 1331 4344; x_wconf 77' lang='grc' dir='ltr'><em>ἀξιόχρεως,</em></span> <span class='ocrx_word' id='word_1_674' title='bbox 1369 4274 1429 4340; x_wconf 81' lang='grc' dir='ltr'><em>ὃς</em></span> <span class='ocrx_word' id='word_1_675' title='bbox 1469 4278 1527 4331; x_wconf 72' lang='grc' dir='ltr'><em>ἐν</em></span> <span class='ocrx_word' id='word_1_676' title='bbox 1582 4278 1681 4349; x_wconf 79' lang='grc' dir='ltr'><em>μιᾷ</em></span> <span class='ocrx_word' id='word_1_677' title='bbox 1723 4278 1833 4333; x_wconf 82' lang='grc' dir='ltr'><em>τῶν</em></span> 
     </span>
    </p>
   </div>
   <div class='ocr_carea' id='block_1_84' title="bbox 1928 4266 3524 4349">
    <p class='ocr_par' dir='ltr' id='par_1_84' title="bbox 1937 4273 3524 4346">
     <span class='ocr_line' id='line_1_84' title="bbox 1937 4273 3524 4346; baseline -0.001 -17"><span class='ocrx_word' id='word_1_678' title='bbox 1937 4274 2082 4339; x_wconf 89' lang='lat' dir='ltr'><strong>dem,</strong></span> <span class='ocrx_word' id='word_1_679' title='bbox 2126 4273 2361 4346; x_wconf 83' lang='lat' dir='ltr'><strong>Cyrillus</strong></span> <span class='ocrx_word' id='word_1_680' title='bbox 2394 4275 2486 4345; x_wconf 91' lang='lat' dir='ltr'><strong>qui</strong></span> <span class='ocrx_word' id='word_1_681' title='bbox 2519 4275 2574 4329; x_wconf 89' lang='lat' dir='ltr'><strong>in</strong></span> <span class='ocrx_word' id='word_1_682' title='bbox 2620 4274 2969 4345; x_wconf 79' lang='lat' dir='ltr'><strong>dogmatibus</strong></span> <span class='ocrx_word' id='word_1_683' title='bbox 2996 4273 3274 4328; x_wconf 85' lang='lat' dir='ltr'><strong>tradendis</strong></span> <span class='ocrx_word' id='word_1_684' title='bbox 3305 4274 3524 4336; x_wconf 89' lang='lat' dir='ltr'><strong>claruit,</strong></span> 
     </span>
    </p>
   </div>
   <div class='ocr_carea' id='block_1_85' title="bbox 240 4360 1850 4439">
    <p class='ocr_par' dir='ltr' id='par_1_85' title="bbox 240 4360 1833 4439">
     <span class='ocr_line' id='line_1_85' title="bbox 240 4360 1833 4439; baseline 0.009 -28"><span class='ocrx_word' id='word_1_685' title='bbox 240 4360 385 4429; x_wconf 84' lang='grc' dir='ltr'><em>πρὸς</em></span> <span class='ocrx_word' id='word_1_686' title='bbox 434 4361 740 4433; x_wconf 85' lang='grc' dir='ltr'><em>Νεστόριον</em></span> <span class='ocrx_word' id='word_1_687' title='bbox 774 4363 997 4419; x_wconf 74' lang='grc' dir='ltr'><em>οἰκείων</em></span> <span class='ocrx_word' id='word_1_688' title='bbox 1041 4366 1348 4420; x_wconf 76' lang='grc' dir='ltr'><em>ἐπιστολῶν</em></span> <span class='ocrx_word' id='word_1_689' title='bbox 1410 4369 1551 4439; x_wconf 79' lang='grc' dir='ltr'><em>μετὰ</em></span> <span class='ocrx_word' id='word_1_690' title='bbox 1601 4370 1833 4426; x_wconf 78' lang='grc' dir='ltr'><em>πλεῖστά</em></span> 
     </span>
    </p>
   </div>
   <div class='ocr_carea' id='block_1_86' title="bbox 1928 4360 3524 4439">
    <p class='ocr_par' dir='ltr' id='par_1_86' title="bbox 1937 4363 3524 4437">
     <span class='ocr_line' id='line_1_86' title="bbox 1937 4363 3524 4437; baseline -0.003 -17"><span class='ocrx_word' id='word_1_691' title='bbox 1937 4366 2043 4422; x_wconf 86' lang='lat' dir='ltr'><strong>lide</strong></span> <span class='ocrx_word' id='word_1_692' title='bbox 2093 4366 2294 4437; x_wconf 82' lang='lat' dir='ltr'><strong>dignus</strong></span> <span class='ocrx_word' id='word_1_693' title='bbox 2326 4367 2484 4421; x_wconf 88' lang='lat' dir='ltr'><strong>testis</strong></span> <span class='ocrx_word' id='word_1_694' title='bbox 2525 4365 2936 4427; x_wconf 85' lang='lat' dir='ltr'><strong>corroborabit,</strong></span> <span class='ocrx_word' id='word_1_695' title='bbox 2969 4365 3061 4433; x_wconf 90' lang='lat' dir='ltr'><strong>qui</strong></span> <span class='ocrx_word' id='word_1_696' title='bbox 3097 4363 3151 4418; x_wconf 93' lang='lat' dir='ltr'><strong>in</strong></span> <span class='ocrx_word' id='word_1_697' title='bbox 3190 4380 3297 4417; x_wconf 90' lang='lat' dir='ltr'><strong>una</strong></span> <span class='ocrx_word' id='word_1_698' title='bbox 3326 4379 3423 4418; x_wconf 85' lang='lat' dir='ltr'><strong>sua</strong></span> <span class='ocrx_word' id='word_1_699' title='bbox 3457 4364 3524 4416; x_wconf 85' lang='lat' dir='ltr'><strong>ad</strong></span> 
     </span>
    </p>
   </div>
   <div class='ocr_carea' id='block_1_87' title="bbox 236 4454 1850 4556">
    <p class='ocr_par' dir='ltr' id='par_1_87' title="bbox 236 4454 1827 4556">
     <span class='ocr_line' id='line_1_87' title="bbox 236 4454 1827 4556; baseline 0.008 -52"><span class='ocrx_word' id='word_1_700' title='bbox 236 4469 444 4556; x_wconf 51' lang='lat' dir='ltr'><strong>(initi):</strong></span> <span class='ocrx_word' id='word_1_701' title='bbox 491 4454 560 4508; x_wconf 86' lang='lat'><strong>&#39;0</strong></span> <span class='ocrx_word' id='word_1_702' title='bbox 608 4456 679 4509; x_wconf 80' lang='grc' dir='ltr'><strong>ἐκ</strong></span> <span class='ocrx_word' id='word_1_703' title='bbox 721 4459 871 4513; x_wconf 89' lang='grc' dir='ltr'><em>Θεοῦ</em></span> <span class='ocrx_word' id='word_1_704' title='bbox 895 4460 1128 4528; x_wconf 87' lang='grc' dir='ltr'><em>Πατρός</em></span> <span class='ocrx_word' id='word_1_705' title='bbox 1162 4463 1354 4532; x_wconf 79' lang='grc' dir='ltr'><em>Λόγος</em></span> <span class='ocrx_word' id='word_1_706' title='bbox 1398 4463 1467 4516; x_wconf 83' lang='grc' dir='ltr'><strong>ὲκ</strong></span> <span class='ocrx_word' id='word_1_707' title='bbox 1507 4460 1620 4531; x_wconf 84' lang='grc' dir='ltr'><em>τῆς</em></span> <span class='ocrx_word' id='word_1_708' title='bbox 1656 4463 1827 4533; x_wconf 77' lang='grc' dir='ltr'><em>άγιάς</em></span> 
     </span>
    </p>
   </div>
   <div class='ocr_carea' id='block_1_88' title="bbox 1928 4454 3527 4556">
    <p class='ocr_par' dir='ltr' id='par_1_88' title="bbox 1940 4454 3527 4528">
     <span class='ocr_line' id='line_1_88' title="bbox 1940 4454 3527 4528; baseline -0.004 -14"><span class='ocrx_word' id='word_1_709' title='bbox 1940 4458 2254 4514; x_wconf 87' lang='lat' dir='ltr'><strong>Nestorium</strong></span> <span class='ocrx_word' id='word_1_710' title='bbox 2280 4457 2515 4528; x_wconf 81' lang='lat' dir='ltr'><strong>epistola</strong></span> <span class='ocrx_word' id='word_1_711' title='bbox 2550 4467 2672 4527; x_wconf 91' lang='lat' dir='ltr'><strong>post</strong></span> <span class='ocrx_word' id='word_1_712' title='bbox 2704 4456 2875 4511; x_wconf 84' lang='lat' dir='ltr'><strong>multa</strong></span> <span class='ocrx_word' id='word_1_713' title='bbox 2911 4456 3097 4511; x_wconf 90' lang='lat' dir='ltr'><strong>addit:</strong></span> <span class='ocrx_word' id='word_1_714' title='bbox 3122 4454 3206 4509; x_wconf 81' lang='lat' dir='ltr'><strong>Ea:</strong></span> <span class='ocrx_word' id='word_1_715' title='bbox 3235 4454 3344 4509; x_wconf 87' lang='lat' dir='ltr'><strong>Deo</strong></span> <span class='ocrx_word' id='word_1_716' title='bbox 3366 4454 3527 4508; x_wconf 84' lang='lat' dir='ltr'><strong>Patre</strong></span> 
     </span>
    </p>
   </div>
   <div class='ocr_carea' id='block_1_89' title="bbox 235 4543 1850 4622">
    <p class='ocr_par' dir='ltr' id='par_1_89' title="bbox 235 4543 1827 4621">
     <span class='ocr_line' id='line_1_89' title="bbox 235 4543 1827 4621; baseline 0.006 -24"><span class='ocrx_word' id='word_1_717' title='bbox 235 4543 553 4611; x_wconf 79' lang='grc' dir='ltr'><em>Παρθένου</em></span> <span class='ocrx_word' id='word_1_718' title='bbox 578 4545 736 4601; x_wconf 77' lang='grc' dir='ltr'><em>ἐστι.</em></span> <span class='ocrx_word' id='word_1_719' title='bbox 766 4549 876 4609; x_wconf 76' lang='grc' dir='ltr'><strong>Καὶ</strong></span> <span class='ocrx_word' id='word_1_720' title='bbox 906 4549 1028 4619; x_wconf 84' lang='grc' dir='ltr'><em>μετ’</em></span> <span class='ocrx_word' id='word_1_721' title='bbox 1057 4549 1218 4620; x_wconf 83' lang='grc' dir='ltr'><em>ὀλίγα</em></span> <span class='ocrx_word' id='word_1_722' title='bbox 1236 4551 1381 4615; x_wconf 76' lang='grc' dir='ltr'><em>πάνυ</em></span> <span class='ocrx_word' id='word_1_723' title='bbox 1408 4567 1423 4583; x_wconf 75' lang='grc' dir='ltr'><strong>ο</strong></span> <span class='ocrx_word' id='word_1_724' title='bbox 1455 4552 1827 4621; x_wconf 78' lang='grc' dir='ltr'><em>Γεγέννηται</em></span> 
     </span>
    </p>
   </div>
   <div class='ocr_carea' id='block_1_90' title="bbox 1928 4543 3527 4622">
    <p class='ocr_par' dir='ltr' id='par_1_90' title="bbox 1947 4548 3527 4622">
     <span class='ocr_line' id='line_1_90' title="bbox 1947 4548 3527 4622; baseline -0.003 -16"><span class='ocrx_word' id='word_1_725' title='bbox 1947 4550 2172 4608; x_wconf 83' lang='lat' dir='ltr'><strong>Verbum</strong></span> <span class='ocrx_word' id='word_1_726' title='bbox 2202 4567 2267 4608; x_wconf 80' lang='lat' dir='ltr'><strong>ea:</strong></span> <span class='ocrx_word' id='word_1_727' title='bbox 2297 4562 2486 4606; x_wconf 88' lang='lat' dir='ltr'><strong>sancta</strong></span> <span class='ocrx_word' id='word_1_728' title='bbox 2517 4551 2727 4622; x_wconf 83' lang='lat' dir='ltr'><strong>Virgine</strong></span> <span class='ocrx_word' id='word_1_729' title='bbox 2770 4561 2873 4606; x_wconf 88' lang='lat' dir='ltr'><strong>est.</strong></span> <span class='ocrx_word' id='word_1_730' title='bbox 2920 4551 2987 4606; x_wconf 88' lang='lat' dir='ltr'><strong>Et</strong></span> <span class='ocrx_word' id='word_1_731' title='bbox 3035 4548 3384 4621; x_wconf 84' lang='lat' dir='ltr'><strong>paucissimis</strong></span> <span class='ocrx_word' id='word_1_732' title='bbox 3427 4564 3527 4603; x_wconf 89' lang='lat' dir='ltr'><strong>an-</strong></span> 
     </span>
    </p>
   </div>
   <div class='ocr_carea' id='block_1_91' title="bbox 235 4635 1850 4719">
    <p class='ocr_par' dir='ltr' id='par_1_91' title="bbox 235 4635 1828 4719">
     <span class='ocr_line' id='line_1_91' title="bbox 235 4635 1828 4719; baseline 0.007 -31"><span class='ocrx_word' id='word_1_733' title='bbox 235 4637 371 4689; x_wconf 73' lang='grc' dir='ltr'><strong>καθ⁸</strong></span> <span class='ocrx_word' id='word_1_734' title='bbox 404 4635 560 4719; x_wconf 71' lang='grc' dir='ltr'><em>ἡμᾶς</em></span> <span class='ocrx_word' id='word_1_735' title='bbox 577 4637 648 4692; x_wconf 76' lang='grc' dir='ltr'><strong><em>ἐκ</em></strong></span> <span class='ocrx_word' id='word_1_736' title='bbox 671 4641 984 4707; x_wconf 78' lang='grc' dir='ltr'><em>γυναικός.</em></span> <span class='ocrx_word' id='word_1_737' title='bbox 1009 4642 1130 4703; x_wconf 76' lang='grc' dir='ltr'><strong>Καὶ·</strong></span> <span class='ocrx_word' id='word_1_738' title='bbox 1147 4641 1289 4713; x_wconf 85' lang='grc' dir='ltr'><em>μετὰ</em></span> <span class='ocrx_word' id='word_1_739' title='bbox 1317 4660 1443 4709; x_wconf 80' lang='grc' dir='ltr'><em>τινα</em></span> <span class='ocrx_word' id='word_1_740' title='bbox 1476 4643 1639 4710; x_wconf 70' lang='grc' dir='ltr'><em>πάλιν</em></span> <span class='ocrx_word' id='word_1_741' title='bbox 1661 4657 1676 4673; x_wconf 90' lang='grc'><strong>·</strong></span> <span class='ocrx_word' id='word_1_742' title='bbox 1706 4639 1828 4699; x_wconf 74' lang='grc' dir='ltr'><strong>τΗν</strong></span> 
     </span>
    </p>
   </div>
   <div class='ocr_carea' id='block_1_92' title="bbox 1928 4635 3524 4719">
    <p class='ocr_par' dir='ltr' id='par_1_92' title="bbox 1935 4641 3524 4713">
     <span class='ocr_line' id='line_1_92' title="bbox 1935 4641 3524 4713; baseline -0.002 -15"><span class='ocrx_word' id='word_1_743' title='bbox 1935 4644 2125 4699; x_wconf 78' lang='lat' dir='ltr'><strong>nexis:</strong></span> <span class='ocrx_word' id='word_1_744' title='bbox 2145 4641 2317 4698; x_wconf 79' lang='lat' dir='ltr'><strong>Natus</strong></span> <span class='ocrx_word' id='word_1_745' title='bbox 2343 4651 2419 4697; x_wconf 90' lang='lat' dir='ltr'><strong>est</strong></span> <span class='ocrx_word' id='word_1_746' title='bbox 2446 4658 2592 4713; x_wconf 67' lang='lat' dir='ltr'><strong>atque</strong></span> <span class='ocrx_word' id='word_1_747' title='bbox 2620 4653 2777 4711; x_wconf 87' lang='lat' dir='ltr'><strong>atque</strong></span> <span class='ocrx_word' id='word_1_748' title='bbox 2800 4659 2893 4696; x_wconf 87' lang='lat' dir='ltr'><strong>nos</strong></span> <span class='ocrx_word' id='word_1_749' title='bbox 2910 4658 2975 4697; x_wconf 71' lang='lat' dir='ltr'><strong>ea;</strong></span> <span class='ocrx_word' id='word_1_750' title='bbox 3012 4641 3230 4696; x_wconf 78' lang='lat' dir='ltr'><strong><em>muliere</em></strong></span> <span class='ocrx_word' id='word_1_751' title='bbox 3261 4657 3281 4697; x_wconf 91' lang='lat'><strong><em>:</em></strong></span> <span class='ocrx_word' id='word_1_752' title='bbox 3302 4656 3524 4695; x_wconf 76' lang='lat' dir='ltr'><strong>rursus-</strong></span> 
     </span>
    </p>
   </div>
   <div class='ocr_carea' id='block_1_93' title="bbox 228 4728 1850 4809">
    <p class='ocr_par' dir='ltr' id='par_1_93' title="bbox 228 4728 1831 4809">
     <span class='ocr_line' id='line_1_93' title="bbox 228 4728 1831 4809; baseline 0.006 -28"><span class='ocrx_word' id='word_1_753' title='bbox 228 4728 351 4798; x_wconf 69' lang='grc' dir='ltr'><em>,ιιὲν</em></span> <span class='ocrx_word' id='word_1_754' title='bbox 376 4729 489 4799; x_wconf 78' lang='grc' dir='ltr'><strong>γὰρ</strong></span> <span class='ocrx_word' id='word_1_755' title='bbox 519 4733 552 4783; x_wconf 85' lang='grc' dir='ltr'><em>ὁ</em></span> <span class='ocrx_word' id='word_1_756' title='bbox 586 4732 781 4800; x_wconf 75' lang='grc' dir='ltr'><em>Λόγος</em></span> <span class='ocrx_word' id='word_1_757' title='bbox 806 4732 888 4798; x_wconf 88' lang='grc' dir='ltr'><em>ὡς</em></span> <span class='ocrx_word' id='word_1_758' title='bbox 910 4733 981 4786; x_wconf 86' lang='grc' dir='ltr'><em>ἐν</em></span> <span class='ocrx_word' id='word_1_759' title='bbox 1003 4733 1132 4800; x_wconf 65' lang='grc' dir='ltr'><em>ἰδίῳ</em></span> <span class='ocrx_word' id='word_1_760' title='bbox 1163 4733 1393 4805; x_wconf 83' lang='grc' dir='ltr'><em>σώματι</em></span> <span class='ocrx_word' id='word_1_761' title='bbox 1420 4735 1501 4801; x_wconf 83' lang='grc' dir='ltr'><em>τῷ</em></span> <span class='ocrx_word' id='word_1_762' title='bbox 1522 4736 1593 4791; x_wconf 76' lang='grc' dir='ltr'><strong>ἐκ</strong></span> <span class='ocrx_word' id='word_1_763' title='bbox 1626 4753 1831 4809; x_wconf 81' lang='grc' dir='ltr'><em>γυναι-</em></span> 
     </span>
    </p>
   </div>
   <div class='ocr_carea' id='block_1_94' title="bbox 1928 4728 3526 4809">
    <p class='ocr_par' dir='ltr' id='par_1_94' title="bbox 1938 4732 3526 4808">
     <span class='ocr_line' id='line_1_94' title="bbox 1938 4732 3526 4808; baseline -0.001 -17"><span class='ocrx_word' id='word_1_764' title='bbox 1938 4751 2045 4808; x_wconf 89' lang='lat' dir='ltr'><strong>que</strong></span> <span class='ocrx_word' id='word_1_765' title='bbox 2059 4745 2184 4807; x_wconf 89' lang='lat' dir='ltr'><strong>post</strong></span> <span class='ocrx_word' id='word_1_766' title='bbox 2202 4734 2426 4791; x_wconf 86' lang='lat' dir='ltr'><strong>nonulla</strong></span> <span class='ocrx_word' id='word_1_767' title='bbox 2446 4752 2462 4793; x_wconf 87' lang='lat'><strong>:</strong></span> <span class='ocrx_word' id='word_1_768' title='bbox 2484 4732 2622 4790; x_wconf 86' lang='lat' dir='ltr'><strong>Erat</strong></span> <span class='ocrx_word' id='word_1_769' title='bbox 2644 4736 2783 4792; x_wconf 89' lang='lat' dir='ltr'><strong>enim</strong></span> <span class='ocrx_word' id='word_1_770' title='bbox 2804 4734 3024 4790; x_wconf 85' lang='lat' dir='ltr'><strong><em>Verbum</em></strong></span> <span class='ocrx_word' id='word_1_771' title='bbox 3047 4735 3101 4789; x_wconf 86' lang='lat' dir='ltr'><strong>in</strong></span> <span class='ocrx_word' id='word_1_772' title='bbox 3116 4737 3328 4805; x_wconf 90' lang='lat' dir='ltr'><strong>proprio</strong></span> <span class='ocrx_word' id='word_1_773' title='bbox 3347 4751 3526 4805; x_wconf 87' lang='lat' dir='ltr'><strong>corpo-</strong></span> 
     </span>
    </p>
   </div>
   <div class='ocr_carea' id='block_1_95' title="bbox 234 4820 1850 4900">
    <p class='ocr_par' dir='ltr' id='par_1_95' title="bbox 234 4820 1832 4900">
     <span class='ocr_line' id='line_1_95' title="bbox 234 4820 1832 4900; baseline 0.007 -26"><span class='ocrx_word' id='word_1_774' title='bbox 234 4822 346 4888; x_wconf 84' lang='grc' dir='ltr'><em>κός</em></span> <span class='ocrx_word' id='word_1_775' title='bbox 364 4836 380 4852; x_wconf 91' lang='grc'><strong>·</strong></span> <span class='ocrx_word' id='word_1_776' title='bbox 414 4820 618 4881; x_wconf 78' lang='grc' dir='ltr'><strong>ἐδίδου</strong></span> <span class='ocrx_word' id='word_1_777' title='bbox 642 4823 711 4877; x_wconf 78' lang='grc' dir='ltr'><em>δὲ</em></span> <span class='ocrx_word' id='word_1_778' title='bbox 732 4824 881 4879; x_wconf 84' lang='grc' dir='ltr'><em>αὐτὸ</em></span> <span class='ocrx_word' id='word_1_779' title='bbox 905 4825 987 4891; x_wconf 82' lang='grc' dir='ltr'><em>τῷ</em></span> <span class='ocrx_word' id='word_1_780' title='bbox 1021 4826 1260 4893; x_wconf 85' lang='grc' dir='ltr'><em>θανάτῳ</em></span> <span class='ocrx_word' id='word_1_781' title='bbox 1288 4832 1442 4895; x_wconf 81' lang='grc' dir='ltr'><em>κατὰ</em></span> <span class='ocrx_word' id='word_1_782' title='bbox 1467 4833 1697 4900; x_wconf 83' lang='grc' dir='ltr'><em>καιρόν.</em></span> <span class='ocrx_word' id='word_1_783' title='bbox 1743 4829 1832 4885; x_wconf 86' lang='grc' dir='ltr'><em>Ἐν</em></span> 
     </span>
    </p>
   </div>
   <div class='ocr_carea' id='block_1_96' title="bbox 1928 4820 3528 4900">
    <p class='ocr_par' dir='ltr' id='par_1_96' title="bbox 1940 4828 3528 4900">
     <span class='ocr_line' id='line_1_96' title="bbox 1940 4828 3528 4900; baseline -0.003 -17"><span class='ocrx_word' id='word_1_784' title='bbox 1940 4846 2016 4899; x_wconf 91' lang='lat' dir='ltr'><strong>re,</strong></span> <span class='ocrx_word' id='word_1_785' title='bbox 2046 4829 2189 4900; x_wconf 87' lang='lat' dir='ltr'><strong>quod</strong></span> <span class='ocrx_word' id='word_1_786' title='bbox 2225 4843 2290 4883; x_wconf 74' lang='lat' dir='ltr'><strong>ex</strong></span> <span class='ocrx_word' id='word_1_787' title='bbox 2326 4828 2547 4884; x_wconf 86' lang='lat' dir='ltr'><strong>muliere</strong></span> <span class='ocrx_word' id='word_1_788' title='bbox 2580 4840 2717 4893; x_wconf 87' lang='lat' dir='ltr'><strong>erat,</strong></span> <span class='ocrx_word' id='word_1_789' title='bbox 2773 4830 3015 4884; x_wconf 86' lang='lat' dir='ltr'><strong>tradebat</strong></span> <span class='ocrx_word' id='word_1_790' title='bbox 3049 4845 3169 4883; x_wconf 77' lang='lat' dir='ltr'><strong>vero</strong></span> <span class='ocrx_word' id='word_1_791' title='bbox 3200 4828 3335 4881; x_wconf 85' lang='lat' dir='ltr'><strong>illud</strong></span> <span class='ocrx_word' id='word_1_792' title='bbox 3368 4828 3528 4881; x_wconf 87' lang='lat' dir='ltr'><strong>morti</strong></span> 
     </span>
    </p>
   </div>
   <div class='ocr_carea' id='block_1_97' title="bbox 233 4907 1850 4992">
    <p class='ocr_par' dir='ltr' id='par_1_97' title="bbox 233 4907 1820 4992">
     <span class='ocr_line' id='line_1_97' title="bbox 233 4907 1820 4992; baseline 0.008 -30"><span class='ocrx_word' id='word_1_793' title='bbox 233 4909 294 4962; x_wconf 77' lang='grc' dir='ltr'><em>δὲ</em></span> <span class='ocrx_word' id='word_1_794' title='bbox 325 4907 406 4979; x_wconf 81' lang='grc' dir='ltr'><em>τῷ</em></span> <span class='ocrx_word' id='word_1_795' title='bbox 448 4911 585 4982; x_wconf 83' lang='grc' dir='ltr'><em>πρὸς</em></span> <span class='ocrx_word' id='word_1_796' title='bbox 616 4912 1007 4977; x_wconf 80' lang='grc' dir='ltr'><em>εὐσεϐέστατον</em></span> <span class='ocrx_word' id='word_1_797' title='bbox 1042 4916 1268 4986; x_wconf 79' lang='grc' dir='ltr'><em>βασιλέα</em></span> <span class='ocrx_word' id='word_1_798' title='bbox 1308 4918 1594 4983; x_wconf 85' lang='grc' dir='ltr'><em>Θεοδόσιον</em></span> <span class='ocrx_word' id='word_1_799' title='bbox 1637 4937 1820 4992; x_wconf 88' lang='grc' dir='ltr'><em>προσ-</em></span> 
     </span>
    </p>
   </div>
   <div class='ocr_carea' id='block_1_98' title="bbox 1928 4907 3523 4992">
    <p class='ocr_par' dir='ltr' id='par_1_98' title="bbox 1942 4921 3523 4992">
     <span class='ocr_line' id='line_1_98' title="bbox 1942 4921 3523 4992; baseline -0.001 -16"><span class='ocrx_word' id='word_1_800' title='bbox 1942 4924 2013 4977; x_wconf 86' lang='lat' dir='ltr'><strong><em>ad</em></strong></span> <span class='ocrx_word' id='word_1_801' title='bbox 2064 4935 2290 4992; x_wconf 86' lang='lat' dir='ltr'><strong>tempus.</strong></span> <span class='ocrx_word' id='word_1_802' title='bbox 2350 4921 2785 4991; x_wconf 87' lang='lat' dir='ltr'><strong>Prosphonetica</strong></span> <span class='ocrx_word' id='word_1_803' title='bbox 2818 4937 2950 4977; x_wconf 83' lang='lat' dir='ltr'><strong>vero</strong></span> <span class='ocrx_word' id='word_1_804' title='bbox 3005 4922 3071 4977; x_wconf 85' lang='lat' dir='ltr'><strong>ad</strong></span> <span class='ocrx_word' id='word_1_805' title='bbox 3132 4922 3523 4992; x_wconf 76' lang='lat' dir='ltr'><strong>imperatozotn</strong></span> 
     </span>
    </p>
   </div>
   <div class='ocr_carea' id='block_1_99' title="bbox 234 5000 1850 5084">
    <p class='ocr_par' dir='ltr' id='par_1_99' title="bbox 234 5001 1829 5082">
     <span class='ocr_line' id='line_1_99' title="bbox 234 5001 1829 5082; baseline 0.01 -30"><span class='ocrx_word' id='word_1_806' title='bbox 234 5001 533 5073; x_wconf 81' lang='grc' dir='ltr'><em>φωνητικῷ</em></span> <span class='ocrx_word' id='word_1_807' title='bbox 574 5003 726 5072; x_wconf 81' lang='grc' dir='ltr'><em>λέγει</em></span> <span class='ocrx_word' id='word_1_808' title='bbox 760 5006 945 5077; x_wconf 78' lang='grc' dir='ltr'><em>ῥητῶς</em></span> <span class='ocrx_word' id='word_1_809' title='bbox 978 5006 1100 5061; x_wconf 81' lang='grc' dir='ltr'><em>κατ’</em></span> <span class='ocrx_word' id='word_1_810' title='bbox 1145 5006 1419 5082; x_wconf 78' lang='grc' dir='ltr'><em>ἐρώτησιν</em></span> <span class='ocrx_word' id='word_1_811' title='bbox 1444 5027 1458 5042; x_wconf 75' lang='grc'><strong><em>⁸</em></strong></span> <span class='ocrx_word' id='word_1_812' title='bbox 1490 5012 1638 5081; x_wconf 76' lang='grc' dir='ltr'><strong>οὐχὶ</strong></span> <span class='ocrx_word' id='word_1_813' title='bbox 1665 5012 1829 5068; x_wconf 76' lang='grc' dir='ltr'><em>τετέ-</em></span> 
     </span>
    </p>
   </div>
   <div class='ocr_carea' id='block_1_100' title="bbox 1928 5000 3524 5084">
    <p class='ocr_par' dir='ltr' id='par_1_100' title="bbox 1935 5000 3524 5084">
     <span class='ocr_line' id='line_1_100' title="bbox 1935 5000 3524 5084; baseline -0.002 -16"><span class='ocrx_word' id='word_1_814' title='bbox 1935 5000 2309 5069; x_wconf 86' lang='lat' dir='ltr'><strong>Theodosium</strong></span> <span class='ocrx_word' id='word_1_815' title='bbox 2360 5013 2614 5068; x_wconf 85' lang='lat' dir='ltr'><strong>oratione</strong></span> <span class='ocrx_word' id='word_1_816' title='bbox 2644 5013 2762 5069; x_wconf 70' lang='lat' dir='ltr'><strong>hazc</strong></span> <span class='ocrx_word' id='word_1_817' title='bbox 2813 5014 2931 5084; x_wconf 89' lang='lat' dir='ltr'><strong>ipsa</strong></span> <span class='ocrx_word' id='word_1_818' title='bbox 2964 5016 3124 5070; x_wconf 84' lang='lat' dir='ltr'><strong>habet</strong></span> <span class='ocrx_word' id='word_1_819' title='bbox 3156 5014 3524 5080; x_wconf 63' lang='lat' dir='ltr'><strong>interrogans:</strong></span> 
     </span>
    </p>
   </div>
   <div class='ocr_carea' id='block_1_101' title="bbox 234 5090 1850 5170">
    <p class='ocr_par' dir='ltr' id='par_1_101' title="bbox 234 5090 1828 5170">
     <span class='ocr_line' id='line_1_101' title="bbox 234 5090 1828 5170; baseline 0.005 -22"><span class='ocrx_word' id='word_1_820' title='bbox 234 5097 379 5163; x_wconf 82' lang='grc' dir='ltr'><em>χθαι</em></span> <span class='ocrx_word' id='word_1_821' title='bbox 398 5090 600 5165; x_wconf 75' lang='grc' dir='ltr'><em>φαμὲν</em></span> <span class='ocrx_word' id='word_1_822' title='bbox 618 5096 687 5151; x_wconf 77' lang='grc' dir='ltr'><strong><em>ἐκ</em></strong></span> <span class='ocrx_word' id='word_1_823' title='bbox 716 5099 1009 5168; x_wconf 76' lang='grc' dir='ltr'><em>γυναικὸς</em></span> <span class='ocrx_word' id='word_1_824' title='bbox 1032 5100 1142 5153; x_wconf 85' lang='grc' dir='ltr'><em>τὸν</em></span> <span class='ocrx_word' id='word_1_825' title='bbox 1181 5099 1601 5169; x_wconf 74' lang='grc' dir='ltr'><em>Ἐμμανουήλς</em></span> <span class='ocrx_word' id='word_1_826' title='bbox 1630 5102 1669 5170; x_wconf 83' lang='grc' dir='ltr'><strong><em>ἣ</em></strong></span> <span class='ocrx_word' id='word_1_827' title='bbox 1698 5103 1828 5170; x_wconf 78' lang='grc' dir='ltr'><strong>πῶς</strong></span> 
     </span>
    </p>
   </div>
   <div class='ocr_carea' id='block_1_102' title="bbox 1928 5090 3528 5170">
    <p class='ocr_par' dir='ltr' id='par_1_102' title="bbox 1938 5103 3528 5160">
     <span class='ocr_line' id='line_1_102' title="bbox 1938 5103 3528 5160; baseline 0.001 -2"><span class='ocrx_word' id='word_1_828' title='bbox 1938 5103 2130 5159; x_wconf 88' lang='lat' dir='ltr'><strong>Nonne</strong></span> <span class='ocrx_word' id='word_1_829' title='bbox 2157 5114 2345 5158; x_wconf 87' lang='lat' dir='ltr'><strong>natum</strong></span> <span class='ocrx_word' id='word_1_830' title='bbox 2365 5120 2477 5158; x_wconf 89' lang='lat' dir='ltr'><strong>esse</strong></span> <span class='ocrx_word' id='word_1_831' title='bbox 2504 5103 2736 5159; x_wconf 87' lang='lat' dir='ltr'><strong>dicimus</strong></span> <span class='ocrx_word' id='word_1_832' title='bbox 2766 5120 2831 5159; x_wconf 76' lang='lat' dir='ltr'><strong>ea:</strong></span> <span class='ocrx_word' id='word_1_833' title='bbox 2856 5108 3070 5160; x_wconf 88' lang='lat' dir='ltr'><strong>muliere</strong></span> <span class='ocrx_word' id='word_1_834' title='bbox 3098 5105 3528 5160; x_wconf 58' lang='lat' dir='ltr'><strong>Emmanuelerﬂ</strong></span> 
     </span>
    </p>
   </div>
   <div class='ocr_carea' id='block_1_103' title="bbox 234 5187 1850 5265">
    <p class='ocr_par' dir='ltr' id='par_1_103' title="bbox 234 5187 1827 5260">
     <span class='ocr_line' id='line_1_103' title="bbox 234 5187 1827 5260; baseline 0.002 -19"><span class='ocrx_word' id='word_1_835' title='bbox 234 5187 622 5256; x_wconf 81' lang='grc' dir='ltr'><em>ἀναϐέϐηκεν</em></span> <span class='ocrx_word' id='word_1_836' title='bbox 642 5189 791 5243; x_wconf 73' lang='grc' dir='ltr'><em>ἔνθα</em></span> <span class='ocrx_word' id='word_1_837' title='bbox 817 5203 929 5259; x_wconf 78' lang='grc' dir='ltr'><strong>περ</strong></span> <span class='ocrx_word' id='word_1_838' title='bbox 949 5189 1111 5244; x_wconf 83' lang='grc' dir='ltr'><em>εἷναί</em></span> <span class='ocrx_word' id='word_1_839' title='bbox 1135 5206 1329 5260; x_wconf 73' lang='grc' dir='ltr'><em>φησιν</em></span> <span class='ocrx_word' id='word_1_840' title='bbox 1360 5193 1393 5245; x_wconf 84' lang='grc' dir='ltr'><strong>ό</strong></span> <span class='ocrx_word' id='word_1_841' title='bbox 1421 5191 1633 5257; x_wconf 86' lang='grc' dir='ltr'><em>αὑτός;</em></span> <span class='ocrx_word' id='word_1_842' title='bbox 1663 5192 1778 5244; x_wconf 60' lang='grc' dir='ltr'><strong>Καὶ</strong></span> <span class='ocrx_word' id='word_1_843' title='bbox 1798 5193 1827 5244; x_wconf 87' lang='grc' dir='ltr'><strong>ό</strong></span> 
     </span>
    </p>
   </div>
   <div class='ocr_carea' id='block_1_104' title="bbox 1928 5187 3527 5265">
    <p class='ocr_par' dir='ltr' id='par_1_104' title="bbox 1937 5192 3527 5265">
     <span class='ocr_line' id='line_1_104' title="bbox 1937 5192 3527 5265; baseline 0.001 -17"><span class='ocrx_word' id='word_1_844' title='bbox 1937 5202 2033 5248; x_wconf 87' lang='lat' dir='ltr'><strong>aut</strong></span> <span class='ocrx_word' id='word_1_845' title='bbox 2070 5194 2334 5264; x_wconf 83' lang='lat' dir='ltr'><strong><em>quomodo</em></strong></span> <span class='ocrx_word' id='word_1_846' title='bbox 2365 5192 2603 5247; x_wconf 87' lang='lat' dir='ltr'><strong>ascendit</strong></span> <span class='ocrx_word' id='word_1_847' title='bbox 2638 5194 2729 5247; x_wconf 90' lang='lat' dir='ltr'><strong>ubi</strong></span> <span class='ocrx_word' id='word_1_848' title='bbox 2752 5212 2861 5250; x_wconf 87' lang='lat' dir='ltr'><strong>esse</strong></span> <span class='ocrx_word' id='word_1_849' title='bbox 2895 5198 3004 5265; x_wconf 82' lang='lat' dir='ltr'><strong>ipse</strong></span> <span class='ocrx_word' id='word_1_850' title='bbox 3035 5196 3278 5250; x_wconf 84' lang='lat' dir='ltr'><strong>asserit?</strong></span> <span class='ocrx_word' id='word_1_851' title='bbox 3316 5192 3379 5246; x_wconf 79' lang='lat' dir='ltr'><strong>Et.</strong></span> <span class='ocrx_word' id='word_1_852' title='bbox 3422 5195 3527 5248; x_wconf 80' lang='lat' dir='ltr'><strong>Da-</strong></span> 
     </span>
    </p>
   </div>
   <div class='ocr_carea' id='block_1_105' title="bbox 238 5277 1850 5352">
    <p class='ocr_par' dir='ltr' id='par_1_105' title="bbox 238 5277 1829 5352">
     <span class='ocr_line' id='line_1_105' title="bbox 238 5277 1829 5352; baseline 0.003 -23"><span class='ocrx_word' id='word_1_853' title='bbox 238 5277 605 5347; x_wconf 79' lang='grc' dir='ltr'><em>Δαμασκόθεν</em></span> <span class='ocrx_word' id='word_1_854' title='bbox 638 5279 799 5351; x_wconf 65' lang='grc' dir='ltr'><em>σοφὸς</em></span> <span class='ocrx_word' id='word_1_855' title='bbox 858 5282 955 5335; x_wconf 69' lang='grc' dir='ltr'><strong>καὶ</strong></span> <span class='ocrx_word' id='word_1_856' title='bbox 983 5280 1370 5352; x_wconf 80' lang='grc' dir='ltr'><em>χαριτώνυμος</em></span> <span class='ocrx_word' id='word_1_857' title='bbox 1401 5280 1664 5351; x_wconf 80' lang='grc' dir='ltr'><em>μελῳδὸς,</em></span> <span class='ocrx_word' id='word_1_858' title='bbox 1689 5280 1829 5351; x_wconf 80' lang='grc' dir='ltr'><em>ψάλ-</em></span> 
     </span>
    </p>
   </div>
   <div class='ocr_carea' id='block_1_106' title="bbox 1928 5277 3525 5352">
    <p class='ocr_par' dir='ltr' id='par_1_106' title="bbox 1932 5281 3525 5351">
     <span class='ocr_line' id='line_1_106' title="bbox 1932 5281 3525 5351; baseline -0.002 -14"><span class='ocrx_word' id='word_1_859' title='bbox 1932 5297 2224 5338; x_wconf 86' lang='lat' dir='ltr'><strong>mascenus</strong></span> <span class='ocrx_word' id='word_1_860' title='bbox 2254 5281 2477 5351; x_wconf 85' lang='lat' dir='ltr'><strong>sapiens</strong></span> <span class='ocrx_word' id='word_1_861' title='bbox 2511 5281 2785 5350; x_wconf 88' lang='lat' dir='ltr'><strong>melodns,</strong></span> <span class='ocrx_word' id='word_1_862' title='bbox 2817 5291 2871 5337; x_wconf 89' lang='lat' dir='ltr'><strong>et</strong></span> <span class='ocrx_word' id='word_1_863' title='bbox 2896 5299 2958 5338; x_wconf 77' lang='lat' dir='ltr'><strong>ex</strong></span> <span class='ocrx_word' id='word_1_864' title='bbox 2988 5282 3161 5351; x_wconf 70' lang='lat' dir='ltr'><strong>gratia</strong></span> <span class='ocrx_word' id='word_1_865' title='bbox 3191 5297 3385 5336; x_wconf 73' lang='lat' dir='ltr'><strong>nomen</strong></span> <span class='ocrx_word' id='word_1_866' title='bbox 3421 5282 3525 5335; x_wconf 86' lang='lat' dir='ltr'><strong>sibi</strong></span> 
     </span>
    </p>
   </div>
   <div class='ocr_carea' id='block_1_107' title="bbox 239 5368 1850 5445">
    <p class='ocr_par' dir='ltr' id='par_1_107' title="bbox 239 5368 1827 5445">
     <span class='ocr_line' id='line_1_107' title="bbox 239 5368 1827 5445; baseline 0.004 -24"><span class='ocrx_word' id='word_1_867' title='bbox 239 5368 353 5422; x_wconf 88' lang='grc' dir='ltr'><strong>λων</strong></span> <span class='ocrx_word' id='word_1_868' title='bbox 382 5368 520 5438; x_wconf 74' lang='grc' dir='ltr'><em>πρὸς</em></span> <span class='ocrx_word' id='word_1_869' title='bbox 551 5371 652 5441; x_wconf 81' lang='grc' dir='ltr'><em>τὴν</em></span> <span class='ocrx_word' id='word_1_870' title='bbox 675 5371 1058 5445; x_wconf 80' lang='grc' dir='ltr'><em>πανάχραντον</em></span> <span class='ocrx_word' id='word_1_871' title='bbox 1088 5372 1324 5445; x_wconf 81' lang='grc' dir='ltr'><em>Μαριὰμ</em></span> <span class='ocrx_word' id='word_1_872' title='bbox 1350 5372 1446 5427; x_wconf 76' lang='grc' dir='ltr'><strong>ἐπὶ</strong></span> <span class='ocrx_word' id='word_1_873' title='bbox 1475 5373 1827 5443; x_wconf 81' lang='grc' dir='ltr'><em>Ἐκκλησίας,</em></span> 
     </span>
    </p>
   </div>
   <div class='ocr_carea' id='block_1_108' title="bbox 1928 5368 3525 5445">
    <p class='ocr_par' dir='ltr' id='par_1_108' title="bbox 1930 5370 3525 5441">
     <span class='ocr_line' id='line_1_108' title="bbox 1930 5370 3525 5441; baseline 0 -16"><span class='ocrx_word' id='word_1_874' title='bbox 1930 5371 2218 5426; x_wconf 79' lang='lat' dir='ltr'><strong>vindicans</strong></span> <span class='ocrx_word' id='word_1_875' title='bbox 2253 5371 2319 5425; x_wconf 85' lang='lat' dir='ltr'><strong>ad</strong></span> <span class='ocrx_word' id='word_1_876' title='bbox 2366 5370 2938 5428; x_wconf 88' lang='lat' dir='ltr'><strong>immaculatissimam</strong></span> <span class='ocrx_word' id='word_1_877' title='bbox 2992 5370 3268 5441; x_wconf 77' lang='lat' dir='ltr'><strong>Virginem</strong></span> <span class='ocrx_word' id='word_1_878' title='bbox 3304 5370 3358 5423; x_wconf 91' lang='lat' dir='ltr'><strong>in</strong></span> <span class='ocrx_word' id='word_1_879' title='bbox 3421 5370 3525 5425; x_wconf 80' lang='lat' dir='ltr'><strong>Ec-</strong></span> 
     </span>
    </p>
   </div>
   <div class='ocr_carea' id='block_1_109' title="bbox 235 5462 1850 5537">
    <p class='ocr_par' dir='ltr' id='par_1_109' title="bbox 235 5462 1829 5536">
     <span class='ocr_line' id='line_1_109' title="bbox 235 5462 1829 5536; baseline 0.002 -20"><span class='ocrx_word' id='word_1_880' title='bbox 235 5462 309 5516; x_wconf 85' lang='grc' dir='ltr'><em>δι⁹</em></span> <span class='ocrx_word' id='word_1_881' title='bbox 338 5463 499 5533; x_wconf 78' lang='grc' dir='ltr'><em>ἡμῶν</em></span> <span class='ocrx_word' id='word_1_882' title='bbox 528 5464 588 5527; x_wconf 82' lang='grc' dir='ltr'><em>ἐς</em></span> <span class='ocrx_word' id='word_1_883' title='bbox 618 5463 781 5535; x_wconf 85' lang='grc' dir='ltr'><em>δεῦρο</em></span> <span class='ocrx_word' id='word_1_884' title='bbox 813 5466 1140 5536; x_wconf 83' lang='grc' dir='ltr'><em>διαπρύσιον</em></span> <span class='ocrx_word' id='word_1_885' title='bbox 1164 5468 1437 5536; x_wconf 78' lang='grc' dir='ltr'><strong>ὲκφωνεί·</strong></span> <span class='ocrx_word' id='word_1_886' title='bbox 1474 5466 1622 5520; x_wconf 86' lang='grc' dir='ltr'><em>Θεὸν</em></span> <span class='ocrx_word' id='word_1_887' title='bbox 1657 5464 1829 5535; x_wconf 79' lang='grc' dir='ltr'><em>ἐγέν-</em></span> 
     </span>
    </p>
   </div>
   <div class='ocr_carea' id='block_1_110' title="bbox 1928 5462 3529 5537">
    <p class='ocr_par' dir='ltr' id='par_1_110' title="bbox 1933 5465 3529 5537">
     <span class='ocr_line' id='line_1_110' title="bbox 1933 5465 3529 5537; baseline -0.003 -16"><span class='ocrx_word' id='word_1_888' title='bbox 1933 5465 2101 5521; x_wconf 88' lang='lat' dir='ltr'><strong>clesia</strong></span> <span class='ocrx_word' id='word_1_889' title='bbox 2134 5465 2408 5521; x_wconf 88' lang='lat' dir='ltr'><strong>canticum</strong></span> <span class='ocrx_word' id='word_1_890' title='bbox 2434 5465 2680 5537; x_wconf 68' lang='lat' dir='ltr'><strong>dirigens</strong></span> <span class='ocrx_word' id='word_1_891' title='bbox 2716 5466 2889 5521; x_wconf 80' lang='lat' dir='ltr'><strong>nostri</strong></span> <span class='ocrx_word' id='word_1_892' title='bbox 2912 5480 3101 5530; x_wconf 83' lang='lat' dir='ltr'><strong>causa,</strong></span> <span class='ocrx_word' id='word_1_893' title='bbox 3134 5465 3201 5519; x_wconf 80' lang='lat' dir='ltr'><strong>ad</strong></span> <span class='ocrx_word' id='word_1_894' title='bbox 3239 5466 3353 5518; x_wconf 70' lang='lat' dir='ltr'><strong>hmo</strong></span> <span class='ocrx_word' id='word_1_895' title='bbox 3388 5474 3529 5519; x_wconf 84' lang='lat' dir='ltr'><strong>tem-</strong></span> 
     </span>
    </p>
   </div>
   <div class='ocr_carea' id='block_1_111' title="bbox 239 5553 1850 5631">
    <p class='ocr_par' dir='ltr' id='par_1_111' title="bbox 239 5555 1828 5631">
     <span class='ocr_line' id='line_1_111' title="bbox 239 5555 1828 5631; baseline 0.002 -21"><span class='ocrx_word' id='word_1_896' title='bbox 239 5571 466 5623; x_wconf 81' lang='grc' dir='ltr'><em>νησας,</em></span> <span class='ocrx_word' id='word_1_897' title='bbox 492 5555 687 5626; x_wconf 81' lang='grc' dir='ltr'><em>μῆτερ</em></span> <span class='ocrx_word' id='word_1_898' title='bbox 719 5558 898 5628; x_wconf 78' lang='grc' dir='ltr'><em>ἁγνὴ,</em></span> <span class='ocrx_word' id='word_1_899' title='bbox 925 5560 1398 5631; x_wconf 77' lang='grc' dir='ltr'><em>σεσαρκωμένον</em></span> <span class='ocrx_word' id='word_1_900' title='bbox 1431 5558 1500 5613; x_wconf 79' lang='grc' dir='ltr'><strong><em>ἐκ</em></strong></span> <span class='ocrx_word' id='word_1_901' title='bbox 1543 5558 1662 5615; x_wconf 93' lang='grc' dir='ltr'><strong>σοῦ</strong></span> <span class='ocrx_word' id='word_1_902' title='bbox 1697 5562 1828 5613; x_wconf 80' lang='grc' dir='ltr'><em>θεο-</em></span> 
     </span>
    </p>
   </div>
   <div class='ocr_carea' id='block_1_112' title="bbox 1928 5553 3527 5631">
    <p class='ocr_par' dir='ltr' id='par_1_112' title="bbox 1935 5553 3527 5626">
     <span class='ocr_line' id='line_1_112' title="bbox 1935 5553 3527 5626; baseline -0.003 -16"><span class='ocrx_word' id='word_1_903' title='bbox 1935 5571 2066 5625; x_wconf 88' lang='lat' dir='ltr'><strong>pora</strong></span> <span class='ocrx_word' id='word_1_904' title='bbox 2095 5570 2299 5612; x_wconf 79' lang='lat' dir='ltr'><strong>sonoro</strong></span> <span class='ocrx_word' id='word_1_905' title='bbox 2323 5556 2565 5613; x_wconf 84' lang='lat' dir='ltr'><strong>clamat:</strong></span> <span class='ocrx_word' id='word_1_906' title='bbox 2604 5556 2769 5611; x_wconf 89' lang='lat' dir='ltr'><strong><em>Deum</em></strong></span> <span class='ocrx_word' id='word_1_907' title='bbox 2815 5555 3086 5626; x_wconf 78' lang='lat' dir='ltr'><strong>peperisti.</strong></span> <span class='ocrx_word' id='word_1_908' title='bbox 3145 5567 3315 5609; x_wconf 86' lang='lat' dir='ltr'><strong>mater</strong></span> <span class='ocrx_word' id='word_1_909' title='bbox 3343 5553 3527 5606; x_wconf 80' lang='lat' dir='ltr'><strong>imma-</strong></span> 
     </span>
    </p>
   </div>
   <div class='ocr_carea' id='block_1_113' title="bbox 242 5644 1850 5722">
    <p class='ocr_par' dir='ltr' id='par_1_113' title="bbox 242 5648 1833 5722">
     <span class='ocr_line' id='line_1_113' title="bbox 242 5648 1833 5722; baseline 0.003 -21"><span class='ocrx_word' id='word_1_910' title='bbox 242 5648 518 5718; x_wconf 76' lang='grc' dir='ltr'><em>πρεπῶς,</em></span> <span class='ocrx_word' id='word_1_911' title='bbox 554 5651 934 5722; x_wconf 79' lang='grc' dir='ltr'><em>πανύμνητε.</em></span> <span class='ocrx_word' id='word_1_912' title='bbox 997 5655 1103 5708; x_wconf 71' lang='grc' dir='ltr'><strong>Καὶ</strong></span> <span class='ocrx_word' id='word_1_913' title='bbox 1133 5654 1303 5707; x_wconf 84' lang='grc' dir='ltr'><em>πολλὰ</em></span> <span class='ocrx_word' id='word_1_914' title='bbox 1341 5651 1568 5707; x_wconf 85' lang='grc' dir='ltr'><em>τοιαῦτα</em></span> <span class='ocrx_word' id='word_1_915' title='bbox 1621 5652 1833 5707; x_wconf 81' lang='grc' dir='ltr'><em>κατίδοι</em></span> 
     </span>
    </p>
   </div>
   <div class='ocr_carea' id='block_1_114' title="bbox 1928 5644 3518 5722">
    <p class='ocr_par' dir='ltr' id='par_1_114' title="bbox 1934 5644 3518 5715">
     <span class='ocr_line' id='line_1_114' title="bbox 1934 5644 3518 5715; baseline 0.001 -15"><span class='ocrx_word' id='word_1_916' title='bbox 1934 5647 2137 5715; x_wconf 86' lang='lat' dir='ltr'><strong>culata,</strong></span> <span class='ocrx_word' id='word_1_917' title='bbox 2171 5648 2515 5702; x_wconf 85' lang='lat' dir='ltr'><strong>iucarnatum</strong></span> <span class='ocrx_word' id='word_1_918' title='bbox 2547 5663 2611 5702; x_wconf 82' lang='lat' dir='ltr'><strong>ea:</strong></span> <span class='ocrx_word' id='word_1_919' title='bbox 2652 5657 2721 5715; x_wconf 86' lang='lat' dir='ltr'><strong>te,</strong></span> <span class='ocrx_word' id='word_1_920' title='bbox 2752 5648 2833 5705; x_wconf 88' lang='lat' dir='ltr'><strong>uti</strong></span> <span class='ocrx_word' id='word_1_921' title='bbox 2867 5647 3033 5703; x_wconf 79' lang='lat' dir='ltr'><strong><em>Deum</em></strong></span> <span class='ocrx_word' id='word_1_922' title='bbox 3060 5649 3297 5709; x_wconf 76' lang='lat' dir='ltr'><strong><em>adderet,</em></strong></span> <span class='ocrx_word' id='word_1_923' title='bbox 3332 5644 3518 5701; x_wconf 49' lang='lat' dir='ltr'><strong>lauda.</strong></span> 
     </span>
    </p>
   </div>
   <div class='ocr_carea' id='block_1_115' title="bbox 319 5805 1850 5881">
    <p class='ocr_par' dir='ltr' id='par_1_115' title="bbox 319 5805 1850 5881">
     <span class='ocr_line' id='line_1_115' title="bbox 319 5805 1850 5881; baseline 0.005 -18"><span class='ocrx_word' id='word_1_924' title='bbox 319 5805 539 5864; x_wconf 68' lang='lat' dir='ltr'><strong>“Joatt.</strong></span> <span class='ocrx_word' id='word_1_925' title='bbox 573 5810 730 5873; x_wconf 69' lang='lat'><strong>1,52.</strong></span> <span class='ocrx_word' id='word_1_926' title='bbox 808 5810 851 5843; x_wconf 70' lang='grc'><strong>³⁷</strong></span> <span class='ocrx_word' id='word_1_927' title='bbox 875 5813 1006 5868; x_wconf 78' lang='lat' dir='ltr'><strong>ibid.</strong></span> <span class='ocrx_word' id='word_1_928' title='bbox 1037 5814 1087 5868; x_wconf 79' lang='grc'><em>5.</em></span> <span class='ocrx_word' id='word_1_929' title='bbox 1163 5814 1247 5870; x_wconf 65' lang='grc'><strong>⁸⁸1</strong></span> <span class='ocrx_word' id='word_1_930' title='bbox 1280 5817 1405 5871; x_wconf 76' lang='lat' dir='ltr'><strong>Cor.</strong></span> <span class='ocrx_word' id='word_1_931' title='bbox 1438 5831 1471 5881; x_wconf 90' lang='lat' dir='ltr'><strong>t,</strong></span> <span class='ocrx_word' id='word_1_932' title='bbox 1501 5818 1556 5871; x_wconf 83' lang='lat'><strong>9.</strong></span> <span class='ocrx_word' id='word_1_933' title='bbox 1638 5813 1679 5845; x_wconf 57' lang='lat' dir='ltr'><strong>l&quot;</strong></span> <span class='ocrx_word' id='word_1_934' title='bbox 1703 5810 1850 5866; x_wconf 70' lang='lat' dir='ltr'><strong>Calui</strong></span> 
     </span>
    </p>
   </div>
   <div class='ocr_carea' id='block_1_116' title="bbox 1928 5805 2638 5881">
    <p class='ocr_par' dir='ltr' id='par_1_116' title="bbox 1940 5808 2638 5878">
     <span class='ocr_line' id='line_1_116' title="bbox 1940 5808 2638 5878; baseline -0.003 -14"><span class='ocrx_word' id='word_1_935' title='bbox 1940 5825 1987 5878; x_wconf 83' lang='grc' dir='ltr'><strong>ν,</strong></span> <span class='ocrx_word' id='word_1_936' title='bbox 2020 5812 2071 5865; x_wconf 89' lang='lat' dir='ltr'><strong>&#39;l.</strong></span> <span class='ocrx_word' id='word_1_937' title='bbox 2153 5813 2197 5845; x_wconf 76' lang='grc'><strong>³⁸⁸</strong></span> <span class='ocrx_word' id='word_1_938' title='bbox 2222 5813 2328 5868; x_wconf 77' lang='lat' dir='ltr'><strong>lsa.</strong></span> <span class='ocrx_word' id='word_1_939' title='bbox 2361 5826 2509 5878; x_wconf 71' lang='lat' dir='ltr'><strong>uix,</strong></span> <span class='ocrx_word' id='word_1_940' title='bbox 2555 5808 2638 5864; x_wconf 78' lang='lat' dir='ltr'><strong>l3.</strong></span> 
     </span>
    </p>
   </div>
  </div>
