3970 6408
478 314 613 376 1155

1507 316 1900 382 CONSTANT
1914 316 2023 382 [Nl
2069 315 2622 384 ΜΕΜΤΕΝΙυΤβΕ

3564 320 3671 395 1156

477 440 630 490 tiore.
653 432 797 488 Nam
838 435 921 488 lue
949 434 1229 502 dictiones,
1252 449 1344 504 per
1374 434 1666 501 mulierem,
1694 435 2064 489 transitorium

2169 436 2351 490 τινῶν
2378 435 2452 489 ἒν
2478 434 2697 502 παραδγ
2717 431 2832 502 om}
2859 430 3282 504 διορθούμενος
3309 434 3419 490 τῶν
3439 438 3676 508 οἰομένων

472 528 830 599 generationis
846 527 1167 582 intellectum
1183 536 1333 580 erant
1349 526 1731 596 signiﬁcatum
1751 543 1770 592 ,'
1798 536 1846 581 et
1864 526 1967 594 lue,
1997 542 2062 581 ea:

476 620 718 685 muliere,
751 621 1065 689 sufﬁcienter
1090 620 1369 672 declarant
1402 620 1818 673 communionem
1851 630 2062 673 natura:

475 716 668 784 genitw
697 728 817 765 cum
851 728 934 775 ea,
962 728 1078 782 qua!
1105 713 1286 781 genuit
1315 728 1333 765 :
1370 729 1473 765 non
1496 713 1634 783 quod
1656 726 1830 765 secum
1868 720 2062 781 pugnet

474 804 781 874 Apostolus,
816 804 904 858 sed
939 806 1169 859 ostendit
1210 805 1305 858 llas
1330 821 1475 859 voces
1515 804 1673 873 facile
1703 804 1803 858 sibi
1829 805 2063 859 vicissim

473 898 671 949 cedere.
725 896 791 949 Et
844 897 961 950 haec
1010 896 1229 966 quidem
1284 912 1519 966 magnus
1550 896 1809 961 Basilius,
1846 906 1900 951 et
1948 912 2061 966 per,

472 1004 594 1058 quae
618 988 1000 1043 mediationem
1034 989 1316 1057 importat,
1356 989 1515 1058 quasi
1565 988 1941 1043 transitorium
1977 989 2064 1043 in-

473 1083 637 1143 dicet,
679 1081 949 1151 agnoscit,
1005 1096 1130 1136 cum
1170 1081 1335 1135 etiam
1371 1081 1425 1135 in
1474 1082 1583 1137 illis
1615 1083 1668 1135 in
1703 1081 1905 1150 quibus
1974 1095 2062 1147 ex,

474 1175 584 1229 ullo
616 1175 777 1228 modo
837 1176 1016 1228 Ineunt
1072 1173 1273 1229 habere
1328 1189 1492 1244 posse
1553 1175 1896 1232 decernitur.
1930 1177 2064 1243 Quis

475 1282 603 1322 vero
647 1282 713 1322 ex
762 1267 890 1330 illis,
944 1266 1036 1334 qui
1097 1278 1302 1321 rectam
1365 1267 1432 1321 de
1499 1267 1754 1346 dogmate
1820 1271 2064 1325 sentien-

475 1371 584 1415 tem
667 1360 833 1412 vitam
884 1360 1085 1413 ducere
1137 1357 1242 1412 sibi
1308 1368 1735 1427 proposuerunt,
1808 1362 2067 1417 transito-

478 1455 615 1504 riam
673 1462 902 1518 prorsus
969 1447 1211 1517 Spiritus
1294 1448 1469 1503 sancti
1538 1451 1912 1505 exsistentiam
1969 1467 2066 1521 per

477 1541 829 1612 Uuigenitum
877 1549 1079 1605 teneat,
1116 1539 1253 1595 adeo
1293 1550 1353 1596 ut
1400 1540 1526 1595 inde
1585 1541 1674 1595 hic
1731 1541 2065 1612 intelligatur

475 1635 617 1690 male
674 1633 900 1697 deforis,
930 1644 983 1688 et
1025 1633 1078 1687 in
1134 1633 1374 1703 aliquem
1433 1632 1726 1689 ministerii
1780 1650 1939 1690 usum
1983 1634 2067 1690 ina

475 1727 767 1781 tromissus
796 1733 846 1779 et
882 1739 992 1777 non
1044 1724 1371 1778 naturaliter
1399 1738 1633 1794 vereque
1683 1732 1738 1779 et
1789 1725 2063 1781 essentia-

473 1820 595 1873 liter
646 1816 938 1884 medians;
997 1815 1234 1884 Spiritus
1290 1829 1422 1871 vero
1483 1825 1714 1873 sanctus
1774 1818 1852 1874 illi
1888 1818 2066 1874 Patri-

477 1925 585 1979 que
619 1907 966 1978 -peregrinus
1033 1913 1089 1960 et
1156 1919 1386 1975 prorsus
1436 1904 1695 1961 alienus?
1730 1905 1856 1961 Haec
1916 1906 2062 1961 enim

474 2001 629 2071 sequi
686 2000 778 2053 illo
822 1997 985 2052 modo
1031 2011 1256 2051 necesse
1307 2005 1431 2061 est;
1465 2012 1588 2064 quae
1640 2006 1900 2052 extremae
1965 1998 2066 2052 im-

476 2093 697 2164 pietatis
735 2092 894 2161 plena
946 2088 1114 2144 Arius
1167 2086 1298 2142 olim
1371 2098 1425 2140 et
1464 2086 1814 2144 Macedonius
1863 2089 2064 2145 verita-

475 2188 547 2242 tis
596 2186 755 2254 plane
804 2184 1011 2245 hostes,
1057 2193 1161 2235 suo
1219 2177 1461 2248 quisque
1547 2187 1795 2247 tempore
1848 2178 1899 2231 iu
1969 2194 2064 2232 cx-

478 2274 730 2332 secrandi
759 2271 943 2326 cordis
977 2266 1255 2340 profundo
1284 2266 1642 2335 conligentes,
1683 2265 1864 2334 palam
1898 2266 2063 2320 etiam

476 2381 751 2433 eructarc,
813 2367 916 2421 heu
980 2360 1385 2418 intolerandam
1444 2359 1882 2429 impudentiam!
1945 2359 2063 2412 ausi

478 2470 632 2523 sunt.
676 2473 777 2531 pro
827 2457 1031 2528 quibus
1081 2451 1411 2524 perditionis
1439 2450 1560 2517 lilii,
1593 2466 1621 2503 a
1659 2449 1865 2505 sanctis
1895 2449 2068 2504 Patri-

450 2553 599 2616 .bus,
631 2552 724 2621 qui
749 2548 901 2618 prius
930 2545 1127 2601 Nicaeae
1157 2543 1333 2600 coacti
1367 2552 1516 2606 sunt,
1545 2552 1600 2598 et
1633 2543 1729 2612 qui
1765 2543 1818 2595 in
1854 2543 2068 2596 haere-

474 2645 565 2716 gia
610 2642 747 2698 urbe
796 2639 1096 2697 secundam
1133 2636 1404 2708 synodum
1438 2635 1806 2699 celebrarunt,
1836 2633 2064 2687 anathe—

479 2745 624 2791 mate
656 2734 897 2794 subacti.
940 2729 1178 2787 ﬂammis
1208 2742 1491 2797 nunquam
1541 2725 1922 2779 deﬁcientibus
1954 2732 2065 2777 tra-

479 2827 578 2884 diti
632 2836 782 2882 sunt.
815 2825 952 2891 Quis
997 2824 1185 2892 itaque
1220 2822 1359 2876 adeo
1404 2819 1580 2872 audax
1626 2816 1812 2879 fuerit,
1861 2824 1919 2869 ut
1952 2815 2067 2869 hinc

480 2922 549 2976 ab
582 2935 648 2975 eo
702 2929 949 2987 tempore
983 2914 1202 2986 penitus
1253 2912 1503 2967 vacantia
1555 2910 1719 2964 simili
1776 2909 1937 2963 modo
1984 2910 2064 2960 in-

480 3026 681 3067 novare
706 3014 1018 3080 praesumat,
1040 3004 1180 3060 circa
1205 3003 1410 3061 cultum
1431 3002 1717 3069 aberrans,
1750 3001 1830 3055 vel
1848 2999 2063 3071 propria

2166 528 2580 598 πνευματικὸν
2603 522 2760 580 εἷναι
2776 525 2883 581 τοῦ
2909 526 3130 598 Κυρίου
3150 525 3215 579 τὸ
3230 524 3413 597 σῶμα,
3435 531 3526 585 ἵνα
3542 532 3676 606 δείξῃ

2165 622 2255 673 ὅτι
2295 620 2364 674 ἐκ
2405 619 2514 673 τοῦ
2575 618 2951 687 ἀνθρωπείου
2995 616 3337 687 φυράματος
3377 621 3412 689 ἡ
3440 626 3679 695 θεοφόρος

2164 711 2324 779 σὰρξ
2379 710 2724 781 συνεπάγη,
2796 709 2913 778 τὴν
2960 709 3465 781 ἐκφαντικωτέραν
3511 720 3684 785 φωνὴν

2170 802 2587 872 προετίμησεν.
2616 803 2688 856 Τὸ
2704 800 2821 871 μὲν
2840 800 2948 871 γὰρ
2971 801 3071 855 διὰ
3097 803 3376 872 γυναικὸς
3393 807 3685 877 παροδικὴι·

2163 895 2386 963 ἔμελλε
2413 893 2529 963 τὴν
2548 894 2795 949 ἔννοιαν
2820 890 2932 964 τῆς
2955 893 3247 964 γενέσεως
3264 896 3378 948 ὑπο
3383 899 3611 967 φαίνειν,
3632 903 3684 957 τὸ

2164 986 2233 1039 δὲ
2267 988 2336 1064 ἐκ
2369 970 2480 1056 τῆς
2504 986 2793 1056 γυναικὸς
2815 984 3037 1051 ἱκανῶς
3064 986 3450 1054 παραδηλοῦν
3473 989 3575 1057 τὴν
3592 1007 3667 1044 not

2165 1079 2397 1131 γωνίαν
2438 1077 2553 1146 τῆς
2596 1079 2841 1149 φύσεως
2886 1077 2992 1132 τοῦ
3037 1078 3384 1147 τικτομένου
3426 1080 3560 1148 πρὸς
3596 1082 3689 1150 τὴν

2165 1169 2600 1237 γεννήσασαν·
2636 1172 2748 1239 οὐχ
2782 1169 2974 1236 ἐαυτῷ
3012 1185 3133 1224 που
3172 1171 3522 1239 μαχόμενοςς
3557 1174 3688 1228 ἀλλὰ

2166 1259 2417 1327 δεικνὺς
2447 1262 2537 1315 ὅτι
2557 1261 2785 1329 ῥᾳδίως
2806 1260 3107 1328 ἀλλήλαις
3130 1250 3688 1334 ἆντεστιχωριὰζουσιν

2164 1356 2224 1407 al
2244 1354 2459 1424 φωναί.
2488 1353 2726 1405 Τοιαῦτα
2749 1353 2847 1423 μὲν
2870 1355 2896 1407 6
2920 1355 3096 1425 μέγας
3124 1340 3419 1418 Βασίλειος.
3444 1358 3529 1409 καὶ
3548 1355 3686 1418 οὕτως

2167 1446 2484 1517 ἐκδέχεσθαι
2511 1445 2609 1517 τὴν
2630 1445 2728 1499 διὰ
2749 1446 2890 1500 κατὰ
2910 1446 3191 1517 μεσιτείαν
3207 1446 3535 1516 διαγινώσκει
3552 1464 3691 1517 παρο-

2168 1535 2364 1602 δικῶς,
2389 1537 2550 1607 ἡνίκα
2572 1540 2665 1590 καὶ
2683 1537 2769 1607 ἐφ’
2791 1531 2871 1599 οἷς
2887 1536 3131 1606 δηλονότι
3157 1537 3498 1609 μηδοπωσοῦν
3519 1539 3640 1608 ἔχειν
3663 1541 3687 1609 ἠ

2164 1624 2233 1678 ὲκ
2261 1624 2448 1695 χώραν
2464 1623 2755 1694 ἔγνωσται.
2782 1625 2879 1686 Τίς
2899 1625 2957 1679 δὲ
2981 1624 3090 1679 τῶν
3115 1626 3406 1697 ὀρθοδόξως
3428 1626 3519 1699 ζῇν
3543 1631 3691 1699 αἱρου-

2170 1717 2346 1788 μένων
2380 1716 2683 1786 παροδικὴν
2712 1716 2850 1781 ὅλως
2897 1716 3200 1789 ὀφθήσεται
3229 1716 3322 1772 τοῦ
3361 1720 3506 1786 ἁγίου
3555 1720 3692 1773 Πνιύι

2180 1823 2351 1876 ματος
2384 1805 2703 1879 πρεσϐεύων
2726 1807 2827 1875 τὴν
2857 1805 3095 1877 ὓπαρξιν
3138 1805 3231 1862 διὰ
3257 1808 3352 1862 τοῦ
3380 1810 3690 1878 Μονογενούς,

2165 1897 2242 1961 ὡς
2292 1897 2546 1951 ἐντεῦθεν
2576 1899 2768 1952 τοῦτον
2806 1898 2907 1968 μὲν
2931 1899 3173 1953 νοεῖσθαι
3207 1900 3387 1966 κακῶς
3415 1901 3593 1968 ἔξωθεν
3620 1901 3694 1956 καὶ

2167 1989 2294 2044 καθ’
2351 1991 2657 2061 ὑπουργίαν
2708 1991 2832 2045 τινὰ
2884 1976 3474 2062 παραλαμϐανόμενον,
3523 1980 3690 2046 ἀλλὀὐ

2169 2081 2419 2150 φυσικῶς
2443 2081 2523 2151 τῷ
2575 2080 2690 2134 ὄντι
2740 2081 3097 2152 μεσιτεύοντα
3131 2082 3230 2136 καὶ
3258 2083 3551 2146 οὐσιωδῶςο
3578 2084 3628 2136 τὸ
3649 2082 3692 2134 δὲ

2170 2173 2397 2241 Πνεῦμα
2421 2173 2482 2225 sb
2516 2172 2673 2243 ἆγιον
2699 2170 2866 2226 αὐτοῦ
2897 2190 2956 2226 τε
2983 2174 3079 2228 καὶ
3112 2172 3210 2228 τοῦ
3241 2175 3446 2244 [ἰατρὸς
3467 2173 3691 2239 ἀπεξεκιω-

2170 2266 2332 2334 μένον
2355 2264 2637 2327 παντελῶς
2653 2266 2748 2318 καὶ
2772 2265 3052 2334 ἀλλότριον
3068 2283 3083 2333 ;
3104 2266 3295 2319 Ταῦτα
3310 2267 3414 2336 γὰρ
3431 2267 3691 2335 ἐπάναγκες

2169 2359 2394 2419 ἐκείνως
2424 2356 2762 2424 ἀκολουθεῖν,
2806 2356 2951 2428 άπερ
2980 2355 3081 2426 τῆς
3119 2356 3360 2428 ἐσχάτης
3405 2357 3690 2425 τυγχάνοντα

2165 2449 2489 2511 δυσσεϐείας
2526 2449 2748 2519 ’Ἄρειος
2788 2448 2959 2501 πάλαι
3012 2448 3103 2500 καὶ
3164 2448 3510 2514 Μακεδόνιος,
3540 2448 3583 2501 oi
3619 2446 3691 2516 τῆς

2167 2540 2428 2612 ἀληθείας
2451 2539 2620 2603 ὄντως
2645 2538 2852 2611 ἐχθροὶ,
2878 2538 3023 2593 κατὰ
3041 2542 3131 2594 τὸν
3149 2540 3352 2594 οἰκεῖον
3373 2541 3583 2602 ἕκαστος
3606 2554 3695 2590 και-

2180 2632 2271 2702 ρὸν
2308 2635 2367 2686 ἐν
2399 2632 2474 2699 τῷ
2504 2632 2658 2703 βάθει
2696 2631 3036 2702 πλασάμενοι
3096 2634 3200 2703 τῆς
3233 2634 3487 2705 βδελυρᾶς
3514 2630 3694 2700 καρδίας

2169 2725 2375 2793 αὐτῶν,
2406 2725 2502 2779 καὶ
2548 2724 2798 2794 φανερῶς
2828 2724 3270 2794 άπερεύξασθαι,
3306 2726 3406 2794 φεύ
3454 2724 3545 2795 τῆς
3577 2724 3697 2776 άναι·

2169 2818 2428 2888 σχυντίας
2459 2817 2556 2887 τῆς
2578 2815 2806 2885 πολλῆςι
2836 2817 3283 2887 κατετόλμησαν,
3316 2816 3429 2871 ἀνθ’
3453 2808 3523 2870 ὧν
3561 2816 3602 2867 οἱ
3625 2816 3699 2879 τῆς

2168 2910 2443 2972 ἀπωλείας
2480 2909 2586 2962 υίοὶ
2620 2908 2717 2964 καὶ
2759 2908 2897 2978 πρὸς
2930 2907 3040 2962 τῶν
3073 2909 3241 2963 θείων
3274 2910 3521 2981 Πατέρων
3546 2907 3634 2961 τῶν
3653 2920 3697 2957 τι

2170 3004 2310 3059 κατὰ
2340 3000 2573 3056 Νίκαιαν
2610 2999 3111 3070 συναθροισθέντων
3140 3001 3203 3055 sb
3231 3003 3384 3072 πρὶν,
3427 3002 3512 3055 καὶ
3526 2996 3631 3061 ,τῶν
3653 2997 3697 3048 ἑν

480 3104 779 3167 sententia,
809 3100 892 3156 vel
925 3100 1143 3155 illorum
1185 3097 1684 3153 haeresiarcbarum
1717 3095 1878 3165 nugis
1910 3093 2065 3147 abre—

2169 3093 2291 3165 τῇδε
2322 3096 2388 3165 τῇ
2426 3091 2791 3163 βασιλευούσῃ
2822 3090 2932 3144 τῶν
2963 3092 3174 3146 πόλεων
3213 3091 3309 3163 τὴν
3331 3091 3574 3160 δευτέραν
3592 3103 3698 3152 our-

480 3197 651 3267 ptus?
684 3196 851 3251 Plane
884 3192 1089 3257 nullus,
1124 3191 1250 3245 licet
1287 3190 1340 3243 in
1373 3188 1734 3260 improbitatis
1770 3199 2049 3241 sutmnum

480 3286 782 3352 devenerit,
826 3300 1003 3354 neque
1035 3283 1140 3338 hoc
1174 3291 1439 3350 tempore,
1480 3294 1657 3348 neque
1691 3278 1744 3331 in
1782 3286 2063 3347 posterum

468 3379 806 3451 reperietur,
839 3377 930 3447 qui
978 3390 1007 3429 a
1064 3381 1144 3427 tot
1203 3373 1482 3442 tantisque
1537 3369 1877 3440 spiritalibus
1927 3377 1981 3423 et
2035 3384 2066 3424 a

483 3471 595 3526 Deo
638 3467 852 3527 edoctis
899 3464 1154 3520 Patribus
1209 3461 1389 3532 palam
1442 3460 1771 3531 publiceque
1808 3456 2068 3514 condent-

484 3572 611 3617 nata
670 3558 1013 3629 impudenter
1061 3554 1405 3627 proﬁteatur,
1455 3552 1574 3608 sive
1630 3566 1693 3604 ea
1733 3567 1795 3605 ex
1832 3551 2068 3621 propriis

483 3662 666 3711 mente
702 3653 965 3705 aberrans
1004 3657 1059 3703 et
1095 3645 1386 3702 temeraria
1428 3642 1767 3713 concipiens,
1824 3642 1942 3697 sive
1975 3654 2068 3696 eo-

485 3761 607 3799 rum
638 3745 803 3799 stulta
837 3740 1196 3811 loquacitate,
1236 3753 1377 3808 quos
1408 3750 1575 3806 supra
1611 3734 2072 3789 commemoravi-

486 3854 632 3900 mus,
664 3837 951 3905 deceptus.
1006 3832 1145 3887 Cum
1196 3831 1441 3884 omnium
1483 3827 1942 3881 absurdissimum
1978 3825 2067 3892 sit,

486 3931 542 3984 in
573 3930 773 3999 quibus
799 3924 1047 3980 veritatis
1080 3937 1361 3994 praecones
1390 3918 1785 3975 certaminibus
1812 3916 2070 3986 frequen-

2168 3187 2562 3258 κρατησάντων
2609 3182 2827 3237 σύνοδον
2869 3184 3176 3254 ἀναθέματι
3214 3181 3695 3252 καθυποϐληθέντες.

2167 3280 2245 3350 τῷ
2294 3276 2501 3348 αίωνίῳ
2533 3275 2672 3347 πυρὶ
2726 3273 3130 3346 παρεδόθησαν.
3195 3274 3291 3340 Τίς
3340 3276 3512 3330 τοίνυν
3545 3271 3696 3324 έκτοττ

2169 3368 2588 3440 καταργηθέντα
2622 3368 2684 3420 sb
2704 3366 2888 3420 τέλεον
2918 3366 3293 3438 τοιουτρόπως
3336 3360 3698 3420 ἀνανεώσασθαι

2167 3463 2343 3518 ταῦτα
2376 3462 2602 3529 θρασὺς,
2647 3459 2742 3514 ἅτε
2774 3460 2840 3529 δὴ
2866 3457 2997 3529 περὶ
3029 3458 3090 3510 τὸ
3137 3458 3304 3521 σέόας
3338 3458 3435 3511 οὐκ
3462 3455 3604 3516 εὐθὺς
3636 3448 3696 3502 oi-

2171 3552 2329 3607 κοθεν
2374 3555 2475 3620 τὴν
2522 3550 2751 3622 γνώμην
2788 3547 3171 3618 δεικνύμενος,
3199 3549 3234 3620 ἢ
3285 3548 3379 3602 καὶ
3408 3548 3520 3609 ταῖς
3553 3542 3698 3598 ἀδολεσ

2173 3645 2355 3717 σχίαις
2383 3645 2493 3698 τῶν
2518 3644 2894 3715 αίρεσιαρχῶν
2926 3643 3156 3697 ἐκείνων
3194 3641 3525 3714 παρασυρείς
3546 3655 3561 3706 ;
3586 3638 3673 3693 Πάν

2170 3753 2277 3799 τως
2299 3736 2473 3798 οὐδεὶς
2500 3736 2637 3805 πρὸς
2664 3736 2724 3788 sb
2748 3736 2847 3803 τῆς
2871 3733 3341 3804 κακίας¹άτεχνῶς
3363 3734 3547 3790 ἐλάσας
3568 3726 3689 3798 dupe

2171 3828 2487 3897 τατον,οὺχ
2538 3829 2730 3897 ὁρᾶται
2790 3826 2928 3897 πρὸς
3003 3827 3066 3879 sb
3128 3827 3328 3897 παρὸν,
3384 3827 3443 3879 ού
3494 3823 3702 3892 φανεῖται

2178 3917 2535 3988 μεθύστερον»
2576 3917 2634 3981 ὃς
2661 3916 3021 3987 εὑρεθήσεται
3049 3916 3116 3970 τὰ
3150 3917 3306 3987 παρὰ
3325 3915 3577 3971 τοσούτων
3593 3904 3701 3981 ὁμοῦ

487 4020 635 4073 tibus
666 4030 907 4073 errorem
944 4013 1299 4082 depellentes,
1357 4024 1554 4065 sanum
1583 4008 1777 4078 dogma
1811 4006 2065 4061 decreve-

2176 4007 2272 4062 καὶ
2303 4007 2561 4062 τοιούτων
2594 4010 2914 4079 περιφανῶς
2943 4008 3315 4081 ,ἐληλεγμένα
3367 4000 3703 4076 πνευματικῶν

488 4119 636 4176 runt,
670 4111 725 4163 in
762 4108 830 4162 iis
880 4106 1023 4160 inter
1053 4118 1245 4158 omnes
1299 4116 1466 4156 unum
1498 4100 1737 4170 aliquem
1769 4098 2065 4168 quomodo-

2182 4100 2276 4153 καὶ
2330 4099 2606 4168 θεοσὸφων
2675 4099 2885 4171 ἀνδρῶν
2943 4100 3141 4168 ἀνέδην
3169 4099 3405 4171 φρονῶν,
3458 4096 3560 4151 εῐτε
3602 4087 3704 4160 περὶ

487 4215 704 4269 cunque
733 4207 915 4253 mente
960 4195 1212 4252 delirare.
1248 4194 1355 4250 Sed
1387 4209 1521 4250 sane
1546 4210 1656 4250 non
1690 4203 1798 4258 est,
1832 4194 1922 4265 qui
1956 4193 2065 4248 haec

2176 4189 2384 4244 τούτων
2407 4188 2501 4259 ἀφ’
2534 4188 2733 4244 ἑαυτοῦ
2767 4190 2913 4243 κατὰ
2953 4191 3160 4258 γνῶσιν
3204 4189 3477 4258 ἐπισφαλῆ
3519 4184 3605 4241 καὶ
3626 4196 3704 4252 μα·

490 4292 575 4345 vel
607 4297 790 4345 mente
825 4286 1162 4356 conceperit,
1193 4292 1405 4340 tantum
1433 4286 1608 4351 abest,
1647 4295 1707 4338 ut
1737 4283 1950 4349 credat,
1981 4296 2065 4338 ne«

2179 4279 2338 4334 ταίαν
2362 4279 2622 4344 επιεικῶς
2644 4281 3027 4350 λογισάμενος,
3052 4283 3163 4336 εἴτε
3192 4284 3300 4355 μὴν
3320 4283 3413 4338 καὶ
3427 4282 3520 4345 τὰς
3539 4276 3705 4350 φρένας

492 4397 601 4451 que
636 4379 859 4435 futurus
885 4386 968 4433 est
997 4391 1260 4447 unquam,
1293 4376 1388 4446 qui
1419 4377 1622 4432 similia
1656 4376 1949 4445 concipiet.

2178 4372 2255 4436 ὡς
2285 4371 2502 4443 ἀληθῶς
2533 4374 2653 4437 ταῖς
2678 4374 3039 4443 κενοφωνίαις
3058 4373 3167 4427 τῶν
3186 4375 3570 4446 διαληφθέντων
3594 4371 3704 4424 ἀπα·

484 4478 703 4532 τεὼνων
758 4473 1006 4537 κλαπείς.
1100 4471 1362 4542 Ἐπείπερ
1422 4475 1517 4524 καὶ
1580 4471 1690 4524 τῶν
1743 4469 2090 4523 παντάπασιν
2128 4466 2523 4532 ἀτοπωτάτων,
2553 4469 2611 4520 ὲν
2638 4461 2719 4531 οἷς
2748 4466 2800 4519 οί
2827 4466 2930 4537 τῆς
2986 4468 3249 4539 ἀληθείας
3313 4472 3541 4541 κήρυκες
3564 4462 3704 4533 ἀγῶσι

487 4569 960 4642 περιτρεψάμενοι
989 4567 1088 4637 τὴν
1113 4565 1325 4635 πλάνην
1351 4567 1591 4635 συχνοῖς,
1619 4563 1680 4617 sb
1713 4562 1810 4615 τοῦ
1851 4562 2125 4633 δόγματος
2153 4558 2315 4630 ὀρθὸν
2387 4558 2783 4630 ἐπεκύρωσαν,
2847 4560 2906 4612 ὲν
2975 4561 3192 4626 τούτοις
3243 4563 3367 4617 τινὰ
3441 4560 3541 4614 τῶν
3568 4553 3705 4611 dedit.

485 4684 597 4720 των
627 4664 985 4733 ὁπωσδήποτε
1020 4661 1349 4731 σαλευθῆναι
1385 4658 1479 4712 τὸν
1509 4657 1658 4713 νοῦν.
1700 4659 1864 4712 Ἀλλὰ
1934 4656 2113 4711 ταῦτα
2152 4655 2252 4726 μὲν
2280 4653 2383 4713 οὐκ
2438 4652 2591 4707 εστιν
2618 4652 2732 4707 οὐδ’
2793 4654 2822 4707 ὁ
2852 4651 3302 4725 διανοησόμενος,
3339 4654 3415 4727 μή
3441 4653 3520 4708 τοί
3547 4666 3602 4722 γε
3627 4664 3704 4703 και

490 4756 673 4818 basta:
699 4755 936 4826 φρονῶν,
971 4753 1082 4807 οὐδ’
1119 4754 1323 4808 ὲσεῖται
1349 4752 1412 4807 τὸ
1445 4753 1713 4822 παράπαν
1739 4754 1767 4806 ὁ
1795 4750 2238 4822 διανοησόμενος.
3651 4755 3661 4769 '

558 4850 614 4906 6.
642 4848 781 4904 Sunt
822 4863 988 4919 porro
1016 4848 1271 4903 nonnulli
1305 4849 1358 4903 in
1391 4848 1673 4918 praesenti,
1698 4847 1796 4917 qui
1843 4846 2065 4917 sapien-

2251 4841 2329 4909 ς’.
2391 4842 2516 4899 Εἰσὶ
2560 4842 2607 4898 δ’
2639 4842 2771 4898 ένιοι
2799 4843 2910 4899 τῶν
2960 4844 3056 4900 ἐπὶ
3086 4846 3250 4919 σοφίᾳ
3297 4845 3366 4900 τὰ
3402 4844 3608 4915 μέγιστα
3635 4851 3703 4891 σε·

488 4945 563 4999 tia
588 4939 1133 5011 magniﬁcentissime
1175 4938 1523 5011 gloriantur,
1570 4948 1627 4995 et
1673 4947 1861 4995 nostra
1892 4938 2065 4996 deleu-

2183 4938 2537 5010 μνυνομένων
2568 4936 2639 4994 τὰ
2666 4936 2782 5007 νῦν,
2813 4938 2861 4991 oi
2886 4937 3107 4993 καὶτῶν
3133 4938 3275 5009 ὑπὲρ
3307 4939 3448 5008 ἡμᾶς
3471 4933 3704 4990 δοκοῦντες

489 5032 747 5089 dentibus
773 5045 883 5103 pra:
905 5046 964 5086 se
985 5028 1171 5085 ferunt
1216 5030 1361 5101 apud
1412 5046 1544 5087 suos
1571 5030 1816 5086 doctrina
1858 5039 1914 5086 et
1950 5047 2065 5087 cru~

2182 5032 2312 5101 παρ’
2345 5031 2561 5094 ἑαυτοῖς
2612 5031 3003 5102 ἐπιστήμονες,
3036 5030 3087 5085 οἳ
3134 5030 3196 5085 sb
3241 5030 3457 5101 Πνεῦμα
3484 5027 3540 5080 sb
3581 5024 3703 5089 ἅγιον

490 5127 722 5191 unione,
747 5125 802 5179 bi
846 5123 1112 5195 Spiritum
1143 5132 1395 5179 sanctum
1435 5124 1705 5180 exsistere
1738 5140 1834 5195 per
1866 5125 2065 5197 Unige-

2180 5124 2453 5195 ὑπάρχειν
2481 5124 2570 5177 διὰ
2599 5122 2694 5176 τοῦ
2721 5123 3064 5191 Μονογενοῦς
3101 5119 3573 5193 καθομολογοῦντες
3602 5127 3699 5179 τρα-

494 5221 666 5273 nitum
698 5219 876 5287 palam
919 5217 1265 5281 conﬁtentes,
1319 5217 1431 5285 jam
1474 5217 1702 5271 recitata
1749 5232 1907 5286 atque
1940 5233 2005 5272 ac
2026 5219 2065 5273 si

2177 5215 2305 5279 νῶς,
2339 5216 2408 5267 τὰ
2445 5213 2680 5285 ρηθέντα
2731 5214 2828 5282 μὲν
2861 5213 2936 5277 ὡς
2977 5213 3325 5284 βλασφημίας
3361 5211 3594 5265 ἐπέκεινα
3621 5199 3700 5253 πά·

493 5310 859 5381 blaspltemias
921 5325 1111 5365 omnes
1157 5319 1511 5379 exsuperent,
1566 5310 1745 5365 modis
1815 5313 2065 5365 outnibus

2179 5323 2276 5375 σης
2313 5307 2510 5374 ἐπίσης
2556 5307 2653 5359 καὶ
2693 5307 2848 5359 αὐτοὶ
2891 5310 3000 5369 τοῖς
3038 5308 3175 5371 ὅλοις
3227 5306 3562 5374 ἐκφεύγουσι·
3594 5292 3701 5357 πλὴν

492 5413 792 5473 pet-negant
837 5418 852 5468 ;
891 5417 992 5456 nec
1021 5403 1183 5456 etiam
1219 5402 1539 5465 admittunt,
1566 5403 1806 5456 medium
1847 5415 2069 5456 natura-

493 5494 615 5547 liter
650 5508 773 5548 esse
827 5494 969 5547 inter
1012 5492 1229 5547 Patrem
1281 5501 1333 5546 et
1363 5492 1629 5561 Spiritum
1679 5490 1902 5553 Filium,
1942 5504 2068 5558 pro-

490 5598 790 5653 ptereaque
823 5600 1000 5654 neque
1052 5586 1301 5652 accipere
1325 5598 1388 5637 ex
1429 5581 1568 5636 Filio
1634 5583 1936 5637 secundum
1989 5597 2073 5634 ra-

494 5680 697 5730 tionem
725 5675 993 5745 Spiritum
1023 5686 1296 5737 sanctum,
1332 5686 1383 5730 et
1414 5677 1518 5731 alia
1551 5676 1786 5746 quadam
1836 5676 2070 5739 ratione,

498 5782 658 5822 aures
714 5767 959 5841 ontnium
1029 5781 1429 5833 personantes,
1483 5770 1686 5823 dictum
1754 5767 2075 5825 existimant

2177 5399 2301 5452 οὐδὲ
2348 5402 2408 5451 τὸ
2443 5399 2691 5469 φυσικῶς
2749 5398 3057 5468 μεσιτεύειν
3109 5399 3493 5470 παραδέχονται
3540 5386 3617 5441 τοῦ
3654 5395 3698 5433 τε

2180 5490 2391 5561 Πατρδς
2421 5493 2516 5544 καὶ
2562 5490 2657 5543 τοῦ
2689 5491 3005 5562 Πνεύματος
3039 5491 3129 5546 τὸν
3162 5490 3308 5554 Υἰδν,
3336 5489 3407 5550 ὡς
3451 5485 3529 5539 διὰ
3573 5473 3699 5528 τοῦτο

2180 5582 2503 5651 προσίεσθαι
2535 5586 2627 5637 καὶ
2680 5585 2741 5636 τὸ
2771 5587 2835 5637 ὲκ
2864 5583 2959 5637 τοῦ
2993 5585 3121 5641 Υέοῦ
3150 5584 3292 5637 κατὰ
3341 5582 3483 5648 λόγον
3512 5564 3697 5627 εἶναιτὸ

2181 5674 2406 5744 Πνεῦμα
2456 5676 2517 5728 τὸ
2567 5676 2762 5744 ἅγιον
2818 5678 3013 5746 ἑτέραν
3042 5676 3099 5730 δέ
3157 5693 3279 5729 τινα
3337 5656 3693 5742 περιορυλλοῡσι

2182 5767 2477 5841 προφανῶς
2531 5767 2766 5837 ἰννοιαν,
2800 5767 2924 5823 καθ’
2974 5768 3043 5825 ἣν
3075 5768 3321 5842 εἱρῇσθαι
3361 5758 3607 5833 νομίζουσι
3646 5746 3686 5791 τ’
