3970 6402
317 355 455 420 1157

1174 364 1270 422 ΠΕ
1310 358 1825 421 ΡΠΟΕΕΞΞΜΝΕ
1869 357 1930 416 S.
1971 355 2330 418 Sl’llll'l'US
2370 357 2467 414 illi
2495 358 2590 416 ΧΤ.
2653 357 2727 415 ll.

3442 358 3576 420 ili-.8

308 468 400 522 διὰ
431 467 526 524 τοῦ
558 470 711 526 Υίοῦ.
769 473 867 527 Διά
909 473 1099 527 τούτου
1131 475 1260 542 γὰρ,
1292 475 1477 542 φασιν,
1539 473 1654 525 ἔστι
1706 489 1762 523 τε
1803 488 1898 524 και

2007 471 2136 523 illud
2173 487 2264 538 per
2293 468 2516 524 Filium.
2587 471 2688 524 l‘er
2729 471 2870 524 hunc
2912 471 3080 533 cnim,
3113 471 3390 539 inquiunt,
3422 481 3580 527 estet

310 556 526 626 λέγεται
557 561 616 613 τὸ
649 561 871 630 Πνεῦμα
907 563 968 615 τὸ
1005 563 1182 630 ἅγιον,
1214 565 1286 626 ὡς
1324 566 1465 614 κατά
1490 560 1650 629 φύσιν
1677 559 1889 629 (fusam--

315 651 476 718 μένον
503 651 653 720 αὑτῷ
685 653 776 707 καὶ
809 653 884 715 ὡς
914 654 1223 722 ὀμοούσιον.
1257 654 1365 704 Καὶ
1399 652 1574 705 ταῦτα
1604 651 1702 720 μὲν
1740 645 1888 702 ο’.τοι

312 741 672 810 φθεγγόμενοι
718 744 826 797 τῶν
856 743 1065 796 πολλῶν
1120 743 1517 813 περιϐομϐοῦσι
1554 744 1651 804 τὰς
1696 741 1886 804 ἀκοάς.

325 833 465 901 Ἐγὼ
501 835 557 889 δὲ
606 836 854 906 ἀκριϐῶς
885 839 986 890 οὑκ
1034 834 1150 890 οἶδα
1198 838 1425 906 πότερον
1458 835 1642 898 ἀνοίας
1691 834 1890 896 αὑτοὺς

313 925 378 978 ἄν
408 944 488 986 τις
519 927 549 994 ἦ
585 927 944 991 κακοϐουλίας
977 929 1428 996 κατηγορήσειεν,
1462 926 1646 979 αἰτίαν
1674 924 1768 978 τοῦ
1797 924 1887 978 διὰ

314 1015 407 1068 τοῦ
433 1017 564 1068 Υἱοῦ
595 1017 655 1068 τὸ
705 1019 930 1088 Πνεῦμα
975 1021 1035 1072 τὸ
1063 1019 1216 1087 ἅγιον
1244 1013 1383 1070 εἶναι
1417 1019 1515 1087 τὴν
1565 1019 1700 1088 πρὸς
1725 1016 1889 1070 αὑτὸν

313 1105 586 1157 οἰκείωσιν
621 1105 810 1159 τούτου
861 1109 955 1160 καὶ
1001 1110 1098 1181 τὴν
1130 1109 1523 1176 ὁμοουσιότητα
1576 1108 1890 1176 τιθεμένους

319 1195 524 1261 σαφῶς·
564 1197 682 1248 Ὅτι
724 1199 820 1266 μὲν
859 1200 968 1269 γὰρ
1017 1202 1156 1254 κατὰ
1193 1198 1356 1268 φύσιν
1383 1199 1749 1269 ᾠκείωταιτῷ
1778 1197 1891 1266 Υἱῷ

317 1287 377 1337 τὸ
408 1286 630 1355 Πνεῦμα
658 1289 718 1340 τὸ
744 1289 923 1356 ἅγιον,
953 1291 1051 1342 καὶ
1075 1291 1360 1358 ὀμοούσιον
1396 1289 1553 1342 τοῦτο
1590 1290 1724 1360 πρὸς
1754 1289 1882 1357 ἀλή-

320 1374 470 1428 θειάν
499 1379 648 1430 ἐστιν
697 1379 865 1448 αὐτῷ,
922 1380 1147 1451 σύμπας
1192 1381 1257 1436 ἂν
1287 1382 1394 1435 τῶν
1431 1383 1497 1434 τὰ
1539 1383 1660 1437 θεῖα
1712 1381 1891 1443 καλῶς

320 1467 766 1534 πεπαιδευμένων
793 1471 1180 1540 ὁμολογήσειεν
1203 1489 1217 1503 ·
1249 1474 1307 1526 οὑ
1343 1475 1449 1544 μὴν
1477 1475 1563 1526 διὰ
1600 1473 1770 1526 ταῦτα
1797 1471 1894 1524 καὶ

317 1557 375 1608 τὸ
409 1557 500 1609 διὰ
546 1559 639 1610 τοῦ
696 1560 826 1613 Υἱοῦ
877 1563 984 1616 τῶν
1018 1564 1268 1618 ἁπάντων
1313 1581 1396 1625 τις
1439 1565 1704 1634 ὑπάρχειν
1754 1565 1890 1632 ἐρεῖ.

321 1647 636 1700 Ίόὑναντὶον
673 1650 770 1718 μὲν
824 1648 938 1718 οὖν,
972 1653 1229 1720 γνώσεως
1265 1654 1537 1724 εὐμοιρῶν
1573 1653 1894 1724 μεγαλοφώ-

319 1757 419 1802 vro;
443 1739 788 1807 κεκράξεται,
829 1743 889 1794 τὸ
926 1744 1014 1796 διὰ
1044 1745 1136 1797 τοῦ
1185 1745 1316 1798 Υίοῦ
1349 1746 1522 1813 λέγων
1555 1746 1728 1798 αἴτιον
1753 1739 1893 1797 εἶναι

316 1833 393 1898 τῷ
435 1832 714 1898 Πνεύματι
740 1833 840 1902 τῆς
867 1851 925 1886 τε
955 1835 1092 1906 πρὸς
1127 1836 1288 1887 αὐτὸν
1316 1835 1646 1902 οἰκειότητος
1676 1831 1888 1898 τούτου,
1927 1829 1961 1880 Β

315 1923 410 1974 καὶ
453 1923 551 1991 τῆς
583 1926 999 1994 ὁμοουτιὸτητος
1045 1925 1309 1996 ἀτεχνῶς.
1343 1929 1468 1977 Ὀτι
1501 1925 1609 1997 γὰρ
1661 1926 1749 1976 διὰ
1795 1923 1889 1976 τοῦ

316 2013 446 2065 Υἰοῦ
475 2016 532 2063 ττι
558 2015 780 2084 Πνεῦμα
812 2015 872 2066 τὸ
901 2015 1076 2084 ἆγιον,
1105 2019 1193 2069 διὰ
1219 2018 1375 2080 τοῦτο
1406 2018 1651 2085 φυσικῶς
1678 2015 1890 2085 ᾠκειω-

319 2103 484 2172 μένον
519 2105 671 2174 αὑτῷ
705 2105 961 2175 τυγχάνει
991 2109 1085 2162 καὶ
1130 2108 1434 2178 όμοούσιον.
1471 2108 1579 2160 Καὶ
1623 2107 1751 2175 περὶ
1791 2105 1890 2170 μὲν

317 2196 508 2250 τούτου
535 2197 628 2250 τοῦ
661 2201 1091 2270 προσεχέστερον
1116 2200 1372 2270 ῥηθέντος
1402 2201 1555 2268 ἡμῖν,
1589 2199 1674 2250 ἵνα
1707 2197 1892 2250 διέλω-

323 2306 421 2358 μεν
456 2291 512 2342 ὲν
540 2289 718 2356 λόγοις
770 2292 838 2342 τὰ
863 2291 922 2343 τὸ
963 2293 1070 2345 πᾶν
1104 2292 1402 2362 ἀδιαίρετα,
1445 2291 1660 2352 πάντως
1694 2289 1738 2340 δ’
1793 2288 1890 2357 οὐχ

315 2383 501 2452 ἕτερόν
531 2386 678 2436 tam
707 2385 852 2454 ἥπερ
896 2386 954 2437 τὸ
985 2385 1292 2453 ὁμοούσιον,
1329 2377 1391 2436 οὑ
1435 2384 1536 2436 κάν
1560 2383 1632 2451 τῷ
1686 2380 1889 2452 πρώτῳ

321 2476 654 2545 συντάγματι
691 2477 1024 2546 μνησθέντες
1051 2477 1123 2539 ὡς
1160 2478 1215 2528 ἐν
1248 2476 1444 2546 βραχεῖ
1494 2477 1593 2546 τὴν
1635 2474 1891 2526 τελεωτέ-

324 2587 423 2639 ραν
454 2572 588 2643 πρὸς
617 2571 676 2624 τὸ
718 2571 891 2638 πειρον
925 2572 1019 2623 καὶ
1063 2569 1348 2638 κρείττονα
1391 2567 1545 2618 λύσιν
1578 2567 1890 2632 ἐπενεγκεῖν

320 2662 687 2732 ὑπεσχόμεθα,
741 2662 1020 2731 προϊόντος
1065 2659 1266 2729 ἑφεξῆς
1307 2660 1400 2712 τοῦ
1447 2659 1602 2725 λόγου
1637 2657 1893 2726 διαληψόο

323 2755 462 2824 μεθα
491 2755 927 2824 πλατυκωτέρως
962 2753 1104 2807 κατὰ
1137 2753 1351 2825 καιρὸν,
1379 2754 1474 2805 καὶ
1501 2753 1889 2820 συναιρομένου

319 2846 413 2900 τοῦ
447 2845 584 2899 Θεοῦ
617 2846 1045 2915 παραστήσομεν
1079 2846 1188 2897 ἀπό
1218 2860 1276 2896 τε
1325 2843 1603 2912 λογισμῶν
1635 2845 1888 2914 ἀναντιρο

321 2941 501 3010 ρήτων
533 2928 709 3008 πάντη
743 2939 835 2991 καὶ⁸
859 2937 1129 3007 ἀψευδῶν,
1163 2937 1269 2990 ἀπό
1306 2954 1368 2989 τε
1405 2936 1683 3006 πατρικῶν
1714 2939 1888 3005 ἀναμ.

317 3031 556 3100 φιϐόλων
601 3031 797 3099 κομιδῆ
843 3030 1115 3100 χρήσεων,
1158 3029 1242 3091 τίς
1273 3031 1300 3081 ὁ
1338 3027 1495 3096 λόγος
1536 3027 1698 3079 αὑτοῦ
1739 3027 1893 3097 παρὰ

317 3126 382 3193 τῇ
412 3122 532 3193 θείᾳ
584 3121 800 3193 Γραφῇ,
848 3121 942 3174 καὶ
995 3119 1117 3183 πῶς
1155 3136 1284 3172 ποτε
1334 3121 1495 3173 τοῦτο
1548 3121 1687 3172 νοεῖν
1741 3120 1891 3190 ἡμᾶς

315 3216 486 3284 ἄξιον.
846 3277 866 3288 ς
903 3216 910 3228 ”

388 3310 452 3374 ζ’.
482 3309 617 3376 Περὶ⁵
641 3307 696 3361 δὲ
718 3307 884 3378 μόνης
913 3306 1011 3377 τῆς
1029 3304 1657 3370 οῖκειώσεωςδιεξελθεῖν
1685 3304 1890 3375 ἀρτίως

316 3402 601 3472 ἡγούμεθα
634 3399 763 3466 δεῖν,
794 3399 950 3468 ὀλίγα
983 3398 1104 3452 τινὰ
1131 3400 1335 3467 ταύτης
1359 3398 1545 3451 ἕνεκεν
1579 3398 1727 3450 ὡσάν
1758 3413 1890 3467 προ-

312 3491 678 3563 διωρισμένης
710 3492 884 3542 εἰπεῖν
923 3490 1159 3560 ἔχοντες.
1197 3491 1263 3542 Ἀ
1315 3489 1423 3559 γὰρ
1458 3492 1516 3541 ὲν
1553 3493 1622 3558 τῇ
1655 3489 1760 3558 πρὸ
1790 3490 1887 3555 τῆς

314 3583 598 3654 παρούσης
655 3579 814 3650 ἡμῶν
873 3578 1225 3650 πραγματείᾳ
1278 3578 1553 3632 διαλαϐεῖν
1615 3578 1889 3646 ἐξεγένετο

314 3675 446 3745 περὶ
491 3671 585 3724 τοῦ
623 3669 754 3724 ίδίου
809 3668 1202 3738 σκοπουμένοις
1231 3671 1384 3739 ἡμῖν,
1428 3669 1603 3721 ταῦτα
1639 3669 1782 3722 κατά
1827 3669 1888 3720 τὸ

313 3764 578 3825 παντελὲς
628 3759 1068 3832 ἀπαράλλακτον,
1104 3759 1406 3830 ἐπειδήπερ
1446 3760 1644 3812 ταύτὸν
1684 3761 1761 3828 τῷ
1806 3761 1886 3813 oio

315 3857 454 3927 κείῳ
479 3856 540 3909 τὸ
569 3853 724 3919 ἴδιον,
753 3851 1032 3906 κάνταῦθα
1064 3851 1279 3913 πάντως
1309 3851 1667 3919 ἀρμὸζουσιν.
1698 3851 1888 3904 Ἔνθεν

310 3968 398 4005 τοι
427 3949 524 4002 καὶ
546 3945 838 4016 νομίζομεν
867 3943 1136 4015 ἀποχρῆν,
1165 3943 1270 3997 κᾶν
1371 3943 1578 4013 βραχέα
1607 3943 1674 3996 τὰ
1698 3942 1891 4014 λεχθηο

313 4043 541 4111 σόμενα,
572 4039 669 4092 καὶ
700 4037 899 4106 μᾶλλον
927 4035 1012 4106 ἐφ’
1054 4029 1100 4104 ᾧ
1129 4035 1231 4089 κάν
1261 4035 1472 4098 τούτοις
1505 4035 1580 4098 ὡς
1616 4035 1675 4086 ὲν
1716 4033 1888 4090 ἅπασι

311 4134 427 4195 τοῖς
456 4129 638 4193 ἄλλοις
671 4127 863 4190 ἀπλῶς
898 4128 961 4180 ὲκ
1001 4126 1294 4198 γραφικῶν
1337 4129 1540 4180 ὲσεῖται
1576 4126 1889 4198 μαρτυριῶν

310 4225 383 4278 τὰ
415 4223 515 4293 τῆς
566 4221 915 4286 ἀποδείξεως.
962 4218 1076 4272 Καὶ
1103 4218 1168 4287 δὴ
1223 4217 1473 4289 καθάπερ
1521 4219 1581 4281 ἐξ
1635 4217 1889 4289 ὑπαρχῆς

311 4312 630 4388 ᾠκειῶσθαι
661 4328 842 4382 φαμεν
871 4311 932 4364 τὸ
982 4309 1210 4378 Πνεῦμα
1237 4309 1298 4362 τὸ
1327 4307 1484 4377 ἅγιον
1521 4308 1599 4378 τῷ
1625 4307 1758 4378 Υίῷ,
1794 4309 1888 4361 καὶ

315 4405 542 4476 Πνεῦμα
591 4403 649 4456 δὲ
693 4402 851 4455 τοῦτο
901 4402 996 4454 τοῦ
1031 4400 1161 4454 Υἰοῦ
1196 4398 1580 4471 χρηματίζειν,
1620 4399 1888 4468 ἑτέρωθεν

314 4496 488 4560 οὕτως
535 4490 958 4562 ἐξεπιστάμεθα.
1006 4492 1153 4562 Πλὴν
1186 4495 1235 4545 εἰ
1280 4489 1671 4561 βουληθείημεν
1718 4490 1890 4544 ταῦτα

317 4589 454 4660 πρὸς
487 4585 692 4656 ἄλληλα
745 4583 1008 4650 κατιδεῖν,
1057 4582 1352 4636 κάντεῦθεν
1411 4581 1746 4652 ποιήσασθαι
1794 4579 1889 4634 τοῦ

315 4677 684 4750 προκειμένου
713 4674 811 4746 τὴν
842 4673 1091 4743 ζήτησιν,
1125 4672 1394 4742 ᾠκείωται
1428 4672 1529 4741 μὲν
1559 4671 1680 4724 κατ’
1705 4672 1893 4724 οὐσίαν

313 4775 396 4844 τῷ
427 4771 543 4842 Υἱῷ
590 4771 653 4823 τδ
691 4767 917 4838 Πνεῦμα
939 4765 1002 4819 τὸ
1047 4768 1225 4834 ἅγιον,
1258 4765 1334 4829 ὡς
1373 4765 1598 4835 Πνεῦμα
1627 4764 1896 4835 τυγχάνον

314 4866 481 4922 αὑτοῦ
510 4879 526 4893 ·
556 4860 784 4931 Πνεῦμα
823 4859 882 4914 δὲ
935 4857 1099 4912 πάλιν
1144 4856 1277 4910 Υίοῦ
1330 4855 1489 4910 τοῦτο
1532 4857 1892 4927 καθέστηκεν,

315 4951 398 5021 οἷς
451 4957 642 5024 ὅτιπερ
701 4950 854 5020 αὑτῷ
891 4949 1032 5004 κατά
1085 4946 1248 5017 φύσιν
1303 4945 1600 5017 ᾠκείωται,
1646 4949 1830 5015 καθὼς
1865 4951 1895 5003 ὁ

319 5047 494 5118 μέγας
523 5041 804 5105 Βασίλειος
836 5041 971 5111 ἡμῖν
1001 5039 1074 5092 τὰ
1121 5038 1253 5110 περὶ
1292 5038 1500 5092 τούτων
1537 5039 1889 5110 παραδιδοὺς,

313 5141 513 5212 τρόπον
546 5136 604 5190 ὃν
631 5133 885 5204 εἴπομεν,
925 5130 1191 5202 ἑκατέρου
1218 5129 1434 5199 τίθησιν
1467 5129 1652 5183 αἰτίαν
1689 5131 1892 5186 ἑκάτε-

318 5248 430 5301 ρον.
469 5218 636 5288 Οὗτος
664 5224 762 5278 καὶ
800 5224 910 5292 γὰρ
940 5222 998 5275 ὲν
1039 5220 1138 5290 μὲν
1175 5221 1290 5283 τοῖς
1330 5217 1454 5272 κατ’
1494 5219 1763 5288 Εὑνομίου
1797 5221 1893 5272 καὶ

327 5321 540 5390 Ἀρείου
571 5319 750 5386 λόγοις
779 5313 1026 5386 περὶτοῦ
1057 5314 1377 5383 Πνεύματος
1408 5312 1533 5365 τάδε
1569 5312 1704 5381 φησί
1727 5327 1740 5342 ο
1777 5312 1893 5378 Τὴν

310 5405 430 5476 μὲν
469 5406 622 5472 πρὸς
656 5403 886 5470 Πατέρα
915 5401 1252 5469 οικειότητα
1303 5399 1444 5465 νοῶ,
1468 5399 1682 5468 ἐπειδὴ
1735 5402 1892 5468 παρὰ

312 5498 423 5552 τοῦ
479 5494 708 5562 Πατρός
761 5493 1174 5560 ἐκπορεύεται,
1218 5490 1334 5557 τὴν
1395 5494 1545 5560 πρὸς
1610 5493 1747 5544 Υίὺν
1802 5491 1890 5557 δὲ,

311 5588 521 5654 ἐπειδὴ
540 5587 758 5650 ἀκούω,
789 5603 808 5636 ι
830 5586 902 5637 El
921 5601 1010 5650 τις
1035 5582 1279 5653 Πνεῦμα
1303 5582 1567 5648 Χριστοῦ
1595 5587 1703 5636 οὐκ
1739 5583 1889 5652 ἔχει,

312 5686 425 5737 οὐκ
460 5681 634 5735 ἔστιν
665 5677 854 5733 αὑτοῦ
885 5693 899 5708 ’
943 5695 962 5730 ι
991 5679 1048 5730 ὲν
1079 5677 1134 5732 δὲ
1169 5676 1248 5748 τῷ
1299 5675 1759 5745 ὀκτωκαιδεκάτῳ
1784 5674 1892 5730 τῶν

387 5796 430 5828 ³⁸
464 5795 622 5850 Rom.
662 5809 778 5858 vui,
807 5791 860 5846 9.

1987 562 2184 616 dicitur
2211 563 2446 630 Spiritus
2502 573 2745 624 sanctus,
2797 565 2943 632 quod
2993 575 3184 616 natura
3249 563 3321 615 illi
3351 563 3582 631 conjun-

1990 662 2111 705 ctus
2135 663 2189 704 (ιι
2217 653 2700 706 consubstantialis
2729 662 2830 706 est.
2888 653 2950 706 Et
2984 655 3097 707 liree
3134 653 3236 721 ipsi
3257 653 3500 707 dicentes
3527 655 3578 706 in

1989 744 2213 796 auribus
2283 744 2576 796 multorum
2632 753 3004 813 perstrepunt.
3069 742 3180 812 Ego
3231 758 3361 796 vero
3419 743 3584 812 plane

1992 833 2200 895 nescio,
2258 836 2585 887 amenti-mne
2635 837 2906 903 quispiam
2966 836 3140 904 ipsis,
3219 850 3288 888 an
3338 835 3580 897 perversi

1991 922 2204 977 Consilii
2243 932 2426 976 notam
2466 925 2667 990 inurct,
2705 923 2834 977 dum
2869 939 3090 978 causam
3156 924 3300 991 quod
3333 923 3580 993 Spiritus

1991 1021 2215 1066 sanctus
2245 1014 2318 1066 sit
2342 1029 2434 1080 per
2465 1011 2661 1067 Filium
2691 1030 2816 1068 esse
2842 1015 3288 1082 coniunctionem
3328 1013 3475 1067 illius
3526 1024 3584 1067 et

1993 1104 2622 1159 consubstantialitatem
2657 1120 2782 1158 cum
2828 1105 2919 1158 illo
2951 1105 3239 1174 perspicue
3281 1103 3575 1158 fateantur.

1993 1195 2380 1251 Verumtamen
2406 1206 2600 1251 natura
2633 1195 2894 1266 Spiritum
2927 1207 3182 1251 sanctum
3221 1195 3576 1262 conjunctum

1993 1305 2114 1344 esse
2134 1288 2292 1353 Filio,
2324 1289 2510 1356 illique
2532 1304 2660 1342 vere
2679 1287 3205 1343 consubstantialem
3237 1302 3382 1350 esse,
3414 1300 3578 1340 nemo

1994 1383 2084 1452 qui
2119 1382 2172 1434 in
2205 1380 2372 1433 rebus
2403 1378 2604 1433 divinis
2640 1378 3128 1445 probeiustructus
3156 1377 3343 1436 inerit,
3367 1373 3581 1427 inticias

1995 1472 2158 1527 iverit
2192 1487 2207 1538 ;
2249 1480 2492 1524 attamen
2525 1477 2814 1538 propterea
2867 1483 2964 1537 per
2988 1465 3187 1520 Filium
3217 1463 3485 1518 exsistere
3515 1461 3580 1515 il-

1998 1564 2110 1616 lum
2149 1575 2312 1614 nemo
2343 1559 2590 1613 omnium
2620 1558 2784 1623 dicet,
2807 1559 3056 1630 quinimo
3085 1555 3450 1618 contrarium,
3483 1551 3578 1622 qui

1996 1653 2306 1722 cognitione
2337 1666 2518 1706 rerum
2583 1650 2762 1714 callet,
2821 1665 3022 1706 sonora
3066 1664 3196 1703 voce
3233 1645 3580 1708 declamabit,

1996 1744 2140 1814 quod
2190 1758 2284 1810 per
2333 1740 2530 1796 Filium
2589 1743 2828 1812 Spiritus
2879 1748 2984 1806 est,
3024 1753 3282 1794 asserens
3353 1748 3578 1792 causam

1995 1849 2114 1887 esse
2144 1835 2352 1902 absque
2378 1833 2546 1888 dubio
2565 1831 2981 1901 eonjunctionis
3010 1831 3248 1900 Spiritus
3267 1843 3392 1882 cum
3413 1826 3578 1893 Filio,

1995 1941 2204 1979 necnon
2256 1934 2312 1978 et
2345 1925 2956 1980 consubstantialitatis.
3025 1924 3165 1990 Quia
3201 1924 3344 1977 enim
3372 1937 3467 1991 per
3486 1919 3581 1974 Fi-

1995 2016 2124 2069 lium
2177 2015 2416 2084 Spiritus
2467 2025 2691 2072 sanctus
2753 2025 2859 2082 est,
2929 2017 3052 2071 ideo
3106 2013 3432 2070 naturaliter
3498 2011 3580 2067 illi

1993 2110 2324 2176 Coniunctus
2354 2119 2408 2163 et
2461 2109 2954 2164 consubstantialis
2994 2117 3100 2164 est.
3158 2109 3221 2161 Et
3249 2109 3316 2162 de
3339 2123 3406 2160 eo
3427 2103 3577 2174 quod

1995 2201 2224 2266 prOpius
2264 2207 2366 2263 est,
2398 2213 2524 2254 cum
2572 2215 2604 2254 a
2633 2199 2797 2253 nobis
2828 2200 3036 2253 dictum
3076 2198 3170 2262 sit,
3209 2207 3267 2251 ut
3295 2208 3579 2260 sermone,

1992 2307 2114 2361 quae
2138 2306 2362 2360 prorsus
2387 2292 2554 2346 dividi
2589 2300 2891 2361 nequeunt,
2927 2291 3263 2355 dividamus,
3290 2288 3436 2358 quod
3465 2302 3584 2342 0m-

1993 2385 2128 2436 nino
2161 2399 2266 2437 non
2305 2383 2455 2438 aliud
2512 2384 2682 2438 fuerit
2752 2398 2918 2453 quam
2972 2380 3470 2443 eonsubstantiale,
3528 2393 3585 2433 ιι

1997 2473 2155 2538 cujus
2187 2472 2241 2524 in
2283 2473 2462 2542 primo
2495 2483 2687 2528 nostro
2716 2471 3110 2528 commentario
3140 2471 3414 2524 mentione
3441 2469 3580 2524 facta

1993 2576 2152 2628 quam
2214 2562 2576 2628 brevissime,
2637 2562 3030 2616 absolutiormn
3091 2561 3144 2614 in
3205 2561 3461 2630 praesenti
3526 2567 3582 2611 et

1996 2655 2271 2708 meliorem
2319 2656 2643 2710 solutionem
2674 2657 2947 2712 adducere
2980 2657 3354 2726 promisimus,
3388 2669 3584 2724 proet-

1996 2745 2155 2798 tlcnle
2201 2763 2304 2800 suo
2357 2748 2548 2802 ordine
2600 2749 2871 2814 oratione,
2919 2763 3020 2802 suo
3083 2757 3330 2817 tempore
3402 2747 3580 2802 fusius

1996 2840 2480 2906 pit-tractabimus,
2541 2849 2595 2896 et
2652 2841 2950 2910 adiuvante
3041 2839 3150 2896 Deo
3209 2841 3576 2912 argumentis,

1994 2931 2195 3000 quibus
2242 2933 2620 2989 contradicere
2676 2950 2942 3003 nequeas.
2996 2942 3050 2988 et
3081 2935 3224 2988 veris
3247 2949 3310 2988 ex
3351 2933 3576 2990 Patrum

1993 3025 2156 3078 dictis
2189 3033 2241 3078 et
2271 3026 2495 3080 minime
2530 3025 2714 3082 dubiis
2758 3025 3288 3089 demonstrabimus,
3321 3041 3576 3096 quaenam

1997 3116 2048 3167 in
2107 3115 2291 3169 divina
2323 3114 2609 3186 Scriptura
2647 3119 2796 3172 illius
2823 3117 2966 3174 ratio
3000 3118 3092 3186 sit,
3127 3125 3183 3173 et
3226 3118 3506 3188 quomodo
3541 3133 3575 3176 a

1947 3204 1962 3224 ‘
1999 3207 2158 3260 nobis
2193 3207 2627 3276 intelligendum.

2067 3300 2121 3351 ῖ.
2161 3297 2235 3352 De
2263 3297 2377 3350 sola
2411 3313 2541 3353 vero
2587 3299 2978 3369 c0njunctione
3003 3309 3059 3357 et
3088 3301 3375 3357 consortio
3417 3315 3570 3356 nunc

1999 3390 2437 3455 pertractandum
2488 3407 2616 3446 esse
2666 3401 2947 3461 putamus,
2991 3393 3188 3462 paucis
3240 3391 3574 3463 quibusdam

1999 3483 2142 3536 illius
2179 3497 2362 3545 causa,
2400 3495 2460 3538 ut
2487 3487 2811 3554 praeﬁnitum
2839 3486 2905 3539 de
2931 3501 2992 3540 ea
3017 3487 3224 3556 aliquid
3260 3485 3350 3554 sit,
3378 3485 3432 3540 in
3465 3500 3579 3539 tre-

1997 3574 2146 3628 dium
2177 3574 2378 3630 allatis.
2415 3576 2548 3641 Quae
2595 3578 2740 3631 enim
2791 3581 2845 3632 in
2895 3579 3063 3648 priori
3091 3587 3285 3634 nostro
3344 3586 3578 3633 tractatu

1997 3670 2345 3736 digessimus,
2380 3684 2504 3724 cum
2545 3672 2610 3724 de
2640 3673 2858 3740 proprio
2890 3673 3318 3742 disputaremus,
3351 3673 3444 3726 illa
3477 3687 3575 3726 ea-

1997 3759 2116 3810 dem
2139 3759 2347 3828 absque
2377 3759 2488 3814 ulla
2504 3761 2588 3814 sui
2612 3763 3016 3826 immutatione,
3049 3779 3174 3817 cum
3207 3762 3346 3816 idem
3376 3776 3578 3815 unum-

1995 3865 2102 3918 que
2157 3850 2231 3905 sit
2277 3852 2624 3921 eonjunctum
2677 3861 2732 3908 et
2787 3855 3092 3924 proprium,
3159 3853 3261 3907 hoc
3311 3852 3476 3908 etiam
3519 3853 3574 3906 in

1998 3943 2118 3996 loco
2147 3959 2312 4012 quam
2374 3945 2659 4014 aptissime
2693 3946 2874 4000 locum
2933 3946 3232 4001 habebunt.
3278 3943 3415 3999 Illnc
3445 3945 3576 3998 satis

1995 4049 2269 4104 superque
2303 4050 2428 4090 esse
2479 4038 2882 4104 existimamus,
2937 4037 3062 4094 licet
3116 4038 3344 4092 dicenda
3405 4051 3572 4106 quam

1997 4127 2319 4182 brevissima
2353 4128 2482 4194 sint,
2518 4139 2572 4184 et
2596 4131 2942 4198 petissimum
2976 4145 3100 4186 eum
3138 4131 3192 4184 in
3232 4130 3318 4184 bis
3353 4145 3576 4200 quoque

1999 4229 2056 4272 ut
2083 4219 2135 4274 in
2186 4219 2308 4274 aliis
2345 4221 2601 4277 omnibus
2626 4224 2951 4293 simpliciter
3005 4237 3072 4278 ex
3098 4223 3306 4292 scripto
3360 4220 3575 4276 traditis

1999 4310 2326 4365 testimoniis
2386 4309 2784 4366 demonstratio
2841 4322 3080 4383 petetur.
3140 4313 3201 4366 Et
3246 4311 3364 4382 jam
3446 4327 3576 4368 ecce

1998 4399 2459 4474 quemadmodum
2491 4403 2559 4457 ab
2589 4402 2819 4458 exordio
2855 4402 3112 4472 canjungi
3143 4402 3381 4457 dicimus
3435 4400 3576 4456 Filio

1924 4518 1970 4574 ο
2001 4492 2265 4562 Spiritum
2329 4501 2602 4557 sanctum,
2645 4502 2702 4548 et
2752 4492 3019 4563 Spiritum
3074 4494 3222 4546 hunc
3247 4489 3370 4545 Filii
3428 4507 3573 4560 053e,

1997 4583 2216 4636 aliunde
2267 4583 2432 4636 etiam
2490 4582 2572 4637 sic
2600 4583 2778 4638 edocti
2839 4599 3056 4638 sumus.
3119 4581 3493 4638 Nihilominus
3527 4587 3574 4638 si

1998 4676 2112 4729 haec
2150 4675 2388 4744 penitius
2413 4674 2769 4745 introspicere
2807 4677 3062 4739 velimus,
3100 4676 3337 4745 indeque
3366 4691 3573 4746 pmpo—

1996 4767 2086 4821 siti
2117 4767 2478 4836 quaestionem
2508 4767 2822 4834 absolvere,
2848 4768 3179 4838 coujuuclus
3213 4778 3298 4824 est
3327 4770 3572 4823 essentia

1994 4857 2132 4912 Filio
2183 4858 2422 4929 Spiritus
2471 4869 2729 4922 sanctus,
2783 4870 2844 4914 ut
2873 4860 2966 4930 qui
3011 4859 3248 4930 Spiritus
3300 4860 3445 4914 illius
3471 4869 3575 4927 est,

1996 4966 2300 5020 rursusque
2330 4949 2568 5018 Spiritus
2624 4950 2746 5006 Filii
2775 4953 2861 5006 hic
2891 4953 3131 5018 exsistit,
3182 4953 3327 5022 quod
3388 4953 3462 5007 illi
3490 4968 3576 5008 es-

1996 5043 2170 5098 sentia
2227 5043 2554 5110 coniunctus
2605 5053 2714 5108 est,
2749 5043 2911 5098 sicuti
2973 5059 3202 5114 magnus
3245 5045 3482 5099 Basilius
3506 5043 3575 5098 de

1996 5134 2146 5188 bisee
2169 5133 2328 5188 nobis
2361 5134 2600 5199 tradens,
2632 5139 2795 5190 modo
2817 5151 2926 5206 quo
2960 5136 3200 5191 diximus
3225 5136 3452 5190 alterius
3496 5137 3574 5188 al-

1996 5232 2171 5276 terum
2209 5237 2430 5277 causam
2474 5225 2644 5292 ponit.
2699 5225 2947 5296 Namque
2991 5227 3036 5280 is
3087 5227 3351 5282 adversus
3386 5227 3572 5280 Euno-

1994 5315 2165 5368 miurn
2201 5315 2504 5386 Ariuinque
2535 5305 2844 5386 disputans,
2871 5319 3075 5386 promit
3113 5317 3227 5371 haec
3262 5319 3327 5371 de
3360 5317 3568 5387 Spiritu

1994 5417 2186 5462 sancto
2221 5427 2235 5462 :
2274 5408 2432 5462 Illius
2464 5427 2589 5480 erga
2617 5409 2832 5465 Patrem
2869 5410 3290 5476 conjunctionem
3315 5410 3572 5480 intelligo,

1993 5499 2132 5567 quod
2169 5517 2199 5552 η
2243 5499 2403 5554 Patre
2443 5503 2711 5571 procedit;
2751 5516 2873 5568 ergo
2926 5498 3128 5554 Filium
3155 5518 3296 5569 vero,
3332 5519 3449 5555 cum
3477 5519 3577 5555 au—

1994 5594 2104 5656 dio,
2136 5611 2152 5644 ι
2195 5592 2254 5647 Si
2280 5596 2396 5664 quis
2430 5594 2688 5662 Spiritum
2721 5589 2923 5644 Christi
2973 5609 3074 5644 non
3127 5594 3304 5656 habet,
3337 5595 3419 5649 hic
3473 5609 3574 5646 non

1993 5695 2070 5739 est
2113 5686 2225 5754 ejus
2259 5689 2326 5740 ⁸¹.
2373 5706 2390 5739 ι
2432 5687 2497 5740 Ει
2551 5687 2604 5739 in
2658 5685 2871 5742 decimo
2902 5696 3098 5742 octavo
3159 5687 3227 5742 ad
3294 5687 3574 5757 Amphilo-
