  <div class='ocr_page' id='page_1' title='image "/cluster/home/n/w/nwhite01/storage/ocr_20150623/141/coo.31924054870468/587.png"; bbox 0 0 3970 6466; ppageno 0'>
   <div class='ocr_carea' id='block_1_1' title="bbox 419 245 575 308">
    <p class='ocr_par' dir='ltr' id='par_1_1' title="bbox 419 245 575 308">
     <span class='ocr_line' id='line_1_1' title="bbox 419 245 575 308; baseline 0.032 -5"><span class='ocrx_word' id='word_1_1' title='bbox 419 245 575 308; x_wconf 69' lang='grc'><strong>’1167</strong></span> 
     </span>
    </p>
   </div>
   <div class='ocr_carea' id='block_1_2' title="bbox 1469 245 2561 310">
    <p class='ocr_par' dir='ltr' id='par_1_2' title="bbox 1469 245 2561 310">
     <span class='ocr_line' id='line_1_2' title="bbox 1469 245 2561 310; baseline 0.001 -3"><span class='ocrx_word' id='word_1_2' title='bbox 1469 245 1976 307; x_wconf 69' lang='lat' dir='ltr'><strong>CONSTANTINI</strong></span> <span class='ocrx_word' id='word_1_3' title='bbox 2019 247 2561 310; x_wconf 51' lang='lat' dir='ltr'><strong>MELITENIOTEE</strong></span> 
     </span>
    </p>
   </div>
   <div class='ocr_carea' id='block_1_3' title="bbox 3528 249 3635 317">
    <p class='ocr_par' dir='ltr' id='par_1_3' title="bbox 3528 249 3635 317">
     <span class='ocr_line' id='line_1_3' title="bbox 3528 249 3635 317; baseline -0.009 0"><span class='ocrx_word' id='word_1_4' title='bbox 3528 252 3547 317; x_wconf 76' lang='lat' dir='ltr'><strong>i</strong></span> <span class='ocrx_word' id='word_1_5' title='bbox 3561 249 3635 316; x_wconf 72' lang='lat'><strong>263</strong></span> 
     </span>
    </p>
   </div>
   <div class='ocr_carea' id='block_1_4' title="bbox 395 358 2015 434">
    <p class='ocr_par' dir='ltr' id='par_1_4' title="bbox 395 358 2001 432">
     <span class='ocr_line' id='line_1_4' title="bbox 395 358 2001 432; baseline -0.002 -16"><span class='ocrx_word' id='word_1_6' title='bbox 395 377 549 429; x_wconf 69' lang='grc' dir='ltr'>-ιιιιιιι</span> <span class='ocrx_word' id='word_1_7' title='bbox 583 360 732 415; x_wconf 90' lang='lat' dir='ltr'><strong>nullo</strong></span> <span class='ocrx_word' id='word_1_8' title='bbox 765 362 925 414; x_wconf 88' lang='lat' dir='ltr'><strong>modo</strong></span> <span class='ocrx_word' id='word_1_9' title='bbox 985 359 1156 415; x_wconf 81' lang='lat' dir='ltr'><strong>refelli</strong></span> <span class='ocrx_word' id='word_1_10' title='bbox 1193 366 1447 432; x_wconf 82' lang='lat' dir='ltr'><strong>possunt,</strong></span> <span class='ocrx_word' id='word_1_11' title='bbox 1512 373 1564 416; x_wconf 86' lang='lat' dir='ltr'><strong>et</strong></span> <span class='ocrx_word' id='word_1_12' title='bbox 1607 358 2001 416; x_wconf 83' lang='lat' dir='ltr'><strong>dubitationem</strong></span> 
     </span>
    </p>
   </div>
   <div class='ocr_carea' id='block_1_5' title="bbox 2119 358 3640 434">
    <p class='ocr_par' dir='ltr' id='par_1_5' title="bbox 2123 362 3640 434">
     <span class='ocr_line' id='line_1_5' title="bbox 2123 362 3640 434; baseline 0.003 -20"><span class='ocrx_word' id='word_1_13' title='bbox 2123 363 2470 416; x_wconf 74' lang='grc' dir='ltr'>παντάπασιν</span> <span class='ocrx_word' id='word_1_14' title='bbox 2505 363 2716 427; x_wconf 68' lang='grc' dir='ltr'>οὔσαις,</span> <span class='ocrx_word' id='word_1_15' title='bbox 2734 363 2827 416; x_wconf 75' lang='grc' dir='ltr'>καὶ</span> <span class='ocrx_word' id='word_1_16' title='bbox 2855 363 2989 434; x_wconf 76' lang='grc' dir='ltr'>πρὸς</span> <span class='ocrx_word' id='word_1_17' title='bbox 3023 362 3190 434; x_wconf 83' lang='grc' dir='ltr'>μηδὲν</span> <span class='ocrx_word' id='word_1_18' title='bbox 3217 362 3445 434; x_wconf 78' lang='grc' dir='ltr'><strong>ὁρώσαις</strong></span> <span class='ocrx_word' id='word_1_19' title='bbox 3467 363 3640 433; x_wconf 70' lang='grc' dir='ltr'>ἀμφι-ει</span> 
     </span>
    </p>
   </div>
   <div class='ocr_carea' id='block_1_6' title="bbox 432 450 2005 521">
    <p class='ocr_par' dir='ltr' id='par_1_6' title="bbox 432 450 2005 521">
     <span class='ocr_line' id='line_1_6' title="bbox 432 450 2005 521; baseline 0 -17"><span class='ocrx_word' id='word_1_20' title='bbox 432 467 648 505; x_wconf 88' lang='lat' dir='ltr'><strong>omnem</strong></span> <span class='ocrx_word' id='word_1_21' title='bbox 681 450 947 506; x_wconf 81' lang='lat' dir='ltr'><strong>eximunt.</strong></span> <span class='ocrx_word' id='word_1_22' title='bbox 1001 450 1136 517; x_wconf 84' lang='lat' dir='ltr'><strong>Quis</strong></span> <span class='ocrx_word' id='word_1_23' title='bbox 1169 466 1230 505; x_wconf 83' lang='lat' dir='ltr'><strong>ex</strong></span> <span class='ocrx_word' id='word_1_24' title='bbox 1270 451 1600 506; x_wconf 85' lang='lat' dir='ltr'><strong>adversariis</strong></span> <span class='ocrx_word' id='word_1_25' title='bbox 1647 452 1815 521; x_wconf 80' lang='lat' dir='ltr'><strong>igitur</strong></span> <span class='ocrx_word' id='word_1_26' title='bbox 1844 453 2005 507; x_wconf 89' lang='lat' dir='ltr'><strong>etiam</strong></span> 
     </span>
    </p>
   </div>
   <div class='ocr_carea' id='block_1_7' title="bbox 428 539 2009 608">
    <p class='ocr_par' dir='ltr' id='par_1_7' title="bbox 428 539 2009 608">
     <span class='ocr_line' id='line_1_7' title="bbox 428 539 2009 608; baseline 0 -14"><span class='ocrx_word' id='word_1_27' title='bbox 428 543 544 596; x_wconf 61' lang='lat' dir='ltr'><strong>haec</strong></span> <span class='ocrx_word' id='word_1_28' title='bbox 579 542 631 595; x_wconf 93' lang='lat' dir='ltr'><strong>in</strong></span> <span class='ocrx_word' id='word_1_29' title='bbox 677 555 831 596; x_wconf 84' lang='lat' dir='ltr'><strong>suam</strong></span> <span class='ocrx_word' id='word_1_30' title='bbox 867 539 1197 596; x_wconf 89' lang='lat' dir='ltr'><strong>sententiam</strong></span> <span class='ocrx_word' id='word_1_31' title='bbox 1243 539 1536 604; x_wconf 88' lang='lat' dir='ltr'><strong>invertere,</strong></span> <span class='ocrx_word' id='word_1_32' title='bbox 1587 540 1815 605; x_wconf 88' lang='lat' dir='ltr'><strong>etsuis,</strong></span> <span class='ocrx_word' id='word_1_33' title='bbox 1872 555 2009 608; x_wconf 88' lang='lat' dir='ltr'><strong>quas</strong></span> 
     </span>
    </p>
   </div>
   <div class='ocr_carea' id='block_1_8' title="bbox 383 624 2007 702">
    <p class='ocr_par' dir='ltr' id='par_1_8' title="bbox 383 624 2007 702">
     <span class='ocr_line' id='line_1_8' title="bbox 383 624 2007 702; baseline 0.001 -18"><span class='ocrx_word' id='word_1_34' title='bbox 383 624 388 630; x_wconf 83' lang='grc'><em>’</em></span> <span class='ocrx_word' id='word_1_35' title='bbox 437 634 555 701; x_wconf 86' lang='lat' dir='ltr'><strong>ipse</strong></span> <span class='ocrx_word' id='word_1_36' title='bbox 588 633 640 685; x_wconf 93' lang='lat' dir='ltr'><strong>in</strong></span> <span class='ocrx_word' id='word_1_37' title='bbox 687 647 746 687; x_wconf 92' lang='lat' dir='ltr'><strong>se</strong></span> <span class='ocrx_word' id='word_1_38' title='bbox 776 635 970 695; x_wconf 98' lang='lat' dir='ltr'><strong>nutrit,</strong></span> <span class='ocrx_word' id='word_1_39' title='bbox 1007 632 1438 702; x_wconf 79' lang='lat' dir='ltr'><strong>cogitationibus</strong></span> <span class='ocrx_word' id='word_1_40' title='bbox 1471 633 1729 700; x_wconf 87' lang='lat' dir='ltr'><strong>adaptare</strong></span> <span class='ocrx_word' id='word_1_41' title='bbox 1779 633 2007 687; x_wconf 88' lang='lat' dir='ltr'><strong>conabi-</strong></span> 
     </span>
    </p>
   </div>
   <div class='ocr_carea' id='block_1_9' title="bbox 429 722 2007 796">
    <p class='ocr_par' dir='ltr' id='par_1_9' title="bbox 429 722 2007 796">
     <span class='ocr_line' id='line_1_9' title="bbox 429 722 2007 796; baseline 0.003 -24"><span class='ocrx_word' id='word_1_42' title='bbox 429 724 565 776; x_wconf 83' lang='lat' dir='ltr'><strong>tur?</strong></span> <span class='ocrx_word' id='word_1_43' title='bbox 591 722 834 794; x_wconf 86' lang='lat' dir='ltr'><strong>Namque</strong></span> <span class='ocrx_word' id='word_1_44' title='bbox 881 725 968 778; x_wconf 86' lang='lat' dir='ltr'><strong>his</strong></span> <span class='ocrx_word' id='word_1_45' title='bbox 1002 739 1125 780; x_wconf 89' lang='lat' dir='ltr'><strong>sese</strong></span> <span class='ocrx_word' id='word_1_46' title='bbox 1159 740 1438 795; x_wconf 90' lang='lat' dir='ltr'><strong>opponere</strong></span> <span class='ocrx_word' id='word_1_47' title='bbox 1461 734 1830 796; x_wconf 69' lang='lat' dir='ltr'><strong>prmterquam</strong></span> <span class='ocrx_word' id='word_1_48' title='bbox 1863 725 2007 794; x_wconf 89' lang='lat' dir='ltr'><strong>quod</strong></span> 
     </span>
    </p>
   </div>
   <div class='ocr_carea' id='block_1_10' title="bbox 431 815 2011 885">
    <p class='ocr_par' dir='ltr' id='par_1_10' title="bbox 431 815 2011 885">
     <span class='ocr_line' id='line_1_10' title="bbox 431 815 2011 885; baseline 0.001 -17"><span class='ocrx_word' id='word_1_49' title='bbox 431 815 630 871; x_wconf 75' lang='lat' dir='ltr'><strong>frustra</strong></span> <span class='ocrx_word' id='word_1_50' title='bbox 655 831 873 885; x_wconf 86' lang='lat' dir='ltr'><strong>operam</strong></span> <span class='ocrx_word' id='word_1_51' title='bbox 927 817 1226 884; x_wconf 78' lang='lat' dir='ltr'><strong>insumere,</strong></span> <span class='ocrx_word' id='word_1_52' title='bbox 1264 818 1506 871; x_wconf 75' lang='lat' dir='ltr'><strong>maxime</strong></span> <span class='ocrx_word' id='word_1_53' title='bbox 1557 817 1609 870; x_wconf 92' lang='lat' dir='ltr'><strong>id</strong></span> <span class='ocrx_word' id='word_1_54' title='bbox 1653 819 1816 871; x_wconf 85' lang='lat' dir='ltr'><strong>etiam</strong></span> <span class='ocrx_word' id='word_1_55' title='bbox 1865 825 2011 870; x_wconf 86' lang='lat' dir='ltr'><strong>esset</strong></span> 
     </span>
    </p>
   </div>
   <div class='ocr_carea' id='block_1_11' title="bbox 432 907 2010 979">
    <p class='ocr_par' dir='ltr' id='par_1_11' title="bbox 432 907 2010 979">
     <span class='ocr_line' id='line_1_11' title="bbox 432 907 2010 979; baseline 0.001 -21"><span class='ocrx_word' id='word_1_56' title='bbox 432 909 681 976; x_wconf 75' lang='lat' dir='ltr'><strong>projecta:</strong></span> <span class='ocrx_word' id='word_1_57' title='bbox 704 909 966 974; x_wconf 77' lang='lat' dir='ltr'><strong>audaciae,</strong></span> <span class='ocrx_word' id='word_1_58' title='bbox 987 907 1429 979; x_wconf 87' lang='lat' dir='ltr'><strong>quandoquidem</strong></span> <span class='ocrx_word' id='word_1_59' title='bbox 1455 907 1530 960; x_wconf 91' lang='lat' dir='ltr'><strong>illi</strong></span> <span class='ocrx_word' id='word_1_60' title='bbox 1561 917 1684 962; x_wconf 90' lang='lat' dir='ltr'><strong>sunt</strong></span> <span class='ocrx_word' id='word_1_61' title='bbox 1703 907 2010 978; x_wconf 61' lang='lat' dir='ltr'><strong>apostolica:</strong></span> 
     </span>
    </p>
   </div>
   <div class='ocr_carea' id='block_1_12' title="bbox 432 999 2010 1070">
    <p class='ocr_par' dir='ltr' id='par_1_12' title="bbox 432 999 2010 1070">
     <span class='ocr_line' id='line_1_12' title="bbox 432 999 2010 1070; baseline 0.001 -19"><span class='ocrx_word' id='word_1_62' title='bbox 432 999 684 1054; x_wconf 73' lang='lat' dir='ltr'><strong>Ecclesia:</strong></span> <span class='ocrx_word' id='word_1_63' title='bbox 747 1001 966 1055; x_wconf 85' lang='lat' dir='ltr'><strong>nemine</strong></span> <span class='ocrx_word' id='word_1_64' title='bbox 1038 1016 1266 1070; x_wconf 88' lang='lat' dir='ltr'><strong>prorsus</strong></span> <span class='ocrx_word' id='word_1_65' title='bbox 1343 999 1696 1070; x_wconf 87' lang='lat' dir='ltr'><strong>discrepante</strong></span> <span class='ocrx_word' id='word_1_66' title='bbox 1769 1000 2010 1054; x_wconf 76' lang='lat' dir='ltr'><strong>illustres</strong></span> 
     </span>
    </p>
   </div>
   <div class='ocr_carea' id='block_1_13' title="bbox 433 1090 2011 1162">
    <p class='ocr_par' dir='ltr' id='par_1_13' title="bbox 433 1090 2011 1162">
     <span class='ocr_line' id='line_1_13' title="bbox 433 1090 2011 1162; baseline -0.001 -18"><span class='ocrx_word' id='word_1_67' title='bbox 433 1092 698 1161; x_wconf 80' lang='lat' dir='ltr'><strong>magistri,</strong></span> <span class='ocrx_word' id='word_1_68' title='bbox 732 1102 1134 1162; x_wconf 81' lang='lat' dir='ltr'><strong>proptereaque</strong></span> <span class='ocrx_word' id='word_1_69' title='bbox 1157 1093 1291 1157; x_wconf 89' lang='lat' dir='ltr'><strong>illis,</strong></span> <span class='ocrx_word' id='word_1_70' title='bbox 1326 1101 1588 1162; x_wconf 85' lang='lat' dir='ltr'><strong>tanquam</strong></span> <span class='ocrx_word' id='word_1_71' title='bbox 1621 1091 1712 1160; x_wconf 91' lang='lat' dir='ltr'><strong>qui</strong></span> <span class='ocrx_word' id='word_1_72' title='bbox 1747 1090 2011 1145; x_wconf 91' lang='lat' dir='ltr'><strong>continuo</strong></span> 
     </span>
    </p>
   </div>
   <div class='ocr_carea' id='block_1_14' title="bbox 429 1181 2008 1253">
    <p class='ocr_par' dir='ltr' id='par_1_14' title="bbox 429 1181 2008 1253">
     <span class='ocr_line' id='line_1_14' title="bbox 429 1181 2008 1253; baseline -0.002 -18"><span class='ocrx_word' id='word_1_73' title='bbox 429 1199 550 1237; x_wconf 80' lang='lat' dir='ltr'><strong>cum</strong></span> <span class='ocrx_word' id='word_1_74' title='bbox 601 1183 810 1253; x_wconf 83' lang='lat' dir='ltr'><strong>Spiritu</strong></span> <span class='ocrx_word' id='word_1_75' title='bbox 867 1183 1247 1252; x_wconf 87' lang='lat' dir='ltr'><strong>eloquuntur,</strong></span> <span class='ocrx_word' id='word_1_76' title='bbox 1305 1197 1539 1253; x_wconf 81' lang='lat' dir='ltr'><strong>prorsus</strong></span> <span class='ocrx_word' id='word_1_77' title='bbox 1596 1181 2008 1236; x_wconf 79' lang='lat' dir='ltr'><strong>assentiendum</strong></span> 
     </span>
    </p>
   </div>
   <div class='ocr_carea' id='block_1_15' title="bbox 427 1271 2009 1344">
    <p class='ocr_par' dir='ltr' id='par_1_15' title="bbox 427 1271 2009 1344">
     <span class='ocr_line' id='line_1_15' title="bbox 427 1271 2009 1344; baseline -0.001 -16"><span class='ocrx_word' id='word_1_78' title='bbox 427 1283 530 1328; x_wconf 86' lang='lat' dir='ltr'><strong>est.</strong></span> <span class='ocrx_word' id='word_1_79' title='bbox 575 1275 680 1328; x_wconf 79' lang='lat' dir='ltr'><strong>Sed</strong></span> <span class='ocrx_word' id='word_1_80' title='bbox 715 1276 766 1328; x_wconf 89' lang='lat' dir='ltr'><strong>hi</strong></span> <span class='ocrx_word' id='word_1_81' title='bbox 797 1275 1014 1344; x_wconf 81' lang='lat' dir='ltr'><strong>quidem</strong></span> <span class='ocrx_word' id='word_1_82' title='bbox 1043 1274 1144 1329; x_wconf 85' lang='lat' dir='ltr'><strong>hac</strong></span> <span class='ocrx_word' id='word_1_83' title='bbox 1176 1271 1391 1329; x_wconf 81' lang='lat' dir='ltr'><strong>ratione</strong></span> <span class='ocrx_word' id='word_1_84' title='bbox 1425 1274 1636 1344; x_wconf 75' lang='lat' dir='ltr'><strong>digesta</strong></span> <span class='ocrx_word' id='word_1_85' title='bbox 1669 1282 1829 1327; x_wconf 89' lang='lat' dir='ltr'><strong>antea</strong></span> <span class='ocrx_word' id='word_1_86' title='bbox 1864 1273 2009 1326; x_wconf 87' lang='lat' dir='ltr'><strong>dicta</strong></span> 
     </span>
    </p>
   </div>
   <div class='ocr_carea' id='block_1_16' title="bbox 432 1363 2011 1433">
    <p class='ocr_par' dir='ltr' id='par_1_16' title="bbox 432 1363 2011 1433">
     <span class='ocr_line' id='line_1_16' title="bbox 432 1363 2011 1433; baseline 0 -18"><span class='ocrx_word' id='word_1_87' title='bbox 432 1365 619 1428; x_wconf 88' lang='lat' dir='ltr'><strong>robur,</strong></span> <span class='ocrx_word' id='word_1_88' title='bbox 648 1363 887 1433; x_wconf 91' lang='lat' dir='ltr'><strong>illudque</strong></span> <span class='ocrx_word' id='word_1_89' title='bbox 919 1364 1056 1418; x_wconf 86' lang='lat' dir='ltr'><strong>citra</strong></span> <span class='ocrx_word' id='word_1_90' title='bbox 1093 1379 1314 1418; x_wconf 85' lang='lat' dir='ltr'><strong>omnem</strong></span> <span class='ocrx_word' id='word_1_91' title='bbox 1343 1363 1780 1418; x_wconf 88' lang='lat' dir='ltr'><strong>controversiam</strong></span> <span class='ocrx_word' id='word_1_92' title='bbox 1808 1363 2011 1416; x_wconf 86' lang='lat' dir='ltr'><strong>habere</strong></span> 
     </span>
    </p>
   </div>
   <div class='ocr_carea' id='block_1_17' title="bbox 431 1456 1322 1510">
    <p class='ocr_par' dir='ltr' id='par_1_17' title="bbox 431 1456 1322 1510">
     <span class='ocr_line' id='line_1_17' title="bbox 431 1456 1322 1510; baseline 0.002 -2"><span class='ocrx_word' id='word_1_93' title='bbox 431 1471 534 1508; x_wconf 86' lang='lat' dir='ltr'><strong>suo</strong></span> <span class='ocrx_word' id='word_1_94' title='bbox 561 1456 875 1508; x_wconf 83' lang='lat' dir='ltr'><strong>testimonio</strong></span> <span class='ocrx_word' id='word_1_95' title='bbox 904 1456 1322 1510; x_wconf 74' lang='lat' dir='ltr'><strong>confirmarunt.</strong></span> 
     </span>
    </p>
   </div>
   <div class='ocr_carea' id='block_1_18' title="bbox 503 1545 2008 1618">
    <p class='ocr_par' dir='ltr' id='par_1_18' title="bbox 503 1545 2008 1618">
     <span class='ocr_line' id='line_1_18' title="bbox 503 1545 2008 1618; baseline 0.001 -21"><span class='ocrx_word' id='word_1_96' title='bbox 503 1545 591 1598; x_wconf 81' lang='lat' dir='ltr'><strong>ll.</strong></span> <span class='ocrx_word' id='word_1_97' title='bbox 656 1545 726 1600; x_wconf 90' lang='lat' dir='ltr'><strong>Ut</strong></span> <span class='ocrx_word' id='word_1_98' title='bbox 778 1562 928 1612; x_wconf 84' lang='lat' dir='ltr'><strong>vero,</strong></span> <span class='ocrx_word' id='word_1_99' title='bbox 973 1549 1119 1616; x_wconf 85' lang='lat' dir='ltr'><strong>quod</strong></span> <span class='ocrx_word' id='word_1_100' title='bbox 1180 1563 1324 1602; x_wconf 92' lang='lat' dir='ltr'><strong>nunc</strong></span> <span class='ocrx_word' id='word_1_101' title='bbox 1368 1547 1636 1618; x_wconf 68' lang='lat' dir='ltr'><strong>qureritur</strong></span> <span class='ocrx_word' id='word_1_102' title='bbox 1694 1561 1722 1599; x_wconf 88' lang='lat' dir='ltr'><strong>a</strong></span> <span class='ocrx_word' id='word_1_103' title='bbox 1786 1545 2008 1615; x_wconf 86' lang='lat' dir='ltr'><strong>multis,</strong></span> 
     </span>
    </p>
   </div>
   <div class='ocr_carea' id='block_1_19' title="bbox 424 1635 2010 1706">
    <p class='ocr_par' dir='ltr' id='par_1_19' title="bbox 424 1635 2010 1706">
     <span class='ocr_line' id='line_1_19' title="bbox 424 1635 2010 1706; baseline -0.001 -17"><span class='ocrx_word' id='word_1_104' title='bbox 424 1635 734 1691; x_wconf 77' lang='lat' dir='ltr'><strong>absolutius</strong></span> <span class='ocrx_word' id='word_1_105' title='bbox 795 1652 984 1691; x_wconf 82' lang='lat' dir='ltr'><strong>rursus</strong></span> <span class='ocrx_word' id='word_1_106' title='bbox 1044 1651 1140 1704; x_wconf 91' lang='lat' dir='ltr'><strong>pcr</strong></span> <span class='ocrx_word' id='word_1_107' title='bbox 1187 1637 1397 1706; x_wconf 85' lang='lat' dir='ltr'><strong>scripto</strong></span> <span class='ocrx_word' id='word_1_108' title='bbox 1447 1637 1643 1691; x_wconf 88' lang='lat' dir='ltr'><strong>tradita</strong></span> <span class='ocrx_word' id='word_1_109' title='bbox 1700 1635 2010 1690; x_wconf 79' lang='lat' dir='ltr'><strong>testimonia</strong></span> 
     </span>
    </p>
   </div>
   <div class='ocr_carea' id='block_1_20' title="bbox 2113 452 3642 526">
    <p class='ocr_par' dir='ltr' id='par_1_20' title="bbox 2113 452 3642 526">
     <span class='ocr_line' id='line_1_20' title="bbox 2113 452 3642 526; baseline 0.003 -19"><span class='ocrx_word' id='word_1_110' title='bbox 2113 456 2439 526; x_wconf 74' lang='grc' dir='ltr'>ϐητήσιμον.</span> <span class='ocrx_word' id='word_1_111' title='bbox 2465 458 2559 519; x_wconf 88' lang='grc' dir='ltr'>Τίς</span> <span class='ocrx_word' id='word_1_112' title='bbox 2587 457 2695 508; x_wconf 87' lang='grc' dir='ltr'><strong>τῶν</strong></span> <span class='ocrx_word' id='word_1_113' title='bbox 2714 456 3123 525; x_wconf 75' lang='grc' dir='ltr'><strong>ἀνθεστηκότων</strong></span> <span class='ocrx_word' id='word_1_114' title='bbox 3153 452 3336 508; x_wconf 76' lang='grc' dir='ltr'>λοιπὸν</span> <span class='ocrx_word' id='word_1_115' title='bbox 3363 456 3642 525; x_wconf 67' lang='grc' dir='ltr'>διαστρέψαι</span> 
     </span>
    </p>
   </div>
   <div class='ocr_carea' id='block_1_21' title="bbox 2113 546 3644 618">
    <p class='ocr_par' dir='ltr' id='par_1_21' title="bbox 2113 546 3644 618">
     <span class='ocr_line' id='line_1_21' title="bbox 2113 546 3644 618; baseline 0.003 -19"><span class='ocrx_word' id='word_1_116' title='bbox 2113 546 2459 616; x_wconf 84' lang='grc' dir='ltr'>πειράσεται.</span> <span class='ocrx_word' id='word_1_117' title='bbox 2485 547 2809 610; x_wconf 62' lang='grc' dir='ltr'>κατταύτας</span> <span class='ocrx_word' id='word_1_118' title='bbox 2837 549 2973 616; x_wconf 80' lang='grc' dir='ltr'>πρὸς</span> <span class='ocrx_word' id='word_1_119' title='bbox 3021 547 3082 599; x_wconf 71' lang='grc' dir='ltr'><strong>τὸ</strong></span> <span class='ocrx_word' id='word_1_120' title='bbox 3113 546 3305 600; x_wconf 83' lang='grc' dir='ltr'><strong>δοκοῦν</strong></span> <span class='ocrx_word' id='word_1_121' title='bbox 3357 549 3538 618; x_wconf 80' lang='grc' dir='ltr'>ἑαυτῷ,</span> <span class='ocrx_word' id='word_1_122' title='bbox 3565 553 3644 603; x_wconf 72' lang='grc' dir='ltr'>καὶ</span> 
     </span>
    </p>
   </div>
   <div class='ocr_carea' id='block_1_22' title="bbox 2111 634 3649 709">
    <p class='ocr_par' dir='ltr' id='par_1_22' title="bbox 2111 634 3649 709">
     <span class='ocr_line' id='line_1_22' title="bbox 2111 634 3649 709; baseline 0.002 -19"><span class='ocrx_word' id='word_1_123' title='bbox 2111 640 2242 700; x_wconf 82' lang='grc' dir='ltr'>τοῖς,</span> <span class='ocrx_word' id='word_1_124' title='bbox 2273 634 2383 702; x_wconf 77' lang='grc' dir='ltr'>οἷος</span> <span class='ocrx_word' id='word_1_125' title='bbox 2425 639 2585 702; x_wconf 82' lang='grc' dir='ltr'>αὐτὸς</span> <span class='ocrx_word' id='word_1_126' title='bbox 2614 639 2754 708; x_wconf 79' lang='grc' dir='ltr'>ἔχων</span> <span class='ocrx_word' id='word_1_127' title='bbox 2811 639 2936 692; x_wconf 90' lang='grc' dir='ltr'>νοῦν</span> <span class='ocrx_word' id='word_1_128' title='bbox 2972 639 3107 701; x_wconf 83' lang='grc' dir='ltr'>ὅλως</span> <span class='ocrx_word' id='word_1_129' title='bbox 3137 639 3234 691; x_wconf 74' lang='grc' dir='ltr'><strong>καὶ</strong></span> <span class='ocrx_word' id='word_1_130' title='bbox 3263 637 3498 709; x_wconf 75' lang='grc' dir='ltr'><strong>λογισμῷ</strong></span> <span class='ocrx_word' id='word_1_131' title='bbox 3538 641 3649 693; x_wconf 83' lang='grc' dir='ltr'>διοι-</span> 
     </span>
    </p>
   </div>
   <div class='ocr_carea' id='block_1_23' title="bbox 2111 729 3648 801">
    <p class='ocr_par' dir='ltr' id='par_1_23' title="bbox 2111 729 3648 801">
     <span class='ocr_line' id='line_1_23' title="bbox 2111 729 3648 801; baseline 0.001 -19"><span class='ocrx_word' id='word_1_132' title='bbox 2111 729 2417 800; x_wconf 84' lang='grc' dir='ltr'>κούμενος;</span> <span class='ocrx_word' id='word_1_133' title='bbox 2450 732 2523 782; x_wconf 85' lang='grc' dir='ltr'><strong>Τὸ</strong></span> <span class='ocrx_word' id='word_1_134' title='bbox 2563 731 2671 800; x_wconf 76' lang='grc' dir='ltr'><strong>γὰρ</strong></span> <span class='ocrx_word' id='word_1_135' title='bbox 2711 732 2989 786; x_wconf 81' lang='grc' dir='ltr'><strong>ἀντειπεῖν</strong></span> <span class='ocrx_word' id='word_1_136' title='bbox 3020 732 3128 793; x_wconf 81' lang='grc' dir='ltr'>τοῖς</span> <span class='ocrx_word' id='word_1_137' title='bbox 3157 730 3406 800; x_wconf 83' lang='grc' dir='ltr'>είρηκόσι</span> <span class='ocrx_word' id='word_1_138' title='bbox 3430 731 3552 799; x_wconf 70' lang='grc' dir='ltr'>πρὸς</span> <span class='ocrx_word' id='word_1_139' title='bbox 3581 733 3648 801; x_wconf 82' lang='grc' dir='ltr'>τῷ</span> 
     </span>
    </p>
   </div>
   <div class='ocr_carea' id='block_1_24' title="bbox 2113 819 3646 892">
    <p class='ocr_par' dir='ltr' id='par_1_24' title="bbox 2113 819 3646 892">
     <span class='ocr_line' id='line_1_24' title="bbox 2113 819 3646 892; baseline -0.001 -20"><span class='ocrx_word' id='word_1_140' title='bbox 2113 821 2288 891; x_wconf 83' lang='grc' dir='ltr'><strong>πάντη</strong></span> <span class='ocrx_word' id='word_1_141' title='bbox 2321 822 2606 892; x_wconf 77' lang='grc' dir='ltr'><strong>τυγχάνειν</strong></span> <span class='ocrx_word' id='word_1_142' title='bbox 2630 822 2891 888; x_wconf 84' lang='grc' dir='ltr'>ἀνήνυτον</span> <span class='ocrx_word' id='word_1_143' title='bbox 2915 821 3012 873; x_wconf 76' lang='grc' dir='ltr'>καὶ</span> <span class='ocrx_word' id='word_1_144' title='bbox 3037 819 3158 872; x_wconf 82' lang='grc' dir='ltr'>λίαν</span> <span class='ocrx_word' id='word_1_145' title='bbox 3190 820 3334 872; x_wconf 79' lang='grc' dir='ltr'>ἔοικε</span> <span class='ocrx_word' id='word_1_146' title='bbox 3368 820 3615 890; x_wconf 72' lang='grc' dir='ltr'>τολμηρόν</span> <span class='ocrx_word' id='word_1_147' title='bbox 3634 837 3646 853; x_wconf 89' lang='grc'><strong>·</strong></span> 
     </span>
    </p>
   </div>
   <div class='ocr_carea' id='block_1_25' title="bbox 2111 910 3737 982">
    <p class='ocr_par' dir='ltr' id='par_1_25' title="bbox 2111 910 3737 982">
     <span class='ocr_line' id='line_1_25' title="bbox 2111 910 3737 982; baseline 0 -20"><span class='ocrx_word' id='word_1_148' title='bbox 2111 911 2342 980; x_wconf 76' lang='grc' dir='ltr'>ἐπείπερ</span> <span class='ocrx_word' id='word_1_149' title='bbox 2400 913 2500 982; x_wconf 86' lang='grc' dir='ltr'>τῆς</span> <span class='ocrx_word' id='word_1_150' title='bbox 2544 911 2912 981; x_wconf 80' lang='grc' dir='ltr'>ἀποστολικῆς</span> <span class='ocrx_word' id='word_1_151' title='bbox 2972 910 3306 978; x_wconf 80' lang='grc' dir='ltr'>Ἐκκλησίοὶς</span> <span class='ocrx_word' id='word_1_152' title='bbox 3367 915 3650 978; x_wconf 69' lang='grc' dir='ltr'><strong>περιφανεῖς</strong></span> <span class='ocrx_word' id='word_1_153' title='bbox 3729 932 3737 942; x_wconf 94' lang='grc'><strong>·</strong></span> 
     </span>
    </p>
   </div>
   <div class='ocr_carea' id='block_1_26' title="bbox 2110 999 3652 1069">
    <p class='ocr_par' dir='ltr' id='par_1_26' title="bbox 2110 999 3652 1069">
     <span class='ocr_line' id='line_1_26' title="bbox 2110 999 3652 1069; baseline -0.001 -17"><span class='ocrx_word' id='word_1_154' title='bbox 2110 999 2559 1069; x_wconf 79' lang='grc' dir='ltr'><strong>ὁμολογουμένως</strong></span> <span class='ocrx_word' id='word_1_155' title='bbox 2583 1001 2930 1053; x_wconf 74' lang='grc' dir='ltr'>διδάσκαλοι·</span> <span class='ocrx_word' id='word_1_156' title='bbox 2967 999 3048 1052; x_wconf 86' lang='grc' dir='ltr'><strong>διδ</strong></span> <span class='ocrx_word' id='word_1_157' title='bbox 3071 1000 3210 1052; x_wconf 75' lang='grc' dir='ltr'><strong>κάπὶ</strong></span> <span class='ocrx_word' id='word_1_158' title='bbox 3237 1000 3369 1052; x_wconf 76' lang='grc' dir='ltr'>πᾶσι</span> <span class='ocrx_word' id='word_1_159' title='bbox 3403 999 3652 1051; x_wconf 73' lang='grc' dir='ltr'>πείθεσθαι</span> 
     </span>
    </p>
   </div>
   <div class='ocr_carea' id='block_1_27' title="bbox 2110 1084 3652 1161">
    <p class='ocr_par' dir='ltr' id='par_1_27' title="bbox 2110 1084 3652 1161">
     <span class='ocr_line' id='line_1_27' title="bbox 2110 1084 3652 1161; baseline -0.002 -18"><span class='ocrx_word' id='word_1_160' title='bbox 2110 1091 2323 1153; x_wconf 79' lang='grc' dir='ltr'><strong>τούτοις</strong></span> <span class='ocrx_word' id='word_1_161' title='bbox 2353 1091 2480 1154; x_wconf 83' lang='grc' dir='ltr'>τοὺς</span> <span class='ocrx_word' id='word_1_162' title='bbox 2517 1091 2728 1154; x_wconf 79' lang='grc' dir='ltr'>πάντας</span> <span class='ocrx_word' id='word_1_163' title='bbox 2761 1089 2962 1161; x_wconf 85' lang='grc' dir='ltr'>χρεὼν,</span> <span class='ocrx_word' id='word_1_164' title='bbox 3000 1084 3090 1142; x_wconf 73' lang='grc' dir='ltr'><strong>οἷα</strong></span> <span class='ocrx_word' id='word_1_165' title='bbox 3133 1088 3400 1158; x_wconf 79' lang='grc' dir='ltr'><strong>διηνεκῶς</strong></span> <span class='ocrx_word' id='word_1_166' title='bbox 3448 1087 3652 1155; x_wconf 65' lang='grc' dir='ltr'>φθεγγο-</span> 
     </span>
    </p>
   </div>
   <div class='ocr_carea' id='block_1_28' title="bbox 2116 1172 3654 1251">
    <p class='ocr_par' dir='ltr' id='par_1_28' title="bbox 2116 1172 3654 1251">
     <span class='ocr_line' id='line_1_28' title="bbox 2116 1172 3654 1251; baseline -0.001 -17"><span class='ocrx_word' id='word_1_167' title='bbox 2116 1182 2298 1251; x_wconf 83' lang='grc' dir='ltr'><strong>μένοις</strong></span> <span class='ocrx_word' id='word_1_168' title='bbox 2349 1181 2486 1251; x_wconf 70' lang='grc' dir='ltr'><strong>μετά</strong></span> <span class='ocrx_word' id='word_1_169' title='bbox 2520 1181 2613 1233; x_wconf 91' lang='grc' dir='ltr'><strong>τοῦ</strong></span> <span class='ocrx_word' id='word_1_170' title='bbox 2646 1181 2986 1250; x_wconf 83' lang='grc' dir='ltr'>Πνεύματος.</span> <span class='ocrx_word' id='word_1_171' title='bbox 3049 1179 3192 1232; x_wconf 80' lang='grc' dir='ltr'>Ἀλλ’</span> <span class='ocrx_word' id='word_1_172' title='bbox 3250 1178 3391 1231; x_wconf 78' lang='grc' dir='ltr'>οὕτω</span> <span class='ocrx_word' id='word_1_173' title='bbox 3422 1178 3513 1246; x_wconf 81' lang='grc' dir='ltr'>μὲν</span> <span class='ocrx_word' id='word_1_174' title='bbox 3534 1172 3654 1232; x_wconf 72' lang='grc' dir='ltr'>οὗτοι</span> 
     </span>
    </p>
   </div>
   <div class='ocr_carea' id='block_1_29' title="bbox 2111 1267 3722 1342">
    <p class='ocr_par' dir='ltr' id='par_1_29' title="bbox 2111 1267 3722 1342">
     <span class='ocr_line' id='line_1_29' title="bbox 2111 1267 3722 1342; baseline -0.001 -16"><span class='ocrx_word' id='word_1_175' title='bbox 2111 1273 2210 1336; x_wconf 85' lang='grc' dir='ltr'>τὰς</span> <span class='ocrx_word' id='word_1_176' title='bbox 2240 1273 2664 1342; x_wconf 81' lang='grc' dir='ltr'>προεκτεοείσας</span> <span class='ocrx_word' id='word_1_177' title='bbox 2712 1274 2984 1340; x_wconf 78' lang='grc' dir='ltr'>πατρικὰς</span> <span class='ocrx_word' id='word_1_178' title='bbox 3009 1273 3236 1342; x_wconf 79' lang='grc' dir='ltr'><strong>χρήσεις</strong></span> <span class='ocrx_word' id='word_1_179' title='bbox 3263 1271 3324 1322; x_wconf 78' lang='grc' dir='ltr'>τὸ</span> <span class='ocrx_word' id='word_1_180' title='bbox 3350 1267 3554 1340; x_wconf 80' lang='grc' dir='ltr'>ίσχυρδν</span> <span class='ocrx_word' id='word_1_181' title='bbox 3581 1273 3658 1325; x_wconf 65' lang='lat' dir='ltr'><strong>tui</strong></span> <span class='ocrx_word' id='word_1_182' title='bbox 3716 1302 3722 1307; x_wconf 85' lang='lat'><strong>~</strong></span> 
     </span>
    </p>
   </div>
   <div class='ocr_carea' id='block_1_30' title="bbox 2113 1361 3651 1434">
    <p class='ocr_par' dir='ltr' id='par_1_30' title="bbox 2113 1361 3651 1434">
     <span class='ocr_line' id='line_1_30' title="bbox 2113 1361 3651 1434; baseline -0.001 -18"><span class='ocrx_word' id='word_1_183' title='bbox 2113 1363 2516 1430; x_wconf 76' lang='grc' dir='ltr'><strong>ἀναμφίλεκτον</strong></span> <span class='ocrx_word' id='word_1_184' title='bbox 2569 1362 2713 1434; x_wconf 76' lang='grc' dir='ltr'>ἔχειν</span> <span class='ocrx_word' id='word_1_185' title='bbox 2746 1362 3090 1416; x_wconf 69' lang='grc' dir='ltr'>ἐϐεϐαίωσαν</span> <span class='ocrx_word' id='word_1_186' title='bbox 3130 1362 3223 1416; x_wconf 74' lang='grc' dir='ltr'>διὰ</span> <span class='ocrx_word' id='word_1_187' title='bbox 3274 1364 3381 1414; x_wconf 83' lang='grc' dir='ltr'><strong>τῶν</strong></span> <span class='ocrx_word' id='word_1_188' title='bbox 3424 1361 3651 1414; x_wconf 70' lang='grc' dir='ltr'>τοιούτων</span> 
     </span>
    </p>
   </div>
   <div class='ocr_carea' id='block_1_31' title="bbox 2119 1454 2452 1524">
    <p class='ocr_par' dir='ltr' id='par_1_31' title="bbox 2119 1454 2452 1524">
     <span class='ocr_line' id='line_1_31' title="bbox 2119 1454 2452 1524; baseline -0.006 -17"><span class='ocrx_word' id='word_1_189' title='bbox 2119 1454 2452 1524; x_wconf 82' lang='grc' dir='ltr'>μαρτυριῶν.</span> 
     </span>
    </p>
   </div>
   <div class='ocr_carea' id='block_1_32' title="bbox 2187 1544 3657 1617">
    <p class='ocr_par' dir='ltr' id='par_1_32' title="bbox 2187 1544 3657 1617">
     <span class='ocr_line' id='line_1_32' title="bbox 2187 1544 3657 1617; baseline -0.001 -19"><span class='ocrx_word' id='word_1_190' title='bbox 2187 1552 2276 1599; x_wconf 85' lang='grc' dir='ltr'>ια’.</span> <span class='ocrx_word' id='word_1_191' title='bbox 2314 1545 2434 1600; x_wconf 85' lang='grc' dir='ltr'>Ἵνα</span> <span class='ocrx_word' id='word_1_192' title='bbox 2459 1545 2514 1599; x_wconf 82' lang='grc' dir='ltr'><strong>δὲ</strong></span> <span class='ocrx_word' id='word_1_193' title='bbox 2539 1547 2634 1599; x_wconf 75' lang='grc' dir='ltr'>καὶ</span> <span class='ocrx_word' id='word_1_194' title='bbox 2657 1545 2719 1599; x_wconf 85' lang='grc' dir='ltr'><strong>τὺ</strong></span> <span class='ocrx_word' id='word_1_195' title='bbox 2747 1544 3083 1617; x_wconf 81' lang='grc' dir='ltr'>ζητούμενον</span> <span class='ocrx_word' id='word_1_196' title='bbox 3135 1545 3293 1615; x_wconf 85' lang='grc' dir='ltr'>παρά</span> <span class='ocrx_word' id='word_1_197' title='bbox 3343 1546 3449 1598; x_wconf 87' lang='grc' dir='ltr'><strong>τῶν</strong></span> <span class='ocrx_word' id='word_1_198' title='bbox 3475 1547 3657 1599; x_wconf 79' lang='grc' dir='ltr'>πολλῶν</span> 
     </span>
    </p>
   </div>
   <div class='ocr_carea' id='block_1_33' title="bbox 2112 1630 3657 1704">
    <p class='ocr_par' dir='ltr' id='par_1_33' title="bbox 2112 1630 3657 1704">
     <span class='ocr_line' id='line_1_33' title="bbox 2112 1630 3657 1704; baseline 0 -18"><span class='ocrx_word' id='word_1_199' title='bbox 2112 1635 2443 1703; x_wconf 83' lang='grc' dir='ltr'>τελεώτερον</span> <span class='ocrx_word' id='word_1_200' title='bbox 2467 1634 2557 1688; x_wconf 80' lang='grc' dir='ltr'><strong>διὰ</strong></span> <span class='ocrx_word' id='word_1_201' title='bbox 2596 1634 2886 1704; x_wconf 82' lang='grc' dir='ltr'>γραφικῶν</span> <span class='ocrx_word' id='word_1_202' title='bbox 2924 1630 3081 1696; x_wconf 76' lang='grc' dir='ltr'>αὖθις</span> <span class='ocrx_word' id='word_1_203' title='bbox 3123 1635 3380 1704; x_wconf 80' lang='grc' dir='ltr'><strong>χρήσεων</strong></span> <span class='ocrx_word' id='word_1_204' title='bbox 3409 1637 3657 1704; x_wconf 64' lang='grc' dir='ltr'>παραστῇ·</span> 
     </span>
    </p>
   </div>
   <div class='ocr_carea' id='block_1_34' title="bbox 431 1720 2015 1807">
    <p class='ocr_par' dir='ltr' id='par_1_34' title="bbox 431 1726 2001 1798">
     <span class='ocr_line' id='line_1_34' title="bbox 431 1726 2001 1798; baseline 0 -20"><span class='ocrx_word' id='word_1_205' title='bbox 431 1729 910 1791; x_wconf 77' lang='lat' dir='ltr'><strong>demoustremus,</strong></span> <span class='ocrx_word' id='word_1_206' title='bbox 969 1729 1480 1798; x_wconf 79' lang='lat' dir='ltr'><strong>perspicacissimus</strong></span> <span class='ocrx_word' id='word_1_207' title='bbox 1545 1727 1889 1798; x_wconf 85' lang='lat' dir='ltr'><strong>Epiphanius</strong></span> <span class='ocrx_word' id='word_1_208' title='bbox 1948 1726 2001 1779; x_wconf 85' lang='lat' dir='ltr'><strong>in</strong></span> 
     </span>
    </p>
   </div>
   <div class='ocr_carea' id='block_1_35' title="bbox 2119 1720 3658 1807">
    <p class='ocr_par' dir='ltr' id='par_1_35' title="bbox 2119 1723 3658 1807">
     <span class='ocr_line' id='line_1_35' title="bbox 2119 1723 3658 1807; baseline -0.001 -31"><span class='ocrx_word' id='word_1_209' title='bbox 2119 1741 2310 1793; x_wconf 76' lang='grc' dir='ltr'><strong>σωμεν⁹</strong></span> <span class='ocrx_word' id='word_1_210' title='bbox 2333 1726 2362 1776; x_wconf 83' lang='grc' dir='ltr'>ὁ</span> <span class='ocrx_word' id='word_1_211' title='bbox 2385 1724 2486 1807; x_wconf 52' lang='grc' dir='ltr'>μὲν</span> <span class='ocrx_word' id='word_1_212' title='bbox 2508 1723 2966 1795; x_wconf 81' lang='grc' dir='ltr'>διορατικὼτατος</span> <span class='ocrx_word' id='word_1_213' title='bbox 2999 1724 3323 1792; x_wconf 82' lang='grc' dir='ltr'>Ἐπιφάνιος</span> <span class='ocrx_word' id='word_1_214' title='bbox 3340 1727 3394 1776; x_wconf 82' lang='grc' dir='ltr'>ὲν</span> <span class='ocrx_word' id='word_1_215' title='bbox 3415 1725 3486 1794; x_wconf 81' lang='grc' dir='ltr'>τῷ</span> <span class='ocrx_word' id='word_1_216' title='bbox 3502 1726 3658 1792; x_wconf 78' lang='grc' dir='ltr'>οἰκείῳ</span> 
     </span>
    </p>
   </div>
   <div class='ocr_carea' id='block_1_36' title="bbox 412 1806 2008 1889">
    <p class='ocr_par' dir='ltr' id='par_1_36' title="bbox 412 1806 2008 1889">
     <span class='ocr_line' id='line_1_36' title="bbox 412 1806 2008 1889; baseline -0.002 -16"><span class='ocrx_word' id='word_1_217' title='bbox 412 1818 648 1887; x_wconf 73' lang='lat' dir='ltr'><strong>propria</strong></span> <span class='ocrx_word' id='word_1_218' title='bbox 690 1806 958 1882; x_wconf 81' lang='lat' dir='ltr'><strong>oratione,</strong></span> <span class='ocrx_word' id='word_1_219' title='bbox 993 1820 1079 1872; x_wconf 85' lang='lat' dir='ltr'><strong>cui</strong></span> <span class='ocrx_word' id='word_1_220' title='bbox 1108 1835 1304 1873; x_wconf 89' lang='lat' dir='ltr'><strong>nomen</strong></span> <span class='ocrx_word' id='word_1_221' title='bbox 1355 1828 1440 1874; x_wconf 89' lang='lat' dir='ltr'><strong>est</strong></span> <span class='ocrx_word' id='word_1_222' title='bbox 1492 1821 1788 1889; x_wconf 87' lang='lat' dir='ltr'><strong>Ancyroto,</strong></span> <span class='ocrx_word' id='word_1_223' title='bbox 1833 1817 2008 1886; x_wconf 80' lang='lat' dir='ltr'><strong>Spiri-</strong></span> 
     </span>
    </p>
   </div>
   <div class='ocr_carea' id='block_1_37' title="bbox 433 1909 2010 1978">
    <p class='ocr_par' dir='ltr' id='par_1_37' title="bbox 433 1909 2010 1978">
     <span class='ocr_line' id='line_1_37' title="bbox 433 1909 2010 1978; baseline 0.003 -19"><span class='ocrx_word' id='word_1_224' title='bbox 433 1921 515 1959; x_wconf 88' lang='lat' dir='ltr'><strong>tus</strong></span> <span class='ocrx_word' id='word_1_225' title='bbox 572 1917 806 1971; x_wconf 83' lang='lat' dir='ltr'><strong>sanctus,</strong></span> <span class='ocrx_word' id='word_1_226' title='bbox 869 1909 980 1970; x_wconf 88' lang='lat' dir='ltr'><strong>ait,</strong></span> <span class='ocrx_word' id='word_1_227' title='bbox 1031 1925 1130 1961; x_wconf 90' lang='lat' dir='ltr'><strong>non</strong></span> <span class='ocrx_word' id='word_1_228' title='bbox 1182 1909 1370 1978; x_wconf 77' lang='lat' dir='ltr'><strong>fratris</strong></span> <span class='ocrx_word' id='word_1_229' title='bbox 1412 1909 1623 1976; x_wconf 91' lang='lat' dir='ltr'><strong>frater,</strong></span> <span class='ocrx_word' id='word_1_230' title='bbox 1685 1926 1786 1962; x_wconf 89' lang='lat' dir='ltr'><strong>non</strong></span> <span class='ocrx_word' id='word_1_231' title='bbox 1828 1909 2010 1964; x_wconf 85' lang='lat' dir='ltr'><strong>Patris</strong></span> 
     </span>
    </p>
   </div>
   <div class='ocr_carea' id='block_1_38' title="bbox 433 1997 2010 2068">
    <p class='ocr_par' dir='ltr' id='par_1_38' title="bbox 433 1997 2010 2068">
     <span class='ocr_line' id='line_1_38' title="bbox 433 1997 2010 2068; baseline 0.003 -19"><span class='ocrx_word' id='word_1_232' title='bbox 433 2000 620 2067; x_wconf 78' lang='lat' dir='ltr'><strong>frater,</strong></span> <span class='ocrx_word' id='word_1_233' title='bbox 655 1998 744 2052; x_wconf 85' lang='lat' dir='ltr'><strong>sed</strong></span> <span class='ocrx_word' id='word_1_234' title='bbox 782 2013 846 2051; x_wconf 77' lang='lat' dir='ltr'><strong>ea:</strong></span> <span class='ocrx_word' id='word_1_235' title='bbox 891 2001 1008 2068; x_wconf 86' lang='lat' dir='ltr'><strong>ipsa</strong></span> <span class='ocrx_word' id='word_1_236' title='bbox 1061 2001 1290 2053; x_wconf 78' lang='lat' dir='ltr'><strong>essentia</strong></span> <span class='ocrx_word' id='word_1_237' title='bbox 1339 1997 1522 2052; x_wconf 88' lang='lat' dir='ltr'><strong>Patris</strong></span> <span class='ocrx_word' id='word_1_238' title='bbox 1564 2009 1611 2052; x_wconf 92' lang='lat' dir='ltr'><strong>et</strong></span> <span class='ocrx_word' id='word_1_239' title='bbox 1650 1999 1828 2062; x_wconf 85' lang='lat' dir='ltr'><strong>Filii;</strong></span> <span class='ocrx_word' id='word_1_240' title='bbox 1870 2009 1923 2054; x_wconf 83' lang='lat' dir='ltr'><strong>et</strong></span> <span class='ocrx_word' id='word_1_241' title='bbox 1957 2001 2010 2054; x_wconf 89' lang='lat' dir='ltr'><strong>in</strong></span> 
     </span>
    </p>
   </div>
   <div class='ocr_carea' id='block_1_39' title="bbox 433 2089 2010 2159">
    <p class='ocr_par' dir='ltr' id='par_1_39' title="bbox 433 2089 2010 2159">
     <span class='ocr_line' id='line_1_39' title="bbox 433 2089 2010 2159; baseline 0.001 -18"><span class='ocrx_word' id='word_1_242' title='bbox 433 2090 596 2144; x_wconf 87' lang='lat' dir='ltr'><strong>rebus</strong></span> <span class='ocrx_word' id='word_1_243' title='bbox 627 2090 828 2144; x_wconf 79' lang='lat' dir='ltr'><strong>divinis</strong></span> <span class='ocrx_word' id='word_1_244' title='bbox 874 2091 1190 2159; x_wconf 63' lang='lat' dir='ltr'><strong>praecellens</strong></span> <span class='ocrx_word' id='word_1_245' title='bbox 1242 2090 1479 2158; x_wconf 81' lang='lat' dir='ltr'><strong>Cyrillus</strong></span> <span class='ocrx_word' id='word_1_246' title='bbox 1511 2091 1564 2142; x_wconf 91' lang='lat' dir='ltr'><strong>in</strong></span> <span class='ocrx_word' id='word_1_247' title='bbox 1619 2105 1728 2143; x_wconf 91' lang='lat' dir='ltr'><strong>uno</strong></span> <span class='ocrx_word' id='word_1_248' title='bbox 1786 2089 2010 2144; x_wconf 87' lang='lat' dir='ltr'><strong>secundi</strong></span> 
     </span>
    </p>
   </div>
   <div class='ocr_carea' id='block_1_40' title="bbox 428 2180 2009 2251">
    <p class='ocr_par' dir='ltr' id='par_1_40' title="bbox 428 2180 2009 2251">
     <span class='ocr_line' id='line_1_40' title="bbox 428 2180 2009 2251; baseline 0.001 -18"><span class='ocrx_word' id='word_1_249' title='bbox 428 2180 839 2235; x_wconf 77' lang='lat' dir='ltr'><strong>.Thesaurorum</strong></span> <span class='ocrx_word' id='word_1_250' title='bbox 867 2183 1043 2251; x_wconf 87' lang='lat' dir='ltr'><strong>capite</strong></span> <span class='ocrx_word' id='word_1_251' title='bbox 1077 2183 1186 2235; x_wconf 87' lang='lat' dir='ltr'><strong>ait:</strong></span> <span class='ocrx_word' id='word_1_252' title='bbox 1245 2182 1558 2235; x_wconf 87' lang='lat' dir='ltr'><strong>Decernente</strong></span> <span class='ocrx_word' id='word_1_253' title='bbox 1580 2183 1755 2250; x_wconf 82' lang='lat' dir='ltr'><strong>itaque</strong></span> <span class='ocrx_word' id='word_1_254' title='bbox 1781 2181 2009 2246; x_wconf 78' lang='lat' dir='ltr'><strong>Christo,</strong></span> 
     </span>
    </p>
   </div>
   <div class='ocr_carea' id='block_1_41' title="bbox 429 2272 2016 2342">
    <p class='ocr_par' dir='ltr' id='par_1_41' title="bbox 429 2272 2016 2342">
     <span class='ocr_line' id='line_1_41' title="bbox 429 2272 2016 2342; baseline -0.001 -17"><span class='ocrx_word' id='word_1_255' title='bbox 429 2273 485 2325; x_wconf 83' lang='lat' dir='ltr'><strong>in</strong></span> <span class='ocrx_word' id='word_1_256' title='bbox 535 2272 650 2341; x_wconf 88' lang='lat' dir='ltr'><strong>ipso</strong></span> <span class='ocrx_word' id='word_1_257' title='bbox 685 2285 731 2325; x_wconf 90' lang='lat' dir='ltr'><strong>et</strong></span> <span class='ocrx_word' id='word_1_258' title='bbox 797 2288 863 2326; x_wconf 72' lang='lat' dir='ltr'><strong>ea:</strong></span> <span class='ocrx_word' id='word_1_259' title='bbox 926 2274 1040 2342; x_wconf 86' lang='lat' dir='ltr'><strong>ipso</strong></span> <span class='ocrx_word' id='word_1_260' title='bbox 1096 2274 1410 2326; x_wconf 75' lang='lat' dir='ltr'><strong>naturaliter</strong></span> <span class='ocrx_word' id='word_1_261' title='bbox 1463 2274 1714 2326; x_wconf 70' lang='lat' dir='ltr'><strong>exsistere</strong></span> <span class='ocrx_word' id='word_1_262' title='bbox 1742 2272 2016 2341; x_wconf 86' lang='lat' dir='ltr'><strong>.Spiritum</strong></span> 
     </span>
    </p>
   </div>
   <div class='ocr_carea' id='block_1_42' title="bbox 433 2359 2011 2429">
    <p class='ocr_par' dir='ltr' id='par_1_42' title="bbox 433 2359 2011 2429">
     <span class='ocr_line' id='line_1_42' title="bbox 433 2359 2011 2429; baseline 0.003 -21"><span class='ocrx_word' id='word_1_263' title='bbox 433 2371 586 2408; x_wconf 80' lang='lat' dir='ltr'><strong>suum</strong></span> <span class='ocrx_word' id='word_1_264' title='bbox 617 2360 869 2412; x_wconf 84' lang='lat' dir='ltr'><strong>decernit.</strong></span> <span class='ocrx_word' id='word_1_265' title='bbox 894 2359 1206 2428; x_wconf 89' lang='lat' dir='ltr'><strong>lterumque</strong></span> <span class='ocrx_word' id='word_1_266' title='bbox 1235 2361 1288 2413; x_wconf 91' lang='lat' dir='ltr'><strong>in</strong></span> <span class='ocrx_word' id='word_1_267' title='bbox 1322 2360 1430 2414; x_wconf 89' lang='lat' dir='ltr'><strong>alio</strong></span> <span class='ocrx_word' id='word_1_268' title='bbox 1454 2360 1520 2414; x_wconf 90' lang='lat' dir='ltr'><strong>de</strong></span> <span class='ocrx_word' id='word_1_269' title='bbox 1553 2361 1754 2429; x_wconf 88' lang='lat' dir='ltr'><strong>Spiritu</strong></span> <span class='ocrx_word' id='word_1_270' title='bbox 1783 2370 2011 2415; x_wconf 87' lang='lat' dir='ltr'><strong>sancto:</strong></span> 
     </span>
    </p>
   </div>
   <div class='ocr_carea' id='block_1_43' title="bbox 437 2446 2010 2515">
    <p class='ocr_par' dir='ltr' id='par_1_43' title="bbox 437 2446 2010 2515">
     <span class='ocr_line' id='line_1_43' title="bbox 437 2446 2010 2515; baseline 0.002 -16"><span class='ocrx_word' id='word_1_271' title='bbox 437 2446 525 2499; x_wconf 83' lang='lat' dir='ltr'><strong>Uti</strong></span> <span class='ocrx_word' id='word_1_272' title='bbox 555 2463 619 2501; x_wconf 78' lang='lat' dir='ltr'><strong>ea:</strong></span> <span class='ocrx_word' id='word_1_273' title='bbox 653 2450 877 2502; x_wconf 73' lang='lat' dir='ltr'><strong>essentia</strong></span> <span class='ocrx_word' id='word_1_274' title='bbox 903 2451 1158 2504; x_wconf 76' lang='lat' dir='ltr'><strong>exsistens</strong></span> <span class='ocrx_word' id='word_1_275' title='bbox 1193 2451 1558 2504; x_wconf 79' lang='lat' dir='ltr'><strong>distribuentis</strong></span> <span class='ocrx_word' id='word_1_276' title='bbox 1592 2450 1727 2503; x_wconf 84' lang='lat' dir='ltr'><strong>illud</strong></span> <span class='ocrx_word' id='word_1_277' title='bbox 1769 2449 2010 2515; x_wconf 79' lang='lat' dir='ltr'><strong>Sanctis,</strong></span> 
     </span>
    </p>
   </div>
   <div class='ocr_carea' id='block_1_44' title="bbox 434 2537 2019 2609">
    <p class='ocr_par' dir='ltr' id='par_1_44' title="bbox 434 2537 2019 2609">
     <span class='ocr_line' id='line_1_44' title="bbox 434 2537 2019 2609; baseline -0.003 -14"><span class='ocrx_word' id='word_1_278' title='bbox 434 2537 629 2595; x_wconf 83' lang='lat' dir='ltr'><strong>Christi</strong></span> <span class='ocrx_word' id='word_1_279' title='bbox 659 2540 882 2595; x_wconf 81' lang='lat' dir='ltr'><strong>scilicet.</strong></span> <span class='ocrx_word' id='word_1_280' title='bbox 931 2540 997 2594; x_wconf 88' lang='lat' dir='ltr'><strong>Et</strong></span> <span class='ocrx_word' id='word_1_281' title='bbox 1030 2541 1084 2595; x_wconf 89' lang='lat' dir='ltr'><strong>in</strong></span> <span class='ocrx_word' id='word_1_282' title='bbox 1109 2541 1252 2594; x_wconf 89' lang='lat' dir='ltr'><strong>alio:</strong></span> <span class='ocrx_word' id='word_1_283' title='bbox 1289 2539 1514 2594; x_wconf 81' lang='lat' dir='ltr'><strong>Necesse</strong></span> <span class='ocrx_word' id='word_1_284' title='bbox 1538 2540 1828 2609; x_wconf 69' lang='lat' dir='ltr'><strong>est-igitur</strong></span> <span class='ocrx_word' id='word_1_285' title='bbox 1857 2538 2019 2608; x_wconf 76' lang='lat' dir='ltr'><strong>fateri</strong></span> 
     </span>
    </p>
   </div>
   <div class='ocr_carea' id='block_1_45' title="bbox 432 2627 2015 2694">
    <p class='ocr_par' dir='ltr' id='par_1_45' title="bbox 432 2627 2015 2694">
     <span class='ocr_line' id='line_1_45' title="bbox 432 2627 2015 2694; baseline -0.001 -13"><span class='ocrx_word' id='word_1_286' title='bbox 432 2629 586 2682; x_wconf 85' lang='lat' dir='ltr'><strong>illum</strong></span> <span class='ocrx_word' id='word_1_287' title='bbox 619 2644 732 2684; x_wconf 85' lang='lat' dir='ltr'><strong>esse</strong></span> <span class='ocrx_word' id='word_1_288' title='bbox 781 2644 846 2684; x_wconf 74' lang='lat' dir='ltr'><strong>etc</strong></span> <span class='ocrx_word' id='word_1_289' title='bbox 901 2631 1131 2684; x_wconf 84' lang='lat' dir='ltr'><strong>essentia</strong></span> <span class='ocrx_word' id='word_1_290' title='bbox 1157 2627 1291 2683; x_wconf 84' lang='lat' dir='ltr'><strong>Filii</strong></span> <span class='ocrx_word' id='word_1_291' title='bbox 1347 2641 1395 2684; x_wconf 89' lang='lat' dir='ltr'><strong>et</strong></span> <span class='ocrx_word' id='word_1_292' title='bbox 1453 2629 1573 2694; x_wconf 88' lang='lat' dir='ltr'><strong>Dei,</strong></span> <span class='ocrx_word' id='word_1_293' title='bbox 1610 2644 1816 2682; x_wconf 87' lang='lat' dir='ltr'><strong>omnem</strong></span> <span class='ocrx_word' id='word_1_294' title='bbox 1864 2627 2015 2680; x_wconf 88' lang='lat' dir='ltr'><strong>illius</strong></span> 
     </span>
    </p>
   </div>
   <div class='ocr_carea' id='block_1_46' title="bbox 431 2719 2018 2791">
    <p class='ocr_par' dir='ltr' id='par_1_46' title="bbox 431 2719 2018 2791">
     <span class='ocr_line' id='line_1_46' title="bbox 431 2719 2018 2791; baseline -0.001 -17"><span class='ocrx_word' id='word_1_295' title='bbox 431 2721 740 2788; x_wconf 81' lang='lat' dir='ltr'><strong>facultatem</strong></span> <span class='ocrx_word' id='word_1_296' title='bbox 765 2735 812 2776; x_wconf 92' lang='lat' dir='ltr'><strong>et</strong></span> <span class='ocrx_word' id='word_1_297' title='bbox 845 2723 1205 2791; x_wconf 83' lang='lat' dir='ltr'><strong>operationem</strong></span> <span class='ocrx_word' id='word_1_298' title='bbox 1233 2721 1609 2790; x_wconf 81' lang='lat' dir='ltr'><strong>possidentem.</strong></span> <span class='ocrx_word' id='word_1_299' title='bbox 1633 2721 1766 2774; x_wconf 90' lang='lat' dir='ltr'><strong>item</strong></span> <span class='ocrx_word' id='word_1_300' title='bbox 1797 2719 1848 2772; x_wconf 93' lang='lat' dir='ltr'><strong>in</strong></span> <span class='ocrx_word' id='word_1_301' title='bbox 1877 2719 2018 2772; x_wconf 88' lang='lat' dir='ltr'><strong>alio:</strong></span> 
     </span>
    </p>
   </div>
   <div class='ocr_carea' id='block_1_47' title="bbox 442 2808 2022 2884">
    <p class='ocr_par' dir='ltr' id='par_1_47' title="bbox 442 2808 2022 2884">
     <span class='ocr_line' id='line_1_47' title="bbox 442 2808 2022 2884; baseline -0.002 -20"><span class='ocrx_word' id='word_1_302' title='bbox 442 2811 665 2866; x_wconf 81' lang='lat' dir='ltr'><strong>Nullum</strong></span> <span class='ocrx_word' id='word_1_303' title='bbox 711 2815 884 2884; x_wconf 86' lang='lat' dir='ltr'><strong>itaque</strong></span> <span class='ocrx_word' id='word_1_304' title='bbox 940 2812 1146 2866; x_wconf 89' lang='lat' dir='ltr'><strong>Paulus</strong></span> <span class='ocrx_word' id='word_1_305' title='bbox 1182 2823 1386 2866; x_wconf 73' lang='lat' dir='ltr'><strong>naturae</strong></span> <span class='ocrx_word' id='word_1_306' title='bbox 1443 2811 1729 2865; x_wconf 85' lang='lat' dir='ltr'><strong>discrimen</strong></span> <span class='ocrx_word' id='word_1_307' title='bbox 1788 2808 1922 2862; x_wconf 88' lang='lat' dir='ltr'><strong>Filii</strong></span> <span class='ocrx_word' id='word_1_308' title='bbox 1971 2817 2022 2864; x_wconf 88' lang='lat' dir='ltr'><strong>et</strong></span> 
     </span>
    </p>
   </div>
   <div class='ocr_carea' id='block_1_48' title="bbox 437 2902 2023 2974">
    <p class='ocr_par' dir='ltr' id='par_1_48' title="bbox 437 2902 2023 2974">
     <span class='ocr_line' id='line_1_48' title="bbox 437 2902 2023 2974; baseline -0.003 -16"><span class='ocrx_word' id='word_1_309' title='bbox 437 2902 670 2972; x_wconf 85' lang='lat' dir='ltr'><strong>Spiritus</strong></span> <span class='ocrx_word' id='word_1_310' title='bbox 722 2907 893 2958; x_wconf 85' lang='lat' dir='ltr'><strong>sancti</strong></span> <span class='ocrx_word' id='word_1_311' title='bbox 940 2906 1176 2974; x_wconf 87' lang='lat' dir='ltr'><strong>agnoscit</strong></span> <span class='ocrx_word' id='word_1_312' title='bbox 1215 2946 1229 2970; x_wconf 93' lang='lat'><strong>,</strong></span> <span class='ocrx_word' id='word_1_313' title='bbox 1291 2905 1380 2958; x_wconf 84' lang='lat' dir='ltr'><strong>sed</strong></span> <span class='ocrx_word' id='word_1_314' title='bbox 1441 2903 1601 2958; x_wconf 79' lang='lat' dir='ltr'><strong>veluti</strong></span> <span class='ocrx_word' id='word_1_315' title='bbox 1635 2918 1698 2957; x_wconf 82' lang='lat' dir='ltr'><strong>ea:</strong></span> <span class='ocrx_word' id='word_1_316' title='bbox 1737 2905 1851 2971; x_wconf 88' lang='lat' dir='ltr'><strong>ipso</strong></span> <span class='ocrx_word' id='word_1_317' title='bbox 1880 2912 1930 2956; x_wconf 87' lang='lat' dir='ltr'><strong>et</strong></span> <span class='ocrx_word' id='word_1_318' title='bbox 1967 2902 2023 2954; x_wconf 87' lang='lat' dir='ltr'><strong>in</strong></span> 
     </span>
    </p>
   </div>
   <div class='ocr_carea' id='block_1_49' title="bbox 435 2994 2017 3061">
    <p class='ocr_par' dir='ltr' id='par_1_49' title="bbox 435 2994 2017 3061">
     <span class='ocr_line' id='line_1_49' title="bbox 435 2994 2017 3061; baseline -0.003 -13"><span class='ocrx_word' id='word_1_319' title='bbox 435 2995 548 3061; x_wconf 81' lang='lat' dir='ltr'><strong>ipso</strong></span> <span class='ocrx_word' id='word_1_320' title='bbox 612 2994 932 3047; x_wconf 84' lang='lat' dir='ltr'><strong>naturaliter</strong></span> <span class='ocrx_word' id='word_1_321' title='bbox 972 2995 1313 3048; x_wconf 74' lang='lat' dir='ltr'><strong>exsistentem</strong></span> <span class='ocrx_word' id='word_1_322' title='bbox 1363 2994 1742 3047; x_wconf 87' lang='lat' dir='ltr'><strong>dominationis</strong></span> <span class='ocrx_word' id='word_1_323' title='bbox 1809 2994 2017 3045; x_wconf 82' lang='lat' dir='ltr'><strong>nomine</strong></span> 
     </span>
    </p>
   </div>
   <div class='ocr_carea' id='block_1_50' title="bbox 2109 1814 3660 1885">
    <p class='ocr_par' dir='ltr' id='par_1_50' title="bbox 2109 1814 3660 1885">
     <span class='ocr_line' id='line_1_50' title="bbox 2109 1814 3660 1885; baseline 0 -19"><span class='ocrx_word' id='word_1_324' title='bbox 2109 1815 2252 1882; x_wconf 82' lang='grc' dir='ltr'><strong>λόγῳ</strong></span> <span class='ocrx_word' id='word_1_325' title='bbox 2279 1814 2358 1885; x_wconf 86' lang='grc' dir='ltr'><strong>τῷ</strong></span> <span class='ocrx_word' id='word_1_326' title='bbox 2382 1817 2524 1868; x_wconf 73' lang='grc' dir='ltr'>οὕτω</span> <span class='ocrx_word' id='word_1_327' title='bbox 2555 1832 2674 1878; x_wconf 85' lang='grc' dir='ltr'>πως</span> <span class='ocrx_word' id='word_1_328' title='bbox 2701 1815 3024 1885; x_wconf 80' lang='grc' dir='ltr'><strong>καλουμένῳ</strong></span> <span class='ocrx_word' id='word_1_329' title='bbox 3063 1814 3418 1885; x_wconf 74' lang='grc' dir='ltr'>Ἀγκυρωτῷ,</span> <span class='ocrx_word' id='word_1_330' title='bbox 3449 1815 3660 1882; x_wconf 79' lang='grc' dir='ltr'>Πνεῦμα</span> 
     </span>
    </p>
   </div>
   <div class='ocr_carea' id='block_1_51' title="bbox 2112 1905 3657 1978">
    <p class='ocr_par' dir='ltr' id='par_1_51' title="bbox 2112 1905 3657 1978">
     <span class='ocr_line' id='line_1_51' title="bbox 2112 1905 3657 1978; baseline -0.001 -20"><span class='ocrx_word' id='word_1_331' title='bbox 2112 1905 2302 1974; x_wconf 81' lang='grc' dir='ltr'>ἅγιον,</span> <span class='ocrx_word' id='word_1_332' title='bbox 2338 1906 2522 1978; x_wconf 81' lang='grc' dir='ltr'>φησὶν,</span> <span class='ocrx_word' id='word_1_333' title='bbox 2557 1907 2630 1960; x_wconf 86' lang='grc' dir='ltr'>οὐ</span> <span class='ocrx_word' id='word_1_334' title='bbox 2658 1905 3072 1975; x_wconf 68' lang='grc' dir='ltr'>συνὰδελφον,</span> <span class='ocrx_word' id='word_1_335' title='bbox 3129 1909 3206 1960; x_wconf 85' lang='grc' dir='ltr'><strong>οὐ</strong></span> <span class='ocrx_word' id='word_1_336' title='bbox 3251 1905 3657 1974; x_wconf 61' lang='grc' dir='ltr'>πατράόελφον,</span> 
     </span>
    </p>
   </div>
   <div class='ocr_carea' id='block_1_52' title="bbox 2111 1994 3658 2066">
    <p class='ocr_par' dir='ltr' id='par_1_52' title="bbox 2111 1994 3658 2066">
     <span class='ocr_line' id='line_1_52' title="bbox 2111 1994 3658 2066; baseline -0.002 -16"><span class='ocrx_word' id='word_1_337' title='bbox 2111 1995 2340 2050; x_wconf 48' lang='lat' dir='ltr'><strong>(uate);</strong></span> <span class='ocrx_word' id='word_1_338' title='bbox 2365 1995 2475 2063; x_wconf 83' lang='grc' dir='ltr'>τῆς</span> <span class='ocrx_word' id='word_1_339' title='bbox 2511 1994 2700 2063; x_wconf 79' lang='grc' dir='ltr'>αὐτῆς</span> <span class='ocrx_word' id='word_1_340' title='bbox 2731 1998 2949 2063; x_wconf 83' lang='grc' dir='ltr'><strong>οὐσίας</strong></span> <span class='ocrx_word' id='word_1_341' title='bbox 2971 1997 3209 2066; x_wconf 74' lang='grc' dir='ltr'>Πατρός</span> <span class='ocrx_word' id='word_1_342' title='bbox 3240 1997 3339 2052; x_wconf 78' lang='grc' dir='ltr'>καὶ</span> <span class='ocrx_word' id='word_1_343' title='bbox 3367 1997 3493 2050; x_wconf 84' lang='grc' dir='ltr'>Υίοῦ</span> <span class='ocrx_word' id='word_1_344' title='bbox 3524 2012 3536 2026; x_wconf 77' lang='grc' dir='ltr'><strong>ο</strong></span> <span class='ocrx_word' id='word_1_345' title='bbox 3565 1999 3588 2047; x_wconf 77' lang='grc' dir='ltr'>ὁ</span> <span class='ocrx_word' id='word_1_346' title='bbox 3615 1998 3658 2047; x_wconf 80' lang='grc' dir='ltr'><strong>δὲ</strong></span> 
     </span>
    </p>
   </div>
   <div class='ocr_carea' id='block_1_53' title="bbox 2114 2086 3657 2160">
    <p class='ocr_par' dir='ltr' id='par_1_53' title="bbox 2114 2086 3657 2160">
     <span class='ocr_line' id='line_1_53' title="bbox 2114 2086 3657 2160; baseline -0.001 -20"><span class='ocrx_word' id='word_1_347' title='bbox 2114 2089 2184 2142; x_wconf 80' lang='grc' dir='ltr'>τὰ</span> <span class='ocrx_word' id='word_1_348' title='bbox 2219 2086 2338 2140; x_wconf 81' lang='grc' dir='ltr'>θεῖα</span> <span class='ocrx_word' id='word_1_349' title='bbox 2376 2089 2537 2157; x_wconf 74' lang='grc' dir='ltr'>σοφὸς</span> <span class='ocrx_word' id='word_1_350' title='bbox 2591 2089 2861 2160; x_wconf 82' lang='grc' dir='ltr'>Κύριλλος</span> <span class='ocrx_word' id='word_1_351' title='bbox 2890 2091 2947 2141; x_wconf 80' lang='grc' dir='ltr'>ἐν</span> <span class='ocrx_word' id='word_1_352' title='bbox 2993 2090 3073 2141; x_wconf 73' lang='grc' dir='ltr'><strong>ἑνὶ</strong></span> <span class='ocrx_word' id='word_1_353' title='bbox 3104 2089 3218 2142; x_wconf 89' lang='grc' dir='ltr'><strong>τῶν</strong></span> <span class='ocrx_word' id='word_1_354' title='bbox 3263 2087 3561 2157; x_wconf 72' lang='grc' dir='ltr'>κεφαλαίων</span> <span class='ocrx_word' id='word_1_355' title='bbox 3584 2086 3657 2138; x_wconf 65' lang='lat' dir='ltr'><strong>rei</strong></span> 
     </span>
    </p>
   </div>
   <div class='ocr_carea' id='block_1_54' title="bbox 2116 2180 3637 2251">
    <p class='ocr_par' dir='ltr' id='par_1_54' title="bbox 2116 2180 3637 2251">
     <span class='ocr_line' id='line_1_54' title="bbox 2116 2180 3637 2251; baseline -0.003 -17"><span class='ocrx_word' id='word_1_356' title='bbox 2116 2181 2371 2250; x_wconf 82' lang='grc' dir='ltr'>δευτέρου</span> <span class='ocrx_word' id='word_1_357' title='bbox 2396 2180 2542 2250; x_wconf 84' lang='grc' dir='ltr'>λέγει</span> <span class='ocrx_word' id='word_1_358' title='bbox 2564 2181 2672 2235; x_wconf 88' lang='grc' dir='ltr'><strong>τῶν</strong></span> <span class='ocrx_word' id='word_1_359' title='bbox 2700 2181 3006 2251; x_wconf 84' lang='grc' dir='ltr'>Θησαυρῶν</span> <span class='ocrx_word' id='word_1_360' title='bbox 3027 2197 3042 2211; x_wconf 75' lang='grc' dir='ltr'><strong>ο</strong></span> <span class='ocrx_word' id='word_1_361' title='bbox 3069 2183 3548 2250; x_wconf 77' lang='grc' dir='ltr'>Νομοθετοῦντος</span> <span class='ocrx_word' id='word_1_362' title='bbox 3567 2197 3637 2232; x_wconf 79' lang='grc' dir='ltr'><strong>τοι</strong></span> 
     </span>
    </p>
   </div>
   <div class='ocr_carea' id='block_1_55' title="bbox 2119 2269 3658 2340">
    <p class='ocr_par' dir='ltr' id='par_1_55' title="bbox 2119 2269 3658 2340">
     <span class='ocr_line' id='line_1_55' title="bbox 2119 2269 3658 2340; baseline -0.002 -15"><span class='ocrx_word' id='word_1_363' title='bbox 2119 2270 2344 2340; x_wconf 76' lang='grc' dir='ltr'>ταροῦν</span> <span class='ocrx_word' id='word_1_364' title='bbox 2375 2271 2484 2324; x_wconf 86' lang='grc' dir='ltr'><strong>τοῦ</strong></span> <span class='ocrx_word' id='word_1_365' title='bbox 2531 2272 2814 2340; x_wconf 80' lang='grc' dir='ltr'>Χριστοῦ,</span> <span class='ocrx_word' id='word_1_366' title='bbox 2843 2273 2934 2337; x_wconf 75' lang='grc' dir='ltr'>ὡς</span> <span class='ocrx_word' id='word_1_367' title='bbox 2970 2273 3041 2325; x_wconf 86' lang='grc' dir='ltr'>ἐν</span> <span class='ocrx_word' id='word_1_368' title='bbox 3071 2269 3240 2336; x_wconf 78' lang='grc' dir='ltr'>αὐτῷ</span> <span class='ocrx_word' id='word_1_369' title='bbox 3273 2271 3373 2325; x_wconf 82' lang='grc' dir='ltr'><strong>καί</strong></span> <span class='ocrx_word' id='word_1_370' title='bbox 3400 2271 3467 2335; x_wconf 81' lang='grc' dir='ltr'><strong>ἐξ</strong></span> <span class='ocrx_word' id='word_1_371' title='bbox 3505 2270 3658 2323; x_wconf 73' lang='grc' dir='ltr'>αὑτοῦ</span> 
     </span>
    </p>
   </div>
   <div class='ocr_carea' id='block_1_56' title="bbox 2118 2359 3656 2431">
    <p class='ocr_par' dir='ltr' id='par_1_56' title="bbox 2118 2359 3656 2431">
     <span class='ocr_line' id='line_1_56' title="bbox 2118 2359 3656 2431; baseline -0.003 -17"><span class='ocrx_word' id='word_1_372' title='bbox 2118 2360 2392 2429; x_wconf 74' lang='grc' dir='ltr'>φυσικῶς</span> <span class='ocrx_word' id='word_1_373' title='bbox 2427 2361 2706 2429; x_wconf 83' lang='grc' dir='ltr'>ὑπάρχον</span> <span class='ocrx_word' id='word_1_374' title='bbox 2741 2361 2810 2414; x_wconf 84' lang='grc' dir='ltr'>τὸ</span> <span class='ocrx_word' id='word_1_375' title='bbox 2851 2362 3100 2431; x_wconf 82' lang='grc' dir='ltr'>Πνεῦμα</span> <span class='ocrx_word' id='word_1_376' title='bbox 3134 2362 3326 2416; x_wconf 86' lang='grc' dir='ltr'>αὐτοῦ</span> <span class='ocrx_word' id='word_1_377' title='bbox 3375 2359 3656 2430; x_wconf 82' lang='grc' dir='ltr'>νομοθετεῖ.</span> 
     </span>
    </p>
   </div>
   <div class='ocr_carea' id='block_1_57' title="bbox 2119 2451 3658 2523">
    <p class='ocr_par' dir='ltr' id='par_1_57' title="bbox 2119 2451 3658 2523">
     <span class='ocr_line' id='line_1_57' title="bbox 2119 2451 3658 2523; baseline -0.003 -17"><span class='ocrx_word' id='word_1_378' title='bbox 2119 2453 2228 2506; x_wconf 80' lang='lat' dir='ltr'><strong>Kal.</strong></span> <span class='ocrx_word' id='word_1_379' title='bbox 2258 2452 2420 2506; x_wconf 77' lang='grc' dir='ltr'>πάλιν</span> <span class='ocrx_word' id='word_1_380' title='bbox 2471 2455 2530 2505; x_wconf 77' lang='grc' dir='ltr'>ὲν</span> <span class='ocrx_word' id='word_1_381' title='bbox 2577 2453 2721 2523; x_wconf 80' lang='grc' dir='ltr'>ἄλλῳ</span> <span class='ocrx_word' id='word_1_382' title='bbox 2749 2454 2879 2522; x_wconf 76' lang='grc' dir='ltr'>περὶ</span> <span class='ocrx_word' id='word_1_383' title='bbox 2915 2455 3008 2506; x_wconf 86' lang='grc' dir='ltr'><strong>τοῦ</strong></span> <span class='ocrx_word' id='word_1_384' title='bbox 3040 2454 3366 2523; x_wconf 86' lang='grc' dir='ltr'>-Πνεύματος</span> <span class='ocrx_word' id='word_1_385' title='bbox 3391 2467 3404 2482; x_wconf 81' lang='grc'><strong><em>⁸</em></strong></span> <span class='ocrx_word' id='word_1_386' title='bbox 3444 2451 3533 2518; x_wconf 87' lang='grc' dir='ltr'>Ὡς</span> <span class='ocrx_word' id='word_1_387' title='bbox 3575 2452 3658 2521; x_wconf 77' lang='grc' dir='ltr'><strong>γὰρ</strong></span> 
     </span>
    </p>
   </div>
   <div class='ocr_carea' id='block_1_58' title="bbox 2119 2534 3660 2617">
    <p class='ocr_par' dir='ltr' id='par_1_58' title="bbox 2119 2534 3660 2617">
     <span class='ocr_line' id='line_1_58' title="bbox 2119 2534 3660 2617; baseline 0.001 -20"><span class='ocrx_word' id='word_1_388' title='bbox 2119 2543 2231 2612; x_wconf 86' lang='grc' dir='ltr'>τῆς</span> <span class='ocrx_word' id='word_1_389' title='bbox 2261 2545 2480 2612; x_wconf 84' lang='grc' dir='ltr'>οὐσίας</span> <span class='ocrx_word' id='word_1_390' title='bbox 2504 2546 2785 2615; x_wconf 81' lang='grc' dir='ltr'><strong>ὑπάρχον</strong></span> <span class='ocrx_word' id='word_1_391' title='bbox 2815 2546 2927 2614; x_wconf 83' lang='grc' dir='ltr'>τῆς</span> <span class='ocrx_word' id='word_1_392' title='bbox 2978 2547 3087 2601; x_wconf 81' lang='grc' dir='ltr'><strong>τοῦ</strong></span> <span class='ocrx_word' id='word_1_393' title='bbox 3123 2534 3526 2617; x_wconf 75' lang='grc' dir='ltr'>χορηγοῦντος</span> <span class='ocrx_word' id='word_1_394' title='bbox 3563 2542 3660 2606; x_wconf 73' lang='grc' dir='ltr'>τοῖς</span> 
     </span>
    </p>
   </div>
   <div class='ocr_carea' id='block_1_59' title="bbox 2121 2634 3658 2708">
    <p class='ocr_par' dir='ltr' id='par_1_59' title="bbox 2121 2634 3658 2708">
     <span class='ocr_line' id='line_1_59' title="bbox 2121 2634 3658 2708; baseline -0.001 -20"><span class='ocrx_word' id='word_1_395' title='bbox 2121 2636 2333 2705; x_wconf 79' lang='grc' dir='ltr'>ἁγίοις,</span> <span class='ocrx_word' id='word_1_396' title='bbox 2363 2636 2620 2704; x_wconf 84' lang='grc' dir='ltr'>Χριστοῦ</span> <span class='ocrx_word' id='word_1_397' title='bbox 2646 2637 2906 2704; x_wconf 75' lang='grc' dir='ltr'><strong>δηλαδή.</strong></span> <span class='ocrx_word' id='word_1_398' title='bbox 2941 2637 3050 2690; x_wconf 77' lang='grc' dir='ltr'><strong>Καὶ</strong></span> <span class='ocrx_word' id='word_1_399' title='bbox 3091 2639 3154 2690; x_wconf 82' lang='grc' dir='ltr'>ὲν</span> <span class='ocrx_word' id='word_1_400' title='bbox 3180 2639 3363 2708; x_wconf 71' lang='grc' dir='ltr'>’ἑτέρῳ</span> <span class='ocrx_word' id='word_1_401' title='bbox 3387 2653 3402 2666; x_wconf 89' lang='grc'><strong>·</strong></span> <span class='ocrx_word' id='word_1_402' title='bbox 3441 2634 3658 2702; x_wconf 76' lang='grc' dir='ltr'>Ἀνάγκη</span> 
     </span>
    </p>
   </div>
   <div class='ocr_carea' id='block_1_60' title="bbox 2119 2725 3659 2798">
    <p class='ocr_par' dir='ltr' id='par_1_60' title="bbox 2119 2725 3659 2798">
     <span class='ocr_line' id='line_1_60' title="bbox 2119 2725 3659 2798; baseline -0.005 -17"><span class='ocrx_word' id='word_1_403' title='bbox 2119 2728 2340 2781; x_wconf 69' lang='grc' dir='ltr'>,λοιπὸν</span> <span class='ocrx_word' id='word_1_404' title='bbox 2367 2729 2436 2781; x_wconf 86' lang='grc' dir='ltr'>ἐκ</span> <span class='ocrx_word' id='word_1_405' title='bbox 2472 2727 2582 2794; x_wconf 84' lang='grc' dir='ltr'>τῆς</span> <span class='ocrx_word' id='word_1_406' title='bbox 2617 2729 2835 2795; x_wconf 79' lang='grc' dir='ltr'>οὐσίας</span> <span class='ocrx_word' id='word_1_407' title='bbox 2871 2728 3176 2798; x_wconf 82' lang='grc' dir='ltr'><strong>ὑπάρχειν</strong></span> <span class='ocrx_word' id='word_1_408' title='bbox 3208 2727 3518 2798; x_wconf 64' lang='grc' dir='ltr'>ὁμολογεῖν</span> <span class='ocrx_word' id='word_1_409' title='bbox 3539 2725 3659 2777; x_wconf 79' lang='grc' dir='ltr'>αὐτὸ</span> 
     </span>
    </p>
   </div>
   <div class='ocr_carea' id='block_1_61' title="bbox 2114 2814 3660 2885">
    <p class='ocr_par' dir='ltr' id='par_1_61' title="bbox 2114 2814 3660 2885">
     <span class='ocr_line' id='line_1_61' title="bbox 2114 2814 3660 2885; baseline -0.002 -14"><span class='ocrx_word' id='word_1_410' title='bbox 2114 2816 2232 2885; x_wconf 82' lang='grc' dir='ltr'>τῆς</span> <span class='ocrx_word' id='word_1_411' title='bbox 2285 2817 2392 2871; x_wconf 84' lang='grc' dir='ltr'><strong>τοῦ</strong></span> <span class='ocrx_word' id='word_1_412' title='bbox 2445 2818 2584 2871; x_wconf 83' lang='grc' dir='ltr'>Υἰοῦ</span> <span class='ocrx_word' id='word_1_413' title='bbox 2625 2820 2723 2871; x_wconf 80' lang='grc' dir='ltr'>καὶ</span> <span class='ocrx_word' id='word_1_414' title='bbox 2756 2819 2926 2882; x_wconf 84' lang='grc' dir='ltr'>Θεοῦ,</span> <span class='ocrx_word' id='word_1_415' title='bbox 2989 2818 3205 2871; x_wconf 79' lang='grc' dir='ltr'>πᾶσαν</span> <span class='ocrx_word' id='word_1_416' title='bbox 3241 2817 3428 2872; x_wconf 75' lang='grc' dir='ltr'>αὑτοῦ</span> <span class='ocrx_word' id='word_1_417' title='bbox 3467 2814 3568 2880; x_wconf 77' lang='grc' dir='ltr'>τήν</span> <span class='ocrx_word' id='word_1_418' title='bbox 3609 2827 3660 2862; x_wconf 82' lang='grc' dir='ltr'><strong>τε</strong></span> 
     </span>
    </p>
   </div>
   <div class='ocr_carea' id='block_1_62' title="bbox 2121 2904 3659 2978">
    <p class='ocr_par' dir='ltr' id='par_1_62' title="bbox 2121 2904 3659 2978">
     <span class='ocr_line' id='line_1_62' title="bbox 2121 2904 3659 2978; baseline -0.006 -16"><span class='ocrx_word' id='word_1_419' title='bbox 2121 2908 2380 2978; x_wconf 79' lang='grc' dir='ltr'>δύναμιν</span> <span class='ocrx_word' id='word_1_420' title='bbox 2408 2910 2508 2961; x_wconf 81' lang='grc' dir='ltr'>καὶ</span> <span class='ocrx_word' id='word_1_421' title='bbox 2541 2908 2658 2976; x_wconf 84' lang='grc' dir='ltr'>τὴν</span> <span class='ocrx_word' id='word_1_422' title='bbox 2689 2907 2999 2977; x_wconf 68' lang='grc' dir='ltr'>ἐνέργειαν</span> <span class='ocrx_word' id='word_1_423' title='bbox 3026 2909 3199 2978; x_wconf 79' lang='grc' dir='ltr'>ἕχον.</span> <span class='ocrx_word' id='word_1_424' title='bbox 3236 2910 3346 2960; x_wconf 77' lang='grc' dir='ltr'><strong>Καὶ</strong></span> <span class='ocrx_word' id='word_1_425' title='bbox 3377 2906 3438 2961; x_wconf 81' lang='grc' dir='ltr'>αὖ</span> <span class='ocrx_word' id='word_1_426' title='bbox 3459 2908 3512 2960; x_wconf 77' lang='grc' dir='ltr'>ἐν</span> <span class='ocrx_word' id='word_1_427' title='bbox 3540 2904 3659 2970; x_wconf 58' lang='lat' dir='ltr'><strong>ara</strong></span> 
     </span>
    </p>
   </div>
   <div class='ocr_carea' id='block_1_63' title="bbox 2124 2997 3659 3072">
    <p class='ocr_par' dir='ltr' id='par_1_63' title="bbox 2124 2997 3659 3072">
     <span class='ocr_line' id='line_1_63' title="bbox 2124 2997 3659 3072; baseline -0.003 -18"><span class='ocrx_word' id='word_1_428' title='bbox 2124 3002 2288 3072; x_wconf 84' lang='grc' dir='ltr'>φησίν</span> <span class='ocrx_word' id='word_1_429' title='bbox 2313 3019 2325 3032; x_wconf 74' lang='grc' dir='ltr'><strong><em>ο</em></strong></span> <span class='ocrx_word' id='word_1_430' title='bbox 2369 3001 2670 3068; x_wconf 79' lang='grc' dir='ltr'>Οὐδεμίαν</span> <span class='ocrx_word' id='word_1_431' title='bbox 2699 3001 2815 3068; x_wconf 80' lang='grc' dir='ltr'>ἄρα</span> <span class='ocrx_word' id='word_1_432' title='bbox 2861 3003 3105 3071; x_wconf 75' lang='grc' dir='ltr'>φύσεως</span> <span class='ocrx_word' id='word_1_433' title='bbox 3144 2998 3315 3055; x_wconf 77' lang='grc' dir='ltr'>οἷδεν</span> <span class='ocrx_word' id='word_1_434' title='bbox 3359 3004 3391 3054; x_wconf 86' lang='grc' dir='ltr'><em>ὁ</em></span> <span class='ocrx_word' id='word_1_435' title='bbox 3453 2997 3659 3057; x_wconf 63' lang='grc' dir='ltr'>Παῦλος</span> 
     </span>
    </p>
   </div>
   <div class='ocr_carea' id='block_1_64' title="bbox 433 3067 2015 3162">
    <p class='ocr_par' dir='ltr' id='par_1_64' title="bbox 433 3083 2013 3156">
     <span class='ocr_line' id='line_1_64' title="bbox 433 3083 2013 3156; baseline -0.001 -19"><span class='ocrx_word' id='word_1_436' title='bbox 433 3086 668 3156; x_wconf 83' lang='lat' dir='ltr'><strong>insignit.</strong></span> <span class='ocrx_word' id='word_1_437' title='bbox 705 3083 813 3140; x_wconf 86' lang='lat' dir='ltr'><strong>Nec</strong></span> <span class='ocrx_word' id='word_1_438' title='bbox 855 3101 959 3140; x_wconf 89' lang='lat' dir='ltr'><strong>non</strong></span> <span class='ocrx_word' id='word_1_439' title='bbox 995 3087 1050 3140; x_wconf 91' lang='lat' dir='ltr'><strong>in</strong></span> <span class='ocrx_word' id='word_1_440' title='bbox 1080 3087 1187 3140; x_wconf 83' lang='lat' dir='ltr'><strong>alio</strong></span> <span class='ocrx_word' id='word_1_441' title='bbox 1222 3104 1234 3141; x_wconf 94' lang='lat'><strong>:</strong></span> <span class='ocrx_word' id='word_1_442' title='bbox 1269 3085 1449 3154; x_wconf 81' lang='lat' dir='ltr'><strong>Igitur</strong></span> <span class='ocrx_word' id='word_1_443' title='bbox 1505 3101 1569 3138; x_wconf 77' lang='lat' dir='ltr'><strong>ex</strong></span> <span class='ocrx_word' id='word_1_444' title='bbox 1615 3085 1840 3139; x_wconf 83' lang='lat' dir='ltr'><strong>essentia</strong></span> <span class='ocrx_word' id='word_1_445' title='bbox 1879 3083 2013 3136; x_wconf 87' lang='lat' dir='ltr'><strong>Filii</strong></span> 
     </span>
    </p>
   </div>
   <div class='ocr_carea' id='block_1_65' title="bbox 2119 3067 3657 3162">
    <p class='ocr_par' dir='ltr' id='par_1_65' title="bbox 2119 3067 3657 3162">
     <span class='ocr_line' id='line_1_65' title="bbox 2119 3067 3657 3162; baseline 0 -16"><span class='ocrx_word' id='word_1_446' title='bbox 2119 3067 2413 3161; x_wconf 55' lang='grc' dir='ltr'>διαφορὰν</span> <span class='ocrx_word' id='word_1_447' title='bbox 2469 3067 2578 3159; x_wconf 80' lang='grc' dir='ltr'>τῆς</span> <span class='ocrx_word' id='word_1_448' title='bbox 2636 3067 2745 3144; x_wconf 80' lang='grc' dir='ltr'><strong>τοῦ</strong></span> <span class='ocrx_word' id='word_1_449' title='bbox 2794 3067 2929 3145; x_wconf 80' lang='grc' dir='ltr'>Υίοῦ</span> <span class='ocrx_word' id='word_1_450' title='bbox 2961 3067 3282 3162; x_wconf 14' lang='grc' dir='ltr'>καὶίὰγίου</span> <span class='ocrx_word' id='word_1_451' title='bbox 3330 3092 3657 3159; x_wconf 59' lang='lat' dir='ltr'><strong>[Ir-etiamm.</strong></span> 
     </span>
    </p>
   </div>
   <div class='ocr_carea' id='block_1_66' title="bbox 437 3175 2009 3249">
    <p class='ocr_par' dir='ltr' id='par_1_66' title="bbox 437 3175 2009 3249">
     <span class='ocr_line' id='line_1_66' title="bbox 437 3175 2009 3249; baseline -0.003 -16"><span class='ocrx_word' id='word_1_452' title='bbox 437 3175 692 3244; x_wconf 81' lang='lat' dir='ltr'><strong>Spiritus.</strong></span> <span class='ocrx_word' id='word_1_453' title='bbox 730 3179 878 3232; x_wconf 86' lang='lat' dir='ltr'><strong>idem</strong></span> <span class='ocrx_word' id='word_1_454' title='bbox 930 3181 982 3232; x_wconf 91' lang='lat' dir='ltr'><strong>in</strong></span> <span class='ocrx_word' id='word_1_455' title='bbox 1011 3178 1353 3249; x_wconf 78' lang='lat' dir='ltr'><strong>expositione</strong></span> <span class='ocrx_word' id='word_1_456' title='bbox 1393 3177 1669 3248; x_wconf 78' lang='lat' dir='ltr'><strong>Evangelii</strong></span> <span class='ocrx_word' id='word_1_457' title='bbox 1705 3175 2009 3232; x_wconf 88' lang='lat' dir='ltr'><strong>secundum</strong></span> 
     </span>
    </p>
   </div>
   <div class='ocr_carea' id='block_1_67' title="bbox 434 3269 2006 3341">
    <p class='ocr_par' dir='ltr' id='par_1_67' title="bbox 434 3269 2006 3341">
     <span class='ocr_line' id='line_1_67' title="bbox 434 3269 2006 3341; baseline -0.003 -17"><span class='ocrx_word' id='word_1_458' title='bbox 434 3270 719 3335; x_wconf 81' lang='lat' dir='ltr'><strong>Joannem,</strong></span> <span class='ocrx_word' id='word_1_459' title='bbox 773 3272 826 3324; x_wconf 93' lang='lat' dir='ltr'><strong>in</strong></span> <span class='ocrx_word' id='word_1_460' title='bbox 859 3271 1011 3335; x_wconf 88' lang='lat' dir='ltr'><strong>illud,</strong></span> <span class='ocrx_word' id='word_1_461' title='bbox 1065 3289 1085 3322; x_wconf 77' lang='grc' dir='ltr'><strong>ι</strong></span> <span class='ocrx_word' id='word_1_462' title='bbox 1127 3269 1250 3324; x_wconf 88' lang='grc' dir='ltr'><strong>Νοη</strong></span> <span class='ocrx_word' id='word_1_463' title='bbox 1294 3270 1542 3341; x_wconf 88' lang='lat' dir='ltr'><strong>loquetur</strong></span> <span class='ocrx_word' id='word_1_464' title='bbox 1591 3287 1623 3323; x_wconf 91' lang='lat' dir='ltr'><strong>a</strong></span> <span class='ocrx_word' id='word_1_465' title='bbox 1657 3273 1954 3339; x_wconf 84' lang='lat' dir='ltr'><strong>semetipso.</strong></span> <span class='ocrx_word' id='word_1_466' title='bbox 1989 3289 2006 3320; x_wconf 77' lang='grc' dir='ltr'><strong>ι</strong></span> 
     </span>
    </p>
   </div>
   <div class='ocr_carea' id='block_1_68' title="bbox 437 3357 2015 3428">
    <p class='ocr_par' dir='ltr' id='par_1_68' title="bbox 437 3357 2015 3428">
     <span class='ocr_line' id='line_1_68' title="bbox 437 3357 2015 3428; baseline -0.001 -15"><span class='ocrx_word' id='word_1_467' title='bbox 437 3360 722 3428; x_wconf 84' lang='lat' dir='ltr'><strong>Propterea</strong></span> <span class='ocrx_word' id='word_1_468' title='bbox 747 3361 840 3414; x_wconf 86' lang='lat' dir='ltr'><strong>hoc</strong></span> <span class='ocrx_word' id='word_1_469' title='bbox 882 3361 1157 3424; x_wconf 72' lang='lat' dir='ltr'><strong>adnrxuit,</strong></span> <span class='ocrx_word' id='word_1_470' title='bbox 1201 3357 1427 3413; x_wconf 84' lang='lat' dir='ltr'><strong>Ventura</strong></span> <span class='ocrx_word' id='word_1_471' title='bbox 1470 3357 1808 3411; x_wconf 87' lang='lat' dir='ltr'><strong>annuntiabit</strong></span> <span class='ocrx_word' id='word_1_472' title='bbox 1837 3358 2015 3412; x_wconf 82' lang='lat' dir='ltr'><strong>vobis:</strong></span> 
     </span>
    </p>
   </div>
   <div class='ocr_carea' id='block_1_69' title="bbox 438 3448 2018 3522">
    <p class='ocr_par' dir='ltr' id='par_1_69' title="bbox 438 3448 2018 3522">
     <span class='ocr_line' id='line_1_69' title="bbox 438 3448 2018 3522; baseline 0.001 -20"><span class='ocrx_word' id='word_1_473' title='bbox 438 3450 689 3516; x_wconf 86' lang='lat' dir='ltr'><strong>Prorsus,</strong></span> <span class='ocrx_word' id='word_1_474' title='bbox 714 3453 906 3522; x_wconf 87' lang='lat' dir='ltr'><strong>inquit,</strong></span> <span class='ocrx_word' id='word_1_475' title='bbox 928 3468 990 3506; x_wconf 83' lang='lat' dir='ltr'><strong>ea:</strong></span> <span class='ocrx_word' id='word_1_476' title='bbox 1019 3469 1133 3505; x_wconf 85' lang='lat' dir='ltr'><strong>mea</strong></span> <span class='ocrx_word' id='word_1_477' title='bbox 1149 3453 1375 3505; x_wconf 82' lang='lat' dir='ltr'><strong>essentia</strong></span> <span class='ocrx_word' id='word_1_478' title='bbox 1409 3448 1638 3521; x_wconf 81' lang='lat' dir='ltr'><strong>Spiritus</strong></span> <span class='ocrx_word' id='word_1_479' title='bbox 1659 3458 1758 3512; x_wconf 87' lang='lat' dir='ltr'><strong>est,</strong></span> <span class='ocrx_word' id='word_1_480' title='bbox 1785 3458 1834 3504; x_wconf 89' lang='lat' dir='ltr'><strong>et</strong></span> <span class='ocrx_word' id='word_1_481' title='bbox 1865 3452 2018 3520; x_wconf 85' lang='lat' dir='ltr'><strong>quasi</strong></span> 
     </span>
    </p>
   </div>
   <div class='ocr_carea' id='block_1_70' title="bbox 436 3543 2011 3618">
    <p class='ocr_par' dir='ltr' id='par_1_70' title="bbox 436 3543 2011 3618">
     <span class='ocr_line' id='line_1_70' title="bbox 436 3543 2011 3618; baseline 0.001 -23"><span class='ocrx_word' id='word_1_482' title='bbox 436 3559 580 3596; x_wconf 87' lang='lat' dir='ltr'><strong>mens</strong></span> <span class='ocrx_word' id='word_1_483' title='bbox 614 3561 730 3597; x_wconf 88' lang='lat' dir='ltr'><strong>mea</strong></span> <span class='ocrx_word' id='word_1_484' title='bbox 760 3555 861 3618; x_wconf 85' lang='lat' dir='ltr'><strong>est,</strong></span> <span class='ocrx_word' id='word_1_485' title='bbox 895 3545 968 3597; x_wconf 88' lang='lat' dir='ltr'><strong>ita</strong></span> <span class='ocrx_word' id='word_1_486' title='bbox 1022 3554 1077 3596; x_wconf 91' lang='lat' dir='ltr'><strong>ut</strong></span> <span class='ocrx_word' id='word_1_487' title='bbox 1111 3545 1382 3597; x_wconf 82' lang='lat' dir='ltr'><strong>annuntiet</strong></span> <span class='ocrx_word' id='word_1_488' title='bbox 1428 3559 1571 3612; x_wconf 66' lang='lat' dir='ltr'><strong>atque</strong></span> <span class='ocrx_word' id='word_1_489' title='bbox 1607 3555 1762 3612; x_wconf 87' lang='lat' dir='ltr'><strong>atque</strong></span> <span class='ocrx_word' id='word_1_490' title='bbox 1803 3561 1895 3613; x_wconf 85' lang='lat' dir='ltr'><strong>ego</strong></span> <span class='ocrx_word' id='word_1_491' title='bbox 1921 3543 2011 3612; x_wconf 91' lang='lat' dir='ltr'><strong>fu-</strong></span> 
     </span>
    </p>
   </div>
   <div class='ocr_carea' id='block_1_71' title="bbox 441 3633 2009 3704">
    <p class='ocr_par' dir='ltr' id='par_1_71' title="bbox 441 3633 2009 3704">
     <span class='ocr_line' id='line_1_71' title="bbox 441 3633 2009 3704; baseline 0.002 -19"><span class='ocrx_word' id='word_1_492' title='bbox 441 3645 580 3688; x_wconf 84' lang='lat' dir='ltr'><strong>tura.</strong></span> <span class='ocrx_word' id='word_1_493' title='bbox 634 3634 710 3688; x_wconf 72' lang='lat' dir='ltr'><strong>Ex</strong></span> <span class='ocrx_word' id='word_1_494' title='bbox 742 3635 827 3689; x_wconf 87' lang='lat' dir='ltr'><strong>his</strong></span> <span class='ocrx_word' id='word_1_495' title='bbox 855 3635 1018 3690; x_wconf 87' lang='lat' dir='ltr'><strong>dictis</strong></span> <span class='ocrx_word' id='word_1_496' title='bbox 1047 3635 1218 3689; x_wconf 84' lang='lat' dir='ltr'><strong>divini</strong></span> <span class='ocrx_word' id='word_1_497' title='bbox 1250 3634 1436 3704; x_wconf 82' lang='lat' dir='ltr'><strong>Cyrilli</strong></span> <span class='ocrx_word' id='word_1_498' title='bbox 1469 3635 1676 3689; x_wconf 93' lang='lat' dir='ltr'><strong>nullum</strong></span> <span class='ocrx_word' id='word_1_499' title='bbox 1709 3644 1794 3688; x_wconf 90' lang='lat' dir='ltr'><strong>est</strong></span> <span class='ocrx_word' id='word_1_500' title='bbox 1815 3675 1828 3697; x_wconf 94' lang='lat'><strong>,</strong></span> <span class='ocrx_word' id='word_1_501' title='bbox 1865 3633 2009 3695; x_wconf 80' lang='lat' dir='ltr'><strong>quod</strong></span> 
     </span>
    </p>
   </div>
   <div class='ocr_carea' id='block_1_72' title="bbox 439 3727 2013 3799">
    <p class='ocr_par' dir='ltr' id='par_1_72' title="bbox 439 3727 2013 3799">
     <span class='ocr_line' id='line_1_72' title="bbox 439 3727 2013 3799; baseline 0.001 -19"><span class='ocrx_word' id='word_1_502' title='bbox 439 3730 782 3796; x_wconf 82' lang='lat' dir='ltr'><strong>expositione</strong></span> <span class='ocrx_word' id='word_1_503' title='bbox 833 3728 1091 3799; x_wconf 75' lang='lat' dir='ltr'><strong>indigeat.</strong></span> <span class='ocrx_word' id='word_1_504' title='bbox 1152 3727 1249 3784; x_wconf 89' lang='lat' dir='ltr'><strong>His</strong></span> <span class='ocrx_word' id='word_1_505' title='bbox 1298 3729 1443 3784; x_wconf 91' lang='lat' dir='ltr'><strong>enim</strong></span> <span class='ocrx_word' id='word_1_506' title='bbox 1507 3729 1764 3782; x_wconf 90' lang='lat' dir='ltr'><strong>omnibus</strong></span> <span class='ocrx_word' id='word_1_507' title='bbox 1828 3739 2013 3797; x_wconf 87' lang='lat' dir='ltr'><strong>aperte</strong></span> 
     </span>
    </p>
   </div>
   <div class='ocr_carea' id='block_1_73' title="bbox 438 3819 2011 3891">
    <p class='ocr_par' dir='ltr' id='par_1_73' title="bbox 438 3819 2011 3891">
     <span class='ocr_line' id='line_1_73' title="bbox 438 3819 2011 3891; baseline -0.003 -16"><span class='ocrx_word' id='word_1_508' title='bbox 438 3821 849 3884; x_wconf 87' lang='lat' dir='ltr'><strong>demonstravit,</strong></span> <span class='ocrx_word' id='word_1_509' title='bbox 905 3819 1170 3891; x_wconf 89' lang='lat' dir='ltr'><strong>Spiritum</strong></span> <span class='ocrx_word' id='word_1_510' title='bbox 1236 3829 1488 3876; x_wconf 88' lang='lat' dir='ltr'><strong>sanctum</strong></span> <span class='ocrx_word' id='word_1_511' title='bbox 1535 3834 1656 3874; x_wconf 87' lang='lat' dir='ltr'><strong>esse</strong></span> <span class='ocrx_word' id='word_1_512' title='bbox 1710 3819 1878 3873; x_wconf 86' lang='lat' dir='ltr'><strong>etiam</strong></span> <span class='ocrx_word' id='word_1_513' title='bbox 1945 3833 2011 3872; x_wconf 77' lang='lat' dir='ltr'><strong>ex</strong></span> 
     </span>
    </p>
   </div>
   <div class='ocr_carea' id='block_1_74' title="bbox 447 3909 2018 3982">
    <p class='ocr_par' dir='ltr' id='par_1_74' title="bbox 447 3909 2018 3982">
     <span class='ocr_line' id='line_1_74' title="bbox 447 3909 2018 3982; baseline 0 -18"><span class='ocrx_word' id='word_1_514' title='bbox 447 3909 761 3982; x_wconf 80' lang='lat' dir='ltr'><strong>Unigeuito,</strong></span> <span class='ocrx_word' id='word_1_515' title='bbox 795 3911 1156 3981; x_wconf 81' lang='lat' dir='ltr'><strong>Epiphanium</strong></span> <span class='ocrx_word' id='word_1_516' title='bbox 1197 3912 1396 3980; x_wconf 86' lang='lat' dir='ltr'><strong>pietate</strong></span> <span class='ocrx_word' id='word_1_517' title='bbox 1423 3910 1684 3980; x_wconf 89' lang='lat' dir='ltr'><strong>inclytum</strong></span> <span class='ocrx_word' id='word_1_518' title='bbox 1724 3911 2018 3978; x_wconf 70' lang='lat' dir='ltr'><strong>prudenter</strong></span> 
     </span>
    </p>
   </div>
   <div class='ocr_carea' id='block_1_75' title="bbox 439 4002 2018 4080">
    <p class='ocr_par' dir='ltr' id='par_1_75' title="bbox 439 4002 2018 4080">
     <span class='ocr_line' id='line_1_75' title="bbox 439 4002 2018 4080; baseline 0.003 -26"><span class='ocrx_word' id='word_1_519' title='bbox 439 4020 698 4080; x_wconf 66' lang='lat' dir='ltr'><strong>sequens,</strong></span> <span class='ocrx_word' id='word_1_520' title='bbox 726 4007 882 4076; x_wconf 84' lang='lat' dir='ltr'><strong>cujus</strong></span> <span class='ocrx_word' id='word_1_521' title='bbox 912 4006 1120 4060; x_wconf 87' lang='lat' dir='ltr'><strong>dictum</strong></span> <span class='ocrx_word' id='word_1_522' title='bbox 1155 4006 1229 4059; x_wconf 93' lang='lat' dir='ltr'><strong>uti</strong></span> <span class='ocrx_word' id='word_1_523' title='bbox 1275 4019 1334 4058; x_wconf 89' lang='lat' dir='ltr'><strong>se</strong></span> <span class='ocrx_word' id='word_1_524' title='bbox 1371 4002 1534 4058; x_wconf 88' lang='lat' dir='ltr'><strong>habet</strong></span> <span class='ocrx_word' id='word_1_525' title='bbox 1569 4003 1806 4073; x_wconf 88' lang='lat' dir='ltr'><strong>propriis</strong></span> <span class='ocrx_word' id='word_1_526' title='bbox 1835 4002 2018 4058; x_wconf 82' lang='lat' dir='ltr'><strong>verbis</strong></span> 
     </span>
    </p>
   </div>
   <div class='ocr_carea' id='block_1_76' title="bbox 439 4098 1019 4166">
    <p class='ocr_par' dir='ltr' id='par_1_76' title="bbox 439 4098 1019 4166">
     <span class='ocr_line' id='line_1_76' title="bbox 439 4098 1019 4166; baseline 0 -18"><span class='ocrx_word' id='word_1_527' title='bbox 439 4112 602 4166; x_wconf 82' lang='lat' dir='ltr'><strong>supra</strong></span> <span class='ocrx_word' id='word_1_528' title='bbox 638 4098 1019 4150; x_wconf 74' lang='lat' dir='ltr'><strong>recitarimus.</strong></span> 
     </span>
    </p>
   </div>
   <div class='ocr_carea' id='block_1_77' title="bbox 2113 3179 3659 3254">
    <p class='ocr_par' dir='ltr' id='par_1_77' title="bbox 2113 3179 3659 3254">
     <span class='ocr_line' id='line_1_77' title="bbox 2113 3179 3659 3254; baseline -0.008 -14"><span class='ocrx_word' id='word_1_529' title='bbox 2113 3185 2251 3240; x_wconf 66' lang='grc' dir='ltr'><strong>ἀλλ’</strong></span> <span class='ocrx_word' id='word_1_530' title='bbox 2302 3185 2382 3249; x_wconf 90' lang='grc' dir='ltr'>ὠς</span> <span class='ocrx_word' id='word_1_531' title='bbox 2410 3183 2480 3248; x_wconf 83' lang='grc' dir='ltr'><strong>ἐξ</strong></span> <span class='ocrx_word' id='word_1_532' title='bbox 2513 3183 2704 3237; x_wconf 83' lang='grc' dir='ltr'>αὐτοῦ</span> <span class='ocrx_word' id='word_1_533' title='bbox 2738 3183 2838 3237; x_wconf 82' lang='grc' dir='ltr'>καὶ</span> <span class='ocrx_word' id='word_1_534' title='bbox 2873 3184 2943 3237; x_wconf 74' lang='grc' dir='ltr'>ἐν</span> <span class='ocrx_word' id='word_1_535' title='bbox 2985 3182 3147 3249; x_wconf 82' lang='grc' dir='ltr'>αὐτῷ</span> <span class='ocrx_word' id='word_1_536' title='bbox 3199 3181 3466 3254; x_wconf 73' lang='grc' dir='ltr'>φυσικῶς</span> <span class='ocrx_word' id='word_1_537' title='bbox 3504 3179 3659 3244; x_wconf 47' lang='grc' dir='ltr'><strong>ὑπόδι-</strong></span> 
     </span>
    </p>
   </div>
   <div class='ocr_carea' id='block_1_78' title="bbox 2117 3271 3658 3348">
    <p class='ocr_par' dir='ltr' id='par_1_78' title="bbox 2117 3271 3658 3348">
     <span class='ocr_line' id='line_1_78' title="bbox 2117 3271 3658 3348; baseline -0.006 -18"><span class='ocrx_word' id='word_1_538' title='bbox 2117 3295 2228 3348; x_wconf 86' lang='grc' dir='ltr'>χον</span> <span class='ocrx_word' id='word_1_539' title='bbox 2258 3277 2338 3341; x_wconf 85' lang='grc' dir='ltr'>τῷ</span> <span class='ocrx_word' id='word_1_540' title='bbox 2364 3275 2477 3343; x_wconf 80' lang='grc' dir='ltr'>τῆς</span> <span class='ocrx_word' id='word_1_541' title='bbox 2509 3277 2861 3344; x_wconf 82' lang='grc' dir='ltr'>κυριότητος</span> <span class='ocrx_word' id='word_1_542' title='bbox 2890 3276 3136 3344; x_wconf 82' lang='grc' dir='ltr'>ὀνόματι</span> <span class='ocrx_word' id='word_1_543' title='bbox 3173 3275 3364 3330; x_wconf 75' lang='grc' dir='ltr'>καλεῖ.</span> <span class='ocrx_word' id='word_1_544' title='bbox 3397 3275 3498 3328; x_wconf 71' lang='grc' dir='ltr'><strong>Καὶ</strong></span> <span class='ocrx_word' id='word_1_545' title='bbox 3524 3271 3658 3324; x_wconf 60' lang='lat' dir='ltr'><strong>nam</strong></span> 
     </span>
    </p>
   </div>
   <div class='ocr_carea' id='block_1_79' title="bbox 2117 3364 3659 3436">
    <p class='ocr_par' dir='ltr' id='par_1_79' title="bbox 2117 3364 3659 3436">
     <span class='ocr_line' id='line_1_79' title="bbox 2117 3364 3659 3436; baseline -0.005 -16"><span class='ocrx_word' id='word_1_546' title='bbox 2117 3369 2175 3420; x_wconf 76' lang='grc' dir='ltr'>ἐν</span> <span class='ocrx_word' id='word_1_547' title='bbox 2207 3368 2421 3436; x_wconf 77' lang='grc' dir='ltr'>έτέρῳο</span> <span class='ocrx_word' id='word_1_548' title='bbox 2471 3364 2716 3419; x_wconf 79' lang='grc' dir='ltr'>Οὐκοῦν</span> <span class='ocrx_word' id='word_1_549' title='bbox 2751 3367 2821 3418; x_wconf 82' lang='grc' dir='ltr'>ἐκ</span> <span class='ocrx_word' id='word_1_550' title='bbox 2877 3365 2987 3434; x_wconf 81' lang='grc' dir='ltr'>τῆς</span> <span class='ocrx_word' id='word_1_551' title='bbox 3037 3367 3262 3433; x_wconf 81' lang='grc' dir='ltr'>οὐσίας</span> <span class='ocrx_word' id='word_1_552' title='bbox 3300 3366 3405 3420; x_wconf 81' lang='grc' dir='ltr'><strong>τοῦ</strong></span> <span class='ocrx_word' id='word_1_553' title='bbox 3464 3364 3582 3418; x_wconf 85' lang='grc' dir='ltr'>Υίοῦ</span> <span class='ocrx_word' id='word_1_554' title='bbox 3607 3366 3659 3412; x_wconf 79' lang='grc' dir='ltr'>τὸ</span> 
     </span>
    </p>
   </div>
   <div class='ocr_carea' id='block_1_80' title="bbox 2119 3455 3661 3530">
    <p class='ocr_par' dir='ltr' id='par_1_80' title="bbox 2119 3455 3661 3530">
     <span class='ocr_line' id='line_1_80' title="bbox 2119 3455 3661 3530; baseline -0.005 -17"><span class='ocrx_word' id='word_1_555' title='bbox 2119 3459 2385 3527; x_wconf 80' lang='grc' dir='ltr'>Πνεῦμα.</span> <span class='ocrx_word' id='word_1_556' title='bbox 2428 3457 2488 3510; x_wconf 79' lang='lat'><strong>&#39;0</strong></span> <span class='ocrx_word' id='word_1_557' title='bbox 2513 3459 2676 3520; x_wconf 84' lang='grc' dir='ltr'>αὐτὸς</span> <span class='ocrx_word' id='word_1_558' title='bbox 2706 3461 2764 3512; x_wconf 79' lang='grc' dir='ltr'>ὲν</span> <span class='ocrx_word' id='word_1_559' title='bbox 2796 3460 2862 3529; x_wconf 81' lang='grc' dir='ltr'><strong>τῇ</strong></span> <span class='ocrx_word' id='word_1_560' title='bbox 2895 3459 3172 3530; x_wconf 74' lang='grc' dir='ltr'>ἑρμηνείᾳ</span> <span class='ocrx_word' id='word_1_561' title='bbox 3213 3459 3306 3511; x_wconf 91' lang='grc' dir='ltr'><strong>τοῦ</strong></span> <span class='ocrx_word' id='word_1_562' title='bbox 3340 3457 3475 3512; x_wconf 75' lang='grc' dir='ltr'>κατὰ</span> <span class='ocrx_word' id='word_1_563' title='bbox 3507 3455 3661 3508; x_wconf 61' lang='grc' dir='ltr'><strong>Ἰωάτ-</strong></span> 
     </span>
    </p>
   </div>
   <div class='ocr_carea' id='block_1_81' title="bbox 2120 3545 3656 3620">
    <p class='ocr_par' dir='ltr' id='par_1_81' title="bbox 2120 3545 3656 3620">
     <span class='ocr_line' id='line_1_81' title="bbox 2120 3545 3656 3620; baseline -0.005 -18"><span class='ocrx_word' id='word_1_564' title='bbox 2120 3568 2218 3620; x_wconf 89' lang='grc' dir='ltr'><strong>νην</strong></span> <span class='ocrx_word' id='word_1_565' title='bbox 2249 3549 2586 3617; x_wconf 82' lang='grc' dir='ltr'>Εὑαγγελίου</span> <span class='ocrx_word' id='word_1_566' title='bbox 2615 3550 2695 3613; x_wconf 83' lang='grc' dir='ltr'><strong>είς</strong></span> <span class='ocrx_word' id='word_1_567' title='bbox 2723 3549 2803 3610; x_wconf 80' lang='grc' dir='ltr'><strong>τὸ.</strong></span> <span class='ocrx_word' id='word_1_568' title='bbox 2841 3567 2860 3600; x_wconf 78' lang='grc' dir='ltr'><strong>ι</strong></span> <span class='ocrx_word' id='word_1_569' title='bbox 2903 3553 2985 3602; x_wconf 79' lang='grc' dir='ltr'><strong>Οὐ</strong></span> <span class='ocrx_word' id='word_1_570' title='bbox 3011 3550 3121 3618; x_wconf 76' lang='grc' dir='ltr'><strong>γὰρ</strong></span> <span class='ocrx_word' id='word_1_571' title='bbox 3148 3550 3414 3616; x_wconf 75' lang='grc' dir='ltr'>λαλήσει</span> <span class='ocrx_word' id='word_1_572' title='bbox 3439 3547 3524 3616; x_wconf 72' lang='grc' dir='ltr'><strong>ἐφ’</strong></span> <span class='ocrx_word' id='word_1_573' title='bbox 3548 3545 3656 3597; x_wconf 71' lang='lat' dir='ltr'><strong>tm-</strong></span> 
     </span>
    </p>
   </div>
   <div class='ocr_carea' id='block_1_82' title="bbox 2117 3636 3654 3709">
    <p class='ocr_par' dir='ltr' id='par_1_82' title="bbox 2117 3636 3654 3709">
     <span class='ocr_line' id='line_1_82' title="bbox 2117 3636 3654 3709; baseline -0.004 -15"><span class='ocrx_word' id='word_1_574' title='bbox 2117 3641 2224 3694; x_wconf 82' lang='grc' dir='ltr'><strong>τοῦ</strong></span> <span class='ocrx_word' id='word_1_575' title='bbox 2259 3655 2274 3672; x_wconf 92' lang='grc'><strong>·</strong></span> <span class='ocrx_word' id='word_1_576' title='bbox 2319 3660 2338 3693; x_wconf 74' lang='grc' dir='ltr'><strong>ι</strong></span> <span class='ocrx_word' id='word_1_577' title='bbox 2397 3642 2499 3693; x_wconf 85' lang='grc' dir='ltr'><strong>Διὰ</strong></span> <span class='ocrx_word' id='word_1_578' title='bbox 2537 3640 2648 3709; x_wconf 75' lang='grc' dir='ltr'><strong>γάρ</strong></span> <span class='ocrx_word' id='word_1_579' title='bbox 2695 3657 2787 3693; x_wconf 87' lang='grc' dir='ltr'><strong>τοι</strong></span> <span class='ocrx_word' id='word_1_580' title='bbox 2811 3639 2987 3692; x_wconf 85' lang='grc' dir='ltr'>τοῦτο</span> <span class='ocrx_word' id='word_1_581' title='bbox 3017 3642 3446 3708; x_wconf 80' lang='grc' dir='ltr'>προστέθεικεν</span> <span class='ocrx_word' id='word_1_582' title='bbox 3478 3639 3557 3690; x_wconf 85' lang='grc' dir='ltr'>ὅτι</span> <span class='ocrx_word' id='word_1_583' title='bbox 3590 3636 3654 3688; x_wconf 77' lang='grc' dir='ltr'><em>Τὰ</em></span> 
     </span>
    </p>
   </div>
   <div class='ocr_carea' id='block_1_83' title="bbox 2119 3723 3657 3802">
    <p class='ocr_par' dir='ltr' id='par_1_83' title="bbox 2119 3723 3657 3802">
     <span class='ocr_line' id='line_1_83' title="bbox 2119 3723 3657 3802; baseline 0 -16"><span class='ocrx_word' id='word_1_584' title='bbox 2119 3734 2414 3802; x_wconf 67' lang='grc' dir='ltr'>ἐρχόμενα</span> <span class='ocrx_word' id='word_1_585' title='bbox 2436 3731 2760 3801; x_wconf 78' lang='grc' dir='ltr'>ἀναγγελεῖ</span> <span class='ocrx_word' id='word_1_586' title='bbox 2795 3732 2940 3801; x_wconf 76' lang='grc' dir='ltr'><strong>ἡμῖν</strong></span> <span class='ocrx_word' id='word_1_587' title='bbox 2957 3747 2970 3762; x_wconf 88' lang='grc'><strong>·</strong></span> <span class='ocrx_word' id='word_1_588' title='bbox 3005 3732 3093 3785; x_wconf 86' lang='grc' dir='ltr'>ὅτι</span> <span class='ocrx_word' id='word_1_589' title='bbox 3116 3733 3192 3801; x_wconf 80' lang='grc' dir='ltr'><em>δὴ</em></span> <span class='ocrx_word' id='word_1_590' title='bbox 3233 3731 3461 3796; x_wconf 84' lang='grc' dir='ltr'>πάντως</span> <span class='ocrx_word' id='word_1_591' title='bbox 3483 3730 3544 3782; x_wconf 82' lang='grc' dir='ltr'>ἐκ</span> <span class='ocrx_word' id='word_1_592' title='bbox 3570 3723 3657 3790; x_wconf 71' lang='grc' dir='ltr'><strong>τῆς</strong></span> 
     </span>
    </p>
   </div>
   <div class='ocr_carea' id='block_1_84' title="bbox 2117 3818 3658 3891">
    <p class='ocr_par' dir='ltr' id='par_1_84' title="bbox 2117 3818 3658 3891">
     <span class='ocr_line' id='line_1_84' title="bbox 2117 3818 3658 3891; baseline -0.006 -16"><span class='ocrx_word' id='word_1_593' title='bbox 2117 3823 2268 3891; x_wconf 78' lang='grc' dir='ltr'>ἐμῆς</span> <span class='ocrx_word' id='word_1_594' title='bbox 2295 3824 2514 3888; x_wconf 84' lang='grc' dir='ltr'>οὐσίας</span> <span class='ocrx_word' id='word_1_595' title='bbox 2552 3823 2620 3874; x_wconf 85' lang='grc' dir='ltr'>τὸ</span> <span class='ocrx_word' id='word_1_596' title='bbox 2652 3822 2897 3891; x_wconf 78' lang='grc' dir='ltr'>Πνεῦμα</span> <span class='ocrx_word' id='word_1_597' title='bbox 2917 3823 3069 3887; x_wconf 78' lang='grc' dir='ltr'>ἐστι,</span> <span class='ocrx_word' id='word_1_598' title='bbox 3103 3824 3204 3876; x_wconf 74' lang='grc' dir='ltr'>καὶ</span> <span class='ocrx_word' id='word_1_599' title='bbox 3249 3819 3377 3877; x_wconf 86' lang='grc' dir='ltr'>οἷον</span> <span class='ocrx_word' id='word_1_600' title='bbox 3401 3821 3531 3890; x_wconf 80' lang='grc' dir='ltr'><strong>ἐμός</strong></span> <span class='ocrx_word' id='word_1_601' title='bbox 3551 3818 3658 3870; x_wconf 69' lang='grc' dir='ltr'>ἐστι</span> 
     </span>
    </p>
   </div>
   <div class='ocr_carea' id='block_1_85' title="bbox 2120 3908 3654 3985">
    <p class='ocr_par' dir='ltr' id='par_1_85' title="bbox 2120 3908 3654 3985">
     <span class='ocr_line' id='line_1_85' title="bbox 2120 3908 3654 3985; baseline -0.005 -17"><span class='ocrx_word' id='word_1_602' title='bbox 2120 3916 2288 3982; x_wconf 78' lang='grc' dir='ltr'>νοῦς.</span> <span class='ocrx_word' id='word_1_603' title='bbox 2325 3915 2406 3983; x_wconf 84' lang='grc' dir='ltr'>τῷ</span> <span class='ocrx_word' id='word_1_604' title='bbox 2440 3915 2601 3983; x_wconf 87' lang='grc' dir='ltr'>ἐρεῖν</span> <span class='ocrx_word' id='word_1_605' title='bbox 2639 3916 2829 3970; x_wconf 84' lang='grc' dir='ltr'>αὑτὸν</span> <span class='ocrx_word' id='word_1_606' title='bbox 2850 3917 2924 3970; x_wconf 85' lang='grc' dir='ltr'>τὰ</span> <span class='ocrx_word' id='word_1_607' title='bbox 2951 3917 3242 3985; x_wconf 82' lang='grc' dir='ltr'>ἐσόμενα,</span> <span class='ocrx_word' id='word_1_608' title='bbox 3267 3913 3518 3979; x_wconf 75' lang='grc' dir='ltr'>καθάπερ</span> <span class='ocrx_word' id='word_1_609' title='bbox 3547 3908 3654 3976; x_wconf 79' lang='grc' dir='ltr'><strong>ὲ;ώ.</strong></span> 
     </span>
    </p>
   </div>
   <div class='ocr_carea' id='block_1_86' title="bbox 2123 3999 3659 4078">
    <p class='ocr_par' dir='ltr' id='par_1_86' title="bbox 2123 3999 3659 4078">
     <span class='ocr_line' id='line_1_86' title="bbox 2123 3999 3659 4078; baseline -0.003 -18"><span class='ocrx_word' id='word_1_610' title='bbox 2123 4007 2347 4061; x_wconf 83' lang='grc' dir='ltr'>Τούτων</span> <span class='ocrx_word' id='word_1_611' title='bbox 2401 4008 2556 4061; x_wconf 79' lang='grc' dir='ltr'>οὐδὲν</span> <span class='ocrx_word' id='word_1_612' title='bbox 2588 4008 2822 4073; x_wconf 83' lang='grc' dir='ltr'>ούδόλως</span> <span class='ocrx_word' id='word_1_613' title='bbox 2867 4008 3128 4078; x_wconf 85' lang='grc' dir='ltr'>δεόμενον</span> <span class='ocrx_word' id='word_1_614' title='bbox 3164 4008 3458 4078; x_wconf 81' lang='grc' dir='ltr'>σαφηνείας</span> <span class='ocrx_word' id='word_1_615' title='bbox 3481 4002 3602 4062; x_wconf 68' lang='grc' dir='ltr'>τινδ,</span> <span class='ocrx_word' id='word_1_616' title='bbox 3637 3999 3659 4048; x_wconf 69' lang='grc' dir='ltr'>δ</span> 
     </span>
    </p>
   </div>
   <div class='ocr_carea' id='block_1_87' title="bbox 2127 4088 3659 4166">
    <p class='ocr_par' dir='ltr' id='par_1_87' title="bbox 2127 4088 3659 4166">
     <span class='ocr_line' id='line_1_87' title="bbox 2127 4088 3659 4166; baseline -0.003 -17"><span class='ocrx_word' id='word_1_617' title='bbox 2127 4095 2418 4159; x_wconf 82' lang='grc' dir='ltr'>θεσπέσιος</span> <span class='ocrx_word' id='word_1_618' title='bbox 2445 4091 2568 4148; x_wconf 81' lang='grc' dir='ltr'>εἷπε</span> <span class='ocrx_word' id='word_1_619' title='bbox 2599 4096 2894 4164; x_wconf 86' lang='grc' dir='ltr'>Κύριλλος.</span> <span class='ocrx_word' id='word_1_620' title='bbox 2929 4095 3031 4148; x_wconf 90' lang='grc' dir='ltr'>Διά</span> <span class='ocrx_word' id='word_1_621' title='bbox 3076 4095 3188 4166; x_wconf 82' lang='grc' dir='ltr'><strong>γὰρ</strong></span> <span class='ocrx_word' id='word_1_622' title='bbox 3234 4096 3445 4150; x_wconf 86' lang='grc' dir='ltr'>πάντων</span> <span class='ocrx_word' id='word_1_623' title='bbox 3477 4088 3659 4154; x_wconf 36' lang='lat' dir='ltr'><strong>array?</strong></span> 
     </span>
    </p>
   </div>
   <div class='ocr_carea' id='block_1_88' title="bbox 444 4173 3658 4258">
    <p class='ocr_par' dir='ltr' id='par_1_88' title="bbox 444 4173 3658 4258">
     <span class='ocr_line' id='line_1_88' title="bbox 444 4173 3658 4258; baseline 0.001 -22"><span class='ocrx_word' id='word_1_624' title='bbox 444 4201 572 4237; x_wconf 87' lang='grc' dir='ltr'>νατο</span> <span class='ocrx_word' id='word_1_625' title='bbox 600 4185 857 4257; x_wconf 72' lang='grc' dir='ltr'>καῢαρῶς</span> <span class='ocrx_word' id='word_1_626' title='bbox 893 4184 1030 4240; x_wconf 83' lang='grc' dir='ltr'>εἶναι</span> <span class='ocrx_word' id='word_1_627' title='bbox 1070 4188 1131 4240; x_wconf 83' lang='grc' dir='ltr'>τὸ</span> <span class='ocrx_word' id='word_1_628' title='bbox 1155 4188 1314 4256; x_wconf 77' lang='grc' dir='ltr'>ἅγιον</span> <span class='ocrx_word' id='word_1_629' title='bbox 1340 4187 1572 4256; x_wconf 81' lang='grc' dir='ltr'>Πνεῦμα</span> <span class='ocrx_word' id='word_1_630' title='bbox 1633 4189 1744 4239; x_wconf 81' lang='grc' dir='ltr'><strong>κάκ</strong></span> <span class='ocrx_word' id='word_1_631' title='bbox 1777 4184 1872 4237; x_wconf 87' lang='grc' dir='ltr'><strong>τοῦ</strong></span> <span class='ocrx_word' id='word_1_632' title='bbox 1927 4186 2288 4256; x_wconf 82' lang='grc' dir='ltr'>Μονογενοῦς,</span> <span class='ocrx_word' id='word_1_633' title='bbox 2351 4187 2729 4258; x_wconf 79' lang='grc' dir='ltr'>ἀκολουθήσας</span> <span class='ocrx_word' id='word_1_634' title='bbox 2789 4187 2976 4250; x_wconf 83' lang='grc' dir='ltr'>καλῶς</span> <span class='ocrx_word' id='word_1_635' title='bbox 3025 4187 3330 4258; x_wconf 82' lang='grc' dir='ltr'>Ἐπιφανίῳ</span> <span class='ocrx_word' id='word_1_636' title='bbox 3391 4183 3465 4253; x_wconf 81' lang='grc' dir='ltr'>τῷ</span> <span class='ocrx_word' id='word_1_637' title='bbox 3495 4173 3658 4240; x_wconf 59' lang='grc' dir='ltr'><strong>κλειτξι</strong></span> 
     </span>
    </p>
   </div>
   <div class='ocr_carea' id='block_1_89' title="bbox 443 4274 2779 4350">
    <p class='ocr_par' dir='ltr' id='par_1_89' title="bbox 443 4274 2779 4350">
     <span class='ocr_line' id='line_1_89' title="bbox 443 4274 2779 4350; baseline -0 -18"><span class='ocrx_word' id='word_1_638' title='bbox 443 4279 561 4332; x_wconf 81' lang='grc' dir='ltr'>κατ’</span> <span class='ocrx_word' id='word_1_639' title='bbox 593 4279 894 4338; x_wconf 78' lang='grc' dir='ltr'>εὐσέϐειαν,</span> <span class='ocrx_word' id='word_1_640' title='bbox 913 4274 974 4332; x_wconf 76' lang='grc' dir='ltr'><strong>οὗ</strong></span> <span class='ocrx_word' id='word_1_641' title='bbox 994 4278 1090 4349; x_wconf 75' lang='grc' dir='ltr'>τὴν</span> <span class='ocrx_word' id='word_1_642' title='bbox 1124 4280 1283 4350; x_wconf 76' lang='grc' dir='ltr'>ῥῆσιν</span> <span class='ocrx_word' id='word_1_643' title='bbox 1301 4278 1376 4341; x_wconf 84' lang='grc' dir='ltr'><strong>ὡς</strong></span> <span class='ocrx_word' id='word_1_644' title='bbox 1398 4278 1487 4331; x_wconf 76' lang='grc' dir='ltr'><strong>ἐπ’</strong></span> <span class='ocrx_word' id='word_1_645' title='bbox 1509 4277 1678 4348; x_wconf 80' lang='grc' dir='ltr'>αὐτῆς</span> <span class='ocrx_word' id='word_1_646' title='bbox 1694 4278 1792 4347; x_wconf 84' lang='grc' dir='ltr'>τῆς</span> <span class='ocrx_word' id='word_1_647' title='bbox 1817 4277 2014 4342; x_wconf 80' lang='grc' dir='ltr'>λέξεως</span> <span class='ocrx_word' id='word_1_648' title='bbox 2053 4279 2166 4350; x_wconf 76' lang='grc' dir='ltr'>ἔχει</span> <span class='ocrx_word' id='word_1_649' title='bbox 2193 4280 2290 4333; x_wconf 79' lang='grc' dir='ltr'>καὶ</span> <span class='ocrx_word' id='word_1_650' title='bbox 2321 4279 2779 4350; x_wconf 83' lang='grc' dir='ltr'>προτεθείκαμεν.</span> 
     </span>
    </p>
   </div>
   <div class='ocr_carea' id='block_1_90' title="bbox 514 4360 2015 4443">
    <p class='ocr_par' dir='ltr' id='par_1_90' title="bbox 514 4369 2013 4438">
     <span class='ocr_line' id='line_1_90' title="bbox 514 4369 2013 4438; baseline -0.001 -15"><span class='ocrx_word' id='word_1_651' title='bbox 514 4373 600 4426; x_wconf 71' lang='lat' dir='ltr'><strong>i2.</strong></span> <span class='ocrx_word' id='word_1_652' title='bbox 637 4372 777 4427; x_wconf 91' lang='lat' dir='ltr'><strong>Sunt</strong></span> <span class='ocrx_word' id='word_1_653' title='bbox 807 4373 1164 4426; x_wconf 90' lang='lat' dir='ltr'><strong>nihilominus</strong></span> <span class='ocrx_word' id='word_1_654' title='bbox 1189 4387 1257 4427; x_wconf 78' lang='lat' dir='ltr'><strong>ex</strong></span> <span class='ocrx_word' id='word_1_655' title='bbox 1295 4370 1623 4425; x_wconf 84' lang='lat' dir='ltr'><strong>adversariis</strong></span> <span class='ocrx_word' id='word_1_656' title='bbox 1659 4369 1862 4424; x_wconf 88' lang='lat' dir='ltr'><strong>nostris</strong></span> <span class='ocrx_word' id='word_1_657' title='bbox 1891 4370 2013 4438; x_wconf 83' lang='lat' dir='ltr'><strong>pln-</strong></span> 
     </span>
    </p>
   </div>
   <div class='ocr_carea' id='block_1_91' title="bbox 2119 4360 3656 4443">
    <p class='ocr_par' dir='ltr' id='par_1_91' title="bbox 2195 4360 3656 4443">
     <span class='ocr_line' id='line_1_91' title="bbox 2195 4360 3656 4443; baseline -0.019 -8"><span class='ocrx_word' id='word_1_658' title='bbox 2195 4371 2286 4441; x_wconf 64' lang='lat' dir='ltr'><strong>tﬂ&#39;.</strong></span> <span class='ocrx_word' id='word_1_659' title='bbox 2320 4372 2512 4443; x_wconf 83' lang='grc' dir='ltr'>Ὅμως</span> <span class='ocrx_word' id='word_1_660' title='bbox 2565 4373 2612 4426; x_wconf 84' lang='grc' dir='ltr'><strong>δ’</strong></span> <span class='ocrx_word' id='word_1_661' title='bbox 2658 4373 2752 4428; x_wconf 79' lang='grc' dir='ltr'>οὖν</span> <span class='ocrx_word' id='word_1_662' title='bbox 2813 4373 2916 4426; x_wconf 81' lang='grc' dir='ltr'><strong>κάν</strong></span> <span class='ocrx_word' id='word_1_663' title='bbox 2951 4373 3166 4435; x_wconf 81' lang='grc' dir='ltr'>τούτοις</span> <span class='ocrx_word' id='word_1_664' title='bbox 3211 4370 3348 4424; x_wconf 77' lang='grc' dir='ltr'>εἰσὶν</span> <span class='ocrx_word' id='word_1_665' title='bbox 3392 4367 3512 4419; x_wconf 69' lang='grc' dir='ltr'>ἔνιοι</span> <span class='ocrx_word' id='word_1_666' title='bbox 3563 4360 3656 4412; x_wconf 76' lang='grc' dir='ltr'><strong>τῶν</strong></span> 
     </span>
    </p>
   </div>
   <div class='ocr_carea' id='block_1_92' title="bbox 441 4461 2022 4535">
    <p class='ocr_par' dir='ltr' id='par_1_92' title="bbox 441 4461 2022 4535">
     <span class='ocr_line' id='line_1_92' title="bbox 441 4461 2022 4535; baseline -0.001 -18"><span class='ocrx_word' id='word_1_667' title='bbox 441 4465 590 4526; x_wconf 88' lang='lat' dir='ltr'><strong>rimi,</strong></span> <span class='ocrx_word' id='word_1_668' title='bbox 621 4465 716 4535; x_wconf 90' lang='lat' dir='ltr'><strong>qui</strong></span> <span class='ocrx_word' id='word_1_669' title='bbox 745 4465 1083 4519; x_wconf 87' lang='lat' dir='ltr'><strong>contentiose</strong></span> <span class='ocrx_word' id='word_1_670' title='bbox 1108 4464 1268 4518; x_wconf 90' lang='lat' dir='ltr'><strong>nimis</strong></span> <span class='ocrx_word' id='word_1_671' title='bbox 1295 4473 1460 4534; x_wconf 91' lang='lat' dir='ltr'><strong>atque</strong></span> <span class='ocrx_word' id='word_1_672' title='bbox 1492 4462 1856 4517; x_wconf 86' lang='lat' dir='ltr'><strong>inverecunde</strong></span> <span class='ocrx_word' id='word_1_673' title='bbox 1885 4461 2022 4515; x_wconf 86' lang='lat' dir='ltr'><strong>adeo</strong></span> 
     </span>
    </p>
   </div>
   <div class='ocr_carea' id='block_1_93' title="bbox 442 4553 2022 4625">
    <p class='ocr_par' dir='ltr' id='par_1_93' title="bbox 442 4553 2022 4625">
     <span class='ocr_line' id='line_1_93' title="bbox 442 4553 2022 4625; baseline -0.003 -16"><span class='ocrx_word' id='word_1_674' title='bbox 442 4565 718 4625; x_wconf 89' lang='lat' dir='ltr'><strong>patentem</strong></span> <span class='ocrx_word' id='word_1_675' title='bbox 772 4558 1059 4610; x_wconf 87' lang='lat' dir='ltr'><strong>veritatem</strong></span> <span class='ocrx_word' id='word_1_676' title='bbox 1087 4565 1427 4625; x_wconf 80' lang='lat' dir='ltr'><strong>oppugnant,</strong></span> <span class='ocrx_word' id='word_1_677' title='bbox 1454 4555 1754 4622; x_wconf 91' lang='lat' dir='ltr'><strong>dicuntque</strong></span> <span class='ocrx_word' id='word_1_678' title='bbox 1776 4553 2022 4607; x_wconf 85' lang='lat' dir='ltr'><strong>divinum</strong></span> 
     </span>
    </p>
   </div>
   <div class='ocr_carea' id='block_1_94' title="bbox 442 4641 2024 4717">
    <p class='ocr_par' dir='ltr' id='par_1_94' title="bbox 442 4641 2024 4717">
     <span class='ocr_line' id='line_1_94' title="bbox 442 4641 2024 4717; baseline -0.002 -15"><span class='ocrx_word' id='word_1_679' title='bbox 442 4649 591 4703; x_wconf 88' lang='lat' dir='ltr'><strong>hunc</strong></span> <span class='ocrx_word' id='word_1_680' title='bbox 619 4647 858 4708; x_wconf 87' lang='lat' dir='ltr'><strong>Patrem,</strong></span> <span class='ocrx_word' id='word_1_681' title='bbox 900 4648 1202 4717; x_wconf 87' lang='lat' dir='ltr'><strong>sapientem</strong></span> <span class='ocrx_word' id='word_1_682' title='bbox 1235 4641 1426 4716; x_wconf 88' lang='lat' dir='ltr'><strong>nempe</strong></span> <span class='ocrx_word' id='word_1_683' title='bbox 1468 4647 1761 4717; x_wconf 82' lang='lat' dir='ltr'><strong>Cyrillum,</strong></span> <span class='ocrx_word' id='word_1_684' title='bbox 1797 4645 1852 4700; x_wconf 91' lang='lat' dir='ltr'><strong>in</strong></span> <span class='ocrx_word' id='word_1_685' title='bbox 1901 4645 2024 4715; x_wconf 80' lang='lat' dir='ltr'><strong>ple-</strong></span> 
     </span>
    </p>
   </div>
   <div class='ocr_carea' id='block_1_95' title="bbox 444 4734 2024 4812">
    <p class='ocr_par' dir='ltr' id='par_1_95' title="bbox 444 4734 2024 4812">
     <span class='ocr_line' id='line_1_95' title="bbox 444 4734 2024 4812; baseline -0.005 -16"><span class='ocrx_word' id='word_1_686' title='bbox 444 4743 630 4812; x_wconf 87' lang='lat' dir='ltr'><strong>risque</strong></span> <span class='ocrx_word' id='word_1_687' title='bbox 650 4741 742 4796; x_wconf 77' lang='lat' dir='ltr'><strong>his</strong></span> <span class='ocrx_word' id='word_1_688' title='bbox 771 4743 887 4794; x_wconf 88' lang='lat' dir='ltr'><strong>suis</strong></span> <span class='ocrx_word' id='word_1_689' title='bbox 909 4740 1069 4794; x_wconf 88' lang='lat' dir='ltr'><strong>dictis</strong></span> <span class='ocrx_word' id='word_1_690' title='bbox 1099 4753 1162 4792; x_wconf 75' lang='lat' dir='ltr'><strong>ea:</strong></span> <span class='ocrx_word' id='word_1_691' title='bbox 1179 4739 1403 4792; x_wconf 88' lang='lat' dir='ltr'><strong>essentia</strong></span> <span class='ocrx_word' id='word_1_692' title='bbox 1430 4737 1579 4804; x_wconf 87' lang='lat' dir='ltr'><strong>Filii,</strong></span> <span class='ocrx_word' id='word_1_693' title='bbox 1617 4738 1683 4791; x_wconf 90' lang='lat' dir='ltr'><strong>ad</strong></span> <span class='ocrx_word' id='word_1_694' title='bbox 1733 4734 2024 4806; x_wconf 87' lang='lat' dir='ltr'><strong>Epiphanii</strong></span> 
     </span>
    </p>
   </div>
   <div class='ocr_carea' id='block_1_96' title="bbox 443 4821 2022 4901">
    <p class='ocr_par' dir='ltr' id='par_1_96' title="bbox 443 4821 2022 4901">
     <span class='ocr_line' id='line_1_96' title="bbox 443 4821 2022 4901; baseline -0.009 -11"><span class='ocrx_word' id='word_1_695' title='bbox 443 4844 682 4890; x_wconf 89' lang='lat' dir='ltr'><strong>mentem</strong></span> <span class='ocrx_word' id='word_1_696' title='bbox 741 4833 918 4900; x_wconf 80' lang='lat' dir='ltr'><strong>palam</strong></span> <span class='ocrx_word' id='word_1_697' title='bbox 966 4833 1366 4901; x_wconf 82' lang='lat' dir='ltr'><strong>pronuntiare,</strong></span> <span class='ocrx_word' id='word_1_698' title='bbox 1431 4829 1696 4884; x_wconf 76' lang='lat' dir='ltr'><strong>exsistere</strong></span> <span class='ocrx_word' id='word_1_699' title='bbox 1757 4821 2022 4896; x_wconf 88' lang='lat' dir='ltr'><strong>Spiritum</strong></span> 
     </span>
    </p>
   </div>
   <div class='ocr_carea' id='block_1_97' title="bbox 445 4917 2026 4992">
    <p class='ocr_par' dir='ltr' id='par_1_97' title="bbox 445 4917 2026 4992">
     <span class='ocr_line' id='line_1_97' title="bbox 445 4917 2026 4992; baseline -0.009 -10"><span class='ocrx_word' id='word_1_700' title='bbox 445 4935 717 4990; x_wconf 86' lang='lat' dir='ltr'><strong>sanctum,</strong></span> <span class='ocrx_word' id='word_1_701' title='bbox 754 4924 846 4979; x_wconf 87' lang='lat' dir='ltr'><strong>sed</strong></span> <span class='ocrx_word' id='word_1_702' title='bbox 902 4924 954 4977; x_wconf 94' lang='lat' dir='ltr'><strong>in</strong></span> <span class='ocrx_word' id='word_1_703' title='bbox 993 4924 1192 4992; x_wconf 85' lang='lat' dir='ltr'><strong>quibus</strong></span> <span class='ocrx_word' id='word_1_704' title='bbox 1234 4921 1497 4991; x_wconf 88' lang='lat' dir='ltr'><strong>reperitur</strong></span> <span class='ocrx_word' id='word_1_705' title='bbox 1538 4920 1606 4973; x_wconf 84' lang='lat' dir='ltr'><strong>de</strong></span> <span class='ocrx_word' id='word_1_706' title='bbox 1638 4917 1780 4972; x_wconf 86' lang='lat' dir='ltr'><strong>Filio</strong></span> <span class='ocrx_word' id='word_1_707' title='bbox 1816 4931 2026 4971; x_wconf 86' lang='lat' dir='ltr'><strong>sermo-</strong></span> 
     </span>
    </p>
   </div>
   <div class='ocr_carea' id='block_1_98' title="bbox 443 5010 2024 5080">
    <p class='ocr_par' dir='ltr' id='par_1_98' title="bbox 443 5010 2024 5080">
     <span class='ocr_line' id='line_1_98' title="bbox 443 5010 2024 5080; baseline -0.007 -7"><span class='ocrx_word' id='word_1_708' title='bbox 443 5033 570 5073; x_wconf 88' lang='lat' dir='ltr'><strong>nem</strong></span> <span class='ocrx_word' id='word_1_709' title='bbox 597 5018 800 5073; x_wconf 87' lang='lat' dir='ltr'><strong>habere</strong></span> <span class='ocrx_word' id='word_1_710' title='bbox 843 5032 1031 5071; x_wconf 86' lang='lat' dir='ltr'><strong>rursus</strong></span> <span class='ocrx_word' id='word_1_711' title='bbox 1065 5017 1383 5071; x_wconf 86' lang='lat' dir='ltr'><strong>naturaliter</strong></span> <span class='ocrx_word' id='word_1_712' title='bbox 1434 5013 1635 5067; x_wconf 88' lang='lat' dir='ltr'><strong>addere</strong></span> <span class='ocrx_word' id='word_1_713' title='bbox 1669 5030 1682 5066; x_wconf 89' lang='lat'><strong>:</strong></span> <span class='ocrx_word' id='word_1_714' title='bbox 1731 5025 1908 5080; x_wconf 91' lang='lat' dir='ltr'><strong>neque</strong></span> <span class='ocrx_word' id='word_1_715' title='bbox 1935 5010 2024 5063; x_wconf 87' lang='lat' dir='ltr'><strong>in-</strong></span> 
     </span>
    </p>
   </div>
   <div class='ocr_carea' id='block_1_99' title="bbox 446 5098 2022 5180">
    <p class='ocr_par' dir='ltr' id='par_1_99' title="bbox 446 5098 2022 5180">
     <span class='ocr_line' id='line_1_99' title="bbox 446 5098 2022 5180; baseline -0.008 -16"><span class='ocrx_word' id='word_1_716' title='bbox 446 5110 618 5174; x_wconf 72' lang='lat' dir='ltr'><strong>veniri</strong></span> <span class='ocrx_word' id='word_1_717' title='bbox 651 5107 913 5180; x_wconf 89' lang='lat' dir='ltr'><strong>Spiritum</strong></span> <span class='ocrx_word' id='word_1_718' title='bbox 951 5117 1200 5162; x_wconf 88' lang='lat' dir='ltr'><strong>sanctum</strong></span> <span class='ocrx_word' id='word_1_719' title='bbox 1230 5103 1552 5174; x_wconf 89' lang='lat' dir='ltr'><strong>simpliciter</strong></span> <span class='ocrx_word' id='word_1_720' title='bbox 1583 5100 1806 5156; x_wconf 84' lang='lat' dir='ltr'><strong>nonnisi</strong></span> <span class='ocrx_word' id='word_1_721' title='bbox 1831 5098 2022 5154; x_wconf 88' lang='lat' dir='ltr'><strong>addito</strong></span> 
     </span>
    </p>
   </div>
   <div class='ocr_carea' id='block_1_100' title="bbox 447 5189 2023 5267">
    <p class='ocr_par' dir='ltr' id='par_1_100' title="bbox 447 5189 2023 5267">
     <span class='ocr_line' id='line_1_100' title="bbox 447 5189 2023 5267; baseline -0.008 -10"><span class='ocrx_word' id='word_1_722' title='bbox 447 5203 766 5267; x_wconf 73' lang='lat' dir='ltr'><strong>naturaliter</strong></span> <span class='ocrx_word' id='word_1_723' title='bbox 793 5189 1087 5256; x_wconf 88' lang='lat' dir='ltr'><strong>decernere</strong></span> <span class='ocrx_word' id='word_1_724' title='bbox 1115 5214 1182 5252; x_wconf 83' lang='lat' dir='ltr'><strong>ex</strong></span> <span class='ocrx_word' id='word_1_725' title='bbox 1215 5196 1378 5259; x_wconf 87' lang='lat' dir='ltr'><strong>Filio,</strong></span> <span class='ocrx_word' id='word_1_726' title='bbox 1413 5203 1468 5250; x_wconf 91' lang='lat' dir='ltr'><strong>et</strong></span> <span class='ocrx_word' id='word_1_727' title='bbox 1497 5210 1563 5250; x_wconf 82' lang='lat' dir='ltr'><strong>ex</strong></span> <span class='ocrx_word' id='word_1_728' title='bbox 1590 5193 1830 5249; x_wconf 88' lang='lat' dir='ltr'><strong>essentia</strong></span> <span class='ocrx_word' id='word_1_729' title='bbox 1855 5192 2023 5257; x_wconf 89' lang='lat' dir='ltr'><strong>illius,</strong></span> 
     </span>
    </p>
   </div>
   <div class='ocr_carea' id='block_1_101' title="bbox 448 5285 2026 5357">
    <p class='ocr_par' dir='ltr' id='par_1_101' title="bbox 448 5285 2026 5357">
     <span class='ocr_line' id='line_1_101' title="bbox 448 5285 2026 5357; baseline -0.006 -9"><span class='ocrx_word' id='word_1_730' title='bbox 448 5295 524 5348; x_wconf 89' lang='lat' dir='ltr'><strong>uti</strong></span> <span class='ocrx_word' id='word_1_731' title='bbox 581 5296 786 5347; x_wconf 82' lang='lat' dir='ltr'><strong>dictum</strong></span> <span class='ocrx_word' id='word_1_732' title='bbox 858 5299 981 5355; x_wconf 80' lang='lat' dir='ltr'><strong>est,</strong></span> <span class='ocrx_word' id='word_1_733' title='bbox 1040 5289 1092 5342; x_wconf 91' lang='lat' dir='ltr'><strong>in</strong></span> <span class='ocrx_word' id='word_1_734' title='bbox 1142 5287 1333 5356; x_wconf 85' lang='lat' dir='ltr'><strong>majori</strong></span> <span class='ocrx_word' id='word_1_735' title='bbox 1382 5297 1538 5357; x_wconf 81' lang='lat' dir='ltr'><strong>parte</strong></span> <span class='ocrx_word' id='word_1_736' title='bbox 1599 5287 1797 5339; x_wconf 86' lang='lat' dir='ltr'><strong>horum</strong></span> <span class='ocrx_word' id='word_1_737' title='bbox 1848 5285 2026 5338; x_wconf 83' lang='lat' dir='ltr'><strong>dicto-</strong></span> 
     </span>
    </p>
   </div>
   <div class='ocr_carea' id='block_1_102' title="bbox 445 5376 2027 5455">
    <p class='ocr_par' dir='ltr' id='par_1_102' title="bbox 445 5376 2027 5455">
     <span class='ocr_line' id='line_1_102' title="bbox 445 5376 2027 5455; baseline -0.009 -13"><span class='ocrx_word' id='word_1_738' title='bbox 445 5401 565 5455; x_wconf 77' lang='lat' dir='ltr'><strong>rum</strong></span> <span class='ocrx_word' id='word_1_739' title='bbox 596 5386 863 5439; x_wconf 85' lang='lat' dir='ltr'><strong>enuntiat.</strong></span> <span class='ocrx_word' id='word_1_740' title='bbox 911 5380 1128 5437; x_wconf 88' lang='lat' dir='ltr'><strong>Scimus</strong></span> <span class='ocrx_word' id='word_1_741' title='bbox 1149 5394 1314 5450; x_wconf 88' lang='lat' dir='ltr'><strong>porro</strong></span> <span class='ocrx_word' id='word_1_742' title='bbox 1343 5393 1534 5434; x_wconf 92' lang='lat' dir='ltr'><strong>omnes</strong></span> <span class='ocrx_word' id='word_1_743' title='bbox 1558 5376 1804 5446; x_wconf 84' lang='lat' dir='ltr'><strong>ejusdem</strong></span> <span class='ocrx_word' id='word_1_744' title='bbox 1840 5391 2027 5431; x_wconf 88' lang='lat' dir='ltr'><strong>essen-</strong></span> 
     </span>
    </p>
   </div>
   <div class='ocr_carea' id='block_1_103' title="bbox 445 5467 2028 5550">
    <p class='ocr_par' dir='ltr' id='par_1_103' title="bbox 445 5467 2028 5550">
     <span class='ocr_line' id='line_1_103' title="bbox 445 5467 2028 5550; baseline -0.008 -18"><span class='ocrx_word' id='word_1_745' title='bbox 445 5478 534 5550; x_wconf 56' lang='lat' dir='ltr'><strong>tia!</strong></span> <span class='ocrx_word' id='word_1_746' title='bbox 571 5487 732 5547; x_wconf 90' lang='lat' dir='ltr'><strong>atque</strong></span> <span class='ocrx_word' id='word_1_747' title='bbox 779 5486 990 5536; x_wconf 57' lang='lat' dir='ltr'><strong>natura;</strong></span> <span class='ocrx_word' id='word_1_748' title='bbox 1020 5475 1158 5529; x_wconf 84' lang='lat' dir='ltr'><strong>citra</strong></span> <span class='ocrx_word' id='word_1_749' title='bbox 1192 5473 1360 5528; x_wconf 90' lang='lat' dir='ltr'><strong>ullum</strong></span> <span class='ocrx_word' id='word_1_750' title='bbox 1399 5471 1697 5526; x_wconf 84' lang='lat' dir='ltr'><strong>discrimen</strong></span> <span class='ocrx_word' id='word_1_751' title='bbox 1733 5483 1858 5524; x_wconf 92' lang='lat' dir='ltr'><strong>cum</strong></span> <span class='ocrx_word' id='word_1_752' title='bbox 1885 5467 2028 5522; x_wconf 87' lang='lat' dir='ltr'><strong>Filio</strong></span> 
     </span>
    </p>
   </div>
   <div class='ocr_carea' id='block_1_104' title="bbox 444 5557 2028 5638">
    <p class='ocr_par' dir='ltr' id='par_1_104' title="bbox 444 5557 2028 5638">
     <span class='ocr_line' id='line_1_104' title="bbox 444 5557 2028 5638; baseline -0.01 -13"><span class='ocrx_word' id='word_1_753' title='bbox 444 5585 566 5626; x_wconf 84' lang='lat' dir='ltr'><strong>esse</strong></span> <span class='ocrx_word' id='word_1_754' title='bbox 595 5568 859 5638; x_wconf 82' lang='lat' dir='ltr'><strong>Spiritum</strong></span> <span class='ocrx_word' id='word_1_755' title='bbox 891 5574 1163 5629; x_wconf 87' lang='lat' dir='ltr'><strong>sanctum,</strong></span> <span class='ocrx_word' id='word_1_756' title='bbox 1193 5565 1373 5618; x_wconf 91' lang='lat' dir='ltr'><strong>ethoc</strong></span> <span class='ocrx_word' id='word_1_757' title='bbox 1397 5577 1518 5617; x_wconf 89' lang='lat' dir='ltr'><strong>esse</strong></span> <span class='ocrx_word' id='word_1_758' title='bbox 1549 5560 1750 5629; x_wconf 82' lang='lat' dir='ltr'><strong>dogma</strong></span> <span class='ocrx_word' id='word_1_759' title='bbox 1790 5557 2028 5614; x_wconf 84' lang='lat' dir='ltr'><strong>catholi-</strong></span> 
     </span>
    </p>
   </div>
   <div class='ocr_carea' id='block_1_105' title="bbox 447 5650 2030 5729">
    <p class='ocr_par' dir='ltr' id='par_1_105' title="bbox 447 5650 2030 5729">
     <span class='ocr_line' id='line_1_105' title="bbox 447 5650 2030 5729; baseline -0.009 -14"><span class='ocrx_word' id='word_1_760' title='bbox 447 5663 668 5725; x_wconf 81' lang='lat' dir='ltr'><strong>cumab</strong></span> <span class='ocrx_word' id='word_1_761' title='bbox 717 5662 944 5729; x_wconf 90' lang='lat' dir='ltr'><strong>antiquo</strong></span> <span class='ocrx_word' id='word_1_762' title='bbox 979 5668 1222 5726; x_wconf 87' lang='lat' dir='ltr'><strong>tempore</strong></span> <span class='ocrx_word' id='word_1_763' title='bbox 1254 5656 1510 5712; x_wconf 70' lang='lat' dir='ltr'><strong>Ecclesia:</strong></span> <span class='ocrx_word' id='word_1_764' title='bbox 1539 5653 1818 5706; x_wconf 74' lang='lat' dir='ltr'><strong>traditum.</strong></span> <span class='ocrx_word' id='word_1_765' title='bbox 1863 5650 2030 5718; x_wconf 82' lang='lat' dir='ltr'><strong>igitur</strong></span> 
     </span>
    </p>
   </div>
   <div class='ocr_carea' id='block_1_106' title="bbox 2127 4452 3657 4531">
    <p class='ocr_par' dir='ltr' id='par_1_106' title="bbox 2127 4452 3657 4531">
     <span class='ocr_line' id='line_1_106' title="bbox 2127 4452 3657 4531; baseline -0.009 -17"><span class='ocrx_word' id='word_1_766' title='bbox 2127 4463 2382 4516; x_wconf 85' lang='grc' dir='ltr'>πλεῖστον</span> <span class='ocrx_word' id='word_1_767' title='bbox 2413 4464 2586 4527; x_wconf 84' lang='grc' dir='ltr'>ἀδεῶς</span> <span class='ocrx_word' id='word_1_768' title='bbox 2619 4464 3020 4531; x_wconf 80' lang='grc' dir='ltr'>ἀντικειμένων</span> <span class='ocrx_word' id='word_1_769' title='bbox 3065 4465 3221 4531; x_wconf 78' lang='grc' dir='ltr'>ἡμῖν,</span> <span class='ocrx_word' id='word_1_770' title='bbox 3276 4459 3325 4512; x_wconf 78' lang='grc' dir='ltr'><strong>οἳ</strong></span> <span class='ocrx_word' id='word_1_771' title='bbox 3376 4452 3657 4525; x_wconf 79' lang='grc' dir='ltr'>φιλονείκως</span> 
     </span>
    </p>
   </div>
   <div class='ocr_carea' id='block_1_107' title="bbox 2127 4549 3655 4626">
    <p class='ocr_par' dir='ltr' id='par_1_107' title="bbox 2127 4549 3655 4626">
     <span class='ocr_line' id='line_1_107' title="bbox 2127 4549 3655 4626; baseline -0.008 -18"><span class='ocrx_word' id='word_1_772' title='bbox 2127 4555 2264 4626; x_wconf 84' lang='grc' dir='ltr'>πρὸς</span> <span class='ocrx_word' id='word_1_773' title='bbox 2295 4557 2540 4626; x_wconf 79' lang='grc' dir='ltr'>φανερὰν</span> <span class='ocrx_word' id='word_1_774' title='bbox 2567 4554 2740 4618; x_wconf 78' lang='grc' dir='ltr'>οὕτως</span> <span class='ocrx_word' id='word_1_775' title='bbox 2768 4555 3032 4625; x_wconf 82' lang='grc' dir='ltr'>ἀλήθειαν</span> <span class='ocrx_word' id='word_1_776' title='bbox 3073 4549 3488 4623; x_wconf 82' lang='grc' dir='ltr'>ἀναισχυντοῦσι</span> <span class='ocrx_word' id='word_1_777' title='bbox 3516 4549 3655 4615; x_wconf 68' lang='grc' dir='ltr'>μαχό-</span> 
     </span>
    </p>
   </div>
   <div class='ocr_carea' id='block_1_108' title="bbox 2131 4636 3655 4718">
    <p class='ocr_par' dir='ltr' id='par_1_108' title="bbox 2131 4636 3655 4718">
     <span class='ocr_line' id='line_1_108' title="bbox 2131 4636 3655 4718; baseline -0.022 0"><span class='ocrx_word' id='word_1_778' title='bbox 2131 4664 2305 4718; x_wconf 64' lang='grc' dir='ltr'><strong>μενοι,</strong></span> <span class='ocrx_word' id='word_1_779' title='bbox 2340 4648 2434 4700; x_wconf 75' lang='grc' dir='ltr'><strong>καί</strong></span> <span class='ocrx_word' id='word_1_780' title='bbox 2467 4664 2632 4716; x_wconf 81' lang='grc' dir='ltr'>φασιν</span> <span class='ocrx_word' id='word_1_781' title='bbox 2653 4646 2730 4713; x_wconf 83' lang='grc' dir='ltr'><strong>ὡς</strong></span> <span class='ocrx_word' id='word_1_782' title='bbox 2763 4648 2791 4698; x_wconf 87' lang='grc' dir='ltr'>ὁ</span> <span class='ocrx_word' id='word_1_783' title='bbox 2825 4647 2968 4711; x_wconf 86' lang='grc' dir='ltr'>θεῖος</span> <span class='ocrx_word' id='word_1_784' title='bbox 3004 4647 3198 4718; x_wconf 84' lang='grc' dir='ltr'>Πατὴρ</span> <span class='ocrx_word' id='word_1_785' title='bbox 3253 4639 3423 4705; x_wconf 72' lang='grc' dir='ltr'>οὗτος,</span> <span class='ocrx_word' id='word_1_786' title='bbox 3466 4641 3491 4692; x_wconf 81' lang='grc' dir='ltr'>ὁ</span> <span class='ocrx_word' id='word_1_787' title='bbox 3523 4636 3655 4698; x_wconf 62' lang='lat' dir='ltr'><strong>cogi;</strong></span> 
     </span>
    </p>
   </div>
   <div class='ocr_carea' id='block_1_109' title="bbox 2125 4727 3654 4810">
    <p class='ocr_par' dir='ltr' id='par_1_109' title="bbox 2125 4727 3654 4810">
     <span class='ocr_line' id='line_1_109' title="bbox 2125 4727 3654 4810; baseline -0.014 -16"><span class='ocrx_word' id='word_1_788' title='bbox 2125 4740 2370 4809; x_wconf 80' lang='grc' dir='ltr'>δηλονότι</span> <span class='ocrx_word' id='word_1_789' title='bbox 2403 4739 2698 4810; x_wconf 86' lang='grc' dir='ltr'>Κύριλλος,</span> <span class='ocrx_word' id='word_1_790' title='bbox 2731 4741 2789 4793; x_wconf 76' lang='grc' dir='ltr'>ἐν</span> <span class='ocrx_word' id='word_1_791' title='bbox 2821 4739 2922 4810; x_wconf 88' lang='grc' dir='ltr'><strong>μέν</strong></span> <span class='ocrx_word' id='word_1_792' title='bbox 2943 4756 3026 4792; x_wconf 90' lang='grc' dir='ltr'><strong>τοι</strong></span> <span class='ocrx_word' id='word_1_793' title='bbox 3055 4739 3169 4800; x_wconf 87' lang='grc' dir='ltr'>τοῖς</span> <span class='ocrx_word' id='word_1_794' title='bbox 3193 4736 3396 4791; x_wconf 88' lang='grc' dir='ltr'>πλείοσι</span> <span class='ocrx_word' id='word_1_795' title='bbox 3425 4729 3524 4783; x_wconf 87' lang='grc' dir='ltr'><strong>τῶν</strong></span> <span class='ocrx_word' id='word_1_796' title='bbox 3550 4727 3654 4776; x_wconf 76' lang='grc' dir='ltr'>ἑαυ-</span> 
     </span>
    </p>
   </div>
   <div class='ocr_carea' id='block_1_110' title="bbox 2127 4815 3654 4902">
    <p class='ocr_par' dir='ltr' id='par_1_110' title="bbox 2127 4815 3654 4902">
     <span class='ocr_line' id='line_1_110' title="bbox 2127 4815 3654 4902; baseline -0.008 -20"><span class='ocrx_word' id='word_1_797' title='bbox 2127 4832 2220 4883; x_wconf 84' lang='grc' dir='ltr'>τοῦ</span> <span class='ocrx_word' id='word_1_798' title='bbox 2257 4831 2464 4884; x_wconf 83' lang='grc' dir='ltr'>τούτων</span> <span class='ocrx_word' id='word_1_799' title='bbox 2490 4832 2676 4902; x_wconf 76' lang='grc' dir='ltr'>ῥητῶν</span> <span class='ocrx_word' id='word_1_800' title='bbox 2733 4832 2801 4884; x_wconf 85' lang='grc' dir='ltr'>ἐκ</span> <span class='ocrx_word' id='word_1_801' title='bbox 2861 4830 2972 4898; x_wconf 80' lang='grc' dir='ltr'>τῆς</span> <span class='ocrx_word' id='word_1_802' title='bbox 2998 4830 3223 4893; x_wconf 84' lang='grc' dir='ltr'>οὐσίας</span> <span class='ocrx_word' id='word_1_803' title='bbox 3252 4826 3355 4880; x_wconf 87' lang='grc' dir='ltr'><strong>τοῦ</strong></span> <span class='ocrx_word' id='word_1_804' title='bbox 3390 4821 3512 4876; x_wconf 83' lang='grc' dir='ltr'>Υίοῦ</span> <span class='ocrx_word' id='word_1_805' title='bbox 3540 4815 3654 4870; x_wconf 72' lang='grc' dir='ltr'>κατᾶ</span> 
     </span>
    </p>
   </div>
   <div class='ocr_carea' id='block_1_111' title="bbox 2126 4905 3652 4994">
    <p class='ocr_par' dir='ltr' id='par_1_111' title="bbox 2126 4905 3652 4994">
     <span class='ocr_line' id='line_1_111' title="bbox 2126 4905 3652 4994; baseline -0.01 -17"><span class='ocrx_word' id='word_1_806' title='bbox 2126 4925 2218 4975; x_wconf 78' lang='grc' dir='ltr'><strong>τὸν</strong></span> <span class='ocrx_word' id='word_1_807' title='bbox 2289 4925 2614 4994; x_wconf 83' lang='grc' dir='ltr'>μακαρίτην</span> <span class='ocrx_word' id='word_1_808' title='bbox 2663 4923 2984 4992; x_wconf 80' lang='grc' dir='ltr'>Ἐπιφάνιον</span> <span class='ocrx_word' id='word_1_809' title='bbox 3070 4917 3424 4987; x_wconf 79' lang='grc' dir='ltr'>καταγγέλλει</span> <span class='ocrx_word' id='word_1_810' title='bbox 3476 4905 3652 4978; x_wconf 64' lang='grc' dir='ltr'>τρανῶς</span> 
     </span>
    </p>
   </div>
   <div class='ocr_carea' id='block_1_112' title="bbox 2127 5001 3650 5083">
    <p class='ocr_par' dir='ltr' id='par_1_112' title="bbox 2127 5001 3650 5083">
     <span class='ocr_line' id='line_1_112' title="bbox 2127 5001 3650 5083; baseline -0.014 -20"><span class='ocrx_word' id='word_1_811' title='bbox 2127 5011 2392 5081; x_wconf 76' lang='grc' dir='ltr'>ὑπάρχειν</span> <span class='ocrx_word' id='word_1_812' title='bbox 2419 5012 2478 5063; x_wconf 78' lang='grc' dir='ltr'>τὸ</span> <span class='ocrx_word' id='word_1_813' title='bbox 2515 5011 2738 5083; x_wconf 87' lang='grc' dir='ltr'>Πνεῦμα</span> <span class='ocrx_word' id='word_1_814' title='bbox 2770 5013 2830 5065; x_wconf 85' lang='grc' dir='ltr'>τὸ</span> <span class='ocrx_word' id='word_1_815' title='bbox 2859 5011 3014 5080; x_wconf 76' lang='grc' dir='ltr'>ἅγιον</span> <span class='ocrx_word' id='word_1_816' title='bbox 3043 5028 3056 5042; x_wconf 76' lang='grc' dir='ltr'><strong>ο</strong></span> <span class='ocrx_word' id='word_1_817' title='bbox 3083 5017 3140 5065; x_wconf 79' lang='grc' dir='ltr'><strong>εν</strong></span> <span class='ocrx_word' id='word_1_818' title='bbox 3160 5012 3302 5071; x_wconf 84' lang='grc' dir='ltr'>ὅσοις</span> <span class='ocrx_word' id='word_1_819' title='bbox 3322 5007 3364 5060; x_wconf 84' lang='grc' dir='ltr'>δ’</span> <span class='ocrx_word' id='word_1_820' title='bbox 3383 5001 3650 5077; x_wconf 55' lang='grc' dir='ltr'>εὑρίσκεται</span> 
     </span>
    </p>
   </div>
   <div class='ocr_carea' id='block_1_113' title="bbox 2129 5083 3650 5171">
    <p class='ocr_par' dir='ltr' id='par_1_113' title="bbox 2129 5083 3650 5171">
     <span class='ocr_line' id='line_1_113' title="bbox 2129 5083 3650 5171; baseline -0.013 -19"><span class='ocrx_word' id='word_1_821' title='bbox 2129 5101 2302 5168; x_wconf 82' lang='grc' dir='ltr'>λέγων</span> <span class='ocrx_word' id='word_1_822' title='bbox 2333 5102 2395 5152; x_wconf 78' lang='grc' dir='ltr'>ἐκ</span> <span class='ocrx_word' id='word_1_823' title='bbox 2421 5101 2514 5153; x_wconf 87' lang='grc' dir='ltr'><strong>τοῦ</strong></span> <span class='ocrx_word' id='word_1_824' title='bbox 2545 5100 2674 5153; x_wconf 86' lang='grc' dir='ltr'>Υἱοῦ</span> <span class='ocrx_word' id='word_1_825' title='bbox 2705 5103 2866 5155; x_wconf 82' lang='grc' dir='ltr'>πάλιν</span> <span class='ocrx_word' id='word_1_826' title='bbox 2887 5103 2949 5154; x_wconf 86' lang='grc' dir='ltr'>τὸ</span> <span class='ocrx_word' id='word_1_827' title='bbox 2971 5100 3245 5171; x_wconf 73' lang='grc' dir='ltr'>φυσικῶς</span> <span class='ocrx_word' id='word_1_828' title='bbox 3273 5098 3439 5150; x_wconf 74' lang='grc' dir='ltr'>ἐκεῖσε</span> <span class='ocrx_word' id='word_1_829' title='bbox 3469 5083 3650 5171; x_wconf 69' lang='grc' dir='ltr'>προστί-</span> 
     </span>
    </p>
   </div>
   <div class='ocr_carea' id='block_1_114' title="bbox 2131 5170 3651 5270">
    <p class='ocr_par' dir='ltr' id='par_1_114' title="bbox 2131 5170 3651 5270">
     <span class='ocr_line' id='line_1_114' title="bbox 2131 5170 3651 5270; baseline -0.024 -7"><span class='ocrx_word' id='word_1_830' title='bbox 2131 5193 2290 5262; x_wconf 81' lang='grc' dir='ltr'>οησιν</span> <span class='ocrx_word' id='word_1_831' title='bbox 2316 5209 2330 5223; x_wconf 91' lang='lat'><strong>&#39;</strong></span> <span class='ocrx_word' id='word_1_832' title='bbox 2361 5191 2485 5245; x_wconf 74' lang='grc' dir='ltr'>οὔτε</span> <span class='ocrx_word' id='word_1_833' title='bbox 2526 5192 2582 5246; x_wconf 84' lang='grc' dir='ltr'>δὲ</span> <span class='ocrx_word' id='word_1_834' title='bbox 2609 5192 2862 5262; x_wconf 78' lang='grc' dir='ltr'>φαίνεται</span> <span class='ocrx_word' id='word_1_835' title='bbox 2895 5170 3216 5262; x_wconf 13' lang='grc' dir='ltr'>τὸγΠνεῦμα</span> <span class='ocrx_word' id='word_1_836' title='bbox 3240 5189 3296 5241; x_wconf 82' lang='grc' dir='ltr'>τὸ</span> <span class='ocrx_word' id='word_1_837' title='bbox 3325 5186 3467 5270; x_wconf 72' lang='grc' dir='ltr'>ἅγιον</span> <span class='ocrx_word' id='word_1_838' title='bbox 3500 5170 3651 5270; x_wconf 59' lang='grc' dir='ltr'>ἁπλῶς</span> 
     </span>
    </p>
   </div>
   <div class='ocr_carea' id='block_1_115' title="bbox 2128 5269 3648 5363">
    <p class='ocr_par' dir='ltr' id='par_1_115' title="bbox 2128 5269 3648 5363">
     <span class='ocr_line' id='line_1_115' title="bbox 2128 5269 3648 5363; baseline -0.015 -20"><span class='ocrx_word' id='word_1_839' title='bbox 2128 5284 2471 5353; x_wconf 73' lang='grc' dir='ltr'>δογματίζων</span> <span class='ocrx_word' id='word_1_840' title='bbox 2504 5287 2569 5337; x_wconf 82' lang='grc' dir='ltr'>ὲκ</span> <span class='ocrx_word' id='word_1_841' title='bbox 2630 5284 2725 5338; x_wconf 90' lang='grc' dir='ltr'><strong>τοῦ</strong></span> <span class='ocrx_word' id='word_1_842' title='bbox 2775 5283 2907 5337; x_wconf 84' lang='grc' dir='ltr'>Υίοῦ</span> <span class='ocrx_word' id='word_1_843' title='bbox 2957 5283 3081 5352; x_wconf 87' lang='grc' dir='ltr'>δίχα</span> <span class='ocrx_word' id='word_1_844' title='bbox 3126 5281 3220 5334; x_wconf 85' lang='grc' dir='ltr'><strong>τοῦ</strong></span> <span class='ocrx_word' id='word_1_845' title='bbox 3259 5269 3648 5363; x_wconf 32' lang='grc' dir='ltr'>φυσικῶςῖκᾱξ</span> 
     </span>
    </p>
   </div>
   <div class='ocr_carea' id='block_1_116' title="bbox 2131 5359 3646 5447">
    <p class='ocr_par' dir='ltr' id='par_1_116' title="bbox 2131 5359 3646 5447">
     <span class='ocr_line' id='line_1_116' title="bbox 2131 5359 3646 5447; baseline -0.007 -17"><span class='ocrx_word' id='word_1_846' title='bbox 2131 5378 2226 5446; x_wconf 76' lang='grc' dir='ltr'>τῆς</span> <span class='ocrx_word' id='word_1_847' title='bbox 2261 5377 2449 5438; x_wconf 80' lang='grc' dir='ltr'>οὐσίας</span> <span class='ocrx_word' id='word_1_848' title='bbox 2487 5375 2676 5443; x_wconf 81' lang='grc' dir='ltr'>αὐτοῦ,</span> <span class='ocrx_word' id='word_1_849' title='bbox 2706 5376 2958 5446; x_wconf 82' lang='grc' dir='ltr'>καθάπερ</span> <span class='ocrx_word' id='word_1_850' title='bbox 3004 5375 3244 5447; x_wconf 63' lang='grc' dir='ltr'>εἴρηται,</span> <span class='ocrx_word' id='word_1_851' title='bbox 3275 5368 3424 5422; x_wconf 83' lang='grc' dir='ltr'>τοῦτο</span> <span class='ocrx_word' id='word_1_852' title='bbox 3448 5359 3646 5419; x_wconf 52' lang='lat' dir='ltr'><strong>Oscitat-i</strong></span> 
     </span>
    </p>
   </div>
   <div class='ocr_carea' id='block_1_117' title="bbox 2133 5449 3645 5539">
    <p class='ocr_par' dir='ltr' id='par_1_117' title="bbox 2133 5449 3645 5539">
     <span class='ocr_line' id='line_1_117' title="bbox 2133 5449 3645 5539; baseline 0.002 -18"><span class='ocrx_word' id='word_1_853' title='bbox 2133 5472 2243 5532; x_wconf 85' lang='grc' dir='ltr'>τοῖς</span> <span class='ocrx_word' id='word_1_854' title='bbox 2264 5469 2372 5521; x_wconf 89' lang='grc' dir='ltr'><strong>τῶν</strong></span> <span class='ocrx_word' id='word_1_855' title='bbox 2396 5467 2655 5522; x_wconf 81' lang='grc' dir='ltr'>τοιούτων</span> <span class='ocrx_word' id='word_1_856' title='bbox 2681 5469 2864 5539; x_wconf 68' lang='grc' dir='ltr'>ῥητῶν</span> <span class='ocrx_word' id='word_1_857' title='bbox 2898 5469 3163 5521; x_wconf 84' lang='grc' dir='ltr'>πλείοσιν.</span> <span class='ocrx_word' id='word_1_858' title='bbox 3200 5466 3379 5532; x_wconf 81' lang='grc' dir='ltr'>Ἶσμεν</span> <span class='ocrx_word' id='word_1_859' title='bbox 3401 5458 3452 5510; x_wconf 62' lang='grc' dir='ltr'><strong>δῖΞ</strong></span> <span class='ocrx_word' id='word_1_860' title='bbox 3482 5449 3645 5539; x_wconf 29' lang='lat' dir='ltr'><strong>“uim?</strong></span> 
     </span>
    </p>
   </div>
   <div class='ocr_carea' id='block_1_118' title="bbox 2133 5530 3644 5632">
    <p class='ocr_par' dir='ltr' id='par_1_118' title="bbox 2133 5530 3644 5632">
     <span class='ocr_line' id='line_1_118' title="bbox 2133 5530 3644 5632; baseline -0.031 3"><span class='ocrx_word' id='word_1_861' title='bbox 2133 5562 2232 5631; x_wconf 64' lang='grc' dir='ltr'><strong>τῆς</strong></span> <span class='ocrx_word' id='word_1_862' title='bbox 2256 5561 2422 5632; x_wconf 67' lang='grc' dir='ltr'>αὐτῆς</span> <span class='ocrx_word' id='word_1_863' title='bbox 2459 5561 2647 5623; x_wconf 73' lang='grc' dir='ltr'>οὐσίας</span> <span class='ocrx_word' id='word_1_864' title='bbox 2686 5565 2782 5614; x_wconf 74' lang='grc' dir='ltr'>καὶ</span> <span class='ocrx_word' id='word_1_865' title='bbox 2818 5577 3039 5630; x_wconf 82' lang='grc' dir='ltr'>φυσεως</span> <span class='ocrx_word' id='word_1_866' title='bbox 3088 5530 3644 5632; x_wconf 33' lang='grc' dir='ltr'>ἀπαραλλάκτως-ὂν</span> 
     </span>
    </p>
   </div>
   <div class='ocr_carea' id='block_1_119' title="bbox 2136 5620 3642 5720">
    <p class='ocr_par' dir='ltr' id='par_1_119' title="bbox 2136 5620 3642 5720">
     <span class='ocr_line' id='line_1_119' title="bbox 2136 5620 3642 5720; baseline -0.019 -18"><span class='ocrx_word' id='word_1_867' title='bbox 2136 5620 2478 5720; x_wconf 40' lang='grc' dir='ltr'>ιῐξεῦμαντδ</span> <span class='ocrx_word' id='word_1_868' title='bbox 2529 5620 2686 5718; x_wconf 77' lang='grc' dir='ltr'>ἅγιον</span> <span class='ocrx_word' id='word_1_869' title='bbox 2743 5620 2842 5720; x_wconf 50' lang='grc' dir='ltr'><strong>τῷ.</strong></span> <span class='ocrx_word' id='word_1_870' title='bbox 2880 5620 3033 5720; x_wconf 44' lang='lat' dir='ltr'><strong>mp,</strong></span> <span class='ocrx_word' id='word_1_871' title='bbox 3063 5651 3160 5703; x_wconf 57' lang='grc' dir='ltr'><strong>καὶ¹</strong></span> <span class='ocrx_word' id='word_1_872' title='bbox 3207 5620 3356 5698; x_wconf 59' lang='grc' dir='ltr'><strong>⁸τοῦτο</strong></span> <span class='ocrx_word' id='word_1_873' title='bbox 3403 5620 3642 5691; x_wconf 70' lang='grc' dir='ltr'>καθολικῢν</span> 
     </span>
    </p>
   </div>
  </div>
