3970 6494
336 597 479 667 1169

1188 605 1287 665 DE
1327 600 1851 687 PROCE‘SSIONE
1891 602 1952 660 S.
1995 600 2358 661 SBIRITUS
2390 598 2615 665 ORAT.
2653 595 2734 656 IT.

3450 584 3615 648 1170'

330 713 509 802 δόγμα
539 711 853 782 περιφανῶς
880 716 949 785 τῇ
985 713 1283 785 Ἐκκλησία
1315 712 1410 765 τοῦ
1435 713 1573 765 θεοῦ
1608 711 1913 782 παραδεδο-

2029 711 2162 778 quod
2219 709 2462 780 ejusdem
2529 704 2782 761 essentia:
2840 710 2893 757 et
2962 709 3172 756 naturae
3222 698 3360 754 citra
3412 697 3583 750 ullum

334 801 496 873 μένον
522 803 812 858 ἀνέκαθεν.
844 804 1053 858 Οὐκοῦν
1086 805 1167 857 ὅτι
1223 806 1320 871 τῆς
1361 805 1536 872 αὐτῆς
1589 802 1778 864 οἰ-σίας
1809 801 1905 855 καὶ

331 893 550 962 φύσεως
586 894 1025 966 ἀπαραλλάκτως
1055 896 1198 949 κατὰ
1236 896 1421 965 κοινὴν
1468 893 1760 964 ὁμολογίαν
1788 893 1906 946 ἐστὶ

331 988 390 1039 τὸ
414 987 639 1055 Πνεῦμα
662 986 723 1039 τὸ
750 985 908 1055 ἅγιον
930 987 1008 1057 τῷ
1034 988 1357 1052 Μονογενεῖ,
1388 987 1665 1063 τουτέστιν
1689 982 1905 1053 ἀληθῶς

330 1077 617 1147 ὀμοούσιον
644 1078 776 1130 αὑτὸ
813 1080 991 1144 τούτῳ
1013 1081 1108 1132 καὶ
1142 1077 1386 1148 ὁμοφυές
1412 1094 1426 1108 ·
1452 1076 1542 1131 διὰ
1586 1075 1746 1129 τοῦτο
1787 1072 1907 1131 Kt'r-

332 1169 510 1237 ριλλος
536 1172 563 1220 ὁ
593 1170 662 1222 τὰ
687 1169 805 1222 θεῖα
839 1170 1009 1232 πολὺς
1037 1173 1150 1232 τοῖς
1183 1170 1282 1240 μὲν
1305 1169 1551 1222 πλείοσιν
1583 1160 1689 1220 ὧδε
1724 1167 1906 1236 ῥητοῖς

333 1261 453 1329 μετ’
490 1261 810 1330 Ἐπιφανῖου
846 1260 941 1314 τοῦ
970 1261 1062 1312 τὸν
1099 1259 1214 1330 βίον
1239 1258 1559 1328 ἐπιφανοῦς,
1587 1261 1650 1311 ὲκ
1677 1258 1776 1327 τῆς
1813 1257 1907 1309 οὑ-

334 1349 455 1412 σίας
476 1348 571 1401 τοῦ
604 1349 759 1411 Υίοῦ,
801 1351 910 1402 κάκ
938 1348 1030 1402 τοῦ
1056 1349 1191 1402 Υἰοῦ
1216 1348 1262 1402 δ’
1291 1349 1457 1411 ἐνίοις
1487 1347 1702 1401 οἴκοθεν
1728 1361 1907 1415 φυσι-

331 1438 453 1505 κῶς
508 1440 868 1511 ἀνεκήρυξεν,
906 1442 1076 1510 αὐτὴν
1124 1440 1220 1494 τοῦ
1275 1439 1546 1508 παναγίου
1589 1437 1907 1507 Πνεύματος

334 1530 487 1605 θείαν
527 1528 763 1600 ὕπαρξιν
791 1531 856 1583 ἐκ
884 1532 979 1584 τοῦ
1022 1531 1153 1585 Υἰοῦ
1177 1532 1389 1595 τούτοις
1423 1530 1628 1601 δηλῶν,
1670 1528 1810 1582 ἀλλὰ
1845 1529 1906 1580 τὸ

335 1623 515 1689 πάντη
550 1623 686 1691 πρὸς
738 1622 904 1676 αὑτὸν
956 1623 1245 1693 σημαίνων
1303 1621 1545 1692 ὁμοφυὲς
1586 1619 1781 1674 τούτου
1813 1620 1908 1672 καὶ

333 1712 645 1782 ὁμοούσιον.
681 1709 842 1767 υῦτοι
898 1713 1001 1783 μὲν
1037 1713 1473 1783 προϐαλλόμενοι
1524 1711 1807 1766 κάνταῦθα
1844 1710 1909 1763 τὸ

337 1803 633 1872 πρόχειρον
666 1804 745 1866 είς
772 1802 1029 1874 ἀφορμὴν
1058 1805 1375 1873 ἀντιλογίας
1407 1804 1594 1867 αὐτοῖς
1619 1802 1907 1872 ὁμοούσιον

336 1892 639 1963 πανταχοῦ,
709 1895 806 1947 καλ⁹
852 1893 1016 1948 τοῦτο
1050 1894 1338 1965 βούλεσθαι
1387 1894 1488 1957 τὰς
1523 1894 1656 1964 ἡμῖν
1699 1892 1908 1947 ἄνωθεν

338 1986 699 2053 προτεθείσας
724 1986 875 2055 ἱερὰς
908 1988 1096 2058 ῥήσεις
1129 1986 1440 2057 ὁλοσχερῶς
1468 1984 1909 2050 κατασκευάζειν

2012 802 2327 862 discrimen,
2356 800 2569 854 nemine
2586 812 2695 852 non
2730 796 2782 850 id
2808 793 3165 864 approbante,
3190 798 3272 845 est
3299 805 3419 845 cum
3449 788 3585 844 Uni-

2013 892 2195 964 genito
2230 891 2473 961 Spiritus
2519 899 2767 951 sanetus,
2812 886 2913 940 hoc
2951 892 3035 938 est
3062 897 3189 937 vere
3224 879 3590 935 consubstan-

2015 984 2182 1049 tialis,
2213 993 2268 1037 et
2301 980 2702 1045 connaturalis,
2740 986 3023 1047 propterea
3054 973 3291 1046 Cyrillus
3323 971 3377 1025 in
3425 969 3589 1024 rebus

2013 1073 2214 1129 divinis
2247 1074 2479 1128 illustris
2513 1072 2566 1125 in
2616 1068 2869 1139 plurimis
2903 1067 3052 1121 hisce
3099 1063 3260 1118 dictis
3307 1076 3432 1116 cum
3481 1060 3588 1114 vita

2014 1166 2321 1220 clarissimo
2355 1164 2684 1234 Epiphanio,
2721 1176 2789 1214 ex
2818 1158 3054 1236 essentia
3091 1154 3237 1220 Filii,
3262 1156 3315 1209 in
3352 1153 3594 1209 nonnisi-

2016 1257 2083 1312 lis
2115 1257 2279 1311 etiam
2310 1271 2375 1310 ex
2405 1254 2568 1319 Filio,
2606 1253 2673 1307 de
2709 1266 2811 1306 suo
2847 1248 3167 1303 naturaliter
3198 1244 3587 1316 pronuntiavit,

2018 1363 2122 1400 non
2179 1348 2350 1415 ipsam
2387 1343 2726 1399 sanctissimi
2771 1341 3008 1412 Spiritus
3053 1340 3292 1395 divinam
3320 1338 3606 1393 exsistam-

2017 1438 2147 1491 tiam
2187 1453 2249 1490 ex
2288 1435 2429 1491 Filio
2463 1436 2616 1491 hisce
2648 1444 2976 1497 connotans,
3010 1433 3104 1487 sed
3137 1432 3282 1486 illius
3307 1427 3613 1485 cumFilio-

2016 1528 2370 1584 connatnrale
2436 1538 2490 1582 et
2555 1526 3023 1583 consubstantiale
3078 1525 3256 1581 modis
3326 1525 3600 1580 omnibus~

2015 1622 2346 1690 signiﬁcans.
2381 1618 2446 1675 Hi
2474 1620 2695 1691 quidem
2723 1620 2826 1676 hoc
2854 1620 3020 1674 etiam
3053 1618 3106 1673 in
3140 1618 3283 1682 loco,
3334 1617 3479 1688 quod
3519 1618 3587 1669 ad

2014 1714 2500 1770 contradicendum
2537 1728 2818 1784 nunquam
2850 1728 2961 1767 non
2989 1722 3075 1768 est
3112 1711 3178 1767 ad
3213 1726 3435 1766 manum
3460 1725 3607 1765 cona-

2016 1808 2378 1862 substantiale
2422 1816 2816 1877 proponentes,
2873 1804 3037 1875 idque
3093 1820 3320 1876 prorsus
3367 1804 3597 1869 innuero

2018 1915 2182 1968 supra
2212 1915 2241 1954 a
2276 1899 2434 1956 nobis
2469 1900 2655 1955 omnia
2695 1915 2853 1957 sacra
2906 1900 3052 1955 dicta
3094 1898 3305 1968 digesta
3360 1896 3595 1967 probare

2019 1991 2328 2057 studentes,
2360 1993 2519 2062 cuius
2562 1992 2617 2047 in
2669 1992 2946 2047 anteriore
2989 2000 3242 2055 tractatu,
3284 1996 3340 2044 et
3369 1989 3422 2042 in
3458 2003 3597 2058 pra:-

335 2076 634 2139 ἐθέλοντες,
669 2078 801 2145 περὶ
833 2073 1048 2141 οὗτινος
1086 2080 1144 2131 ὲν
1167 2077 1243 2149 τῷ
1266 2079 1518 2149 προτέρῳ
1573 2078 1919 2146 συντάγματι

2029 2087 2174 2135 sente
2211 2096 2430 2151 quoque
2480 2082 2891 2150 responsionem
2933 2080 2988 2135 in
3022 2094 3109 2136 me
3155 2078 3393 2149 suscepi,
3448 2091 3598 2132 nunc

337 2170 443 2222 κάν
473 2168 551 2237 τῷ
602 2169 830 2238 παρόντι
882 2169 1156 2222 διαλαϐὼν
1195 2169 1631 2242 καθυπεσχόμην
1685 2170 1866 2223 εἰπεῖν
1892 2184 1906 2199 ⁸

337 2258 544 2328 ἀρτίως
578 2258 636 2312 δὲ
668 2261 808 2315 κατὰ
836 2261 1070 2330 δύναμιν
1101 2256 1466 2333 ἐκπληρωτὴς
1503 2261 1782 2332 φανοῦμαι
1814 2260 1914 2326 τῆς

337 2351 430 2401 ἐπ’
474 2352 679 2421 ἀμφοῖν
702 2350 966 2422 τοιαύτης
1009 2351 1150 2422 ἐμῆς
1191 2353 1569 2422 ὑποσχέσεως,
1601 2347 1689 2404 οἷα
1712 2351 1778 2420 δὴ
1810 2349 1909 2418 τὴν

338 2441 545 2508 γνῶσιν
588 2441 824 2506 εὔκολοι,
858 2443 955 2496 καὶ
992 2444 1090 2506 τὰς
1122 2443 1326 2514 φρένας
1390 2444 1606 2514 σαθροὶ,
1642 2444 1820 2515 ῥᾷστα
1847 2442 1918 2496 τὰ

342 2533 521 2602 σαθρὰ
543 2533 664 2587 κατ’
690 2535 901 2588 ἔννοιαν
946 2534 1121 2588 ταῦτα
1145 2534 1513 2604 προτείνουσι,
1544 2534 1619 2605 τῷ
1647 2536 1918 2607 ὁμοουσίῳ

343 2625 879 2694 προσεπιπλέκοντες
913 2627 972 2680 τὸ
1010 2627 1283 2695 ὁμοφυές’
1315 2628 1456 2697 ὅπερ
1484 2628 1682 2681 ταυτὸν
1708 2629 1784 2691 ὡς
1806 2630 1920 2692 τοῖς

343 2721 496 2785 uim".
522 2719 693 2789 σαφὲς
727 2718 924 2790 ἐκείνῳ
959 2719 1320 2789 καθέστηκεν.
1366 2720 1509 2788 Ἐγὼ
1535 2721 1592 2773 δέ
1625 2738 1685 2789 γε
1718 2719 1780 2774 τὸ
1818 2720 1920 2792 μὲν

341 2811 582 2880 ὁμοφυὲς
611 2806 752 2865 εἶναι
786 2813 880 2865 καὶ
913 2811 1204 2882 ὁμοούσιον
1248 2812 1326 2883 τῷ
1365 2812 1485 2883 Υίῷ
1518 2813 1580 2866 τὸ
1610 2812 1832 2883 Πνεῦμα
1861 2814 1922 2866 τὸ

341 2900 499 2970 ἅγιον
529 2896 644 2954 οἴδα
677 2900 789 2956 τῶν
825 2902 987 2973 ἱερῶν
1023 2902 1246 2973 λογίων,
1282 2904 1422 2975 πρὸς
1447 2904 1505 2957 δὲ
1545 2907 1641 2958 καὶ
1698 2907 1797 2975 τῆς
1838 2906 1924 2959 ὲν-

344 2993 653 3064 σπαρείσης
682 2994 814 3064 ἡμῖν
842 2993 1101 3061 γνώσεως
1130 2994 1316 3048 θεόθεν
1354 2995 1727 3066 ἐκδιδαχθείς·
1763 2996 1846 3051 ὅτι
1867 2996 1926 3050 δὲ

340 3088 505 3141 τοῦτο
551 3088 662 3141 τῶν
719 3087 1129 3158 διαληφθεισῶν
1166 3089 1379 3160 ρήσεών
1425 3090 1575 3143 ἐστιν
1629 3091 1663 3160 ἠ
1715 3090 1926 3144 διάνοια

342 3178 625 3242 παντελῶς
649 3178 750 3233 οὐκ
781 3179 891 3251 ἔχω
920 3180 1284 3250 καταμαθεῖν,
1334 3179 1449 3235 οὔτ’
1483 3182 1579 3235 ἀπ’
1619 3182 1795 3252 αὐτῆς
1826 3183 1927 3254 τῆς

342 3269 716 3323 θεοπνεύστου
782 3270 1030 3341 Γραφῆς,
1089 3270 1214 3324 οὔτε
1287 3271 1396 3342 μὴν
1456 3270 1720 3334 πολλάκις
1793 3271 1925 3344 παρ’

341 3362 570 3435 ἐμαυτῷ
591 3362 968 3433 λογιζόμενος.
1003 3360 1159 3415 Οὕτω
1190 3365 1300 3433 γὰρ
1344 3363 1442 3417 καλ⁸
1469 3364 1600 3417 ὅταν
1638 3363 1929 3432 ἀκούωμεν

340 3455 456 3507 τῶν
485 3454 660 3521 ἁγίων
704 3453 767 3506 ὲκ
803 3453 903 3522 τῆς
941 3450 1039 3505 τοῦ
1074 3453 1288 3523 Πατρδς
1333 3454 1525 3517 οὐσίας
1568 3456 1663 3509 καὶ
1709 3454 1926 3525 φύσεως

345 3552 445 3601 τὸν
483 3548 607 3600 Υίδν
636 3548 732 3600 καὶ
756 3546 816 3599 τὸ
848 3544 1074 3615 Πνεῦμα
1110 3544 1310 3612 τελεῖν,
1335 3547 1394 3598 ὲν
1424 3550 1546 3610 ταῖς
1581 3547 1930 3618 πονηθείσαις

342 3642 532 3704 αὐτοῖς
566 3637 1029 3709 ὑπαγορευόντων
1054 3639 1323 3709 γραφαῖς,
1358 3637 1648 3710 ὀφείλομεν
1679 3639 1842 3692 κάκεῖ
1868 3641 1930 3693 τὸ

343 3727 554 3780 τούτων
579 3725 819 3798 ὁμοφυὲς
849 3725 988 3796 πρὸς
1013 3724 1107 3778 τδν
1136 3726 1360 3796 Πατέρα
1396 3726 1494 3782 καὶ
1519 3726 1811 3797 ὁμοούσιον
1831 3729 1930 3782 ὲκ-

343 3819 669 3886 λαμδάνειν,
686 3817 746 3871 οὐ
771 3817 870 3887 τὴν
886 3815 1373 3887 ἀναμφισϐήτητον
1395 3816 1546 3887 παρὰ
1566 3819 1734 3871 πᾶσιν
1753 3820 1819 3872 ὲκ
1833 3817 1929 3872 τοῦ

349 3911 565 3982 Ιιατρδς
583 3910 733 3964 θείαν
750 3910 928 3962 αὐτῶν
953 3907 1211 3979 ὕπαρξιν.
1233 3908 1344 3961 Καὶ
1367 3904 1469 3962 ποῦ
1489 3908 1648 3963 τοῦτο
1672 3909 1773 3964 κᾶν
1794 3910 1932 3973 ὅλως

350 4008 626 4076 νοήματος
653 4002 861 4071 ὑγιοῦς,
905 4000 991 4053 ῖνα
1031 3999 1109 4071 μὴ
1131 4001 1461 4068 Χριστιανοῦ
1480 4002 1625 4069 λέγω
1651 4004 1934 4073 φρονήμα-

350 4112 476 4163 τος;
509 4097 662 4158 Τίνες
690 4094 748 4147 δὲ
774 4094 884 4147 τῶν
915 4092 1113 4162 ἁγίων,
1138 4094 1186 4146 oi
1215 4095 1307 4148 τὸν
1331 4092 1584 4147 Υί,δν-καὶ
1614 4097 1677 4147 τὸ
1712 4094 1934 4165 Πνεῦμα

352 4191 660 4261 φάσκοντες
690 4187 755 4239 ὲκ
785 4186 887 4256 τῆς
912 4185 1102 4248 οὐσίας
1146 4185 1241 4239 καὶ
1273 4186 1372 4256 τῆς
1409 4185 1626 4254 φύσεως
1661 4181 1803 4239 εῖναι
1830 4188 1932 4255 τῆς

351 4285 450 4340 τοῦ
476 4281 725 4352 Πατρόςς
754 4280 866 4334 Καὶ
891 4277 1115 4339 τούτους
1137 4278 1269 4349 ἐρῶ,
1298 4278 1399 4342 τὰς
1426 4278 1764 4333 καθὲκαστον
1792 4282 1933 4354 χρή-

355 4391 471 4438 σεις
499 4373 678 4426 αὐτῶν
703 4371 1094 4442 προσηκόντως
1128 4367 1420 4434 διεξελθὼν
1436 4370 1564 4423 ἄνευ
1594 4370 1697 4440 τῆς
1712 4372 1935 4426 οἱασοῦν

351 4465 724 4537 ὑπερθέσεως.
758 4462 1016 4518 Μάνθανε
1049 4461 1118 4516 τὰ
1159 4461 1355 4532 πρῶτα
1387 4461 1518 4532 περὶ
1553 4460 1650 4515 τοῦ
1698 4462 1934 4532 Μονογε-

351 4558 501 4622 νοῦς.
552 4558 611 4609 ’0
642 4556 740 4626 μὲν
776 4555 846 4610 τὰ
873 4552 995 4608 θεῖα
1020 4553 1192 4618 πολὺς
1231 4553 1553 4617 Ἀθανάσιος
1588 4555 1647 4607 ἐν
1680 4557 1747 4627 τῇ
1779 4572 1938 4624 γενο·

357 4652 499 4724 μένῃ
535 4648 669 4721 παρ’
699 4645 866 4703 αὑτοῦ
905 4646 1046 4718 πρὸς
1074 4647 1168 4699 τὸν
1207 4646 1427 4719 Ἀρειον
1461 4646 1696 4713 διαλέξει
1729 4650 1897 4718 φησίν
1920 4667 1935 4682 ο

2018 2188 2118 2242 pro
2149 2172 2356 2229 viribus
2396 2173 2633 2244 duplicis
2676 2173 2785 2228 mei
2817 2173 3082 2244 promissi
3121 2185 3393 2226 summam
3440 2183 3599 2223 com-

2016 2264 2196 2334 plebo,
2232 2274 2289 2319 ut
2321 2274 2599 2335 appareat,
2632 2275 2900 2336 quantum
2949 2264 3003 2318 hi
3049 2262 3364 2334 cognitione
3400 2263 3501 2317 leti
3545 2270 3600 2316 et

2018 2356 2294 2410 mentibus
2344 2355 2561 2411 detritis
2617 2355 2816 2410 similia
2857 2363 3191 2425 proponant,
3226 2353 3600 2409 consubstan-

2020 2447 2132 2501 tiali
2184 2448 2542 2503 connaturale
2575 2448 2948 2519 implicantes,
2982 2448 3128 2518 quod
3176 2446 3318 2501 idem
3347 2460 3469 2501 esse
3502 2460 3590 2499 res

2018 2540 2165 2596 clara
2213 2550 2319 2604 est.
2349 2548 2404 2596 et
2448 2541 2695 2597 omnium
2743 2541 3098 2597 sermonibus
3145 2539 3446 2595 celebrata.
3484 2537 3596 2607 Ego

2022 2645 2182 2700 porto
2236 2632 2643 2688 connatnralem
2700 2633 3003 2704 quidemet
3071 2632 3592 2689 consubstantialem

2022 2720 2287 2790 Spiritum
2341 2737 2460 2778 esse
2485 2721 2625 2778 Filio
2653 2737 2683 2778 a
2718 2723 2893 2779 sacris
2925 2722 3193 2793 Eloquiis,
3244 2737 3346 2778 nec
3369 2736 3478 2777 non
3531 2721 3603 2776 al.

2025 2812 2203 2868 inlusa
2290 2814 2450 2870 nobis
2519 2829 2618 2885 per
2703 2814 2918 2871 Numen
2980 2816 3294 2886 cognitione
3374 2814 3604 2870 edoctus

2024 2908 2185 2977 plane
2230 2909 2498 2978 percalleo
2526 2926 2541 2977 ;
2570 2909 2663 2965 sed
2696 2909 3083 2980 praedictorum
3128 2909 3270 2965 hanc
3308 2922 3436 2965 esse
3473 2923 3605 2964 sen-

2029 3000 2251 3055 tentiam
2306 3009 2363 3055 et
2410 3009 2654 3056 mentem
2719 3017 2831 3056 non
2880 3012 3029 3058 recte
3080 3003 3261 3072 capio,
3312 3000 3436 3057 licet
3490 3001 3635 3070 ipsa-

2027 3091 2224 3146 divinae
2275 3090 2573 3160 Scriptura:
2621 3092 2788 3148 verba
2842 3093 3212 3158 considerem,
3252 3100 3307 3147 et
3355 3090 3629 3161 speculor;

2029 3184 2230 3253 saepius
2284 3198 2351 3238 ex
2402 3184 2561 3248 meis,
2617 3183 2825 3254 siquid
2875 3198 3054 3238 meum
3100 3197 3331 3252 usquam
3366 3188 3471 3237 est.
3513 3177 3645 3243 Sic-

2032 3290 2254 3346 quoque
2302 3289 2429 3329 cum
2462 3286 2686 3331 sanctos
2730 3275 2977 3331 dicentes
3008 3275 3289 3339 audimus,
3319 3287 3387 3329 ex
3432 3272 3610 3327 Patris

2032 3365 2263 3422 essentia
2317 3374 2373 3420 et
2427 3375 2624 3420 natura
2665 3364 2860 3431 Filium
2906 3374 2964 3420 et
3023 3364 3294 3435 Spiritum
3342 3378 3490 3428 esse,
3548 3361 3641 3417 in-

2030 3457 2297 3528 evulgatis
2327 3459 2397 3513 ab
2428 3457 2561 3528 ipsis
2591 3457 3026 3529 commentariis,
3066 3457 3140 3510 ibi
3194 3459 3363 3512 etiam
3413 3470 3606 3512 eorum

2031 3550 2389 3606 connaturale
2403 3566 2527 3605 cum
2550 3549 2710 3605 Patre
2731 3561 2785 3605 et
2802 3549 3281 3606 consubstantiale
3309 3549 3613 3619 intelligen-

2033 3642 2159 3696 dum
2178 3641 2581 3727 esseta~nobis,
2602 3657 2708 3696 non
2726 3642 3092 3697 indubitatam
3123 3642 3267 3711 apud
3302 3655 3498 3697 omnes
3526 3639 3613 3694 dio

2032 3734 2213 3788 sinam
2244 3732 2561 3789 eorumdem
2583 3747 2647 3787 es
2688 3731 2848 3787 Patre
2874 3732 3279 3788 essistentiam.
3337 3732 3404 3787 Et
3436 3733 3615 3789 eritne

2036 3838 2278 3893 unquam
2305 3821 2502 3879 similis
2534 3822 2960 3893 c0gitatiosana,
2992 3837 3059 3876 ne
3082 3821 3263 3877 dicam
3291 3821 3631 3877 Christiano

2034 3914 2255 3970 homine
2288 3914 2450 3986 digna
2512 3914 2780 3970 sententia
2801 3914 2824 3968 Ἰ
2845 3913 3080 3981 Quinam
3099 3928 3228 3967 vero
3248 3912 3436 3968 Patres
3456 3922 3608 3979 sunt,

2034 4009 2129 4079 qui
2168 4008 2368 4064 Filium
2420 4018 2475 4064 et
2504 4006 2767 4078 Spiritum
2789 4022 2856 4061 ex
2884 4006 3121 4063 essentia
3150 4013 3456 4076 naturaque
3492 4021 3617 4062 esse

2034 4100 2213 4157 Patris
2244 4100 2601 4156 asseverant?
2647 4100 2715 4154 Et
2738 4099 2842 4154 hos
2871 4113 3114 4169 quoque,
3151 4097 3517 4169 singulorum
3540 4106 3620 4153 te-

2036 4192 2405 4250 stimoniaruti
2434 4191 2687 4258 addecet,
2732 4198 2787 4246 et
2833 4190 2986 4245 nulla
3027 4190 3350 4261 interposita
3387 4204 3536 4244 mora
3561 4189 3616 4243 in

2039 4284 2281 4340 medium
2333 4281 2591 4349 aﬂ‘erens,
2620 4282 3094 4357 commemorabo.
3149 4282 3504 4350 Primumque
3551 4281 3620 4336 de

2040 4374 2339 4447 Unigenito
2358 4374 2580 4430 discito.
2614 4371 3005 4428 Divinissimus
3036 4371 3373 4426 Athanasius
3407 4370 3462 4424 in
3497 4370 3618 4425 col-

2039 4467 2227 4538 loquio
2258 4482 2359 4524 suo
2384 4482 2509 4523 cum
2559 4465 2693 4520 Ario
2727 4464 2902 4519 dicit:
2939 4463 3125 4534 Itaque
3165 4462 3301 4517 Deus
3337 4462 3517 4517 dicens
3550 4463 3621 4516 ad

2038 4561 2311 4630 proprium
2359 4557 2561 4613 Filium
2606 4573 2700 4628 per
2745 4556 3076 4626 prophetam,
3131 4573 3150 4607 ι
3183 4553 3265 4608 Ea:
3308 4564 3457 4609 utero
3501 4564 3625 4608 ante

2041 4653 2323 4722 luciferum
2362 4652 2517 4722 genui
2548 4661 2595 4705 te
2619 4652 2688 4715 ⁸⁸,
2721 4669 2738 4701 s
2791 4665 2856 4704 ea:
2886 4657 3109 4717 paterna
3143 4649 3375 4702 essentia
3407 4663 3626 4717 genera-

356 4745 598 4802 Οὐκοῦν
630 4745 663 4798 ό
697 4741 844 4807 Θεὸς
878 4738 1074 4810 λέγων
1102 4740 1252 4806 πρὸς
1301 4740 1411 4793 τὸν
1447 4740 1604 4795 ἴδιον
1663 4745 1798 4796 Flor
1841 4741 1939 4797 διὰ

2045 4744 2239 4799 tionem
2291 4742 2426 4803 Filii
2463 4751 2635 4796 notat.
2681 4740 2903 4811 Et,post
2939 4755 3113 4811 pauca
3145 4757 3159 4794 :
3190 4737 3413 4793 Nullam
3459 4739 3626 4794 aliam

353 4838 463 4894 τοῦ
518 4835 859 4905 προφήτου,
921 4850 940 4884 ι
996 4833 1099 4885 Ἐκ
1150 4833 1413 4900 γαστρὸς
1464 4835 1578 4903 πρὸ
1623 4834 1939 4905 ἑωσφόρον

352 4928 659 5002 ἐγέννησά
683 4942 778 4993 σε,
810 4945 829 4978 ι
857 4922 1139 4994 σημαίνει
1166 4923 1278 4992 τὴν
1300 4925 1370 4977 ἐκ
1398 4926 1694 4997 πατρικῆς
1719 4931 1938 4995 οὐσίας
1968 4954 1974 4959 ·

354 5021 655 5093 γέννησιν
705 5017 829 5073 τοῦ
855 5017 1015 5071 Υιοῦ.
1082 5015 1192 5069 Καὶ
1237 5017 1358 5085 μετ’
1389 5015 1549 5085 ὀλίγα
1574 5035 1588 5051 ’
1634 5021 1715 5074 Δι’
1755 5020 1939 5076 οὐδὲν

354 5112 564 5179 ἕτερον
602 5107 867 5179 γαστέρα
891 5102 1182 5175 ὀνομάᾰη,
1214 5102 1254 5172 ἢ
1295 5104 1398 5159 ἵνα
1425 5108 1793 5178 παραστήσῃ
1834 5112 1940 5165 αὑ-

355 5205 465 5258 τὸν
493 5203 602 5257 τὸν
630 5200 766 5255 Υίὸν
786 5199 857 5253 ἐκ
881 5197 994 5267 τῆς
1033 5197 1139 5252 τοῦ
1192 5197 1426 5266 Πατρός
1471 5199 1691 5266 οὐσίας
1738 5217 1941 5269 γεγεν-

355 5298 604 5366 νῆσθαι.
639 5294 749 5347 Καὶ
781 5294 919 5363 μετὰ
961 5290 1168 5363 βραχέα
1193 5307 1207 5321 ·
1251 5293 1362 5346 Τὸν
1388 5286 1506 5349 οὖν
1547 5293 1686 5346 Υίὸν
1727 5293 1798 5347 ἐκ
1828 5293 1941 5362 τῆς

357 5392 579 5455 οὐσίας
612 5387 717 5442 τοῦ
749 5385 899 5441 Θεοῦ
927 5385 1025 5440 καί
1057 5383 1290 5453 Πατρὸς
1307 5384 1676 5454 γεννηθέντα
1701 5385 1939 5455 μανθά-

355 5500 568 5552 νομεν.
614 5473 787 5544 Οὗτος
819 5482 877 5534 ὲν
906 5481 996 5550 ’τῇ
1036 5479 1298 5552 ὲπιστολῃ
1345 5481 1412 5551 τῇ
1451 5477 1561 5533 ἀπὸ
1590 5479 1688 5548 τῆς
1721 5477 1942 5531 συνόδου

354 5580 454 5645 τῆς
482 5578 541 5628 ὲν
583 5572 984 5645 Ἱεροσολύμοις
1033 5573 1173 5643 πρὸς
1201 5571 1300 5643 τὴν
1349 5570 1477 5625 κατ’
1518 5569 1939 5641 Ἀλεξάνδρειαν

369 5666 723 5736 Ἐκκλησίαν·
767 5668 833 5719 Oi
863 5667 975 5735 γὰρ
1000 5663 1117 5733 τὴν
1159 5661 1477 5733 Ἀρειανὴν
1514 5663 1750 5730 αἵρεσιν
1801 5662 1945 5716 ἀνα-

358 5760 813 5831 θεματίσαντες,
836 5760 1008 5828 λέγει,
1027 5757 1429 5829 τινώσκοντές
1447 5760 1567 5813 εισι
1581 5758 1669 5827 μὴ
1692 5759 1937 5826 κτίσμα,

358 5853 498 5911 ἀλλ’
525 5853 597 5906 ἐκ
637 5851 750 5919 τῆς
793 5852 1010 5918 οὐσίας
1058 5852 1332 5921 γέννημα
1368 5847 1522 5906 εἶναι
1576 5849 1682 5904 τὸν
1718 5849 1948 5919 Λόγους

442 6016 487 6047 ιδ
517 6013 657 6069 Psal.
688 6027 802 6079 (τικ,
835 6013 886 6066 5'.

2044 4839 2113 4892 ob
2169 4853 2405 4891 causam
2448 4845 2657 4888 uterum
2713 4833 2976 4898 nominat,
3032 4848 3195 4903 quam
3257 4840 3317 4885 ut
3381 4832 3625 4887 ostendat

2044 4933 2219 5008 ipsum
2252 4927 2457 4984 Filium
2506 4942 2571 4982 ea;
2621 4926 2799 4980 Patris
2835 4926 3067 4980 essentia
3099 4925 3335 4996 genitum
3373 4941 3507 4980 esse.
3559 4923 3628 4980 Et

2044 5025 2209 5095 paulo
2236 5031 2363 5094 post
2394 5038 2409 5075 :
2439 5020 2643 5075 Filium
2672 5023 2848 5088 itaque
2878 5036 2941 5074 ea:
2966 5020 3194 5075 essentia
3224 5018 3320 5074 Dei
3348 5028 3399 5073 et
3429 5016 3615 5073 Patris

2045 5118 2280 5187 genitum
2325 5128 2435 5168 esse
2467 5111 2815 5165 addiscimus.
2866 5113 3007 5166 Idem
3051 5113 3107 5166 in
3157 5109 3387 5181 epistola
3432 5122 3498 5162 ex
3543 5122 3626 5178 sy'

2046 5208 2208 5263 nodo
2250 5203 2763 5275 Hierosolymitana-
2804 5206 3007 5275 scripta
3073 5202 3141 5257 ad
3198 5200 3621 5256 Alexandrinam

2046 5297 2351 5354 Ecelesiam
2386 5312 2401 5350 :
2433 5294 2539 5360 Qui
2573 5295 2833 5350 Arianam
2868 5295 3111 5350 Ineresim
3141 5291 3472 5347 anathemati
3498 5291 3625 5344 sub~

2049 5398 2287 5461 egerunt.
2313 5387 2469 5458 plane
2515 5397 2828 5459 agnoscunt,
2868 5404 2973 5441 non
3010 5401 3123 5440 esse
3169 5393 3492 5447 creaturam,
3534 5398 3628 5457 sed

2046 5500 2112 5540 ea:
2160 5485 2387 5538 essentia
2435 5481 2659 5536 Verbum
2713 5481 2875 5550 fetum
2929 5495 3061 5533 esse.
3098 5476 3165 5531 Et
3205 5491 3399 5531 rursus
3445 5475 3623 5530 alibi:

2046 5576 2165 5632 Non
2185 5574 2393 5644 deforis
2423 5574 2626 5627 invecta
2669 5583 2745 5625 est
2778 5568 2913 5623 Filii
2942 5568 3194 5635 essentia,
3231 5583 3394 5637 neque
3424 5582 3489 5621 ea:
3521 5583 3622 5620 non

2045 5668 2252 5723 antibus
2310 5665 2661 5729 introducta,
2712 5663 2802 5718 sed
2852 5677 2916 5716 ex
2973 5661 3158 5714 Patris
3219 5662 3449 5715 essentia
3500 5654 3626 5713 nata

2046 5757 2492 5828 quemadmodum
2529 5755 2743 5809 luminis
2782 5752 3049 5821 splendor,
3085 5760 3137 5806 et
3166 5767 3319 5823 aqua:
3347 5766 3532 5822 vapor.
3565 5749 3631 5806 Ei

2048 5850 2163 5904 haec
2181 5848 2402 5918 quidem
2425 5843 2804 5900 divinissimus
2822 5843 3154 5899 Athanasius
3198 5842 3266 5898 de
3313 5840 3634 5921 Unigenito‘.
3732 5904 3735 5909 ι
