3970 6414
404 454 535 522 1171

1415 467 1925 532 CONSTANTINI
1971 475 2524 537 MELITENIOTxE

3450 480 3585 545 ιιιτι

399 566 628 637 Magnus
669 582 796 621 vero
834 566 1065 625 Basilius
1120 570 1173 625 in
1207 587 1311 627 una
1337 589 1561 632 suarum
1593 581 1904 635 orationum
1942 601 1958 637 :

2094 587 2336 656 Ετέρωσε
2369 589 2557 642 πάλιν·
2577 592 2699 644 Οὐκ
2728 590 2949 655 ἔξωθέν
2984 592 3078 657 τίς
3103 592 3271 646 ἐστιν
3317 594 3588 661 εὑρεθεῖσα

404 659 487 712 Ex
516 657 681 715 Patre
720 658 912 726 Filius,
944 679 1048 717 non
1090 664 1309 733 imperio
1339 669 1533 735 editus,
1561 678 1650 725 sed
1680 689 1745 726 ex
1775 684 1968 730 natura

403 762 700 821 generatus.
736 754 845 809 Nec
876 755 945 809 ab
974 756 1058 812 bis
1092 758 1349 813 abhorret
1391 759 1626 832 Cyrillus
1651 764 1966 833 dogtnatum

405 843 626 896 scientia
654 843 1018 909 admirabilis,
1051 858 1164 901 tum
1194 849 1334 902 libro
1360 853 1521 906 tertio
1549 855 1614 907 ad
1648 854 1921 911 Hermian:
1952 876 1966 912 :

405 930 676 996 Quomodo
731 951 832 990 non
888 939 1099 992 omnino
1144 941 1275 1009 felix
1330 943 1525 1011 fuerit,
1582 948 1754 1001 videre
1805 949 1966 1002 Deum

401 1042 536 1088 vere,
576 1035 625 1081 et
670 1043 735 1081 ex
782 1028 874 1083 Dei
919 1041 968 1083 et
1007 1029 1186 1086 Patris
1226 1038 1451 1089 essentia
1490 1048 1700 1091 enatum
1732 1057 1842 1095 esse
1871 1040 1970 1094 Εἰς

364 1114 556 1202 flium,
603 1121 854 1189 siquidem
907 1133 984 1174 est
1032 1134 1088 1176 ut
1125 1125 1287 1189 Deus,
1354 1136 1403 1180 et
1442 1144 1543 1182 nun
1584 1131 1754 1194 aliud,
1790 1135 1878 1202 qui
1915 1135 1970 1186 in

402 1211 549 1264 nobis
577 1212 837 1266 inhabitat
864 1213 1100 1280 Spiritus
1133 1215 1278 1270 illius
1305 1219 1331 1272 ι
1360 1228 1472 1271 tum
1498 1220 1551 1273 in
1586 1235 1695 1275 uno
1730 1198 1966 1291 capitum

346 1274 371 1381 ί
402 1303 469 1355 tle
495 1305 801 1359 mternitate
830 1303 1107 1375 Unigeniti
1140 1328 1154 1363 :
1188 1304 1323 1363 Erat
1364 1312 1529 1380 igitur
1568 1274 1817 1368 Genitori
1837 1332 1973 1369 cate-

404 1404 579 1449 ternus
612 1392 811 1460 Filius,
853 1399 932 1452 uti
958 1416 989 1451 a
1018 1399 1245 1469 quodam
1280 1402 1424 1467 fonte
1452 1407 1628 1468 prima
1657 1421 1820 1460 causa
1850 1423 1971 1461 sca-

405 1486 625 1539 turiens.
655 1486 722 1541 Et
757 1488 811 1540 in
841 1488 948 1544 alio
987 1492 1305 1547 eorumdem
1345 1510 1358 1546 :
1389 1492 1493 1559 Qui
1535 1496 1674 1549 enim
1701 1512 1766 1551 ex
1794 1514 1972 1552 essen-

405 1579 479 1630 tia
519 1578 701 1632 Patris
750 1596 1062 1650 progressus
1110 1592 1210 1643 est,
1246 1582 1465 1638 Patrem
1514 1585 1659 1640 illico
1690 1589 1974 1657 genitorem

405 1671 653 1724 ostendit.
713 1671 777 1727 F.t
826 1671 879 1725 in
935 1672 1043 1726 alio
1082 1673 1274 1730 clare:
1304 1674 1762 1740 Quemadmodum
1815 1677 1975 1733 Pater

403 1760 594 1830 absque
630 1763 893 1832 principio
919 1774 1022 1827 est,
1057 1766 1137 1819 ita
1175 1775 1228 1820 et
1256 1767 1394 1836 quod
1440 1783 1504 1821 ea:
1549 1770 1780 1823 essentia
1824 1769 1971 1824 illius

2072 678 2109 745 ἡ
2141 677 2244 731 τοῦ
2280 679 2414 732 Υἱοῦ
2448 681 2652 742 οὐσία,
2684 681 2827 734 οὐδὲ
2860 683 2929 735 ἐκ
2951 681 3037 750 μὴ
3063 680 3251 735 ὄντων
3274 683 3588 754 ἐπεισήχθη,

2070 768 2210 822 ἀλλ’
2238 769 2305 821 ἐκ
2340 769 2451 836 τῆς
2475 771 2580 824 τοῦ
2610 772 2839 840 Πατρός
2862 774 3080 837 οιῖνσιάς
3111 773 3244 841 ἔφυ.
3271 774 3346 839 ὡς
3373 776 3469 828 τοῦ
3497 793 3593 845 φω-

2071 861 2177 935 τὸς
2205 861 2269 914 τὸ
2308 862 2699 931 ἀπαύγασμα,
2756 863 2854 916 καὶ
2903 865 2984 929 ὡς
3033 864 3251 930 ὓδατος
3290 866 3466 931 ἀτμίς.
3506 869 3595 919 Kal

2072 952 2242 1006 ταῦτα
2270 954 2365 1019 μὲν
2394 956 2422 1005 ὁ
2452 952 2728 1017 θειότατος
2756 954 2886 1023 περὶ
2912 955 3006 1007 τοῦ
3034 955 3366 1022 Μονογενοῦς
3402 957 3596 1011 Ἀθανά-

2075 1063 2205 1107 σιος.
2244 1045 2306 1098 Ὀ
2330 1046 2385 1098 δὲ
2422 1046 2595 1115 μέγας
2624 1047 2900 1111 Βασίλειός
2928 1066 3094 1117 φησιν
3128 1048 3185 1101 ἐν
3209 1066 3311 1103 τινι
3336 1050 3438 1101 τῶν
3457 1050 3599 1103 αὑτοῦ

2072 1136 2247 1204 λόγων
2273 1152 2288 1168 ο
2342 1137 2435 1191 Ἐκ
2460 1138 2564 1193 τοῦ
2595 1139 2824 1206 Πατρός
2855 1143 2887 1194 ό
2924 1141 3074 1206 Υἱὸς,
3102 1142 3175 1194 οὐ
3219 1140 3599 1209 προστάγματι

2073 1228 2364 1295 ποιηθεὶς,
2391 1230 2527 1284 ἀλλ’
2552 1230 2621 1284 ἐκ
2652 1229 2760 1297 τῆς
2784 1232 3026 1300 φύσεως
3049 1231 3379 1299 γεννηθείς.
3410 1231 3604 1292 Τούτοις

2075 1320 2376 1388 φθέγγεται
2410 1322 2622 1390 συνῳδὰ
2665 1323 2758 1374 καὶ
2808 1322 3075 1394 Κύριλλος
3101 1325 3129 1375 ὁ
3160 1320 3256 1391 τὴν
3299 1321 3604 1390 δογματιλὴν

2078 1411 2397 1481 ἐπιστήμην
2451 1412 2760 1482 θαυμάσιος
2804 1414 2862 1465 ὲν
2886 1416 2987 1483 μὲν
3030 1412 3109 1480 τῷ
3162 1413 3325 1483 τρίτῳ
3352 1414 3451 1465 τῶν
3493 1414 3607 1480 πρὶς

2087 1505 2371 1576 Ἑρμείαν,
2414 1506 2546 1571 Πῶς
2575 1509 2658 1561 ὀὐ
2704 1504 3016 1572 παντελῶς
3055 1507 3459 1572 ἀταλαίπωρον
3486 1506 3611 1559 ιδεῖν

2080 1598 2171 1652 ὅτι
2202 1598 2348 1663 Θεὸς
2377 1595 2638 1662 ἀληθῶς,
2684 1596 2779 1649 καὶ
2816 1596 2927 1664 τῆς
2975 1596 3080 1651 τοῦ
3114 1596 3262 1650 Θεοῦ
3297 1597 3390 1650 καὶ
3413 1597 3612 1663 Πατρός

2076 1687 2293 1752 οὐσίας
2325 1686 2670 1755 ἐκπέφυκεν
2693 1689 2726 1740 ό
2763 1686 2916 1752 Υἱὸς,
2961 1686 3131 1753 εἵπερ
3158 1685 3334 1739 ἐστιν
3369 1685 3444 1751 ὡς
3472 1686 3611 1751 Θεὸς,

2077 1778 2175 1833 καὶ
2202 1779 2317 1846 οὐχ
2350 1777 2557 1845 ἕτερον
2598 1795 2651 1831 τι
2684 1777 3012 1831 κατοικοῦν
3043 1779 3114 1831 ἐν
3145 1777 3292 1846 ἡμῖν
3312 1776 3371 1830 τιὶ
3406 1777 3615 1844 Πνεῦμα

402 1868 733 1922 progressum
784 1865 860 1907 est
899 1854 1123 1923 Verbum
1165 1857 1361 1927 absque
1397 1860 1658 1930 principio
1696 1868 1794 1914 est.
1836 1860 1973 1915 Item

2090 1871 2302 1934 αὐτοῦ;
2329 1869 2496 1924 Πάλιν
2525 1868 2572 1922 δ’
2598 1871 2655 1921 ἐν
2689 1869 2769 1922 ἐνὶ
2794 1868 2904 1921 τῶν
2927 1868 3243 1938 κεφαλαίων
3270 1869 3374 1923 τῶν
3401 1869 3617 1938 περὶτῆς

406 1947 459 1997 in
490 1944 636 1999 alio:
667 1944 1124 2011 Quemadmodum
1175 1948 1405 2019 Spiritus
1445 1960 1660 2007 sanctus
1706 1954 1846 2006 circa
1886 1969 1971 2007 es—

2090 1959 2175 2014 τοῦ
2198 1958 2535 2029 Μονογενοῦς
2551 1959 2872 2029 assumo;-
2904 1933 3026 2015 Ἦν
3041 1960 3159 2029 ἄρα
3183 1960 3263 2026 τῷ
3291 1933 3621 2030 γεννήσαντι

403 2035 628 2088 sentiam
670 2037 1058 2106 separationem
1093 2054 1197 2092 non
1229 2040 1491 2102 admittit,
1523 2043 1707 2096 varios
1732 2046 1973 2098 emittens

405 2128 458 2178 in
495 2127 796 2181 muneribus
838 2127 1039 2191 modos,
1068 2129 1144 2182 sic
1192 2139 1242 2184 et
1281 2133 1655 2200 generatricem
1692 2135 1977 2188 essentiam

408 2217 502 2270 Dei
556 2234 703 2270 nemo
762 2219 809 2273 si
861 2220 984 2274 bene
1021 2222 1157 2287 sapit
1214 2222 1419 2291 injuria
1475 2225 1611 2293 ιιωοὶ
1664 2226 1855 2291 dicet,
1897 2228 1976 2281 vel

405 2312 791 2377 separationem
828 2312 904 2366 rel
932 2313 1173 2382 eﬂinxum
1202 2314 1428 2384 aliquem
1452 2333 1668 2386 passam
1696 2334 1829 2384 esse,
1860 2335 1977 2387 qua:

403 2417 569 2454 unum
592 2402 763 2456 solum
793 2420 857 2457 ex
901 2408 1176 2475 semetipsa
1203 2405 1406 2461 Filium
1440 2411 1632 2463 emisit.
1669 2410 1733 2464 Et
1761 2410 1816 2463 in
1860 2410 1969 2463 alio

403 2509 619 2563 quoque
655 2510 719 2548 ex
752 2496 945 2550 iisdem
993 2497 1269 2566 capitibus
1301 2517 1315 2553 ι
1348 2500 1656 2555 Universum
1698 2517 1806 2555 esse
1845 2499 1978 2554 Filii

405 2600 471 2638 ea:
509 2584 692 2641 Patris
742 2589 967 2643 essentia
1008 2591 1209 2645 exsilit.
1254 2591 1321 2644 Et
1366 2593 1421 2646 in
1477 2592 1585 2647 alio
1618 2616 1631 2647 :
1662 2592 1794 2657 Quae
1841 2594 1980 2648 enim

404 2678 583 2745 passio
617 2680 759 2733 circa
787 2680 949 2735 sulem
974 2682 1095 2751 fieri
1129 2684 1353 2750 videtur,
1379 2701 1498 2739 cum
1521 2685 1695 2739 lumen
1723 2687 1979 2754 generat?

409 2768 541 2834 Qute
591 2771 727 2824 enim
787 2774 932 2826 circa
977 2774 1149 2843 ignem
1209 2778 1476 2843 separatio
1527 2778 1804 2846 contingit,
1861 2792 1981 2830 cum

406 2861 856 2917 illuminationem
883 2879 1001 2931 qua
1029 2881 1093 2918 ea:
1111 2869 1225 2934 ipso
1253 2873 1328 2920 est
1352 2867 1587 2923 emittit!
1619 2864 1772 2931 Quod
1798 2868 1843 2920 si
1870 2868 1980 2920 hwc

400 2948 548 3008 citra
598 2956 763 3008 ullam
797 2958 1137 3024 partitionem
1186 2967 1461 3028 generant,
1513 2969 1564 3013 et
1608 2961 1746 3013 citra
1774 2960 1980 3028 passio-

409 3060 550 3110 nem,
598 3062 716 3116 qute
755 3063 821 3101 ex
867 3049 1016 3117 ipsis,
1061 3058 1208 3116 sunt,
1242 3050 1533 3118 ejaculant,
1594 3065 1765 3104 nonne
1812 3051 1981 3118 magis

409 3149 589 3210 eorum
619 3136 795 3205 opifex
844 3153 955 3192 sum
995 3147 1201 3194 natura
1228 3140 1555 3208 splendorem
1595 3141 1839 3195 emittet?
1888 3140 1982 3194 llis

413 3225 708 3293 adsimilis,
752 3243 928 3297 eaque
971 3245 1133 3300 quam
1170 3230 1405 3300 plurima
1445 3232 1776 3286 venerabilis
1806 3229 1983 3302 Cyril-

413 3318 521 3385 lus,
560 3334 684 3372 cum
719 3334 806 3375 res
841 3320 1173 3391 theologicas
1204 3330 1419 3388 tractat,
1469 3323 1679 3385 edocet,
1714 3338 1834 3391 quae
1872 3323 1984 3377 fere

412 3410 595 3464 omnia
633 3411 800 3464 simul
825 3426 946 3465 cum
974 3413 1058 3468 bis
1099 3412 1156 3467 in
1186 3413 1368 3482 priore
1410 3428 1532 3468 meo
1565 3415 1983 3482 commentario,

413 3508 676 3572 tanquam
733 3501 896 3553 etiam
943 3501 1018 3554 ibi
1061 3502 1357 3569 plurimum
1414 3502 1781 3558 conducentia
1830 3518 1984 3559 com-

416 3589 703 3655 prehendi,
725 3590 1025 3643 secundum
1057 3591 1196 3646 alias
1230 3602 1393 3661 atque
1423 3592 1559 3647 alias
1588 3594 1828 3648 rationes
1855 3609 1870 3659 ;
1901 3593 1989 3648 hic

418 3694 546 3733 κει-ο
583 3680 698 3750 jam
732 3681 915 3745 dictis,
948 3692 1001 3736 et
1045 3692 1172 3737 ante
1197 3683 1365 3739 divini
1414 3682 1603 3740 Patris
1630 3686 1909 3740 Athanasii
1937 3695 1990 3740 et

418 3770 602 3841 magni
664 3770 851 3826 Basilii
908 3774 1328 3841 auctoritatibus
1387 3790 1483 3843 per
1553 3790 1655 3831 nos
1719 3777 1986 3845 digestis,

423 3864 641 3919 abunde
675 3880 838 3919 unum
874 3881 937 3920 ex
972 3867 1184 3922 duabus
1210 3866 1607 3928 quaestionibus
1647 3869 1988 3922 demonstra-

416 3971 618 4011 \‘tmus.

2083 2050 2401 2117 συνατδιος
2429 2054 2462 2105 ό
2495 2051 2651 2116 mg,
2699 2049 2904 2119 ὥσπερ
2938 2051 3060 2105 ἀπό
3113 2068 3281 2115 τινος
3311 2050 3499 2120 πηγῆς
3529 2050 3621 2115 τῆς

2084 2143 2320 2212 πρώτης
2335 2143 2529 2209 αἰτίας
2557 2141 2928 2202 άναόλύζων.
2958 2142 3069 2195 Kal
3093 2144 3153 2195 ὲν
3171 2143 3315 2213 ἄλλῳ
3332 2143 3431 2195 τῶν
3451 2141 3619 2195 αὐτῶν

2096 2233 2158 2285 '0
2183 2231 2301 2301 μὲν
2327 2231 2439 2301 γὰρ
2468 2231 2537 2285 ἐκ
2567 2230 2679 2299 τῆς
2702 2232 2917 2297 οὐσίας
2943 2234 3049 2286 τοῦ
3073 2234 3305 2299 Πατρός
3353 2230 3623 2300 προελθὼν

2084 2322 2316 2391 Πατέρα
2370 2321 2553 2388 εὐθὺς
2607 2321 2799 2385 ἔδειξε
2852 2322 2959 2374 τὸν
2984 2321 3400 2391 γεννήσαντα.
3450 2323 3546 2374 Καὶ
3579 2323 3624 2372 ἐν

2087 2413 2259 2482 ἑτέρῳ
2318 2412 2500 2480 σαφῶς
2529 2429 2544 2444 ο
2587 2412 2812 2479 Ὥσπερ
2849 2415 2881 2466 ὀ
2918 2412 3122 2481 Πατὴρ
3184 2413 3459 2481 ἄναρχος,
3496 2412 3626 2465 οὕτω

2088 2503 2186 2557 καὶ
2247 2505 2280 2556 ό
2327 2501 2395 2556 ἐκ
2440 2501 2554 2569 τῆς
2613 2502 2830 2568 οὐσίας
2893 2502 3083 2556 αὐτοῦ
3118 2503 3427 2570 προελθὼν
3468 2503 3628 2568 Λόγος

2088 2597 2371 2664 ἄναρχος.
2410 2595 2523 2647 Kal
2551 2597 2609 2647 ὲν
2639 2593 2784 2664 ἄλλῳ
2817 2595 2979 2648 πάλιν
3001 2612 3016 2626 ο
3059 2597 3287 2664 Ὠσπερ
3324 2595 3385 2648 τὸ
3415 2593 3627 2661 Πνεῦμα

2089 2689 2156 2740 τὸ
2187 2685 2359 2756 ἅγιον
2380 2687 2451 2740 οὐ
2473 2686 2773 2754 μερισμὸν
2802 2684 3088 2751 ὑπομένει
3114 2687 3252 2752 περὶ
3282 2685 3393 2753 τὴν
3418 2685 3627 2748 οὐσίαν,

2087 2773 2414 2841 διαφόρους
2467 2772 2792 2841 ἐκπέμπων
2845 2775 2990 2839 τοὺς
3052 2776 3122 2827 ἐν
3164 2775 3288 2840 τοῖς
3337 2776 3629 2842 χαρίσμασι

2088 2867 2369 2933 τρόπους,
2414 2866 2568 2919 οὕτω
2599 2865 2695 2918 καὶ
2723 2864 2842 2930 τὴν
2884 2867 3256 2935 γεννητικὴν
3282 2868 3493 2920 οὐσίαν
3544 2862 3631 2917 τοῦ

2092 2957 2241 3011 Θεοῦ
2268 2957 2380 3010 οὐκ
2407 2954 2486 3008 ἄν
2508 2974 2597 3022 τις
2637 2954 2754 3009 τῶν
2790 2953 2860 3012 εὖ
2910 2959 3301 3027 φρονούντων
3333 2954 3633 3011 ἀδικεῖσθαι

2088 3047 2364 3117 φήσειεν.
2391 3047 2430 3117 ἤ
2475 3050 2772 3117 μερισμὸν
2804 3049 2840 3117 ἣ
2888 3050 3226 3119 ἀπόρροιαν
3265 3067 3397 3104 τινα
3429 3046 3631 3107 παθεῖν.

2089 3139 2198 3194 ἕνα
2252 3140 2351 3194 καὶ
2416 3142 2610 3208 μόνον
2659 3142 2728 3205 ἐξ
2785 3143 3007 3211 ἑαυτῆς
3048 3143 3452 3213 ἐκλάμψασαν
3496 3140 3630 3194 Υιόν.

2090 3231 2199 3284 Kal
2249 3230 2370 3284 καθ’
2401 3232 2588 3301 ἕτερον
2617 3234 2725 3285 τῶν
2756 3235 3014 3288 τοιούτων
3049 3234 3380 3305 κεφαλαίων·
3414 3233 3634 3298 Σύμπαν

2092 3322 2158 3375 τὸ
2188 3317 2341 3374 εἶναι
2398 3321 2506 3376 τοῦ
2546 3324 2682 3377 Υιοῦ
2744 3325 2814 3377 ἐκ
2848 3323 2959 3392 τῆς
3013 3326 3121 3380 τοῦ
3188 3325 3415 3393 Harpth
3451 3322 3635 3382 οὐσίας

2093 3413 2348 3481 πρόεισι.
2388 3415 2496 3466 Kal
2525 3417 2584 3466 ὲν
2615 3415 2759 3483 ἄλλῳ
2785 3433 2799 3447 ο
2828 3416 3010 3469 Ποῖον
3041 3417 3156 3486 τὰρ
3197 3417 3385 3482 πάθος
3406 3415 3527 3482 περὶ
3550 3413 3636 3465 τεν

2094 3505 2275 3571 ἣλιον
2333 3503 2540 3573 ὁρᾶται
2582 3508 2930 3575 γενόμενον,
3002 3507 3103 3562 ὅτε
3161 3510 3343 3562 τίκτει
3388 3508 3448 3560 τὸ
3501 3501 3633 3574 φῶςῖ

2095 3594 2274 3660 Ποῒος
2299 3596 2617 3664 συμϐαίνει
2651 3599 2783 3665 περὶ
2816 3599 2883 3650 τὸ
2914 3598 3033 3664 πῦρ
3054 3600 3369 3668 μερισμὸς,
3398 3597 3532 3649 ὅταν
3552 3594 3633 3645 ἐκ·

2095 3686 2299 3755 πέμπῃ
2360 3688 2469 3741 τὸν
2525 3687 2595 3752 ἐξ
2628 3689 2815 3742 αὑτοῦ
2883 3691 3234 3758 φωτισμόνς
3286 3692 3354 3744 El
3385 3685 3636 3742 δὲταῦτα

2095 3776 2280 3848 γεννᾷ
2318 3778 2434 3847 μὲν
2454 3777 2807 3848 ἁμερίστως,
2837 3776 3127 3846 ἐκπέμπει
3181 3778 3251 3832 δὲ
3273 3779 3343 3832 τὰ
3379 3777 3446 3841 ἐξ
3468 3770 3638 3829 αὐτῶν

2094 3866 2358 3932 ἀπαθῶς,
2401 3869 2472 3919 οὑ
2532 3867 2738 3932 πολλῷ
2794 3865 3041 3934 μᾶλλον
3074 3870 3107 3919 ὀ
3160 3868 3384 3921 τούτων
3414 3859 3635 3927 ποιητὴς

2096 3956 2206 4026 τῆς
2231 3957 2449 4011 ἑαυτοῦ
2492 3959 2734 4027 φύσεως
2791 3956 3087 4025 ἐκπέμψω
3136 3956 3205 4011 τὸ
3262 3956 3603 4022 ἀπαύγασμα
3617 3963 3635 4011 ;

418 4047 595 4102 Πολλά
622 4049 846 4102 τοιαῦτα
879 4049 1146 4117 θεολογῶν
1196 4051 1503 4105 ἐκδιδάσκει
1568 4050 1838 4124 Κύριλλος
1898 4053 1927 4104 ὁ
1961 4050 2180 4112 σεπτὸς,
2211 4048 2247 4102 ἃ
2278 4050 2455 4102 πάντα
2522 4050 2708 4118 σχεδὸν
2778 4048 2876 4100 σὺν
2932 4049 3145 4109 toi-rat;
3210 4048 3267 4099 ὲν
3296 4048 3359 4116 τῇ
3398 4054 3639 4113 προτεθνη-

417 4141 574 4211 θείσῃ
601 4156 693 4211 μοι
720 4141 971 4207 συντάξει
1001 4142 1266 4209 διέλαϐον,
1307 4139 1398 4197 οἷα
1466 4146 1632 4198 κάκεῖ
1690 4142 2071 4210 συντελοῦντα,
2107 4140 2246 4211 πλὴν
2301 4142 2440 4193 κατὰ
2478 4157 2651 4204 τιναςς
2676 4140 2868 4207 λόγους
2913 4139 3169 4203 λοιπούς·

3221 4135 3449 4190 ἐνταῦθα
3472 4134 3522 4186 δὲ
3559 4127 3633 4182 διὰ

418 4236 526 4291 τῶν
552 4237 859 4306 παρόντων,
879 4238 972 4288 καὶ
995 4235 1063 4290 δι’
1095 4229 1169 4315 ὧν
1231 4237 1722 4306 προδεδηλώκαμεν
1753 4237 1848 4291 τοῦ
1914 4235 2061 4290 θείου
2103 4235 2318 4304 Πατρὸς
2392 4233 2737 4298 ’Δθανασίου,
2795 4234 2891 4285 καὶΙ
2945 4230 3039 4284 τοῦ
3091 4230 3330 4301 μεγάλου
3388 4224 3634 4282 Βασι).ειου

420 4329 599 4400 ῥητῶν
644 4327 959 4399 ἀρκούντως
1006 4326 1066 4379 τὸ
1099 4327 1428 4399 ἓτεραντῶν
1457 4330 1603 4384 δυοῖν
1658 4329 1990 4399 ζητημάτων
2029 4326 2125 4380 νῦν
2158 4325 2613 4394 παρεστήσαμεν.

491 4420 581 4475 15.
623 4416 913 4487 Reliquum
956 4416 1202 4487 estiam,
1254 4418 1409 4473 etde
1456 4418 1735 4474 adorando
1783 4417 1990 4487 Spiritu

421 4509 643 4565 Patrum
665 4523 853 4576 voces,
880 4523 1003 4578 quae
1031 4523 1230 4577 nempe
1255 4507 1409 4563 illum
1443 4508 1622 4579 palam
1655 4523 1722 4563 ex
1754 4506 1991 4563 essentia

2173 4412 2260 4480 ιγ’.
2306 4414 2537 4482 Ἀπάρτι
2593 4411 2837 4467 λείπεται
2900 4410 3245 4482 παραθέσθαι
3291 4409 3500 4470 καὶτὰς
3529 4402 3635 4473 περὶ

2098 4506 2193 4559 τοῦ
2222 4504 2600 4576 προσκυνητοῦ
2630 4504 2949 4572 Πνεύματος
2978 4502 3084 4556 τῶν
3106 4503 3279 4571 ἁγίων
3310 4501 3503 4571 φωνὰς,
3534 4498 3635 4549 ὅσαι

437 4612 494 4657 et
524 4611 718 4657 natura
752 4601 930 4657 Patris
959 4600 1343 4671 depraedicant,
1369 4601 1458 4656 hic
1489 4615 1783 4671 apponere.
1816 4608 1872 4654 ut
1905 4599 1984 4655 ab

2103 4597 2305 4667 δηλαδὴ
2329 4595 2486 4649 τοῦτο
2515 4594 2729 4664 τρανῶς
2759 4595 2825 4647 ὲκ
2856 4595 2955 4664 τῆς
2984 4594 3173 4657 οὐσίας
3202 4595 3298 4648 καὶ
3328 4594 3422 4663 τῆς
3451 4591 3635 4660 φύσεως

427 4693 605 4749 solute
647 4692 823 4748 nostri
875 4690 1146 4746 examinis
1198 4690 1377 4744 oratio
1417 4688 1762 4758 perfectoque
1803 4700 1999 4757 proce-

426 4786 540 4847 dat,
598 4797 698 4837 nec
755 4798 822 4837 ex
881 4782 988 4837 illis
1046 4796 1168 4852 quae
1215 4780 1569 4851 promisimus
1625 4794 1737 4834 uno
1788 4779 2000 4848 privata

429 4874 723 4936 claudicet.
761 4872 828 4927 Et
861 4871 1020 4926 initio
1068 4871 1191 4939 ipso
1231 4878 1470 4938 ponatur
1502 4868 1704 4923 dictum
1748 4867 1998 4937 Gregorii

430 4963 824 5033 'l‘banmaturgi
860 4971 976 5017 tcto
1011 4962 1142 5016 orbe
1171 4971 1441 5015 terrarum
1474 4959 1792 5021 clarissimi,
1844 4959 2001 5027 cujus

431 5060 596 5114 etiam
637 5058 692 5112 in
721 5056 903 5127 priore
936 5062 1192 5116 tractatu.
1221 5054 1318 5108 sed
1347 5053 1454 5107 alio
1476 5066 1644 5121 ετορο
1672 5053 1999 5105 mentionem

432 5151 752 5206 induximus
782 5149 1029 5217 ;dictnm
1081 5160 1232 5213 vero,
1284 5153 1345 5203 ut
1404 5145 1583 5215 ipsum
1627 5158 1794 5213 quam
1845 5142 2002 5198 ocius

432 5244 986 5314 comprehendamus,
1015 5239 1248 5296 habetur
1269 5238 1328 5293 in
1353 5236 1756 5299 orationelidei
1786 5234 1855 5289 ab
1883 5235 2002 5303 ipso

437 5351 531 5401 per
569 5344 754 5404 partes
782 5332 1085 5401 exposita:
1136 5328 1467 5399 Conﬁtemur
1499 5325 2005 5391 consubstantialem

432 5442 544 5481 esse
567 5424 727 5479 Patri
776 5421 980 5478 Filium
1019 5432 1068 5476 et
1098 5421 1381 5492 Spiritum,
1409 5420 1505 5473 hoc
1530 5427 1606 5472 est
1638 5434 1802 5471 unam
1827 5416 2003 5469 deita-

435 5530 540 5573 tem
591 5517 930 5581 naturaliter,
979 5530 1096 5567 cum
1154 5512 1314 5566 Pater
1373 5512 1638 5579 ingenitus
1693 5511 1785 5571 sit,
1826 5506 2004 5562 Filius

437 5610 636 5677 genitus
662 5623 727 5662 ea:
755 5607 935 5667 Patre,
963 5615 1013 5659 ct
1042 5604 1275 5674 Spiritus
1302 5614 1515 5659 sanctus
1546 5618 1611 5656 ea:
1638 5602 1864 5655 essentia
1895 5599 2007 5654 Ρα-

440 5701 536 5755 tris
581 5716 673 5770 per
718 5697 919 5753 Filium
965 5705 1153 5752 (sterne
1209 5698 1504 5752 enlittutur.
1546 5694 1614 5749 Et
1656 5695 1757 5748 hoc
1794 5694 1870 5748 ait
1920 5693 2010 5748 bic

439 5790 750 5847 divinarum
783 5788 1177 5843 revelationum
1232 5787 1522 5858 interpres.
1554 5784 1620 5840 Et
1653 5782 2004 5855 postmodum

442 5876 679 5950 Cyrillus
726 5875 1113 5946 mysteriorum
1164 5878 1391 5949 spiritus
1436 5875 1899 5932 instructissimus
1945 5872 2000 5929 in

2101 4690 2194 4742 τοῦ
2219 4686 2433 4757 Πατρὺς
2470 4685 2740 4756 ὑπάρχειν
2785 4685 3173 4755 κηρύττουσιν,
3200 4688 3349 4748 ὅπως
3373 4680 3580 4741 ἐντελῶς
3612 4679 3636 4730 ὁ

2102 4779 2258 4847 λόγος
2313 4778 2449 4846 ἡμῖν
2495 4776 2594 4846 τῆς
2643 4775 2981 4844 διασκέψεως
3034 4777 3148 4847 ἔχοι
3193 4775 3416 4846 προῦὰς,
3457 4774 3541 4826 καὶ
3574 4767 3634 4838 μὴ

2104 4871 2295 4935 σκάζοι
2322 4868 2682 4941 στερούμενος
2726 4872 2835 4922 τῶν
2868 4871 3268 4940 ὑπεσχημένων
3302 4872 3436 4932 ἑνός.
3466 4867 3559 4920 Kal
3582 4858 3635 4928 δὴ

2103 4962 2322 5017 λεκτέον
2352 4960 2631 5031 καταρχὰς
2658 4961 2759 5032 τὴν
2778 4961 2935 5030 ῥῆσιν
2960 4961 3052 5015 τοῦ
3072 4957 3494 5031 Θαυματουργοῦ
3516 4955 3635 5022 Γρη-

2102 5055 2286 5124 γορὲου
2316 5051 2411 5106 τοῦ
2442 5054 2502 5104 τὸ
2539 5052 2651 5105 πᾶν
2680 5052 2974 5121 διαϐοήτου
3021 5056 3131 5117 τοῖς
3195 5053 3440 5120 πέρασιν,
3467 5043 3528 5120 ἧς
3551 5043 3635 5095 κάν

2103 5147 2168 5213 τῇ
2203 5143 2445 5213 προτέρᾳ
2470 5142 2572 5212 τῆς
2594 5141 2690 5195 νῦν
2722 5142 3077 5212 πραγματείᾳ
3123 5142 3249 5196 καθ’
3284 5142 3462 5209 ἕτερον
3494 5132 3637 5205 iuvi;-

2106 5236 2241 5306 σθην
2307 5234 2528 5289 σκοπόν.
2570 5233 2634 5287 Ἣ
2668 5233 2727 5287 δὲ
2764 5232 2946 5303 ῥῆσις,
2988 5233 3061 5296 ὡς
3096 5234 3161 5288 ἂν
3198 5234 3293 5285 καὶ
3339 5221 3633 5318 sati-muri:

2104 5327 2264 5396 νηταί
2310 5343 2402 5397 μοι
2443 5323 2717 5378 διακασεϊν
2741 5325 2950 5393 τάχιον,
2995 5325 3051 5376 ὲν
3080 5322 3155 5392 τῷ
3179 5322 3321 5391 λόγῳ
3353 5320 3443 5386 τῆς
3492 5314 3631 5366 αὑτοῦ

2106 5418 2249 5470 κατὰ
2273 5416 2438 5486 μέρος
2471 5414 2706 5478 πίστεως
2730 5413 2961 5483 κειμένη
2989 5413 3155 5483 φησιν
3177 5429 3191 5442 ·
3234 5403 3635 5478 Ὀμολοτοῦμεν

2105 5507 2432 5574 ὀμοούσιον
2493 5503 2573 5570 τῷ
2630 5503 2817 5572 Πατρι
2861 5500 3018 5558 εῖναι
3092 5503 3197 5557 τὸν
3253 5502 3385 5555 Υιὸν
3432 5495 3519 5550 καὶ
3577 5488 3633 5540 τὸ

2107 5599 2371 5667 Πνεῦμα,
2401 5596 2679 5652 τουτέστι
2700 5598 2850 5665 μίαν
2875 5595 3124 5661 θεότητα
3164 5589 3444 5662 φυσικῶς»
3486 5582 3632 5667 di”?

2107 5665 2296 5758 “ito’i’
2331 5689 2452 5758 μὲν
2491 5688 2669 5754 ὄντος
2704 5687 2810 5743 τοῦ
2876 5685 3127 5755 Πατρός,
3178 5680 3546 5767 γεννηθέντος
3574 5665 3632 5767 fi

2107 5782 2216 5837 τοῦ
2244 5782 2382 5837 Υὶοῦ
2429 5783 2499 5835 ἐκ
2538 5780 2795 5851 Πατρὸς,
2833 5777 2940 5833 τοῦ
2978 5796 3043 5833 τε
3087 5777 3417 5843 Urs-thoc
3454 5766 3517 5819 ἐκ
3539 5771 3629 5822 της

2109 5874 2325 5941 οὐσίας
2357 5874 2459 5928 τοῦ
2485 5874 2715 5943 Πατρός
2747 5870 2822 5925 δι’
2840 5871 2973 5927 Υιοῦ
2996 5869 3197 5934 ἀϊδίως
3213 5857 3623 5930 ἐκπεμρθέντοςο
