3970 6402
292 438 390 509 1'17
394 447 429 508 3

1132 453 1228 512 DE
1269 451 1793 512 PROCESSIONE
1832 452 1894 512 s.
1937 422 2300 511 serimus
2334 445 2560 507 eam;
2601 445 2685 507 II.

3387 439 3523 506 117i.

286 556 397 606 Καὶ
428 553 586 607 τοῦτο
622 556 719 624 μὲν
745 555 772 606 6
793 555 902 608 τῶν
937 555 1095 611 θείων
1123 560 1518 629 ἀποκαλύψεων
1541 555 1693 624 οὗτος
1721 562 1859 631 6'97;-
1889 612 1891 619 .

1983 575 2071 613 tno
2105 559 2326 613 secundi
2375 555 2785 611 Tltesaurorum
2830 552 3008 624 rapite
3040 555 3150 607 iure
3185 562 3367 620 aperte
3397 569 3526 623 pro—

285 646 481 714 γτ,τής.
508 647 615 699 K'al.
646 647 911 716 Κύριλλος
939 649 995 702 δὲ
1030 650 1150 719 μεθ’
1192 651 1417 722 ὕστερον
1461 654 1488 704 ὁ
1518 655 1727 722 μύστης
1757 657 1851 704 τοῦ

288 737 599 806 Πνεύματος
625 741 681 790 ἐν
711 741 792 792 ἑνὶ
823 741 931 792 τῶν
965 742 1276 809 κεφαλαίων
1310 743 1401 796 106
1452 745 1710 814 δευτέρου
1747 743 1856 797 τῶν

283 829 589 899 ειησαυρῶν
616 832 786 883 ταῦτα
812 832 1119 903 διαγορεύει
1149 836 1362 903 τρανῶς
1389 853 1404 867 ·
1434 838 1516 890 Οὐ
1549 835 1854 904 summa

285 921 352 973 τι)
386 923 628 990 Πνεῦμα
658 923 767 990 τῆς
798 925 955 991 θείας
990 928 1226 992 οὐσίας,
1256 927 1394 981 ἀλλ’
1424 929 1494 992 ἐξ
1523 929 1712 996 αὐτῆς
1746 946 1856 996 φυ-

284 1011 471 1077 σικῶς
498 1014 972 1083 ἐκπεμπόμενον,
1007 1017 1161 1086 ὅλην
1203 1019 1327 1088 ἔχει
1357 1020 1465 1073 τοῦ
1501 1024 1729 1088 Πατρῶς
1760 1022 1857 1075 καὶ

294 1101 431 1154 Υἱοῦ
470 1101 586 1168 τὴν
620 1103 942 1173 ἐνέργειαν.
1001 1110 1112 1162 Καὶ
1161 1112 1321 1164 πάλιν
1356 1116 1412 1164 ὲν
1463 1113 1609 1182 ἄλλῳ
1651 1113 1811 1183 φησίν
1843 1132 1854 1146 ·

299 1194 362 1247 '0
416 1194 572 1263 ἀνὴρ
610 1197 769 1263 ἔχων
826 1198 898 1250 ἐν
943 1198 1136 1264 ἐαυτῷ
1167 1202 1232 1253 τὸ
1258 1204 1504 1272 Πνεῦμα
1534 1204 1598 1257 τὸ
1643 1205 1712 1257 ἐκ
1748 1204 1859 1273 τῆς

287 1289 504 1353 οὐσίας
545 1290 651 1341 τοῦ
693 1290 842 1344 Θεοῦ
868 1292 1049 1346 είκὼν
1073 1295 1306 1362 ἐκλήθη
1344 1298 1441 1350 καὶ
1485 1297 1634 1363 δόξα
1666 1299 1815 1352 Θεοῦ
1841 1314 1856 1329 °

288 1378 383 1429 καὶ
429 1380 484 1430 ὲν
513 1379 686 1448 ἑτέρῳ
712 1397 727 1412 ι
762 1382 905 1448 Θεὸς
929 1383 1044 1451 ἄρα
1082 1385 1148 1437 τὸ
1176 1386 1419 1455 Πγεῦμά
1454 1388 1627 1442 ἐστιν
1651 1390 1719 1441 ἐκ
1751 1389 1862 1458 τῆς

287 1468 451 1532 θεθας
484 1469 701 1533 οὐσίας
731 1472 1004 1538 φυσικῶς
1027 1472 1508 1544 ἐκπεμπόμενον.
1558 1479 1668 1531 Καὶ
1694 1478 1861 1532 ἀλλα-

289 1556 383 1624 χοῦ
406 1573 422 1589 ο
466 1558 536 1611 Τὸ
567 1560 807 1628 Πνεῦμα
835 1561 900 1614 τὸ
937 1563 1112 1631 ἅγιον
1136 1565 1203 1618 ἐκ
1243 1566 1354 1624 τοῦ,
1383 1568 1533 1621 Θεοῦ
1560 1568 1859 1637 φυσικῶς.

291 1646 522 1714 Προσέτι
559 1647 687 1699 καθ’
745 1648 933 1717 ἕτερον
963 1652 1072 1704 τῶν
1118 1655 1379 1709 τοιούτων
1409 1657 1721 1727 κεφαλαίων
1753 1658 1862 1712 τῶν

286 1737 593 1805 Θησαυρῶν
616 1754 631 1770 ·
679 1740 866 1794 Ἀλλὰ
904 1743 1080 1811 μενεῖ
1095 1745 1214 1812 μὲν
1262 1748 1423 1812 αὐτῷ
1461 1750 1672 1816 κυρίως
1708 1749 1775 1803 τὸ
1798 1750 1865 1815 ἐξ

287 1826 382 1892 οὗ,
422 1829 520 1885 διὰ
551 1832 614 1883 τὸ
639 1833 705 1885 ἐκ
736 1832 844 1900 τῆς
876 1838 1095 1902 οὐσίας
1123 1828 1275 1891 εἶναι
1308 1839 1415 1893 τοῦ
1444 1843 1693 1909 Πατρός.
1734 1843 1864 1896 Ἰδοὺ

1963 649 2179 703 nuntiat
2211 666 2224 700 :
2255 646 2376 700 Non
2404 658 2616 700 arcetur
2650 646 2880 717 Spiritus
2910 662 2941 699 a
2967 647 3145 699 divina
3171 646 3419 708 essentia.
3443 645 3531 701 sed

1964 740 2026 794 ab
2058 742 2172 808 ipsa
2198 739 2521 792 naturaliter
2543 740 2762 792 emissus
2788 740 3084 792 universam
3112 737 3294 792 Patris
3324 747 3371 791 et
3401 734 3533 790 Filii

1961 831 2317 900 operationem
2351 830 2523 883 habet.
2555 828 2619 881 Et
2656 828 2709 882 in
2740 830 2846 883 alio
2880 833 2893 883 ξ
2933 827 3104 883 Homo
3138 829 3329 882 habens
3369 828 3421 880 in
3455 844 3532 880 se-

1964 922 2180 988 metipso
2236 918 2519 989 Spiritum,
2571 921 2660 989 qui
2700 936 2765 973 ea:
2809 921 3035 974 essentia
3071 919 3166 974 Dei
3217 929 3315 983 est,
3360 918 3533 985 imago

1962 1014 2058 1066 Dei
2085 1022 2131 1066 et
2171 1012 2339 1083 gloria
2380 1022 2739 1080 nuncupatur.
2805 1013 2869 1065 Et
2912 1013 2966 1065 in
3012 1012 3118 1065 alio
3153 1029 3167 1064 :
3200 1011 3336 1064 Deus
3373 1011 3535 1079 igitur

1964 1104 2195 1172 Spiritus
2230 1115 2325 1168 est,
2359 1119 2423 1157 ex
2457 1106 2633 1158 divina
2679 1106 2906 1158 essentia
2938 1104 3260 1157 naturaliter
3292 1104 3557 1155 emissus...

1962 1196 2029 1251 Et
2057 1197 2184 1251 alibi
2214 1213 2227 1261 ς
2261 1194 2493 1265 Spiritus
2535 1204 2749 1249 sanctus
2785 1212 2849 1251 ea:
2881 1196 2985 1250 Deo
3044 1195 3380 1251 naturaliter.
3430 1192 3539 1248 Nec

1967 1303 2078 1341 non
2111 1288 2163 1341 itt
2210 1287 2318 1341 alio
2356 1288 2552 1341 borum
2586 1286 2994 1342 Tltesattrorutu
3034 1289 3253 1354 capite:
3288 1285 3391 1341 Sed
3426 1301 3540 1338 ma-

1966 1378 2105 1432 nebit
2152 1379 2257 1448 ipsi
2307 1395 2510 1449 quoque
2550 1380 2829 1449 proprium
2879 1396 2943 1432 ea:
2988 1378 3095 1432 alio
3137 1395 3266 1440 esse,
3295 1379 3430 1448 quod
3476 1394 3559 1432 car-

1966 1472 2192 1526 essentia
2242 1471 2425 1525 Patris
2478 1481 2576 1524 est.
2633 1471 2712 1525 En
2768 1471 2968 1525 adduri
3025 1471 3361 1533 testimonia,
3422 1486 3543 1538 quae

1969 1562 2232 1631 Spiritum
2269 1570 2544 1625 sanctum,
2592 1577 2655 1615 ex
2692 1561 2873 1616 Patris
2902 1562 3161 1625 essentia,
3193 1570 3243 1614 rt
3274 1577 3340 1614 ex
3382 1558 3553 1613 Patre

1968 1655 2233 1709 exsistere
2262 1652 2587 1707 naturaliter
2616 1654 2962 1717 conﬁrmant,
3009 1667 3072 1707 ea
3109 1653 3258 1720 prius
3294 1651 3544 1706 adduetis

1970 1731 2331 1807 con'ucctcns,
2387 1758 2508 1811 quae
2559 1751 2745 1812 aperte
2779 1753 2833 1796 et
2886 1744 3174 1813 perspicue
3232 1742 3430 1796 Filium
3478 1757 3540 1795 ex

1972 1838 2206 1894 essentia
2238 1835 2418 1890 Patris
2456 1849 2601 1897 esse,
2656 1843 2711 1889 et
2740 1852 2804 1888 ex
2845 1836 2999 1889 Patre
3045 1834 3368 1890 naturaliter
3399 1825 3549 1887 assc-

293 1925 621 1993 πειρήγαγον
651 1928 742 1977 καὶ
772 1926 872 1989 τὰς
894 1928 954 1980 τὸ
987 1929 1213 1999 Πνεῦμα
1260 1930 1319 1983 τὸ
1360 1931 1516 1998 ἅγιον
1550 1935 1614 1986 ἐκ
1645 1933 1743 2002 τῆς
1773 1933 1867 1987 τοῦ

1983 1938 2185 1984 verant.
2238 1926 2333 1981 His
2376 1941 2633 1984 omntnus
2686 1927 2751 1981 al
2806 1936 3097 1995 utrumque
3146 1924 3548 1995 pertinentibus

293 2015 507 2085 Πατρδς
568 2016 777 2080 οὐσίας,
811 2020 919 2071 κάκ
946 2019 1036 2072 τοῦ
1067 2021 1282 2092 Πατρδς
1310 2023 1583 2093 ὑπάρχειν
1625 2023 1869 2089 φυσικῶς

294 2108 834 2179 προσμαρτυρούσας
866 2111 975 2163 τῶν
1004 2112 1256 2180 χρήσεων
1285 2114 1406 2175 ταῖς
1440 2114 1706 2192 πρότερον
1741 2132 1868 2168 συν-

291 2198 466 2264 τάξας
499 2200 689 2266 αὐτὰς,
717 2201 921 2266 αἵτινες
952 2204 1251 2276 διαρρήδην
1275 2205 1367 2259 τὸν
1398 2206 1527 2259 Υίὸν
1554 2208 1618 2260 ὲκ
1642 2207 1747 2276 τῆς
1774 2208 1866 2260 οὑ-

296 2291 418 2354 σέας
451 2291 547 2344 τοῦ
585 2293 800 2363 Πατρὺς
830 2289 1125 2354 sint,de
1154 2296 1248 2349 106
1300 2299 1510 2367 Πατρδς
1556 2299 1858 2366 καταγγέλ-

293 2382 448 2434 λουσι
496 2384 763 2450 φυσικῶς.
812 2384 908 2438 Ἐκ
928 2385 1131 2438 τούτων
1158 2386 1236 2451 δὲ,
1279 2386 1387 2441 τῶν
1415 2389 1504 2440 καὶ
1532 2389 1666 2457 πρὸς
1687 2390 1864 2459 ἀμφό-

296 2491 431 2542 τερα
451 2473 617 2542 λέγω,
641 2476 831 2528 πασῶν
845 2479 872 2529 ὁ
895 2477 1111 2531 σύνεσιν
1130 2478 1268 2548 ἔχων
1301 2479 1572 2550 ἀκροατὴς
1584 2481 1876 2550 diuinitas-

301 2555 390 2617 ται
420 2568 515 2619 καὶ
561 2569 659 2630 τὰς
688 2569 752 2621 ἐκ
775 2569 873 2638 τῆς
893 2569 1080 2633 οὐσίας
1106 2571 1199 2624 106
1224 2572 1353 2625 Υἱοῦ
1367 2572 1428 2625 τὸ
1451 2573 1605 2640 ἅγιον
1628 2574 1871 2644 Πνεῦμα,

302 2657 410 2710 κάκ
454 2656 550 2711 τοῦ
608 2658 736 2711 Υἱοῦ
799 2662 1096 2729 τυγχάνειν
1145 2662 1393 2731 φυσικῶς
1449 2663 1875 2733 διαγορευούσας

303 2746 512 2813 φωνὰς.
547 2749 631 2801 ὅτι
660 2748 759 2818 τὴν
787 2749 1024 2820 ὓπαρξιν
1065 2752 1290 2821 δηλοῦσι
1320 2752 1413 2806 τοῦ
1442 2753 1783 2822 Πνεύματος.
1810 2755 1876 2808 Ei

300 2835 411 2903 γὰρ
435 2831 594 2890 αὗται
628 2840 725 2908 τῆς
761 2840 1047 2911 ὑπάρξεως
1075 2842 1170 2897 106
1212 2842 1345 2897 Υἱοῦ
1377 2845 1472 2897 καὶ
1498 2844 1591 2898 106
1626 2845 1881 2915 Πνεύμα·

299 2943 395 2990 τος
428 2929 768 2994 ἀδιστάκτως
825 2935 1184 3002 σημαντικαὶ,
1240 2937 1335 2989 καὶ
1388 2936 1547 2990 τοῦτο
1583 2936 1877 3006 συνομολο-

300 3019 462 3087 γοῦεί
493 3039 582 3092 μοι
611 3024 906 3092 προφανῶς
941 3024 1203 3090 ἅπαντες,
1241 3028 1338 3081 καὶ
1368 3029 1548 3093 οὐδεὶς
1586 3029 1615 3081 ὁ
1654 3030 1798 3083 κατὰ
1827 3048 1881 3084 τι

306 3112 492 3175 ποσῶς
529 3115 872 3186 πειρώμενος
912 3118 1212 3183 ἀντειπεῖν,
1272 3120 1490 3184 πάντως
1541 3121 1879 3191 σημαντικαὶ

302 3203 554 3256 κάκεῖναι
581 3204 684 3273 τῆς
715 3205 1004 3273 ὑπάρξεως
1033 3209 1128 3260 τοῦ
1160 3207 1308 3262 θείου
1340 3211 1435 3262 καὶ
1490 3211 1877 3281 προσκυνητοῦ

284 3294 649 3365 ᾸΙνεὺματος.
697 3297 768 3348 Ἦ
796 3298 881 3360 τίς
913 3316 1043 3352 ποτε
1081 3291 1321 3354 νοεῖσθαι
1346 3301 1514 3364 δοκεῖ,
1541 3303 1636 3356 καὶ
1682 3305 1825 3367 τίνος
1847 3304 1887 3375 ἠ

304 3386 693 3456 ἀποκλήρωσις
718 3387 812 3440 106
846 3388 945 3453 τὰς
997 3390 1099 3460 μὲν
1121 3391 1219 3461 τὴν
1245 3392 1480 3462 ὓπαρξιν
1503 3393 1598 3448 τοῦ
1630 3394 1759 3448 Υἱοῦ
1788 3395 1884 3449 καὶ

301 3476 400 3530 τοῦ
431 3477 769 3547 Πνεύματος,
802 3481 940 3552 ὅπερ
973 3483 1068 3536 καὶ
1098 3482 1339 3553 βέϐαιον,
1377 3487 1672 3557 παριστᾷν,
1699 3487 1797 3549 τὰς
1825 3487 1883 3541 δὲ

305 3568 445 3637 πρὸς
471 3567 731 3638 ἀλήθειαν
758 3569 887 3622 ἄλλο
919 3589 971 3624 τι
1002 3573 1097 3624 καὶ
1133 3572 1207 3642 μὴ
1234 3574 1333 3643 τὴν
1366 3573 1602 3644 ὕπαρξιν
1623 3574 1717 3626 τοῦ
1748 3573 1885 3637 ζωο-

306 3658 465 3711 ποιοῦ
516 3660 1220 3732 Πνεύματος;Φραζόντων
1271 3666 1406 3735 ἡμῖν
1454 3665 1503 3717 οἱ
1543 3663 1883 3734 φθέγγεσθαι

303 3750 375 3802 τὰ
416 3750 595 3803 πάντα
627 3752 799 3823 ῥᾴδιοι
853 3755 946 3806 καὶ
1000 3756 1186 3823 ταχεῖς
1221 3755 1312 3807 τόν
1346 3772 1407 3808 τε
1467 3755 1770 3826 διορισμὸν,
1810 3755 1886 3816 ὡς

308 3843 473 3910 ἔφην,
505 3844 601 3897 καὶ
631 3846 724 3897 τὸν
751 3845 921 3910 αὑτὰς
948 3846 1324 3916 ἀποτάξαντα,
1355 3848 1493 3901 κάπὶ
1523 3847 1737 3908 τούτοις
1766 3846 1887 3917 μετ’

310 3933 496 3998 αἰδοῦς
547 3937 904 4001 συσταλέντες
956 3940 1121 4007 ἡμεῖς
1169 3939 1378 4005 τέλεον,
1420 3938 1674 4009 καθάπερ
1715 3937 1884 4004 είκδς,

313 4028 689 4097 σιωπήσομεν.
726 4028 875 4091 "Em;
927 4029 973 4083 δ’
1020 4028 1086 4083 ἂν
1126 4029 1199 4101 μὴ
1250 4030 1359 4083 τῶν
1402 4030 1663 4083 τοιούτων
1719 4030 1885 4100 ἔχωσι

309 4117 496 4185 λέγειν
525 4119 711 4186 μηδὲν,
736 4120 934 4187 μᾶλλον
962 4120 1114 4173 αὐτοὶ
1134 4122 1469 4190 πεδήσαντες
1491 4121 1586 4184 τὰς
1609 4121 1886 4189 γλώσσας,

314 4208 653 4273 σιγάτωσαν.
678 4210 849 4278 Δῆλον
874 4210 969 4262 ναὶ
998 4210 1108 4278 γὰρ
1136 4212 1215 4263 ὅτι
1250 4211 1373 4264 καθ’
1395 4213 1454 4264 ὃν
1483 4212 1640 4279 λόγον
1673 4214 1885 4282 ἐκλαμ-

310 4299 572 4352 ϐάνεσθαι
593 4302 798 4364 ταύτας
829 4300 1024 4371 χρεὼν,
1061 4307 1197 4356 κατὰ
1225 4304 1412 4355 τοῦτον
1445 4303 1762 4373 ἐκδέχεσθαι
1791 4306 1889 4358 κά-

313 4393 500 4456 κείνας
530 4395 807 4464 προσφυὲς
859 4397 953 4449 καὶ
1013 4396 1370 4463 κατάλληλον,
1426 4396 1514 4450 διὰ
1571 4394 1633 4448 τὸ
1664 4396 1759 4448 καὶ
1788 4396 1889 4460 τὰς

1977 2022 2269 2091 prudentia
2323 2022 2739 2076 commendatus
2809 2019 3027 2072 auditor
3085 2018 3412 2086 dignoscet,
3484 2032 3547 2068 ca

1978 2131 2198 2185 quoque
2223 2116 2392 2181 dicta,
2420 2129 2543 2181 quae
2585 2129 2653 2167 ex
2680 2113 2920 2166 essentia
2971 2108 3092 2163 Filii
3125 2109 3391 2178 Spiritum
3422 2123 3550 2162 sau-

1979 2213 2150 2267 ctum,
2202 2204 2254 2256 et
2297 2218 2360 2256 ex
2410 2201 2547 2256 Filio
2594 2202 2859 2255 exsistere
2898 2198 3222 2252 naturaliter
3275 2208 3552 2261 asserunt,

1979 2293 2360 2349 exsistentiam
2417 2290 2659 2362 Spiritus
2711 2291 3000 2345 denotare.
3058 2286 3273 2343 Etenim
3328 2288 3377 2343 si
3438 2289 3553 2343 haec

1978 2384 2354 2441 exsistentiam
2390 2382 2630 2453 Spiritus
2669 2392 2725 2437 et
2747 2381 2868 2436 Filii
2899 2382 3034 2435 citra
3061 2381 3225 2434 ullam
3253 2378 3556 2435 haesitatio-

1978 2491 2103 2530 nem
2157 2475 2421 2539 indicant.
2467 2483 2522 2529 et
2577 2475 2682 2528 hoc
2731 2490 2833 2527 una
2887 2489 3098 2527 mecum
3138 2488 3327 2527 omnes
3373 2473 3550 2543 palam

1980 2569 2241 2632 fatentur,
2291 2575 2347 2621 et
2404 2580 2564 2619 nemo
2612 2566 2756 2620 ullus
2819 2572 2921 2631 est,
2976 2565 3067 2634 qui
3125 2564 3206 2618 vel
3266 2564 3550 2616 minimum

1981 2657 2359 2713 contradicere
2408 2656 2847 2726 prtesumpserit,
2905 2671 3132 2726 prorsus
3192 2655 3283 2709 illa
3335 2668 3555 2724 quoque

1982 2751 2154 2805 divini
2183 2757 2238 2804 et
2275 2748 2545 2804 adorandi
2580 2747 2823 2818 Spiritus
2848 2747 3223 2802 exsistentiam
3272 2745 3555 2815 signiﬁca-

1984 2840 2142 2895 bunt.
2175 2841 2284 2893 Aut
2314 2840 2438 2910 quis
2463 2854 2707 2908 unquam
2738 2839 2939 2907 capiet,
2968 2839 3034 2892 ad
3066 2853 3361 2908 quemnam
3405 2836 3559 2891 attri-

1985 2933 2138 2987 butio
2168 2931 2465 3002 pertineat,
2503 2932 2651 3000 quod
2680 2930 2797 2987 haec
2828 2931 3048 3000 quidem
3079 2930 3201 2984 Filii
3227 2940 3280 2984 ct
3317 2930 3556 2999 Spiritus

1986 3024 2391 3089 exsistentiam,
2442 3023 2532 3077 illa
2588 3038 2722 3078 vero
2767 3022 3047 3093 quidpiam
3112 3023 3284 3086 aliud,
3338 3031 3393 3076 et
3449 3038 3556 3076 non

1985 3116 2223 3185 Spiritus
2277 3115 2658 3169 exsistent’iam
2729 3115 2986 3185 signent?
3036 3114 3139 3180 Qui
3194 3113 3380 3168 faciles
3422 3125 3551 3168 sunt.

1990 3208 2256 3278 pronique
2310 3206 2497 3261 omnia
2550 3205 2829 3261 funditare
2876 3221 2941 3261 ac
2986 3207 3258 3276 proloqui,
3305 3206 3560 3278 aperiant

1991 3299 2149 3356 nobis
2185 3309 2300 3354 tum
2348 3298 2668 3361 discrimen,
2715 3308 2828 3351 tum
2879 3308 3156 3352 auctorem
3191 3297 3551 3361 discriminis,

1990 3399 2044 3446 et
2077 3405 2177 3445 nos
2213 3389 2543 3444 verecundia
2589 3390 2803 3444 tandem
2860 3390 3079 3444 coerciti
3122 3390 3188 3442 de
3225 3389 3343 3444 istis
3393 3390 3557 3443 rebus

1992 3499 2302 3540 sermonem
2372 3481 2775 3538 abstinebimus
2825 3484 3056 3539 :douec
3111 3498 3240 3538 vero
3294 3483 3362 3538 dc
3418 3481 3565 3535 hisce

1992 3576 2129 3630 nihil
2163 3575 2367 3629 habent
2391 3574 2538 3643 quod
2569 3573 2781 3638 dicant,
2825 3574 2929 3644 ipsi
2966 3574 3150 3643 potius
3188 3589 3250 3627 os
3276 3573 3567 3627 obstruen-

1990 3678 2073 3724 tes
2105 3683 2264 3723 suum
2305 3667 2620 3721 cnnticeant
2652 3684 2666 3721 :
2701 3665 3053 3721 manifestum
3091 3666 3291 3719 etenim
3331 3674 3436 3728 est,
3473 3681 3563 3718 ra-

1990 3758 2138 3814 tione
2169 3773 2278 3827 qua
2318 3757 2424 3813 ista
2450 3756 2762 3827 accipienda
2794 3765 2944 3822 sunt,
2978 3757 3168 3811 eadem
3205 3768 3261 3811 et
3296 3758 3385 3811 illa
3412 3757 3560 3811 acci-

1988 3863 2117 3917 pere
2179 3858 2366 3917 aptum
2421 3855 2476 3902 et
2536 3860 2839 3916 congruum
2902 3860 3066 3909 esse,
3119 3846 3263 3915 quod
3335 3855 3567 3916 utraque

1990 3941 2183 3995 iisdem
2221 3940 2557 3996 dictionibus
2598 3949 2826 4010 excepta
2876 3941 3256 3993 tantummodo
3306 3953 3570 4008 persona-

1992 4047 2116 4086 rum
2143 4031 2449 4087 dill'ereutia
2475 4031 2896 4102 complicentur.
2928 4032 3104 4097 Quare
3133 4045 3257 4085 cum
3287 4047 3381 4100 per
3401 4030 3568 4086 hasce

1988 4123 2112 4178 Filii
2137 4132 2192 4178 ct
2225 4121 2485 4194 Spiritus,
2517 4124 2733 4179 nemine
2750 4125 3118 4192 discrepante,
3150 4122 3474 4178 exsiSIeutia
3499 4138 3567 4176 cx

1990 4215 2153 4269 Patre
2206 4223 2450 4276 notatur,
2481 4228 2578 4282 per
2624 4212 2746 4267 illas
2792 4228 3010 4282 quoquc
3049 4213 3218 4267 divini
3267 4211 3563 4267 adorandi»
3614 4256 3621 4261 .

1991 4322 2099 4376 que
2151 4303 2394 4375 Spiritus
2447 4304 2623 4359 modis
2657 4305 2913 4360 omnibus
2962 4320 3028 4358 ex
3077 4303 3216 4358 Filio
3251 4304 3569 4360 exsistentia

1991 4397 2171 4452 indica
2181 4408 2288 4452 tur.

310 4485 583 4555 ἑκατέρας
634 4489 747 4549 ταῖς
806 4486 1001 4549 αὑταῖς
1056 4488 1292 4559 χρῆσθαι
1354 4490 1559 4557 φωναῖς
1625 4488 1723 4558 τῆς
1770 4488 1881 4540 τῶν
1950 4488 2265 4560 προσώπων
2336 4489 2605 4561 διαφορᾶς
2654 4490 2749 4542 καὶ
2801 4490 2972 4561 μόνης
3030 4490 3358 4545 ἀπάνευθεν.
3417 4492 3571 4546 "011‘

310 4582 434 4631 ἐπεὶ
466 4579 552 4632 διὰ
581 4564 838 4650 ἕούτωνή
870 4578 962 4631 τοῦ
992 4579 1124 4632 Υἱοῦ
1191 4578 1442 4650 δηλοῦται
1501 4581 1597 4634 καὶ
1658 4578 1752 4632 106
1819 4580 2136 4650 Πνεύματος
2187 4582 2600 4652 ἀναντιρῤήτως
2680 4579 2920 4650 ὓπαρξις
2973 4583 3037 4634 ὲκ
3086 4583 3322 4656 Πατρδς,
3361 4585 3455 4637 καὶ
3501 4579 3569 4635 δι’

310 4675 535 4730 ἐκείνων
567 4675 599 4744 ή
635 4673 727 4728 τοῦ
780 4676 1159 4744 προσκυνητοῦ
1213 4678 1305 4728 καὶ
1363 4675 1511 4728 θείου
1567 4676 1884 4747 Πνεύματος
1921 4675 1987 4729 ὲκ
2010 4674 2105 4729 τοῦ
2141 4674 2275 4729 Υίοῦ
2308 4676 2635 4746 σημαίνεται
2663 4677 2882 4739 πάντως
2918 4674 3175 4747 ὖπαρξις.

386 4771 469 4824 ιδ’.
501 4772 644 4839 Πρὸς
698 4769 911 4830 τούτοις
951 4768 1000 4820 εί
1053 4767 1272 4835 λέγουσι
1328 4769 1421 4820 καὶ
1459 4767 1541 4820 ἔτι
1571 4768 1658 4821 διὰ
1708 4769 1771 4820 τὺ
1799 4765 1890 4818 106

2069 4767 2157 4821 14.
2199 4765 2278 4821 Ad
2317 4765 2435 4822 hanc
2480 4767 2526 4822 si
2572 4768 2758 4823 dicant
2785 4770 3037 4832 ulterius,
3074 4781 3296 4842 propter
3329 4772 3571 4844 Spiritus

314 4863 631 4932 ιινεύματος
660 4860 796 4933 πρὸς
829 4861 922 4913 τὸν
952 4858 1077 4910 Υίδν
1098 4857 1386 4928 ὀμοούσιον
1416 4861 1507 4911 καὶ
1552 4859 1796 4929 ὁμοφυὲς
1827 4858 1891 4910 ἐκ

309 4958 414 5027 τῆς
446 4957 637 5018 οὐσίας
666 4956 761 5007 καὶ
805 4952 906 5022 τῆς
953 4951 1172 5020 φύσεως
1221 4950 1316 5003 τοῦ
1367 4951 1711 5020 Μονογενοῦς
1743 4951 1896 5020 εἰρῆ-

314 5049 465 5119 σθαι,
495 5049 589 5101 καὶ
615 5048 674 5098 οὐ
703 5047 771 5098 δι’
808 5046 995 5117 ἕτερον
1039 5045 1100 5098 τὸ
1135 5043 1360 5114 Πνεῦμα
1403 5043 1463 5094 τὸ
1488 5043 1661 5111 ,ἄτιον
1687 5060 1701 5074 ο
1756 5046 1888 5115 παρ’

312 5140 474 5211 ἡμῶν
505 5140 857 5192 ἁκουέτωσαν
899 5137 984 5190 ὅτι
1030 5136 1171 5191 κατὰ
1215 5135 1313 5206 τὴν
1347 5136 1534 5193 αὐτοῖς
1589 5138 1901 5207 νοουμένην.

314 5230 501 5292 ἁπλῶς
550 5229 822 5299 ὁμοφυῖαν
881 5229 975 5281 καὶ⁹
1027 5227 1430 5297 ὁμοουσιότητα
1503 5225 1600 5279 καὶ
1697 5228 1726 5279 ὁ
1764 5226 1891 5290 Tit;

313 5321 601 5392 ὁμοούσιός
636 5324 753 5373 ἐστι
786 5318 864 5390 τῷ
911 5319 1190 5388 Πνεύματι
1248 5320 1342 5371 καὶ
1400 5317 1667 5389 ὁμοφυὴς,
1701 5315 1892 5385 ὥσπερ

312 5416 424 5485 ἄρα
455 5415 534 5484 τῷ
555 5411 671 5485 Υἱῷ
699 5412 760 5466 τὸ
782 5409 1007 5482 Πνεῦμα
1028 5411 1088 5464 τὸ
1118 5413 1295 5479 ἆγιον.
1332 5411 1551 5481 Ἐπειδὴ
1587 5413 1767 5465 τοίνυν
1798 5413 1895 5464 καὶ

311 5510 340 5562 ό
376 5507 504 5569 Tib;
542 5506 828 5576 ὁμοούσιός
879 5506 995 5559 ἐστι
1039 5504 1120 5576 τῷ
1164 5505 1447 5577 Πνεύματι
1504 5506 1602 5557 καὶ
1643 5506 1892 5575 ὁμοφυὴς

314 5600 472 5668 (δλως
502 5599 612 5669 γὰρ
652 5596 888 5651 ἐνταῦθα
916 5597 1159 5669 παρίημι
1190 5598 1322 5663 περὶ
1371 5595 1466 5650 τοῦ
1510 5596 1724 5667 Πατρὸς
1772 5597 1890 5663 ἐξε-

313 5691 527 5754 τάζειν,
558 5690 631 5760 μὴ
666 5692 759 5743 καὶ
788 5690 1045 5762 περιττὸς
1070 5689 1332 5760 δόξαιμι),
1389 5688 1509 5751 πῶς
1555 5689 1656 5743 οὐκ
1687 5690 1890 5761 appear;

314 5784 424 5836 τινὶ
465 5781 572 5835 τῶν
600 5783 774 5851 ἁγίων
811 5783 905 5834 καὶ
963 5784 991 5835 ὁ
1022 5781 1149 5845 Υἱὸς
1184 5784 1246 5835 ἐκ
1276 5783 1373 5851 τῆς
1426 5782 1640 5849 φύσεως
1673 5782 1768 5835 καὶ⁸
1792 5783 1893 5850 τῆς

317 5876 505 5939 οὖῖίας
537 5875 630 5928 τοῦ
665 5873 1012 5939 Πνεύςιατος;
1051 5873 1273 5939 Πάντως
1300 5877 1347 5927 εἰ
1402 5875 1487 5928 διὰ
1523 5875 1617 5928 106
1643 5874 1894 5937 Πνεὺμκ-

2001 4877 2126 4933 erga
2159 4858 2198 4914 F
2206 4860 2354 4914 ilium
2389 4860 2860 4916 consubstantiale
2890 4865 3356 4935 cnnnaturaleque
3382 4881 3446 4921 ex
3482 4881 3575 4921 na-

2003 4962 2123 5007 tura
2172 4963 2227 5007 et
2272 4952 2513 5008 essentia
2560 4950 2861 5023 Unigeniti,
2907 4971 3008 5011 nec
3048 4957 3210 5010 aliain
3251 4960 3320 5012 ob
3353 4974 3575 5015 causam

2003 5042 2268 5114 Spiritum
2325 5054 2573 5099 sanctum
2607 5061 2727 5100 esse
2765 5049 3064 5117 prolatum,
3107 5050 3334 5104 audiant
3365 5066 3396 5105 a
3472 5068 3575 5107 no-

2002 5136 2119 5190 bis:
2179 5133 2409 5204 Propter
2452 5135 2595 5191 idem
2679 5141 3060 5194 connaturale
3101 5148 3264 5209 atque
3332 5143 3571 5195 consub-

2001 5228 2256 5283 stantiale
2284 5226 2456 5283 Filius
2488 5237 2573 5282 “est
2605 5230 3099 5284 c0ttsubstantialis
3125 5239 3180 5283 et
3206 5233 3578 5290 connaturalis

2001 5316 2226 5386 Spiritui
2274 5333 2431 5386 aeque
2490 5328 2654 5390 atque
2712 5320 2952 5390 Spiritus
3010 5327 3094 5375 est
3146 5317 3307 5376 Filio.
3346 5321 3577 5388 Quando

2002 5412 2179 5479 itaque
2203 5421 2257 5465 et
2282 5407 2452 5466 Filius
2469 5401 2953 5467 consubstantialis
2985 5414 3571 5486 estconnaturalisque
3645 5421 3653 5428 '

2004 5502 2263 5573 Spiritui,
2300 5502 2549 5577 (prorsus
2579 5505 2727 5560 enim
2761 5505 2848 5559 hic
2901 5504 2969 5557 de
3002 5503 3163 5560 Patre
3194 5507 3357 5560 verba
3398 5505 3578 5562 facere

2002 5605 2285 5665 praetereo,
2331 5614 2404 5653 ne
2453 5600 2674 5662 modum
2697 5595 2960 5651 excedete
2989 5596 3222 5667 videar),
3259 5613 3432 5667 quare
3465 5613 3576 5654 non

2002 5692 2071 5745 ab
2113 5690 2296 5762 aliquo
2323 5707 2388 5745 ex
2431 5690 2646 5759 sanctis
2681 5689 3023 5743 enuntiatum
3060 5697 3171 5755 est,
3208 5688 3410 5744 Filium
3441 5707 3578 5763 quo—

2006 5798 2114 5852 que
2146 5799 2267 5838 esse
2318 5799 2384 5838 ex
2429 5794 2621 5836 natura
2657 5791 2710 5836 et
2757 5784 2997 5839 essentia
3023 5782 3303 5855 Spiritus?
3336 5786 3579 5841 Omnino

2005 5862 2059 5930 Si.
2105 5886 2326 5937 Dl‘Optcr
2384 5874 2622 5934 Spiritus
2675 5891 2802 5936 erga
2858 5874 3053 5931 Filium
3101 5877 3569 5936 εοηειιιιδιτηιιῖηικ.
