3970 6408
459 380 593 447 ῙΞῚὸ
1489 389 1994 451 CONaTANTlNl

454 497 944 568 conuaturuleque,
985 515 1049 553 ex
1083 500 1323 555 essentia
1365 510 1421 555 et
1450 517 1645 555 natura
1679 502 1797 557 Filii
1841 502 2013 572 Spiri-
2047 508 2094 563 Α

455 596 545 643 tus
591 598 815 645 sanctus
861 600 1104 645 assertus
1163 599 1266 656 est,
1322 592 1608 661 oportebat
1662 593 1895 662 aliquem
1949 609 2013 648 ex

455 678 707 734 Fatribus
753 680 825 733 ob
867 680 916 733 id
964 681 1139 748 ipsum
1175 681 1338 734 etiam
1387 679 1585 737 Filium
1623 699 1688 737 ex
1723 694 1915 739 natura
1967 694 2022 741 et

452 771 690 825 essentia
740 771 976 842 Spiritus
1034 789 1383 836 asseverare,
1445 789 1569 828 cum
1625 784 1678 828 et
1724 773 1892 831 Filius
1951 777 2023 831 sit

453 861 678 929 Spiritui
730 862 1213 919 consubstantialis
1269 872 1432 931 atque
1488 866 1887 921 counnturalis.
1947 868 2019 920 At

454 967 598 1005 initio
640 967 803 1007 nemo
828 970 891 1005 ex
929 954 1282 1024 divinlloquis
1330 954 1585 1009 Patribus
1629 972 1695 1010 ex
1736 966 1932 1013 natura
1967 966 2020 1011 et

450 1058 514 1095 ex
547 1043 785 1098 essentia
821 1044 1060 1114 Spiritus
1088 1045 1287 1101 Filium
1320 1061 1459 1111 esse,
1493 1047 1616 1101 licet
1663 1048 2021 1102 consubstan-

451 1134 631 1188 tialem
681 1143 736 1188 et
769 1138 1182 1192 counaturalem
1226 1138 1455 1209 Spiritui
1522 1139 1786 1194 asseruit.
1824 1138 2019 1208 Sequi-

451 1234 536 1277 tur
584 1240 714 1293 ergo
752 1241 933 1296 neque
985 1225 1245 1298 Spiritum
1282 1240 1533 1284 sanctum
1568 1244 1633 1284 ex
1683 1230 1916 1284 essentia
1967 1240 2021 1284 et

450 1327 642 1369 ιιριευτει
675 1315 797 1370 Filii
844 1318 1050 1372 dictum
1104 1318 1293 1383 fuisse,
1335 1320 1480 1390 quod
1517 1320 1889 1375 connaturalis
1947 1319 2019 1372 sit

449 1418 612 1475 atque
650 1409 1135 1465 consulistantialis
1177 1409 1337 1467 Filio.

521 1593 607 1648 15.
654 1594 723 1648 Ει
750 1607 910 1648 nemo
941 1593 1074 1647 milii
1108 1608 1173 1648 ex
1202 1592 1345 1657 istis,
1373 1592 1467 1661 qui
1493 1591 1680 1646 omnia
1707 1591 1936 1657 audent,
1966 1599 2021 1645 et

449 1687 502 1739 in
538 1685 812 1755 loquendo
848 1685 1004 1739 multi
1056 1693 1221 1753 atque
1268 1683 1434 1753 inepti
1482 1690 1608 1738 sunt
1646 1682 1714 1737 ad
1748 1696 2017 1737 summam

448 1776 883 1846 impudentiam,
940 1775 1179 1847 Spiritus
1242 1791 1371 1846 erga
1422 1774 1618 1829 Filium
1656 1772 2020 1829 consubstan-

449 1867 576 1921 tiale
653 1866 1126 1938 connaturaleque
1188 1882 1409 1922 causam
1443 1868 1642 1933 {,esse,
1715 1864 1785 1918 ob
1853 1879 2015 1933 quam
2054 1843 2093 1898 Β

449 1959 688 2029 Spiritus
732 1962 956 2014 sanctus
983 1974 1049 2014 ex
1097 1958 1337 2015 essentia
1385 1966 1440 2013 et
1472 1966 1666 2012 natura
1701 1956 1823 2011 Filii
1854 1955 2017 2011 dictis

447 2052 717 2107 similibus
762 2052 1001 2114 dicatur,
1030 2053 1412 2105 demonstrare
1442 2051 1693 2113 studens,
1744 2047 2016 2116 intrepide

449 2154 743 2212 praesumat
795 2161 860 2200 ex
906 2144 1142 2214 prapriis
1187 2141 1495 2208 ostendere,
1544 2141 1740 2196 Filium
1793 2155 2013 2211 quoque

447 2254 516 2292 ex
540 2237 776 2293 essentia
804 2244 858 2292 et
892 2243 1086 2293 natura
1118 2236 1358 2306 Spiritus
1398 2246 1539 2301 esse,
1571 2233 1707 2289 nihil
1745 2234 2010 2302 impedire

448 2330 805 2396 contendens,
845 2327 1079 2383 Verbum
1125 2328 1270 2398 quod
1305 2326 1549 2398 ejusdem
1589 2334 1798 2385 natura:
1824 2332 1879 2379 et
1925 2340 2015 2378 es-

447 2421 636 2476 sentia:
660 2429 748 2477 est
775 2435 897 2475 cum
937 2420 1170 2489 Spiritu,
1202 2435 1267 2474 ex
1299 2421 1535 2475 essentia
1583 2426 1636 2471 et
1666 2426 1857 2471 natura
1891 2414 2016 2485 Spi-

446 2515 590 2571 ritus
619 2514 747 2582 dici,
785 2514 929 2585 quod
976 2514 1044 2569 ab
1081 2528 1192 2567 uno
1233 2526 1297 2567 ex
1345 2512 1495 2567 hisce
1540 2509 1721 2564 audivi
1765 2522 2019 2562 nonnun-

449 2625 612 2677 quam
641 2607 900 2664 audacter
935 2604 1063 2662 dioi.
1108 2606 1181 2662 Ut
1225 2604 1389 2675 igitur
1435 2603 1489 2659 in
1541 2610 1841 2673 posterum,
1897 2613 2017 2670 qua:

449 2699 654 2754 deforis
699 2698 966 2755 accedunt
998 2685 1272 2752 memerita
1304 2702 1715 2765 prmterenntes,
1762 2691 2008 2763 ipsorum

449 2791 889 2845 adversariorum
954 2798 1192 2843 mentem
1249 2786 1413 2842 istinc
1474 2784 1803 2845 refutemus,
1865 2783 2012 2837 aliud

452 2891 538 2936 cst
607 2880 853 2950 ejusdem
909 2879 1165 2935 essentia:
1236 2886 1292 2932 et
1347 2886 1555 2931 natum
1601 2875 1763 2930 alicui
1827 2889 2019 2943 prove-

453 2975 573 3029 nire
607 3012 624 3040 ,
698 2971 1165 3029 consubstantiale
1225 2970 1433 3026 scilicet
1495 2977 1547 3024 et
1597 2967 1891 3030 naturale,
1967 2974 2020 3019 et

452 3065 600 3120 aliud
651 3080 716 3119 ex
753 3064 991 3119 essentia
1051 3071 1105 3116 et
1135 3070 1329 3116 natura
1375 3073 1497 3115 esse
1544 3059 1779 3128 alicujus
1812 3055 2015 3125 aliquid

453 3155 819 3211 naturaliter:
851 3169 975 3209 nam
1033 3150 1502 3209 consubstantiale
1555 3157 1611 3208 et
1661 3146 2020 3203 connaturale
2048 3183 2092 3239 ε

455 3249 639 3313 latius,
686 3246 832 3321 quod
862 3262 993 3302 vero
1023 3254 1108 3301 est
1135 3261 1203 3299 ex
1249 3243 1488 3300 essentia
1519 3249 1573 3297 et
1614 3248 1809 3299 natura
1840 3238 2024 3293 minus

449 3340 782 3396 extenditur.
834 3338 1199 3411 Quapropter.
1254 3345 1312 3388 ut
1370 3347 1553 3389 rerum
1610 3331 1801 3385 taliqu
1860 3327 2022 3398 periti

452 3436 768 3495 ubservant,
806 3430 908 3483 boc
940 3429 1158 3497 quidem
1196 3423 1430 3489 confert,
1472 3423 1604 3477 illud
1643 3432 1793 3484 vero,
1830 3430 1888 3474 ut
1921 3420 2022 3488 ipsi

456 3524 902 3591 pliilOSOphautes
961 3518 1207 3581 tradunt,
1265 3514 1572 3571 confertur.
1630 3511 1841 3568 Rursus
1896 3513 2024 3565 sub-

455 3615 710 3670 stantiale
762 3622 815 3668 et
878 3609 1234 3667 connaturale
1280 3607 1446 3662 simul
1499 3606 1566 3661 de
1633 3604 1813 3660 medio
1861 3604 2024 3667 tollit,

451 3708 599 3777 quod
629 3719 796 3778 porro
840 3720 907 3760 ex
938 3713 1132 3758 natura
1177 3711 1231 3755 et
1261 3698 1497 3758 essentia
1534 3707 1618 3753 est
1648 3711 1756 3750 una
1793 3695 2021 3751 tollitur.

454 3799 742 3867 Quomodo
777 3813 904 3853 vero
933 3798 1048 3851 bare
1081 3809 1139 3850 se
1167 3792 1423 3856 habeant,
1458 3789 1545 3845 cui
1583 3789 1797 3843 libitum
1834 3796 1943 3848 est.
1973 3787 2024 3841 id

455 3889 739 3944 addiscere
764 3887 984 3957 poterit,
1013 3884 1059 3941 si
1088 3889 1345 3939 accurate
1374 3878 1809 3949 unumquodque
1842 3876 2027 3932 consi-

453 3980 746 4035 deraverit.
778 3975 1027 4046 Namque
1070 3976 1116 4031 si
1164 3975 1320 4033 abest
1364 3971 1726 4030 connaturale
1773 3983 1839 4025 ac
1886 3982 2025 4025 con-

455 4071 851 4135 substantiale,
906 4082 1083 4139 neque
1134 4067 1265 4122 illud
1317 4081 1384 4122 ex
1428 4065 1670 4121 essentia
1719 4072 1774 4118 et
1830 4071 2024 4116 natura

456 4164 658 4227 tuerit;
698 4163 800 4215 hoc
829 4173 990 4229 porro
1035 4157 1082 4213 si
1119 4159 1177 4212 in
1216 4158 1546 4229 quibusdam
1585 4172 1694 4212 non
1726 4155 2025 4219 exstiterit.

438 4254 585 4309 'nlud
631 4252 957 4323 quandoque
997 4249 1112 4304 ﬁeri
1173 4258 1349 4318 potest
1398 4259 1456 4303 ut
1498 4249 1614 4303 sit:
1675 4255 1728 4302 et
1764 4244 2027 4317 quidquid

455 4352 537 4397 a-st
565 4356 628 4395 ex
681 4351 876 4395 natura
906 4349 960 4394 et
1004 4339 1242 4393 essentia
1276 4338 1510 4408 alicujus
1541 4337 1884 4400 naturaliter,
1928 4351 2029 4390 ue-

454 4450 611 4490 ccsse
645 4442 728 4490 est
775 4432 850 4487 illi
912 4442 964 4486 et
1027 4429 1501 4489 consubstantiale
1552 4438 1607 4484 et
1660 4427 2026 4487 connaturale

452 4545 597 4586 esse.
655 4529 712 4583 Si
759 4526 892 4599 quid
948 4537 1130 4582 autem
1191 4540 1384 4581 rursus
1433 4524 1901 4583 eonsubstantiale
1939 4531 2025 4580 est
2059 4509 2107 4568 ί)

457 4621 618 4676 ιιιίουὶ
646 4631 701 4675 et
729 4617 1104 4683 counaturale,
1138 4632 1246 4672 non
1274 4625 1359 4674 est
1387 4631 1612 4673 necesse
1641 4618 1771 4671 illud
1802 4632 1925 4677 esse
1963 4631 2028 4670 ex

456 4712 699 4768 essentia
728 4709 872 4764 illius
910 4717 964 4764 et
998 4723 1212 4765 natura.
1254 4710 1335 4764 Ex
1366 4709 1603 4765 essentia
1648 4706 1818 4778 igitur
1850 4717 1905 4763 et
1935 4722 2032 4762 na-

457 4818 580 4860 tura
609 4802 731 4859 Filii
781 4802 1024 4872 Spiritus
1050 4810 1277 4857 sanctus
1309 4816 1432 4856 cum
1472 4801 1569 4867 sit,
1605 4800 1920 4867 necessario
1949 4799 2031 4854 illi

457 4908 513 4951 γι
548 4895 923 4951 eonnatnralis
965 4895 1183 4950 exsistit
1234 4901 1289 4949 et
1322 4891 1828 4951 consubstantialis.
1862 4891 2034 4945 Filius

462 5005 591 5045 vero
617 4987 1104 5044 consubstantialis
1123 4985 1397 5041 exsistens
1426 4983 1650 5053 Spiritui
1683 4991 1738 5037 et
1761 4991 2034 5037 connattr-

465 5082 615 5148 ralis,
651 5096 759 5137 non
790 5080 916 5134 item
955 5094 1022 5133 ex
1059 5085 1253 5132 natura
1292 5076 1442 5131 illius
1476 5083 1532 5129 et
1560 5075 1801 5131 essentia
1846 5072 2033 5130 fuerit.

462 5176 554 5229 Sin
595 5175 798 5239 minus,
861 5173 969 5227 erit
1022 5184 1240 5240 quoque
1303 5168 1460 5223 Pater
1514 5168 1657 5238 quod
1710 5167 2036 5237 primarium

457 5255 795 5338 principium
833 5278 937 5331 est,
972 5281 1038 5320 ex
1069 5261 1311 5319 essentia
1339 5270 1394 5316 et
1439 5271 1634 5339 natpra
1660 5261 1787 5315 Filii
1827 5270 1882 5315 et
1913 5259 2038 5329 Spi-

465 5363 625 5425 ritus,
657 5378 780 5415 cum
809 5355 1295 5415 consubstantialis
1323 5354 1431 5409 illis
1458 5354 1529 5408 sit
1555 5362 1609 5408 et
1635 5354 2035 5417 connaturalis,

467 5468 580 5523 quo
631 5467 859 5523 prorsus
910 5467 976 5505 an
1031 5449 1205 5519 pejus,
1260 5462 1329 5501 an
1378 5446 1672 5500 absurdius
1709 5445 2041 5512 echgitabi-

468 5543 594 5597 tur?
646 5544 753 5597 Sed
806 5539 1159 5595 manifestum
1213 5546 1318 5604 est,
1369 5535 1587 5591 Patrem
1636 5550 1755 5591 esse
1805 5536 2042 5590 consub-

474 5634 785 5690 stantialem
816 5632 958 5688 Filio
994 5641 1048 5686 ct
1083 5629 1332 5701 Spiritui,
1362 5626 1509 5698 quod
1555 5626 1800 5696 possidet
1844 5626 2041 5681 Filium

469 5735 523 5778 et
557 5722 823 5791 Spiritum
859 5739 927 5777 ex
958 5738 1057 5778 sua
1091 5722 1332 5777 essentia
1367 5728 1422 5775 et
1460 5730 1676 5774 natura.
1713 5719 1882 5775 Filius
1915 5736 2042 5776 vero

472 5827 518 5873 ct
555 5817 789 5887 Spiritus
822 5826 1042 5871 sanctus
1093 5813 1583 5875 consubstantiales
1628 5826 1677 5874 et
1710 5825 2044 5867 conﬂatum-

2072 392 2584 459 iELlTENIOTli

3533 404 3554 467 1
3566 405 3643 469 1'16

2120 523 2213 571 τος
2277 512 2412 579 πρὶς
2452 512 2543 563 τὸν
2594 512 2725 565 Υίόν
2772 514 3057 583 ἑιιοούσιον
3100 514 3193 567 καὶ
3236 516 3459 583 ὁμοφυὲς
3484 518 3538 570 ἑκ
3565 519 3645 589 τῆς

2123 601 2309 660 οὐσίας
2342 604 2438 655 καὶ
2470 607 2570 672 τῆς
2616 603 2829 672 φύσεως
2858 605 3053 675 ἐλέχθη
3087 605 3182 658 τοῦ
3214 606 3343 658 Υἱοῦ
3372 606 3427 658 τὸ
3453 608 3646 677 Πνεῦμα

2122 689 2182 741 τὸ
2221 690 2393 757 ἀγιον,
2431 692 2537 745 ἔδει
2572 694 2689 746 τινὰ
2722 694 2831 747 τῶν
2862 694 3128 764 Πατέρων
3174 695 3296 748 κατ’
3348 696 3472 749 αὐτὸ
3509 698 3649 753 τοῦτο

2124 785 2220 837 xal.
2258 784 2348 837 τὸν
2382 785 2511 838 Υίὸν
2540 787 2605 839 ὲκ
2640 788 2741 857 τῆς
2776 788 2994 857 φύσεως
3029 789 3207 842 εἰπεῖν
3240 790 3328 841 καὶ
3359 789 3450 858 τῆς
3488 791 3651 853 οὐσίας

2121 873 2214 927 τοῦ
2245 874 2562 943 Πνεύματος
2586 894 2600 909 '
2633 878 2713 930 ὅτι
2745 879 2836 931 καὶ
2875 879 2902 930 ὁ
2950 877 3077 940 Υἱὸς
3120 878 3397 944 ὁμοούσιός
3441 881 3544 933 ἐστι
3588 879 3655 945 τῷ

2123 967 2400 1036 Πνεῦμα-τι
2428 969 2521 1022 καὶ
2556 971 2823 1040 ὀμοφυής.
2849 969 2962 1021 Νῦν
2987 968 3043 1021 δὲ
3073 969 3261 1021 τοῦτον
3285 970 3453 1032 οὐδεὶς
3480 971 3653 1038 ἐφθέγ-

2125 1056 2252 1120 ξατο
2278 1058 2388 1111 τῶν
2420 1060 2699 1130 θεηγὸρων
2728 1058 2935 1131 ἀνδρῶν
2972 1060 3037 1110 ἐκ
3094 1058 3193 1125 τῆς
3224 1059 3434 1125 φύσεως
3458 1060 3544 1113 καὶ
3569 1061 3655 1130 τῆς

2122 1149 2310 1212 οὐσίας
2341 1149 2437 1202 τοῦ
2477 1152 2819 1218 Πνεῦματος,
2871 1149 3083 1219 καίπερ
3112 1152 3392 1216 ὁμοούσιον
3418 1149 3547 1212 ,ὄντα
3585 1150 3655 1219 τῷ

2125 1240 2406 1311 Πνεύματι
2437 1244 2531 1295 καὶ
2584 1240 2822 1311 ὀμοφυῆ.
2865 1239 3068 1294 Λοιπὸν
3098 1240 3218 1292 οὐδὲ
3260 1239 3320 1291 τὸ
3355 1240 3563 1308 Πνεῦμα
3604 1240 3660 1295 τδ

2123 1330 2277 1399 ἅγιον
2311 1332 2376 1385 ἐκ
2412 1334 2512 1403 τῆς
2537 1333 2724 1395 οὐσίας
2752 1332 2978 1402 εἴρηται
3028 1332 3124 1384 τοῦ
3166 1330 3293 1384 Υἱοῦ
3338 1332 3427 1384 καὶ
3454 1332 3542 1399 τῆς
3576 1332 3656 1398 ipti—

2126 1438 2286 1485 σεως,
2318 1421 2620 1494 καθότιπερ
2645 1423 2887 1492 ὀμοφυὲς
2914 1422 3079 1475 τοῦτο
3106 1423 3203 1475 καὶ
3232 1420 3509 1490 ὁμοούσιόν
3532 1422 3646 1474 ἐστι.

2123 1512 2296 1580 αὐτῷ.

2196 1609 2276 1658 ια’.
2318 1604 2429 1658 Καὶ
2466 1604 2540 1674 μή
2578 1603 2667 1672 μοί
2708 1620 2792 1667 τις
2832 1602 2941 1655 τῶν
2986 1601 3243 1672 θρασέων
3289 1600 3656 1671 ἀπερεύγεσθαι

2122 1692 2191 1747 τὰ
2224 1693 2402 1746 πάντα
2432 1694 2526 1746 καὶ
2551 1692 2868 1763 τολμηρῶν,
2896 1693 3103 1747 ἐθέλων
3130 1693 3194 1746 τὸ
3246 1693 3341 1747 τοῦ
3374 1693 3656 1763 Πνεύματος

2126 1783 2259 1852 πρὸς
2292 1784 2384 1837 τὸν
2407 1783 2533 1836 Υίδν
2557 1783 2849 1853 ὁμοούσιον
2876 1788 2971 1837 καὶ
2997 1784 3243 1853 ὐμοφυὲς
3266 1785 3659 1846 κατασκευάζειν

2127 1874 2418 1944 παραίτιον
2464 1873 2559 1927 τοῦ
2592 1872 2654 1927 τὸ
2689 1873 2918 1944 Πνεῦμα
2970 1875 3032 1928 τὸ
3072 1875 3234 1943 ἅγιον
3264 1878 3328 1930 ἐκ
3368 1876 3464 1945 τῆς
3502 1876 3658 1938 οὐσίας

2124 1967 2347 2035 καὶτῆς
2399 1967 2620 2035 φύσεως
2648 1967 2736 2020 διὰ
2786 1968 2894 2023 τῶν
2945 1969 3130 2039 ῥητῶν
3173 1971 3381 2023 τούτων
3434 1970 3659 2036 λέγεσθαι

2123 2060 2217 2112 τοῦ
2247 2059 2395 2123 Υἱοῦ,
2429 2059 2701 2114 δεικνύειν
2730 2058 2946 2113 οἴκοθεν
2976 2060 3150 2123 ἀδεῶς
3212 2061 3549 2132 ἐπιχειρείτω
3580 2064 3659 2115 καὶ

2123 2153 2213 2206 τὸν
2245 2152 2375 2205 Υἱδν
2414 2152 2478 2203 ὲκ
2516 2152 2615 2221 τῆς
2645 2152 2862 2220 φύσεως
2895 2153 2991 2205 καὶ
3022 2154 3120 2220 τῆς
3171 2154 3362 2215 οὐσίας
3401 2151 3491 2206 τοῦ
3524 2151 3663 2204 Πνεύ-

2128 2246 2390 2317 ματος,Τί
2412 2243 2628 2307 κωλύει,
2656 2236 3080 2313 διατεινόμενος,
3102 2244 3196 2296 τὸν
3220 2245 3318 2314 τῆς
3339 2244 3497 2312 αὐτῆς
3508 2242 3662 2306 οὐσίας

2125 2338 2219 2391 καὶ
2237 2337 2450 2404 φύσεως
2482 2337 2559 2405 τῷ
2593 2336 2873 2407 Πνεῦματι
2905 2338 3079 2405 Λόγον
3105 2338 3172 2389 ἐκ
3202 2340 3300 2408 τῆς
3328 2337 3419 2389 τοῦ
3449 2335 3663 2402 Πνεῦμα-

2124 2446 2216 2491 τος
2260 2414 2462 2490 οὐσίας’
2481 2427 2577 2481 καὶ
2609 2427 2823 2495 φύσεως
2850 2424 3029 2495 λέγειν
3056 2427 3226 2481 αὐτόν
3255 2446 3267 2493 ;
3294 2429 3427 2498 ὅπερ
3476 2426 3659 2496 ἀκήκοα

2126 2540 2267 2585 τινος
2302 2522 2407 2574 τῶν
2439 2520 2698 2577 τοιούτων
2725 2523 2818 2574 καὶ
2852 2521 3041 2575 ἄλλοτε
3066 2522 3357 2590 προπετῶς
3377 2521 3659 2590 φάσκοντος.

2129 2614 2245 2666 Ἵνα
2281 2613 2390 2684 γὰρ
2416 2612 2746 2665 τοαποτοῦδε
2777 2613 2875 2682 τὴν
2927 2613 3036 2665 ἀπὸ
3067 2613 3181 2667 τῶν
3232 2612 3431 2677 ἔξωθεν
3463 2610 3663 2681 παραλι-

2125 2705 2320 2769 πόντες
2371 2705 2523 2774 ἰσχὺν
2573 2705 2754 2757 αὐτῶν
2786 2704 2897 2759 τῶν
2948 2704 3371 2771 ἀνθισταμένων
3422 2703 3511 2755 τὸν
3564 2700 3662 2754 νοῦν

2127 2796 2354 2851 αὐτόθεν
2383 2797 2720 2866 ὲλέγξωμεν,
2753 2795 2884 2850 ἀλλο
2922 2796 2983 2848 τὸ
3008 2798 3106 2865 τῆς
3142 2796 3320 2866 αὐτῆς
3363 2794 3538 2856 οὐσίας
3586 2791 3664 2845 καὶ

2128 2886 2343 2955 φύσεώς
2373 2903 2424 2939 τι
2447 2885 2743 2954 τυγχάνειν
2771 2886 2902 2949 τινὶ,
2926 2884 3180 2938 τουτέστι
3205 2885 3268 2937 τὸ
3298 2883 3567 2955 ὁμοούσιον
3586 2879 3663 2932 καὶ

2126 2970 2383 3041 ὀμοφυὲς,
2415 2971 2509 3023 καὶ
2538 2971 2664 3024 ἄλλο
2695 2971 2754 3023 τὸ
2810 2973 2873 3024 ὲκ
2907 2972 3005 3041 τῆς
3051 2972 3247 3036 οὐσίας
3280 2968 3413 3026 εἷναί
3455 2988 3502 3024 τι
3532 2983 3656 3030 τινος

2128 3064 2222 3117 καὶ
2254 3064 2353 3132 τῆς
2381 3061 2596 3133 φύσεως
2624 3062 2891 3129 φυσικῶς.
2929 3062 3002 3117 Τὸ
3038 3063 3141 3134 μὲν
3196 3066 3304 3136 γὰρ
3333 3065 3556 3135 ὀμοφυὲς
3584 3061 3663 3115 καὶ

2127 3157 2415 3226 ὁμοούσιον
2445 3154 2704 3209 ὲπιπλέον
2758 3154 2897 3218 ἐστὶ,
2929 3156 2991 3209 τὸ
3031 3157 3087 3209 δὲ
3143 3159 3209 3212 ὲκ
3250 3159 3348 3226 τῆς
3379 3157 3553 3219 οὐσίας
3586 3153 3663 3206 καὶ

2127 3248 2223 3317 τῆς
2254 3246 2470 3314 φύσεως
2499 3245 2810 3299 τούναντίον
2858 3245 2944 3299 ἐπ’
2977 3245 3223 3301 ἔλαττον.
3273 3249 3364 3300 Διδ
3396 3250 3485 3301 καὶ
3518 3245 3653 3298 τοῦτο

2131 3337 2228 3405 μὲν
2254 3337 2598 3407 συνεισφέρει
2636 3336 2775 3389 κατά
2800 3337 2924 3398 τοὺς
2953 3336 3085 3404 περὶ
3112 3339 3182 3390 τὰ
3212 3337 3435 3390 τοιαῦτα
3463 3333 3662 3396 δεινοὺς,

2131 3430 2308 3487 ἐκεῖνο
2358 3428 2436 3493 δὲ,
2488 3429 2674 3491 καθώς
2733 3445 2865 3497 φασι
2913 3428 3348 3497 φιλοσοφοῦντες
3417 3428 3466 3480 οἱ
3514 3425 3663 3484 αὐτοὶ,

2131 3520 2564 3590 συνεισφέρεται.
2603 3519 2773 3572 Πάλιν
2809 3523 3130 3589 συναναιρεῖ
3174 3526 3235 3573 τὸ
3284 3518 3557 3589 ὁμοούσιον
3584 3513 3661 3566 καὶ

2128 3612 2385 3681 ὁμοφυὲς,
2424 3613 2827 3680 συναναιρεῖται
2856 3611 2913 3663 δὲ
2938 3611 3001 3664 τὸ
3033 3611 3097 3664 ὲκ
3131 3612 3234 3679 τῆς
3264 3611 3446 3672 οὐσίας
3478 3604 3662 3672 καὶτῆς
3746 3659 3749 3662 .

2128 3704 2367 3773 φύσεως.
2391 3703 2583 3767 Ὅπως
2601 3703 2657 3757 δὲ
2679 3702 2875 3763 ταῦτα,
2901 3703 3137 3773 πάρεστι
3168 3701 3263 3755 νῦν
3294 3701 3371 3767 τῷ
3394 3696 3661 3770 βουλομένῳ

2130 3795 2344 3864 μαθεῖν,
2361 3793 2788 3864 ἐπισκεψαμένῳ
2800 3794 2935 3862 πρὸς
2950 3792 3240 3862 ἀκρίϐειαν
3254 3788 3654 3843 αὐτῶνέχαστον.

2126 3887 2220 3958 Μὴ
2246 3887 2397 3947 δντος
2427 3886 2537 3957 γὰρ
2564 3886 2656 3938 τοῦ
2681 3886 2969 3956 ὀμοουσίου
3016 3886 3109 3937 καὶ
3156 3881 3448 3954 ὁμοφυοῦς,
3479 3875 3586 3930 οὐδὲ
3608 3871 3658 3922 τὺ

2129 3979 2194 4031 ὲκ
2222 3977 2322 4045 τῆς
2355 3978 2545 4040 οὐσίας
2571 3978 2690 4030 ἐστὶ⁹
2717 3976 2815 4029 καὶ
2855 3978 2956 4044 τῆς
2984 3976 3201 4042 φύσεως
3221 3990 3235 4003 ·
3282 3971 3465 4026 τούτου
3514 3967 3565 4018 δὲ
3600 3959 3660 4031 μὴ

2128 4069 2280 4131 ὄντος
2310 4068 2366 4120 ἐν
2386 4085 2528 4120 τισιν
2556 4068 2791 4139 άληθῶς,
2820 4067 2995 4121 ἐκεῖνό
3021 4084 3149 4121 ποτε
3186 4065 3465 4133 τυγχάνειν
3482 4056 3661 4126 ἐνδέχε-

2129 4179 2236 4215 ται.
2264 4159 2375 4213 Καὶ
2398 4160 2450 4213 al’
2468 4178 2520 4212 τι
2547 4160 2644 4231 μέν
2669 4163 2815 4214 ἐστιν
2840 4162 2904 4213 ὲκ
2931 4160 3028 4229 τῆς
3053 4159 3267 4228 φύσεως
3291 4156 3383 4209 καὶ
3397 4155 3492 4222 τῆς
3506 4152 3663 4206 οὐςίας

2128 4253 2272 4314 τινὸς
2299 4253 2565 4321 φυσικῶς,
2593 4252 2813 4323 ἀνάγκη
2854 4253 2947 4305 καὶ
2979 4252 3220 4319 ducunt;
3254 4246 3400 4315 αὐτῷ
3421 4243 3566 4296 τοῦτο
3585 4239 3661 4289 καὶ

2129 4344 2417 4416 ὁμοούσιον
2440 4360 2453 4374 ’
2491 4343 2546 4396 εί
2592 4360 2644 4397 τι
2693 4344 2751 4395 δὲ
2789 4344 2948 4396 πάλιν
2981 4340 3271 4412 ὁμοούσιον
3327 4338 3546 4405 ὑπάρχει
3571 4327 3660 4385 τινὶ

2132 4439 2223 4489 καὶ
2254 4436 2509 4507 ὁμοφυὲς,
2537 4435 2637 4488 οὐκ
2661 4435 2879 4502 ἀνάγκη
2917 4433 3073 4486 τοῦτο
3096 4433 3277 4484 τελεῖν
3304 4432 3366 4482 ἐκ
3388 4427 3484 4494 τῆς
3503 4420 3659 4477 οὐσίας

2132 4528 2297 4581 αὐτοῦ
2332 4529 2428 4580 καὶ
2454 4528 2551 4596 τῆς
2579 4525 2815 4596 φύσεως.
2865 4525 2959 4578 Ἐκ
2980 4528 3080 4595 τῆς
3108 4524 3299 4584 οὐσίας
3324 4520 3449 4590 γοῦν
3472 4516 3557 4571 καὶ
3582 4511 3661 4578 τῆς

2133 4622 2203 4690 φῦ
2218 4638 2351 4683 seu);
2371 4621 2465 4672 τοῦ
2499 4619 2629 4671 Υίοῦ
2660 4619 2719 4669 τὸ
2746 4617 2970 4686 Πνεῦμα
2993 4618 3051 4668 τδ
3077 4617 3231 4685 ἅγιον
3261 4614 3341 4679 ὃν,
3368 4612 3422 4677 ἐξ
3449 4608 3661 4676 ἀνάγκηῖ

2134 4713 2284 4783 αὐτῷ
2312 4711 2467 4765 τοῦτο
2502 4712 2597 4767 καὶ
2623 4708 2861 4780 ὁμοφυὲς
2892 4709 3131 4778 ὑπάρχει
3162 4708 3259 4761 καὶ
3291 4703 3574 4774 ὁμοούσιον.
3612 4693 3659 4744 ’0

2136 4805 2192 4859 δὲ
2233 4804 2358 4864 Υἱὸς
2406 4802 2691 4871 ὀμοούσιος
2738 4799 2813 4853 ὢν
2841 4798 2918 4870 τῷ
2972 4798 3249 4867 Πνεύματι
3295 4797 3385 4849 καὶ
3422 4786 3657 4861 ὁμοφυὴςο

2137 4896 2323 4950 οὐκέτι
2384 4896 2494 4946 κάκ
2541 4894 2637 4963 τῆς
2695 4886 2918 4962 φύσεως
2978 4890 3150 4944 αὐτοῦ
3208 4887 3444 4954 καὶτῆς
3502 4877 3659 4935 οὐσίας

2139 4985 2503 5055 καθέστηκεν.
2540 4984 2601 5036 Et
2625 4983 2683 5036 δὲ
2729 4983 2803 5053 μὴ
2850 4981 3214 5052 συμόήσεται,
3242 4977 3337 5030 καὶ
3367 4976 3453 5027 τὸν
3476 4968 3661 5033 [ίοιτιέρίι

2138 5079 2238 5148 τὴν
2272 5076 2660 5149 ἀρχικωτάτην
2716 5074 2893 5145 ἀρχὴν
2954 5075 3020 5126 ὲκ
3070 5074 3169 5142 τῆς
3229 5069 3414 5129 οὐσίας
3452 5062 3539 5116 καὶ
3581 5055 3660 5123 τῆς

2142 5170 2357 5239 φύσεως
2391 5164 2532 5225 εἶναι
2562 5167 2657 5219 τοῦ
2696 5165 2828 5219 Υίοῦ
2855 5167 2952 5219 καὶ
2994 5163 3088 5218 τοῦ
3116 5162 3441 5231 Πνεύματος,
3468 5151 3660 5212 ἐπείπερ

2140 5261 2432 5330 ὁμοούσιος
2466 5261 2655 5323 αὐτοῖς
2685 5259 2804 5309 ἐστι
2836 5259 2931 5311 καὶ
2963 5258 3234 5325 ὁμορυὴς,
3257 5253 3438 5306 τούτου
3466 5246 3516 5297 δὲ
3541 5241 3654 5330 πάνῗ

2141 5372 2246 5415 τως
2279 5355 2331 5406 τί
2376 5351 2577 5421 γένοιτ’
2634 5352 2699 5404 ἂν
2752 5353 2933 5421 χεῖρον
2993 5350 3085 5401 καὶ
3127 5345 3488 5423 ἀτοπώτερονς
3528 5326 3659 5423 ’Δλὶᾶξ

2144 5416 2399 5515 φανερὸν-
2431 5443 2506 5507 ὡς
2540 5416 3009 5513 ὀμοούσιύς-ὲστιν
3054 5442 3082 5493 ὁ
3124 5416 3318 5507 Πατὴρ
3343 5433 3417 5501 τῷ
3463 5426 3557 5492 Ti?)
3582 5416 3657 5515 κξῖ

2144 5536 2221 5606 τῷ
2262 5536 2566 5605 Πνεῦματι,
2600 5535 2697 5587 καὶ
2725 5537 2973 5604 ὁμοφυής
2995 5549 3008 5562 ’
3040 5533 3122 5586 ὅτι
3171 5532 3424 5601 κέκτηται
3456 5521 3536 5572 τὸν
3557 5511 3659 5606 Tibi!

2146 5632 2240 5682 καὶ
2282 5630 2342 5683 τὸ
2388 5628 2611 5698 Πνεῦμα
2634 5629 2693 5681 τὸ
2732 5628 2894 5696 ἅγιον
2931 5629 2995 5680 ἐκ
3037 5626 3138 5697 τῆς
3180 5623 3360 5683 οὐσίας
3386 5608 3556 5670 ἑαυτοῦ
3582 5600 3660 5657 καὶ

2146 5723 2246 5789 τῆς
2289 5722 2526 5789 φύσεως.
2567 5722 2627 5773 Ὀ
2657 5722 2712 5773 δὲ
2767 5721 2895 5781 Υἱὸς
2953 5719 3047 5772 καὶ
3076 5718 3134 5771 τὸ
3188 5714 3403 5782 Πνεῦμα
3441 5707 3497 5758 τὸ
3529 5702 3656 5793 ειγιξν

2152 5813 2365 5883 διλτζυῆ
2433 5813 2519 5863 7.1".
2577 5809 2842 5879 ἓιίιηοούσια
2896 5808 2969 5878 τῷ
3020 5809 3215 5874 “arpi,
3264 5804 3345 5857 διὰ
3391 5798 3444 5851 τὸ
3483 5796 3536 5846 ἐκ
3576 5797 3653 5850 της
