3970 6400
285 407 417 472 1177

1131 407 1228 466 DE
1274 404 1785 465 PROCESSiONE
1826 407 1883 469 S.
1928 411 2290 471 SPIRl'l‘US
2330 412 2559 472 ORAT.
2606 406 2712 471 II.‘

3389 409 3530 474 1178

277 527 470 588 οὐσίας
507 526 603 577 καὶ
651 522 940 592 ἀμφότερα
986 524 1315 575 καθεστάναι
1366 524 1459 576 τοῦ
1508 524 1717 593 Πατρὶς
1754 524 1846 577 καὶ

1952 526 2026 578 1‹·ε
2053 528 2195 582 Patri
2228 537 2377 591 sunt,
2420 529 2562 595 quod
2593 544 2657 584 ex
2706 527 2938 581 essent-ia
3007 528 3171 582 ambo
3220 535 3527 595 naturaque

278 619 380 686 τῆς
408 616 645 686 φύσεως.
690 616 799 668 Καὶ
831 614 1064 667 ἐνταῦθα
1088 615 1377 683 τοιγαροῦν
1410 615 1675 677 ὡσαύτως
1707 616 1852 685 φημὶ

226 710 241 713 ⁷
282 711 419 759 κάπὶ
444 706 537 758 τοῦ
571 704 703 757 Υἱοῦ
737 703 952 757 καὶτοῦ
998 705 1339 774 Πνεῦματος.
1386 702 1445 758 Ὀ
1493 706 1618 768 Υἱὸς
1655 704 1853 774 ὁμοσύ-

283 800 397 862 σιός
432 800 551 851 ἐστι
584 797 660 867 τῷ
690 797 819 867 θείῳ
864 798 1145 864 Πνεῦματι
1193 800 1289 850 καὶ
1324 797 1591 867 ὁμοφυὴς,
1632 798 1713 850 ὅτι
1748 814 1852 865 περ

280 893 346 942 ἐκ
369 890 466 958 τῆς
487 889 674 951 οὐσίας
696 889 892 942 ἑαυτοῦ
911 891 1004 942 καὶ
1029 887 1130 957 τῆς
1149 889 1366 956 φύσεως
1386 889 1544 940 τοῦτο
1562 888 1850 957 κέκτηται.

280 983 356 1033 Τὸ
414 981 638 1049 Πνεῦμα
668 981 715 1032 δ’
756 975 822 1032 αὖ
868 979 1152 1048 ὁμοούσιον
1190 977 1269 1048 τῷ
1312 978 1426 1048 1⁸ίῷ
1484 978 1577 1031 καὶ
1616 978 1852 1046 ὁμοφυὲς

281 1073 454 1128 διὰτὸ
479 1076 542 1125 ἐκ
583 1073 684 1140 τῆς
707 1071 897 1133 οὐσίας
939 1070 1103 1124 αὑτοῦ
1145 1070 1319 1122 τελεῖν
1353 1070 1450 1122 καὶ
1485 1071 1585 1140 τῆς
1613 1069 1850 1137 φύσεως.

283 1166 442 1218 (lito)
469 1155 579 1234 γὰρ
606 1164 777 1225 ὅντως
794 1163 854 1215 τὸ
880 1162 980 1231 μὲν
999 1161 1287 1231 ὁμοούσιον
1314 1160 1470 1215 ἔσται
1495 1164 1589 1215 καὶ
1608 1162 1854 1233 ὀμοφυές

278 1258 359 1326 τῷ
395 1259 459 1309 ἐκ
481 1255 579 1324 τῆς
612 1255 827 1324 φύσεως
864 1254 1029 1307 παντὶ
1057 1253 1152 1307 καὶ
1180 1252 1374 1317 οὐσίας
1422 1254 1499 1318 ὡς
1543 1252 1849 1309 καθολικώ-

275 1368 455 1418 τερον,
489 1351 544 1402 εἴ
576 1365 645 1416 με
673 1348 778 1419 χρὴ
808 1346 945 1409 τέως
992 1345 1360 1400 ἐπαναλαϐεῖν
1398 1346 1490 1399 τὸν
1540 1346 1720 1413 λόγον,
1755 1348 1852 1400 καὶ

281 1442 377 1492 νῦν
413 1438 600 1492 ἐνθάδε
653 1437 828 1506 βραχὺ
866 1437 979 1499 τοῖς
1027 1436 1292 1499 τοιούτοις
1337 1436 1848 1507 ἐγκαρτερήσαντα·

279 1532 387 1583 τινὶ
418 1530 462 1582 δ’
502 1524 660 1591 αὖθις
690 1527 960 1597 ὁμοουσίῳ
983 1543 1045 1595 γε
1079 1528 1294 1590 πάντως
1324 1527 1416 1580 καὶ
1440 1529 1671 1595 ὁμοφυεί
1693 1526 1756 1580 τὸ
1787 1528 1853 1581 ἐκ

275 1621 376 1690 τῆς
406 1620 619 1688 φύσεως
654 1618 748 1671 καὶ
774 1619 871 1687 τῆς
896 1618 1081 1681 οὐσίας
1106 1618 1183 1681 ὡς
1217 1617 1605 1689 μερικώτιρον.
1651 1619 1851 1672 Τοῦτον

276 1712 336 1765 δὲ
363 1711 456 1764 τὸν
488 1710 691 1781 τρόπον
723 1710 818 1763 καὶ
843 1709 953 1763 τῶν
976 1709 1150 1763 ἄλλων
1175 1708 1404 1762 ἕκαστον
1434 1708 1852 1776 ἀκολουθήσειεν

275 1802 366 1862 ἂν.
398 1796 581 1869 ὧνπερ
611 1800 817 1853 ἄνωθεν
868 1798 1296 1869 ἐπιμνησθέντες
1321 1797 1462 1851 κατὰ
1497 1797 1664 1869 μέρος
1693 1798 1854 1868 ἠριθ-

278 1893 603 1964 μησάμεθα.

353 1992 451 2050 ις’.
487 1987 596 2038 Καὶ
628 1983 802 2037 ταῦτα
830 1984 931 2051 μὲν
952 1984 1033 2048 είς
1056 1984 1155 2056 τὴν
1176 1984 1410 2056 θεωρίαν
1443 1982 1854 2053 ἐπισκεψόμεθα

278 2077 425 2131 κατὰ
450 2078 520 2132 τὰ
552 2077 792 2145 στοιχεῖα
820 2075 920 2143 τῆς
970 2076 1195 2144 λογικῆς
1248 2077 1582 2143 ἐπιστήμης,
1626 2077 1722 2129 καὶ
1753 2076 1853 2145 τὴν

276 2169 597 2239 παράδοσιν,
627 2168 702 2229 ὠς
743 2169 913 2237 φησὶν
940 2169 968 2220 0
1022 2167 1367 2232 Ἀπόστολος,
1393 2167 1491 2237 τὴν
1521 2166 1849 2238 ἀνθρώπων,

278 2264 373 2316 καὶ
400 2262 461 2315 οὐ
492 2262 633 2314 κατὰ
666 2260 924 2332 Χριστόν.
961 2260 1024 2312 El
1050 2258 1107 2310 δέ
1134 2258 1201 2311 τὰ
1253 2260 1383 2329 περὶ
1417 2259 1625 2312 τούτων
1653 2259 1854 2330 ὑψηλά·

271 2368 454 2423 τερον,
477 2351 551 2413 ὡς
586 2353 697 2413 τοῖς
748 2349 1010 2411 τοιούτοις
1041 2349 1207 2411 εἰκὸς,
1252 2348 1419 2412 ὅντως
1442 2350 1535 2403 καὶ
1562 2351 1661 2419 τῆς
1693 2348 1853 2419 θεαρ-

274 2443 437 2513 χικῆς
482 2442 713 2511 Τριάδος
756 2442 852 2512 τῆς
898 2441 1206 2510 ὑπερφυοῦς
1239 2440 1333 2493 καὶ
1359 2440 1681 2509 ὑπερουσίου
1709 2440 1851 2494 κατὰ

277 2537 338 2587 τὸ
362 2534 586 2588 δυνατὸν
611 2532 849 2598 ἐπαξίως
880 2534 1210 2603 ζητήσομεν,
1232 2533 1260 2585 0
1290 2531 1447 2599 λόγος
1477 2532 1571 2585 τοῦ
1599 2531 1720 2585 κατ’
1751 2530 1852 2584 αὑ-

277 2626 375 2696 τὴν
398 2625 685 2695 ὁμοουσίου
709 2624 801 2677 καὶ
822 2624 1094 2691 ὀμοφυοῦς
1124 2623 1208 2679 Et:
1220 2640 1308 2691 ρος
1355 2623 1505 2693 παρὰ
1532 2625 1642 2683 τοῖς
1694 2623 1853 2675 abas-

277 2716 431 2771 ίέσιν
459 2717 610 2785 ἡμῖν.
642 2716 751 2767 Καὶ
771 2714 965 2767 τούτου
993 2731 1056 2782 γε
1098 2712 1419 2775 διδάσκαλος
1468 2712 1699 2783 ἀκριϐὴς
1726 2716 1753 2765 ὁ
1784 2716 1850 2767 τὰ

278 2808 400 2863 θεία
420 2808 583 2869 πολὺς,
604 2808 698 2859 καὶ
731 2808 987 2876 μέγιστος
1011 2805 1108 2875 τὴν
1140 2805 1329 2871 σοφίαν
1358 2803 1657 2868 Βασίλειος,
1702 2805 1850 2867 ὅστις

276 2900 373 2954 ἐπὶ
408 2902 504 2955 τοῦ
532 2900 747 2971 Πατρδς
790 2900 887 2952 καὶ
929 2897 1024 2952 τοῦ
1074 2897 1250 2965 Λόγου
1276 2898 1338 2951 τὸ
1378 2896 1665 2967 ὀμοούσιον
1708 2898 1846 2954 αὐτὸ

274 2993 371 3047 καὶ
418 2995 577 3063 μόνον
619 2994 699 3055 είς
733 2992 982 3056 ἐξέτασιν
1030 2990 1309 3060 προτιθεὶς
1358 2991 1417 3044 ἐν
1443 2991 1509 3060 τῇ
1562 2991 1834 3060 γραφεῖσῃ

273 3085 416 3157 πρὸς
466 3086 567 3146 τὰς
600 3081 896 3146 κανονικὰς
938 3081 1198 3151 ἐπιστολῇ
1244 3081 1374 3151 περὶ
1421 3080 1613 3133 τούτου
1666 3082 1848 3150 ῥητῶς

269 3173 419 3228 οὕτω
440 3176 691 3241 διέξεισιν
715 3189 733 3206 ·
774 3172 931 3227 Ἐπεὶ
976 3173 1131 3242 γοῦν
1169 3173 1341 3226 ἐστιν
1364 3170 1633 3240 ἄναρχον
1657 3169 1785 3239 φῶς
1814 3173 1847 3224 ό

270 3268 498 3336 Πατὴρ,
527 3268 820 3337 γεννητὸν
845 3265 913 3318 δὲ
940 3263 1066 3333 φῶς
1090 3268 1122 3319 d
1166 3267 1316 3330 Υίὸς,
1347 3264 1471 3333 φῶς
1496 3263 1564 3317 δὲ
1596 3265 1693 3318 καὶ
1720 3266 1845 3334 φῶς

268 3360 574 3427 ἑκάτερον,
604 3358 929 3426 όμοούσιον
973 3355 1203 3409 εἴποιεν
1241 3355 1319 3408 ἂν
1346 3356 1608 3421 δικαίως,
1638 3357 1740 3409 ἵνα
1781 3355 1849 3409 τὸ

270 3451 380 3520 τῆς
409 3453 648 3521 φύσεως
678 3451 961 3519 ὁμότιμον
988 3432 1491 3517 παραστήσωσιν.
1533 3452 1614 3504 Ob
1641 3451 1750 3519 γὰρ
1776 3449 1849 3503 τὰ

269 3544 507 3611 ἀδελφὰ
536 3541 835 3607 ἀλλήλοις
864 3528 1155 3608 ὀμοούῖγια
1192 3542 1456 3610 λέγεται,
1487 3542 1632 3611 ὅπερ
1685 3542 1846 3609 τινὲς

270 3634 709 3702 ὑπειλήφασιν,
751 3632 865 3685 Ν]
912 3631 1058 3684 ὅταν
1088 3631 1188 3684 καὶ
1219 3632 1286 3685 τὸ
1315 3633 1531 3695 αἴτιον,
1559 3632 1657 3684 καὶ
1686 3632 1752 3685 τὸ
1777 3635 1845 3686 ἐκ

271 3725 381 3779 τοῦ
405 3727 598 3779 αίτίου
623 3723 738 3791 τὴν
783 3724 1044 3791 ιαμρξιν
1070 3724 1215 3790 ἕχον
1248 3723 1356 3791 τῆς
1384 3724 1576 3793 αὐτῆς
1598 3725 1843 3794 ὑπάρχῃ

270 3816 536 3885 φύσεως,
564 3814 853 3881 ὀμοούσια
871 3813 1129 3882 λέγεται.
1157 3814 1482 3884 Προσέσχες,
1503 3816 1532 3867 0
1555 3817 1845 3882 ἀκροώμε-

268 3923 382 3973 νος,
410 3905 529 3968 πῶς
547 3905 611 3978 τὸ
634 3902 937 3974 ὀμοούσιον,
957 3903 1094 3973 ὅπερ
1116 3892 1193 3973 τῷ
1212 3906 1441 3973 ὁμοφυεί
1466 3906 1680 3967 πάντως
1710 3923 1843 3958 ταυ-

267 4001 385 4060 τὸν,
416 4000 446 4051 0
491 3997 632 4059 θεῖος
679 3996 868 4066 Πατὴρ
905 3992 1058 4059 οὗτος
1100 3996 1490 4065 ὴρμήνευσεν;
1524 3997 1713 4067 Τούτῳ
1748 4000 1842 4052 καὶ

272 4090 540 4160 Κύριλλος
562 4092 590 4142 0
621 4089 883 4159 θεηγόρος
909 4089 1011 4142 ὅσα
1034 4106 1098 4155 γε
1129 4091 1223 4142 καὶ
1252 4090 1599 4159 μυσταγωγῴ
1628 4094 1841 4161 χρησά-

271 4199 431 4254 μενος
453 4183 511 4234 ἐν
532 4181 609 4252 τῷ
628 4183 832 4251 πρώτῳ
851 4180 960 4233 τῶν
985 4179 1119 4251 πρὸς
1148 4180 1404 4251 Ἑρμείαν
1428 4183 1591 4251 φησίν
1619 4200 1631 4216 ο
1671 4182 1841 4253 Ὀμο-

266 4277 474 4340 ούσιος
507 4274 616 4343 γὰρ
635 4275 801 4340 ειπερ
831 4272 1003 4327 ἐστὶν
1024 4272 1262 4340 ἀληθῶς
1288 4276 1320 4326 ὁ
1365 4274 1497 4339 Υἱὸς
1529 4275 1608 4339 τῷ
1629 4277 1837 4344 Harp),

268 4368 339 4432 ἐξ
371 4367 559 4421 αὐτοῦ
592 4382 658 4419 τε
692 4365 791 4419 καὶ
814 4366 886 4419 ἐν
917 4366 1078 4431 αὐτῷ
1098 4366 1248 4419 κατὰ
1278 4366 1468 4431 φύσιν
1497 4367 1598 4420 καί
1632 4371 1841 4422 obam-

266 4461 385 4526 σῶς
413 4461 606 4515 ἐστιν.
642 4462 804 4514 Ὥστε
834 4461 956 4513 κατ’
987 4462 1118 4513 αὐτὸ
1138 4460 1298 4514 τοῦτο
1329 4461 1424 4514 καὶ
1451 4463 1479 4513 0
1508 4461 1635 4525 Υίὺς
1662 4463 1754 4516 καὶ
1779 4462 1838 4514 τὸ

1955 616 2132 671 Patris
2178 619 2474 672 exsistunt.
2524 618 2621 672 llic
2678 618 2842 687 igitur
2893 618 3053 672 simili
3106 618 3320 672 ratione
3361 628 3415 672 et
3459 618 3529 672 de

1956 706 2095 758 Filio
2140 715 2198 760 et
2235 708 2300 761 de
2346 707 2549 776 Spiritu
2578 708 2790 777 judico.
2826 709 2997 763 Filius
3042 708 3528 763 consubstantialis

1953 807 2034 851 est
2097 807 2152 851 et
2194 798 2565 853 connaturalia
2613 798 2840 868 Spiritui
2884 808 3096 862 saneto,
3127 799 3272 869 quod
3320 814 3385 851 ex
3425 813 3528 851 na-

1957 899 2077 943 tura
2123 905 2222 945 sua
2264 901 2429 959 atque
2475 891 2715 944 essentia
2754 889 3016 958 Spiritum
3052 889 3312 959 possidet.
3356 888 3534 958 Spiri-

1954 989 2041 1034 tus
2080 990 2264 1034 autcin
2314 981 2803 1037 consubstantialis
2846 981 2987 1035 Filio
3031 989 3085 1035 et
3126 979 3526 1043 connaturalis,

1953 1073 2098 1142 (ιιιοά
2132 1087 2199 1127 ex
2238 1074 2477 1128 essentia
2520 1074 2664 1128 illius
2717 1083 2771 1128 et
2812 1083 3006 1127 natura
3039 1081 3143 1128 est.
3210 1071 3324 1126 lloc
3377 1073 3522 1125 enim

1952 1163 2116 1218 modo
2148 1179 2277 1219 vere
2313 1165 2782 1220 consubstantiale
2823 1174 2880 1219 et
2925 1166 3285 1219 connaturale
3328 1180 3395 1218 eo
3424 1163 3529 1218 erit
3596 1224 3603 1231 κ

1952 1258 2321 1313 universalius
2382 1260 2526 1326 quod
2578 1273 2645 1312 ex
2698 1257 2936 1311 essentia
2977 1266 3031 1311 et
3084 1266 3276 1311 natura
3319 1266 3425 1322 est,
3480 1255 3528 1309 si

1953 1350 2172 1403 tandem
2225 1348 2517 1419 repetenda
2564 1354 2651 1403 est
2703 1349 2882 1402 oratio
2936 1347 3067 1401 mihi
3123 1347 3402 1416 paululum
3470 1346 3526 1400 in
3622 1356 3638 1373 '

1955 1439 2103 1494 hisce
2145 1440 2480 1505 immorato;
2535 1438 2692 1494 alteri
2742 1455 2934 1495 rursus
2974 1437 3424 1493 consubstantiali
3474 1446 3532 1492 et

1952 1529 2323 1594 connaturali,
2377 1529 2526 1599 quod
2572 1545 2644 1586 ex
2694 1540 2891 1585 natura
2943 1538 2996 1585 et
3033 1530 3273 1585 essentia
3318 1537 3405 1584 est
3450 1529 3530 1582 uti

1954 1622 2128 1691 magis
2180 1621 2484 1691 singulare.
2539 1621 2608 1675 Et
2658 1621 2761 1675 hac
2806 1620 3019 1675 ratione
3076 1619 3286 1689 reliqua
3346 1620 3531 1673 omnia

1953 1720 2386 1782 consequentur,
2436 1728 2673 1783 quorum
2726 1726 2895 1781 supra
2940 1711 3218 1767 mentione
3284 1709 3530 1774 indui-ta,

1954 1803 2271 1875 singillatim
2305 1802 2884 1859 commemoravimus.

2025 1991 2114 2046 te.
2171 1991 2276 2046 Sed
2323 1990 2442 2045 haec
2489 1976 2757 2060 penitiore
2793 1986 3051 2057 indagine
3114 1984 3182 2040 ad
3228 1983 3530 2039 dialecticae

1952 2082 2197 2136 scientia:
2234 2080 2505 2135 elementa
2542 2079 3005 2141 considerentur,,
3034 2075 3334 2131 secundum
3362 2076 3531 2129 tradi-

1956 2175 2161 2229 tionem
2194 2171 2506 2234 hominum,
2553 2178 2611 2224 ut
2642 2169 2720 2224 ait
2747 2168 3066 2239 Apostolus,
3117 2175 3171 2221 et
3198 2182 3307 2221 non
3333 2176 3530 2221 secun-

1950 2265 2080 2317 dum
2122 2262 2423 2316 Christum.
2480 2260 2637 2327 Quod
2672 2259 2719 2315 si
2751 2260 2866 2313 haec
2894 2258 3083 2312 eadem
3123 2257 3439 2322 sublimius,
3472 2266 3534 2311 ut

1951 2355 2117 2410 rebus
2156 2352 2431 2408 similibus
2481 2367 2578 2422 par
2610 2359 2715 2415 est,
2743 2358 2797 2405 et
2826 2349 3084 2418 principis
3112 2348 3416 2403 divinitatis
3441 2364 3534 2405 su-

1951 2444 2325 2518 pernaturalis
2368 2453 2423 2498 et
2481 2441 3031 2513 supersubstantialis
3090 2440 3377 2495 Trinitatis
3428 2455 3527 2510 pro

1950 2539 2232 2609 dignitate,
2261 2535 2340 2590 uti
2371 2536 2514 2591 vires
2578 2536 2913 2601 concedunt,
2988 2532 3524 2601 investigaverimus,

1956 2631 2094 2685 ratio
2129 2644 2249 2698 qua:
2282 2629 2336 2682 in
2366 2628 2554 2682 eadem
2605 2636 2709 2692 est,
2743 2624 3237 2681 consubstantialis
3284 2632 3339 2678 et
3390 2638 3528 2676 con-

1951 2722 2220 2777 naturalis
2249 2721 2389 2790 apud
2418 2719 2538 2790 pios
2559 2734 2660 2774 nos
2688 2718 2790 2772 alia
2823 2727 2925 2784 est,
2945 2726 3000 2772 et
3025 2717 3255 2787 hujusce
3274 2710 3545 2786 magister'

1951 2822 2244 2869 accuratus
2293 2820 2377 2867 est
2426 2811 2483 2865 in
2539 2810 2738 2864 divinis
2788 2808 3130 2879 praecelebris
3189 2820 3532 2877 magnusque

1952 2906 2201 2960 doctrina
2243 2904 2500 2965 Basilius,
2538 2903 2629 2971 qui
2670 2903 2738 2956 de
2787 2901 2947 2955 Patre
3009 2908 3063 2955 et
3103 2900 3241 2955 Filio
3288 2899 3531 2954 consub-

1952 2999 2200 3055 stautialc
2228 2999 2402 3053 solum
2436 2998 2487 3050 in
2518 3012 2746 3051 examen
2786 2995 3023 3049 adducto
3056 2993 3290 3063 epistola
3331 2993 3399 3047 ad
3432 3007 3529 3049 ca-

1953 3091 2180 3144 uonicas
2239 3090 2365 3143 data
2402 3088 2467 3142 de
2518 3088 2623 3141 hoc
2647 3085 2834 3140 verbis
2881 3100 2991 3139 non
3049 3083 3171 3139 aliis
3222 3082 3526 3139 edisserit:

1904 3208 1919 3251 γ
1953 3180 2086 3235 Cum
2108 3182 2272 3251 igitur
2303 3189 2383 3234 est
2415 3181 2605 3249 absque
2637 3177 2901 3246 principio
2955 3176 3131 3230 lumen
3165 3174 3346 3241 Pater,
3385 3176 3532 3245 geni-

1956 3283 2065 3328 tum
2098 3289 2214 3327 vero
2242 3273 2418 3327 lumen
2450 3271 2642 3333 Filius,
2675 3269 2849 3324 lumen
2883 3284 3002 3322 vero
3027 3277 3075 3321 et
3107 3267 3283 3322 lumen
3315 3278 3521 3321 utrum-

1951 3381 2052 3435 que
2108 3362 2558 3418 consubstantiale
2613 3377 2717 3415 non
2784 3360 3068 3430 incongrue
3130 3359 3410 3422 dixerint,
3467 3368 3527 3411 ut

1952 3468 2163 3512 naturis
2190 3457 2425 3510 eumdem
2471 3457 2725 3509 honorem
2772 3452 3139 3522 comprobent;
3180 3467 3341 3521 neque
3387 3451 3526 3504 enim

1949 3564 2066 3620 qua:
2092 3548 2323 3601 vicissim
2349 3546 2542 3613 fratres
2570 3554 2717 3610 sunt,
2742 3542 3220 3600 consubstantialia
3253 3543 3522 3600 dicuntur,

1910 3650 1917 3655 '
1948 3642 2086 3713 quod
2117 3639 2360 3693 nonnulli
2389 3638 2790 3700 existimarunt,
2831 3636 2922 3689 sed
2940 3651 3069 3697 cum
3095 3646 3144 3687 et
3177 3650 3361 3695 causa.
3390 3643 3439 3685 et
3468 3634 3523 3685 id

1947 3734 2084 3802 quod
2109 3746 2176 3786 ea:
2201 3746 2366 3782 causa
2385 3737 2484 3789 est,
2522 3726 2895 3780 exsistentiam
2933 3725 3128 3778 habens
3154 3726 3388 3793 ejusdem
3432 3741 3527 3779 na-

1950 3834 2084 3876 tura:
2122 3831 2224 3884 est,
2275 3817 2750 3873 rousubstantialia
2789 3816 3069 3869 dicuntur.
3129 3814 3521 3879 Atlendistine,

1947 3929 1983 3969 o
2035 3913 2275 3979 auditor,
2312 3904 2592 3981 quomodo
2629 3909 3114 3976 consubstantiale,
3173 3908 3318 3977 quod
3351 3922 3520 3962 unum

1947 4019 2172 4073 prorsus
2203 4004 2450 4071 idemque
2471 4012 2555 4057 est
2576 4018 2699 4057 cum
2747 4000 3122 4063 connaturali,
3183 3998 3405 4054 divinus
3434 3999 3524 4053 hic

1950 4095 2109 4152 Pater
2140 4095 2534 4163 interpretatus
2562 4095 2684 4150 est!
2713 4093 2828 4149 Hoc
2848 4102 2902 4148 et
2937 4091 3310 4162 diviniloquus
3339 4090 3519 4161 Cyril-

1946 4191 2030 4244 lus
2057 4189 2132 4245 uti
2160 4199 2499 4245 secretorum
2542 4188 2842 4255 interprete
2876 4202 3028 4250 usus,
3067 4186 3247 4256 primo
3277 4185 3418 4240 libro
3450 4184 3521 4238 ad

1945 4279 2219 4336 llermiam
2259 4279 2437 4349 inquit
2467 4296 2483 4333 :
2513 4278 2572 4332 Si
2626 4278 3099 4334 consubstantialis
3138 4285 3215 4331 est
3249 4293 3364 4331 vere
3418 4275 3513 4329 Fi-

1942 4373 2044 4428 lius
2074 4371 2251 4435 Patri,
2290 4387 2355 4425 ea:
2388 4372 2502 4440 ipso
2547 4368 2870 4423 naturaliter
2905 4376 2955 4421 et
3008 4365 3369 4421 essentialiter
3419 4371 3521 4419 est.

1942 4464 2128 4530 Quare
2163 4463 2463 4518 secundum
2502 4462 2604 4516 hoc
2656 4461 2832 4530 ipsum
2876 4467 2930 4513 et
2970 4457 3140 4511 Filius
3173 4468 3226 4511 et
3284 4455 3523 4526 Spiritus

269 4555 492 4623 Πνεῦμα
516 4555 577 4606 τὸ
603 4555 758 4623 ἅγιον
785 4552 1000 4622 ὁμοφυῆ
1032 4555 1127 4606 καὶ
1159 4552 1421 4620 ὀμοούσια
1451 4555 1549 4606 σὺν
1582 4553 1837 4624 ἀλλήλοις

1947 4565 2168 4611 sanctus
2191 4553 2567 4609 connaturalia
2603 4552 2705 4607 sibi
2757 4551 2988 4605 invicem
3036 4559 3091 4604 et
3154 4549 3524 4603 consubstan-

261 4651 426 4707 εἰσιν.
456 4649 535 4700 ὅτι
558 4646 617 4698 τὸ
643 4647 833 4715 ἕτερον
860 4644 1121 4713 τυγχάνον
1151 4644 1391 4696 αἰτιατδν
1416 4644 1480 4698 ἐκ
1501 4645 1595 4699 τοῦ
1623 4646 1835 4717 ἐτέρου,

260 4740 512 4792 λείπεται
557 4738 614 4790 δὲ
642 4735 803 4791 τοῦτο
835 4735 1019 4789 τελεῖν-
1047 4736 1239 4797 αῐτιον,
1284 4735 1401 4804 ἔχει
1436 4736 1535 4807 τὴν
1576 4735 1835 4808 ὓπαρξιν.

260 4830 466 4888 Τούτου
484 4829 540 4883 δὲ
568 4825 1062 4897 διομολογηθέντος,
1089 4825 1147 4876 οὐ
1173 4825 1255 4877 δεῖ
1288 4826 1582 4881 κάντεῦθεν
1606 4832 1830 4882 σκοπεῖν

262 4923 415 4974 ποῖον
464 4920 645 4973 αὐτῶν
692 4920 759 4972 ἐκ
804 4917 960 4970 ποίου
1001 4916 1238 4985 μάλιστα
1279 4916 1338 4969 τὸ
1398 4912 1542 4971 εἶναι
1591 4920 1834 4977 πλουτεῖ.

259 5012 432 5081 Δῆλον
459 5012 553 5065 καὶ
583 5011 692 5081 γὰρ
727 5011 807 5063 ὅτι
839 5009 898 5062 τὸ
927 5007 1151 5077 Πνεῦμα
1179 5008 1238 5060 τὸ
1270 5009 1426 5075 ἆγιον
1464 5010 1530 5063 ὲκ
1576 5010 1670 5064 τοῦ
1703 5011 1835 5066 Υίοῦ

258 5104 403 5157 κατὰ
461 5102 564 5165 τὰς
632 5100 1055 5172 προεκτεθείσας
1118 5101 1427 5170 μαρτυρίας
1473 5101 1831 5172 καθέστηκεν.

258 5197 386 5250 Εἴτε
403 5194 534 5264 γοῦν
561 5192 731 5256 οὕτως
756 5194 847 5245 ἐπὶ
869 5195 966 5262 τῆς
991 5191 1289 5260 θεαρχικῆς
1312 5192 1543 5262 Τριάδος
1563 5193 1622 5245 τὸ
1643 5194 1835 5261 ὁμοού.

258 5305 374 5341 σιον
404 5288 518 5357 ἔχει
549 5285 645 5338 καὶ
672 5285 931 5354 ὀμοφυές,
961 5284 1035 5346 ὡς
1066 5286 1093 5336 0
1127 5283 1289 5353 σοφὸς
1336 5284 1429 5337 καὶ
1459 5283 1635 5352 μέγας
1667 5284 1834 5338 Βασί-

251 5381 399 5442 λειος
427 5381 545 5440 τοῖς
582 5381 794 5439 πιστοῖς
826 5375 892 5428 τὰ
918 5377 1045 5447 περὶ
1067 5375 1256 5434 citizen
1278 5374 1580 5446 διατρανῶν
1603 5377 1833 5448 παραδί-

255 5468 448 5530 δωσιν,
484 5468 597 5520 εῐτε
627 5468 733 5537 μὴν
754 5466 1026 5527 κάκείνως
1053 5465 1196 5535 φημὶ
1233 5465 1358 5518 κατ’
1390 5468 1704 5537 ἐπιστήμην
1730 5467 1829 5521 τὴν

252 5557 508 5629 λογικὴν,
532 5557 663 5626 περὶ
685 5552 745 5609 οὗ
774 5555 869 5608 καὶ
894 5555 1267 5629 ἀποχρώντως
1299 5555 1506 5610 ἄνωθεν
1531 5558 1662 5628 ἡμῖν
1689 5556 1834 5626 διηυ-

256 5649 512 5718 κρίνηται
535 5662 550 5676 ο
584 5645 816 5715 φανερὸν
838 5643 912 5702 ὡς
946 5645 1005 5697 οὑ
1028 5644 1115 5699 διὰ
1144 5644 1203 5697 τὸ
1226 5642 1322 5697 τοῦ
1346 5645 1485 5699 Πνεύ
1494 5663 1664 5716 ματος
1693 5648 1831 5716 πρὸς

230 5740 348 5792 τον
374 5739 503 5791 Υἱ³›ν
526 5738 813 5807 ὁμοούσιον
858 5738 952 5790 καὶ
979 5737 1218 5807 ὁμοφυὲς
1254 5738 1473 5809 είρηται
1507 5739 1569 5792 τὸ
1605 5740 1856 5809 Πνεῦμα“

253 5830 316 5883 τὸ
343 5831 495 5900 ἅγιον
536 5831 599 5882 ἐκ
631 5831 729 5898 τῆς
761 5828 855 5884 τοῦ
890 5831 1225 5898 Mavors/0'3;
1263 5832 1450 5893 οὒσξας
1490 5850 1543 5883 τε
1591 5835 1685 5885 καὶ
1731 5836 1827 5905 τῆς

1941 4647 2089 4700 tialia
2121 4655 2273 4711 sunt,
2303 4647 2445 4715 quod
2476 4645 2706 4699 alterum
2730 4659 2853 4698 cum
2881 4644 2952 4696 sit
2978 4650 3264 4696 causatum
3285 4656 3353 4695 ex
3383 4640 3519 4707 aliis,

1940 4752 2040 4791 nec
2065 4737 2227 4791 habet
2263 4736 2409 4807 quod
2444 4750 2610 4791 causa
2639 4736 2734 4800 sit,
2772 4733 3151 4789 essistentiam
3189 4732 3369 4786 habet.
3408 4730 3521 4785 lloc

1938 4843 2201 4885 concesso
2242 4838 2459 4884 nonest
2487 4828 2831 4898 postmodum
2885 4825 3295 4896 inquirendum,
3344 4823 3520 4893 quod-

1940 4937 2066 4979 nam
2091 4936 2157 4975 ex
2185 4921 2318 4992 ipsis
2347 4937 2413 4974 ex
2447 4935 2557 4989 quo
2585 4919 2881 4989 possideat,
2908 4918 3217 4985 habeatque
3253 4915 3399 4985 quod
3425 4915 3517 4970 sit.

1938 5012 2168 5069 Planum
2220 5014 2365 5068 enim
2398 5019 2482 5067 est
2512 5012 2775 5081 Spiritum
2833 5021 3081 5065 sanctum
3129 5024 3194 5063 ex
3242 5008 3400 5069 Filio,
3459 5014 3520 5060 ut

1938 5120 2103 5174 supra
2137 5105 2354 5159 laudata
2397 5103 2709 5161 testimonia
2747 5103 2985 5167 tradunt,
3020 5103 3303 5155 exsistere.
3326 5099 3383 5153 Si
3416 5100 3517 5153 ita-

1938 5211 2045 5263 que
2075 5196 2183 5250 hoc
2216 5196 2379 5249 modo
2407 5195 2460 5248 in
2487 5194 2717 5251 Deitatis
2748 5196 3002 5265 principe
3040 5192 3236 5245 Triade
3278 5192 3517 5246 consub-

1937 5287 2188 5343 stantiale
2240 5287 2707 5356 connaturaleque
2755 5301 2814 5341 se
2840 5287 3029 5348 habet,
3054 5294 3114 5337 ut
3144 5276 3364 5352 sapiens
3401 5298 3518 5337 tua-

1939 5391 2188 5449 gnusque
2245 5377 2477 5432 Basilius
2524 5377 2772 5433 ﬁdelibus
2808 5377 3009 5431 similia
3067 5375 3348 5444 explicans
3404 5382 3518 5427 tra-

1936 5471 2017 5525 dit
2054 5482 2066 5518 :
2105 5469 2222 5525 sive
2255 5471 2417 5524 etiam
2470 5470 2578 5523 alio
2635 5468 2799 5522 modo
2859 5465 3160 5521 secundum
3196 5464 3512 5520 dialecticas

1935 5559 2194 5625 rationes,
2228 5570 2284 5613 ut
2307 5560 2521 5615 abunde
2543 5560 2677 5614 satis
2698 5573 2860 5626 supra
2910 5572 3007 5627 per
3040 5573 3140 5612 nos
3174 5556 3508 5611 declaratum

1934 5661 2040 5715 est,
2069 5651 2419 5705 manifestum
2477 5660 2564 5705 est
2622 5665 2729 5704 non
2764 5659 2984 5718 propter
3010 5648 3247 5719 Spiritus
3276 5663 3399 5703 cum
3427 5647 3512 5703 Fi-

1933 5744 2008 5798 lio
2059 5741 2525 5799 consubstantialc
2581 5756 2637 5795 et
2704 5741 3062 5796 connaturale
3136 5741 3340 5797 dictum
3390 5757 3513 5798 esse

1936 5835 2196 5906 Spiritum
2224 5844 2470 5890 sanctum
2504 5849 2565 5890 ex
2606 5833 2877 5904 Unigeniti
2921 5835 3153 5891 essentia
3184 5845 3508 5907 naturaque,
