3970 6432
235 443 371 512 118i

1089 444 1185 505 DE
1224 445 1743 507 PROCESSIONE
1778 447 1836 507 S.
1881 447 2243 509 SPIRITUS
2277 449 2504 510 OBAT.
2548 448 2634 508 II.

3344 442 3487 509 1182

229 561 292 627 ἐξ
318 553 395 613 ὧν
420 561 477 614 ἓν
502 561 566 630 τῇ
591 556 697 612 ἀπὸ
715 557 814 628 τῆς
842 555 1059 610 συνόδου
1087 561 1183 627 τῆς
1217 560 1297 621 εἰς
1337 558 1603 629 Ἱεροσόλυ
1614 578 1687 628 μα
1715 576 1810 626 γε-

1919 559 1987 612 ad
2048 560 2471 615 Alexandrinam
2539 558 2864 625 Ecclesium,
2904 567 3245 627 pertractans
3278 558 3343 613 dc
3373 557 3492 611 Filii

228 648 468 716 νομένης
512 646 651 717 πρὸς
687 646 786 716 τὴν
817 645 941 700 κατ’
1007 645 1414 717 Ἀλεξάνδρειαν
1467 647 1800 719 Ἐκκλησίαν

228 739 487 807 ἐπιστολῇ
521 737 904 806 διαλαμῦἀνων
922 753 986 788 πε
997 737 1048 805 pi
1069 737 1168 805 τῆς
1193 738 1257 791 ὲκ
1277 736 1490 809 Πατρδς
1516 738 1804 808 ὑπάρξεως

225 831 325 883 τοῦ
359 828 489 882 Υίοῦ
546 829 709 898 μόνου
744 827 883 897 μετὰ
916 828 1085 881 πολλὰ
1118 829 1272 895 λέγει
1337 828 1527 896 σαφῶς
1565 827 1625 881 οὔ
1640 847 1737 890 τως
1776 830 1804 882 ὁ

231 924 493 987 μέγιστος
553 919 716 983 αὐτὸς
768 919 1102 983 Ἀθανάσιος,
1150 918 1255 974 ’καὶ
1304 921 1419 986 τὴν
1447 923 1668 975 οὐσίαν
1697 921 1806 974 τοῦ

1909 650 2085 704 solius
2122 666 2185 704 cx
2221 649 2379 704 Patre
2404 650 2749 713 exsistentia,
2795 659 2917 718 post
2948 649 3117 703 multa
3146 648 3248 701 alia
3288 648 3495 716 perspi-

1906 753 2005 792 cue
2027 751 2319 809 aperteque
2346 756 2576 805 magnus
2627 740 2714 795 hic
2745 740 3073 794 Athanasius
3110 740 3287 798 docet,
3324 754 3497 791 essen-

1909 830 2038 882 tiam
2068 829 2249 885 Patris
2267 832 2608 902 principium,
2634 832 2908 899 originem,
2934 838 2984 883 et
3000 830 3207 897 fontemx
3219 828 3340 881 Filii
3361 845 3493 881 esse.

1912 921 2159 991 Namque
2196 925 2282 978 hic
2307 940 2529 993 quoque
2561 925 2851 979 essentiam
2902 923 3092 977 dicens
3124 922 3305 977 statim
3366 925 3493 975 sub-

229 1013 464 1078 Harpdc
502 1011 702 1081 ἀρχὴν
736 1012 832 1064 καί
859 1010 1032 1079 ῥίζαν
1082 1013 1180 1067 καί
1222 1013 1426 1081 πηγὴν
1492 1010 1647 1066 εἶναι
1698 1011 1805 1066 τοῦ

1912 1015 2085 1084 iunxit
2123 1014 2321 1070 Patris.
2359 1014 2526 1068 Pater
2568 1030 2728 1082 porro
2763 1016 2928 1068 dictio
2968 1032 3129 1068 uitam
3171 1030 3233 1067 ex
3269 1014 3494 1069 Deitatis

238 1101 400 1157 Υιοῦ.
436 1102 728 1155 Κάνταῦθα
754 1105 861 1172 γὰρ
885 1104 1075 1157 οὐσίαν
1099 1108 1234 1173 πρὶν
1271 1105 1515 1173 φάμενος
1548 1106 1694 1158 κατὰ
1718 1105 1811 1159 τά-

230 1210 327 1262 χος
347 1193 593 1260 ἐπήγαγε
611 1193 718 1246 τοῦ
747 1194 995 1261 Πατρός.
1022 1193 1286 1263 Σημαίνει
1308 1195 1362 1249 δὲ
1391 1196 1525 1265 πρὸς
1551 1195 1807 1266 ἀλήθειαν

233 1286 297 1336 τὸ
349 1285 539 1353 Πατὴρ
609 1287 741 1353 μίαν
797 1285 904 1338 τῶν
944 1286 1253 1356 θεαρχικῶν
1292 1289 1669 1353 ὑποστάσεων,
1708 1289 1808 1359 τὴν

235 1374 377 1446 μήτε
417 1377 620 1448 δηλαδὴ
663 1379 1011 1449 κεκτημένην
1057 1381 1256 1448 ἑαυτῆς
1315 1382 1559 1451 μηδόλως
1608 1381 1806 1452 ἀρχὴν,

233 1470 334 1520 καὶ
354 1468 532 1520 αίτίαν
559 1468 702 1530 τινὰ,
735 1467 832 1521 καὶ
855 1467 1065 1542 ταύτην
1099 1470 1269 1543 αὐτὴν
1290 1471 1480 1536 ἀϊδίως
1510 1473 1689 1544 ἀρχὴν
1716 1474 1808 1527 καὶ

229 1559 413 1611 αἰτίαν
443 1559 553 1611 τῶν
582 1558 793 1613 λοιπῶν
839 1559 933 1614 δύο
967 1564 1368 1631 τυγχάνουσαν.
1416 1567 1509 1634 Μὴ
1542 1566 1809 1638 διαδράσῃ

227 1648 289 1701 δὲ
311 1648 532 1702 κάκεῖνο
554 1651 736 1702 τέλεον
761 1650 852 1703 τὸν
868 1653 1141 1724 ἀκροατὴν
1162 1653 1411 1725 κείμενον
1435 1657 1493 1709 ὲν
1512 1657 1586 1723 τῷ
1606 1657 1810 1727 μεταξὺ

226 1740 335 1808 τῆς
368 1741 688 1811 ὲκτεθείσης
720 1744 849 1813 πρὶν
882 1745 1119 1825 ῥήσεως,
1153 1745 1371 1816 ὅτιπερ
1410 1748 1442 1816 ἡ
1499 1748 1658 1801 οὐσία
1699 1748 1809 1802 τῶν

226 1827 435 1881 οὐσιῶν
475 1828 647 1885 αἰτία.
702 1830 812 1883 Kal.
869 1829 978 1900 γὰρ
1026 1827 1208 1885 αἰτίαν
1245 1831 1670 1900 ἀποφηνάμενος
1712 1831 1812 1903 τὴν

224 1918 443 1985 οὐσίαν,
492 1920 554 1973 οὐ
585 1921 685 1992 τὴν
740 1922 1063 1984 ὑπόστασιν.
1100 1923 1129 1976 ὁ
1178 1922 1341 1990 σοφὸς
1393 1916 1550 1986 οὗτος
1595 1924 1805 1992 Πατὴρ,

225 2012 395 2064 πάλιν
417 2012 525 2064 τῶν
556 2013 779 2079 οὐσιῶν,
818 2016 880 2067 οὑ
933 2014 1042 2067 τῶν
1074 2015 1431 2067 ὑποστάσεων
1463 2011 1643 2077 εἶπεν,
1680 2015 1805 2068 οὐδὲ

225 2103 366 2171 γοῦῦ
389 2106 525 2168 ὅλως
555 2105 655 2158 τοῦ
683 2106 814 2159 Υἱοῦ
844 2108 942 2161 καὶ
980 2104 1075 2160 τοῦ
1110 2109 1454 2176 Πνεῦματος,
1482 2107 1511 2160 δ
1541 2108 1682 2177 δῆτα
1710 2108 1808 2162 καὶ

188 2185 205 2200 ’
224 2197 331 2265 τῆς
361 2196 533 2265 αὐτῆς
566 2197 824 2267 ἐχόμενον
846 2197 1055 2261 ἐννοίας
1085 2199 1255 2258 ἐστὶν,
1288 2199 1478 2268 ἐπειδὴ
1511 2199 1646 2268 μηδὲ
1674 2200 1809 2252 ταύ-

226 2305 328 2349 τας
351 2288 757 2351 ὲνυποστάτους
789 2289 1004 2358 ἐνόησε.
1037 2289 1149 2342 Καὶ
1177 2288 1384 2342 τούτων
1429 2291 1807 2361 ὑποδείγματα

228 2378 351 2431 λίαν
377 2379 546 2447 σαφῆ,
581 2379 656 2448 μὴ
679 2379 910 2449 δεόμενά
939 2396 1090 2442 τινος
1115 2379 1451 2451 ἐξηγήσεως,
1475 2376 1627 2444 οὗτος
1649 2383 1808 2446 αὑτὸς

224 2473 254 2521 ὁ
286 2469 385 2537 τῆς
404 2469 701 2529 ἀθανασίας
755 2469 1046 2541 ἐπώνυμος
1099 2474 1194 2526 καὶ
1240 2472 1310 2526 τὰ
1351 2473 1471 2526 θεῖα
1505 2476 1676 2538 πολὺς
1750 2474 1809 2530 ἕν

232 2577 345 2612 τινι
373 2561 478 2613 τῶν
528 2560 695 2614 αὑτοῦ
751 2561 927 2630 λόγων
981 2563 1241 2634 περὶτοῦ
1292 2565 1635 2634 Μονογεκιοῦς
1665 2565 1809 2620 οὕτω

226 2651 486 2716 διέξεισιν
508 2670 521 2683 ·
555 2656 676 2708 Οὐκ
706 2653 783 2708 ἂν
812 2655 905 2721 εἴη
951 2659 984 2709 ό
1013 2656 1198 2722 αὐτὸς
1245 2658 1379 2722 Υἱὸς
1429 2658 1525 2710 καὶ
1562 2660 1805 2725 κτίσμα,

226 2741 335 2794 ἵνα
366 2741 452 2809 μὴ
489 2742 585 2795 καὶ
615 2744 683 2796 ἐκ
742 2745 846 2798 τοῦ
886 2744 1055 2809 Θεοῦ,
1096 2746 1196 2799 καὶ
1240 2745 1466 2810 ἔξωθεν
1515 2749 1621 2802 τοῦ
1658 2750 1807 2803 Θεοῦ

230 2835 268 2901 ἠ
310 2834 493 2885 οὐσία
531 2833 716 2886 αὐτοῦ
749 2833 1075 2902 νομίζηται.
1106 2835 1213 2887 Τὸν
1253 2836 1381 2888 Υἱὸν
1416 2837 1619 2905 ἀρτίως
1645 2836 1808 2891 αὑτὸν

228 2924 561 2992 ποιούμενος
588 2926 616 2977 ὀ
643 2926 819 2992 μέγας
847 2927 1077 2990 σκοπὸν,
1109 2925 1210 2995 τὴν
1239 2927 1429 2980 οὐσίαν
1478 2929 1645 2982 αὑτοῦ
1678 2927 1807 2998 φαί-

229 3033 384 3068 νεται
420 3016 617 3084 λέγων,
664 3016 726 3068 οὑ
766 3017 865 3086 τὴν
922 3017 1242 3071 ὑπόστασιν.
1294 3019 1429 3090 Περὶ
1475 3020 1533 3072 δέ
1589 3037 1653 3090 γε
1708 3021 1805 3074 τοῦ

230 3107 620 3177 προσκυνητοῦ
660 3107 980 3179 Πνεῦματος
1036 3108 1066 3161 ὁ
1113 3108 1258 3174 θεῖος
1306 3110 1589 3174 Βασίλειος
1634 3112 1691 3164 ὲν
1730 3106 1809 3184 τῷ

1910 1107 2247 1176 principibus
2276 1107 2661 1178 hypostasihus
2684 1116 2859 1171 notat,
2897 1122 3018 1174 quae
3051 1122 3245 1173 nempe
3277 1107 3488 1159 nullum

1913 1213 2140 1268 prorsus
2187 1199 2269 1251 sui
2321 1198 2651 1267 principium
2692 1198 2806 1252 sive
2853 1212 3079 1250 causam
3112 1196 3376 1264 possidet,
3403 1211 3495 1249 ea-

1912 1301 2018 1355 que
2054 1288 2168 1355 ipsa
2201 1289 2270 1340 ah
2293 1298 2500 1340 :rterno
2530 1286 2858 1356 principium
2883 1294 2939 1340 et
2970 1302 3135 1340 causa
3157 1288 3490 1355 reliquarum

1910 1378 2143 1432 duarum
2183 1387 2288 1432 est.
2318 1375 2420 1444 LNe
2469 1392 2597 1431 vero
2633 1377 2779 1446 quod
2828 1377 3099 1443 interjam
3151 1377 3299 1431 allati
3360 1379 3493 1431 dicti

1913 1469 2185 1524 dictiones
2222 1469 2568 1538 interiectum
2612 1478 2715 1533 cst,
2742 1467 3044 1523 auditorem
3085 1468 3275 1538 fugiat,
3308 1484 3495 1525 essen-

1919 1562 2050 1617 tiam
2091 1576 2286 1630 nempe
2317 1575 2439 1616 esse
2502 1561 2868 1615 essentiarum
2926 1574 3149 1614 causam
3194 1578 3209 1612 :
3254 1574 3494 1629 namque

1913 1666 2136 1707 causam
2168 1652 2472 1705 decernens
2501 1667 2624 1706 esse
2655 1651 2972 1715 essentiam,
3009 1665 3115 1704 non
3154 1651 3492 1720 hypostasim

1915 1745 2137 1814 sapiens
2182 1743 2273 1797 hic
2306 1741 2490 1807 Pater,
2526 1758 2722 1797 rursus
2763 1743 3127 1798 essentiarum
3186 1757 3293 1796 non
3324 1743 3498 1812 hypo-

1918 1844 2140 1891 staseon
2167 1833 2324 1896 dixit.
2367 1847 2545 1902 neque
2583 1832 2765 1901 itaque
2806 1847 3030 1901 prorsus
3078 1830 3202 1884 Filii
3236 1840 3288 1885 et
3320 1830 3497 1901 Spiri-

1914 1934 2022 1990 tus,
2058 1927 2204 1995 quod
2231 1926 2389 1996 plane
2423 1941 2533 1979 non
2574 1926 2735 1980 aliam
2773 1925 3098 1980 sententiam
3130 1923 3316 1988 infert,
3359 1939 3489 1980 cum

1915 2033 2093 2085 neque
2119 2017 2268 2086 ipsas
2302 2016 2509 2087 absque
2553 2017 2831 2086 hypostasi
2869 2017 3155 2072 intellexit.
3188 2016 3255 2070 Et
3286 2017 3486 2073 horum

1913 2111 1966 2165 in
1990 2119 2244 2180 promptu
2277 2118 2404 2163 sunt
2436 2109 2686 2177 exempla
2710 2098 2870 2162 ‘clara
2911 2110 3047 2161 adt-0
3094 2117 3153 2164 ut
3192 2106 3341 2161 nulla
3404 2107 3494 2161 in-

1911 2205 2126 2271 digeant
2177 2201 2650 2269 interpretatione.
2730 2200 2834 2253 Hic
2923 2201 3093 2267 idem,
3147 2200 3237 2254 cui
3289 2214 3487 2253 nomen

1911 2304 1994 2350 est
2029 2294 2100 2349 ab
2129 2292 2567 2355 immortalitate,
2623 2301 2677 2347 et
2709 2292 2763 2346 in
2793 2293 2957 2347 rebus
2980 2292 3182 2346 divinis
3206 2305 3494 2360 exponen-

1911 2386 1995 2441 dis
2026 2387 2346 2455 przecellens
2406 2385 2459 2438 in
2493 2398 2590 2439 sua
2626 2387 2875 2438 oratione
2941 2384 3007 2436 de
3045 2380 3336 2452 Unigenito
3378 2383 3497 2436 haec

1913 2479 2073 2534 habet
2111 2498 2123 2532 :
2157 2478 2444 2548 Nunquam
2490 2477 2632 2530 idem
2683 2475 2844 2544 fuerit
2896 2473 3076 2527 Filius
3130 2485 3178 2527 et
3225 2483 3495 2538 creatura,

1911 2587 1974 2625 ne
2021 2585 2085 2624 ea:
2118 2569 2245 2631 Deo,
2279 2579 2325 2623 ct
2361 2578 2513 2622 extra
2565 2567 2732 2620 Deum
2773 2569 2999 2620 essentia
3031 2565 3178 2618 illius
3226 2565 3497 2635 intelliga-

1913 2671 2020 2715 tur.
2059 2661 2192 2715 Cum
2225 2660 2327 2716 sibi
2361 2659 2562 2714 Filium
2622 2674 2732 2713 non
2770 2663 2942 2711 multo
2971 2667 3095 2709 ante
3121 2656 3498 2724 protesuissct

1911 2767 2162 2820 magnus,
2195 2751 2488 2806 essentiam
2516 2750 2683 2812 illius,
2714 2765 2818 2801 non
2853 2747 3184 2818 hypostasim
3218 2748 3488 2800 nominat.

1913 2844 1988 2899 De
2025 2844 2303 2897 adorando
2331 2857 2460 2896 vero
2518 2841 2728 2908 Spiritu
2768 2840 2988 2892 divinus
3043 2838 3283 2892 Basilius
3313 2839 3366 2889 in
3401 2838 3498 2890 de-

1913 2936 2057 2991 cimo
2103 2948 2298 2990 octavo
2362 2934 2541 3002 capite
2598 2933 2665 2986 ad
2726 2934 2978 2986 sanctum
3028 2928 3511 2998 Amphilochium,

1910 3043 2032 3082 cum
2064 3037 2220 3081 antea
2246 3026 2474 3081 dixisset
2505 3045 2519 3080 :
2554 3023 2882 3093 Progressus
2932 3033 3008 3076 est
3048 3035 3113 3074 ea:
3143 3021 3249 3074 Deo
3274 3032 3377 3074 non
3408 3035 3502 3088 ge-

1911 3118 2198 3173 nerationis
2236 3117 2392 3172 modo
2421 3118 2499 3170 uti
2526 3112 2717 3181 Filius,
2743 3114 2831 3169 sed
2868 3124 2926 3168 ut
2973 3111 3205 3182 Spiritus
3236 3111 3344 3164 oris
3358 3112 3495 3180 ejus,

224 3197 696 3268 ὀκτωκαιδεκάτῳ
743 3199 851 3251 τῶν
909 3200 1046 3270 προς
1094 3198 1391 3272 τδνοίερδν
1456 3202 1809 3274 Ἀμφιλόχιον

1912 3209 2054 3278 quod
2118 3224 2219 3264 nos
2277 3209 2486 3262 dictum
2522 3207 2723 3276 saepius
2752 3215 2877 3280 ante
2909 3203 3333 3268 inculcavimus,
3387 3201 3496 3255 illis

224 3290 541 3360 κ;φαλαίων
592 3291 779 3357 εἰπὼν,
804 3292 885 3345 ὅτι
917 3292 1231 3361 Προῆλθεν
1268 3295 1337 3348 ἑκ
1362 3294 1488 3349 ,τοῦ
1541 3296 1690 3351 Θεοῦ
1739 3303 1812 3353 οὺ

224 3382 531 3455 γεννητῶς
567 3384 648 3449 ὡς
674 3386 706 3436 ὀ
741 3384 895 3450 Υἱὸς,
931 3384 1070 3439 ἀλλ’
1106 3386 1186 3452 ὡς
1214 3387 1453 3457 Πνεῦμα
1511 3390 1810 3457 στόματος

222 3475 445 3542 αὐτοῦ,
482 3494 486 3499 ·
520 3474 619 3547 τὴν
681 3478 940 3547 τοιαύτην
991 3479 1048 3531 δὲ
1121 3482 1318 3550 χρῆσιν
1393 3480 1810 3550 προφθάσαντες

226 3570 495 3633 πολλάκις
544 3571 874 3641 εἰρήκαμεν,
931 3570 1142 3634 τούτοις
1197 3571 1481 3641 παρευθὺς
1527 3573 1810 3642 ἐπιφέρων

226 3661 400 3731 φησίν
420 3676 434 3693 ο
463 3660 613 3714 Οὔτε
634 3659 794 3729 πνοὴ
841 3661 1110 3730 λυομένη
1132 3662 1199 3715 τὸ
1228 3663 1489 3731 Πνεῦμα,
1520 3663 1683 3718 ἀλλὰ
1711 3665 1807 3718 καί

227 3755 429 3822 στόμα
479 3754 841 3822 θεοπρεπῶς,
899 3754 1100 3807 καὶτὸ
1152 3755 1394 3824 Πνεῦμα
1440 3757 1623 3810 οὐσία
1661 3755 1810 3823 (toﬁ;-

224 3846 529 3917 ἁγιασμοῦ
578 3846 775 3913 κυρία.
810 3845 884 3899 Τὸ
931 3844 1156 3915 Πνεῦμα
1206 3846 1269 3898 τὸ
1307 3849 1372 3900 ἐκ
1425 3846 1521 3900 τοῦ
1551 3846 1688 3900 Θεοῦ
1734 3849 1810 3920 μὴ

224 3940 506 4008 λυομένην
547 3939 718 4009 πνοὴν
766 3931 926 4002 οὗτος
963 3939 991 3990 ὁ
1042 3939 1153 3991 τῶν
1183 3938 1358 4009 ὀρθῶν
1415 3940 1707 4011 δογμάτων
1740 3942 1813 3995 δι-

223 4032 501 4094 δάσκαλος
538 4033 988 4102 μυσταγωγήσας
1016 4031 1185 4102 ἡμᾶς,
1223 4030 1281 4099 ἐξ
1309 4026 1384 4086 ὧν
1416 4033 1559 4086 κατὰ
1585 4033 1646 4087 τὸ
1677 4052 1811 4088 σιω-

226 4127 489 4194 πώμενον
522 4123 888 4193 ὑφεστηκέναι
937 4122 1059 4177 καθ’
1092 4124 1276 4188 ἑαυτὸ,
1323 4124 1486 4177 τοῦτο
1529 4126 1639 4195 γὰρ
1690 4125 1807 4179 λεί-

227 4235 393 4271 πεται
431 4217 614 4286 μόνον,
644 4215 940 4286 προφανῶς
970 4216 1374 4284 παραδέδωκεν.
1414 4218 1608 4287 Ὅμως
1638 4218 1683 4271 δ’
1717 4217 1811 4271 οὖν

225 4313 326 4366 καὶ
356 4312 531 4374 οὑτως
548 4310 734 4362 οὐσίαν
763 4306 971 4373 ἁπλῶς,
996 4307 1095 4377 οὐχ
1126 4308 1446 4372 ὑπόστασιν,
1471 4309 1569 4362 νὺν
1593 4311 1799 4379 ἀνεκή-

227 4403 416 4477 ρυξεν,
448 4399 620 4466 Εἶδες,
659 4404 687 4455 ὁ
728 4400 866 4471 πρὸς
922 4399 1023 4469 τὴν
1075 4399 1374 4453 ἀντίπαλον
1426 4401 1559 4470 ἡμῖν
1611 4403 1810 4472 μοῖραν

225 4496 577 4567 ἀποκριθεὶς,
609 4493 705 4564 τὴν
736 4493 928 4546 οὐσίαν
951 4492 1232 4563 πανταχοῦ
1259 4491 1587 4564 λεγομένην,
1618 4494 1678 4546 οὑ
1711 4492 1810 4566 τὴν

1912 3297 2093 3351 statim
2125 3296 2367 3350 adnectit
2399 3312 2413 3349 :
2460 3294 2688 3350 Omnino
2736 3310 2856 3349 vero
2894 3310 3056 3363 neque
3095 3309 3151 3347 os
3206 3292 3498 3346 membrum

1910 3396 2006 3448 est,
2045 3403 2204 3458 neque
2232 3384 2393 3456 ﬂatus
2430 3387 2519 3456 qui
2541 3370 2863 3439 dissolvatur
2924 3382 3178 3452 Spiritus,
3224 3384 3312 3435 sed
3336 3390 3384 3434 et
3414 3396 3497 3443 os,

1914 3486 1969 3529 ut
1998 3476 2107 3530 Deo
2163 3480 2425 3541 convenit,
2462 3486 2510 3530 et
2563 3476 2801 3544 Spiritus
2823 3475 3054 3529 essentia
3086 3475 3227 3537 uiue,
3259 3473 3502 3539 sanetiﬁ-

1911 3569 2135 3623 rationis
2185 3568 2400 3620 damina
2432 3584 2452 3621 :
2481 3567 2744 3636 Spiritum
2807 3567 2901 3637 qui
2973 3583 3037 3620 ex
3081 3564 3193 3620 Deo
3231 3575 3332 3629 est,
3389 3580 3497 3619 non

1910 3664 2098 3717 ﬂatum
2148 3663 2241 3731 qui
2296 3661 2633 3717 dissolvatur
2682 3660 2772 3716 hic
2834 3670 3107 3716 rectorum
3179 3659 3498 3725 dogmatum

1914 3756 2179 3823 magister
2209 3768 2307 3808 nos
2339 3753 2581 3808 edocens
2608 3767 2753 3819 esse,
2786 3753 2987 3821 quibus
3018 3753 3143 3806 licet
3177 3768 3281 3805 non
3314 3753 3498 3820 expri-

1915 3859 2118 3912 matur,
2149 3864 2244 3919 per
2284 3862 2344 3903 se
2376 3847 2555 3914 ipsum
2583 3846 2905 3909 subsistere,
2944 3845 3050 3898 hoc
3080 3844 3223 3897 cnim
3259 3853 3497 3897 tantum-

1920 3942 2082 3995 modo
2104 3929 2274 4006 deest,
2301 3940 2478 4010 palam
2504 3938 2749 3993 tradidit.
2790 3937 2889 3992 Hic
2925 3937 3281 3992 nihilominus
3306 3951 3497 3989 essen-

1914 4035 2041 4105 tiam
2073 4033 2413 4104 simpliciter,
2444 4048 2550 4086 non
2582 4031 2917 4102 hypostasim
2973 4046 3117 4083 nunc
3173 4028 3495 4097 publicavit.

1913 4122 2170 4187 Videsne,
2212 4122 2304 4192 qui
2343 4122 2604 4176 adversas
2655 4121 2813 4177 nobis
2852 4131 3033 4190 partes
3071 4122 3236 4174 tutari
3284 4136 3492 4189 prtesu-
3576 4169 3584 4178 ,

1914 4218 2042 4279 mis,
2076 4215 2372 4269 essentiam
2417 4212 2553 4267 locis
2586 4214 2638 4266 in
2673 4212 2931 4267 omnibus
2963 4212 3191 4278 dictam,
3229 4229 3334 4266 non
3364 4228 3495 4265 vero

1915 4307 2291 4381 bypostasitn?
2330 4304 2396 4359 Et
2422 4305 2467 4360 si
2509 4306 2703 4374 placet,
2735 4305 2840 4357 alia
2875 4318 3094 4371 quoque
3141 4304 3287 4357 dicta
3328 4319 3497 4373 appo-

1913 4417 2061 4466 nam,
2105 4400 2161 4453 in
2195 4399 2394 4468 quibus
2423 4397 2675 4452 essentia?
2700 4411 2903 4450 nomen
2951 4413 3057 4451 non
3091 4398 3331 4451 obscure
3361 4413 3497 4451 con-

1912 4492 2140 4557 tinetur,
2186 4497 2241 4545 et
2298 4487 2583 4543 verissime
2637 4487 2962 4557 hypostases
3011 4487 3141 4554 ipsa:
3184 4487 3498 4541 indicantur

226 4586 537 4640 ὑπόστασιν
562 4603 576 4651 ;
603 4586 665 4637 Ei
695 4583 897 4653 βούλει,
926 4587 1021 4635 καὶ
1044 4584 1237 4646 λοιπὰς
1264 4585 1458 4656 ῥήσεις
1481 4585 1807 4656 exessum

1913 4597 2128 4642 eorum,
2162 4581 2230 4635 de
2273 4579 2474 4649 quibus
2513 4577 2903 4649 praedicantur.
2962 4573 3028 4629 Et
3057 4575 3196 4643 jam,
3257 4591 3500 4644 namque

222 4680 290 4732 τὸ
326 4677 428 4748 τῆς
456 4677 641 4739 οὐσίας
673 4675 845 4745 ὄνομα
873 4676 1220 4743 κεκτημένοις
1255 4678 1470 4744 σαφῶς,
1497 4678 1566 4731 δι’
1593 4674 1668 4733 ὧν
1699 4694 1808 4750 περ

222 4772 392 4826 αὑταὶ
417 4769 706 4840 δηλοῦνται
761 4766 885 4821 κατ’
922 4766 1184 4837 ἀλήθειαν
1228 4770 1285 4821 αἱ
1334 4770 1694 4834 ὑποστάσεις.
1731 4765 1808 4826 ὧν

223 4867 434 4920 ἐκεῖναι
462 4865 554 4916 καὶ
579 4861 848 4930 λέγονται.
887 4862 996 4913 Καὶ
1028 4860 1118 4931 δὴ,
1151 4863 1463 4931 χρήσασθαι
1485 4865 1596 4938 γὰρ
1617 4866 1807 4922 ἐνθάδε

227 4958 500 5027 συντομία
532 4955 733 5026 χρεὼν,
768 4954 867 5006 θέα
897 4970 988 5024 μοι
1020 4953 1454 5024 παρακολουθῶν
1476 4959 1573 5011 καὶ
1605 4957 1809 5021 ταύτας

221 5051 303 5113 ὡς
336 5050 574 5120 ἔχουσιν.
621 5046 680 5101 ’0
711 5047 812 5117 μὲν
862 5046 1036 5116 μέγας
1070 5046 1354 5110 Βασίλειος
1390 5047 1447 5097 ὲν
1469 5047 1546 5115 τῷ
1574 5049 1812 5121 δευτέρῳ

222 5144 341 5197 τῶν
375 5142 498 5194 κατ’
532 5139 828 5208 Βὺνομίου,
876 5137 1034 5204 Ἕως
1063 5136 1116 5190 δ’
1164 5136 1239 5191 ἂν
1296 5136 1590 5203 σιωπῶσι,
1650 5143 1807 5207 φησὶ,

226 5234 312 5302 μὴ
344 5231 821 5286 λανθανέτωσαν
850 5228 1139 5297 δευτέραν
1162 5228 1393 5283 αἰώνων
1421 5228 1537 5296 τὴν
1558 5229 1665 5284 τοῦ
1690 5234 1810 5284 Μο-

225 5324 518 5393 νογενοῦς
556 5324 780 5377 οὐσίαν
804 5315 1119 5393 τιθέμενοί,
1149 5321 1245 5392 τὴν
1289 5313 1481 5374 οὐσίαν
1512 5321 1606 5375 τοῦ
1635 5322 1814 5376 Μονο-

228 5415 420 5485 γενοῦς
445 5414 651 5480 λέγων,
682 5413 835 5465 οὐδὲν
865 5410 974 5465 τῶν
998 5412 1217 5465 πάντων
1233 5413 1422 5483 ἕτερον
1448 5400 1713 5482 ἀτεχνῶς,
1757 5413 1809 5466 εί

226 5507 292 5559 τὸ
329 5503 466 5560 εἶναι
495 5502 589 5556 τοῦ
624 5500 967 5573 Μονογενοῦς
1003 5502 1094 5557 διὰ
1122 5505 1315 5557 τούτου
1357 5504 1531 5574 δηλοῖ,
1562 5507 1812 5558 τουτέστι

228 5599 330 5668 τὴν
363 5595 598 5667 ὕπαρξιν
628 5613 640 5626 ⁸
666 5599 694 5650 ὁ
747 5594 804 5651 δὲ
836 5597 933 5667 τὴν
957 5596 1235 5665 θεολογίαν
1270 5597 1475 5668 ὑψηλὸς
1508 5598 1809 5669 Γρηγόριος

229 5694 259 5744 ὁ
293 5689 390 5743 καὶ
419 5689 591 5753 πολὺς
644 5690 701 5742 ὲν
747 5688 825 5753 τῷ
858 5689 992 5760 περὶ
1031 5688 1413 5759 Βαπτίσματος
1444 5689 1588 5761 λόγῳ
1631 5690 1811 5763 ῥητῶς

231 5779 379 5833 οὕτω
402 5778 655 5843 διέξεισιν
675 5797 689 5810 ο
708 5779 868 5848 Φοὸᾶ
888 5779 970 5834 σὺ
998 5778 1311 5851 γέννησιν,
1341 5780 1443 5851 {ra
1458 5783 1544 5851 μή
1576 5800 1629 5836 τι
1653 5780 1812 5851 πάθῃ

238 5873 385 5941 θεὸς
419 5876 452 5928 ὁ
477 5872 563 5943 μὴ
593 5862 881 5944 πάσχων;
928 5875 1042 5944 ἐγὼ
1069 5873 1364 5944 φοϐοῦμαι
1422 5875 1536 5945 τὴν
1584 5877 1806 5940 κτίσιν,

1911 4681 2001 4737 hic
2047 4676 2298 4734 brevitati
2369 4674 2723 4738 studendum,
2788 4682 2994 4727 attente
3047 4687 3131 4726 me
3165 4680 3496 4741 praeeuntem

1911 4788 2170 4844 sequens,
2227 4769 2567 4841 apponenda,
2633 4765 2710 4821 uti
2764 4780 2822 4820 se
2878 4764 3138 4822 habeant.
3184 4764 3495 4820 considera.

1910 4868 2135 4939 Magnus
2169 4863 2402 4919 Basilius
2461 4857 2701 4916 secundo
2746 4858 3009 4912 adversus
3071 4857 3394 4911 Eunomium
3431 4857 3500 4911 li-

1913 4963 2038 5025 bro,
2088 4962 2260 5012 Donec
2289 4965 2518 5014 taceant,
2554 4953 2652 5015 ait,
2700 4968 2762 5005 ne
2787 4950 2957 5021 fugiat
2978 4967 3073 5004 ros
3104 4966 3188 5005 eos
3214 4953 3499 5005 secundum

1912 5051 2253 5124 pastswcula
2298 5046 2584 5102 essentiam
2654 5043 2926 5115 Unigeniti
2980 5045 3264 5113 facientes.
3302 5045 3500 5097 Essen-

1914 5146 2045 5199 tiam
2087 5139 2361 5209 Unigeniti
2407 5151 2685 5200 asserens,
2749 5136 2882 5189 nihil
2933 5135 3096 5203 plane
3129 5135 3277 5188 aliud
3313 5149 3480 5201 quam

1912 5250 2033 5290 esse
2063 5232 2364 5302 Unigeniti,
2392 5226 2777 5283 exsistentiam
2811 5227 3040 5290 scilicet,
3083 5224 3283 5278 innuit.
3334 5224 3391 5278 In
3418 5241 3497 5278 re-

1915 5326 2018 5380 bus
2045 5322 2365 5391 theologicis
2393 5319 2789 5391 pertractandis
2824 5319 3080 5374 sublimis
3105 5333 3171 5373 ac
3199 5307 3497 5373 vehemens

1914 5413 2215 5485 Gregorius
2275 5415 2527 5468 oratione
2571 5413 2636 5465 de
2696 5410 3022 5480 baptismate
3075 5410 3157 5465 his
3204 5408 3496 5480 ipsissimis

1916 5507 2096 5561 verbis
2116 5522 2227 5560 rem
2259 5508 2467 5576 peragit
2499 5518 2514 5558 :
2555 5504 2727 5559 Times
2750 5514 2814 5558 tu
2842 5503 3255 5573 generationem,
3278 5516 3344 5554 ne
3369 5500 3498 5571 quid

1912 5598 2054 5652 Deus
2075 5600 2337 5668 patiatur,
2360 5600 2447 5668 qui
2463 5601 2574 5669 pati
2596 5609 2751 5667 aptus
2774 5596 3000 5652 nonest?
3026 5595 3183 5647 timeo
3216 5593 3327 5661 ipse
3351 5608 3499 5645 crea-

1916 5699 2113 5752 turam,
2150 5706 2212 5744 ne
2251 5690 2505 5759 injuriam
2550 5700 2705 5759 atque
2750 5687 3006 5757 injustam
3060 5686 3339 5740 sectionem
3364 5683 3500 5754 infe-

1919 5781 2101 5847 renda,
2136 5781 2302 5834 Deum
2329 5783 2570 5851 perdam,
2594 5792 2685 5835 aut
2712 5780 2913 5836 Filium
2937 5798 2970 5835 a
2999 5780 3159 5834 Patre
3190 5779 3490 5844 succidens,

1917 5883 2009 5955 aut
2046 5892 2076 5925 ιι
2105 5872 2242 5925 Filio
2273 5873 2551 5927 essentiam
2604 5872 2852 5932 Spiritus.
2890 5873 2987 5929 llic
3030 5871 3320 5929 essentiam
3368 5868 3509 5941 Spi-‘
