3970 6402
197 288 326 353 1185

1022 284 1124 351 DE
1169 287 1690 351 PROCESSIONE
1731 287 1792 345 S.
1836 281 2198 345 SPIRITUS
2241 283 2466 344 ORAT.
2515 283 2596 343 [ῐ.

3316 281 3451 344 MSS

189 399 487 471 ἐπειδήπερ
511 396 652 452 κατὰ
679 399 806 462 τοὺς
827 399 1010 452 αὐτῶν
1038 399 1264 452 ἐκείνων
1293 404 1521 468 καιροὺς
1548 398 1766 451 ἅπαντα

1882 397 2156 450 tendentes
2210 395 2548 458 decrevisse,
2603 391 3046 463 quandoquidem
3091 408 3279 448 eorum
3331 411 3449 448 aevo

167 490 606 562 -’παρεισε;ρθάρη
649 492 718 544 τά
763 490 874 544 τῶν
916 491 1205 558 αἱρέσεων,
1259 491 1412 560 ὃλην,
1451 491 1527 554 ὡς
1563 492 1762 553 εἰπεῖν,

187 581 492 654 τηνικαῦτα
536 582 882 646 κενώσαντες
917 584 1061 636 κατά
1095 584 1198 652 τῆς
1249 583 1516 652 ἀληθείας
1545 583 1638 635 τοῦ
1674 584 1766 651 έχ-

191 673 322 745 θροῦ
353 675 454 743 τὴν
489 675 777 744 φαρέτραν
813 670 1007 740 αύτοῦ,
1041 675 1139 726 καὶ
1170 676 1371 736 κακίας
1419 665 1586 744 μηδὲν
1617 671 1761 736 εἶδος

191 769 322 836 ἡμῖν
351 766 763 836 ὑπολιπομένου
810 769 927 830 τοῖς
966 766 1303 836 μεθύστερον
1356 767 1580 836 ἀφορῶν
1625 766 1763 836 πρὸς

189 851 533 924 δυσσέϐειαν,
553 858 648 912 ἆτε
675 860 813 928 πρὸς
834 859 1247 925 ἀνταγωνιστὰς
1271 857 1487 926 ἔχοντος
1513 860 1769 928 ἰσχυροὺς

194 951 290 1002 καὶ
321 949 751 1019 πεφραγμένους
776 949 862 1000 ἀεὶ
897 952 1010 1011 τοῖς
1053 949 1240 1011 ὅπλοις
1271 951 1368 1016 τῆς
1399 948 1660 1010 πίστεως.
1704 946 1772 1000 Οῖ

109 1069 126 1084 π
191 1056 258 1108 γε
287 1038 350 1108 δὴ
378 1039 476 1091 καὶ
511 1039 749 1108 μάλιστα
775 1036 863 1092 διὰ
897 1035 1068 1092 ταῦτα
1107 1039 1327 1109 βρεφῶν
1352 1038 1592 1108 τρώσεις
1623 1037 1771 1106 λογι-

199 1131 432 1200 σάμενοι
459 1129 558 1193 τὰς
611 1129 804 1183 τούτου
851 1129 1034 1198 βολὰς,
1079 1131 1259 1182 τέλεον
1295 1129 1556 1182 καθεῖλον
1583 1130 1767 1194 αὑτὸν,

191 1221 293 1284 τὰς
331 1221 616 1290 μεθοδείας
646 1221 756 1274 τῶν
792 1223 1060 1292 αἱρέσεων
1111 1222 1302 1274 πασῶν
1331 1221 1766 1292 ἀνατρέψαντες,

197 1310 276 1374 ὼς
321 1311 526 1375 ἐξεῖναι
575 1312 811 1374 καὶτοῖς
847 1313 1331 1380 μεταγενεστέροις
1387 1312 1519 1379 ἡμῖν
1563 1313 1770 1381 ἀπροσ-

195 1403 418 1464 κόπτως
472 1401 585 1454 τῶν
618 1401 796 1471 ὀρθῶν
827 1401 1115 1470 δογμάτων
1144 1401 1487 1471 ἀντέχεσθαι.
1546 1402 1654 1454 Καί
1679 1420 1772 1472 μοι

193 1492 343 1544 δοκεῖ
371 1489 448 1561 τῷ
480 1491 741 1562 κηδεμόνι
785 1491 940 1544 τουτὶ
978 1491 1086 1545 τῶν
1135 1491 1422 1561 ἡμετέρων
1459 1492 1642 1555 καλῶς
1690 1494 1772 1545 oi-

201 1583 572 1652 κονομηθῆναι
607 1581 820 1652 ψυχῶν,
871 1584 935 1635 τό
979 1600 1038 1636 τε
1095 1584 1196 1653 τῆς
1244 1584 1503 1652 γνώσεως
1546 1584 1772 1648 ἀσθενὲς

199 1673 294 1725 καὶ
323 1671 420 1742 τὴν
448 1673 576 1742 περὶ
625 1676 688 1725 τὰ
723 1675 932 1744 χρηστὰ
963 1673 1247 1746 ῥαστώνην
1299 1674 1455 1744 ἡμῶν
1496 1673 1771 1743 προγινώ-

1869 491 2105 544 haereses
2134 503 2325 542 omnes
2359 487 2738 556 obrepserunt,
2760 502 2882 540 eum
2921 485 3256 550 universam,
3288 495 3346 538 ut
3375 487 3448 540 ita

1869 579 2070 640 dicam,
2105 594 2168 631 eo
2220 587 2462 646 tempore
2506 578 2767 630 adversus
2820 577 3104 630 veritatem
3141 575 3447 642 pharetram

1869 670 2078 724 dzetnon
2101 669 2459 736 exhausisset,
2494 670 2626 723 adeo
2663 677 2723 722 ut
2750 668 2838 721 ille
2872 669 3081 722 nullum
3112 668 3330 721 malitiae
3362 685 3452 730 ge-

1871 776 1973 814 nns
2028 759 2188 814 nobis
2225 759 2574 830 pOSImodutn
2608 759 2806 813 futuris
2849 759 3120 828 reliquum
3161 759 3349 812 fecerit
3383 763 3448 811 aII

1872 852 2228 920 impietatem,
2275 853 2403 905 dum
2458 868 2580 906 cum
2630 851 2868 906 robustis
2907 859 2961 905 et
3024 867 3239 918 semper
3286 836 3454 905 armis

1873 944 1995 997 fidei
2031 943 2318 998 instructis
2349 943 2680 997 adversariis
2733 945 3060 1003 decertaret,
3096 943 3189 1012 qui
3242 943 3322 996 vel
3383 959 3448 992 eo

1873 1032 2109 1085 maxime
2145 1047 2443 1099 puerorum
2483 1033 2704 1084 vulnera
2742 1033 2889 1084 illius
2933 1032 3070 1084 ictus
3121 1027 3451 1100 reputantes,

1874 1119 2116 1176 funditus
2169 1137 2289 1174 eum
2348 1134 2759 1190 oppresserunt,
2821 1125 3105 1178 fraudibus
3140 1137 3192 1178 et
3243 1127 3453 1178 artibus

1871 1214 2248 1268 universarum
2273 1215 2551 1268 haereseon
2581 1216 2808 1277 eversis,
2834 1226 2892 1269 ut
2921 1216 3032 1284 jam
3073 1219 3228 1270 nobis
3263 1234 3450 1273 eorum

1873 1307 2107 1372 posteris
2143 1306 2321 1370 liceat,
2357 1307 2560 1374 absque
2590 1307 2702 1360 ullo
2734 1307 3124 1375 impedimento
3172 1322 3333 1377 atque
3369 1313 3456 1364 in-

1875 1396 2162 1450 commodo
2192 1397 2356 1451 rectis
2373 1397 2717 1466 dogmatibus
2747 1401 3011 1454 tenaciter
3050 1401 3443 1456 adimet-escere.

1875 1483 1943 1537 Et
1973 1485 2104 1538 mihi
2137 1486 2351 1540 videtur
2374 1488 2474 1542 hoc
2499 1501 2642 1543 recte
2662 1491 2982 1558 probequea
3007 1502 3315 1546 nostrorum
3340 1497 3456 1547 ani-

1876 1590 2088 1630 morum
2124 1588 2376 1632 curatore
2405 1590 2602 1636 nostrae
2629 1584 2957 1652 cognitionis
2999 1585 3454 1649 imbecillitatem,

1877 1672 1928 1719 et
1955 1665 2099 1720 circa
2134 1667 2270 1720 bona
2296 1670 2580 1738 segnitiem
2608 1673 2964 1740 przevidente,
2992 1675 3128 1728 bene
3154 1677 3452 1730 admodum

193 1773 410 1816 ἀκοντι.
440 1764 556 1816 ’Καὶ
615 1765 724 1834 γὰρ
756 1765 808 1818 εἰ
847 1782 928 1828 τις
966 1769 1199 1834 αἵρεσις,
1233 1767 1454 1818 ἀπέστω
1484 1766 1541 1818 δὲ
1593 1766 1772 1831 τοῦτο,

1882 1761 2191 1816 ordinatum
2253 1773 2422 1834 atque
2481 1767 2810 1822 instructum
2874 1769 3063 1836 fuisse,
3129 1773 3277 1825 utsi
3334 1787 3456 1842 quae

189 1854 362 1906 ποθὲν
378 1853 588 1924 ἀνεφύη
609 1856 746 1922 πρὸς
767 1855 826 1908 τὸ
851 1856 1045 1928 παρὸν,
1075 1857 1128 1908 τί
1147 1854 1268 1908 ποτ’
1296 1855 1362 1908 ἂν
1389 1855 1776 1926 ἐνεδειξάμεθα

194 1948 443 2014 γενναῖον
465 1947 563 1998 καὶ
595 1946 1047 2016 πεπαιδευμένων
1074 1948 1288 2018 φρενῶν
1323 1946 1474 2016 ἄξιον
1501 1965 1513 2011 ;
1548 1950 1696 2010 ὅπως
1717 1947 1776 2000 δὲ

196 2038 494 2101 συστάντες
532 2034 979 2110 διεμαχεσάμεθα
1013 2041 1152 2109 πρὸς
1183 2040 1378 2108 αὐτὴν,
1415 2040 1589 2098 οὕτως
1623 2040 1772 2108 ἀμαο

195 2129 307 2193 θῶς
330 2131 693 2202 παρατάξεων
734 2131 976 2200 λογικῶν
1008 2131 1228 2200 ἔχοντες
1255 2147 1269 2195 ;
1301 2133 1412 2182 Καὶ
1444 2131 1613 2183 πόθεν
1642 2131 1774 2200 ἐθη-

197 2220 476 2290 ρεύσαμεν
522 2222 582 2274 τὸ
646 2224 1037 2292 κεκρυμμένον
1105 2223 1531 2291 ἀνιχνεύσαντες
1602 2221 1660 2272 ἐν
1699 2220 1778 2291 τῷ

199 2311 357 2380 βάθει
382 2311 476 2364 τοῦ
509 2309 825 2382 ζητήματος
857 2312 1079 2382 ἀληθὲς,
1111 2311 1276 2365 ὁπότε
1308 2312 1368 2365 τὸ
1397 2312 1639 2380 ἀσφαλὲς
1669 2309 1778 2362 τῶν

199 2401 476 2470 κειμένων
501 2402 635 2471 ἡμῖν
667 2402 956 2471 δογμάτων
982 2401 1052 2454 δι’
1081 2399 1376 2470 ἀμέλειαν,
1418 2396 1776 2471 ούδοπωσσῦν

119 2509 135 2522 ·
198 2491 580 2562 ὲπιστᾶμεθας
611 2493 795 2557 καθὼς
823 2494 921 2565 τὴν
941 2493 1080 2565 πρὸς
1110 2494 1288 2546 ταῦτα
1317 2491 1518 2563 πολλὴν
1543 2490 1778 2561 ἀπορίαν

203 2585 359 2654 ἡμῶν
424 2578 582 2646 οὗτος
635 2587 662 2639 ό
708 2586 902 2656 καιρὸς
932 2585 1247 2654 ἁπελέγξας
1300 2583 1370 2637 τὰ
1425 2584 1521 2636 νῦν
1554 2582 1776 2647 ἔδειξεν,

201 2673 366 2744 ήνίκα
400 2675 630 2745 μηδενὸς
685 2674 1017 2744 λαληθέντος
1092 2674 1286 2728 καινοῦ
1338 2675 1659 2728 παντάπασι
1717 2671 1777 2726 τὸ

198 2770 424 2839 φρονεῖν
485 2767 889 2838 ὲσαλεύθημεν.
939 2769 1051 2823 Καὶ
1104 2769 1224 2823 δέον
1259 2769 1614 2831 ἀκούσαντας
1671 2768 1779 2820 τῶν

197 2860 511 2929 λεγομένων
558 2862 829 2933 μηδαμῶς
875 2862 1222 2933 ταραχθῆναι
1257 2863 1351 2915 τὸν
1412 2862 1560 2928 νοῦν,
1607 2859 1777 2930 γινώ-

205 2970 445 3017 σκοντας
480 2955 591 3008 ἀπὸ
621 2955 732 3007 τῶν
759 2954 922 3008 θείων
949 2954 1186 3025 Γραφῶν
1243 2953 1344 3023 τὴν
1375 2954 1476 3022 τῆς
1517 2952 1780 3021 ἀληθείας

199 3041 527 3109 ἀνάπτυξιν,
546 3045 710 3114 ἡμεῖς
735 3044 991 3098 τοσοῦτον
1014 3044 1429 3122 κατεσχέθημεν
1460 3044 1564 3096 ὑπὸ
1588 3043 1772 3108 ζάλης,

198 3131 290 3200 ὖᾷ
321 3128 388 3204 ἦς
421 3133 514 3186 καὶ
542 3134 837 3203 διέστημεν
865 3137 947 3198 εἰς
974 3134 1132 3200 δόξας
1153 3133 1325 3196 ἀδεῶς
1347 3133 1777 3203 ἐμπεπτωκότες

199 3223 430 3288 πολλὰς,
453 3222 595 3278 ὥστε
629 3225 725 3278 καὶ
749 3225 1022 3295 βάλλομεν
1045 3224 1332 3294 ἀλλήλους,
1367 3223 1470 3292 φεῦ
1499 3222 1599 3290 τῆς
1624 3225 1782 3275 ἀναι-

197 3314 460 3386 σθησίαςί
497 3314 572 3378 ὡς
597 3315 664 3368 ἂν
694 3316 752 3367 ὲν
784 3315 1100 3385 σκοτομήνῃ
1126 3315 1254 3377 τινὶ,
1289 3315 1382 3366 καὶ
1413 3312 1502 3365 ὑπ’
1535 3310 1780 3380 ἀλλήλων

199 3406 542 3478 βαλλόμεθα,
581 3407 720 3476 μήτε
763 3407 825 3458 τὸ
869 3405 966 3458 τοῦ
998 3405 1273 3475 δόγματος
1304 3402 1538 3473 ἀκριϐὲς
1573 3402 1779 3463 εἰδότε(⁸

199 3495 262 3560 ἐξ
292 3493 663 3564 ἀναγνώσεως
696 3495 880 3548 αὐτῶν
911 3499 1021 3547 τῶν
1067 3493 1228 3547 θείων
1261 3492 1518 3565 Γραφῶν,
1546 3493 1641 3544 καὶ
1674 3489 1782 3543 τῶν

200 3591 261 3642 ιν
293 3588 521 3651 ταύταις
556 3587 719 3658 ἱερῶν
750 3587 974 3655 λογίων,
1005 3586 1062 3639 εῐ
1094 3586 1175 3648 τίς
1199 3603 1302 3638 που
1338 3587 1634 3655 προφέρει,
1676 3600 1784 3653 μη-

198 3681 414 3734 δοτιοῦν
450 3680 765 3744 ἐπαΐοντες,
795 3678 872 3742 ὡς
898 3678 1130 3741 δικαίως
1165 3675 1561 3748 κληρώσασθαι
1593 3676 1690 3728 καὶ
1721 3675 1781 3728 τὸ

203 3771 374 3842 ῥηθὲν
400 3773 552 3840 παρά
589 3788 683 3823 του
715 3770 824 3823 τῶν
856 3769 1098 3842 θύραθεν
1127 3768 1398 3838 ποιητῶν,
1429 3769 1491 3822 τὸ
1523 3767 1660 3838 πρὸς
1680 3767 1782 3834 τὴν

201 3862 473 3932 ἀλήθειαν
513 3863 726 3932 ἀχρεῖοι
748 3860 952 3932 δηλαδὴ
974 3861 1071 3914 καὶ
1099 3856 1358 3916 εἶναικαὶ
1391 3858 1780 3929 ὀνομάζεσθαι.

203 3950 466 4004 Τοιοῦτον
505 3952 566 4003 τὸ
594 3953 869 4022 ἡμέτερον
897 3950 994 4004 νῦν
1029 3951 1093 4002 έκ
1128 3949 1428 4020 διαμέτρου
1458 3953 1571 4013 τοῖς
1605 3949 1782 4002 έκπα-

199 4042 318 4097 λαι.
346 4043 459 4096 Καὶ
482 4042 587 4095 οὐκ
614 4043 794 4110 ἀγνοῶ
816 4042 877 4095 τὸ
907 4040 1314 4112 προσίστασθαι
1337 4042 1546 4102 τούτοις
1567 4038 1784 4103 δοκοῦν,

199 4137 346 4207 ὅπερ
386 4135 452 4189 ἄν
489 4151 576 4197 τις
611 4135 775 4205 τυχὸν
823 4136 904 4197 είς
951 4133 1014 4186 τὸ
1067 4132 1234 4202 μέσον
1258 4132 1618 4203 προτείνειεν,
1651 4130 1727 4193 ὡς
1757 4133 1786 4184 ὁ

199 4229 334 4290 τοὺς
365 4227 505 4280 κατά
528 4227 620 4278 τὸν
657 4226 850 4294 καιρὸν
891 4226 1104 4277 ἐκεῖνον
1153 4223 1389 4293 δύναμιν
1445 4220 1784 4292 περιζώσας,

200 4321 305 4374 καὶ
336 4319 408 4372 τὰ
444 4319 580 4390 πρὸς
617 4317 905 4370 εὐσέϐειαν
963 4314 1304 4377 καθοπλίσας
1340 4315 1496 4378 Θεὸς,
1527 4316 1687 4384 είπερ
1717 4310 1786 4384 ἦν

1879 1851 2122 1917 haeresis,
2165 1856 2307 1923 quod
2347 1856 2510 1920 absit,
2548 1859 2770 1914 aliunde
2817 1860 2920 1914 hoc
2978 1863 3238 1931 temporis
3271 1865 3456 1916 exori-

1879 1953 2048 2006 retur,
2077 1952 2390 2012 suppeteret
2415 1961 2738 2014 generosum
2794 1949 3072 2018 quidpiam
3128 1961 3182 2004 et
3225 1953 3459 2007 eruditis

1878 2033 2154 2088 mentibus
2175 2035 2420 2104 dignum,
2442 2053 2552 2105 quo
2574 2038 2877 2092 confirmati
2911 2043 3303 2110 constitutiqne
3335 2059 3458 2097 eam

1879 2137 2342 2192 oppugnaremus,
2379 2128 2470 2194 qui
2511 2143 2691 2181 rerum
2723 2128 3134 2183 dialecticarum
3193 2144 3456 2199 apparatu

1877 2212 2134 2268 instructi
2189 2215 2415 2272 minime
2471 2233 2686 2273 sumus.
2746 2220 2812 2274 Et
2865 2221 3135 2275 undenam
3180 2223 3459 2276 veritatem

1879 2307 2207 2360 occultatam
2265 2309 2320 2362 in
2358 2311 2630 2380 profundo
2679 2313 3010 2380 quaestionis
3066 2315 3461 2384 investigantes

1876 2397 2197 2467 explicaturi
2236 2415 2503 2464 essemus,
2565 2403 2659 2473 qui
2690 2405 3018 2457 traditorum
3052 2405 3211 2458 nobis
3240 2405 3464 2475 dogma-

1880 2493 1992 2540 tutn
2045 2489 2395 2544 securitatem
2435 2493 2506 2545 ob
2535 2494 2919 2562 negligentiam
2972 2495 3121 2548 nullo
3157 2496 3318 2548 modo
3359 2511 3454 2548 co-

1879 2582 2222 2656 gnoscimus,
2255 2583 2332 2636 uti
2365 2583 2641 2654 ingentem
2674 2595 2916 2640 nostram
2959 2586 3024 2639 ad
3065 2587 3262 2640 similia
3295 2589 3463 2642 insci-
3552 2571 3560 2579 ί

1881 2674 2010 2726 tiam
2044 2673 2146 2728 hoc
2182 2681 2397 2744 tempus
2430 2690 2734 2745 coarguens
2761 2670 3176 2742 demonstravit,
3205 2679 3333 2732 dum
3364 2695 3461 2732 no-

1879 2778 2008 2818 vum
2042 2778 2151 2817 non
2206 2765 2299 2831 sit,
2333 2765 2479 2834 quod
2532 2766 2584 2819 in
2627 2781 2882 2822 sermone
2937 2769 3222 2823 hominum
3265 2768 3458 2834 fertur,

1879 2863 1935 2908 et
1968 2869 2068 2910 nos
2096 2855 2164 2909 de
2195 2865 2376 2909 mente
2408 2856 2734 2923 decidimus,
2767 2868 2822 2912 et
2849 2875 2971 2914 cum
3010 2876 3147 2929 opus
3175 2871 3320 2916 esset
3345 2872 3463 2916 sta-

1883 2945 2013 2999 tutis
2061 2945 2451 3014 obsequentes,
2488 2957 2544 3002 et
2576 2960 2973 3017 cognoscentes
3021 2967 3086 3005 ex
3136 2951 3339 3006 divinis
3373 2953 3466 3006 lit-

1884 3036 2016 3090 teris
2063 3037 2309 3094 veritatis
2366 3042 2788 3107 expositionem,
2840 3058 2870 3096 a
2923 3053 3101 3098 mente
3147 3060 3252 3097 non
3286 3045 3466 3098 dimo-

1882 3126 2018 3188 veri,
2077 3143 2177 3182 nos
2201 3131 2534 3183 tantumdem
2562 3130 2922 3199 opprimimur
2956 3131 3325 3195 ﬂuctuatione,
3357 3148 3464 3202 qua

1880 3219 2184 3275 scindimur
2232 3230 2285 3273 et
2331 3221 2383 3272 in
2427 3208 2626 3274 multas
2665 3220 2950 3290 opiniones
3003 3225 3262 3276 audacter
3293 3232 3346 3276 et
3405 3225 3465 3277 li-

1881 3326 2069 3367 center
2106 3313 2426 3376 incidimus,
2465 3322 2526 3365 ut
2579 3322 2795 3368 nosmet
2853 3323 3044 3367 mutuo
3094 3315 3464 3383 percutiamus

1883 3404 2014 3472 (heu
2036 3404 2360 3474 stuporem!)
2385 3405 2546 3459 veluti
2578 3405 2630 3458 in
2660 3405 2933 3474 profunda
2953 3407 3206 3475 caligine,
3227 3416 3280 3460 et
3306 3409 3468 3460 vicis-

1882 3495 1984 3550 sim
2030 3499 2422 3564 percutiamur,
2484 3511 2660 3563 neque
2697 3497 3024 3565 exquisitam
3057 3498 3324 3565 dogmatis
3375 3514 3466 3550 ra-

1883 3587 2084 3641 tionem
2121 3595 2389 3652 tenentes,
2423 3602 2545 3656 quae
2578 3588 2740 3641 nobis
2766 3603 2832 3642 ex
2886 3588 3120 3642 lectione
3151 3589 3461 3643 divinarum

1885 3675 2309 3746 Seripturarum,
2328 3686 2382 3730 et
2402 3693 2468 3731 ex
2498 3679 2604 3732 illis
2619 3693 2740 3747 qua:
2768 3679 2900 3733 inibi
2922 3681 3301 3748 sunteloquia,
3322 3697 3464 3746 sng-

1883 3769 2111 3837 geritur,
2145 3778 2198 3822 et
2231 3767 2272 3822 si
2298 3767 2422 3836 quis
2442 3767 2497 3820 in
2533 3769 2771 3822 medium
2805 3771 3010 3838 aliquid
3047 3772 3271 3838 profert,
3302 3773 3366 3825 ad
3400 3775 3466 3824 ii-

1885 3861 1994 3913 Ium
2023 3860 2353 3914 audiendum
2383 3862 2600 3915 animos
2633 3876 2739 3915 non
2769 3862 3054 3932 erigimus,
3085 3872 3142 3917 nt
3173 3865 3362 3918 merito
3396 3868 3465 3920 de

1885 3951 2044 4004 nobis
2074 3950 2182 4004 dici
2215 3937 2409 4019 possit,
2451 3952 2596 4022 quod
2628 3967 2656 4006 a
2692 3962 2849 4021 poeta
2878 3963 3034 4008 extra
3064 3954 3267 4008 Christi
3301 3959 3464 4009 st-hn-

1886 4044 1990 4097 lam
2033 4043 2448 4112 pronuntiatum
2496 4054 2602 4108 est,
2640 4046 2708 4099 ad
2746 4046 3028 4100 veritatem
3058 4050 3462 4116 agnoscendum

1886 4132 2102 4202 ineptos
2141 4146 2243 4187 nos
2271 4134 2482 4188 scilicet
2515 4150 2639 4189 esse
2669 4146 2723 4189 et
2769 4139 3072 4206 nuncupari
3107 4138 3129 4191 ?
3159 4137 3249 4193 Sic
3281 4153 3468 4194 nosu-r

1890 4225 1977 4280 hic
2013 4234 2064 4280 et
2095 4225 2353 4294 antiquus
2381 4235 2554 4281 status
2578 4237 2632 4281 et
2661 4229 2924 4294 conditio,
2958 4231 3366 4298 perpendiculo,
3389 4234 3466 4284 nsi

1889 4318 2066 4382 aiunt,
2118 4316 2259 4370 inter
2315 4333 2373 4372 se
2421 4317 2652 4372 distant.
2708 4319 2816 4373 Nec
2849 4337 2935 4374 me
2963 4320 3111 4384 latet,
3144 4325 3288 4390 quod
3319 4323 3468 4391 ipsus

199 4412 366 4482 χρεία
402 4411 498 4462 καὶ
529 4409 671 4461 κατά
690 4408 749 4460 τὸ
771 4405 946 4478 παρὸν
973 4405 1234 4459 τοιούτων
1256 4405 1468 4475 ἀνδρῶν
1502 4405 1781 4474 μεγάλων,

1889 4409 2182 4462 obfirmare
2240 4409 2476 4471 videtur,
2509 4419 2563 4462 et
2603 4410 2747 4478 quod
2797 4426 3074 4464 nonnemo
3118 4413 3172 4465 in
3229 4414 3464 4466 medium

197 4507 228 4556 ὁ
257 4502 425 4563 αὐτὸς
449 4501 672 4561 πάντως
709 4497 776 4550 ἂν
811 4497 978 4550 πάλιν
1030 4497 1330 4563 ἀνέδειξεν.
1362 4495 1508 4566 Πλὴν
1538 4493 1655 4548 οἶδα
1687 4512 1784 4548 σα-

197 4593 326 4663 φῶς
369 4593 465 4645 καὶ
501 4592 582 4643 ὅτι
642 4589 893 4663 βούλεται
935 4589 1307 4659 προηγεῖσθαι
1353 4588 1609 4655 σώφρονα
1647 4587 1782 4656 βίον,

195 4655 284 4747 οἷς
321 4683 512 4752 μέλλει
540 4655 868 4752 τὴν-ἐαυτοῦ
897 4655 1656 4750 χάριννέπιδαψιλεύσασθαι,
1691 4679 1787 4731 καὶ

199 4774 434 4846 σεμνόν.
471 4773 674 4826 Τούτου
707 4772 764 4824 δὲ
807 4773 911 4824 κᾶν
965 4771 1014 4822 ei
1069 4771 1258 4824 καὶτὸ
1301 4772 1476 4842 πέρας
1515 4770 1575 4836 ὲξ
1621 4771 1786 4824 αὑτοῦ

197 4869 319 4930 τοῖς
364 4865 611 4935 μετιοῦσι
644 4863 1006 4936 βραϐεύηται,
1038 4864 1173 4925 τέως
1205 4863 1250 4916 δ’
1276 4862 1370 4916 οῦν
1397 4865 1460 4916 τό
1493 4881 1555 4932 γε
1581 4867 1786 4934 κατάρ-

198 4958 406 5024 ξασθαι
436 4955 738 5025 προθύμως
761 4957 861 5024 τῆς
891 4955 1288 5024 προαιρέσεως,
1322 4954 1388 5024 ἢν
1419 4956 1621 5008 ἐκεῖνοι
1654 4973 1788 5026 κτη-

198 5049 465 5115 σάμενοι,
507 5045 712 5116 μᾶλλον
749 5045 806 5098 δὲ
845 5043 1294 5114 πεπλουτηκότες
1329 5043 1470 5095 κατὰ
1499 5043 1656 5106 Θεὸν,
1693 5047 1788 5098 ἐπὶ

194 5138 371 5190 τόσον
401 5137 604 5208 ἀρετῆς
634 5131 773 5207 ἦκον
802 5135 903 5206 τὴν
950 5135 1215 5204 πρόθεσιν
1242 5133 1410 5186 αὑτοῦ
1458 5133 1787 5186 τελειώσαν-

192 5245 321 5292 τος,
354 5229 428 5289 ὼς
487 5230 581 5280 καὶ
632 5227 815 5297 λύχνοι
847 5227 1035 5280 λοιπὸν
1061 5225 1403 5297 χρηματίσαι
1439 5229 1788 5295 περιφανεῖς,

194 5321 372 5388 λόγον
401 5320 548 5388 ζωῆς
577 5317 751 5372 ἅπασι
785 5321 896 5381 τοῖς
922 5318 1109 5382 ἄλλοις
1153 5319 1445 5386 ἐπέχοντες
1469 5334 1482 5349 ·
1521 5309 1584 5370 οῦ
1624 5317 1788 5388 χάριν

195 5422 306 5472 καὶ
337 5419 434 5488 τῆς
460 5418 666 5471 ἄνωθεν
697 5417 886 5485 σοφίας
922 5416 1122 5478 αὐτοὺς
1163 5417 1190 5468 ὁ
1237 5417 1397 5485 μόνος
1451 5414 1613 5482 σοφὸς
1649 5415 1792 5464 κατὰ

196 5508 378 5576 φύσιν
411 5508 698 5578 ἐνέπλησε,
737 5507 806 5560 δι’
859 5501 926 5577 ἧς
967 5505 1062 5559 τοῦ
1107 5505 1285 5558 δολίου
1338 5507 1434 5559 καὶ
1478 5507 1789 5574 ἀρχεκάκου

193 5601 509 5671 δράκοντος
540 5598 942 5664 καταϐαλόντες
969 5599 1038 5652 τὰ
1065 5597 1535 5668 πανουργεύματα
1562 5598 1656 5650 καὶ
1691 5597 1792 5660 τὰς

196 5692 494 5761 μηχανὰς,
522 5688 665 5757 λέγω
694 5691 796 5752 τὰς
827 5690 1180 5751 παντοδαπὰς
1204 5691 1470 5757 αἱρέσεις,
1497 5687 1564 5751 ἃς
1599 5686 1789 5757 ἐξεῦρε

1890 4498 2029 4553 forte
2084 4499 2425 4568 produxerit,
2477 4501 2732 4554 eumdem
2791 4517 2985 4569 nempe
3042 4503 3242 4570 ipsum,
3276 4507 3366 4572 qui
3400 4521 3467 4555 eo

1891 4601 2132 4658 tempore
2165 4592 2288 4645 illos
2320 4591 2646 4646 fortitudine
2677 4594 3082 4655 cirrumcinxit,
3118 4604 3172 4647 ct
3201 4596 3264 4647 ad
3301 4597 3470 4660 pieta-

1891 4692 1996 4737 tem
2029 4687 2264 4738 armavit
2297 4685 2487 4749 Dcum,
2521 4687 2563 4740 si
2604 4688 2656 4739 in
2691 4687 2944 4755 pru'senli
2972 4689 3133 4740 etiam
3170 4691 3469 4743 necessitas

1892 4785 2131 4845 urgeret,
2155 4786 2209 4830 et
2245 4777 2518 4832 similibus
2553 4782 2767 4848 magnis
2795 4779 3109 4833 hominibus
3141 4796 3279 4849 opus
3329 4792 3474 4834 esset

1890 4870 2113 4922 omnino
2169 4869 2366 4924 iterum
2419 4881 2996 4926 commonstratutum.
3059 4876 3309 4927 Attamen
3357 4875 3478 4942 pla-

1891 4975 1960 5014 ne
1989 4961 2106 5030 ipse
2132 4963 2285 5027 novi,
2321 4963 2482 5016 vitam
2521 4966 2866 5032 prudentem,
2915 4973 2970 5019 et
3001 4982 3027 5018 a
3073 4969 3216 5020 vitiis
3249 4982 3472 5021 vat-nan

1892 5053 2087 5120 praeire
2146 5068 2370 5107 necesse
2421 5069 2546 5108 esse
2577 5047 2646 5107 lin
2701 5056 2832 5120 illis,
2883 5058 3105 5124 quibus,
3145 5057 3263 5124 ejus
3298 5070 3474 5124 grana

1893 5143 2172 5196 affluenter
2201 5143 2550 5197 concedenda
2589 5155 2692 5200 est.
2749 5145 2922 5214 Hujus
2957 5158 3136 5200 autem
3175 5148 3295 5198 linis
3352 5147 3478 5198 lit-vt

1893 5231 2283 5286 exercentibus
2311 5233 2562 5297 dedatur,
2605 5235 2968 5289 nihilominus
3010 5246 3259 5303 prompto
3290 5237 3477 5287 animo

1895 5323 2160 5390 propositi
2219 5323 2653 5392 aggressionem,
2707 5342 2830 5380 cum
2895 5326 2969 5378 illi
3024 5324 3261 5378 Numine
3311 5325 3476 5376 etiarn

1894 5428 2053 5481 opem
2094 5413 2302 5469 ferente
2334 5415 2554 5470 abunde
2590 5419 2984 5484 possedissent,
3029 5417 3080 5467 in
3125 5404 3337 5468 tantum
3370 5418 3480 5467 vir-

1897 5505 2028 5559 tutis
2078 5520 2394 5573 pervenere,
2425 5508 2716 5562 consilium
2767 5509 3063 5577 providens
3111 5509 3476 5572 absolventes,

1898 5609 1955 5650 ut
1983 5607 2037 5650 et
2093 5598 2329 5653 lucernae
2370 5598 2424 5653 in
2461 5610 2736 5669 posterum
2789 5601 3219 5667 praeclarissima:
3250 5602 3474 5653 exstite-

1901 5691 2030 5754 rint,
2069 5692 2191 5746 vitm
2231 5692 2496 5746 rationem
2546 5690 2666 5744 aliis
2699 5690 2954 5744 omnibus
2993 5692 3476 5761 exltilientes,pt'o-
