3970 6458
320 339 463 401 1'89

1172 334 1272 396 DE
1308 332 1831 396 PRUCESSIONE
1872 332 1931 393 S.
1978 328 2339 391 SPIRITUS
2378 329 2596 390 ORAT.
2644 330 2721 390 Il.

3432 332 3568 396 111‘0

322 450 418 502 τοῦ
454 446 605 505 Υίοῦ.
645 449 735 498 καῖ
765 447 859 515 τῆς
911 444 1246 514 ὐπερχρόνου
1285 444 1381 496 καὶ
1412 444 1614 512 σεπτῆς
1644 442 1895 510 θεότητος

2009 446 2214 493 rcrunt.
2242 436 2305 491 Et
2351 452 2414 492 ex
2447 438 2651 492 sanctis
2682 452 2821 506 qu-s
2853 435 3157 493 indicamus
3187 453 3348 493 nemo
3372 454 3435 493 ex
3472 440 3573 507 by-

327 541 492 593 αὐτοῦ
517 539 739 600 τελείως
780 539 1055 607 ἀμέτοχον
1076 552 1090 566 ο
1123 535 1241 588 ἀνθ’
1271 528 1345 589 ὧν
1386 534 1894 604 ἀποσκευαζόμενοι

329 633 389 686 τὸ
420 635 478 685 ὲν
507 632 716 691 τούτοις
760 629 1018 690 δυσσεϐὲς
1056 630 1103 680 οἱ
1134 628 1234 695 τῆς
1272 627 1487 697 ἀπάτης
1521 626 1892 696 στηλιτευταὶ,

326 722 392 775 “to
423 721 644 791 Πνεῦμα
676 721 734 772 τὸ
762 720 915 787 ἅγιον
945 721 1052 772 κὰκ
1082 718 1183 789 τῆς
1221 717 1409 779 οὐσίας
1451 717 1546 768 τοῦ
1599 716 1734 768 Θεοῦ
1768 731 1899 779 τυγρ

329 814 513 882 χάνειν
560 812 738 882 ὀρθῶς
788 791 1171 878 ὲδογμάτισσν.
1224 809 1341 861 Οὐκ
1391 807 1496 875 ἔφη
1531 808 1586 860 δὲ
1641 808 1749 859 κάκ
1796 805 1896 875 τῆς

330 904 681 965 ὑποστάσεως
707 901 801 955 τοῦ
846 900 976 955 Υἱοῦ
1015 900 1124 953 τῶν
1157 900 1562 970 διαληφθέντων
1593 899 1762 965 ἁγίων
1807 898 1895 950 οὐο

329 994 456 1056 δεὶς,
497 994 689 1045 καθότι
720 993 845 1062 μηδ’
881 992 1261 1061 ἁμφεὸάλλετο
1295 992 1363 1044 τὰ
1395 996 1526 1059 περὶ
1567 990 1760 1042 τούτου
1796 1006 1899 1059 μη-

328 1086 439 1137 δενὶ
474 1085 585 1137 τῶν
625 1085 881 1138 ἁπάντων
909 1084 972 1136 τὸ
1002 1070 1244 1137 σύνολον.
1276 1084 1347 1135 Τὸ
1392 1082 1499 1150 γὰρ
1528 1081 1688 1152 οὐσίᾳ
1710 1098 1896 1149 κπροσ-

330 1159 583 1240 κείμενον
611 1173 692 1233 τὸ,
728 1172 872 1233 Υίδς,
908 1172 1044 1239 ὅπερ
1081 1170 1444 1224 ὑποστατικδν
1485 1170 1655 1233 ὅντως
1702 1169 1895 1235 ὄνομα,

330 1262 510 1312 πᾶσαν
587 1260 835 1327 πονηρὰν
901 1259 1141 1327 ὑποψίαν
1196 1259 1414 1329 μακρὰν
1469 1259 1642 1310 ἐδίδου
1701 1263 1895 1311 ποιεῖν.

332 1350 521 1402 Ἔνθεν
546 1351 801 1419 περισσὸν
828 1351 1003 1403 ἐδόκει
1024 1352 1086 1402 τὸ
1113 1352 1176 1403 ὲκ
1199 1349 1300 1417 τῆς
1329 1348 1702 1410 ὑποστάσεως.
1730 1344 1901 1411 Οὗτος

330 1437 451 1494 κατ’
473 1439 728 1509 ἀλήθειαν
754 1442 781 1493 ό
809 1442 963 1509 λόγος
983 1443 1097 1494 ἐστὶ
1120 1441 1213 1493 τοῦ
1238 1444 1364 1504 τοὺς
1386 1444 1684 1512 θεηγόρους
1709 1444 1900 1494 ἐνταυ-

330 1533 414 1584 θοῖ
474 1530 727 1600 Πατέρας
759 1532 915 1601 ἡμῶν
973 1534 1082 1585 κάκ
1131 1532 1230 1600 τῆς
1282 1533 1470 1594 οὐσίας
1510 1533 1604 1585 τοῦ
1660 1534 1790 1586 Υίοῦ
1839 1534 1900 1585 τὸ

333 1621 553 1690 Πνεῦμα
580 1623 641 1674 τὺ
661 1622 818 1690 ἅγιον
841 1624 1043 1690 λέγειν,
1075 1622 1136 1675 οὐ
1167 1624 1273 1691 μὴν
1300 1626 1362 1675 ὲκ
1392 1622 1492 1690 τῆς
1522 1624 1895 1688 ὑποστάσεως,

331 1701 375 1774 ᾧ
415 1709 514 1761 καὶ
546 1710 833 1762 συνθέσθαι
856 1712 984 1773 τοὺς
1016 1711 1259 1773 ἅπαντας
1288 1712 1417 1781 χρὴ,
1448 1713 1691 1781 μηδόλως
1733 1714 1900 1782 μηδὲν

1999 528 2200 596 postasi
2246 526 2362 580 Filii
2393 527 2546 590 diuit,
2582 529 2726 595 quo.l
2763 526 2962 594 nemini
2998 536 3109 581 ttnn
3136 527 3203 581 de
3228 528 3320 580 illo
3346 543 3574 597 prorsus

1998 619 2261 673 dubitatio
2309 630 2446 675 erat.
2490 618 2733 687 Namque
2778 622 3034 686 praelixus
3082 619 3333 673 essentia:
3382 619 3572 680 Filius,

1998 713 2143 781 quod
2196 715 2355 781 plane
2409 726 2605 765 nomen
2657 710 2963 781 liypostasis
3012 720 3116 773 est,
3169 711 3248 764 vel
3292 706 3571 764 InimmaLi

2000 804 2420 868 dubisationem,
2453 798 2574 871 qua-
2631 803 2868 857 ineertos
2901 803 3115 857 animos
3149 802 3419 865 redderet,
3451 804 3574 854 lon-

2000 909 2064 963 ge
2118 894 2371 964 pellebat.
2425 892 2562 947 llinc
2601 909 3062 960 supervacaneum
3109 895 3392 947 videbatm-
3442 893 3572 945 illttl

1999 1000 2062 1038 ex
2094 985 2374 1053 bypostasi
2408 983 2632 1038 addere.
2662 986 2789 1038 Haec
2817 995 2901 1038 est
2928 987 3213 1038 Verissima
3250 984 3386 1036 ratio
3406 998 3578 1051 quare

2001 1076 2236 1146 deiloqui
2307 1078 2475 1129 uestri
2521 1076 2709 1130 Patres
2750 1092 2813 1129 ex
2854 1078 3089 1128 essentia
3141 1074 3262 1129 Filii
3299 1075 3561 1142 Spiritum

2005 1178 2257 1221 sanctum
2308 1167 2566 1228 dixerint,
2620 1182 2726 1219 non
2777 1182 2904 1219 vero
2941 1180 3004 1217 ex
3047 1166 3343 1233 bypostasi.
3381 1166 3466 1219 eni
3500 1166 3569 1216 ab

2003 1257 2276 1310 universis
2313 1272 2594 1318 assensus,
2631 1256 2776 1308 omni
2808 1254 3144 1308 dubitatione
3176 1270 3408 1317 semota,
3443 1270 3575 1321 pra:-

2006 1349 2218 1402 liendns
2252 1360 2357 1401 est.
2401 1348 2537 1400 Cum
2572 1349 2754 1401 dicere
2784 1364 2847 1401 ex
2878 1348 3113 1399 essentia
3142 1345 3413 1413 Unigeniti
3452 1347 3582 1411 Spi-

1992 1439 2167 1491 ‘ritutn
2228 1450 2477 1492 sanctum
2523 1456 2665 1503 esse,
2719 1449 2945 1492 nonest
2995 1436 3237 1491 (lividere
3278 1436 3471 1489 Filium
3526 1439 3580 1489 in

2004 1528 2142 1581 banc
2168 1529 2459 1582 essentiam
2492 1538 2546 1580 et
2593 1531 2731 1580 lianc
2762 1528 3122 1595 liypostasim,
3172 1529 3582 1595 intelligereqne

2004 1619 2143 1671 lianc
2159 1634 2225 1672 ex
2253 1634 2357 1672 una
2391 1630 2558 1688 parte,
2594 1623 2921 1683 essentiam,
2955 1620 3203 1687 inquam,
3238 1620 3461 1671 alteram
3492 1634 3584 1670 ve-

2003 1725 2065 1764 ro
2095 1725 2191 1779 per
2225 1726 2304 1775 se,
2332 1711 2662 1779 lrypostasiin
2694 1712 2924 1776 Scilicet,
2967 1713 3047 1765 sic
3076 1712 3219 1763 enim
3265 1720 3315 1763 et
3346 1710 3583 1779 Spiritus

336 1801 737 1864 ἐνδοιάζοντας.
798 1803 1017 1871 Ἐπειδὴ
1041 1803 1099 1855 τὸ
1129 1804 1358 1869 φάσκειν
1385 1804 1448 1859 ὲκ
1477 1807 1574 1885 τῖλς
1597 1804 1783 1866 οὐσίας
1814 1822 1903 1857 τε-

2009 1813 2231 1857 sanctus
2262 1814 2407 1859 esset
2469 1820 2534 1859 ex
2596 1805 2801 1873 seipse,
2844 1805 2984 1871 quod
3019 1819 3123 1856 una
3154 1803 3458 1870 eademque
3509 1804 3583 1854 sit.

331 1895 444 1946 λεϊν
474 1895 533 1947 τὸ
557 1893 783 1965 Πνεῦμα
804 1897 863 1947 τὸ
893 1895 1047 1962 ἅγιον
1067 1894 1159 1947 τοῦ
1183 1893 1523 1962 Μονογενοῦς
1545 1896 1603 1948 οὐ
1631 1896 1903 1966 διαιρούν-

331 1999 437 2035 των
471 1985 687 2052 πέφυκε
715 1985 808 2039 τὸν
849 1985 977 2038 Υίδν
1007 1986 1086 2047 είς
1109 1985 1317 2055 ταύτην
1345 2002 1404 2037 τε
1445 1988 1545 2055 τὴν
1584 1986 1774 2038 οὐσίαν
1806 1986 1901 2039 καὶ

333 2070 426 2141 τὴν
478 2070 795 2136 ὑπόστασιν,
841 2074 938 2126 καὶ
982 2073 1249 2127 νοούντων
1299 2076 1400 2145 τὴν
1452 2075 1551 2142 μὲν
1606 2076 1903 2146 ἀναμέρος,

334 2164 427 2231 τὴν
451 2164 640 2217 οὐσίαν
666 2166 830 2235 φημὶ,
861 2163 959 2235 τὴν
980 2166 1036 2218 δέ
1067 2182 1129 2235 γε
1164 2167 1356 2237 λοιπὴν
1395 2167 1524 2237 ίδίᾳ,
1571 2166 1774 2236 δηλαδὴ
1804 2169 1901 2238 τὴν

330 2253 626 2307 ὑπόστασιν
652 2272 665 2284 ·
693 2255 834 2308 οὕτω
857 2258 952 2309 καὶ
985 2256 1093 2327 γὰρ
1142 2258 1437 2328 ἐτύγχανεν
1470 2257 1536 2311 ἂν
1566 2258 1625 2310 τὸ
1678 2258 1900 2329 Πνεῦμα

2007 1897 2245 1949 essentia
2279 1894 2401 1953 Filii
2452 1908 2505 1950 et
2541 1896 2801 1965 Spiritus.
2839 1896 2984 1965 quod
3026 1905 3172 1950 esset
3203 1896 3447 1948 omnium
3480 1895 3582 1947 ab-

2004 1988 2388 2041 surdissimum
2421 2004 2433 2040 :
2464 1988 2580 2051 sed,
2640 1986 2714 2041 uti
2754 1986 2998 2050 addecet,
3036 1995 3219 2040 tenere
3259 2002 3364 2039 una
3416 1982 3584 2038 Simul

2004 2087 2296 2147 utrumque
2313 2079 2684 2145 conjunctuin.
2714 2078 2849 2131 Iiinc
2874 2081 3180 2131 necessario
3220 2078 3288 2131 ab
3314 2077 3573 2130 omnibus

2005 2186 2124 2223 mos
2168 2172 2435 2239 gerendus
2489 2178 2574 2224 est
2628 2169 2805 2231 nobis,
2849 2177 2903 2222 et
2951 2167 3111 2221 dictis
3144 2168 3369 2231 nostris,
3402 2175 3460 2219 ut
3492 2166 3583 2216 illa

2005 2263 2412 2332 proposuimus,
2442 2264 2796 2316 audiendum.

330 2350 389 2403 τδ
417 2349 571 2416 ἅγιον
604 2350 699 2401 καὶ
729 2347 787 2412 ἐξ
824 2348 1017 2401 ἑαυτοῦ
1049 2350 1136 2403 διὰ
1174 2351 1235 2403 τὺ
1265 2352 1365 2421 τῆς
1401 2351 1594 2414 οὐσίας
1623 2350 1717 2403 τοῦ
1760 2352 1897 2404 Θεοῦ
1938 2354 2116 2423 Λόγου
2142 2356 2432 2424 μοναδικδν
2500 2355 2713 2408 καὶτοῦ
2757 2355 3101 2424 Πνεῦματος,
3132 2354 3271 2423 ὅπερ
3316 2351 3379 2420 δὴ
3427 2349 3593 2403 καθέ-

332 2462 534 2513 οτηκεν
570 2445 788 2508 ἀληθῶς
812 2445 921 2498 τῶν
951 2448 1315 2501 ἀτοπωτάτων
1388 2448 1759 2512 παντάπασιν,
1799 2450 1933 2503 ἀλλὰ
1973 2453 2338 2522 φρονούντων,
2367 2451 2625 2519 καθάπερ
2658 2450 2825 2517 είκδς,
2896 2451 3177 2518 ἡνωμένον
3225 2448 3286 2499 τὸ
3314 2444 3591 2514 συναμφό.

331 2553 508 2607 τερον.
544 2537 737 2588 Ἔνθεν
794 2551 876 2586 τοι
938 2535 1029 2587 καὶ
1064 2535 1145 2589 δεῖ
1175 2537 1456 2606 γεγονέναι
1508 2536 1635 2598 τοὺς
1694 2539 1903 2602 πάντας
1940 2542 2294 2605 καταπειθεῖς
2362 2542 2452 2595 τὸν
2485 2541 2719 2612 ρηθέντα
2755 2542 2953 2611 μικρὶν
3014 2538 3222 2593 ἄνωθεν
3251 2538 3408 2606 λόγον
3452 2538 3591 2606 ἡμῖν

334 2630 682 2700 στέρξαντας.

405 2729 475 2775 κ’.
517 2724 577 2774 Εί
608 2724 663 2776 δὲ
698 2726 792 2777 καὶ
830 2726 1152 2795 πρδςαύτὸν
1194 2727 1505 2792 διστάζουσι
1530 2729 1637 2783 τῶν
1684 2729 1780 2783 ἀπ’
1813 2732 1912 2799 ἁρ-

2087 2729 2177 2784 20.
2206 2727 2412 2794 Quodsi
2445 2726 2536 2797 qui
2588 2742 2614 2778 ο
2642 2726 2908 2795 principio
2940 2740 3062 2780 cum
3098 2726 3257 2780 nobis
3285 2725 3591 2780 simultates

333 2813 438 2884 χῆς
473 2814 891 2884 ἀνθεστηκότων
922 2817 1089 2882 τινὲς,
1122 2819 1182 2871 τὸ
1206 2821 1270 2871 ἐκ
1292 2820 1391 2887 τῆς
1421 2821 1608 2884 οὐσίας
1638 2820 1822 2891 ’ἐτερόν
1855 2839 1908 2874 τι

2016 2830 2403 2885 exercuerunt,
2458 2819 2635 2885 adhuc
2688 2819 2754 2869 de
2787 2833 2851 2872 eo
2876 2818 3218 2877 adiluliitant,
3252 2818 3592 2885 suspicantes

334 2907 488 2975 παρὰ
512 2906 700 2959 τοῦτον
726 2908 921 2977 δηλοῦν
952 2910 1375 2975 ὑποπτεύοντες,
1408 2913 1466 2965 ai
1519 2913 1649 2980 γοῦν
1681 2915 1909 2983 χρήσεις

2013 2914 2161 2969 aliud
2222 2911 2502 2982 quippiam
2567 2921 2890 2972 connotare,
2944 2916 3183 2962 attamen
3240 2910 3592 2963 auctoritates

335 3000 393 3050 αί
449 2999 635 3066 σαφῶς
692 2999 1194 3072 διαμαρτυρόμεναι
1244 3004 1306 3056 τὸ
1363 3005 1587 3072 Πνεῦμα
1638 3006 1699 3057 τὸ
1747 3003 1905 3072 ἅγιον

2011 3007 2171 3075 plane
2194 3009 2459 3057 testantes
2496 3000 2760 3070 Spiritum
2797 3009 3046 3053 sanctum
3077 3002 3342 3052 exsistere
3365 3014 3426 3050 ex
3456 2996 3593 3051 Filio

337 3090 607 3159 ὑπάρχειν
639 3094 702 3144 ἐκ
739 3093 834 3144 τοῦ
870 3092 1001 3145 Υἱοῦ
1033 3094 1124 3145 τὸν
1156 3095 1424 3162 ἡμέτερον
1464 3094 1590 3147 νοῦν
1625 3097 1737 3157 τοῖς
1764 3094 1905 3158 ὅλοις

2012 3097 2341 3150 sententiam
2379 3102 2622 3149 nostram
2667 3091 3014 3144 auditoribus
3043 3076 3250 3157 absque
3282 3088 3388 3140 ulla
3426 3104 3589 3156 pror-

335 3183 631 3253 ἀκροαταίς
661 3183 1025 3238 πιστώσονται
1056 3187 1199 3239 κατὰ
1251 3187 1311 3239 τὸ
1347 3183 1627 3249 παντελῶς
1670 3187 1908 3254 ἀναμφί-

338 3272 530 3326 λεκτον
551 3286 566 3301 °
591 3268 667 3326 ὧν
691 3275 756 3326 ἐκ
784 3274 884 3342 τῆς
914 3275 1277 3329 θεοπνεύστου
1302 3277 1527 3347 Γραφῆς
1555 3275 1910 3346 εὐποροῦντες

337 3363 571 3428 πολλῶν,
608 3364 704 3425 τὰς
738 3366 941 3429 πάσας,
992 3365 1069 3427 ῶς
1114 3365 1314 3431 ἔνεστι,
1357 3366 1451 3417 νῦν
1482 3365 1668 3418 ἐνθάδε
1705 3364 1912 3436 προθή-

337 3471 527 3523 σομεν.
558 3455 651 3509 Ἐν
690 3456 930 3526 πρώτοις
958 3456 1155 3510 οὐκοῦν
1198 3459 1226 3510 δ
1265 3457 1367 3528 μὲν
1410 3460 1585 3527 μέγας
1631 3459 1913 3520 Βασίλειος

333 3547 393 3597 ἐν
421 3545 499 3614 τῷ
531 3548 699 3615 τρίτῳ
730 3546 838 3598 τῶν
873 3547 1009 3616 πρὸς
1040 3549 1305 3615 Εὐνόμιον
1331 3549 1735 3621 ἁντιρῤητικῶν
1761 3589 1777 3616 ,
1817 3551 1913 3617 Τίς

332 3636 448 3706 γὰρ
471 3636 727 3705 ἀνάγκη,
762 3640 947 3707 φησιν,
978 3642 1032 3693 ει
1057 3639 1138 3705 τῷ
1164 3641 1453 3710 ἀξιώματι
1504 3644 1601 3696 καὶ
1640 3642 1714 3712 τῇ
1747 3643 1913 3707 τάξει

331 3730 541 3794 τρίτον
565 3727 823 3795 ὑπάρχει
850 3729 918 3781 τὸ
946 3728 1209 3799 Πνεῦμα,
1235 3731 1438 3798 τριτον
1462 3728 1619 3785 εἶναι
1642 3733 1789 3786 αὐτὸ
1813 3732 1911 3785 καὶ

331 3819 413 3887 τῇ
438 3822 663 3888 sedeat;
733 3819 1047 3889 ’Δξιώματι
1086 3824 1207 3890 μὲν
1250 3824 1359 3891 γὰρ
1401 3823 1780 3891 δευτερεύειν
1804 3823 1912 3877 τοῦ

304 3976 313 3981 ﬁ
347 3912 486 3967 Υιοῦ
517 3913 653 3980 παρ’
680 3913 869 3966 αὐτοῦ
903 3915 967 3965 τὸ
1005 3913 1158 3966 εἶναι
1192 3914 1357 3982 ἕχον,
1406 3914 1501 3967 καί
1539 3916 1677 3984 παρ’
1723 3912 1922 3968 αὐτοῦ

331 3999 649 4068 λαμϐάνον
667 4000 762 4053 καί
788 4000 1169 4070 ἀναγγέλλων
1188 4003 1352 4070 ἡμῖν,
1378 4004 1477 4057 καὶ
1504 4003 1659 4070 ὅλως
1675 4003 1914 4071 ἐκείνης

331 4091 449 4159 τῆς
485 4091 673 4157 αἰτίας
708 4091 1071 4160 ἐξημμένον,
1095 4092 1512 4160 παραδίδωσιν
1543 4098 1575 4148 ό
1603 4093 1713 4162 τῆς
1738 4096 1915 4149 εὐσέ-

335 4184 503 4247 ϐειάς
535 4183 718 4251 λόγος
740 4197 756 4212 ⁸
780 4186 963 4251 φύσει
990 4181 1055 4235 δὲ
1086 4188 1254 4253 τρίτῃ
1288 4183 1549 4254 χρῆσθαι
1582 4186 1721 4240 οὔτε
1753 4188 1914 4254 παρὰ

336 4272 461 4327 τῶν
501 4276 686 4342 ἁγίων
745 4274 1135 4344 δεδιδάγμεθα
1182 4275 1462 4344 Γιαερῶν,
1505 4278 1644 4331 οὔτε
1683 4277 1749 4331 ἐκ
1793 4277 1914 4331 τῶν
1944 4276 1955 4288 ’

330 4360 666 4428 εΙρημένων
687 4362 840 4414 κατὰ
870 4362 937 4415 τὸ
964 4363 1306 4417 ἀκόλουθον
1330 4363 1596 4419 δυνατὸν
1618 4367 1911 4435 συλλογί-

333 4451 560 4513 ζεσθαι.
599 4452 705 4503 Καὶ
736 4453 907 4504 ταῦτα
943 4456 1041 4523 μὲν
1076 4447 1232 4517 οὗτος
1271 4454 1299 4506 ό
1326 4456 1394 4509 τὰ
1421 4454 1542 4508 θεῖα
1579 4457 1743 4519 πολὺς
1771 4457 1912 4528 ὑπὲρ

329 4542 432 4594 τοῦ
477 4542 632 4609 ἁγίου
688 4543 1004 4611 Πνεύματος
1051 4543 1144 4597 τὸν
1186 4546 1343 4613 λόγον
1370 4546 1735 4618 ποιούμενοςο·
1761 4548 1821 4601 '0
1849 4547 1907 4601 δὲ

332 4632 558 4713 Νύσσης
588 4634 907 4704 Γρηγόριος,
938 4637 965 4687 ὀ
994 4636 1070 4705 μὴ
1105 4637 1268 4704 μόνον
1296 4636 1524 4708 ἁδελφὸς
1569 4639 1714 4692 κατὰ
1745 4639 1908 4709 φύσιν

335 4723 530 4784 αὑτοῦ,
570 4724 732 4777 πλέον
765 4724 822 4776 δὲ
852 4724 974 4779 κατ’
1000 4726 1311 4794 εὐσέϐειαν,
1341 4731 1434 4783 καὶ
1487 4730 1576 4783 τὸν
1607 4731 1769 4802 ζῆλον
1807 4733 1912 4802 μὰο

333 4813 500 4866 λιστα
534 4816 624 4866 τὸν
649 4813 788 4882 ὑπὲρ
838 4816 1031 4884 αὐτῆς,
1069 4816 1127 4868 ἐν
1184 4820 1249 4886 τῇ
1282 4821 1362 4881 είς
1395 4821 1478 4886 τὸ,
1516 4822 1699 4891 Πάτερ
1730 4823 1909 4893 ἡμῶν,

333 4903 550 4974 ὁμιλίᾳ,
582 4906 710 4975 περὶ
754 4904 955 4958 κοινῶν
988 4906 1082 4959 καὶ
1120 4907 1266 4962 ἰδίων
1292 4908 1401 4961 τῶν
1436 4912 1494 4963 ἐν
1536 4914 1601 4982 τῇ
1639 4914 1907 4985 θεαρχικῇ

336 4995 534 5063 Τριάδι
584 4997 985 5064 μυσταγωγῶν,
1044 5000 1139 5050 καὶ
1172 4998 1295 5051 τάδε
1326 4998 1583 5065 διέξεισιν
1611 5020 1626 5037 ο
1699 5006 1764 5059 '0
1803 5006 1912 5076 γὰρ

332 5085 677 5155 μονογενὴς
713 5089 844 5153 Υἱὸς
876 5090 943 5140 ἐκ
971 5088 1078 5143 τοῦ
1127 5091 1356 5157 Πατρός
1385 5093 1545 5157 παρὰ
1592 5091 1702 5160 τῆς
1737 5096 1913 5164 ἁγίας

337 5173 591 5241 Γραφῆς
646 5175 1026 5247 ὀνομάζεται’
1072 5177 1170 5230 καί
1197 5181 1375 5247 μέχρι
1428 5181 1646 5234 τούτου
1670 5185 1702 5235 ό
1730 5187 1916 5252 λόγος

339 5264 593 5330 ἵστησιν
621 5265 782 5332 αὐτῷ
817 5267 883 5319 τὸ
911 5269 1138 5337 ἰδίωμα.
1165 5271 1234 5323 Τὸ
1260 5270 1327 5321 δὲ
1353 5270 1525 5339 ἅγιον
1553 5271 1793 5341 Πνεῦμα
1815 5274 1916 5326 καὶ

338 5355 410 5408 ἐκ
468 5356 577 5410 τοῦ
606 5360 838 5425 Πατρός
886 5358 1145 5429 λέγεται,
1198 5362 1299 5414 καί
1331 5365 1399 5416 ἐκ
1428 5362 1536 5417 τοῦ
1571 5363 1707 5418 Υίεῦ
1759 5361 1918 5419 εἶναι

342 5449 892 5516 προσ-μαρτυρεῖται
919 5466 933 5481 θ
971 5469 990 5502 ι
1024 5455 1093 5505 Ei
1116 5452 1227 5521 γάρ
1250 5470 1339 5519 τις
1376 5452 1619 5523 Πνεῦμα
1655 5457 1916 5523 Χριστοῦ

341 5539 454 5593 οὐκ
473 5540 621 5609 ἔχει,
651 5543 835 5611 φησιν,
870 5539 1049 5611 οὗτος
1075 5548 1186 5600 οὐκ
1208 5545 1381 5601 ἐστιν
1407 5546 1615 5601 αὑτοῦ.
1648 5566 1665 5600 ι
1694 5548 1916 5612 Τούτοις

414 5693 465 5725 ⁵⁸
494 5694 654 5751 lion].
683 5711 801 5764 vni,
828 5695 881 5754 9.

2013 3200 2106 3240 ens
2166 3183 2506 3238 haesitatione
2569 3180 2997 3242 conlirmabunt,
3049 3193 3168 3248 quae
3212 3192 3337 3231 cum
3395 3190 3459 3229 ex
3507 3177 3593 3228 di-

2011 3277 2220 3332 vinitus
2275 3275 2537 3341 inspirata
2567 3272 2848 3340 Scriptura
2876 3274 3061 3340 plures
3114 3276 3429 3336 suppetant,
3476 3260 3595 3318 om;

2016 3385 2110 3422 nes
2138 3368 2214 3420 nti
2251 3366 2362 3419 fieri
2420 3374 2619 3434 potest,
2674 3365 2761 3416 liic
2816 3377 3179 3431 apponrmus.
3230 3358 3448 3412 Primus
3492 3358 3597 3409 ita-

2012 3474 2118 3527 que
2170 3467 2296 3510 ante
2351 3456 2487 3509 alios
2552 3470 2781 3522 magnus
2832 3453 3067 3507 Basilius
3118 3453 3280 3505 tertio
3329 3457 3593 3503 adversus

2011 3550 2335 3603 Eunomiutn
2369 3549 2741 3603 Antirrlietico
2771 3561 2787 3599 :
2819 3544 2949 3615 Quae
2983 3547 3123 3596 enim
3166 3544 3448 3603 necessitas
3481 3555 3584 3602 est,

2010 3644 2059 3696 si
2114 3641 2374 3710 dignitate
2433 3648 2481 3691 et
2533 3638 2719 3690 ordine
2778 3638 2962 3688 tertius
3027 3643 3104 3686 est
3173 3632 3430 3701 Spiritus,
3480 3642 3590 3683 ter-

2012 3737 2143 3788 tium
2182 3747 2384 3803 quoque
2442 3746 2555 3784 csse
2577 3729 2814 3783 eumdem
2864 3728 3103 3780 natura?
3158 3726 3428 3795 Dignitate
3456 3725 3597 3777 enim

2010 3827 2294 3880 secundant
2337 3838 2447 3876 esse
2486 3841 2515 3874 α
2551 3820 2716 3880 Filio,
2747 3819 2811 3872 ab
2843 3822 2954 3887 ipso
2985 3834 3097 3871 esse
3135 3822 3510 3883 possidentem,
3544 3826 3592 3866 ct

2000 3916 2078 3975 ab
2124 3918 2237 3984 ipso
2292 3915 2660 3982 accipientem,
2708 3918 2758 3963 et
2802 3912 2951 3963 nobis
2997 3907 3422 3968 annuntiantem,
3459 3913 3506 3956 ct
3543 3920 3605 3954 tu.

2013 4023 2223 4062 summa
2261 4005 2325 4059 ab
2357 4023 2419 4059 ea
2451 4020 2616 4059 causa
2651 4003 3022 4073 dependentem
3059 4000 3225 4053 tradit
3254 3997 3465 4068 pietatis
3501 3985 3593 4048 ia-

2014 4103 2086 4154 tio
2115 4115 2134 4154 :
2180 4099 2271 4153 sed
2312 4105 2508 4152 natura
2554 4096 2712 4150 tertia
2750 4095 2851 4156 uti,
2895 4108 3058 4163 neque
3090 4108 3122 4144 α
3157 4091 3353 4143 sanctis
3382 4087 3597 4141 Litteris

2012 4192 2310 4251 ederentur,
2338 4205 2500 4260 neque
2522 4205 2588 4243 ea:
2617 4189 2722 4249 Itis,
2754 4204 2869 4257 quae
2893 4189 3033 4240 dicta
3062 4193 3184 4238 sunt
3221 4192 3363 4236 recta
3385 4182 3594 4251 scqueln

2012 4299 2288 4354 possumus
2304 4282 2685 4335 demonstrate.
2711 4280 2777 4333 Et
2808 4281 2922 4334 [nec
2941 4279 3160 4346 quidem
3182 4278 3236 4330 in
3270 4277 3432 4329 rebus
3462 4277 3601 4325 divi-

2015 4374 2100 4426 nis
2155 4371 2490 4442 exponendis
2547 4368 3032 4438 praestantissimus
3084 4364 3158 4417 Ba
3194 4365 3337 4427 ilius,
3388 4380 3597 4417 sermo-

2014 4478 2137 4517 nem
2191 4463 2397 4515 habens
2454 4462 2519 4514 de
2554 4457 2762 4527 Spiritu
2802 4465 3012 4511 sancto.
3068 4452 3349 4521 Nyssenus
3388 4452 3597 4521 Grego-

2011 4554 2127 4607 rius
2154 4593 2168 4617 ,
2205 4566 2310 4604 non
2345 4559 2553 4604 tantum
2591 4559 2807 4613 natura,
2858 4549 2949 4601 sed
3006 4548 3207 4616 pietate
3241 4548 3410 4613 inagis
3451 4545 3599 4598 zelo~

2013 4657 2121 4712 que
2148 4644 2293 4695 circa
2321 4656 2442 4695 eam
2472 4655 2764 4709 germanus
2812 4638 2998 4699 frater,
3036 4637 3090 4690 in
3141 4635 3442 4688 orationem
3491 4633 3599 4687 Do-

2013 4735 2270 4786 minicam
2295 4733 2363 4785 de
2411 4731 2799 4785 communibus
2830 4740 2880 4781 et
2913 4729 3173 4796 propriis,
3215 4741 3336 4796 quae
3361 4734 3492 4779 sunt
3537 4726 3592 4777 in

2015 4825 2325 4879 Divinitatis
2358 4824 2605 4893 principe
2634 4822 2852 4884 Triade,
2904 4821 3243 4883 edisserens,
3295 4820 3409 4873 bare
3463 4819 3602 4872 inter

2017 4917 2122 4971 alia
2156 4918 2317 4971 habet
2357 4932 2371 4968 :
2407 4912 2722 4983 Unigcnitus
2750 4914 2890 4966 enim
2928 4910 3130 4975 ,Filius
3181 4926 3246 4965 ex
3294 4909 3458 4963 Patre
3510 4923 3603 4976 per

2023 5006 2359 5077 Scripturam
2382 5022 2589 5060 sarram
2619 5005 2841 5068 dicitur,
2880 5021 2971 5057 nec
3002 5003 3147 5057 ultra
3174 5003 3270 5055 hoc
3296 5001 3443 5053 illius
3481 5015 3603 5066 pro-

2021 5098 2298 5164 prietatem
2331 5096 2506 5146 oratio
2543 5096 2775 5146 extendit
2809 5109 2827 5147 :
2867 5094 3104 5162 Spiritus
3130 5109 3251 5145 vero
3279 5099 3516 5152 sanctus,
3549 5097 3597 5139 ct

2021 5201 2086 5238 ea:
2128 5185 2289 5239 Patre
2337 5184 2558 5245 dicitur,
2609 5193 2659 5236 et
2716 5199 2780 5237 ex
2838 5184 2979 5237 Filio
3014 5198 3123 5236 esse
3155 5181 3458 5233 astruitur:
3491 5198 3508 5228 ι
3543 5175 3601 5231 Si

2019 5277 2136 5346 quis
2168 5276 2305 5328 enint
2346 5274 2609 5341 Spiritum
2647 5272 2851 5329 Christi
2885 5290 2987 5327 non
3024 5274 3199 5336 habet,
3262 5272 3457 5339 inquit,
3515 5271 3600 5323 Inc

2021 5382 2125 5419 non
2177 5376 2254 5421 est
2311 5366 2424 5433 ejus
2459 5366 2531 5419 ".
2573 5384 2592 5417 ι
2632 5363 2834 5419 llornm
2891 5365 3070 5417 nnllns
3107 5364 3272 5415 etiam
3332 5359 3603 5415 malitiose

2023 5459 2312 5512 admodum
2348 5459 2653 5512 doctrinam
2694 5458 2762 5511 de
2805 5455 3011 5524 Spiritu
3063 5467 3406 5523 oppugnaris,
3439 5468 3604 5520 prave

2020 5550 2487 5621 interpretationis
2526 5564 2722 5605 ansam
2758 5544 2953 5616 arripit
2979 5562 2995 5602 :
3023 5546 3117 5601 sed
3168 5546 3234 5599 ad
3288 5544 3418 5600 illud
3449 5545 3601 5600 multi
