3970 6416
521 320 654 385 “'31

1546 320 2070 388 CONSTANTINI
2112 276 2659 388 nummum

3605 334 3713 404 iiii!

516 435 869 506 confugiunt,
923 430 1072 505 quod
1130 448 1235 488 non
1289 432 1342 487 in
1392 435 1649 488 omnibus
1702 449 1824 504 quae
1872 435 2073 491 ubicun

2182 491 2185 499 ,
2213 435 2346 505 παρ’
2365 437 2578 500 οὐδενὸς
2606 435 2715 489 τῶν
2748 434 3169 491 διἰτιὸαινόντων
3203 440 3385 504 κακῶς
3410 443 3470 513 τῇ
3500 442 3714 503 διδασκα-

521 542 631 597 quc
666 528 1019 598 reperiuntur
1058 526 1435 591 volumina,ut
1468 526 1556 581 hic
1586 525 1888 582 aﬁ‘eruntur
1921 530 2103 596 verba,

523 618 891 688 reperiantur.
927 615 1175 686 Namque
1206 615 1259 669 in
1292 615 1622 685 quibusdam
1653 632 1721 671 ex
1748 617 1893 672 dicto
1922 619 2100 690 magni

447 710 457 719 ’
517 713 696 768 Patris
724 711 933 774 Basilii,
965 709 1111 781 quod
1164 709 1470 777 interiacet,
1524 719 1578 765 et
1622 720 1863 764 nostram
1915 726 2098 781 veram

517 803 843 856 sententiam
899 798 1249 870 comprobat,
1289 782 1534 866 nempe:
1573 798 1637 849 ab
1677 797 1790 864 ipso
1834 812 1945 850 esse
1972 812 2099 864 pos-

512 893 793 955 sidentem,
822 900 875 945 et
909 891 974 944 ab
1006 892 1125 960 ipso
1152 891 1494 957 accipientem
1521 898 1570 942 et
1602 889 1750 941 nobis
1781 888 2098 941 denuntian-

513 994 641 1049 tem,
682 994 732 1038 et
788 985 842 1037 in
881 1000 1090 1036 summa
1130 986 1195 1035 ab
1242 999 1305 1036 ea
1354 997 1519 1035 causa
1566 980 1894 1049 pendentem,
1957 996 2094 1036 nus-

513 1091 676 1144 quam
711 1076 933 1146 legitur,
965 1075 1019 1128 id
1049 1074 1330 1143 excipiens
1362 1073 1492 1126 illud
1516 1073 1675 1141 forte,
1708 1071 1857 1140 quod
1888 1071 2101 1126 dubita-

510 1168 713 1221 tionem
752 1166 936 1231 infert,
972 1165 1026 1220 in
1075 1163 1447 1232 subsequente
1500 1163 1663 1215 tradit
1718 1162 2093 1231 praescriptum

510 1259 729 1327 legitur.
779 1256 847 1311 Et
884 1257 937 1311 in
958 1255 1221 1326 sapientis
1245 1254 1492 1325 Gregorii
1519 1255 1773 1324 pericope
1805 1255 2093 1324 praeposita

505 1347 646 1402 Filio
686 1344 1002 1417 praepositio
1039 1359 1103 1397 ea:
1135 1342 1311 1396 abest.

2210 524 2302 596 λίᾳ
2327 524 2420 579 τοῦ
2455 524 2773 595 Πνεύματος
2799 525 3031 596 οὐδεμία
3060 527 3484 601 παρεξηγήσεως
3512 534 3712 606 ἀφορμή·

2209 616 2347 685 πρὸς
2400 617 2575 669 ἐκεῖνο
2603 616 2661 669 δὲ
2712 616 3172 686 καταφεύγουσιν,
3213 618 3289 682 ὡς
3318 621 3415 674 οὐκ
3458 623 3513 675 ὲν
3555 626 3717 689 πάσαις

2208 708 2332 770 ταῖς
2363 707 2699 776 ὁπουδήποτε
2733 706 2939 778 βίϐλοις
2965 709 3303 775 ἁπαξαπλῶς
3331 710 3490 777 οὕτως
3530 705 3718 786 εῦρῃτῖι

2205 799 2379 852 ταῦτα
2407 800 2657 868 κείμενα.
2693 802 2942 872 Καὶγὰρ
2969 803 3141 867 ἐνίαις
3174 802 3284 856 ἀπὸ
3313 802 3407 872 μὲν
3433 805 3523 873 τῆς
3548 808 3722 877 ῥήσεις

2203 888 2298 944 τοῦ
2336 893 2577 961 μεγάλου
2617 895 2831 965 Πατρδς
2869 894 3158 949 Βασιλείου
3214 897 3323 951 πᾶν
3372 896 3430 949 τὺ
3476 897 3556 951 διὰ
3587 901 3721 968 μίσυ

2203 986 2456 1055 φανερῶς
2487 985 2587 1057 τὴν
2617 987 2897 1057 ἡμετέραν
2931 987 3199 1059 ἀληθινὴν
3224 987 3428 1041 ἔννοιαν
3464 992 3721 1058 παριστῶνε,

2202 1074 2450 1128 τουτέστι
2483 1080 2561 1143 τὸ,
2597 1076 2735 1145 παρ’
2766 1072 2955 1134 αὐτοῦ
2982 1080 3051 1132 τὸ
3100 1076 3259 1134 εἶναι
3307 1080 3466 1150 ἕχον,
3501 1081 3588 1134 καὶ
3615 1083 3721 1149 παρ’

2199 1167 2384 1222 αὑτοῦ
2405 1168 2720 1237 λαμϐάνον
2743 1170 2841 1224 καὶ
2869 1171 3253 1241 ἁναγγέλλον
3288 1172 3446 1240 ἡμῖν,
3475 1174 3561 1226 καὶ
3602 1173 3724 1236 ὅλως

2198 1258 2441 1327 ἐκείνης
2475 1261 2586 1329 τῆς
2607 1263 2803 1327 αἰτίας
2829 1263 3196 1333 ἐξημμένον,
3249 1264 3425 1318 λείπει
3453 1264 3511 1322 τὸ
3554 1264 3719 1328 τέλεον,

2199 1349 2319 1403 καθ’
2362 1349 2431 1414 ἃς
2460 1351 2600 1420 δῆτα
2641 1353 2703 1405 τὸ
2734 1353 3083 1407 διστακτικδν
3131 1354 3280 1422 ἴσως
3312 1355 3390 1417 είς
3425 1357 3482 1407 τὸ
3524 1353 3635 1420 ἑξῆς
3657 1354 3721 1424 τὸ⁸

504 1443 900 1513 παραδίδωσι,
939 1437 1474 1512 προσγεγραμμένον
1539 1436 1898 1509 καθέστηκεν.
1942 1440 2074 1496 Ἀπὸ
2093 1443 2147 1498 δέ
2186 1455 2279 1514 γε,
2314 1449 2413 1520 τῆς
2451 1448 2548 1502 τοῦ
2598 1449 2764 1520 σοφοῦ
2804 1452 3130 1521 Γρηγορὶου⁸
3174 1451 3476 1522 περικοπῆς
3514 1451 3545 1521 ή
3590 1450 3719 1518 μέσον

503 1537 612 1592 ἀπὶ
645 1536 739 1590 τοῦ
766 1534 897 1587 Υίοῦ
925 1535 1086 1587 πάλιν
1115 1535 1184 1588 ἐκ
1217 1531 1394 1586 λείπει
1421 1534 1698 1602 πρόθεσις.
1772 1535 1778 1541 ”

572 1630 667 1685 21.
709 1630 834 1685 Haec
881 1631 1045 1700 igitur
1067 1629 1448 1693 obtendentes,
1490 1628 1584 1699 qui
1615 1628 1870 1682 adversas
1907 1636 2090 1698 partes

509 1732 751 1785 tuentur,
799 1724 854 1778 in
911 1725 1284 1779 voluminibus
1339 1724 1416 1777 uti
1478 1738 1645 1792 supra
1682 1721 1846 1777 verba
1885 1737 2086 1791 repnte-

2271 1625 2376 1683 κα’.
2414 1627 2602 1683 Ταῦτα
2631 1633 3098 1704 προφασιζόμενοι
3134 1633 3425 1704 τοιγαροῦν
3450 1636 3494 1687 oi
3520 1637 3608 1704 τῆς
3637 1650 3716 1703 μεθ

2196 1718 2341 1790 ρίδος
2388 1719 2498 1773 τῶν
2555 1721 2947 1795 ἀντικειμένων
2996 1728 3155 1797 ἡμῖν,
3213 1729 3331 1790 ταῖς
3359 1726 3608 1797 ιχούσαις,
3654 1728 3713 1789 ὡς

505 1816 852 1871 sentantibus
881 1816 1298 1885 corruptionem
1330 1830 1452 1869 esse
1479 1814 1679 1870 factam
1729 1815 2078 1879 contendunt,

2197 1810 2576 1878 προλέλεκται,
2610 1812 3213 1889 βίϐλοιςκπαραφοορὰν
3245 1817 3512 1887 συμϐῆναι
3549 1817 3712 1886 διισχυ-

503 1906 813 1963 adulterata
845 1923 907 1962 ea
944 1922 1069 1963 esse
1123 1908 1286 1962 nimis
1324 1906 1697 1961 fraudulenter
1756 1913 2084 1971 asserentes,

502 2001 650 2071 quod
681 2002 766 2055 vel
814 2012 994 2055 mente
1060 2000 1241 2055 solum
1278 2000 1571 2070 concipere
1630 1998 1858 2053 stultum
1900 1997 2084 2053 fuerit.

502 2093 955 2162 Quandoquidem
1017 2091 1293 2145 undenam
1351 2101 1404 2145 et
1447 2106 1478 2145 a
1550 2091 1752 2160 quibus
1809 2092 2087 2159 corruptio

501 2181 701 2238 similis
757 2183 808 2236 in
838 2182 1113 2236 volumina
1145 2181 1353 2246 omnia,
1405 2195 1529 2251 quae
1578 2181 1779 2250 ubique
1816 2192 2083 2237 terrarum

501 2286 649 2337 sunt,
711 2271 977 2341 irrepsit?
1029 2273 1072 2326 A
1117 2270 1653 2340 Pneumatomacltis,
1689 2282 1748 2327 ut
1805 2275 2086 2343 publicant

503 2363 724 2431 quidam
751 2378 818 2418 ex
854 2363 1205 2419 adversariis.
1230 2362 1298 2417 Et
1329 2363 1688 2419 nihilominus
1715 2380 1781 2419 ex
1810 2367 2085 2420 contentis

507 2455 560 2508 in
594 2457 702 2511 illis
730 2471 837 2511 non
873 2457 1193 2527 intelligitur
1215 2457 1296 2511 vel
1321 2457 1511 2512 leviter
1542 2457 1804 2526 Spiritum
1834 2469 2082 2514 sanetum

503 2559 811 2602 creaturam
850 2564 995 2614 esse,
1040 2559 1099 2603 ut
1144 2550 1329 2605 stultis
1360 2550 1469 2605 illis
1518 2550 1820 2621 delirisque
1882 2552 2080 2621 placet,

499 2646 553 2691 et
599 2637 667 2691 ad
695 2638 841 2708 quod
868 2651 1098 2695 conatus
1139 2654 1331 2695 omnes
1358 2640 1586 2695 haeresis
1611 2640 1938 2710 respiciunt.
1977 2641 2082 2697 Sed

498 2744 528 2781 τι
565 2726 797 2794 Latinis,
832 2742 926 2785 aut
956 2733 1027 2786 ab
1056 2733 1334 2801 aliquibus
1366 2747 1433 2786 ex
1462 2733 1691 2796 nostris,
1748 2733 1839 2801 qui
1868 2733 2081 2803 jamdiu

496 2835 692 2875 eorum
745 2834 929 2891 partes
976 2832 1287 2893 sequuntur
1321 2825 1344 2877 ?
1386 2825 1451 2877 Et
1488 2825 1603 2879 bare
1653 2840 1873 2894 quoque
1902 2840 2081 2895 neque

497 2912 992 2981 persuadebuntur,
1050 2928 1226 2982 neque
1270 2914 1647 2983 probabuntur
1699 2916 2079 2983 prudentibus.

498 3003 740 3059 Primum
773 3004 924 3074 quod
959 3005 1037 3058 illi
1071 3019 1297 3074 prorsus
1353 3004 1596 3074 linguam
1645 3013 1889 3059 nostram
1922 3007 2079 3074 igno-

497 3106 642 3162 rant,
677 3111 981 3167 magnaque
1010 3107 1094 3152 est
1148 3097 1293 3152 inter
1342 3105 1604 3167 utrasque
1655 3098 1906 3152 nationes
1958 3111 2079 3168 post

2190 1898 2452 1971 ρίζονται,
2497 1906 2847 1961 νενοθεῦσθαι
2898 1909 3151 1978 λέγοντες
3197 1909 3392 1978 κομιδῆ
3439 1906 3710 1976 κακούργως

2188 1992 2379 2058 αὑτὰς,
2417 1995 2555 2065 ὅπερ
2584 1998 2679 2049 καὶ
2713 1997 3104 2071 διανοήσασθαι
3143 2000 3309 2070 μόνον
3333 1999 3550 2070 ἠλίθιον.
3588 1999 3711 2054 Ἐπεὶ

2188 2086 2355 2139 πόθεν
2385 2104 2446 2141 τε
2485 2088 2580 2142 καὶ
2612 2090 2748 2161 πρὸς
2780 2093 2939 2146 τίνων
2967 2093 3036 2146 τὰ
3076 2097 3181 2164 τῆς
3226 2094 3569 2164 παραφθορᾶς
3616 2096 3709 2155 ταῖς

2186 2178 2462 2243 τοιαύταις
2502 2182 2611 2236 τῶν
2630 2184 2947 2255 ἁπανταχοῦ
2996 2185 3205 2255 βίϐλοις
3259 2186 3555 2256 ὲνέσκηψε;
3598 2186 3706 2255 Πρὸς

2187 2266 2297 2323 τῶν
2326 2272 2834 2346 Πνευματομάχων,
2874 2277 2950 2341 ὡς
2981 2278 3292 2346 φημίξουσι
3340 2278 3446 2332 τῶν
3475 2280 3711 2331 ἀντιδιατι-

2187 2363 2434 2433 θεμένων
2464 2368 2629 2431 τινές.
2663 2369 2772 2421 Καὶ
2800 2369 2908 2439 μὴν
2939 2369 2999 2434 ἐξ
3022 2364 3096 2423 ὧν
3122 2365 3293 2426 αὗταί
3326 2387 3503 2440 φασιν,
3530 2371 3584 2423 οὐ
3607 2375 3707 2422 νοεῖ-

2185 2474 2275 2509 ται
2303 2457 2484 2523 ποσῶς
2509 2461 2717 2530 κτίσμα
2759 2462 2820 2513 τὸ
2874 2462 3099 2532 Πνεῦμα
3127 2463 3194 2515 τὸ
3225 2465 3402 2530 ἅγιον,
3433 2462 3600 2524 καθὼς
3621 2469 3702 2524 τοὶς

2188 2549 2580 2620 ματαιόφροσιν
2608 2553 2834 2617 ὲκείνοις
2860 2554 3026 2621 δοκεῖ,
3053 2555 3148 2608 καὶ
3181 2555 3319 2625 πρὸς
3337 2554 3366 2607 ὃ
3390 2555 3541 2608 τείνει
3568 2555 3706 2609 πάντα

2183 2637 2253 2690 τὰ
2293 2641 2388 2710 τῆς
2426 2642 2714 2712 αἱρέσεως.
2765 2644 2925 2697 Ἀλλὰ
2984 2645 3121 2714 πρὸς
3160 2645 3270 2698 τῶν
3325 2646 3555 2699 Λατίνων
3581 2645 3609 2715 ἢ
3636 2644 3705 2696 καί

2187 2744 2349 2781 τινων
2421 2731 2706 2801 ἡμετέρων
2760 2731 2997 2786 ἔκπαλαι
3048 2736 3482 2806 συμμαχούντων
3533 2735 3706 2794 aiatait;

2183 2823 2293 2875 Καὶ
2325 2822 2502 2876 ταῦτα
2532 2824 2591 2876 τὸ
2621 2823 2886 2877 ἀπίθανον
2937 2826 3073 2879 πολὺ
3114 2830 3346 2899 φέρουσι
3397 2829 3505 2890 τοῖς
3537 2826 3710 2879 εὐσυνέ-

2182 2926 2295 2976 τοις
2328 2918 2421 2967 καὶ
2454 2916 2839 2986 ἀπαρὰδεκτον
2863 2934 2878 2949 ο
2910 2916 2969 2969 τὸ
3000 2919 3101 2987 μὲν
3130 2921 3220 2973 ὅτι
3242 2920 3338 2991 τὴν
3374 2917 3635 2989 ἡμεδαπὴν
3656 2920 3703 2969 τὸ

2182 3005 2446 3074 παράπαν
2472 3006 2573 3058 οὐκ
2610 3006 2788 3059 ίσασιν
2813 3009 2862 3060 οί
2891 3007 3121 3060 τοιοῦτοι
3159 3010 3349 3079 φωνήν
3374 3024 3387 3038 ·
3416 3008 3504 3061 καὶ
3529 3006 3704 3078 μεγάλη

2184 3098 2323 3165 μετὰ
2354 3097 2455 3163 τὴν
2494 3096 2760 3168 διαφορὰν
2789 3096 2901 3151 τῶν
2944 3099 3233 3171 ἑκατέρων
3265 3099 3434 3167 γενῶν
3459 3102 3489 3170 ἠ
3518 3099 3702 3154 διάστα-

493 3189 781 3246 dissidium
815 3190 1137 3260 disiunctio.
1199 3190 1337 3244 Ilinc
1372 3191 1439 3244 ab
1485 3206 1551 3243 eo
1584 3196 1827 3258 tempore
1886 3205 1955 3244 ex
1979 3205 2073 3245 eo-

2182 3202 2297 3246 οις·
2335 3186 2787 3259 ἑντεῦθενρύδεὶς
2811 3188 2998 3242 ἔκτοτε
3032 3190 3140 3243 τῶν
3176 3191 3310 3262 παρ’
3346 3191 3520 3255 αὐτοῖς
3546 3190 3704 3258 λογίων

495 3297 617 3338 rum
646 3283 776 3338 viris
830 3284 1067 3338 eruditis
1122 3298 1285 3337 nemo
1337 3283 1577 3352 linguam
1627 3282 1870 3336 Graecam
1914 3297 2076 3337 exer~

493 3375 679 3428 cuisse
705 3375 998 3444 reperitur.
1030 3371 1372 3437 Secundum,
1407 3375 1532 3442 quis
1562 3372 1796 3441 prepriac
1840 3374 2077 3428 nationis

495 3464 835 3518 tantumdem
865 3464 1042 3518 laesus
1066 3474 1169 3527 est,
1209 3477 1270 3518 ut
1300 3465 1517 3517 obviam
1552 3479 1835 3534 quamque
1877 3465 2074 3519 adver-

494 3570 590 3610 sus
625 3555 770 3608 illam
807 3555 1137 3608 additionem
1194 3557 1245 3607 in
1287 3568 1608 3609 sanctorum
1666 3554 2075 3609 commentariis

492 3646 965 3711 comminiscatur,
999 3656 1054 3701 et
1082 3647 1229 3717 quod
1267 3662 1298 3700 a
1329 3646 1439 3701 Deo
1485 3647 1659 3701 edocti
1695 3645 1887 3701 Patres
1942 3663 2073 3703 nus-

495 3754 659 3809 quam
691 3748 745 3793 et
768 3738 919 3792 nullo
947 3739 998 3791 in
1023 3740 1141 3792 loco
1164 3738 1461 3792 decernere
1503 3736 1683 3792 verbis
1714 3736 1851 3806 ipsis
1881 3736 2073 3792 viden-

496 3841 607 3896 tur,
657 3831 761 3885 ltoc
795 3831 887 3884 ille
916 3846 979 3884 ex
1017 3846 1077 3885 se
1136 3831 1254 3898 ipso
1309 3830 1478 3898 tingat
1527 3829 1583 3883 in
1637 3826 2071 3883 destructionem

494 3923 782 3992 dogmatis,
815 3922 958 3992 quod
989 3922 1040 3974 in
1071 3923 1225 3974 omni
1254 3936 1352 3975 sua
1384 3928 1544 3991 gente
1566 3919 1711 3973 vires
1769 3920 2077 3988 acquisita-

505 4023 596 4069 rat
655 4023 710 4068 et
729 4012 1108 4083 probabatur?
1134 4011 1347 4065 Modum
1364 4026 1492 4065 vero
1522 4012 1846 4081 corruptelae
1875 4012 1922 4067 si
1941 4013 2072 4082 quid

496 4121 738 4174 unquam
774 4104 952 4158 simile
977 4103 1321 4172 contigisset,
1367 4118 1649 4172 nunquam
1681 4104 1772 4173 qui
1809 4113 1936 4158 ante
1974 4119 2073 4159 nos

495 4196 649 4251 tuere
681 4196 1186 4266 non_indicassent.
1220 4193 1338 4249 Non
1370 4204 1497 4249 sunt
1529 4194 1713 4250 omnia
1748 4196 1862 4249 haec
1888 4196 2069 4266 plana,

493 4297 554 4341 ut
575 4286 785 4341 dicunt.
839 4284 956 4340 Non
989 4294 1117 4341 sunt
1151 4300 1298 4350 vera,
1350 4302 1452 4340 nec
1496 4301 1662 4357 quam
1731 4289 1979 4354 proxime
2005 4289 2071 4341 ad

499 4380 785 4435 veritatem
823 4381 1092 4434 accedunt
1129 4378 1300 4447 :quin
1365 4380 1674 4447 Oppositum
1709 4387 1813 4443 est,
1876 4379 1935 4432 si
1952 4381 2073 4449 quis

493 4482 642 4528 recte
697 4472 937 4543 coniicit.
998 4469 1244 4541 Namque
1296 4472 1389 4540 qui
1422 4486 1487 4524 ex
1549 4470 1846 4525 schismate
1921 4484 2068 4538 sunt,

493 4580 616 4620 cum
643 4580 894 4635 prorsus,
930 4564 1022 4618 sed
1061 4580 1171 4618 non
1221 4565 1427 4633 absque
1452 4577 1640 4617 errore
1687 4565 2073 4632 rept-ubasscnt

491 4656 921 4727 reiceissentque
938 4656 1101 4710 etiam
1122 4672 1185 4709 ex
1206 4655 1345 4710 Filio
1358 4670 1479 4710 esse
1505 4653 1768 4723 Spiritum
1795 4666 2067 4721 sanctum,

492 4757 656 4819 atque
708 4748 875 4802 etiam
909 4762 1033 4802 cum
1099 4750 1414 4815 Oppositum
1449 4734 1801 4802 credentibus
1868 4748 2068 4802 beilum

496 4841 838 4894 teterrimum
867 4842 1314 4904 comtttovissent,
1348 4855 1411 4893 ac
1442 4842 1880 4902 conﬁrmassent,
1908 4851 1963 4895 et
1993 4842 2069 4895 uti

495 4931 779 4986 bareticos
808 4946 903 4985 eos
942 4946 1041 5000 pro
1066 4947 1258 4986 eorum
1305 4931 1515 4985 viribus
1552 4947 1582 4985 a
1617 4945 1739 4985 sese
1768 4932 2068 5001 disiunxis-

492 5036 634 5091 sent,
659 5025 1096 5095 quandoquidem
1128 5040 1192 5077 ex
1227 5038 1334 5093 quo
1380 5024 1432 5078 id
1461 5036 1738 5094 peractum
1779 5037 1884 5092 est,
1939 5028 2067 5080 anni

490 5118 674 5187 plures
713 5117 1059 5182 etlluxerunt,
1089 5127 1140 5170 et
1170 5117 1278 5170 illis
1311 5117 1731 5172 decurrentibus
1763 5122 1817 5172 in
1868 5134 2065 5189 magna

491 5210 648 5281 copia
682 5212 958 5267 volumina
989 5211 1261 5278 exscripta
1301 5221 1452 5275 sunt,
1492 5226 1614 5280 quae
1661 5211 1715 5263 in
1756 5210 1949 5279 primis
1987 5228 2069 5263 re-

490 5312 579 5358 cte
623 5302 822 5358 dictata
875 5302 1073 5369 scripta
1110 5317 1288 5366 erant,
1323 5303 1376 5355 in
1406 5301 1802 5371 posterioribus
1858 5302 2065 5356 descri-

492 5412 619 5454 aere
653 5398 887 5466 maligne
917 5397 1231 5458 uoluerunt,
1261 5384 1519 5462 tanquam
1550 5409 1672 5463 quae
1720 5395 1899 5462 palam
1937 5409 2066 5446 sen-

492 5492 713 5544 tentiam
773 5504 963 5544 eorum
1021 5491 1425 5558 redarguerem.
1458 5486 1594 5540 Illud
1651 5501 1814 5554 porro
1848 5488 1985 5553 [orte
2013 5486 2063 5536 in

490 5584 715 5653 reliquis
740 5586 921 5649 magni
958 5582 1135 5635 Patris
1167 5580 1351 5634 Basilii
1412 5579 1756 5644 addiderunt,
1811 5578 1955 5647 quod
2003 5594 2066 5633 ea

491 5690 590 5728 nec
620 5675 750 5742 ipsis
809 5676 1106 5743 placerent,
1170 5684 1228 5726 ut
1272 5671 1620 5743 postmodum
1684 5673 2063 5724 ostendemus.

489 5765 673 5833 Neque
703 5770 816 5821 hanc
841 5766 1220 5820 tantummodo
1266 5767 1394 5820 dum
1430 5755 1772 5825 exscribtint,
1824 5764 2064 5819 inconsi-

2176 3278 2383 3347 ἀνδρῶν
2415 3281 2513 3348 τὴν
2541 3280 3112 3350 ὲλληνίδαιδιάλεκτον
3144 3284 3460 3354 ὲξασκήσας
3489 3283 3701 3353 εὑρίσκε-

2175 3381 2265 3418 ται
2289 3378 2306 3395 ο
2336 3366 2398 3418 τὸ
2427 3367 2483 3418 δὲ
2531 3367 2806 3438 δεύτερον,
2840 3370 2923 3422 ὃτι
2959 3371 3055 3424 καὶ
3111 3374 3196 3436 τίς
3227 3374 3398 3438 οὕτως
3430 3375 3601 3443 ἐχθρὸς
3627 3373 3700 3424 καί

2177 3458 2436 3526 πολέμιος
2467 3458 2570 3528 τῆς
2603 3460 2811 3523 οἰκείας
2865 3462 3059 3532 φυλῆς,
3085 3463 3162 3527 ὡς
3195 3465 3295 3536 τὴν
3324 3467 3574 3534 τυχοῦσαν
3604 3461 3697 3514 κατ’

2174 3549 2347 3618 αὐτῆς
2380 3551 2704 3621 προσθήκην
2736 3553 2970 3605 ἐπινοεῖν
2995 3555 3110 3616 τοῖς
3128 3557 3237 3608 τῶν
3265 3557 3433 3625 ἁγία
3456 3556 3696 3625 συγγράμ-

2176 3656 2331 3709 μασι,
2365 3639 2459 3692 καὶ
2487 3641 2621 3710 ὅπερ
2640 3643 2686 3693 οἱ
2711 3641 2960 3712 θεοσόφοι
2988 3646 3231 3718 Πατέρες
3258 3649 3316 3700 ἐν
3340 3649 3514 3710 αὐτοῖς
3535 3645 3695 3715 ούμενο

2173 3744 2266 3779 ουν
2294 3727 2552 3798 οὐδαμῶς
2608 3732 2891 3798 φαίνονται
2934 3732 3320 3802 θεολογοῦντες
3352 3735 3539 3806 ῥητῶς,
3566 3734 3696 3788 τοῦτο

2151 3821 2305 3890 ,παρ’
2341 3821 2535 3874 ἑαυτοῦ
2561 3824 2818 3878 πλάττειν
2846 3825 2934 3877 ἐπ’
2969 3828 3256 3899 ἀνατροπῇ
3287 3827 3381 3882 τοῦ
3411 3829 3694 3900 κρατοῦντο;

2173 3912 2231 3963 ὲν
2258 3911 2458 3965 ἅπαντι
2481 3912 2559 3983 τῷ
2591 3913 2712 3966 κατ’
2741 3914 2904 3968 αὑτὸν
2939 3915 3083 3971 ἔθνει
3114 3919 3385 3991 δόγματος
3411 3937 3425 3987 ;
3459 3922 3623 3980 Ὅπως
3652 3919 3696 3969 δὲ

2173 4002 2268 4055 καὶ
2300 4002 2355 4053 εί
2383 4004 2515 4055 ποτέ
2542 4020 2594 4056 τι
2622 4006 2943 4076 συμόέῦηκε
2969 4010 3212 4065 τοιοῦτόν
3231 4012 3414 4075 ποθεν,
3448 4013 3695 4065 κατέλιπεν

2171 4093 2223 4145 οι
2254 4093 2359 4162 πρὸ
2388 4095 2550 4164 ἡμῶν
2584 4097 2685 4168 τὴν
2720 4097 2899 4169 Δύμην
2937 4099 3406 4174 ἀνεπισήμαντον.
3441 4104 3544 4157 Οὐκ
3574 4102 3693 4153 ἐστιν

2171 4184 2325 4237 οὐδὲν
2374 4186 2580 4239 τούτων
2637 4188 2712 4251 ὡς
2754 4191 2994 4259 ἀληθῶς.
3040 4194 3159 4247 Οὐκ
3228 4195 3374 4249 ἔστιν
3423 4192 3691 4249 οὐδοτιοῦν”

2171 4276 2489 4330 τούναντίον
2519 4278 2577 4330 δὲ
2612 4279 2853 4349 μάλιστα
2894 4284 3027 4347 πᾶν,
3067 4286 3229 4352 είπερ
3285 4285 3456 4356 ὀρθῶς
3489 4282 3693 4336 ὲπιὸἀλιι

2170 4385 2280 4431 τις.
2347 4369 2597 4423 Καθόλου
2651 4364 2761 4442 γὰρ
2809 4374 2860 4425 oi
2903 4375 2996 4427 τοῦ
3054 4377 3351 4448 σχίσματος
3411 4376 3694 4449 ὴθετηκότες

2180 4459 2518 4528 ἐπισφαλῶς,
2546 4463 2605 4515 τὸ
2633 4465 2959 4533 πρεσϐεύειν
2989 4469 3100 4520 κάκ
3146 4468 3241 4522 τοῦ
3282 4468 3408 4522 Υίοῦ
3446 4466 3692 4537 τυγχάνειν

2178 4548 2239 4604 τὸ
2269 4550 2492 4622 Πνεῦμα
2520 4553 2579 4606 τὸ
2609 4552 2786 4622 ἆγιον,
2834 4557 2926 4608 καὶ
2959 4558 3148 4624 μέντοι
3190 4561 3283 4613 καὶ
3330 4562 3462 4613 κατὰ
3494 4559 3588 4610 τῶν
3621 4558 3693 4607 0'3-

2172 4644 2308 4696 τωσὶ
2344 4644 2761 4714 πρεσϐευόντων
2809 4650 3216 4719 συστησάμενοι
3261 4652 3433 4727 μάχην
3472 4646 3690 4719 στερῤἆνν

2173 4736 2231 4788 ὲν
2265 4736 2434 4807 μοίρᾳ
2464 4753 2521 4789 τε
2559 4740 2785 4802 τούτους
2814 4741 3134 4810 οίρετικῶν,
3176 4744 3407 4796 καθόσον
3436 4737 3498 4813 ἦν
3542 4738 3693 4797 σθένος

2171 4833 2379 4897 αὐτοῖς,
2418 4834 2788 4901 ἀποτάξαντες
2810 4852 2827 4868 ο
2855 4837 3158 4909 ἐπειδήπερ
3185 4838 3278 4908 ἀφ’
3305 4831 3365 4890 οὗ
3385 4834 3532 4888 τοῦτο
3560 4831 3692 4900 γέγρ-

2172 4938 2262 4975 νεν
2295 4922 2344 4973 οι
2392 4925 2578 4992 χρόνοι
2612 4925 2817 4994 συχνοὶ,
2851 4928 2946 4979 καὶ
2991 4927 3165 4997 βίϐλοι
3218 4927 3407 4980 πολλαὶ
3443 4924 3524 4976 διὰ
3552 4920 3688 4989 μέσον

2171 5014 2349 5067 αὐτῶν
2388 5019 2818 5089 μετεγράφησαν
2851 5021 2971 5080 ταῖς
3006 5019 3381 5088 πρωτυτύποις
3406 5017 3607 5085 κείμενα
3632 5007 3682 5058 τὰ

2170 5107 2409 5178 ρηθέντα
2437 5110 2620 5173 καλῶς
2669 5113 2790 5173 ταῖς
2832 5109 3061 5181 ὕστερον
3109 5112 3380 5182 ἐγγράψαι
3421 5101 3685 5161 κακοθεὶὼς

2170 5201 2384 5267 εἴασαν,
2415 5199 2513 5255 ἅτε
2558 5202 2623 5272 δὴ
2668 5202 2767 5273 τὴν
2804 5204 3030 5275 γνώμην
3082 5205 3261 5258 αὐτῶν
3290 5200 3537 5275 ἀριδήλως
3563 5195 3687 5257 έλέί·

2170 5312 2357 5364 χοντα.
2419 5294 2483 5347 τὺ
2539 5295 2584 5347 δ’
2626 5295 2775 5360 ἴσως
2816 5299 3153 5367 προσέθεσαν
3193 5301 3304 5359 τοῖς
3341 5295 3429 5348 τοῦ
3487 5287 3681 5362 μεγάλαν

2174 5389 2386 5456 [Ιατρὺς
2442 5387 2727 5442 Βασιλείου
2791 5389 3020 5452 λοιποῖς,
3068 5392 3151 5442 ὅτι
3207 5390 3328 5459 μηδ’
3358 5386 3485 5439 αὐτὰ
3509 5380 3682 5433 τούτοις

2169 5480 2426 5550 ἤρεσκεν,
2458 5481 2533 5544 ὼς
2562 5484 2621 5533 ἐν
2644 5483 2757 5545 τοῖς
2791 5484 2918 5551 ἑξῆς
2941 5484 3313 5551 ἀποδείξομεν.
3343 5482 3414 5533 Οὐ
3442 5475 3616 5531 ταύτας
3638 5466 3680 5516 δὲ

2176 5574 2335 5641 μόνον
2388 5576 2448 5627 ὲν
2525 5577 2646 5638 ταῖς
2707 5580 3091 5646 μεταγραφαῖς
3160 5572 3557 5642 ἀπερισκέπτως
3604 5557 3681 5610 καὶ

2168 5668 2363 5730 ἀδεῶς,
2388 5669 2523 5721 ἀλλὰ
2549 5670 2642 5721 καὶ
2676 5668 2841 5732 ἄλλας
2875 5671 3076 5739 κομιδῆ
3129 5670 3375 5728 πλείστας
3409 5663 3453 5714 οἱ
3492 5659 3575 5723 τῆς
3603 5664 3678 5702 τί·

2174 5765 2343 5833 {axi};
2375 5763 2569 5834 ἄνδρες
2602 5763 2912 5828 ενὸθευσαν,
2946 5766 3066 5827 ταῖς
3123 5764 3218 5832 μὲν
3250 5758 3475 5829 prodite);
3512 5752 3677 5817 ἐγγρα-
