3970 6402
300 362 434 425 1133

1143 377 1238 437 DE
1280 377 1798 441 PROCESSIONE
1840 382 1900 441 S.
1945 382 2306 446 SPIRITUS
2345 385 2566 447 ORAT.
2612 388 2698 448 II.

3402 391 3541 454 111‘4

291 471 492 539 ψαντες
532 473 586 526 εἴ
616 493 669 529 τι
705 478 867 549 ῥητὸν
894 480 1002 535 τῶν
1047 486 1198 555 παρὰ
1232 485 1461 558 γνώμην
1501 488 1706 553 αὐτοῖς,
1742 492 1863 551 ταῖς

1965 490 2151 547 derate
2179 503 2233 548 et
2272 493 2519 558 licenter,
2553 496 2647 551 sed
2680 495 2786 551 alia
2812 509 3034 567 quoque
3065 495 3300 567 plurima
3349 501 3544 557 turbu-
3614 547 3626 556 .

288 563 348 616 δὲ
383 565 631 621 τοιοῦτον
689 569 1054 645 ἕτερονπρὺς
1108 576 1170 629 τὸ
1223 577 1414 632 δοκοῦν
1448 580 1663 645 τούτοις
1698 599 1867 651 μετα-

290 658 644 727 ποιήσαντες,
684 656 759 717 ὧν
792 664 1071 731 ἁπάντων,
1104 668 1180 731 ὡς
1221 669 1466 738 ἐφικτὸν,
1512 675 1650 727 κατά
1683 675 1868 743 χώραν

293 748 703 821 μνησθήσομαι.

362 1023 467 1097 κβ’.
502 1027 611 1080 Καὶ
634 1027 687 1081 τί
728 1027 874 1097 λέγω
918 1033 1048 1102 περὶ
1076 1027 1151 1087 ὧν
1186 1035 1539 1107 μετέγραψαν
1574 1037 1776 1108 βίϐλων
1809 1043 1868 1096 ὲν

199 1132 205 1137 '
288 1118 402 1177 τοῖς
432 1118 643 1172 ἑαυτῶν
665 1119 888 1176 ἕκαστοι
911 1123 1019 1176 τῶν
1043 1124 1452 1197 διαληφθέντων
1477 1134 1711 1202 καιροῖς,
1734 1133 1867 1188 ὅπου

291 1221 357 1274 γε
384 1208 595 1262 τούτων
626 1210 808 1264 αὐτῶν
829 1210 963 1268 ἔνιοι
985 1215 1080 1268 καὶ
1114 1218 1223 1268 τῶν
1271 1219 1336 1271 ἐκ
1365 1220 1594 1275 παλαιοῦ
1624 1239 1867 1294 γεγραμ-

295 1298 470 1368 μένων
503 1301 815 1373 ὁλοσχερῶς
852 1305 954 1359 οὐκ
982 1307 1314 1376 ἐφείσαντο;
1352 1311 1477 1364 Τῶν
1515 1313 1773 1367 τοιούτων
1820 1316 1866 1369 δ’

291 1391 482 1456 ἁπλῶς
513 1393 660 1448 ἔστιν
687 1395 753 1459 ἃς
793 1395 1012 1463 ἔξεσαν,
1059 1401 1184 1456 τινὰ
1226 1405 1634 1473 μεταϐαλόντες
1665 1409 1776 1463 τῶν
1810 1413 1866 1464 ἓν

291 1484 507 1550 αὑταῖς,
562 1487 699 1543 ἄλλα
723 1488 768 1542 δ’
823 1489 892 1544 αὖ
929 1491 1253 1558 ἐκϐαλόντες
1302 1497 1569 1554 τοτέλεον.
1612 1501 1721 1554 Καί
1776 1519 1867 1571 μοι

292 1581 494 1643 παντὸς
524 1581 618 1634 τοῦ
647 1583 808 1652 λόγου
844 1587 1146 1657 μαρτύριον
1183 1589 1435 1658 ἀψευδὲς,
1464 1593 1604 1664 ὅπερ
1637 1596 1866 1665 γενόμε-

296 1687 457 1741 μενον
494 1673 582 1743 ἐφ’
620 1674 781 1745 ἡμῶν
835 1677 1243 1748 ἀναπέφανται.
1291 1682 1412 1736 Τῶν
1445 1683 1724 1756 ἀρχόντων
1755 1686 1865 1758 γὰρ

288 1763 429 1834 ἀνήρ
461 1782 545 1828 τις
581 1766 691 1820 τῶν
725 1768 1225 1839 ὲκκλησιαστικῶν,
1256 1775 1623 1846 ἀντεχόμενος
1656 1778 1860 1849 κομιδῆ

1970 580 2102 636 lenti
2158 583 2408 640 homines
2437 586 2833 650 adulterarum,
2869 601 2935 643 ex
2966 588 3052 644 his
3108 589 3334 659 quidem
3391 593 3547 648 aufe-

1970 678 2169 733 rentes,
2206 671 2252 726 si
2290 673 2418 741 quid
2449 674 2709 743 scriptum
2736 684 2883 731 esset
2923 678 3067 745 quod
3102 678 3235 745 ipsis
3257 693 3366 735 non
3406 683 3548 737 arri-

1970 762 2143 829 deret,
2166 762 2221 816 in
2252 764 2370 820 aliis
2390 766 2546 845 aliud
2568 767 2766 832 simile,
2802 777 2862 822 ut
2896 769 3005 825 illis
3039 770 3328 827 videbatur
3371 788 3546 845 appo-

1970 861 2182 918 nentes,
2216 868 2338 924 quas
2366 837 2574 921 omnia,
2606 858 2685 911 uti
2708 857 2851 914 vires
2882 861 3277 936 concesserint,
3300 868 3547 934 tempore

1971 953 2274 1015 opportuno
2299 950 2760 1008 commemorabo.
3032 982 3035 988 ς
3456 942 3495 951 ”

2041 1034 2135 1091 22.
2176 1035 2241 1090 Ει
2267 1037 2397 1106 quid
2425 1037 2514 1093 hic
2537 1039 2759 1109 inquam
2784 1040 3215 1113 de'transcriptis
3243 1044 3312 1100 a‘b
3338 1045 3546 1101 eisdem

1969 1122 2076 1177 alio
2114 1134 2279 1195 atque
2325 1126 2432 1181 alio
2468 1136 2713 1198 tempore
2739 1130 3134 1198 voluminibus,
3165 1134 3295 1189 dum
3350 1140 3544 1192 eorum

1972 1217 2223 1271 nonnulli
2254 1232 2355 1274 nec
2377 1220 2444 1273 ab
2473 1220 2600 1287 illis,
2638 1236 2761 1292 quae
2786 1223 2855 1277 ab
2879 1225 3108 1294 antiquo
3138 1233 3383 1295 tempore
3409 1243 3548 1285 exa-

1970 1315 2085 1361 rata
2116 1317 2294 1375 erant,
2356 1324 2554 1367 manus
2578 1313 2965 1369 abstinuerunt
2992 1315 3015 1369 τ
3048 1316 3103 1372 in
3138 1318 3338 1388 quibus
3374 1321 3547 1377 multa

1968 1410 2278 1467 eraserunt,
2315 1401 2441 1458 aliis
2472 1403 2593 1458 loco
2622 1419 2813 1460 eorum
2847 1407 3172 1477 suppositis,
3214 1410 3547 1478 quibusdam

1967 1491 2130 1547 etiam
2181 1508 2411 1563 prorsus
2461 1496 2704 1553 abolitis.
2763 1497 2828 1553 Et
2853 1498 3061 1556 dictum
3095 1516 3279 1556 meum
3329 1502 3550 1559 abunde

1967 1584 2279 1647 conﬁrmat,
2316 1586 2488 1655 quod'
2523 1597 2712 1644 nostra
2765 1590 2869 1645 hac
2924 1597 3083 1645 aetate
3130 1590 3340 1648 factum
3376 1593 3550 1652 fuisse

1966 1686 2307 1744 compertum
2340 1686 2444 1733 est.
2477 1677 2555 1733 Ex
2607 1680 2950 1750 principibus
2989 1682 3134 1737 enim
3197 1684 3330 1741 viris
3373 1687 3550 1743 cccle-

1966 1766 2207 1824 siasticis
2234 1783 2398 1835 unus,
2426 1770 2663 1840 primum
2693 1774 2914 1843 quidem
2945 1774 3231 1831 schismati
3262 1792 3427 1848 quam
3451 1780 3549 1835 ad-

286 1854 356 1907 τὰ
378 1829 572 1925 πρῶτα
598 1857 690 1910 τοῦ
726 1829 1050 1930 σχίσματος,
1072 1863 1163 1917 τὸν
1184 1829 1283 1934 μὲν
1309 1867 1366 1919 ἐν
1390 1829 1620 1931 τούτοις.
1636 1829 1864 1940 ραοᾉδνξ

1970 1857 2327 1926 uictissimus,
2356 1829 2449 1917 sed
2481 1863 2658 1931 gradu
2695 1829 2750 1920 et
2793 1865 2988 1921 ordine
3018 1867 3160 1923 inter
3182 1829 3451 1927 eosjunus
3476 1874 3546 1928 de

286 1947 385 1999 καὶ
422 1947 522 2018 τὴν
552 1949 705 2014 τάξιν
732 1953 792 2003 οὐ
822 1952 1137 2018 πολλοστὸς,
1175 1954 1281 2008 κᾶν
1310 1957 1424 2018 τοῖς
1461 1955 1642 2027 λόγοις
1669 1960 1728 2014 δὲ
1758 1962 1868 2016 τῶν

286 2037 588 2093 δοκούντων
647 2036 731 2104 εἷς
776 2043 1213 2113 γνωριζόμενος,
1264 2047 1503 2119 ἀρχαίαν
1530 2067 1592 2103 τε
1619 2051 1714 2106 καὶ
1746 2052 1866 2118 ἀξι-

166 2186 183 2205 χ
286 2128 511 2183 έπαινον
557 2131 741 2186 δέλτον
772 2134 848 2198 ὼς
880 2136 1104 2206 ἀληθῶς
1161 2138 1257 2193 τοῦ
1284 2140 1589 2196 Νυσσαέων
1631 2143 1867 2217 ἔχουσαν

286 2218 588 2290 Γρηγορίου
623 2224 1274 2299 συγγράμματα,διχόθεν
1306 2247 1369 2284 το
1396 2235 1675 2300 παντελῶς
1708 2238 1867 2292 ἀδιά-

285 2310 482 2382 ϐλητον
544 2318 907 2389 κεκτημένην,
939 2324 1035 2373 καὶ
1086 2322 1147 2374 τὸ
1207 2324 1425 2391 πιστὸν,
1471 2325 1534 2380 ἐκ
1573 2345 1632 2381 τε
1664 2329 1865 2404 δηλαδὴ

283 2402 378 2455 τοῦ
423 2405 727 2461 ἀπταίστου
757 2412 851 2464 καὶ
891 2411 992 2482 τῆς
1020 2413 1133 2467 τῶν
1191 2416 1422 2490 ἡμερῶν
1454 2402 1861 2493 παλαιότητοςλ

284 2495 488 2568 ταύτην
542 2498 671 2568 γοῦν
709 2502 736 2554 ὁ
769 2504 1015 2567 τοιοῦτος
1053 2507 1172 2561 κατ’
1212 2511 1386 2580 ἀρχὰς
1445 2511 1546 2583 τῆς
1580 2513 1865 2580 διενέξεως

290 2591 509 2662 μετιὼν,
533 2593 608 2658 ὡς
641 2596 722 2658 είς
749 2595 848 2664 τὴν
892 2598 1101 2655 ἄνωθεν
1153 2603 1479 2659 ἐκτεθεῖσαν
1504 2606 1598 2659 τοῦ
1628 2608 1864 2680 ιῐΙλτρδς

285 2687 446 2756 ῥῆσιν
481 2690 811 2761 κατήντησε,
849 2690 1014 2762 ζῆλόν
1062 2711 1189 2748 τινα
1236 2697 1331 2751 καὶ
1375 2699 1537 2761 αὐτὸς
1577 2666 1747 2757 εθκαὶ
1771 2666 1863 2776 ,μη

284 2778 407 2833 κατ’
457 2781 758 2851 ἐπίγνωσιν
810 2785 957 2856 σχὼν
989 2785 1142 2852 ἔξεσε
1178 2789 1277 2860 τὴν
1327 2792 1422 2845 ἐπὶ
1448 2794 1541 2847 τοῦ
1572 2795 1703 2850 Υἱοῦ
1747 2816 1864 2853 κειο

284 2871 457 2941 μένην
491 2873 559 2927 ἐκ
585 2876 866 2945 πρόθεσιν,
892 2877 961 2949 ἢν
992 2880 1307 2951 ἐντυχόντες
1336 2883 1523 2938 πολλοὶ
1545 2890 1611 2958 τῇ
1639 2890 1864 2964 τειαύτῃ

284 2961 597 3036 δογματικῇ
647 2967 814 3039 βίϐλῳ
849 2970 909 3022 τὸ
945 2974 1098 3041 πρὶν,
1135 2973 1360 3039 οἰκείοις
1403 2976 1711 3048 ὀφθαλμοῖς
1766 2961 1863 3052 ly;

278 3059 681 3129 γεγραμμένην
730 3062 945 3131 τρανῶς
998 3064 1175 3137 ταύτῃ
1211 3067 1556 3139 κατείδομεν,
1609 3073 1707 3127 καὶ
1751 3076 1853 3145 τῆς

1970 1951 2182 2020 multis,
2217 1953 2318 2009 etsi
2351 1954 2406 2009 in
2438 1956 2653 2013 dicendi
2700 1965 2819 2012 arte
2844 1973 2955 2014 non
2990 1959 3278 2030 imperitus
3307 1963 3547 2021 habere-

1971 2051 2078 2108 tur,
2109 2045 2362 2099 volumen
2389 2047 2523 2103 satis
2558 2055 2833 2104 vetustum
2865 2060 2921 2106 et
2944 2067 3069 2108 vere
3087 2055 3543 2125 commendabile,

1970 2130 2220 2204 Gregorii
2251 2132 2483 2207 Nysseni
2531 2141 2959 2197 commentarios
2980 2143 3290 2210 continens,
3339 2146 3545 2218 duplici

1969 2235 2036 2276 ex
2073 2225 2251 2295 capite
2286 2226 2421 2281 nulli
2459 2228 2751 2285 calumnia:
2797 2230 3121 2298 obnoxium,
3148 2240 3202 2288 et
3229 2233 3390 2290 ﬁdem
3436 2236 3545 2291 sibi

1970 2315 2348 2372 inconcussam
2374 2319 2639 2384 retinens,
2673 2321 2816 2389 quod
2847 2322 3015 2379 nullis
3048 2324 3264 2382 mendis
3284 2336 3433 2383 esset
3461 2327 3550 2383 in-

1968 2421 2242 2476 spersum,
2270 2418 2327 2465 et
2354 2420 2626 2468 vetustate
2674 2415 2938 2484 temporis
2982 2425 3129 2472 esset
3157 2420 3542 2490 conspicuum.

1969 2502 2087 2557 Hoc
2115 2501 2280 2573 igitur
2315 2503 2404 2559 ille
2435 2504 2490 2559 in
2538 2507 2812 2578 principio
2856 2509 3072 2566 dissidii
3108 2526 3456 2581 percurrens,
3481 2526 3546 2572 ut

1970 2594 2037 2648 ad
2066 2608 2232 2663 supra
2291 2596 2569 2651 laudatum
2614 2597 2793 2656 Patris
2846 2602 3053 2657 dictum
3094 2609 3365 2673 pervenit,
3421 2609 3541 2664 zelo

1966 2686 2204 2755 quodam
2240 2687 2518 2758 abreptus,
2571 2692 2675 2746 etsi
2735 2707 2842 2747 non
2897 2695 3197 2751 secundum
3235 2685 3542 2765 scientiam,

1966 2776 2134 2831 erasit
2157 2780 2502 2849 praepositam
2560 2779 2700 2835 Filio
2729 2785 3171 2853 praepositionem
3231 2802 3319 2855 ex,
3376 2805 3545 2862 quam

1966 2876 2124 2922 antea
2177 2871 2425 2942 plerique
2470 2882 2719 2928 nostrum
2753 2874 2807 2929 in
2838 2875 2933 2930 illo
2956 2877 3271 2947 dogmatico
3310 2889 3543 2938 tractatu

1964 2971 2087 3012 cum
2121 2961 2373 3017 volumen
2412 2963 2817 3023 involveremus
2848 2971 3084 3039 propriis
3121 2973 3299 3029 oculis
3347 2989 3547 3029 exara-

1965 3059 2074 3105 tam
2099 3054 2387 3123 perspicue
2442 3071 2925 3128 conspexeramus,
2958 3071 3013 3118 et
3057 3064 3127 3118 ab
3156 3065 3371 3137 integro
3399 3068 3551 3125 dicto

278 3148 410 3218 ὅλης
446 3153 658 3221 ρήσεως
698 3153 972 3221 ἀποξέσας
1002 3158 1100 3226 τὴν
1133 3159 1201 3238 ἐκ
1230 3160 1442 3232 ἀφῆκεν
1475 3163 1646 3234 αὐτὴν
1682 3144 1858 3232 οὕτως

1962 3158 2028 3197 ea;
2058 3144 2312 3213 eradens,
2372 3153 2701 3208 sententiam
2733 3153 2805 3207 ita
2856 3155 2961 3227 legi
2996 3157 3214 3229 reliquit
3245 3177 3260 3215 :
3308 3160 3546 3229 Spiritus

279 3244 759 3311 ἀναγινώσκεσθαι
782 3265 795 3278 ·
833 3250 905 3304 Τὸ
932 3249 1001 3304 δὲ
1030 3251 1205 3322 ἅγιον
1232 3253 1480 3325 Πνεῦμα
1524 3257 1624 3311 καὶ
1656 3257 1724 3311 ἐκ
1751 3257 1860 3313 τοῦ

276 3337 512 3404 Πατρός
537 3339 798 3410 λέγεται,
829 3341 931 3397 καί
957 3344 1065 3398 τοῦ
1114 3345 1253 3400 Υίοῦ
1283 3342 1439 3401 εἶναι
1473 3361 1859 3419 προσμαρτυ-

264 3428 487 3494 ρεῖται.
520 3432 628 3486 Καὶ
657 3433 777 3486 τότε
812 3436 915 3504 μὲν
954 3436 1353 3507 διαφερόμενος
1393 3435 1549 3505 οὗτος
1579 3443 1713 3513 ἡμῖν
1742 3444 1861 3514 ὲχό-

275 3537 419 3589 μενοι
457 3523 555 3590 τῆς
583 3524 779 3577 ἑαυτοῦ
807 3528 1040 3598 γνώμης
1068 3531 1403 3599 είργὰσατου
1448 3533 1543 3586 τοῦ
1572 3535 1764 3604 χρόνον
1798 3536 1857 3590 δὲ

271 3610 580 3680 προϊόντος⁹
622 3616 815 3685 ἐπειδὴ
873 3618 1210 3691 μεθύστερον
1236 3623 1335 3690 τῆς
1363 3625 1591 3693 εἰρήνης
1637 3626 1857 3693 ἐγένετο

270 3703 369 3754 καὶ
400 3702 585 3769 αὐτὸς,
635 3699 723 3757 οἷα
760 3706 1129 3778 πληττόμενος
1168 3711 1274 3765 ὑπὸ
1302 3712 1398 3766 τοῦ
1430 3714 1752 3780 συνειδότος,
1777 3715 1859 3780 ὡς

269 3793 441 3860 ἔοικε,
473 3796 536 3848 τὸ
577 3796 831 3852 τελεσθὲν
859 3802 1237 3872 ἀπεκάλυψεν.
1283 3805 1505 3874 Ἀμέλει
1557 3808 1857 3876 τοιγαροῦν

268 3886 369 3938 καὶ
399 3883 739 3956 ζητήσαντες
771 3891 1055 3961 ἐπιμελῶς
1085 3895 1188 3964 τὴν
1241 3895 1424 3965 βίϐλον
1452 3899 1637 3967 ἡμεῖς,
1664 3899 1855 3970 ὄμμα-

271 3990 359 4027 σιν
409 3977 592 4041 αὐτοῖς
646 3979 1016 4050 ἑωράκειμεν,
1063 3984 1202 4055 ὅπερ
1251 3986 1389 4056 ἀκοῇ
1442 3988 1851 4060 παρελάϐομεν.

268 4069 384 4120 Καὶ
411 4067 570 4141 νῦνή
615 4071 717 4140 μὲν
748 4074 955 4142 δέλτος,
998 4075 1074 4139 ὡς
1127 4078 1300 4141 εἰκὸς,
1353 4079 1508 4150 μένει
1541 4083 1638 4134 καὶ
1686 4083 1854 4137 καθέσ-

270 4175 442 4230 στηκε
480 4164 616 4234 παρ’
650 4168 785 4236 ἡμῖν
807 4167 900 4219 τὸν
928 4169 1096 4222 τόπον
1125 4171 1224 4239 τῆς
1255 4172 1325 4225 ἐκ
1372 4173 1688 4243 προθέσεως
1734 4175 1854 4240 ἑξε-

267 4252 468 4320 σμένον
498 4254 594 4307 καὶ
649 4257 807 4310 κενὸν
840 4257 1082 4329 φέρουσα
1108 4277 1120 4289 ⁸
1148 4262 1219 4313 τα
1247 4261 1303 4314 δέ
1324 4276 1388 4330 γε
1415 4264 1510 4332 τῆς
1543 4264 1853 4331 ὑποθέσεως

267 4344 655 4415 σημειωθέντα
686 4352 875 4421 γραφῇ
929 4351 1207 4422 παρεδόθη
1237 4355 1379 4406 κατὰ
1414 4353 1712 4423 διάγνωσιν
1754 4360 1852 4413 καὶ

264 4436 447 4507 κρίσιν
473 4440 782 4512 συνοδικὴν,
815 4443 967 4507 ὅπως
1016 4445 1083 4498 ἂν
1110 4444 1286 4514 ἔχοιεν
1329 4446 1530 4501 ειδέναι
1560 4447 1629 4501 δι’
1672 4449 1850 4518 ἀσφάε

1961 3253 2078 3293 vero
2102 3250 2317 3297 sanctus
2348 3255 2397 3297 et
2419 3259 2484 3298 ea:
2516 3243 2684 3300 Patre
2712 3248 2929 3313 dicitur,
2958 3258 3011 3304 et
3042 3251 3175 3308 Filii
3203 3269 3315 3310 esse
3345 3259 3546 3312 astrui-

1961 3336 2068 3384 tur.
2097 3329 2166 3384 Et
2189 3339 2300 3387 tum
2336 3349 2375 3389 a
2398 3336 2556 3392 nobis
2586 3337 2679 3394 ille
2705 3338 2978 3398 dissidens
3004 3357 3120 3400 sua:
3154 3346 3396 3416 opinioni
3421 3364 3546 3420 pur-

1966 3426 2315 3481 accommoda
2401 3434 2751 3498 pertentavit.
2816 3433 2921 3490 Sed
2988 3437 3238 3494 clabente
3301 3451 3546 3514 tempore

1959 3515 2218 3571 unionem
2249 3520 2553 3591 amplexus,
2590 3534 2645 3580 et
2669 3528 3033 3596 conscientia,
3067 3533 3145 3586 uti
3173 3549 3273 3603 par
3315 3550 3416 3601 est,
3450 3555 3544 3593 ve-

1955 3618 2138 3677 xatus,
2167 3609 2369 3667 factum
2398 3616 2675 3672 revelavit.
2723 3619 2905 3685 Quare
2958 3637 3065 3680 nos
3112 3625 3408 3697 diligenter
3446 3646 3543 3686 vo-

1956 3698 2167 3756 lumine
2193 3705 2530 3775 conquisita,
2570 3708 2705 3777 ipsis
2749 3712 2927 3768 oculis
2974 3715 3335 3784 inspexi-nus,
3390 3721 3540 3791 quod

1958 3790 2148 3845 auditu
2182 3806 2675 3863 usurpaveramus.
2711 3798 2778 3853 Et
2808 3812 2958 3854 nunc
3010 3804 3288 3868 volumen,
3328 3790 3421 3860 uti
3444 3807 3542 3862 ad-

1956 3880 2131 3950 decet,
2160 3885 2430 3954 persistit,
2485 3896 2540 3943 et
2600 3901 2965 3946 conservatur
2992 3894 3135 3962 apud
3188 3910 3323 3961 nos,
3354 3897 3539 3953 locum

1954 3983 2020 4022 ea:
2048 3973 2455 4041 praepositionis
2484 3992 2705 4032 erasum
2741 3995 3091 4052 vacuumque
3117 3984 3372 4043 deferens
3404 4007 3417 4045 :
3452 3991 3535 4046 rei

1955 4071 2136 4117 autem
2176 4077 2560 4136 argumentum
2593 4072 2967 4143 obsignatum,
2999 4079 3251 4133 examine
3293 4089 3348 4136 et
3393 4082 3536 4151 judi-

1956 4153 2041 4210 cio
2073 4157 2334 4225 synodico
2363 4160 2586 4230 scriptis
2621 4166 2885 4221 traditum
2905 4178 3005 4233 est,
3039 4177 3099 4223 ut
3123 4173 3331 4241 posteri
3361 4176 3431 4229 ob
3450 4177 3537 4232 sui

1955 4247 2300 4305 securitatem
2358 4251 2478 4308 haec
2517 4255 2655 4324 ipsa,
2695 4256 2772 4311 uti
2803 4268 3025 4328 peracta
3071 4271 3221 4328 sunt,
3276 4278 3537 4337 recogno-

1955 4352 2111 4396 scere
2143 4341 2383 4413 possint.
2411 4345 2481 4401 Et
2508 4348 2613 4403 hoc
2639 4364 2787 4404 nunc
2815 4360 3002 4408 actum
3033 4361 3141 4421 est,
3176 4370 3303 4412 eum
3333 4346 3532 4416 omnes

1953 4432 2069 4490 fere
2100 4435 2218 4507 paci
2245 4447 2297 4492 et
2325 4439 2515 4496 unioni
2545 4442 2904 4512 adhaesimus,
2936 4449 3032 4501 sed
3061 4448 3389 4508 universalis
3421 4454 3536 4511 dis-

264 4527 419 4581 λειαν
444 4531 663 4592 πάντως
713 4534 808 4587 καὶ
846 4535 899 4587 οἱ
943 4538 1397 4609 μεταγενέστεροι
1432 4539 1627 4604 ταῦτα,
1669 4542 1850 4607 καθὼς

1962 4527 2085 4583 sidii
2117 4528 2514 4603 discordiaque
2546 4542 2793 4605 tempore
2816 4547 2977 4593 erant
3022 4539 3182 4610 plane
3207 4542 3279 4596 ob
3302 4555 3497 4601 conten
3520 4578 3536 4591 -

265 4620 363 4673 καὶ
396 4622 731 4694 προέϐησαν.
777 4625 939 4679 Ἀλλὰ
989 4626 1150 4681 τοῦτο
1181 4629 1281 4699 μὲν
1301 4631 1508 4700 ἀρτίως
1552 4634 1774 4688 ἐπειδὰν
1796 4638 1844 4689 οι

261 4713 469 4774 πάντες
491 4714 690 4784 μικροῦ
715 4717 818 4786 τῆς
851 4716 1098 4782 ἐνώσεως
1122 4722 1217 4774 καὶ
1242 4722 1338 4790 τῆς
1368 4724 1624 4794 ὁμονοίας
1653 4727 1842 4798 ἐσμὲν,

259 4804 387 4857 κατ’
417 4807 624 4859 ἐκεῖνον
653 4808 711 4861 δὲ
742 4809 833 4862 τὸν
865 4810 961 4880 τῆς
988 4810 1252 4880 διχονοίας
1292 4815 1393 4883 τῆς
1422 4816 1720 4889 καθολικῆς
1752 4820 1847 4892 δη-

258 4889 438 4947 λονότι
469 4897 662 4967 καιρὸν
700 4900 793 4953 καὶ
826 4901 926 4968 τῆς
952 4901 1288 4968 διαστάσεως
1322 4903 1463 4977 ἦσαν
1497 4910 1597 4976 μὲν
1626 4910 1695 4964 δι’
1726 4889 1845 4984 ἔριν

257 4985 376 5039 τῶν
435 4987 598 5058 ἱερῶν
632 4987 831 5058 βίϐλων
866 4992 1144 5060 λυμεῶνές
1200 5010 1365 5060 τινες,
1414 4998 1445 5050 ό
1472 4998 1527 5051 δὲ
1571 5000 1845 5066 ἐξετάζων

258 5076 440 5141 οὐδεὶς
473 5079 538 5131 τὰ
591 5080 723 5150 περὶ⁸
772 5082 980 5136 τούτων
1015 5084 1109 5137 καὶ
1155 5087 1575 5156 σημειούμενος.
1626 5078 1747 5144 ’Ότι
1784 5093 1845 5146 δὲ

258 5166 566 5235 τηνικαῦτα
592 5173 1030 5243 παρεφθάρησαν
1060 5175 1239 5229 αὐτῶν
1270 5174 1370 5230 οὐκ
1402 5177 1579 5246 ὀλίγαι
1602 5182 1705 5234 κάν
1722 5185 1842 5246 ταῖς

262 5263 672 5331 μεταγραφαῖς,
718 5263 972 5317 ἐντεῦθεν
1027 5264 1262 5335 μάλιστα
1300 5268 1558 5336 φανερόν.
1606 5267 1695 5321 Ἐν
1732 5271 1842 5338 γὰρ

257 5349 343 5421 τῷ
369 5352 472 5415 τὰς
502 5353 717 5423 βίϐλους
753 5356 905 5425 ἡμᾶς
953 5356 1132 5419 πάσας
1161 5356 1480 5427 ἁνερευνᾷν,
1513 5357 1608 5411 καὶ⁵
1659 5356 1842 5427 βίϐλον

245 5444 354 5499 τοῦ
387 5444 554 5499 αὐτοῦ
582 5446 888 5518 Γρηγορίου
946 5448 1238 5516 πονήματα
1271 5448 1400 5519 μίαν
1429 5449 1686 5520 εὕρομεν,
1716 5450 1843 5521 ἠτις

258 5540 316 5592 ὲν
346 5539 492 5592 κατὰ.
507 5539 601 5592 τὸν
634 5538 772 5609 πρὸς
807 5537 1091 5594 ’Δϐλάϐιον
1121 5538 1276 5608 λόγον
1301 5539 1452 5611 ρητῷ
1479 5540 1555 5609 τῷ
1582 5541 1712 5612 περὶ
1744 5540 1841 5595 τοῦ

257 5630 436 5685 αίτίου
484 5630 582 5684 καὶ
613 5631 707 5685 τοῦ
743 5629 990 5685 αἰτιατοῦ
1034 5633 1319 5701 φάσκοντι,
1368 5634 1429 5687 τό
1457 5633 1516 5688 δέ
1556 5635 1728 5700 ἐστιν,
1756 5635 1840 5689 ὅτι

261 5725 332 5776 Τὸ
353 5722 827 5792 ἀπαράλλακτον
848 5723 955 5793 τῆς
975 5724 1219 5794 φύσεως
1241 5727 1695 5796 ὁμολογοῦντες,
1719 5728 1836 5796 τὴν

254 5811 406 5867 κατὰ
436 5814 502 5867 τὸ
549 5812 747 5868 αἴτιον
780 5814 881 5868 καὶ
927 5818 1196 5871 αἰτιατόν
1245 5816 1539 5887 διαφορὰν
1593 5819 1703 5872 οὐκ
1735 5819 1837 5888 ἀρ-

508 5907 772 5972 Pnnon.
804 5910 921 5971 GR.
960 5901 1158 5972 (ΖΚΜ.

1958 4621 2162 4678 tionem
2188 4639 2473 4681 sacrorum
2533 4629 2878 4687 voluminum
2910 4645 3258 4703 corruptores
3287 4639 3532 4709 quidam,

1955 4714 2050 4781 qui
2075 4731 2203 4771 vero
2221 4732 2284 4773 ea
2308 4721 2704 4788 exatninarcnt,
2724 4723 3148 4797 nbsignaretque
3176 4731 3390 4801 nullus;
3415 4741 3529 4788 tum

1955 4820 2086 4863 νει-ο
2117 4809 2287 4866 multa
2335 4828 2527 4869 eorum
2578 4816 2763 4871 vitiata
2813 4833 2935 4874 esse
2973 4836 3039 4875 ΘΧ
3089 4836 3279 4881 eorum
3322 4830 3533 4883 exscri—

1954 4900 2140 4973 ptione
2170 4903 2347 4972 palam
2385 4905 2444 4960 lit
2476 4909 2851 4967 manifestum.
2889 4911 3137 4982 Namque
3187 4933 3310 4972 cum
3341 4923 3529 4985 omnfa

1953 4993 2229 5051 volumina
2263 4999 2738 5068 conquireremus,
2766 5004 3008 5072 ejusdem
3034 5005 3283 5078 Gregorii
3333 5022 3534 5068 tracla~

1957 5093 2047 5138 tus
2074 5086 2360 5143 continens
2394 5104 2564 5143 unum
2593 5091 2924 5161 invenimus,
2946 5097 3095 5166 quod
3127 5099 3180 5152 in
3227 5096 3373 5156 dicto
3403 5118 3531 5159 ora.

1953 5175 2120 5229 tionis
2156 5176 2225 5229 ad
2264 5178 2555 5235 Ablabium
2599 5182 2667 5238 de
2719 5200 2883 5242 causa
2915 5196 2970 5241 et
3002 5188 3200 5244 ell‘ectu
3269 5191 3524 5251 dicente:
3611 5207 3627 5219 ὀ

1950 5266 2343 5323 Immutabilem
2365 5278 2415 5325 et
2446 5275 2625 5331 omnia
2648 5278 2875 5333 similem
2914 5289 3164 5334 naturam
3197 5283 3524 5354 conﬁtentes,

1950 5359 2232 5416 discrimen
2273 5379 2449 5420 causa
2477 5377 2527 5421 et
2572 5368 2785 5438 effectus
2828 5386 2931 5426 non
2985 5372 3309 5441 inﬁt-famur,
3356 5376 3527 5446 paulo

1951 5450 2092 5508 infra
2128 5464 2254 5510 cum
2286 5455 2543 5512 eli‘ectutn
2585 5461 2901 5524 subdividit,
2941 5472 3147 5533 partem
3188 5466 3340 5523 illius
3392 5469 3526 5524 alte-

1951 5557 2092 5608 ram,
2126 5559 2344 5617 nempe,
2374 5551 2472 5603 hac
2492 5552 2700 5620 quidem
2726 5553 3036 5609 immediate
3069 5566 3109 5609 ο·
3130 5557 3326 5626 primo,
3364 5560 3444 5615 uti
3470 5569 3526 5615 et

1948 5636 2052 5691 alia
2088 5637 2296 5708 reliqua
2329 5640 2606 5699 volumina
2634 5643 2687 5699 in
2716 5647 3108 5703 secontinebat
3135 5687 3151 5714 ,
3184 5649 3374 5720 altera,
3402 5664 3526 5725 qua;

1947 5733 2259 5788 necessario
2286 5737 2659 5807 consequitur,
2691 5739 2898 5794 cum-in
2940 5740 3064 5800 aliis
3095 5745 3351 5801 omnibus
3373 5746 3523 5817 lega«

1950 5827 2060 5897 tur,
2079 5820 2195 5905 “hoc
2214 5830 2314 5889 est,
2350 5823 2444 5880 hoc
2468 5841 2585 5882 vero
2612 5841 2705 5897 per
2725 5831 3028 5902 contiguum
3050 5851 3082 5887 a
3106 5838 3296 5906 primo,
3332 5838 3384 5894 itt
3415 5837 3524 5897 hoc

3065 5928 3138 5990 38
