3970 6402
351 384 483 452 “9'!

1200 386 1298 446 DF.
1342 379 1863 446 PROCESSIONE
1904 380 1967 446 S.
2004 374 2368 441 SPIRITUS
2408 374 2634 438 ORA'I‘.
2674 376 2753 436 Il.

3453 372 3592 439 1193

344 504 696 574 διστακτικὴν
729 504 971 560 διάνοιαν
1000 505 1068 558 δι’
1091 505 1270 560 αὗτῶν
1302 506 1493 577 πόῤῥω
1518 522 1623 558 που
1668 505 1784 558 ϐντι
1818 521 1915 556 σα-

2024 499 2087 554 Ει
2116 497 2376 554 omuibus
2412 496 2765 552 manifestum
2801 504 2903 560 est,
2940 492 3101 548 verba
3145 492 3259 550 btet:
3299 495 3594 550 venerandi

344 594 459 662 φῶς
481 595 887 665 ἀπεκρούσατο.
919 597 1025 650 Καὶ
1055 597 1332 668 προφανὲς
1356 600 1468 660 τοῖς
1486 597 1630 660 ὅλοις
1647 595 1796 649 ἐστὶν
1829 595 1912 648 ὅτι

346 687 571 760 ῥήματα
596 688 770 742 ταῦτα
800 689 894 742 τοῦ
928 689 1130 743 σεπτοῦ
1162 689 1449 743 Βασιλείου
1495 689 1590 742 καὶ
1621 687 1916 757 θεοφάντο-

346 796 458 849 ρος,
482 780 581 833 οὐκ
610 779 771 835 ἄλλου
798 781 967 847 τινὸς,
1014 782 1078 834 ἐκ
1118 799 1177 835 τε
1202 782 1298 836 τοῦ
1333 782 1503 854 χωρὶς
1538 781 1916 852 ἀντιρρήσεως

341 871 546 934 πάσαις
576 871 911 942 ὲμφέρεσθαι
935 873 1158 939 δέλτοις,
1185 874 1278 943 καὶ
1310 873 1490 944 πολλῷ
1520 872 1707 937 πλέον,
1746 873 1804 936 ἐξ
1837 868 1915 927 ὧν

337 960 559 1029 δηλοῦσι
589 965 658 1016 τά
695 965 1036 1035 ἐπαγόμενα.
1071 965 1233 1034 Λέγει
1263 967 1371 1036 γὰρ
1395 967 1455 1020 ὲν
1483 966 1698 1028 τούτοις
1752 965 1914 1029 αὐτὸς

336 1055 510 1118 οὓτως
534 1055 785 1126 ἁδιεχῶς,
821 1057 897 1119 ὼς
930 1057 1117 1127 μηδενί
1138 1075 1246 1111 τινι
1278 1058 1429 1128 μέσῳ
1454 1057 1909 1127 διακοπτόμενος’

337 1147 522 1200 Φύσει
550 1146 617 1200 δὲ
643 1149 807 1216 τρίτῃ
830 1148 1095 1218 χρῆσθαι
1126 1151 1266 1203 οὐτε
1287 1154 1445 1218 παρὰ
1475 1150 1596 1204 τῶν
1612 1151 1797 1221 ἁγίων
1820 1149 1914 1204 δε-

337 1237 659 1308 διδάγμεθα
685 1242 962 1309 Γραφῶν,
993 1241 1131 1295 οὔτε
1156 1242 1224 1295 ἐκ
1258 1241 1378 1295 τῶν
1414 1241 1744 1312 εἰρημένων
1760 1243 1913 1297 κατὰ

337 1328 683 1383 ἀκόλουθον
727 1330 1495 1404 δυνατὸνσυμογίζεσθαι.
1528 1334 1730 1387 Λοιπὸν
1776 1333 1912 1387 ἀσύ-

336 1436 532 1472 στατον
560 1420 696 1482 ὅλως
723 1423 816 1474 καὶ
843 1422 1257 1477 ἀναπόδεικτον.
1296 1424 1507 1478 Ἐκεῖνο
1534 1424 1627 1498 δὲ,
1662 1424 1908 1479 τουτέστι

334 1510 413 1575 τῷ
436 1510 719 1581 ἀξιώματι
746 1513 1118 1582 δευτερεύειν
1144 1517 1209 1569 τὸ
1236 1516 1482 1586 Πνεῦμα
1516 1517 1583 1570 τὸ
1607 1515 1779 1587 ἅγιον
1800 1517 1909 1571 τοῦ

333 1603 491 1669 Υιοῦ,
518 1604 628 1674 τῆς
647 1608 953 1671 εὐσεϐείας
972 1608 1388 1676 παραδίδωσιν
1413 1612 1445 1663 ὀ
1465 1609 1665 1677 λόγος.
1691 1609 1784 1662 Διὸ
1812 1610 1909 1665 καὶ

335 1693 554 1765 βέϐαιον
573 1698 751 1767 πάντη
770 1701 863 1750 καὶ
881 1699 1309 1768 ἀναμφίλεκτον.
1326 1700 1581 1754 Τοιοῦτον
1593 1700 1661 1754 τὰ
1680 1702 1908 1771 ῥήματα

331 1782 505 1842 ταῦτα
529 1789 764 1860 φέροντα
781 1790 904 1843 νοῦν
920 1790 1134 1860 ἔχονται
1155 1791 1261 1846 τῶν
1282 1792 1432 1862 ἑξῆς,
1452 1792 1594 1846 ὥστε
1610 1795 1704 1847 καὶ
1727 1792 1790 1858 ἐξ
1808 1793 1906 1846 αύ-

2019 602 2075 646 et
2092 591 2405 647 divinorum
2434 588 2758 663 revelatoris
2784 586 2992 654 Basilii,
3026 601 3133 640 non
3159 586 3385 641 alterius
3411 587 3597 657 cujus-

2020 683 2167 754 piam
2216 698 2361 746 esse,
2411 671 2557 752 quod
2603 682 2739 736 citra
2770 682 2933 735 ullam
2987 679 3481 735 contradictionem
3537 680 3592 734 in

2021 775 2273 831 omnibus
2301 774 2670 829 voluminibus
2699 772 3183 839 circumferuntur,
3210 781 3264 827 et
3287 772 3460 827 multo
3480 786 3599 850 nia-1

2020 869 2101 939 gis
2123 884 2187 924 ex
2221 868 2311 934 iis,
2349 883 2472 938 qua:
2498 864 2885 936 subsequentia
2913 865 3231 935 important.
3257 862 3507 934 Namque
3540 865 3595 917 in

2017 961 2104 1017 bis
2154 960 2305 1015 nullo
2366 960 2474 1015 alio
2504 958 2814 1037 interiecto,
2844 973 2913 1012 ne
2948 957 3127 1012 medio
3180 956 3368 1028 aliquo
3414 955 3594 1011 oratio

2018 1051 2530 1123 interrumperetur,
2581 1051 2767 1107 subdit
2805 1069 2820 1103 :
2856 1048 2960 1104 Sed
3024 1060 3221 1104 natura
3270 1049 3429 1104 tertia
3483 1050 3589 1115 uti,

2017 1160 2180 1214 neque
2212 1160 2245 1198 a
2277 1145 2473 1198 sanctis
2502 1142 2723 1198 Litteris
2736 1143 3037 1207 edocemur,
3065 1158 3225 1213 neque
3248 1156 3313 1196 ea:
3337 1143 3403 1196 iis
3426 1184 3440 1208 ,
3469 1156 3587 1211 qua:

2014 1236 2157 1288 dicta
2212 1244 2354 1298 sunt,
2391 1246 2535 1289 recta
2589 1234 2753 1286 ducta
2785 1233 2997 1303 sequeta
3036 1249 3317 1302 possumus
3369 1234 3590 1288 demon—

2014 1338 2207 1388 strare,
2235 1342 2426 1396 nempe
2456 1327 2559 1380 hoc
2600 1325 2677 1380 ait
2719 1341 2734 1378 :
2768 1322 2986 1378 Natura
3017 1329 3176 1379 tertia
3207 1328 3287 1379 uti
3328 1323 3587 1394 Spiritum

2012 1425 2275 1480 sanctum,
2331 1432 2492 1486 neque
2522 1434 2553 1471 a
2602 1417 2793 1470 divinis
2832 1414 3052 1470 Litteris
3082 1416 3394 1484 didicimus,
3423 1433 3586 1487 neque

2012 1524 2077 1563 ea:
2106 1511 2262 1565 dictis
2290 1510 2471 1581 colligi
2493 1520 2869 1580 consequenter
2919 1522 3133 1579 potest.-
3154 1510 3387 1579 Prorsus
3416 1512 3585 1581 igitur

2014 1599 2118 1654 hoc
2141 1602 2242 1656 sibi
2275 1617 2385 1656 non
2428 1611 2666 1665 constat,
2696 1618 2794 1658 nec
2820 1617 3061 1671 unquam
3090 1601 3582 1658 demonstrabitur.

2014 1693 2149 1749 Illud
2224 1710 2400 1761 vero,
2474 1693 2747 1764 Dignitate
2813 1695 3103 1748 secundum
3164 1710 3277 1748 esse
3353 1712 3386 1747 a
3443 1692 3590 1747 Filio

2013 1786 2276 1856 Spiritum
2344 1799 2633 1850 sanctum,
2698 1786 2914 1854 pietatis
2971 1789 3113 1840 ratio
3190 1786 3377 1840 tradit.
3458 1786 3592 1842 Pro-

330 1878 440 1933 τῶν
479 1879 577 1951 τῆς
624 1880 893 1946 ἐκδόσεως
941 1882 1036 1935 τοῦ
1070 1883 1308 1952 μεγάλου
1337 1883 1713 1938 πιστεύεσθαι.
1764 1883 1901 1936 Τού-

2010 1888 2309 1950 ptercaque
2342 1879 2556 1933 tirmum
2590 1880 2926 1935 omninoest
2956 1888 3013 1934 et
3054 1879 3193 1934 citra
3223 1880 3389 1933 ullam
3421 1878 3590 1934 1]ωεὶ-

334 1985 446 2023 των
488 1971 546 2023 δὲ
583 1971 880 2028 κάντεῦθεν
903 1974 1136 2043 μάλιστα
1166 1974 1260 2027 τοῦ
1297 1974 1462 2047 σοφοῦ
1502 1976 1657 2028 τοῦδε
1688 1976 1907 2047 Πατρδς

334 1992 446 2023 των
488 1992 546 2023 οε
583 1992 880 2028 καντευυεν
903 1992 1136 2043 μαλιστα
1166 1992 1260 2027 του
1297 1992 1327 2026 σ
1361 1993 1462 2044 φου
1502 1992 1657 2028 τουοε
1690 1992 1907 2047 ιιατρος

328 2060 715 2130 ἀναφανέντων
780 2066 934 2134 ήμῖν,
993 2066 1207 2136 ἀνάγκη
1273 1992 1356 2119 τί
1380 2064 1727 2120 διστακτικὺν
1759 2067 1908 2134 ἴσως

328 2152 613 2223 ἀλλότριον
645 2156 914 2227 ὑπάρχειν
956 2158 1252 2229 προστεθὲν
1284 2157 1508 2229 ὕστερον
1533 2177 1548 2192 ·
1605 2159 1906 2230 ἐπειδήπερ

325 2242 704 2314 ἀκατάλληλον
761 2249 907 2300 ἐστιν
963 2251 1170 2315 αὐτοῖς,
1229 2250 1324 2302 καὶ
1384 2250 1554 2318 ἄμφω
1583 2249 1677 2302 τοῦ
1720 2249 1904 2304 ἀὐτοῦ

324 2338 620 2408 τυγχάνειν
642 2339 924 2395 ἀδύνατον.
951 2340 1108 2393 Οὕτω
1134 2340 1415 2410 πολλαχῶς
1443 2340 1503 2395 τδ
1538 2342 1689 2407 ῑσως
1716 2341 1901 2395 διστα-

328 2428 514 2484 κτικὸν
559 2432 881 2504 προσθήκην
940 2434 1112 2486 τελεῖν
1164 2434 1193 2486 ὁ
1246 2433 1404 2499 λόγος
1464 2432 1748 2497 ἀπέδειξε.
1810 2434 1906 2488 καὶ

330 2521 647 2593 προσθήκην
703 2524 868 2595 μηδὲν
936 2524 1166 2595 ἔχουσαν
1224 2525 1375 2593 ὑγιὲς
1401 2564 1418 2590 ,
1470 2525 1564 2580 ἆτε
1629 2524 1754 2595 μηδ’
1823 2521 1903 2590 οἷς

330 2614 626 2684 προσετέθη
654 2614 1004 2686 συνᾴδουσαν.
1064 2614 1222 2668 Ἀλλὰ
1280 2613 1437 2668 τοῦτο
1498 2615 1598 2685 μὲν
1661 2614 1786 2685 μηδ’
1822 2617 1903 2679 είς

325 2702 624 2774 ἐνθύμησιν
660 2705 719 2759 τὸ
751 2705 1014 2776 παράπαν
1044 2705 1194 2758 ἐλθὸν
1226 2705 1301 2773 τῷ
1353 2705 1635 2776 θεολήπτῳ
1701 2708 1900 2778 Πατρὶ,

325 2793 660 2864 πλασάμενοι
701 2796 811 2851 τῶν
866 2798 1122 2868 μαχίμων
1167 2798 1376 2869 ἀνδρῶν
1427 2797 1578 2859 ἔνιοι,
1629 2798 1815 2861 κακῶς
1843 2797 1901 2852 εν

2011 1973 2291 2027 tationem.
2340 1969 2479 2027 Cum
2535 1973 2705 2027 verba
2770 1971 2889 2027 tunc
2962 1971 3197 2029 similem
3255 1973 3585 2027 sententiam

2008 2063 2295 2130 referant,
2371 2078 2496 2119 cum
2572 2063 2929 2131 sequentibus
3019 2065 3341 2129 cohaerent,
3414 2079 3588 2134 quare

2007 2171 2071 2212 ex
2110 2156 2197 2212 his
2233 2170 2451 2225 quoque
2477 2156 2697 2227 propria
2748 2155 2939 2214 Basilii
3002 2170 3126 2210 esse
3203 2155 3581 2211 conﬁrmatur.

2010 2242 2135 2299 lianc
2175 2246 2342 2299 etiam
2371 2260 2495 2300 cum
2527 2243 2821 2300 manifesto
2856 2244 3447 2316 appareantsapientis
3476 2246 3584 2299 bu-

2002 2333 2096 2404 jus
2131 2334 2309 2390 Patris
2342 2334 2562 2406 propria
2597 2348 2741 2397 esse,
2780 2349 3004 2390 necesse
3055 2341 3141 2391 est
3167 2333 3298 2388 illud
3330 2334 3582 2403 fortasse,

2007 2425 2151 2496 quod
2189 2440 2302 2480 rem
2332 2425 2553 2480 dubiam
2585 2424 2785 2491 reddit,
2816 2425 3043 2479 minime
3089 2424 3390 2493 genuinum
3438 2438 3580 2489 esse,

2007 2517 2361 2589 postmodum
2402 2517 2675 2582 additum,
2703 2518 2831 2572 dum
2875 2531 3000 2572 cum
3032 2516 3140 2572 illis
3172 2531 3279 2571 non
3306 2517 3580 2586 congruit,

2005 2619 2058 2666 et
2091 2621 2324 2678 utraque
2350 2607 2596 2678 ejusdem
2627 2600 2900 2677 uniusime
2927 2621 3051 2662 esse
3087 2607 3200 2659 tieri
3245 2605 3456 2675 nequit.
3490 2605 3582 2660 Sic

2004 2700 2196 2757 multis
2233 2700 2510 2770 variisque
2557 2699 2734 2755 modis
2782 2694 2921 2769 [or'te
2954 2698 3086 2753 illud
3120 2698 3420 2753 dubietatis
3448 2713 3580 2752 cau—

2005 2809 2124 2851 sam
2148 2795 2483 2851 additionem
2519 2793 2642 2850 esse
2672 2794 2847 2848 oratio
2873 2793 3293 2855 demonstravit.
3341 2790 3579 2847 additio-

325 2904 436 2943 τισι
494 2888 698 2959 βίϐλοις
750 2889 1097 2957 προσέθεντο,
1167 2889 1258 2943 διὰ
1303 2890 1403 2960 τῆς
1480 2889 1899 2958 ὀλιγοσυλλάϐου

2003 2901 2240 2957 nemque
2263 2887 2401 2941 nihil
2455 2901 2649 2942 sanum
2674 2885 2727 2938 in
2760 2898 2821 2940 se
2868 2883 3266 2949 continentem,
3317 2891 3574 2952 tanquam

329 2981 556 3050 ταυτησὶ
614 2981 710 3034 καὶ
769 2978 1024 3050 βραχείας
1061 2980 1245 3050 φωνῆς
1311 2980 1558 3044 δόξαντες
1623 2980 1771 3047 ἅπαξ
1800 2981 1900 3052 τῆς

2002 2993 2124 3047 qua:
2157 2992 2334 3048 neque
2363 2993 2489 3032 cum
2526 2977 2618 3041 iis,
2666 2975 2866 3047 quibus
2921 2975 3105 3030 addita
3130 2982 3236 3043 est,
3291 2984 3577 3030 consonet.

323 3072 536 3126 ἑαυτῶν
558 3072 957 3143 κεκρατηκέναι
984 3071 1310 3141 προθέσεως.
1338 3071 1414 3125 Τὸ
1433 3070 1511 3137 δὲ,
1553 3071 1683 3139 παρ’
1711 3069 1900 3127 αὐτοῦ

2004 3065 2113 3121 Sed
2147 3068 2250 3121 boc
2276 3082 2402 3122 cum
2425 3080 2526 3121 nec
2557 3067 2611 3120 in
2642 3074 2878 3126 mentem
2923 3080 3147 3136 prorsus
3193 3066 3432 3121 venisset
3463 3064 3580 3119 Nu-

325 3162 392 3215 τὸ
421 3156 574 3215 εῖναι
612 3160 778 3231 ἕχον,
829 3161 929 3214 καὶ
991 3160 1130 3230 παρ’
1186 3160 1372 3215 αὐτοῦ
1432 3158 1737 3231 λαμϐάνον
1800 3161 1899 3217 καὶ

2004 3159 2148 3214 mine
2200 3158 2382 3213 amato
2426 3156 2595 3222 Patri.
2623 3157 2948 3213 contentiosi
2980 3158 3232 3212 homines
3260 3157 3579 3227 impruden-

323 3254 703 3322 ἁναγγέλλον
725 3253 894 3322 ἡμῖν,
926 3252 1027 3308 καὶ
1075 3253 1234 3321 ὅλως
1264 3254 1505 3320 ἐκείνης
1535 3252 1642 3322 τῆς
1700 3254 1895 3321 attint;

2005 3261 2087 3306 ter
2138 3253 2535 3324 contingentes,
2584 3252 2641 3307 in
2687 3251 2968 3307 nonnullis
2993 3252 3364 3308 voluminibus
3398 3267 3574 3322 appo-

323 3346 683 3415 ἐξημμένον,
713 3346 810 3414 τῆς
837 3344 930 3398 τοῦ
969 3345 1133 3414 σοφοῦ
1172 3344 1409 3409 διανοίας
1462 3344 1522 3399 ὃν
1569 3344 1715 3400 ἅπαν
1741 3345 1804 3415 δὴ
1835 3342 1897 3397 τὺ

2002 3352 2254 3410 suerunt,
2335 3352 2660 3413 reputantes
2729 3358 2824 3413 per
2876 3342 3095 3397 brevem
3158 3343 3297 3398 hanc
3356 3351 3410 3399 et
3469 3358 3579 3399 non

325 3438 529 3492 τοιοῦτο
584 3437 745 3508 ῥητὸν
771 3477 788 3505 ,
840 3437 936 3491 καὶ
991 3437 1244 3507 κείμενον
1291 3439 1349 3491 ὲν
1403 3436 1606 3499 δέλτοις
1655 3436 1896 3504 πολλαῖς,

2002 3437 2188 3504 multis
2226 3436 2451 3507 syllabis
2488 3445 2834 3493 constantem
2872 3435 3165 3491 dictionem
3215 3435 3384 3491 semel
3413 3451 3575 3492 suum

322 3532 468 3602 ὅμως
491 3530 608 3586 ἀνθ’
641 3523 716 3585 ὧν
748 3529 1003 3599 πολέμιον
1031 3528 1348 3600 περιφανῶς
1370 3527 1530 3581 τοῦτο
1556 3529 1675 3590 ταῖς
1717 3527 1897 3581 αὐτῶν

2002 3530 2342 3598 propositum
2391 3529 2767 3584 conﬁrmasse.
2804 3527 2869 3582 Et
2899 3528 3053 3592 illud,
3084 3530 3147 3581 ab
3170 3528 3284 3597 ipso
3311 3518 3579 3599 p'ossidcn-

327 3622 569 3693 γνώμαις
621 3622 953 3694 καθέστηκε,
996 3623 1096 3690 τῆς
1155 3620 1468 3691 περικοπῆς
1532 3620 1658 3691 ὅλης
1694 3619 1897 3683 σκαιῶς

322 3716 669 3785 άφελόμενοι,
697 3702 817 3779 ταῖς
850 3712 1046 3785 μικρὸν
1091 3712 1298 3767 ἄνωθεν
1327 3712 1608 3781 ῥηθείσαις
1662 3711 1763 3764 ούκ
1813 3711 1898 3764 ἐν·

320 3808 565 3882 ἔγραψαν
590 3808 793 3879 βίϐλοις
827 3805 1108 3875 καταρχὰς
1131 3808 1230 3877 τῆς
1267 3805 1377 3857 τῶν
1405 3802 1667 3857 τοιούτων
1699 3804 1899 3856 συστά-

322 3919 460 3964 σεως
490 3900 550 3952 τὸ
576 3899 686 3951 πᾶν
720 3895 813 3950 τοῦ
847 3895 1183 3966 βουλήματος
1241 3893 1343 3966 ἤδη
1403 3895 1723 3964 νομίσαντες
1773 3893 1895 3946 κατ’

322 3993 477 4063 ἰσχὺν
509 3990 786 4061 ἄρρηκτον
814 3986 958 4057 ἔχειν
985 3985 1204 4051 αὐτοὺς,
1229 3985 1420 4053 ἐφόσον
1439 3983 1501 4036 τὸ
1532 3982 1769 4053 δηλωθὲν
1794 3985 1896 4053 τῆς

320 4085 570 4155 χρήσεως
599 4083 664 4134 ὲκ
696 4078 790 4134 τοῦ
818 4079 984 4149 μέσου
1015 4077 1245 4149 δολερῶς
1285 4075 1671 4145 πεποήκασιν,
1707 4077 1766 4129 οὐ
1790 4075 1896 4146 μὴν

320 4177 710 4244 ἐπιστήσαντες
734 4171 979 4242 ἀκριϐῶς
1003 4171 1117 4233 τοῖς
1136 4166 1475 4239 ἑκατέρωθεν
1508 4168 1893 4237 ἐγνωσμένοις,

321 4266 356 4320 ἃ
383 4264 793 4336 προσηκάμενοι
842 4262 1069 4324 δεόντως
1095 4260 1399 4330 ἐνέγραψαν
1459 4261 1553 4312 καὶ
1589 4259 1800 4325 αὑταῖς,
1846 4261 1894 4314 εἰ

321 4358 416 4411 καὶ
442 4357 594 4425 σφίσι
634 4354 965 4424 προσέθεντο
986 4352 1043 4404 τὸ
1074 4350 1222 4418 ἴσως
1244 4350 1612 4415 διστακτικὶν,
1640 4350 1729 4404 διὰ
1775 4351 1897 4403 τού-

324 4468 414 4504 του
460 4449 624 4519 δῆθεν
656 4447 731 4511 ὡς
785 4446 977 4516 ἔχοντα
1005 4443 1339 4515 πλημμελῶς
1365 4444 1434 4497 τὰ
1462 4443 1683 4497 τοιαῦτα
1728 4443 1890 4496 κπιλάο

318 4544 502 4608 ζοντες
530 4581 547 4607 ,
600 4541 738 4610 ὅπερ
792 4538 886 4591 καὶ
942 4536 1227 4607 προλαϐὼν
1274 4539 1302 4590 ό
1337 4534 1490 4604 λόγος
1546 4535 1890 4606 παρέστησεν

320 4633 542 4695 ἱκανῶς,
570 4631 850 4700 ἀλλότριον
898 4628 1098 4692 αὐτῶν,
1146 4623 1235 4681 οἷα
1283 4625 1555 4689 παντελῶς
1588 4627 1906 4726 ἀσυνάρτη-ἱ

317 4743 429 4779 τον.
490 4723 566 4778 Οὐ
624 4722 804 4776 τοίνυν
872 4720 1264 4789 ἐπιστήσαντες
1314 4717 1580 4787 ἀκριϐῶς,
1639 4717 1902 4788 καθάπερξ

318 4819 553 4888 ἔφημεν,
586 4817 698 4877 τοῖς
728 4811 1013 4875 τοιούτοις,
1048 4810 1169 4863 οὐδὲ
1218 4809 1626 4879 ὲμϐαθύναντες
1664 4811 1714 4864 οἰ
1756 4826 1892 4880 προ-

318 4913 542 4965 κόπτειν
570 4906 960 4970 σπουδάζοντες
993 4903 1054 4956 τὸ
1113 4902 1317 4973 σχίσμα
1390 4902 1477 4955 διὰ
1538 4907 1757 4970 παντὸς,
1816 4901 1892 4967 ὡς

315 5004 489 5057 ταῦτα
521 5001 614 5054 καὶ
646 5001 885 5073 μάλιστα
912 4996 1031 5049 κατ’
1070 4993 1269 5064 εὐσεϐῆ
1314 4993 1552 5047 διάνοιαν
1593 4997 1687 5047 καὶ
1737 4998 1886 5064 λογι-

318 5094 459 5165 σμὸν
476 5091 783 5164 ὀρθοδοξίας
809 5088 1085 5160 ἐχόμενον,
1130 5086 1189 5139 τὸ
1218 5084 1459 5138 τοιοῦτον
1513 5087 1676 5155 ῥητὸν
1719 5088 1888 5155 ἀναγ-

315 5188 486 5248 καίως
520 5183 965 5253 εἰσπράττονται·
1013 5178 1074 5232 τὸ
1107 5178 1206 5248 μὲν
1245 5179 1326 5231 ὅτι
1371 5177 1492 5248 μηδ’
1523 5177 1590 5230 ἂν
1643 5177 1886 5230 εἰσελεύ-

316 5278 507 5335 σεσθαι
553 5277 746 5348 σοφίαν
800 5274 983 5336 ποσῶς
1034 5275 1113 5335 είς
1157 5272 1481 5343 κακότεχνον
1544 5269 1721 5341 ψυχὴν
1785 5269 1889 5339 τῆς

315 5372 468 5434 θείας
493 5368 714 5438 Γραφῆς
739 5366 1076 5436 ἀκηκόαμεν,
1119 5365 1214 5418 καὶ
1243 5352 1418 5426 ἄλλως
1448 5361 1506 5415 δὲ
1550 5359 1886 5430 κυριώτερον

311 5461 406 5515 τοῦ
450 5458 586 5514 Θεοῦ
626 5458 769 5525 τάχα
833 5454 1130 5526 σφήλαντος
1185 5454 1243 5504 ὲν
1294 5452 1503 5515 τούτοις
1543 5449 1762 5514 αὐτοὺς,
1790 5452 1886 5502 καὶ

316 5556 501 5626 μένειν
549 5552 626 5614 είς
665 5549 885 5619 ἔλεγχον
942 5549 1040 5617 τῆς
1103 5543 1436 5616 κακουργίας
1480 5542 1661 5596 αὐτῶν
1712 5539 1885 5596 ταῦτα

313 5642 856 5715 παρασκευάσαντος.
886 5638 1042 5693 Ἐπεί
1070 5637 1153 5690 τοι
1180 5654 1243 5706 γε
1278 5636 1373 5690 καὶ
1401 5635 1596 5697 αὐτοὺς
1615 5632 1886 5703 δήπουθεν

310 5738 570 5807 παρῆκαν
628 5733 692 5788 ἂν
739 5734 798 5786 ὲν
855 5733 977 5794 ταῖς
1028 5728 1255 5791 οἰκείαις
1297 5727 1690 5799 μεταγραφαῖς,
1727 5724 1884 5795 εἴπερ

310 5823 745 5897 ὲμϐατεύσαντες
775 5824 886 5885 τοῖς
912 5820 1197 5884 τοιούτοις,
1257 5818 1308 5872 τί
1339 5817 1428 5874 καὶ
1464 5815 1744 5886 βούλονται
1806 5814 1882 5886 τῷ

1924 4489 1977 4544 υ,

2002 3629 2126 3685 tem,
2157 3627 2207 3673 et
2244 3620 2310 3673 ab
2342 3620 2458 3689 ipso
2490 3621 2840 3688 accipientem
2866 3631 2915 3673 et
2952 3618 3364 3674 annuntiantem
3401 3621 3575 3687 nobis,

1996 3719 2047 3765 et
2085 3712 2139 3765 in
2163 3726 2370 3765 summa
2414 3711 2478 3764 ab
2514 3727 2576 3765 ea
2614 3727 2778 3764 causa
2801 3711 3192 3781 dependentasn,
3222 3711 3431 3799 dictum
3471 3712 3578 3768 hoc

2000 3814 2176 3859 totum
2230 3817 2298 3859 ex
2341 3811 2523 3858 mente
2570 3804 2835 3874 sapientis
2887 3804 3152 3871 originem
3208 3819 3364 3859 suam
3403 3820 3579 3876 agno-

1999 3905 2256 3963 scens,et
2283 3896 2473 3952 multis
2501 3897 2957 3968 comprehensum
2982 3897 3352 3954 voluminibus
3379 3900 3573 3954 nihilo-

1999 3988 2184 4042 minus
2228 3987 2373 4058 quod
2402 3988 2582 4058 palam
2615 4005 2807 4045 eorum
2838 3989 3189 4060 opinionibus
3229 3991 3572 4057 adversatur,

1999 4095 2028 4134 a
2062 4079 2274 4150 reliqua
2306 4081 2563 4151 pericope
2597 4083 2816 4152 stupido
2861 4091 3223 4151 removentes,
3254 4083 3307 4137 in
3341 4084 3573 4139 volumi-

1997 4172 2162 4226 nibus
2199 4170 2312 4241 jam
2347 4187 2514 4241 supra
2562 4163 2819 4229 indicatis
2854 4189 2962 4228 non
3016 4175 3406 4245 ascripserunt,
3446 4191 3573 4232 cum

1997 4262 2087 4316 illa
2120 4261 2358 4332 primum
2385 4263 2780 4331 describerent,
2810 4263 3081 4318 intentum
3119 4281 3288 4321 suum
3313 4268 3449 4323 satis
3483 4268 3575 4324 tir-

1998 4365 2195 4420 mequc
2222 4350 2295 4404 ita
2332 4359 2395 4404 ut
2427 4351 2482 4406 in
2525 4361 2803 4420 posterum
2853 4352 3070 4424 infringi
3116 4354 3343 4410 minimc
3365 4368 3568 4426 posset,

1997 4442 2384 4499 corroborasse
2406 4443 2800 4511 existimantes,
2825 4446 2957 4501 dum
2986 4447 3114 4501 dicti
3147 4457 3351 4518 partem
3387 4451 3573 4521 signa-

1997 4540 2104 4585 tam
2130 4531 2317 4587 dolose
2343 4533 2409 4588 de
2441 4535 2623 4589 medio
2663 4536 2938 4601 tulissent,
2981 4552 3090 4591 non
3121 4548 3377 4595 accurate
3416 4556 3571 4597 men-

1997 4632 2104 4677 tem
2123 4622 2368 4694 ﬁgentes,
2389 4640 2509 4696 quae
2532 4635 2762 4698 utraque
2778 4644 2843 4684 ex
2860 4639 3014 4698 parte
3039 4629 3454 4702 dignoscuntur,
3479 4630 3625 4690 illa”

1987 4729 2119 4768 cum
2145 4717 2486 4787 accepissent
2525 4720 2601 4774 uti
2642 4736 2741 4789 par
2766 4730 2872 4788 est,
2907 4738 3014 4777 una
3041 4738 3166 4778 cum
3202 4721 3311 4783 illis
3337 4729 3571 4796 scripse-

1977 4816 2144 4877 τοίη,
2167 4808 2423 4865 licctillis
2449 4814 2799 4881 apposuerint
2818 4814 2955 4884 forte
2982 4817 3205 4871 dubium
3231 4834 3474 4888 mpvens,
3505 4837 3570 4877 ea

1993 4895 2269 4954 additione
2283 4899 2438 4970 quasi
2460 4902 2657 4958 similia
2676 4903 2806 4959 vitio
2828 4905 3162 4974 laborarent,
3182 4918 3564 4981 temperantes,

1992 4992 2140 5060 quod
2206 5000 2362 5047 antea
2411 4995 2585 5049 oratio
2636 4994 2852 5052 abunde
2909 4998 3324 5070 demonstravit,
3394 5018 3566 5074 eaque

1991 5098 2188 5150 nempe
2206 5085 2381 5139 aliena
2405 5098 2551 5150 esse,
2581 5089 2725 5156 quod
2759 5089 2918 5160 plane
2949 5108 3071 5147 cum
3099 5094 3221 5149 aliis
3249 5110 3358 5151 non
3384 5097 3565 5152 cohae-

1992 5170 2167 5228 reant.
2201 5174 2320 5230 Non
2347 5186 2599 5231 accurate
2621 5177 2808 5249 itaque
2838 5180 2987 5236 hisce
3037 5191 3274 5237 mentem
3307 5184 3556 5256 ﬁgentes,

1989 5281 2168 5336 neque
2207 5275 2553 5338 penetrantes
2587 5270 2683 5341 qui
2719 5271 2961 5328 schisma
2997 5274 3186 5329 sedula
3216 5289 3346 5330 cura
3381 5279 3560 5332 conti-

1988 5372 2206 5428 nuoque
2233 5370 2575 5430 promovent,
2606 5363 2810 5419 dictum
2845 5366 2949 5421 hoc
2974 5366 3050 5420 uti
3094 5377 3252 5423 recte
3274 5369 3395 5427 tidei
3428 5386 3561 5428 con-

1988 5464 2195 5505 sonans
2226 5453 2528 5508 secundum
2563 5455 2705 5526 piam
2739 5458 3059 5513 sententiam
3090 5468 3145 5515 et
3173 5459 3558 5531 cogitationem

1989 5544 2300 5600 necessario
2325 5545 2570 5618 exigunt,
2604 5555 2717 5602 tum
2748 5548 2893 5618 quod
2924 5548 3293 5609 intelleximus
3313 5568 3344 5609 a
3372 5554 3558 5610 divina

1987 5633 2271 5706 Scriptura
2308 5636 2362 5691 in
2401 5637 2637 5694 animam
2680 5655 2902 5710 pravam
2928 5658 3036 5698 non
3066 5644 3439 5714 ingressuram
3466 5664 3558 5704 εα-

1986 5728 2272 5796 pientiam,
2326 5736 2380 5782 et
2428 5729 2590 5784 etiam
2639 5730 2783 5800 quod
2843 5735 3016 5804 magis
3060 5737 3342 5807 proprium
3375 5738 3557 5805 fuerit,

1988 5819 2131 5877 Deus
2160 5822 2213 5874 in
2253 5822 2337 5875 bis
2374 5820 2522 5890 ipsos
2565 5821 2778 5892 inlimis,
2815 5841 2877 5883 ca
2906 5829 2974 5884 ad
3010 5828 3125 5885 lue
3154 5839 3399 5902 tempora
3436 5848 3561 5905 per-
