3970 6406
465 345 602 412 1199

1493 353 2009 416 CONSTANTlNl
2051 355 2600 417 ΜΕιΙΤΕΝίΟΤΕ

3571 361 3678 428 LW

460 463 664 522 durare
699 462 766 517 ad
806 477 999 519 eorum
1034 463 1364 520 maleficium
1408 467 1820 537 coarguendqu
1854 467 2031 536 dispo-

2148 467 2264 521 δντι
2296 469 2629 539 κατέμαθον,
2661 471 2734 535 ὡς
2768 471 2856 526 διὰ
2897 471 3086 537 τέλους
3127 473 3499 543 ἀνεξέλεγκτον
3549 479 3678 532 τοῦτο

459 556 591 612 suit.
612 555 1064 626 Quandoquidem
1089 557 1142 610 in
1175 558 1409 626 propriis
1435 573 1498 612 ea
1530 559 2050 629 transcriptionibus

465 650 842 720 reliquissent,
879 651 923 704 si
974 649 1246 718 penitiore
1307 650 1730 719 inuestigatione
1778 651 2046 721 indagan-

461 756 562 809 tes,
595 743 724 814 quid
750 743 852 797 sibi
888 741 1086 808 velint,
1124 759 1250 798 vere
1284 745 1658 812 agnovissent,
1691 753 1751 800 ut
1783 745 1848 798 ad
1880 743 2066 799 linem'

2157 561 2218 613 τὸ
2253 561 2417 633 μέρος
2446 563 2620 616 τελεῖν
2645 562 2743 636 τὴν
2771 566 3108 633 κακουργίαν
3151 566 3327 620 αὐτῶν
3356 583 3367 596 '
3404 568 3489 621 νῦν
3513 567 3551 622 δ’
3572 569 3683 641 αῦτη

2153 651 2488 724 διελέγχεται
2530 656 2812 728 προδήλως
2845 655 2904 723 ἐξ
2931 652 3006 712 ὧν
3033 659 3288 724 πολλάκις
3334 661 3560 714 ἐνταυθοῖ
3597 663 3684 716 διε.

2152 747 2411 816 λὰὗομεν.

382 877 386 880 .
460 839 758 907 usqueliac
791 850 858 889 ex
922 843 1073 903 parte
1143 835 1474 891 maleﬁcium
1519 852 1710 892 eorum
1793 836 2234 906 deprehensibile
2283 853 2669 910 permaneret:
2737 861 2884 901 nunc
2945 861 3075 902 vero
3127 847 3260 902 illud
3315 848 3684 919 deprehenditur

462 929 756 987 manifesto
793 946 859 987 ex
895 931 1000 997 his,
1035 948 1158 1004 qua:
1190 933 1390 1003 saepius
1417 934 1507 990 hic
1545 933 1971 990 inculcavimus.

532 1025 626 1079 ‘24.
679 1024 1075 1081 Verumtamen
1103 1037 1166 1082 ut
1216 1027 1270 1081 in
1303 1029 1556 1096 prmsenti
1589 1029 2046 1100 peraceomniodo

458 1120 574 1171 haec
605 1117 860 1172 examine
897 1118 1247 1186 subigantur,
1283 1119 1519 1188 indeque
1552 1135 1679 1176 vere
1707 1134 1896 1176 sanam
1930 1134 2048 1190 spe-

451 1212 788 1267 culationem
842 1221 1008 1280 atque
1035 1213 1406 1280 cognitionem
1457 1224 1892 1282 consequantur,
1917 1230 2044 1269 ora-

452 1305 620 1360 tionis
664 1315 865 1359 nostrae
917 1303 1072 1359 initio
1114 1307 1259 1359 facto
1294 1306 1442 1375 quod
1479 1308 1773 1376 quaestioni
1809 1307 1876 1362 de
1905 1307 2042 1376 forte

451 1396 772 1451 dubitanter
804 1413 918 1451 rem
935 1398 1275 1467 exprimente
1293 1400 1710 1469 praposuimus,
1739 1401 2037 1470 quomodo,

448 1505 552 1544 nec
579 1489 853 1560 illud,qui
906 1506 969 1545 ex
1005 1493 1304 1546 schismate
1337 1504 1487 1560 sunt,
1551 1493 1887 1556 inﬁciantur,
1945 1495 2038 1548 sed

445 1587 610 1656 plane
655 1586 977 1654 approbant,
1007 1585 1269 1654 dignitate
1313 1587 1577 1640 secundus
1620 1602 1754 1649 esse,
1815 1595 1870 1639 et
1929 1600 2039 1656 qua

445 1677 662 1730 ratione
697 1675 1055 1744 intelligetur,
1093 1693 1124 1730 a
1162 1675 1329 1742 Filio,
1357 1678 1404 1730 si
1427 1677 1491 1730 ab
1521 1678 1633 1746 ipso
1655 1694 1768 1730 esse
1805 1693 1908 1730 non
1941 1679 2038 1730 lia-

2221 1027 2319 1086 κδ’,
2349 1031 2466 1085 Ἵνα
2489 1031 2600 1103 γὰρ
2625 1031 2830 1104 ἁπάρτι
2859 1031 2959 1103 τὴν
2976 1034 3358 1105 προσήκουσαν
3383 1035 3474 1088 καὶ
3505 1039 3566 1090 τὰ
3585 1039 3688 1108 περὶ

2147 1123 2354 1177 τούτων
2371 1124 2616 1189 ἐξέτασιν
2637 1129 2761 1196 σχῇ,
2792 1125 3086 1180 κάντεῦθεν
3107 1127 3207 1195 τῆς
3231 1127 3409 1196 ὑγιοῦς
3429 1127 3580 1190 ὅντως
3598 1133 3680 1182 ὲπι-

2144 1214 2400 1286 τεύξηται
2429 1216 2661 1288 θεωρίας
2687 1219 2781 1272 καὶ
2818 1220 3094 1288 γνώσεως,
3119 1219 3215 1272 τοῦ
3244 1221 3398 1286 λόγου
3421 1219 3510 1290 τὴν
3524 1239 3689 1293 καταρ-

2145 1307 2244 1376 χὴν
2271 1306 2487 1376 ἐκείνην
2514 1309 2777 1380 ἄντικρυς
2802 1309 3380 1381 ποιησαμένωνήμῶν,
3399 1311 3463 1381 ἢν
3492 1310 3692 1382 ἐθέμεθα

2143 1401 2249 1470 πρὸ
2279 1401 2372 1454 τοῦ
2414 1403 2553 1456 κατὰ
2589 1405 2648 1454 τὸ
2676 1403 3022 1456 διστακτικδν
3055 1403 3206 1469 ισως
3237 1403 3534 1472 ζητήματος
3557 1442 3571 1468 ,
3599 1404 3690 1465 πῶς

2147 1493 2285 1564 ὅπερ
2305 1496 2401 1548 καὶ
2427 1495 2475 1546 oi
2499 1495 2593 1548 106
2627 1495 2930 1566 σχίσματος
2946 1495 3272 1564 ὁμολογοῦσι
3290 1495 3382 1548 καὶ
3401 1495 3692 1565 παραδέχον-

2146 1604 2257 1652 ται,
2273 1587 2966 1656 δευτερεύεινάειώματι,
2998 1589 3092 1642 καὶ
3117 1587 3262 1643 κατὰ
3291 1588 3408 1640 τίνα
3428 1587 3570 1655 λόγον
3591 1603 3690 1654 var,-

2147 1678 2374 1748 θήσεται
2394 1679 2499 1733 τοῦ
2534 1681 2771 1749 Υἱοῦμὴ
2798 1679 2937 1747 παρ’
2965 1679 3154 1734 αὑτοῦ
3185 1679 3251 1732 τὸ
3274 1675 3422 1734 εἶναι
3441 1677 3594 1746 ἕχον,
3615 1678 3690 1732 ttat

449 1767 556 1831 bet,
583 1783 675 1820 nec
708 1768 772 1820 ab
816 1769 928 1836 ipso
957 1770 1174 1837 accipit,
1230 1780 1278 1823 et
1321 1771 1614 1824 annuntiat
1660 1770 1830 1830 nobis.
1875 1779 1923 1823 et
1979 1769 2031 1822 in

2145 1773 2282 1838 παρ’
2325 1771 2852 1841 αὐτοῦ.λαμόάνον
2877 1773 2976 1826 καί
3007 1773 3395 1842 ἀναγγέλλων
3440 1770 3589 1839 ἡμῖν,
3615 1769 3689 1822 καί

446 1877 658 1916 summa
693 1861 756 1914 ab
791 1861 886 1913 illa
913 1877 1076 1915 causa
1108 1879 1210 1916 non
1240 1863 1492 1931 dependet
1516 1861 1748 1931 Spiritus
1776 1873 1992 1916 sanctus
2012 1863 2038 1915 Ρ

446 1955 579 2020 Quae
622 1955 737 2010 haec
765 1954 936 2009 fuerit
969 1956 1232 2024 dignitas,
1268 1970 1376 2024 qua
1407 1955 1685 2010 secundus
1727 1971 1851 2010 esse
1881 1969 1912 2010 a
1945 1954 2037 2008 Fi-

445 2049 522 2102 lio
544 2047 785 2117 Spiritus
822 2057 1056 2114 sanctus
1098 2049 1187 2118 pie
1221 2055 1482 2116 recteque
1511 2046 1753 2102 dicitur?
1783 2049 1939 2102 Anne
1973 2063 2035 2102 ea

447 2155 568 2209 qut!
595 2142 775 2195 oritur
804 2156 868 2196 ex
897 2149 1164 2208 tempore,
1207 2138 1291 2191 vel
1341 2137 1489 2202 loco,
1522 2139 1607 2196 vel
1645 2137 1904 2194 facultate
1945 2153 2038 2193 na-

447 2231 648 2286 turali?
706 2230 842 2286 Nam
896 2231 1200 2286 secundum
1243 2233 1443 2287 molem
1503 2233 1869 2300 principatus,
1939 2239 2037 2284 aut

445 2333 798 2394 potestatem,
833 2333 930 2378 aut
957 2324 1416 2389 dominationem,
1441 2334 1537 2378 aut
1567 2321 2033 2394 quidpiamaliud,

442 2430 556 2486 quo
587 2417 911 2488 simpliciter
944 2431 1114 2471 unum
1148 2416 1218 2470 ab
1275 2417 1384 2470 alio
1429 2418 1684 2486 superari
1745 2416 2035 2486 cognosci-

442 2524 589 2576 mus,
634 2509 838 2563 neruini
883 2524 988 2562 nou
1031 2521 1219 2564 notum
1251 2518 1359 2577 cst,
1401 2508 2036 2564 Pueumatomacliorum

443 2603 682 2658 latratus
709 2619 857 2669 esse,
877 2605 972 2673 qui
1005 2613 1194 2659 contra
1221 2603 1466 2658 divinum
1493 2603 1827 2673 praeconium
1848 2619 2032 2672 prave,

445 2699 558 2751 imo
590 2707 782 2751 contra
809 2697 1136 2766 semetipsos
1161 2697 1526 2766 perniciosius
1548 2696 1845 2752 bacchanal
1876 2712 2038 2750 exer-

444 2799 699 2853 cuerunt,
729 2802 786 2842 et
823 2788 972 2856 quod
1014 2789 1313 2842 terribilem
1345 2791 1396 2841 in
1437 2790 1756 2858 Evangeliis
1807 2788 2036 2840 comini-

445 2884 754 2947 nationem,
807 2896 836 2933 a
874 2879 1111 2933 Domino
1146 2892 1336 2934 contra
1368 2881 1722 2950 blaspliemos
1781 2887 1832 2934 in
1867 2881 2037 2949 Spiri—

443 2983 560 3028 tum
599 2981 848 3028 sanctum
879 2971 1081 3026 factam
1102 2973 1671 3042 vilipendentes,'dum
1702 2973 1769 3030 de
1793 2973 2036 3028 universi

441 3065 644 3135 opiﬁce
686 3058 898 3134 Spirit'u
965 3065 1169 3119 similia
1227 3064 1526 3128 oblatrant,
1575 3066 1846 3134 integrum
1913 3080 2039 3135 pro-

2141 1866 2298 1929 ιτλως
2319 1864 2560 1930 ἐκείνης
2583 1863 2693 1932 τῆς
2727 1865 2922 1930 αἰτίας
2948 1863 3294 1934 ἐξημμένον
3320 1865 3386 1918 τὸ
3403 1861 3618 1931 Πνεῦμα
3640 1859 3690 1912 τὸ

2139 1955 2348 2020 clrior;
2381 1957 2539 2008 Ποῖον
2583 1955 2803 2026 ἀξίωμα
2839 1956 2998 2008 τοῦτο
3066 1957 3205 2008 καθὸ
3261 1952 3579 2026 δευτερεύειν
3617 1948 3690 2002 τοῦ

2140 2048 2270 2101 Υἱοῦ
2299 2049 2358 2102 το
2377 2049 2600 2119 Πνεῦμα
2627 2048 2688 2102 τὺ
2712 2048 2864 2117 ἅγιον
2891 2048 3132 2112 εὐσεϐῶς
3153 2047 3689 2118 ύπὰρχειλεγόμενονς

2138 2135 2206 2194 Ἀ
2220 2159 2288 2210 pa
2317 2143 2392 2214 μὴ
2417 2142 2478 2196 τὸ
2512 2143 2651 2195 κατὰ
2681 2142 2892 2212 χρόνον,
2920 2141 2952 2212 ἢ
2978 2142 3149 2194 τόπον
3170 2142 3203 2213 ἢ
3223 2142 3449 2211 δύναμιν
3470 2140 3687 2210 φυσικήνς

2139 2233 2212 2286 Τὸ
2241 2233 2297 2286 δὲ
2326 2235 2446 2286 κατ’
2486 2233 2649 2302 ὄγκον
2680 2235 2879 2304 ἀρχῆς,
2918 2236 3016 2292 καὶ
3049 2233 3327 2300 ἐξουσίας,
3358 2234 3450 2288 καὶ
3477 2231 3687 2302 κυριότη-

2136 2341 2250 2386 τος.
2308 2325 2340 2392 ἢ
2387 2325 2511 2379 καθ’
2559 2325 2748 2397 ἕτερόν
2805 2343 2857 2379 τι
2897 2325 3005 2379 τῶν
3061 2326 3210 2388 ὅσοις
3246 2322 3566 2388 ἁπαξαπλῶς
3591 2320 3687 2372 ἄλλο

2138 2417 2569 2490 καθυπερτερεῖν
2597 2418 2756 2472 ἄλλου
2782 2418 3155 2488 γινώσκομεν,
3181 2417 3319 2471 ἀλλὰ
3365 2415 3582 2484 φανερὶν
3631 2409 3685 2470 ὡς

2137 2510 2356 2566 ἅπαντα
2381 2509 2553 2566 ταῦτα
2585 2510 2877 2581 βαΰσματα
2910 2511 3018 2566 τῶν
3073 2510 3547 2580 [Ινευματομάχων
3587 2504 3685 2565 εἰσὶ.

2139 2604 2283 2656 κατὰ
2312 2602 2405 2656 τοῦ
2462 2604 2610 2657 θείου
2650 2604 3011 2674 κηρύγματος
3083 2604 3276 2668 κακῶς
3331 2602 3686 2670 λυττησάντων,

2139 2700 2232 2754 καὶ
2267 2696 2386 2750 καθ’
2412 2697 2621 2750 ἑαυτῶν
2661 2698 2872 2759 κάκιον,
2911 2696 2996 2766 ἐφ’
3114 2700 3220 2765 τῆς
3278 2699 3336 2748 ὲν
3384 2691 3689 2760 Εύαγγελὶοις

2139 2790 2378 2858 φοϐερᾶς
2433 2787 2609 2851 οὕτως
2667 2789 3040 2858 ἀλογήσαντες
3082 2788 3342 2858 ἀπειλῆς,
3379 2787 3442 2857 ἢν
3469 2789 3492 2838 ό
3524 2784 3689 2854 Κύριος

2137 2885 2251 2945 τοῖς
2285 2886 2364 2944 είς
2403 2883 2464 2936 τὸ
2497 2884 2723 2953 Πνεῦμα
2754 2883 2814 2935 τὸ
2860 2885 3018 2950 ἅγιον
3065 2884 3288 2936 ἀπειλεῖ
3337 2881 3689 2951 βλασφημήσα-

2142 2993 2247 3040 σιν,
2269 2977 2325 3028 ἐν
2346 2973 2424 3045 τῷ
2447 2975 2540 3028 τοῦ
2565 2974 2905 3044 παντουργοῦ
2938 2974 3130 3027 τούτου
3161 2974 3475 3043 Πνεύματος
3506 2967 3688 3023 τοιαῦτα

2141 3066 2526 3130 καθυλακτεῖν,
2551 3066 2831 3118 ἀπώλειαν
2861 3065 3105 3135 παντελῆ
3130 3068 3252 3127 ταῖς
3287 3064 3508 3125 οἰκείαις
3527 3061 3688 3130 ψυχαῖς

438 3157 592 3230 priis
657 3156 952 3210 animabus
1008 3156 1293 3209 interitum
1343 3157 1732 3210 conciliat-unt.
1791 3157 2031 3226 Namque

2145 3159 2535 3231 προεξένησαν.
2578 3159 2772 3213 Ἔνθεν
2822 3160 2917 3213 καὶ
2944 3159 3056 3228 γὰρ
3103 3160 3154 3210 οἱ
3191 3159 3430 3230 μάταιοι,
3474 3155 3560 3209 καὶ
3611 3152 3688 3220 τῆς

425 3251 574 3304 -Ιιὶιιο
603 3249 812 3303 nullius
848 3249 1061 3303 consilii
1120 3249 1408 3314 homines,
1447 3249 1793 3319 propriaeque
1842 3251 2033 3305 salutis

442 3344 630 3398 hostes
665 3342 956 3406 immanes,
999 3341 1128 3394 vita:
1158 3341 1422 3411 principis
1481 3342 1718 3411 Spiritus
1776 3342 2034 3411 majesta-

423 3436 992 3508 temimtuinuentes,
1028 3434 1323 3489 essentiam
1373 3443 1428 3488 et
1463 3433 1720 3488 deitatem
1757 3435 1904 3490 illius
1936 3436 2034 3490 nii-

449 3538 555 3584 nus
585 3528 790 3582 habere
831 3528 1097 3581 audacter
1118 3527 1558 3591 contendebant,
1619 3529 1693 3580 uti
1743 3529 1810 3581 ab
1844 3529 2032 3597 iniquo

448 3623 649 3692 spiritu
681 3620 854 3675 inﬂati
883 3620 1416 3690 iiispiratiqtie,cum
1450 3621 1650 3690 quibus
1685 3635 1914 3690 magnus
1945 3622 2034 3676 liic

441 3715 681 3771 Basilius
739 3717 1080 3788 tit-pugnans,
1139 3716 1375 3772 similem
1425 3727 1688 3787 perpetuo
1725 3719 2033 3773 absurdita-

442 3820 548 3862 tem
583 3809 942 3878 coarguebat,
981 3809 1431 3879 conﬁdenterque
1465 3825 1528 3862 ac
1573 3809 1736 3864 libere
1768 3811 2031 3865 condem-

437 3903 624 3956 nabat.
660 3900 813 3955 Haud
857 3917 956 3972 par
987 3900 1174 3967 fuerit,
1226 3901 1432 3972 quibus
1464 3901 1539 3955 illi
1593 3918 1749 3956 suam
1778 3903 2029 3958 haeresim

441 3995 822 4058 stabiliebant,
879 4005 932 4048 et
971 4011 1206 4064 quorum
1251 3994 1492 4049 furentes
1521 3997 1747 4051 auxiliis
1813 3999 2027 4053 munie-

437 4085 662 4145 bantur.
698 4087 765 4138 ad
801 4084 1240 4140 confirmandam
1279 4087 1684 4156 improbitatem
1722 4089 1810 4141 illa
1837 4090 2026 4143 eadem

442 4177 726 4231 interdum
765 4178 978 4244 opinari
1025 4193 1127 4232 nos
1157 4178 1409 4244 omnino,
1472 4195 1730 4250 maguum
1774 4181 1924 4234 illum
1952 4182 2032 4235 vi-

437 4285 562 4324 rum
606 4270 913 4340 accepisse,
972 4269 1313 4340 dignitatem,
1369 4272 1618 4342 inquam,
1661 4289 1769 4343 qua
1819 4274 2027 4328 dictum

437 4372 522 4418 est
552 4380 586 4416 a
618 4360 764 4415 Filio
797 4360 1059 4431 Spiritum
1109 4373 1354 4417 sanctum
1383 4364 1676 4418 ineundum
1727 4382 1856 4419 esse.
1919 4365 2030 4421 Hoc

438 4470 542 4508 nos
609 4470 708 4510 nec
757 4455 944 4509 animo
1004 4469 1104 4509 nec
1184 4455 1520 4525 cogitatione
1574 4457 2024 4528 complectimur,

438 4549 701 4616 sapientis
747 4547 934 4602 Basilii
983 4547 1292 4616 disciplinae
1327 4551 1591 4616 cultores,
1630 4551 1723 4620 qui
1782 4567 1845 4606 ex
1877 4550 2024 4606 Salu-

439 4641 651 4694 taribus
717 4642 907 4711 gratiae
959 4641 1181 4694 liuentis
1230 4656 1294 4694 ac
1355 4643 1600 4698 fontibus
1657 4658 1812 4713 aeque
1863 4652 2030 4712 atque

439 4731 606 4785 Israel
636 4748 778 4801 aqua
810 4735 1470 4803 cognitionisinl'allibilis
1502 4737 1724 4802 hausta,
1757 4737 2026 4806 Spiritum

441 4835 691 4878 sanetum
733 4826 984 4895 ejusdem
1021 4833 1278 4886 essentia:
1314 4846 1378 4884 ac
1417 4830 1722 4883 divinitatis
1753 4845 1875 4884 esse
1900 4847 2026 4884 cum

438 4917 601 4969 Patre
633 4927 689 4970 et
728 4917 866 4972 Filio
917 4919 1187 4976 deﬁnivit.
1239 4923 1316 4975 lix
1367 4922 1570 4991 quibus
1615 4921 1861 4991 sequitur
1910 4936 2028 4975 om-

439 5011 597 5071 nino,
640 5026 762 5063 eum
798 5011 961 5064 simul
1008 5029 1133 5067 cum
1169 5012 1334 5067 Patre
1387 5026 1441 5067 et
1471 5010 1630 5079 Filio,
1664 5029 1830 5082 supra
1862 5029 2026 5069 omne

436 5112 653 5169 tempus
709 5119 853 5168 esse,
887 5105 981 5174 qui
1025 5115 1334 5174 temporum
1384 5119 1582 5161 auctor
1635 5110 2023 5172 est,onmibus

438 5204 782 5262 praesentem,
817 5205 873 5249 et
913 5199 1096 5250 omuia
1130 5199 1516 5267 complentem,
1555 5209 1816 5270 tanquam
1873 5201 2027 5254 iude-

437 5287 650 5340 linitum
680 5297 846 5356 atque
892 5288 1456 5360 incircumscriptum,
1501 5303 1691 5344 natura
1735 5308 1831 5344 sua
1859 5308 2021 5360 quam

438 5378 676 5430 maxime
706 5381 927 5444 l'ortem,
967 5380 1104 5434 nihil
1143 5396 1252 5433 non
1300 5391 1604 5449 potentem,
1641 5383 1718 5435 uti
1755 5386 2022 5436 universae

434 5483 698 5523 creaturae
738 5477 1025 5537 l’actoretn,
1061 5483 1350 5541 potestate,
1383 5475 1634 5544 imperio,
1697 5484 1750 5528 et
1780 5476 2025 5529 domina-

434 5569 584 5618 tione
638 5580 822 5618 rerum
865 5566 1112 5620 omnium
1181 5569 1487 5638 gloriosum
1547 5572 1647 5634 uti,
1712 5573 1804 5640 qui
1835 5572 2018 5624 omnia

430 5656 636 5723 pugillo
668 5656 943 5720 continet,
970 5667 1025 5711 et
1055 5661 1241 5714 omnia
1263 5659 1381 5716 sola
1408 5662 1688 5716 voluntate
1721 5665 2018 5732 gubernat;

431 5750 498 5801 ad
535 5750 650 5802 haec
702 5750 947 5818 ejusdem
980 5754 1248 5808 sessionis
1297 5771 1420 5808 cum
1468 5756 1626 5810 l’atre
1662 5767 1714 5811 et
1744 5755 1904 5820 Filio,
1939 5758 2020 5810 ἰη-

429 5839 606 5907 deque
658 5841 822 5894 etiam
855 5857 978 5896 cum
1032 5844 1164 5913 ipsis
1191 5848 1422 5914 aequalis
1454 5847 1640 5916 gloria:
1665 5857 1717 5903 et
1767 5849 2015 5914 honoris,

2138 3251 2350 3305 ἑαυτῶν
2393 3252 2667 3322 σωτηρίας
2717 3251 2902 3322 ἐχθροὶ
2953 3253 3496 3322 κατασμικρύναντες
3537 3248 3591 3299 τὸ
3615 3262 3686 3314 με·

2138 3327 2352 3410 γάλεῖον
2380 3341 2474 3394 τοῦ
2521 3340 2836 3411 ζωαρχικοῦ
2872 3340 3193 3410 Πνεῦματος
3230 3344 3328 3411 τὴν
3375 3337 3572 3403 οὐσίαν,
3617 3334 3686 3387 καὶ

2135 3435 2236 3503 τὴν
2291 3433 2522 3504 θεότητα
2565 3435 2756 3487 τούτου
2788 3433 2850 3486 τὸ
2900 3433 3126 3486 ἔλαττον
3172 3435 3363 3504 φέρειν
3413 3430 3686 3487 διετείνοντο

2135 3527 2448 3597 τολμηρῶς,
2513 3526 2772 3598 καθάπερ
2809 3527 2915 3580 ὑπὸ
2961 3525 3058 3579 τοῦ
3111 3526 3358 3597 πονηροῦ
3417 3527 3685 3594 πνεύματος

2136 3620 2227 3672 τὸν
2251 3620 2376 3673 νοῦν
2413 3618 2805 3689 ἐμφυσώμενοί
2833 3637 2891 3672 τε
2921 3622 3016 3672 καὶ
3045 3621 3435 3690 ἐμπνεόμενοι,
3472 3619 3592 3686 πρὸς
3614 3613 3685 3674 οὓς

2135 3714 2226 3766 τὸν
2253 3713 2488 3783 πόλεμον
2545 3714 2574 3764 ὁ
2627 3713 2795 3775 πολὺς
2838 3706 2992 3775 οὗτος
3036 3713 3322 3776 Βασίλειος
3391 3710 3684 3780 κεκτημένΰς

2133 3807 2422 3876 διηνεκῶς,
2454 3804 2552 3876 τὴν
2582 3805 2840 3875 τοιαύτην
2873 3805 3108 3875 ἤλεγχεν
3137 3805 3396 3868 ἀτοπίαν,
3443 3804 3531 3856 καὶ
3569 3798 3684 3868 παῤ-

2137 3897 2507 3970 ρησιαστικῶς
2545 3897 2897 3961 κατεδίκαζε.
2920 3896 3030 3949 Ποῦ
3061 3897 3247 3950 τιίνυν
3281 3897 3505 3957 δίκαιον,
3536 3894 3596 3944 δι’
3625 3893 3683 3940 ὼν

2135 3993 2335 4043 ἐκεῖνοι
2386 3992 2486 4062 τὴν
2513 3990 2728 4059 αἵρεσιν
2789 3990 3057 4045 συνίστων
3089 3989 3194 4058 τὴν
3237 3991 3462 4054 ἑαυτῶν,
3493 3986 3577 4040 καὶ
3621 3977 3684 4042 οἷς

2133 4079 2382 4154 ἐχρῶντο
2413 4083 2734 4153 μαινόμενοι
2785 4082 3072 4151 συνεργοῖς
3110 4083 3191 4143 εἰς
3239 4079 3338 4152 τὴν
3379 4083 3471 4148 τῆς
3518 4074 3681 4140 κακίας

2136 4175 2522 4246 συγκρότησιν,
2557 4174 2698 4228 κατὰ
2725 4173 2897 4228 ταῦτα
2917 4175 2978 4226 τὸ
3005 4173 3228 4242 ἀξίωμά
3247 4191 3376 4227 ποτε
3404 4171 3682 4239 λογίσασθαι

2133 4269 2195 4320 τὸ
2237 4268 2499 4337 παράπαν
2537 4266 2688 4336 ἡμᾶς
2711 4268 2802 4319 τὸν
2837 4265 3013 4334 μέγαν
3049 4267 3249 4327 εἰπεῖν,
3275 4265 3516 4328 ἀξίωμα,
3547 4259 3680 4329 φημὶ,

2136 4360 2258 4413 καθ’
2291 4362 2428 4430 ὅπερ
2457 4360 2672 4432 εἴρηται
2708 4357 3084 4426 δευτερεύειν
3107 4358 3219 4412 τοῦ
3271 4357 3405 4411 Υἱοῡ
3431 4356 3493 4408 τὸ
3522 4349 3680 4406 Πνεῦ-

2128 4470 2216 4522 μα
2249 4452 2316 4505 τὸ
2352 4452 2527 4522 ἅγιον
2555 4470 2572 4516 ;
2605 4451 2776 4504 Τοῦτο
2812 4452 2930 4507 κατ’
2959 4451 3108 4503 οὐδὲν
3155 4451 3364 4520 ἥκιστα
3415 4444 3681 4518 φρονοῦμεν

2131 4548 2334 4611 αὐτῶν,
2380 4546 2582 4614 μύσται
2607 4545 2700 4597 τοῦ
2726 4543 2893 4612 σοφοῦ
2925 4544 3216 4597 Βασιλείου
3244 4545 3607 4614 τυγχάνοντες.
3635 4536 3680 4596 ὃς

2132 4642 2195 4692 ἐκ
2226 4639 2334 4690 τῶν
2369 4637 2653 4706 σωτηρίων
2696 4637 2793 4705 τῆς
2851 4637 3076 4705 χάριτος
3139 4637 3421 4706 ναμάτων,
3468 4624 3576 4685 κάκ’
3594 4628 3680 4680 τῶν

2131 4730 2324 4800 πηγῶν
2381 4731 2480 4798 οὐχ
2528 4724 2688 4798 ἦττον
2754 4727 2849 4779 τοῦ
2919 4728 3136 4797 Ἰσραὴλ
3183 4729 3520 4798 ἀρυσάμενος
3563 4721 3679 4787 ὕδωρ

2129 4823 2384 4891 γνώσεως
2404 4821 2691 4891 ἀψευδοῦς,
2724 4822 2786 4874 τὸ
2817 4821 3046 4890 [Ινεῦμα
3067 4822 3126 4874 τὸ
3178 4822 3337 4889 ἅγιον
3393 4822 3487 4889 τῆς
3533 4812 3675 4879 αὐτῆς

2129 4917 2320 4979 οὐσίας
2351 4916 2446 4969 καὶ
2484 4916 2738 4986 θεότητος
2763 4916 2840 4985 τῷ
2876 4916 3051 4986 Πατρὶ
3081 4914 3330 4986 δηλονότι
3362 4917 3453 4966 καὶ
3491 4911 3561 4979 τῷ
3588 4904 3677 4970 Υἱῷ

2127 5010 2250 5062 λίαν
2297 5010 2475 5080 ὀρθῶς
2534 5009 2934 5077 ἐδογμάτισεν·
3011 5010 3067 5074 ἐξ
3124 5003 3202 5062 ὧν
3258 5008 3448 5060 ἕπεται
3493 5003 3674 5057 πάντως

2130 5106 2269 5176 μετὰ
2295 5103 2392 5156 τοῦ
2426 5104 2635 5174 Πατρὸς
2663 5103 2822 5158 τοῦτο
2850 5104 2944 5155 καὶ
2982 5102 3076 5156 τοῦ
3109 5103 3245 5155 Υίοῦ
3274 5103 3461 5171 χρόνου
3507 5092 3673 5161 παντο,

2129 5200 2395 5270 ὑπάρχον,
2428 5198 2504 5261 ὼς
2541 5198 2775 5268 ποιητὴν
2827 5198 2936 5249 τῶν
2999 5197 3209 5266 χρόνων
3253 5195 3528 5252 ἐπέκεινα,
3565 5199 3652 5235 παν

2125 5293 2315 5362 ταχόθι
2346 5291 2540 5360 παρὸν,
2579 5293 2674 5342 καὶ
2702 5292 2769 5341 τὰ
2817 5292 2995 5344 πάντα
3039 5288 3308 5358 πληροῦν,
3333 5286 3405 5348 ὠς
3457 5272 3670 5349 ἀόριστόν

2124 5403 2181 5438 τε
2205 5384 2301 5438 καὶ
2335 5384 2778 5455 ἀπερίγραπτον,
2812 5382 3086 5444 παναλιτὲς
3112 5385 3179 5451 τῇ
3231 5381 3388 5450 φύσει
3443 5375 3527 5426 καὶ
3561 5383 3670 5418 παν

2127 5479 2332 5544 σθενὲς.
2363 5481 2434 5540 ὼς
2459 5480 2638 5545 πάσης
2670 5478 3002 5547 δημιουργὸν
3043 5475 3296 5539 κτίσεως,
3317 5473 3413 5542 τὴν
3438 5463 3668 5531 ἐξουσίαν,

2125 5573 2220 5624 καὶ
2248 5573 2345 5640 τὴν
2381 5573 2560 5642 ἀρχὴν
2597 5573 2690 5623 καὶ
2721 5572 2815 5642 τὴν
2839 5571 3141 5641 κυριότητα
3172 5567 3283 5620 τῶν
3320 5565 3448 5618 ὅλων
3478 5559 3666 5624 αὑχουνν

2123 5667 2200 5727 ὡς
2259 5663 2760 5735 περιδεδραγμὲνον
2801 5663 3005 5728 αὐτῶν,
3052 5661 3149 5714 καὶ
3211 5658 3381 5714 ταῦτα
3417 5650 3662 5737 κυϐερνωγ

2127 5759 2290 5827 μόνον
2350 5757 2426 5826 τῷ
2491 5756 2802 5826 βούλεσθαι,
2856 5757 2990 5826 προς
3043 5755 3260 5816 τούτοις
3290 5748 3566 5820 όμόθρονον

2127 5850 2300 5910 ιιατρί
2358 5867 2417 5902 τε
2464 5851 2558 5903 καὶ
2617 5850 2697 5914 τῷ
2748 5849 2882 5913 Υἰῷ,
2940 5846 3234 5902 κάντεῦθεν
3279 5839 3518 5910 ὁμόδοξον
3563 5835 3659 5882 τοῖς
