3970 6414
370 435 502 504 ῙΞΟΙ

1227 453 1325 515 DE
1366 451 1881 516 PBOCESSIONE
1917 455 1984 515 S-
2026 456 2389 518 SPlRlTUS
2428 456 2652 518 ORAT.
2697 456 2783 518 Ιῐ.

3489 457 3626 523 19.02

366 555 555 618 αὑτοῖς
586 557 678 609 καὶ
725 558 1009 629 ὁμότιμον,
1056 562 1243 628 ἁπλῶς
1299 567 1476 622 πάντα
1520 567 1805 633 πλουτοῦν,
1849 566 1948 619 ὅσα

2055 577 2109 623 et
2137 569 2190 623 in
2215 581 2430 623 summa
2484 568 2715 625 ditatum
2756 567 3040 633 omnibus,
3085 581 3115 622 a
3146 567 3408 639 dignitate
3441 569 3624 624 divina

365 645 565 709 θεῖκῶς
592 648 687 700 καὶ
715 648 836 703 κατ’
866 652 1055 706 οὐσίαν
1088 656 1115 708 ὁ
1140 655 1329 727 Πατὴρ
1365 657 1580 726 σύναμα
1611 660 1705 711 καὶ
1730 657 1757 710 ὁ
1794 658 1942 725 Υἱὸς,

364 738 504 808 ¹πλὴν
533 740 644 793 τῶν
667 743 792 797 καθ’
815 742 1049 799 ἕκαστον
1076 747 1258 803 αὐτῶν
1303 750 1601 822 ίδιοτήτων,
1656 752 1752 805 καὶ
1804 732 1859 805 ei
1891 750 1944 804 τί

365 847 468 884 που
505 832 718 887 τούτοιν
752 836 959 904 ἀμφοῖν
996 840 1110 893 ἔστι
1146 842 1476 914 πρόσφορον.
1514 844 1670 900 Οὕτω
1695 845 1943 916 περὶτοῦ

366 920 468 988 τῆς
500 921 801 993 θεαρχικῆς
839 926 1069 997 Τριάδος
1119 930 1259 996 ἑνὸς,
1289 930 1382 985 τοῦ
1417 934 1684 1003 παναγίου
1743 932 1944 1010 δηλαδὴ

364 1010 703 1080 Πνεύματος,
740 1016 1099 1089 θεολογοῦμεν
1134 1024 1314 1092 ἡμεῖς.
1343 1024 1599 1079 Τοιοῦτον
1644 1027 1775 1081 αὐτὸ
1823 1032 1944 1094 ταῖς

362 1100 457 1155 τοῦ
488 1104 731 1172 μεγάλου
753 1108 966 1179 Πατρδς
1020 1109 1307 1166 Βασιλείου
1341 1118 1536 1184 σοφαῖς
1587 1118 1941 1190 εἰσηγήσεσιν

366 1193 857 1262 ὲξακολουθοῦντες
891 1202 1293 1273 πρεσϐεύομεν.
1339 1206 1433 1260 Διδ
1458 1209 1549 1262 καὶ
1600 1208 1662 1263 τὸ
1704 1211 1937 1282 ἀξίωμα,

366 1285 484 1337 καθ’
497 1284 525 1336 ὃ
544 1287 887 1358 δευτερεύειν
905 1293 1121 1361 λέγεται
1140 1297 1198 1349 τὸ
1214 1298 1436 1370 Πνεῦμα
1452 1304 1512 1355 τὸ
1529 1303 1680 1371 ἀγιον
1696 1303 1787 1356 τοῦ
1813 1305 1940 1358 Υίοῦ

365 1375 470 1429 τῶν
491 1380 997 1452 ἀναγεγραμμένων
1012 1389 1482 1461 ἐκλαμϐανόμενοι
1502 1396 1623 1448 κατ’
1639 1396 1814 1464 οὐδὲν,
1844 1397 1940 1452 ἅτε

365 1469 500 1520 πολὺ
530 1474 827 1540 φερΰντων,
848 1477 905 1528 τὸ
926 1477 1231 1549 δύσφημον,
1258 1483 1338 1547 τὸ,
1356 1486 1493 1553 παρ’
1507 1488 1694 1543 αὑτοῦ
1710 1492 1772 1542 τὸ
1788 1486 1940 1545 εἶναι

363 1558 533 1627 ἔχον,
564 1562 661 1615 καὶ
688 1565 827 1634 παρ’
858 1568 1047 1623 αὐτοῦ
1072 1573 1384 1641 λαμϐάνον
1424 1577 1522 1632 καὶ
1557 1579 1943 1651 ἀναγγέλλον

364 1653 530 1722 ἡμῖν,
569 1658 666 1712 καὶ
700 1658 856 1725 ὅλως
882 1662 1127 1731 ἐκείνης
1160 1667 1272 1736 τῆς
1327 1671 1520 1737 αἰτίας
1556 1674 1896 1744 ἐξημμένον
1922 1693 1936 1708 °

363 1744 464 1814 τῆς
494 1746 756 1811 ἐκδόσεως
795 1751 961 1805 αὐτοῦ
988 1755 1083 1807 τοῦ
1111 1755 1373 1829 θεηγόρου
1408 1761 1620 1833 Πατρὶς
1652 1765 1940 1821 Βασιλείου

365 1834 696 1930 πιστεύομεν
724 1841 1135 1917 ἀναντιρρήτως
1163 1852 1366 1919 τελεῖν,
1408 1854 1483 1919 ὡς
1537 1858 1936 1930 ἐξηγουμένου.

364 1925 484 1990 πῶς
506 1929 696 1999 εἴρηκε
720 1931 1065 2003 δευτερεύειν
1098 1942 1374 2013 ἀξιώματι
1402 1947 1492 2001 τοῦ
1529 1925 1659 2004 Υίού
1691 1925 1757 2004 τὸ.
1775 1953 1945 2007 Πνεῦ-

367 2030 442 2087 μα
478 2020 539 2072 τὸ
586 2022 761 2090 ἅγιον,
806 2026 888 2080 ὄτι
919 2031 1086 2098 φησὶν
1124 2034 1197 2098 ὡς
1231 2037 1371 2106 παρ’
1421 2041 1612 2097 αὑτοῦ
1672 2044 1737 2095 τὸ
1787 2041 1944 2099 εἶναι

359 2110 526 2205 ligor,
550 2114 652 2205 καλ
684 2116 824 2205 παρ’
856 2121 1045 2176 αὐτοῦ
1073 2124 1405 2195 λαμϐάνον,
1430 2134 1532 2186 καὶ
1561 2135 1945 2205 ἀναγγέλλον-

361 2199 532 2295 gignier,
557 2202 657 2255 καὶ
690 2203 848 2273 ὅλως
879 2208 1120 2279 ἐκείνης
1169 2215 1282 2285 τῆς
1312 2221 1516 2287 αἰτίας
1574 2199 1940 2295 ἐξημμένον.

366 2289 439 2343 Ἥ
474 2291 717 2386 δότωσαν
745 2298 796 2349 oi
825 2298 962 2368 πρὸς
1005 2302 1162 2358 τοῐτο
1200 2309 1526 2380 προθέμε-.οι
1570 2289 1944 2386 τὴν-ἐναντίαν

361 2384 680 2438 παντάπασι
712 2386 951 2457 βαδίζειν
981 2394 1113 2463 ἡμῖν
1144 2396 1339 2469 ἑτέραν
1362 2401 1572 2458 ἔννοιαν
1599 2384 1719 2471 ταῖς
1766 2411 1848 2471 εἰς
1882 2413 1944 2465 τὸ

360 2473 518 2571 Θείον
544 2473 730 2547 ὀρθαῖς
764 2483 1065 2555 ὑπολήψεται
1089 2486 1195 2543 τῶν
1220 2492 1478 2563 Πατέρων
1513 2504 1940 2571 συντρέχουσαν,

365 2567 486 2666 καθ’
514 2568 584 2639 ἢν
632 2572 971 2645 δευτερεύειν
999 2580 1268 2652 ἀξιώματι
1299 2586 1392 2639 τού
1445 2586 1573 2643 1⁸ίοῦ
1614 2567 1673 2643 si
1715 2567 1942 2666 iivaﬁpz

361 2658 423 2710 τδ
477 2661 631 2729 ἅγιον
687 2667 938 2739 εἰρῆσθαι
1008 2676 1342 2743 νομίζουσιν.
1404 2680 1491 2746 Ὧς
1539 2684 1686 2738 ἔστιν
1742 2658 1943 2742 ἄτοπον

361 2752 624 2820 ἐπιεικῶς
657 2758 858 2827 ταύτην
902 2764 1001 2832 μὲν
1047 2767 1472 2841 ἀποδοκιμάζειν
1506 2776 1723 2841 αὐτοὺς,
1777 2779 1944 2849 ἀλλην

477 2849 749 2920 μηδεμίαν
806 2855 916 2909 τῶν
969 2851 1209 2916 εὐσεϐῶν
1272 2866 1517 2934 εἰσάγειν
1584 2844 1944 2939 μηδοπωσούν

357 2938 642 3031 δύνασθαι.
682 2944 854 2999 Πόθεν
884 2963 898 3012 ;
934 2948 1111 3004 Ὅπου
1134 2971 1194 3023 γε
1216 2956 1317 3024 τῆς
1341 2957 1594 3029 ἀληθείας
1616 2938 1710 3017 ἐπὶ
1742 2969 1944 3031 παντὸς

357 3029 520 3130 λόγου
567 3038 660 3130 καὶ
700 3038 1021 3111 πράγματος
1043 3042 1211 3116 οὔσης
1245 3052 1396 3120 μιᾶς,
1429 3054 1643 3127 ἀνάγκη
1679 3057 1743 3130 δὴ
1764 3029 1945 3113 πᾶτπν

358 3123 687 3221 τελεῖνμίαν
735 3132 859 3185 τινὰ
899 3136 993 3188 καὶ
1027 3138 1261 3194 ἐνταῦθα
1285 3142 1384 3210 τὴν
1409 3123 1668 3221 ἀληθινήν
1709 3123 1942 3210 ἔννοιαν.

2050 660 2275 716 minime
2326 661 2588 728 alienum,
2620 660 2821 731 quibus
2879 660 3248 717 essentialiter
3298 659 3462 715 simul
3512 676 3622 716 una

2047 751 2211 808 Pater
2242 762 2296 808 et
2349 753 2518 808 Filius
2555 754 2917 819 adornantur,
2980 753 3224 822 exceptis
3278 754 3620 825 singulorum

2046 848 2500 918 proprietatibus,
2535 858 2591 903 et
2622 847 2667 904 si
2705 847 2838 917 quid
2869 860 2952 903 est
3002 848 3147 903 aliud
3180 850 3323 913 quod
3355 847 3627 903 ambobus

2047 940 2166 995 istis
2197 943 2506 995 conveniat.
2539 937 2651 995 lloc
2692 940 2853 995 modo
2884 939 2951 994 de
2976 955 3084 995 uno
3115 939 3335 994 Deitatis
3361 938 3627 1010 principis

2046 1030 2284 1095 Triadis,
2345 1031 2701 1087 sanctissimo
2751 1045 2946 1100 nempe
2993 1029 3227 1100 Spiritu,
3281 1030 3628 1085 decernimus

2045 1139 2169 1179 nos.
2202 1122 2390 1177 Talem
2445 1122 2597 1177 illum
2644 1122 3156 1193 providentissimas
3218 1122 3399 1193 magni
3447 1120 3629 1175 Patris

2044 1215 2230 1271 Basilii
2289 1215 2688 1269 instructiones
2748 1222 3040 1281 sequentes
3069 1222 3337 1267 tenemus.
3372 1209 3629 1279 Propter-

2043 1324 2216 1378 eaque
2271 1317 2325 1363 et
2376 1306 2718 1376 dignitatem,
2779 1322 2883 1375 qua
2941 1306 3217 1361 secundus
3263 1321 3380 1370 esse
3416 1321 3443 1359 a
3490 1303 3628 1359 Filio

2044 1398 2242 1454 dicitur
2292 1398 2531 1466 Spiritus
2587 1408 2829 1463 sanctus,
2900 1412 2966 1451 ex
3015 1397 3126 1466 jam
3175 1410 3339 1467 supra
3404 1395 3625 1465 scriptis

2044 1492 2271 1546 minime
2289 1490 2605 1562 eripientcs,
2638 1505 2705 1544 ne
2737 1489 2789 1543 in
2818 1489 3084 1544 immanes
3117 1489 3482 1559 blasphemias
3507 1502 3631 1557 pro-

2045 1584 2309 1646 labatnur,
2348 1581 2503 1645 illud,
2533 1597 2596 1635 ex
2622 1583 2735 1651 ipso
2760 1592 2868 1634 esse
2894 1580 3274 1649 possidentem,
3324 1589 3371 1633 et
3407 1580 3471 1631 ab
3518 1580 3629 1649 ipso

2042 1676 2379 1745 accipientem
2410 1681 2459 1728 et
2498 1673 2898 1727 denuntiantem
2940 1673 3111 1737 nobis,
3157 1681 3209 1726 et
3240 1673 3294 1726 in
3318 1688 3527 1726 summa
3563 1671 3630 1725 ab

2041 1766 2138 1820 illa
2170 1772 2331 1819 causa
2372 1765 2768 1834 dependentem,
2819 1780 2885 1818 ex
2918 1764 3125 1818 calamo
3180 1780 3459 1835 manuque
3495 1766 3633 1818 divi~

2044 1858 2249 1925 niloqni
2279 1857 2573 1927 magnique
2620 1854 2804 1911 Basilii
2837 1855 3175 1925 processisse
3224 1857 3364 1910 citra
3410 1864 3632 1909 contra-

2047 1952 2341 2007 dictionem
2376 1950 2669 2017 credimus,
2719 1950 2904 2019 aliquo
2932 1950 3097 2004 modo
3127 1949 3481 2019 exponentis.
3517 1965 3622 2017 qua

2049 2042 2265 2094 ratione
2330 2037 2552 2104 dixerit,
2598 2038 2862 2107 dignitate
2921 2037 3223 2094 secundum
3254 2051 3377 2092 esse
3412 2051 3440 2090 a
3492 2035 3641 2101 Filio

2052 2132 2318 2202 Spiritum
2344 2137 2614 2196 sanctum,
2657 2140 2850 2199 nempe
2891 2128 3034 2198 quod
3065 2127 3130 2182 ab
3159 2130 3271 2196 ipso
3294 2145 3406 2183 esse
3446 2129 3633 2189 habet,

2044 2231 2093 2280 et
2126 2222 2190 2279 ab
2234 2225 2347 2293 ipso
2391 2222 2586 2290 accipit
2627 2229 2676 2275 et
2707 2221 2991 2274 annuntiat
3054 2220 3227 2287 nobis,
3266 2230 3314 2273 et
3345 2221 3397 2272 in
3423 2235 3632 2274 summa

2045 2320 2112 2373 ab
2138 2316 2232 2372 illa
2282 2332 2444 2371 causa
2474 2312 2725 2384 dependet
2766 2332 2779 2367 :
2815 2322 2904 2367 aut
2941 2313 3034 2383 qui
3070 2313 3175 2369 sibi
3204 2322 3628 2383 proposuerunt,

2044 2411 2206 2465 aliam
2233 2409 2501 2479 nobisque
2532 2408 2865 2463 contrariam
2907 2406 3123 2461 calcare
3190 2406 3358 2472 viam,
3412 2415 3631 2462 senten-

2046 2504 2174 2560 tiam
2233 2503 2422 2568 aliam,
2468 2502 2620 2557 sanis
2678 2499 2901 2555 Patrum
2934 2498 3003 2553 de
3038 2496 3276 2553 Numine
3324 2498 3630 2567 apprehen-

2046 2593 2294 2651 sionibus
2324 2591 2655 2650 concordem
2701 2591 3009 2658 insinuent,
3043 2592 3114 2645 ob
3159 2604 3323 2662 quam
3359 2590 3629 2661 Spiritum

2046 2697 2298 2762 sanctum
2334 2703 2365 2742 a
2397 2684 2538 2740 Filio
2561 2683 2860 2740 secundum
2903 2685 3112 2767 dictum
3165 2697 3287 2738 esse
3310 2681 3625 2753 opinantur.

2049 2782 2229 2849 Quare
2274 2780 2572 2836 absurdum
2616 2788 2701 2835 est
2757 2776 2943 2849 planc'
2973 2778 3115 2833 hanc
3173 2777 3321 2846 ipsos
3373 2775 3626 2844 rejicere,

2046 2876 2212 2932 aliam
2263 2891 2391 2931 vero
2453 2872 2686 2937 nullam,
2744 2885 2867 2942 quae
2907 2878 3055 2926 recta
3084 2871 3179 2937 sit,
3220 2869 3416 2923 afferre
3478 2864 3629 2921 nullo

2057 2967 2220 3022 modo
2250 2982 2433 3036 posse.
2495 2964 2820 3020 Undenam?
2855 2963 2991 3018 Cum
3024 2978 3131 3017 una
3164 2963 3217 3015 in
3260 2976 3320 3016 re
3351 2972 3633 3014 sermone-

2046 3073 2153 3128 que
2197 3057 2380 3112 omnis
2412 3055 2615 3110 veritas
2673 3048 2767 3122 sit,
2812 3054 2902 3108 hic
2931 3054 3092 3107 etiam
3117 3067 3278 3106 unam
3334 3063 3627 3117 veramque

2046 3151 2374 3208 sententiam
2423 3162 2564 3203 esse.
2608 3145 2734 3201 liurc
2786 3160 2916 3200 vero
2957 3145 3144 3212 fuerit,
3194 3145 3239 3200 si
3300 3145 3624 3213 compendio

359 3217 511 3321 .9611]
539 3220 595 3321 δὲ
628 3221 844 3321 πάντως
863 3227 1228 3321 καθέστηκεν,
1261 3238 1308 3289 εἱ
1340 3238 1421 3292 δεῖ
1449 3217 1728 3315 συντόμως
1746 3248 1954 3321 εἰπεῖν,

2063 3259 2150 3298 res
2190 3240 2525 3312 expedienda
2557 3248 2660 3303 est,
2713 3255 2877 3308 quam
2910 3254 2941 3292 a
2980 3248 3176 3307 magno
3223 3237 3327 3290 hoc
3371 3236 3625 3291 instructi

358 3311 431 3410 ην
462 3311 597 3382 πρὸς
634 3315 727 3410 τοῦ
786 3319 1029 3410 μεγάλου
1081 3324 1427 3398 διδαχθέντες
1491 3311 1939 3410 ἀποδεδώκαμεν.

362 3404 594 3498 Ὥσπερ
613 3409 742 3476 γὰρ,
771 3409 857 3465 ἵνα
883 3414 1006 3466 κατ’
1039 3417 1206 3473 αὐτὸν
1231 3420 1298 3474 τὰ
1324 3422 1443 3478 θεῖα
1464 3426 1631 3480 πολὺν
1665 3431 1762 3483 καὶ
1786 3404 1943 3498 αὖθις

359 3497 492 3594 toto,
522 3500 686 3565 τάξει
717 3505 815 3559 καὶ
845 3506 1131 3579 ἀξιώματι
1157 3514 1263 3568 τοῦ
1295 3520 1527 3586 Πατρός
1552 3520 1726 3578 ἐστιν
1748 3527 1782 3579 ό
1811 3528 1944 3594 Υἱὸς

358 3588 661 3662 δεύτερος,
686 3596 776 3649 ὅτι
801 3602 937 3666 παρ’
967 3605 1157 3669 αὐτοῦ
1184 3604 1469 3677 κέκτηται
1500 3614 1620 3680 μεθ’
1654 3609 1730 3669 ὧν
1766 3588 1943 3673 ἄλλων

361 3681 601 3775 πλουτεῖ,
633 3688 732 3739 καὶ
767 3687 882 3756 τὴν
906 3692 1106 3746 αἰτίαν
1133 3698 1231 3751 καὶ
1262 3700 1374 3767 τὴν
1402 3702 1604 3772 ἀρχὴν
1648 3706 1761 3775 τῆς
1825 3712 1943 3764 ὺπ-

359 3771 609 3870 ἁρεεως,
637 3776 696 3829 ού
730 3781 853 3831 κατ’
875 3779 1084 3840 ἔννοιαν
1132 3788 1325 3860 ἑτέραν
1355 3794 1476 3847 τινά
1501 3771 1597 3849 τοῦ
1633 3771 1941 3870 ἀξιῶματός

360 3883 421 3919 τε
456 3868 683 3938 καὶτῆς
733 3873 939 3939 τάξεως
980 3877 1251 3949 οὐδαμῶς,
1301 3883 1601 3959 ἐπειδήπερ
1636 3890 1693 3942 ατ
1759 3868 1942 3947 λοιπαὶ¹

362 3961 534 4014 πᾶσαι
564 3965 729 4033 χωρὶς
756 3966 958 4040 ταύτης
976 3971 1337 4045 ἀποφέρονται
1372 3978 1506 4031 πολύ
1531 3998 1582 4037 τι
1611 3984 1672 4037 τὸ
1698 3982 1943 4057 βλάσφη-

364 4072 466 4125 μον
500 4072 514 4084 ·
546 4057 689 4112 οὕτω
717 4059 967 4133 δεύτερον
998 4063 1168 4130 τάξει,
1196 4069 1289 4121 καὶ
1324 4069 1468 4123 τοῦτ’
1501 4073 1634 4128 αὐτὸ
1661 4077 1755 4132 τοῦ
1811 4077 1939 4151 θεη-

361 4150 524 4219 γόρου
560 4151 796 4221 Πατρδς,
852 4154 947 4206 καὶ⁵
1004 4155 1276 4227 ἀξιώματι
1322 4161 1382 4214 τὸ
1418 4158 1641 4236 Πνεῦμα
1672 4169 1733 4222 τὸ
1786 4150 1942 4234 ἅγιον

362 4241 483 4295 κατ’
547 4242 805 4313 οὐδεμίαν
848 4245 1027 4299 αὐτῶν
1081 4248 1310 4316 ἔννοιαν,
1340 4253 1537 4327 ἀλλ’,η
1574 4259 1782 4329 πέφυκε
1845 4264 1941 4318 τοῦ

360 4331 719 4428 Μονογενοῦς,
762 4334 901 4407 πλὴν
931 4338 1014 4392 ὅτι
1041 4356 1122 4394 τοι
1167 4344 1298 4416 παρ’
1328 4346 1493 4402 αὐτοῦ
1545 4350 1607 4404 τδ
1635 4351 1774 4408 εἶναι
1801 4354 1938 4428 ἔχει,

361 4426 455 4477 καὶ
488 4424 619 4495 παρ’
666 4427 831 4482 αὐτοῦ
871 4430 1138 4498 λαμϐάνει
1186 4436 1280 4490 καὶ
1317 4439 1636 4509 ἀναγγέλλει
1670 4424 1942 4516 ήμῖνξκαὶ

2049 3335 2452 3396 tradididimus.
2481 3330 2939 3401 Quemadmodum
2964 3333 3124 3396 enim,
3152 3340 3209 3386 ut
3241 3346 3366 3384 cum
3395 3330 3628 3385 divinis-

2046 3430 2187 3488 simo
2218 3430 2325 3485 isto
2351 3441 2545 3482 rursus
2586 3428 2831 3497 eloquar,
2873 3425 3055 3479 ordine
3084 3432 3133 3477 et
3162 3423 3422 3492 dignitate
3455 3421 3629 3476 Filius

2044 3532 2119 3577 est
2137 3520 2395 3577 secundus
2420 3537 2451 3573 a
2476 3518 2658 3584 Patre,
2676 3517 2814 3589 quod
2838 3518 2902 3570 ab
2927 3517 3040 3586 ipso
3064 3516 3354 3597 possideat,
3375 3530 3497 3569 cum
3532 3515 3629 3568 ho-

2049 3616 2134 3670 nis
2173 3613 2404 3682 reliquis
2439 3611 2640 3681 quibus
2667 3610 3056 3679 locupletalur,
3091 3618 3141 3663 et
3165 3620 3382 3662 causam
3411 3614 3459 3660 et
3484 3609 3633 3675 prin-

2044 3707 2239 3775 cipium
2264 3712 2375 3759 ειιιε
2402 3704 2749 3769 exsistentiw,
2784 3716 2892 3755 non
2927 3702 3033 3755 alio
3067 3716 3297 3771 prorsus
3317 3701 3627 3768 signiﬁcatu

2047 3796 2332 3867 dignitatis
2364 3805 2419 3851 et
2461 3793 2711 3859 ordinis,
2782 3792 2913 3847 dum
2961 3793 3171 3862 reliqua
3222 3793 3427 3857 oxnnia,
3452 3807 3625 3846 unum

2048 3890 2153 3945 hoc
2206 3887 2253 3944 si
2309 3887 2578 3959 excipias,
2638 3884 2869 3941 immani
2913 3882 3251 3954 blasphemia
3314 3883 3624 3937 horreant:

2046 3982 2129 4036 sic
2158 3988 2213 4035 et
2250 3978 2490 4051 Spiritus
2533 3988 2763 4035 sanctus
2797 3976 3075 4032 secundus
3106 3985 3191 4030 est
3220 3991 3248 4028 a
3289 3973 3431 4029 Filio
3459 3983 3513 4029 et
3538 3975 3627 4029 di-

2047 4067 2255 4138 gnitate
2281 4073 2337 4121 et
2387 4065 2603 4131 ordine,
2663 4080 2771 4120 non
2804 4073 2866 4119 ut
2903 4064 3019 4135 ipsi
3056 4066 3373 4135 opinantur,
3425 4063 3520 4119 sed
3570 4074 3629 4119 ut

2044 4161 2268 4217 exsistit
2313 4158 2383 4214 ab
2419 4158 2739 4229 Unigenito,
2804 4168 3020 4215 tantum
3074 4159 3201 4230 quia
3237 4159 3305 4213 ab
3338 4159 3627 4228 ipso’esse

2047 4255 2233 4320 habet,
2261 4264 2316 4310 et
2362 4254 2433 4309 ab
2468 4256 2588 4324 ipso
2627 4253 2851 4323 accipit,
2890 4263 2944 4307 ct
2975 4254 3271 4308 annuntiat
3325 4253 3512 4320 nobis,
3568 4261 3625 4307 et

2044 4346 2099 4400 in
2125 4360 2341 4401 summa
2387 4344 2457 4399 ab
2488 4344 2580 4400 illa
2627 4359 2800 4399 causa
2842 4344 3065 4414 pendet,
3116 4344 3193 4407 uti
3252 4345 3470 4412 sapiens
3504 4358 3623 4398 ma—

2046 4428 2292 4509 gnusque
2332 4435 2575 4511 Basilius
2605 4436 2876 4491 decernit.
2944 4434 3040 4491 His
3069 4436 3417 4506 potissimum
3460 4435 3622 4489 volu-

361 4517 498 4582 ὅλως
525 4519 742 4592 ἐκείνης
796 4521 897 4592 τῆς
929 4526 1110 4589 αἰτίας
1141 4527 1398 4599 ἐξῆπται,
1446 4536 1589 4589 κατά
1648 4539 1739 4593 τὸν
1776 4541 1956 4611 σοφὸν·

2048 4531 2194 4585 mina
2230 4530 2439 4594 om‘nia,
2496 4530 2553 4584 in
2592 4529 2793 4600 quibus
2843 4530 3048 4584 dictum
3105 4529 3285 4582 simile
3337 4537 3621 4589 exoratur,

362 4613 455 4663 καὶ
488 4612 662 4682 μέγαν
709 4615 1008 4673 Βασίλειον.
1064 4620 1161 4674 Ἐκ
1188 4623 1392 4679 τούτων
1418 4628 1514 4683 καὶ
1562 4632 1795 4698 μάλιστα
1841 4604 1947 4698 τὰς

2048 4619 2343 4692 genuinam
2380 4619 2836 4689 pulchritudinem
2860 4617 3037 4675 Patris
3064 4620 3298 4674 retinere
3337 4630 3623 4673 assevera-

362 4703 598 4773 βίϐλους,
636 4702 725 4773 αἷς
757 4708 1004 4777 ἔγκειται
1041 4713 1102 4766 τὸ
1130 4717 1371 4773 τοιοῦτον
1399 4724 1582 4793 ῥητὸν,
1631 4725 1939 4791 ἀποσώζειν

360 4799 421 4850 τὸ
449 4801 671 4869 γνήσιον
719 4801 912 4866 κάλλος
945 4804 1038 4858 τοῦ
1071 4806 1281 4879 [ἰατρὸς
1309 4813 1769 4889 διαδεὸαιούμεθα
1797 4836 1810 4851 ⁸
1840 4822 1940 4886 τὰς

359 4889 417 4943 δὲ
444 4892 633 4957 λοιπὰς
652 4894 805 4959 ὅσαις
830 4897 1011 4960 ποσῶς
1037 4895 1527 4976 ἔγκειταιδηλαδὴ
1560 4912 1620 4966 τὸ
1645 4913 1801 4969 νόθον
1847 4914 1942 4972 καὶ

362 4984 796 5055 παρέγγραπτον
827 4989 975 5062 ἔχειν
1003 4995 1443 5065 ἀποφαινόμεθα.

433 5076 533 5132 κε’.
601 5080 742 5152 Πρὸς
794 5080 830 5136 ἀ
854 5085 948 5139 καὶ
987 5085 1061 5158 μὴ
1110 5080 1391 5152 σθένοντες
1434 5090 1738 5162 ἀντιλέγειν
1769 5099 1820 5150 oi
1853 5097 1941 5152 διὰ

362 5169 564 5234 παντὸς
583 5171 706 5226 κατ’
741 5173 920 5244 ὄρεξιν
948 5176 1011 5248 δὴ
1038 5177 1205 5249 μόνην
1235 5182 1327 5234 καὶ
1354 5180 1566 5253 θέλημα
1597 5186 1699 5255 τῆς
1723 5188 1941 5252 οἰκείας

360 5261 539 5333 ψυχῆς
563 5264 875 5334 ἡγούμενοι,
912 5267 1069 5322 τοῦτο
1093 5271 1304 5341 τρυφὴν
1363 5273 1594 5343 φήσαιεν
1652 5274 1718 5329 ἂν
1786 5277 1937 5345 ἴσως,

363 5356 457 5410 ἐπὶ
480 5357 539 5410 τὸ
567 5358 730 5429 ῥητὸν
748 5357 841 5412 τοῦ
872 5361 1167 5415 Νυσσαέων
1193 5363 1584 5435 ἀρχιποίμενος
1612 5367 1938 5439 Γρηγορίου,

362 5444 456 5499 τοῦ
511 5449 625 5509 τοῖς
660 5447 895 5518 δόγμασι
948 5449 1234 5522 διαδοήτου
1284 5455 1769 5526 μεταπηδήσαντες
1798 5460 1940 5512 κατὰ

362 5536 493 5602 τοὺς
539 5538 783 5605 ἀγεννεῖς
828 5540 937 5594 τῶν
987 5543 1425 5619 καταδαιγόντων
1484 5548 1565 5609 εις
1609 5548 1671 5600 τὸ
1726 5549 1941 5604 στάδιον

363 5631 636 5704 ἀθλητῶν,
678 5635 875 5699 οἵτινες
898 5633 1047 5690 ἔστιν
1083 5629 1143 5689 οὗ
1175 5638 1436 5707 γέμοντες
1464 5640 1740 5706 ἀναιδείας
1802 5642 1940 5713 ὁμοῦ

366 5726 461 5778 καὶ
485 5726 827 5797 φρονήματος
848 5766 864 5789 ,
899 5729 1119 5782 ἐπειδὰν
1153 5730 1427 5803 ἡττηθῶσι
1464 5732 1586 5786 καθ’
1628 5732 1687 5787 ἓν
1742 5735 1942 5804 ἀγώνι-

369 5833 506 5887 σμα,
539 5819 683 5888 φημὶ
707 5820 804 5888 τὴν
832 5820 1006 5889 πάλην
1039 5821 1219 5890 τυχὸν,
1265 5822 1457 5891 ἀθρόον
1511 5824 1606 5877 καὶ
1663 5825 1941 5896 παρευθυς

370 5907 612 5980 θρασέως
648 5930 755 5976 πως
796 5914 1178 5983 μεταπηδῶσιν
1227 5915 1313 5983 ἐφ’
1375 5918 1579 5988 ἕτερον,
1629 5920 1767 5989 μήτε
1813 5920 1934 5983 τοὺς

2045 4718 2192 4775 mus.
2219 4710 2432 4783 reliqua
2471 4711 2681 4776 omnia,
2719 4711 2772 4767 in
2803 4711 3000 4782 quibus
3043 4724 3152 4765 non
3185 4709 3406 4782 legitur,
3437 4709 3642 4778 spuria.

2045 4816 2211 4876 atque
2239 4805 2546 4862 adulterata
2576 4819 2699 4862 esse
2725 4804 3092 4862 decernimus.

2115 5091 2205 5144 25.
2243 5082 2412 5144 Dictis
2445 5088 2569 5143 eum
2595 5089 2977 5146 cotttradicere
3002 5100 3297 5159 nequeant,
3331 5090 3423 5156 qui
3454 5089 3621 5145 rebus

2044 5184 2098 5237 in
2127 5183 2384 5236 omnibus
2410 5180 2554 5251 quod
2581 5183 2848 5237 voluntati
2874 5192 2928 5238 et
2948 5183 3157 5237 libidini
3190 5196 3305 5237 suae
3345 5183 3618 5236 obsecun-

2044 5275 2159 5337 dat,
2186 5275 2351 5344 idque
2388 5275 2619 5344 propria:
2669 5277 2867 5331 animae
2901 5277 3130 5331 delicias
3159 5286 3324 5344 atque
3364 5275 3631 5331 oblecta-—

2046 5375 2229 5421 tuenta
2256 5374 2533 5437 reputant,
2568 5368 2753 5424 dicent
2783 5368 3042 5435 fortasse,
3072 5368 3126 5422 in
3173 5366 3377 5422 dictum
3414 5368 3621 5439 Grego-

2044 5457 2113 5512 rii
2148 5456 2520 5529 Nyssenorum
2559 5460 2843 5527 antistitis,
2873 5459 2927 5514 in
2948 5460 3294 5529 dogmatibus
3314 5462 3621 5516 statuendis

2045 5550 2410 5617 celeberrimi,
2448 5553 2777 5619 resilientes,
2811 5552 2892 5607 uti
2944 5552 3123 5623 ignavi
3187 5551 3483 5608 luctatores
3517 5555 3616 5611 de-

2045 5643 2365 5700 scendentes
2391 5644 2447 5698 in
2475 5643 2733 5709 stadium,
2754 5643 2849 5713 qui
2878 5642 3216 5713 impudentia
3240 5643 3613 5716 jactantiaque

2044 5738 2216 5806 pleni,
2245 5753 2369 5793 cum
2413 5737 2465 5791 in
2507 5751 2618 5807 uno
2655 5734 2980 5804 certamine,
3030 5736 3176 5793 lucta
3210 5752 3407 5808 nempe
3448 5754 3614 5809 supe-

2046 5829 2172 5894 rati,
2202 5828 2384 5884 statim
2427 5841 2492 5881 ac
2550 5833 2770 5896 repente
2801 5827 2854 5879 in
2912 5826 3060 5881 aliud
3130 5826 3469 5889 transiliunt,
3519 5841 3620 5880 nec

2045 5922 2331 5975 minimum
2359 5918 2581 5989 quidem
2626 5927 2959 5989 spectatores
3008 5920 3247 5988 reveriti,
3283 5920 3334 5975 in
3379 5934 3615 5992 quorum
