3970 6418
352 401 490 469 1205

1198 405 1299 467 DE
1341 399 1870 465 PROCESSIONE
1911 403 1974 464 S.
2017 402 2381 467 SPlRITUS
2421 404 2648 466 ORAT.
2684 404 2768 465 II.

3481 391 3617 456 1205

347 521 584 592 εφησεν·
637 521 797 577 Ἰδοὺ
841 520 976 591 γὰρ,
1001 521 1132 578 ίδοὺ
1178 522 1424 592 Πνεῦμα
1472 518 1581 589 τῆς
1630 523 1939 590 ἀληθείας,

2049 535 2098 578 et
2126 541 2219 594 per
2242 526 2410 594 ipsum
2454 525 2816 595 progrediens,
2846 523 2923 575 ita
2962 528 3012 575 et
3054 519 3261 575 Patris.
3295 516 3430 585 Quia
3468 516 3615 571 enim

347 610 666 668 τουτέστιν
688 610 912 667 ἑαυτοῦ
945 612 1057 668 τὸν
1104 612 1508 682 Παράκλητον
1530 612 1741 676 εἰπὼν,
1778 613 1939 682 παρὰ

346 708 455 763 τοῦ
498 707 734 778 Πατρός
782 707 1225 778 ἐκπορεύεσθαι
1272 726 1484 780 φησιν.
1547 709 1781 778 Ὠσπερ
1827 708 1940 779 γάρ

344 801 520 854 ἐστιν
553 798 714 855 ιδιον
749 800 996 872 Πνεῦμα
1018 801 1128 856 τοῦ
1168 801 1305 859 Υίοῦ
1337 803 1616 871 φυσικῶς
1659 801 1729 857 ἐν
1778 801 1941 869 αὐτῷ

347 908 413 945 τε
455 888 755 961 ὑπάρχον,
792 891 891 946 καί
924 891 998 945 δι’
1027 893 1221 948 αὐτοῦ
1243 892 1477 963 προὶῦν,
1506 895 1663 949 οὕτω
1705 893 1801 948 καὶ
1831 893 1939 948 τοῦ

351 984 607 1052 Πατρός.
636 983 760 1036 Ὅτι
795 985 903 1053 γὰρ
933 979 1088 1038 εῐπεν
1121 986 1150 1037 ό
1176 986 1411 1055 Χριστὸς
1447 986 1535 1040 τὸν
1574 985 1936 1058 Παράκλητον

346 1074 576 1145 Πνεῦμα
598 1074 703 1145 τῆς
739 1076 997 1146 ἀληθείας
1050 1076 1291 1148 εἰρηκὼς
1324 1068 1479 1140 οὗτος
1517 1079 1610 1131 καὶ
1650 1076 1935 1146 προσθεὶς,

347 1167 629 1220 τουτέστιν
651 1167 895 1234 ἑαυτοῦ,
929 1167 1049 1221 κατ’
1081 1170 1310 1233 ἐκεῖνον,
1356 1167 1515 1222 ῑδιον
1536 1167 1781 1236 Πνεῦμα
1820 1166 1930 1222 τοῦ

354 1259 490 1314 Υιοῦ
510 1259 784 1329 φυσικῶς
812 1260 884 1315 ἐν
910 1258 1072 1326 αὐτῷ
1102 1277 1165 1315 τε
1194 1260 1493 1328 ὑπάρχον,
1524 1258 1621 1312 καί
1642 1259 1718 1313 δι’
1748 1257 1937 1313 αὑτοῦ

343 1349 559 1418 προϊὸν
590 1353 995 1421 ὲφηρμήνευσε,
1028 1350 1121 1403 τὸν
1176 1348 1272 1403 τοῦ
1323 1349 1469 1402 θείου
1502 1348 1717 1419 [ἰατρὸς
1772 1348 1939 1403 Βασι-

343 1443 487 1496 λείου
527 1441 739 1511 ’σαφῶς
793 1441 1046 1514 δηλώσας
1089 1441 1293 1496 σκοπὸν
1343 1441 1416 1496 δι’
1446 1441 1638 1510 ἑτέρας
1687 1441 1747 1493 τὸ
1801 1440 1937 1494 αὐτὸ

346 1531 721 1604 σημαινούσης
760 1533 910 1605 ἱερᾶς
939 1533 1211 1606 χρήσεως.
1249 1530 1449 1586 Τοῦτον
1498 1531 1562 1602 δὴ
1591 1531 1684 1585 τὸν
1739 1530 1940 1595 τρόπον

343 1622 439 1673 καὶ
502 1620 810 1693 Γρηγόριος
855 1622 884 1675 ό
938 1621 1081 1676 πάνυ
1137 1622 1265 1693 περὶ
1315 1620 1410 1675 τοῦ
1464 1622 1784 1695 Πνεύματος
1840 1620 1936 1676 τοῦ

320 1714 634 1780 παναγῶν,
658 1714 761 1769 καί
778 1715 847 1769 ἐκ
876 1715 982 1770 τοῦ
1018 1714 1158 1770 Υἱοῦ
1184 1711 1339 1770 εἶναι
1391 1714 1938 1786 προσμαρτυρεῖται

2044 615 2297 673 Christus
2362 618 2600 682 dixerat,
2658 615 2997 671 Paracletum
3046 611 3314 683 Spiritum
3371 609 3619 664 veritat‘s

2043 725 2389 779 nuncupatis,
2419 712 2463 763 is
2495 709 2727 775 addens,
2762 709 2868 764 hoc
2895 715 2982 763 est
3004 704 3389 774 suimetipsius,
3414 710 3473 757 ut
3508 701 3618 764 ille,

2039 801 2312 869 proprium
2362 800 2485 854 Filii
2531 800 2791 868 Spiritum
2833 799 3159 855 naturaliter
3202 798 3259 851 in
3315 795 3431 865 ipso
3480 793 3622 846 exsi-

2040 900 2284 954 stentem,
2337 900 2387 946 et
2431 907 2522 961 per
2570 891 2724 945 illum
2765 889 3188 962 progredientem
3227 885 3621 952 interpretatus

2040 990 2144 1047 est,
2190 983 2356 1040 divini
2387 985 2563 1039 Patris
2614 985 2796 1040 Basilii
2835 996 3022 1056 aperte
3072 996 3299 1053 scopum
3344 978 3619 1044 indicans,

2043 1073 2152 1127 alio
2183 1073 2235 1128 id
2264 1073 2438 1142 ipsum
2473 1072 2813 1129 insinuantis
2851 1087 3012 1128 sacro
3050 1072 3220 1128 dicto.
3256 1068 3379 1124 Pari
3408 1067 3622 1123 ratione

2042 1173 2096 1218 et
2127 1180 2358 1235 magnus
2384 1163 2684 1233 Gregorius
2722 1166 2792 1221 de
2822 1163 3179 1221 sanctissimo
3215 1161 3447 1231 Spiritu,
3474 1168 3523 1215 et
3557 1174 3624 1213 ea:

2042 1255 2177 1312 Filio
2200 1273 2312 1312 esse
2339 1260 2624 1323 astruitur,
2656 1274 2779 1313 cum
2810 1257 3149 1314 confidenter
3175 1254 3463 1310 admodum
3496 1267 3626 1321 pro-

2042 1350 2378 1415 nuntiasset,
2407 1352 2597 1407 statim
2635 1350 2951 1414 subnexuit,
2992 1368 3010 1400 ι
3045 1345 3103 1403 Si
3135 1347 3253 1418 quis
3284 1346 3421 1401 enim
3447 1341 3625 1413 Spiri-

2044 1446 2153 1492 tum
2184 1439 2388 1496 Lhristi
2421 1457 2525 1497 non
2554 1441 2729 1506 habet,
2760 1443 2859 1505 ait,
2897 1439 2979 1493 hic
3012 1455 3115 1493 non
3140 1444 3215 1491 est
3236 1436 3376 1506 ejus,
3410 1452 3430 1487 ι
3466 1431 3620 1489 testi-

2043 1531 2289 1586 monium
2326 1532 2531 1590 Christi
2574 1533 2846 1605 praecurris
2880 1531 3036 1587 Pauli
3069 1545 3136 1586 ex
3164 1543 3365 1600 magno
3400 1526 3623 1589 Basiliﬂ.

2043 1632 2098 1679 et
2126 1623 2272 1679 aliud
2322 1624 2487 1681 etiam
2520 1624 2745 1681 aliunde
2777 1625 3007 1696 petitum
3059 1637 3357 1692 usurpans.
3391 1618 3487 1675 llic
3510 1618 3624 1688 jam

2045 1716 2401 1781 manifestum
2460 1726 2580 1787 est,
2634 1732 2702 1774 ex
2751 1726 2905 1787 parte
2956 1715 3395 1771 demonstratum
3456 1712 3628 1769 fuisse

346 1804 485 1877 μειὰ
514 1804 713 1877 πολλῆς
739 1808 1051 1880 παρρησίας
1091 1808 1284 1875 εἰπὼν,
1326 1811 1577 1880 ἐπήγαγε
1630 1808 1934 1880 παρευθὺςυ

2047 1806 2197 1864 inter
2228 1807 2647 1879 praepositiones
2680 1822 2745 1863 ea:
2793 1814 2848 1862 et
2878 1821 2993 1875 per,
3026 1819 3149 1861 cum
3186 1796 3273 1860 res
3308 1799 3629 1873 tbeoloqica:

351 1874 453 1954 ᾔει
468 1897 582 1969 τδρ
614 1874 700 1966 τις
725 1874 973 1969 Πνεῦμα
996 1874 1386 1969 Χριστοῦούκ
1414 1874 1563 1973 δέει,
1583 1874 1797 1972 φησίν,
1820 1896 1927 1957 οὖ-

2040 1874 2475 1968 pertractantur,
2504 1895 2650 1968 apud
2678 1913 2796 1964 eos,
2821 1874 2917 1967 qui
2948 1908 3142 1951 secure
3175 1903 3434 1962 recteque
3462 1904 3626 1947 sacra

341 2007 449 2058 τος
468 1992 584 2046 οὐκ
614 1992 790 2046 ἐστιν
807 1993 1018 2057 αὑτοῦ,
1051 2012 1070 2045 ι
1109 1992 1210 2065 τὴν
1235 1995 1545 2067 μαρτυρίαν
1573 1994 1667 2050 τοῦ
1692 1995 1930 2061 Χριστο-

342 2085 590 2155 κὴρυκος
621 2083 836 2138 Παύλου
871 2086 1013 2139 κατὰ
1037 2087 1144 2140 τὸν.
1168 2088 1338 2142 πολὺν
1383 2088 1481 2142 καὶ
1530 2089 1703 2157 μέγαν
1765 2085 1928 2140 Βασί-

340 2174 507 2238 ).ε.ον,
542 2175 639 2229 καὶ
692 2176 889 2247 ἑτέραν
919 2177 1344 2248 ἀπολεξάμενος.
1393 2178 1656 2233 Ἐνταῦθα
1704 2178 1940 2249 φανερὸν

338 2264 422 2316 δτι
466 2264 711 2337 μερικῶς
751 2267 1232 2329 συναποδέδεικται
1292 2269 1505 2333 τούτοις
1561 2268 1696 2338 μηδὲ
1746 2267 1843 2339 τὴν
1866 2268 1937 2322 ἐκ

338 2354 636 2426 διαφέρειν,
677 2358 773 2413 καὶ
805 2344 900 2429 τὴν
925 2359 1025 2414 διὰ
1054 2362 1166 2421 τοῖς
1193 2360 1285 2413 ἐπὶ
1308 2361 1405 2429 τῆς
1431 2359 1709 2430 θεολογίας
1750 2359 1932 2432 ὀρθῶς

338 2448 437 2499 καὶ
462 2446 601 2516 πρὸς
629 2448 932 2518 ἀσφάλειαν
960 2449 1069 2506 τῶν
1097 2450 1263 2520 ἱερῶν
1286 2450 1573 2521 δογμάτων
1619 2452 1788 2517 αὑτὰς
1839 2453 1935 2506 ὲκ-

2034 1991 2288 2062 dogmata
2340 1990 2633 2055 deﬁniunt,
2685 1990 2900 2045 nullum
2946 2003 3070 2045 esse
3123 1986 3420 2043 discrimen
3452 2001 3467 2038 :
3497 2000 3623 2041 cum

2050 2085 2105 2139 in
2128 2084 2333 2153 quibus
2367 2083 2445 2140 illi
2468 2083 2639 2154 probe
2672 2097 2764 2152 per
2789 2080 3141 2151 adaptarunt,
3175 2079 3337 2134 divus
3368 2077 3457 2133 hic
3487 2076 3627 2133 Gre—

2048 2177 2238 2246 gorius
2285 2191 2351 2232 ea:
2388 2174 2664 2247 apposuit.
2709 2173 2777 2229 Et
2812 2174 2930 2230 haec
2962 2170 3184 2243 quidem
3236 2169 3497 2241 primum,
3548 2166 3625 2222 uti

2046 2271 2098 2323 in
2154 2269 2450 2340 praesentis
2498 2266 2956 2324 contradictiouis
3002 2265 3161 2319 initio
3194 2262 3333 2329 dixi,
3368 2259 3631 2316 adversa-

2045 2362 2253 2417 riorum
2296 2361 2403 2416 tela
2449 2368 2601 2426 sunt,
2638 2358 2840 2431 quibus
2886 2357 2977 2419 illi
3000 2355 3365 2413 auxiliaribus
3399 2354 3628 2409 uteban-

2045 2460 2156 2517 tur,
2188 2450 2242 2506 in
2272 2451 2496 2508 eosdem
2531 2449 2751 2507 fortiter
2791 2465 2822 2505 a
2866 2463 2954 2505 me
2998 2455 3272 2505 contorta.

339 2537 726 2609 λαμϐάνουσιν.
766 2541 1030 2613 Ἐπείπερ
1056 2543 1114 2596 ἐν
1138 2536 1218 2607 οἷς
1253 2544 1450 2597 ἐκεῖνοι
1477 2543 1655 2609 καλῶς
1695 2543 2007 2615 παρέλαϐον
2036 2546 2136 2614 τὴν
2169 2543 2288 2609 διὰ,
2319 2543 2570 2597 τέθεικεν
2628 2544 2656 2597 ὁ
2695 2541 2836 2606 θεῖος
2868 2540 3170 2614 Γρηγόριος
3239 2533 3399 2604 οὗτος
3422 2538 3521 2610 τὴν
3552 2541 3623 2596 ἐκ

342 2628 619 2700 πρόθεσιν.
655 2631 767 2686 Καὶ
833 2632 1007 2687 ταῦτα
1041 2636 1137 2705 μὲν
1183 2636 1241 2688 ἐν
1291 2633 1531 2706 πρώτοις
1582 2635 1769 2700 καθὼς
1837 2633 2147 2707 ἀρξάμενος
2191 2637 2292 2706 τῆς
2341 2633 2627 2706 παρούσης
2679 2632 3010 2695 ἀντιθέσεως
3087 2629 3363 2687 διαλαθεῖν
3413 2624 3623 2701 ἔφθηνο

335 2724 484 2792 φημὶ
513 2723 865 2795 περιτρέπων
894 2724 1129 2795 ἰσχυρῶς
1150 2725 1274 2787 τοὺς
1305 2726 1572 2790 ἐναντίους
1619 2726 1677 2794 ἐξ
1708 2720 1782 2781 ὧν
1842 2726 1921 2788 εἰς
1960 2724 2169 2778 οἰκείαν
2189 2725 2346 2778 αὐτοὶ
2399 2723 2770 2796 προύϐάλοντο
2793 2723 2957 2795 δῆθεν
2983 2722 3257 2794 βοήθειαν.

450 2814 528 2882 ς’.
580 2815 645 2870 Et
676 2815 735 2871 δι
768 2817 850 2870 δεῖ
878 2834 946 2886 με
993 2817 1093 2886 τῆς
1134 2818 1448 2888 περικοπῆς
1497 2819 1805 2889 μνησθέντα
1846 2836 1936 2889 μι-

336 2907 472 2978 κρὸν
500 2905 709 2961 ἄνωθεν
738 2902 986 2978 ἄκριόῶς
1015 2906 1271 2971 ἐξετάσαι
1309 2910 1379 2961 τὰ
1425 2908 1547 2961 κατ’
1581 2907 1773 2978 αὑτὴν,
1806 2905 1931 2977 τάχ’

338 2999 406 3052 ἂν
433 2998 544 3051 κάκ
573 2996 685 3051 τῶν
717 2998 984 3067 πρότερον
1007 2999 1261 3065 φανεῖται
1295 2997 1394 3069 τὴν
1418 2998 1489 3052 es
1523 3001 1553 3052 ό
1587 2998 1762 3069 μέγας
1792 2998 1931 3052 κάπὶ

2110 2813 2200 2871 26.
2244 2815 2399 2882 Quod
2429 2815 2498 2881 si,
2527 2816 2754 2885 repetita
2779 2815 3065 2884 pericope,‘
3079 2814 3241 2884 paulo
3275 2812 3442 2871 altius
3475 2816 3529 2870 in
3557 2830 3623 2871 ca

2042 2913 2445 2985 comprehensa
2511 2908 2881 2966 examinanda
2933 2914 3086 2971 sunt,
3145 2905 3287 2963 forte
3348 2921 3417 2963 ex
3476 2917 3627 2964 anto-

2036 3006 2365 3061 cedentibus
2414 3001 2863 3074 praepositionem
2914 3015 2980 3055 ea:
3020 3015 3254 3071 magnus
3304 3000 3394 3057 hic
3427 3000 3510 3056 vir
3557 3002 3629 3058 de

337 3089 432 3142 τοῦ
464 3088 596 3143 Υἱοῦ
623 3089 801 3157 λέγων
835 3107 895 3143 τε
922 3090 1018 3143 καὶ
1048 3088 1351 3158 τιθέμενος.
1398 3090 1551 3143 Ἐπεὶ
1575 3090 1702 3161 περί
1734 3107 1791 3144 τε
1818 3107 1932 3145 κοι-

2038 3099 2176 3155 Filio
2212 3098 2421 3152 dixisse
2446 3095 2912 3167 ‘apposuisscque
2958 3096 3345 3163 comperietur.
3383 3090 3623 3161 Quando

335 3180 445 3234 νῶν
478 3179 574 3235 καὶ
604 3180 773 3249 ἰδίων,
828 3180 904 3245 ὡς
938 3179 1226 3251 προλαϐὼν
1276 3183 1518 3253 εἰρὴκειν
1578 3181 1688 3237 τῶν
1751 3184 1810 3237 ὲν
1865 3184 1932 3255 τῇ

2039 3191 2104 3247 de
2140 3188 2377 3261 propriis
2409 3200 2465 3243 et
2512 3185 2923 3252 communibus,
2967 3196 3023 3241 ut
3053 3185 3218 3255 paulo
3263 3195 3393 3240 ante
3442 3184 3628 3250 innui,

336 3272 604 3346 θεαρχικῇ
659 3273 852 3344 Τριάδι
908 3273 1167 3339 διεξιὼν,
1230 3276 1375 3328 οὕτω
1424 3275 1734 3344 διαλέγεται
1792 3277 1934 3330 κατὰ

337 3368 490 3438 ῥῆμα
528 3364 795 3434 θεολογῶν
834 3366 1063 3433 τούτοις,
1101 3367 1197 3422 καὶ
1228 3367 1306 3440 τῷ
1336 3369 1571 3439 δόγματι
1628 3368 1935 3438 προσηκόν-

336 3477 446 3523 τως
472 3457 955 3530 ιμπλατυνόμενος
989 3477 1003 3491 ο
1033 3460 1099 3512 Ὅ
1143 3476 1208 3514 τε
1238 3461 1351 3528 γὰρ
1399 3461 1533 3527 Υἱὸς
1554 3460 1623 3514 ἐκ
1674 3459 1784 3515 τοῦ
1817 3462 1935 3515 Πα-

335 3550 476 3618 τρός
530 3548 777 3620 ἐξῆλθε,
840 3552 1036 3618 καθώς
1100 3568 1294 3622 φησιν
1348 3552 1388 3621 ἡ
1430 3553 1665 3623 Γραφὴ,
1721 3550 1823 3606 καὶ
1865 3551 1935 3607 τὸ

335 3643 582 3712 Πνεῦμα
605 3643 672 3697 ἐκ
706 3642 814 3698 τοῦ
854 3643 1004 3697 Θεοῦ
1055 3644 1153 3698 καὶ
1192 3645 1353 3713 παρὰ
1391 3644 1504 3700 τοῦ
1557 3647 1790 3714 Πατρὸς
1831 3645 1932 3699 ἐκ·

336 3736 673 3803 πορεύεται.
718 3734 887 3790 Ἀλλ’
913 3733 1119 3805 ὥσπερ
1150 3738 1215 3790 τὸ
1246 3737 1394 3790 ἄνευ
1420 3737 1618 3803 αἰτίας
1640 3733 1795 3791 εἶναι
1823 3738 1933 3807 μό-

332 3846 449 3883 νου
512 3827 623 3882 τοῦ
671 3828 906 3896 Πατρός
966 3828 1059 3894 ὃν,
1101 3826 1182 3893 τῷ
1232 3825 1344 3894 Υἱῷ
1394 3828 1493 3883 καὶ
1529 3829 1609 3896 τῷ
1634 3831 1935 3900 Πνεύματι

334 3919 796 3989 ἐφαρμοσθῆναι
842 3920 913 3974 οὐ
936 3919 1191 3973 δύναται
1215 3935 1229 3950 ο
1261 3918 1419 3974 οὕτω
1458 3918 1526 3974 τό
1560 3919 1827 3987 ἔμπαλιν
1865 3922 1934 3976 τὸ

335 4014 407 4077 ἐξ
441 4012 639 4079 αἰτίας
661 4007 840 4079 εἶναι,
877 4011 1025 4080 ὅπερ
1053 4010 1208 4066 ἴδιόν
1228 4012 1364 4067 ἐστι
1391 4014 1501 4068 τοῦ
1538 4014 1676 4069 Υίοῦ
1700 4017 1799 4069 καὶ
1825 4016 1933 4071 τοῦ

338 4102 714 4172 ιινεύματος,
754 4101 836 4169 τῷ
866 4104 1047 4172 Harp!
1069 4101 1543 4174 ἐπιθεωρηθῆναι
1576 4108 1768 4180 φύσιν
1818 4109 1932 4163 οὐκ

337 4194 487 4264 ἔχει.
515 4193 738 4249 Κοινοῦ
772 4193 843 4249 δὲ
871 4194 1049 4261 ὄντος
1081 4193 1164 4261 τῷ
1216 4193 1326 4261 Υίῷ
1357 4196 1459 4251 καὶ
1494 4197 1576 4264 τῷ
1630 4200 1934 4268 Πνεύματι

336 4285 444 4342 τοῦ
464 4285 547 4355 μὴ
571 4284 916 4357 ἀγεννήτως
943 4283 1119 4353 εἶναι,
1144 4287 1225 4355 ὡς
1253 4285 1334 4342 ἄν
1368 4286 1455 4357 μή
1488 4305 1575 4356 τις
1628 4290 1933 4362 σύγχυσις

338 4374 473 4444 περὶ
532 4374 600 4428 τό
655 4376 1065 4446 ὑποκείμενον
1113 4379 1457 4447 θεωρηθείη,
1512 4377 1702 4436 πάλιν
1756 4381 1933 4437 ἔστιν

1996 3286 2001 3290 ’
2040 3296 2164 3352 qua:
2190 3281 2242 3336 in
2274 3280 2505 3335 Deitatis
2545 3278 2797 3349 principe
2832 3276 3033 3331 Triade
3068 3286 3222 3340 sunt,
3253 3283 3621 3347 pertractans,

2041 3375 2226 3429 verbis
2260 3388 2368 3428 non
2425 3372 2549 3426 aliis
2586 3371 2759 3426 utitur
2806 3370 2873 3425 de
2908 3369 3014 3425 illis
3057 3369 3404 3432 discernens,
3455 3378 3509 3425 ct
3542 3369 3621 3423 uti

2034 3480 2136 3536 par
2186 3474 2270 3521 est
2312 3462 2516 3519 iusiore
2565 3464 2814 3519 oratione
2864 3463 3060 3532 dagma
3109 3462 3450 3532 explanatis:
3485 3459 3621 3517 Cum

2036 3555 2214 3613 Filius
2244 3571 2309 3611 ea:
2342 3556 2507 3611 Patre
2535 3558 2717 3621 ρεὶοἱι,
2764 3566 2819 3611 ιιι
2860 3554 3139 3624 Scriptura
3167 3558 3280 3623 ait,
3308 3565 3358 3610 et
3390 3554 3624 3628 Spiritus

2034 3667 2101 3706 ea:
2156 3649 2261 3705 Deo
2308 3659 2356 3704 et
2401 3664 2466 3704 ea:
2517 3649 2681 3703 Patre
2723 3650 2981 3718 procedit.
3037 3648 3145 3705 Sed
3182 3648 3624 3720 quemadmodum

2036 3745 2232 3816 absque
2275 3759 2439 3797 causa
2483 3758 2616 3807 esse,
2658 3742 2825 3797 solius
2874 3740 3054 3797 Pa'ris
3103 3734 3221 3797 cum
3273 3744 3342 3797 sit
3376 3739 3522 3797 Filio
3570 3753 3621 3798 et

2035 3835 2266 3906 Spiritui
2298 3836 2548 3906 adap'ari
2597 3835 2798 3905 nequit,
2853 3836 2931 3889 sic
2978 3845 3162 3889 contra
3207 3850 3273 3889 ex
3308 3852 3474 3890 causa
3512 3852 3624 3891 esse

2033 3930 2174 4000 quod
2202 3937 2280 3984 est
2311 3931 2582 3999 proprium
2610 3926 2739 3982 Filii
2770 3938 2819 3981 et
2856 3926 3093 3998 Spiritus
3133 3930 3329 3994 sancti,
3362 3929 3425 3984 de
3461 3927 3623 3984 Patre

2034 4023 2365 4078 considerari
2408 4021 2643 4077 alienant
2690 4030 2767 4075 est
2801 4037 2833 4074 a
2873 4029 3092 4075 natura.
3130 4020 3262 4076 Cum
3310 4036 3621 4076 ueracem-

2033 4131 2192 4169 muue
2238 4116 2310 4170 sit
2359 4112 2505 4170 Filia
2544 4125 2593 4170 et
2644 4112 2870 4195 Spiritui
2919 4114 3179 4185 ingenitas
3232 4130 3334 4168 non
3383 4128 3513 4179 esse,
3558 4130 3621 4168 ne

2032 4206 2276 4277 confusio
2334 4209 2478 4261 circa
2529 4206 2821 4276 subjectum
2867 4204 3249 4273 consideretur,
3306 4221 3492 4261 rursus
3545 4213 3647 4260 est,

2033 4300 2193 4372 facile
2232 4317 2417 4358 eorum
2453 4302 2505 4355 in
2533 4299 2948 4372 proprietatibus
2976 4300 3263 4355 discrimen
3292 4300 3649 4366 adinvenire,

2033 4405 2089 4449 ut
2122 4403 2172 4449 et
2200 4410 2473 4448 commune
2503 4402 2858 4460 conservetur,
2881 4404 2930 4448 et
2954 4394 3230 4464 proprium
3257 4408 3361 4446 non
3388 4394 3619 4463 confuna.

337 4466 593 4537 ἄμικτον
625 4468 744 4536 τὴν
770 4470 842 4557 ἐν
874 4470 999 4538 τοῖς
1038 4470 1361 4542 ιδιὼμασιν
1398 4473 1600 4528 αὐτῶν
1634 4474 1935 4547 διαφορὰν

2038 4488 2218 4543 datur.
2260 4488 2385 4542 Hatc
2430 4484 2732 4557 Gregorius
2790 4486 2878 4541 hic
2932 4486 2986 4540 in
3036 4485 3358 4557 theologicis
3405 4501 3469 4540 ac
3517 4487 3624 4541 d0-

336 4559 629 4629 ἐξευρεῖν,
656 4562 737 4629 ὡς
766 4552 843 4616 ἂν
876 4563 974 4617 καὶ
1004 4563 1070 4617 τό
1111 4567 1321 4620 κοινὸν
1342 4568 1708 4637 φυλαχθείη,
1733 4567 1834 4623 καὶ
1862 4569 1929 4624 τὸ

338 4655 498 4709 ῐδιον
550 4654 637 4724 μὴ
683 4657 1041 4726 συγχυθείη.
1103 4658 1292 4713 Ταῦτα
1352 4660 1655 4734 Γρηγόριος
1697 4655 1857 4727 οὗτος
1903 4666 1932 4717 ό

340 4745 509 4808 πολὺς
557 4747 615 4798 ἐν
667 4745 919 4817 θεολογίᾳ
955 4747 1052 4799 καὶ
1092 4747 1331 4820 δόγμασι
1405 4751 1791 4824 διαλαμϐάνων
1836 4753 1932 4808 καὶ

340 4835 632 4901 συντιθεὶς,
682 4838 743 4892 τὸ
798 4838 1038 4893 ἀναίτιόν
1098 4856 1159 4893 τε
1217 4843 1313 4894 καὶ
1362 4843 1424 4895 τὸ
1467 4843 1530 4909 ἐξ
1569 4845 1750 4910 αἰτίας
1776 4826 1927 4918 ὲντῇ

337 4929 608 5001 θεαρχικῇ
633 4929 822 5002 Τριάδι
849 4930 1113 5001 διαφορὰν
1137 4932 1308 5003 μόνην
1335 4931 1541 4994 δίδωσι.
1583 4935 1643 4989 τὸ
1708 4938 1807 5009 μὲν
1846 4938 1931 4992 al-

335 5021 460 5086 τίας
490 5023 659 5093 χωρὶς
694 5024 1019 5094 προσνέμων
1042 5024 1120 5095 τῷ
1162 5026 1357 5096 Πατρῖ,
1388 5024 1467 5098 τῷ
1488 5026 1534 5080 δ’
1565 5028 1625 5095 ἐξ
1651 5032 1830 5096 αἰτίας
1852 5031 1932 5103 τῷ

338 5114 457 5187 Υἱῷ
495 5116 591 5169 καὶ
613 5115 691 5187 τῷ
722 5115 1023 5186 Πνεύματι.
1077 5117 1249 5173 Πάλιν
1273 5116 1329 5172 δὲ
1359 5120 1454 5171 καὶ
1492 5119 1702 5184 τούτοις
1734 5122 1810 5186 ὡς
1861 5122 1930 5176 ἂν

338 5208 575 5277 ἄμικτον
626 5207 855 5295 παρέξει
899 5208 1185 5281 διαφορὰν,
1209 5208 1506 5265 κάντεῦθεν
1530 5210 1593 5264 τὸ
1638 5211 1681 5265 Τ
1687 5212 1929 5283 ριαδικδν

337 5302 641 5372 φυλαχθείη
676 5299 784 5354 τῶν
812 5301 1169 5356 ὐποστάσεων
1209 5305 1290 5365 εἰς
1339 5302 1436 5356 δύο
1466 5303 1691 5374 διαιρῶν
1743 5303 1807 5359 τὸ
1869 5302 1931 5371 ἐξ

337 5394 518 5457 oti-ia;
572 5393 921 5464 θεοπρεπῶς,
985 5393 1129 5447 οὕτω
1199 5394 1496 5465 φθέγγεται
1520 5396 1617 5469 τὴν
1664 5396 1930 5469 διαφορὰν

335 5486 706 5562 ἐξηγούμενος
737 5504 750 5520 ο
798 5488 851 5540 '0
889 5486 996 5556 γὰρ
1022 5488 1362 5558 μονογενὴς
1401 5490 1532 5556 Υἱὸς
1562 5489 1631 5544 ἐκ
1678 5490 1785 5545 τοῦ
1812 5493 1930 5545 Πα-

336 5580 474 5647 τρὸ(
521 5580 682 5647 παρὰ
710 5577 813 5648 τῆς
866 5579 1041 5648 ἁγίας
1083 5579 1332 5649 Γραφῆς
1398 5581 1769 5650 ὀνομάζεται,
1832 5584 1929 5637 καὶ

327 5675 504 5742 μέχρι
528 5671 743 5725 τούτου
782 5674 815 5725 ό
852 5675 1034 5741 λόγος
1064 5673 1314 5739 ἵστησιν
1369 5672 1529 5739 αὐτῷ
1580 5674 1648 5728 τὸ
1697 5673 1925 5745 ἰδίωμα.

340 5764 413 5818 Td
450 5762 518 5815 se
539 5761 712 5831 ἅγιον
751 5764 993 5832 Πνεῦμα
1027 5765 1123 5817 καὶ
1160 5766 1229 5818 ἐκ
1264 5765 1369 5819 τοῦ
1404 5768 1633 5835 Πατρός
1666 5767 1923 5836 λέγεταπ

334 5855 429 5909 καὶ
461 5856 528 5908 ἐκ
570 5854 673 5911 τοῦ
715 5856 848 5909 Υίοῦ
885 5854 1035 5910 εἶναι
1066 5858 1626 5925 ,πίοσμαρτυρεῖταμ
1692 5864 1754 5915 'l'i
1802 5868 1923 5917 του-

2032 4587 2216 4650 gmate
2244 4577 2606 4648 conspicuus,
2643 4586 2911 4644 tractans,
2952 4586 3008 4633 et
3033 4593 3374 4649 componens
3409 4578 3622 4649 absque

2033 4684 2202 4724 causa
2240 4682 2383 4734 esse,
2415 4679 2469 4725 et
2499 4684 2563 4723 ex
2598 4684 2767 4725 causa
2792 4683 2918 4725 esse
2950 4668 3005 4724 in
3029 4667 3339 4724 divinitatis
3371 4668 3621 4739 principe

2034 4761 2233 4818 Triade
2295 4761 2666 4818 differentiam
2720 4763 2893 4819 solam
2948 4763 3220 4831 agnoscit,
3277 4761 3408 4817 illud
3469 4761 3619 4832 quod

2034 4856 2246 4927 absque
2278 4871 2447 4913 causa
2500 4865 2585 4912 est
2628 4857 2777 4912 Patri
2809 4855 3144 4921 attribuens,
3172 4853 3320 4926 quod
3352 4870 3419 4911 ex
3452 4870 3628 4913 causa.

2032 4958 2140 5014 est,
2174 4946 2315 5003 Filio
2343 4957 2399 5002 ct
2434 4946 2689 5017 Spiritui.
2731 4945 3059 5017 Rursusque
3096 4947 3182 5002 bis
3209 4946 3528 5014 postremis,
3561 4956 3626 5003 ut

2034 5037 2377 5096 inconiusam
2408 5037 2769 5094 diﬁcrentiam
2816 5039 3091 5101 exhibeat.
3138 5046 3193 5094 et
3222 5037 3347 5094 inde
3374 5036 3618 5093 Trinitas

2036 5130 2405 5205 hyposlaseOn
2453 5141 2833 5195 conservetur,
2877 5131 3011 5187 illud
3046 5131 3192 5201 quod
3221 5147 3292 5187 ex
3315 5145 3478 5185 causa
3510 5141 3616 5197 est,

2034 5233 2094 5278 ut
2136 5235 2318 5278 tamen
2368 5222 2481 5278 Deo
2515 5223 2796 5291 convertit,
2844 5224 3226 5290 subdividens,
3259 5232 3313 5279 et
3360 5222 3618 5279 diﬂ'ereu-

2036 5317 2167 5371 tiam
2224 5330 2531 5385 exponens,
2591 5316 2666 5371 ita
2715 5317 3039 5387 pronuntiat
3065 5316 3423 5390 :.Unigcnitus
3474 5318 3617 5372 enim

2041 5405 2213 5461 Filius
2263 5421 2327 5460 ex
2356 5404 2521 5464 Patre
2568 5423 2599 5464 α
2627 5408 2810 5461 divina
2846 5405 3130 5479 Scriptura
3164 5409 3362 5463 dicitur
3397 5419 3447 5466 et
3478 5410 3615 5464 hanc

2034 5501 2409 5571 proprietatem
2444 5500 2618 5553 oratio
2649 5515 2749 5552 non
2796 5501 3019 5554 excedit.
3073 5500 3306 5568 Spiritus
3334 5519 3451 5557 vero
3484 5519 3618 5557 san-

2034 5603 2152 5648 ctus
2207 5605 2251 5648 et
2288 5608 2354 5648 ea:
2384 5590 2551 5647 Patre
2575 5592 2795 5657 dicitur,
2824 5599 2875 5646 et
2906 5607 2969 5646 ea:
3003 5591 3141 5646 Filio
3186 5610 3298 5648 esse
3327 5596 3612 5650 astruitur.

2034 5684 2175 5752 Quid
2203 5683 2411 5741 clarius
2448 5683 2555 5741 dici
2583 5685 2763 5756 potuit
2816 5682 2886 5739 iis
2922 5683 3016 5754 qui
3063 5694 3244 5739 mente
3301 5700 3410 5740 non
3444 5687 3616 5742 \acil-

2036 5777 2188 5833 lant?
2232 5775 2375 5845 Quid
2416 5791 2601 5848 aequos
2633 5791 2753 5833 sese
2794 5776 3051 5832 exhibere
3099 5790 3208 5831 nou
3258 5776 3613 5833 renuentibus

2031 5870 2306 5926 auertitis?
2331 5868 2673 5928 Uniuenitus.
2694 5867 2789 5927 ait.
2817 5867 2984 5921 Filius
3007 5880 3073 5921 ex
3093 5866 3209 5922 solo
3234 5865 3392 5923 Patre
3410 5867 3613 5921 dicitur
