  <div class='ocr_page' id='page_1' title='image "/cluster/home/n/w/nwhite01/storage/ocr_20150623/141/coo.31924054870468/609.png"; bbox 0 0 3970 6408; ppageno 0'>
   <div class='ocr_carea' id='block_1_1' title="bbox 548 383 3706 483">
    <p class='ocr_par' dir='ltr' id='par_1_1' title="bbox 548 383 3706 483">
     <span class='ocr_line' id='line_1_1' title="bbox 548 383 3706 483; baseline 0.011 -39"><span class='ocrx_word' id='word_1_1' title='bbox 548 383 678 447; x_wconf 73' lang='grc'><strong>1211</strong></span> <span class='ocrx_word' id='word_1_2' title='bbox 1569 392 1988 454; x_wconf 66' lang='lat' dir='ltr'><strong>CONSTANTI</strong></span> <span class='ocrx_word' id='word_1_3' title='bbox 2003 394 2084 456; x_wconf 78' lang='lat' dir='ltr'><strong>NI</strong></span> <span class='ocrx_word' id='word_1_4' title='bbox 2123 397 2466 462; x_wconf 85' lang='lat' dir='ltr'><strong>MELITEN</strong></span> <span class='ocrx_word' id='word_1_5' title='bbox 2477 400 2671 462; x_wconf 69' lang='lat' dir='ltr'><strong>[OT/i3</strong></span> <span class='ocrx_word' id='word_1_6' title='bbox 3602 410 3706 483; x_wconf 67' lang='lat' dir='ltr'><strong>iiii</strong></span> 
     </span>
    </p>
   </div>
   <div class='ocr_carea' id='block_1_2' title="bbox 545 495 2113 583">
    <p class='ocr_par' dir='ltr' id='par_1_2' title="bbox 545 495 2113 571">
     <span class='ocr_line' id='line_1_2' title="bbox 545 495 2113 571; baseline 0.007 -24"><span class='ocrx_word' id='word_1_7' title='bbox 545 496 796 558; x_wconf 77' lang='lat' dir='ltr'><strong>addecet,</strong></span> <span class='ocrx_word' id='word_1_8' title='bbox 835 495 920 550; x_wconf 86' lang='lat' dir='ltr'><strong>hic</strong></span> <span class='ocrx_word' id='word_1_9' title='bbox 954 495 1305 552; x_wconf 88' lang='lat' dir='ltr'><strong>recitabimus</strong></span> <span class='ocrx_word' id='word_1_10' title='bbox 1333 514 1346 551; x_wconf 89' lang='lat'><strong>:</strong></span> <span class='ocrx_word' id='word_1_11' title='bbox 1378 506 1436 552; x_wconf 94' lang='lat' dir='ltr'><strong>ut</strong></span> <span class='ocrx_word' id='word_1_12' title='bbox 1466 498 1623 568; x_wconf 87' lang='lat' dir='ltr'><strong>copia</strong></span> <span class='ocrx_word' id='word_1_13' title='bbox 1653 502 1856 571; x_wconf 88' lang='lat' dir='ltr'><strong>scripto</strong></span> <span class='ocrx_word' id='word_1_14' title='bbox 1888 504 2113 557; x_wconf 80' lang='lat' dir='ltr'><strong>tradita-</strong></span> 
     </span>
    </p>
   </div>
   <div class='ocr_carea' id='block_1_3' title="bbox 2138 495 3706 583">
    <p class='ocr_par' dir='ltr' id='par_1_3' title="bbox 2141 505 3706 583">
     <span class='ocr_line' id='line_1_3' title="bbox 2141 505 3706 583; baseline 0.011 -26"><span class='ocrx_word' id='word_1_15' title='bbox 2141 511 2180 567; x_wconf 78' lang='grc' dir='ltr'><strong>Α</strong></span> <span class='ocrx_word' id='word_1_16' title='bbox 2217 505 2454 576; x_wconf 80' lang='grc' dir='ltr'><strong>θήσομεν</strong></span> <span class='ocrx_word' id='word_1_17' title='bbox 2483 547 2498 572; x_wconf 92' lang='grc'><strong>,</strong></span> <span class='ocrx_word' id='word_1_18' title='bbox 2520 509 2597 570; x_wconf 80' lang='grc' dir='ltr'><strong>ὡς</strong></span> <span class='ocrx_word' id='word_1_19' title='bbox 2629 509 2696 561; x_wconf 77' lang='grc' dir='ltr'>ἂν</span> <span class='ocrx_word' id='word_1_20' title='bbox 2721 507 2786 563; x_wconf 80' lang='grc' dir='ltr'>ἐκ</span> <span class='ocrx_word' id='word_1_21' title='bbox 2817 507 3132 580; x_wconf 75' lang='grc' dir='ltr'>περιουσίας</span> <span class='ocrx_word' id='word_1_22' title='bbox 3180 509 3282 564; x_wconf 83' lang='grc' dir='ltr'><strong>τῶν</strong></span> <span class='ocrx_word' id='word_1_23' title='bbox 3316 515 3570 583; x_wconf 61' lang='grc' dir='ltr'>γραφικιῖη</span> <span class='ocrx_word' id='word_1_24' title='bbox 3608 521 3706 573; x_wconf 75' lang='grc' dir='ltr'>τού-</span> 
     </span>
    </p>
   </div>
   <div class='ocr_carea' id='block_1_4' title="bbox 543 587 2111 669">
    <p class='ocr_par' dir='ltr' id='par_1_4' title="bbox 543 587 2108 664">
     <span class='ocr_line' id='line_1_4' title="bbox 543 587 2108 664; baseline 0.007 -26"><span class='ocrx_word' id='word_1_25' title='bbox 543 600 663 638; x_wconf 89' lang='lat' dir='ltr'><strong>rum</strong></span> <span class='ocrx_word' id='word_1_26' title='bbox 706 588 1093 641; x_wconf 88' lang='lat' dir='ltr'><strong>auctoritatum</strong></span> <span class='ocrx_word' id='word_1_27' title='bbox 1138 587 1577 643; x_wconf 75' lang='lat' dir='ltr'><strong>adversariorum</strong></span> <span class='ocrx_word' id='word_1_28' title='bbox 1619 605 1714 645; x_wconf 88' lang='lat' dir='ltr'><strong>ora</strong></span> <span class='ocrx_word' id='word_1_29' title='bbox 1744 607 1974 662; x_wconf 86' lang='lat' dir='ltr'><strong>prorsus</strong></span> <span class='ocrx_word' id='word_1_30' title='bbox 2007 609 2108 664; x_wconf 87' lang='lat' dir='ltr'><strong>op-</strong></span> 
     </span>
    </p>
   </div>
   <div class='ocr_carea' id='block_1_5' title="bbox 2141 587 3709 669">
    <p class='ocr_par' dir='ltr' id='par_1_5' title="bbox 2211 597 3709 669">
     <span class='ocr_line' id='line_1_5' title="bbox 2211 597 3709 669; baseline 0.01 -22"><span class='ocrx_word' id='word_1_31' title='bbox 2211 613 2317 648; x_wconf 80' lang='grc' dir='ltr'><strong>των</strong></span> <span class='ocrx_word' id='word_1_32' title='bbox 2346 597 2660 668; x_wconf 85' lang='grc' dir='ltr'>μαρτυριῶν</span> <span class='ocrx_word' id='word_1_33' title='bbox 2686 598 2993 669; x_wconf 77' lang='grc' dir='ltr'><strong>ὁλοκλήρως</strong></span> <span class='ocrx_word' id='word_1_34' title='bbox 3025 599 3093 654; x_wconf 76' lang='grc' dir='ltr'>τὰ</span> <span class='ocrx_word' id='word_1_35' title='bbox 3147 601 3377 668; x_wconf 84' lang='grc' dir='ltr'>στόματα</span> <span class='ocrx_word' id='word_1_36' title='bbox 3423 606 3520 657; x_wconf 82' lang='grc' dir='ltr'><strong>τῶν</strong></span> <span class='ocrx_word' id='word_1_37' title='bbox 3553 607 3709 663; x_wconf 78' lang='grc' dir='ltr'>ἀντιδι-</span> 
     </span>
    </p>
   </div>
   <div class='ocr_carea' id='block_1_6' title="bbox 542 675 2110 768">
    <p class='ocr_par' dir='ltr' id='par_1_6' title="bbox 542 675 2106 752">
     <span class='ocr_line' id='line_1_6' title="bbox 542 675 2106 752; baseline 0.008 -24"><span class='ocrx_word' id='word_1_38' title='bbox 542 675 860 744; x_wconf 85' lang='lat' dir='ltr'><strong>primamus.</strong></span> <span class='ocrx_word' id='word_1_39' title='bbox 897 676 1114 732; x_wconf 85' lang='lat' dir='ltr'><strong>Primus</strong></span> <span class='ocrx_word' id='word_1_40' title='bbox 1141 678 1324 748; x_wconf 87' lang='lat' dir='ltr'><strong>itaque</strong></span> <span class='ocrx_word' id='word_1_41' title='bbox 1356 680 1616 734; x_wconf 77' lang='lat' dir='ltr'><strong>Ecclesia:</strong></span> <span class='ocrx_word' id='word_1_42' title='bbox 1639 681 1819 734; x_wconf 84' lang='lat' dir='ltr'><strong>lumen</strong></span> <span class='ocrx_word' id='word_1_43' title='bbox 1843 681 2106 752; x_wconf 79' lang='lat' dir='ltr'><strong>Joannes,</strong></span> 
     </span>
    </p>
   </div>
   <div class='ocr_carea' id='block_1_7' title="bbox 2143 675 3711 768">
    <p class='ocr_par' dir='ltr' id='par_1_7' title="bbox 2213 686 3711 768">
     <span class='ocr_line' id='line_1_7' title="bbox 2213 686 3711 768; baseline 0.009 -31"><span class='ocrx_word' id='word_1_44' title='bbox 2213 686 2451 740; x_wconf 82' lang='grc' dir='ltr'>κούντων</span> <span class='ocrx_word' id='word_1_45' title='bbox 2485 688 2881 759; x_wconf 76' lang='grc' dir='ltr'>ὲμφράξωμεν.</span> <span class='ocrx_word' id='word_1_46' title='bbox 2916 687 3119 742; x_wconf 76' lang='grc' dir='ltr'>Αὐτίκα</span> <span class='ocrx_word' id='word_1_47' title='bbox 3147 689 3275 757; x_wconf 82' lang='grc' dir='ltr'>γοῦν</span> <span class='ocrx_word' id='word_1_48' title='bbox 3322 693 3348 742; x_wconf 82' lang='grc' dir='ltr'><strong>ὁ</strong></span> <span class='ocrx_word' id='word_1_49' title='bbox 3386 693 3479 762; x_wconf 82' lang='grc' dir='ltr'>τῆς·</span> <span class='ocrx_word' id='word_1_50' title='bbox 3529 695 3711 768; x_wconf 71' lang='grc' dir='ltr'>Ἐκκληι</span> 
     </span>
    </p>
   </div>
   <div class='ocr_carea' id='block_1_8' title="bbox 541 768 2109 854">
    <p class='ocr_par' dir='ltr' id='par_1_8' title="bbox 541 768 2109 843">
     <span class='ocr_line' id='line_1_8' title="bbox 541 768 2109 843; baseline 0.006 -21"><span class='ocrx_word' id='word_1_51' title='bbox 541 769 756 822; x_wconf 87' lang='lat' dir='ltr'><strong>eminus</strong></span> <span class='ocrx_word' id='word_1_52' title='bbox 786 768 1079 837; x_wconf 83' lang='lat' dir='ltr'><strong>splendens</strong></span> <span class='ocrx_word' id='word_1_53' title='bbox 1125 785 1188 822; x_wconf 87' lang='lat' dir='ltr'><strong>ac</strong></span> <span class='ocrx_word' id='word_1_54' title='bbox 1216 771 1374 840; x_wconf 79' lang='lat' dir='ltr'><strong>ignea</strong></span> <span class='ocrx_word' id='word_1_55' title='bbox 1413 787 1591 834; x_wconf 88' lang='lat' dir='ltr'><strong>mens,</strong></span> <span class='ocrx_word' id='word_1_56' title='bbox 1633 773 1814 843; x_wconf 75' lang='lat' dir='ltr'><strong>lingua</strong></span> <span class='ocrx_word' id='word_1_57' title='bbox 1861 775 2022 830; x_wconf 86' lang='lat' dir='ltr'><strong>simul</strong></span> <span class='ocrx_word' id='word_1_58' title='bbox 2055 784 2109 831; x_wconf 91' lang='lat' dir='ltr'><strong>et</strong></span> 
     </span>
    </p>
   </div>
   <div class='ocr_carea' id='block_1_9' title="bbox 2145 768 3713 854">
    <p class='ocr_par' dir='ltr' id='par_1_9' title="bbox 2213 775 3713 854">
     <span class='ocr_line' id='line_1_9' title="bbox 2213 775 3713 854; baseline 0.005 -26"><span class='ocrx_word' id='word_1_59' title='bbox 2213 775 2332 840; x_wconf 84' lang='grc' dir='ltr'>σίας</span> <span class='ocrx_word' id='word_1_60' title='bbox 2365 777 2590 846; x_wconf 81' lang='grc' dir='ltr'><strong>φωστὴρ</strong></span> <span class='ocrx_word' id='word_1_61' title='bbox 2633 777 2905 848; x_wconf 81' lang='grc' dir='ltr'><strong>Ἰωάννης,</strong></span> <span class='ocrx_word' id='word_1_62' title='bbox 2931 777 3022 829; x_wconf 86' lang='grc' dir='ltr'>τδν</span> <span class='ocrx_word' id='word_1_63' title='bbox 3050 777 3288 846; x_wconf 78' lang='grc' dir='ltr'><strong>τηλαυγῆ</strong></span> <span class='ocrx_word' id='word_1_64' title='bbox 3312 779 3444 846; x_wconf 85' lang='grc' dir='ltr'>λέγω</span> <span class='ocrx_word' id='word_1_65' title='bbox 3478 783 3559 834; x_wconf 77' lang='grc' dir='ltr'>καὶ</span> <span class='ocrx_word' id='word_1_66' title='bbox 3585 784 3713 854; x_wconf 73' lang='grc' dir='ltr'>πύρι-</span> 
     </span>
    </p>
   </div>
   <div class='ocr_carea' id='block_1_10' title="bbox 541 859 2109 942">
    <p class='ocr_par' dir='ltr' id='par_1_10' title="bbox 541 859 2108 924">
     <span class='ocr_line' id='line_1_10' title="bbox 541 859 2108 924; baseline 0.005 -11"><span class='ocrx_word' id='word_1_67' title='bbox 541 859 700 913; x_wconf 77' lang='lat' dir='ltr'><strong>labiis</strong></span> <span class='ocrx_word' id='word_1_68' title='bbox 738 875 960 924; x_wconf 79' lang='lat' dir='ltr'><strong>aureus,</strong></span> <span class='ocrx_word' id='word_1_69' title='bbox 1011 869 1125 914; x_wconf 84' lang='lat' dir='ltr'><strong>tum</strong></span> <span class='ocrx_word' id='word_1_70' title='bbox 1181 864 1428 914; x_wconf 77' lang='lat' dir='ltr'><strong>oratione</strong></span> <span class='ocrx_word' id='word_1_71' title='bbox 1467 865 1532 916; x_wconf 89' lang='lat' dir='ltr'><strong>dc</strong></span> <span class='ocrx_word' id='word_1_72' title='bbox 1579 863 1956 920; x_wconf 79' lang='lat' dir='ltr'><strong>incarnatione</strong></span> <span class='ocrx_word' id='word_1_73' title='bbox 1999 866 2108 921; x_wconf 82' lang='lat' dir='ltr'><strong>Do-</strong></span> 
     </span>
    </p>
   </div>
   <div class='ocr_carea' id='block_1_11' title="bbox 2145 859 3713 942">
    <p class='ocr_par' dir='ltr' id='par_1_11' title="bbox 2210 866 3713 942">
     <span class='ocr_line' id='line_1_11' title="bbox 2210 866 3713 942; baseline 0.004 -23"><span class='ocrx_word' id='word_1_74' title='bbox 2210 883 2297 920; x_wconf 83' lang='lat' dir='ltr'><strong>vov</strong></span> <span class='ocrx_word' id='word_1_75' title='bbox 2319 866 2463 931; x_wconf 81' lang='grc' dir='ltr'>νοῦν,</span> <span class='ocrx_word' id='word_1_76' title='bbox 2490 868 2580 920; x_wconf 81' lang='grc' dir='ltr'>τὸν</span> <span class='ocrx_word' id='word_1_77' title='bbox 2606 867 2704 938; x_wconf 80' lang='grc' dir='ltr'>τὴν</span> <span class='ocrx_word' id='word_1_78' title='bbox 2739 867 2982 936; x_wconf 83' lang='grc' dir='ltr'>γλῶτταν</span> <span class='ocrx_word' id='word_1_79' title='bbox 3008 868 3142 937; x_wconf 79' lang='grc' dir='ltr'>ὁμοῦ</span> <span class='ocrx_word' id='word_1_80' title='bbox 3175 869 3267 922; x_wconf 75' lang='grc' dir='ltr'>καὶ</span> <span class='ocrx_word' id='word_1_81' title='bbox 3309 870 3373 922; x_wconf 70' lang='grc' dir='ltr'><strong>τὰ</strong></span> <span class='ocrx_word' id='word_1_82' title='bbox 3419 872 3556 940; x_wconf 82' lang='grc' dir='ltr'>χείλη</span> <span class='ocrx_word' id='word_1_83' title='bbox 3609 889 3713 942; x_wconf 83' lang='grc' dir='ltr'>χρυ-</span> 
     </span>
    </p>
   </div>
   <div class='ocr_carea' id='block_1_12' title="bbox 537 949 2105 1030">
    <p class='ocr_par' dir='ltr' id='par_1_12' title="bbox 537 949 2105 1027">
     <span class='ocr_line' id='line_1_12' title="bbox 537 949 2105 1027; baseline 0.005 -27"><span class='ocrx_word' id='word_1_84' title='bbox 537 949 693 1012; x_wconf 78' lang='lat' dir='ltr'><strong>mini,</strong></span> <span class='ocrx_word' id='word_1_85' title='bbox 760 959 815 1004; x_wconf 89' lang='lat' dir='ltr'><strong>et</strong></span> <span class='ocrx_word' id='word_1_86' title='bbox 873 953 924 1004; x_wconf 90' lang='lat' dir='ltr'><strong>in</strong></span> <span class='ocrx_word' id='word_1_87' title='bbox 969 953 1099 1005; x_wconf 83' lang='lat' dir='ltr'><strong>illud</strong></span> <span class='ocrx_word' id='word_1_88' title='bbox 1138 969 1150 1005; x_wconf 89' lang='lat'>:</span> <span class='ocrx_word' id='word_1_89' title='bbox 1186 952 1248 1005; x_wconf 87' lang='lat' dir='ltr'><strong>In</strong></span> <span class='ocrx_word' id='word_1_90' title='bbox 1299 954 1522 1022; x_wconf 75' lang='lat' dir='ltr'><strong>singulis</strong></span> <span class='ocrx_word' id='word_1_91' title='bbox 1580 956 1878 1025; x_wconf 72' lang='lat' dir='ltr'><strong>regionibus</strong></span> <span class='ocrx_word' id='word_1_92' title='bbox 1935 959 2105 1027; x_wconf 79' lang='lat' dir='ltr'><strong>angeli</strong></span> 
     </span>
    </p>
   </div>
   <div class='ocr_carea' id='block_1_13' title="bbox 2147 949 3715 1030">
    <p class='ocr_par' dir='ltr' id='par_1_13' title="bbox 2213 956 3715 1030">
     <span class='ocr_line' id='line_1_13' title="bbox 2213 956 3715 1030; baseline 0.006 -23"><span class='ocrx_word' id='word_1_93' title='bbox 2213 956 2358 1019; x_wconf 80' lang='grc' dir='ltr'>σοῦν,</span> <span class='ocrx_word' id='word_1_94' title='bbox 2386 958 2442 1010; x_wconf 81' lang='grc' dir='ltr'>ὲν</span> <span class='ocrx_word' id='word_1_95' title='bbox 2473 957 2570 1026; x_wconf 77' lang='grc' dir='ltr'>μὲν</span> <span class='ocrx_word' id='word_1_96' title='bbox 2596 958 2672 1026; x_wconf 79' lang='grc' dir='ltr'><strong>τῷ</strong></span> <span class='ocrx_word' id='word_1_97' title='bbox 2703 959 2865 1027; x_wconf 81' lang='grc' dir='ltr'>λόγῳ,</span> <span class='ocrx_word' id='word_1_98' title='bbox 2897 959 2973 1025; x_wconf 83' lang='grc' dir='ltr'>τῷ</span> <span class='ocrx_word' id='word_1_99' title='bbox 3001 961 3079 1020; x_wconf 78' lang='grc' dir='ltr'>είς</span> <span class='ocrx_word' id='word_1_100' title='bbox 3107 958 3204 1026; x_wconf 80' lang='grc' dir='ltr'>τὴν</span> <span class='ocrx_word' id='word_1_101' title='bbox 3221 958 3628 1030; x_wconf 82' lang='grc' dir='ltr'>Ἐνανθρώπησιν</span> <span class='ocrx_word' id='word_1_102' title='bbox 3646 964 3715 1016; x_wconf 81' lang='grc' dir='ltr'><strong>τοῦ</strong></span> 
     </span>
    </p>
   </div>
   <div class='ocr_carea' id='block_1_14' title="bbox 537 1039 2105 1119">
    <p class='ocr_par' dir='ltr' id='par_1_14' title="bbox 537 1039 2105 1106">
     <span class='ocr_line' id='line_1_14' title="bbox 537 1039 2105 1106; baseline 0.007 -13"><span class='ocrx_word' id='word_1_103' title='bbox 537 1039 810 1106; x_wconf 65' lang='lat' dir='ltr'><strong>astabant,</strong></span> <span class='ocrx_word' id='word_1_104' title='bbox 867 1043 948 1096; x_wconf 91' lang='lat' dir='ltr'><strong>sic</strong></span> <span class='ocrx_word' id='word_1_105' title='bbox 1001 1044 1192 1096; x_wconf 56' lang='lat' dir='ltr'><strong>s&#39;rilnit</strong></span> <span class='ocrx_word' id='word_1_106' title='bbox 1237 1061 1251 1095; x_wconf 70' lang='grc' dir='ltr'><strong>ι</strong></span> <span class='ocrx_word' id='word_1_107' title='bbox 1302 1044 1532 1098; x_wconf 85' lang='lat' dir='ltr'><strong>Accessit</strong></span> <span class='ocrx_word' id='word_1_108' title='bbox 1578 1043 1820 1102; x_wconf 74' lang='lat' dir='ltr'><strong>Christus</strong></span> <span class='ocrx_word' id='word_1_109' title='bbox 1873 1050 1940 1100; x_wconf 85' lang='lat' dir='ltr'><strong>ad</strong></span> <span class='ocrx_word' id='word_1_110' title='bbox 1994 1067 2105 1104; x_wconf 87' lang='lat' dir='ltr'><strong>nos.</strong></span> 
     </span>
    </p>
   </div>
   <div class='ocr_carea' id='block_1_15' title="bbox 2150 1039 3718 1119">
    <p class='ocr_par' dir='ltr' id='par_1_15' title="bbox 2213 1046 3718 1119">
     <span class='ocr_line' id='line_1_15' title="bbox 2213 1046 3718 1119; baseline 0.005 -20"><span class='ocrx_word' id='word_1_111' title='bbox 2213 1046 2436 1115; x_wconf 81' lang='grc' dir='ltr'><strong>Κυρίου,</strong></span> <span class='ocrx_word' id='word_1_112' title='bbox 2458 1048 2550 1100; x_wconf 83' lang='grc' dir='ltr'>καὶ</span> <span class='ocrx_word' id='word_1_113' title='bbox 2574 1049 2655 1108; x_wconf 84' lang='grc' dir='ltr'>είς</span> <span class='ocrx_word' id='word_1_114' title='bbox 2678 1049 2756 1110; x_wconf 76' lang='grc' dir='ltr'><strong>τὸ,</strong></span> <span class='ocrx_word' id='word_1_115' title='bbox 2806 1050 3057 1116; x_wconf 66' lang='grc' dir='ltr'>κλίματι</span> <span class='ocrx_word' id='word_1_116' title='bbox 3079 1047 3312 1114; x_wconf 71' lang='grc' dir='ltr'>ἑκάστῳ</span> <span class='ocrx_word' id='word_1_117' title='bbox 3350 1048 3565 1119; x_wconf 73' lang='grc' dir='ltr'>ἄγγελοι</span> <span class='ocrx_word' id='word_1_118' title='bbox 3590 1051 3718 1119; x_wconf 55' lang='lat' dir='ltr'><strong>ipsi.</strong></span> 
     </span>
    </p>
   </div>
   <div class='ocr_carea' id='block_1_16' title="bbox 537 1129 2105 1210">
    <p class='ocr_par' dir='ltr' id='par_1_16' title="bbox 537 1129 2105 1206">
     <span class='ocr_line' id='line_1_16' title="bbox 537 1129 2105 1206; baseline 0.007 -23"><span class='ocrx_word' id='word_1_119' title='bbox 537 1129 692 1184; x_wconf 80' lang='lat' dir='ltr'><strong>Dedit</strong></span> <span class='ocrx_word' id='word_1_120' title='bbox 754 1133 902 1186; x_wconf 81' lang='lat' dir='ltr'><strong>nobis</strong></span> <span class='ocrx_word' id='word_1_121' title='bbox 959 1135 1048 1202; x_wconf 86' lang='lat' dir='ltr'><strong>qui</strong></span> <span class='ocrx_word' id='word_1_122' title='bbox 1105 1151 1168 1188; x_wconf 76' lang='lat' dir='ltr'><strong>ex</strong></span> <span class='ocrx_word' id='word_1_123' title='bbox 1219 1136 1332 1203; x_wconf 86' lang='lat' dir='ltr'><strong>ipso</strong></span> <span class='ocrx_word' id='word_1_124' title='bbox 1399 1146 1510 1200; x_wconf 84' lang='lat' dir='ltr'><strong>est,</strong></span> <span class='ocrx_word' id='word_1_125' title='bbox 1559 1136 1855 1206; x_wconf 75' lang='lat' dir='ltr'><strong>Spiritum,</strong></span> <span class='ocrx_word' id='word_1_126' title='bbox 1911 1147 1962 1194; x_wconf 82' lang='lat' dir='ltr'><strong>et</strong></span> <span class='ocrx_word' id='word_1_127' title='bbox 2022 1158 2105 1194; x_wconf 85' lang='lat' dir='ltr'><strong>as-</strong></span> 
     </span>
    </p>
   </div>
   <div class='ocr_carea' id='block_1_17' title="bbox 2151 1129 3719 1210">
    <p class='ocr_par' dir='ltr' id='par_1_17' title="bbox 2210 1135 3719 1210">
     <span class='ocr_line' id='line_1_17' title="bbox 2210 1135 3719 1210; baseline 0.003 -21"><span class='ocrx_word' id='word_1_128' title='bbox 2210 1137 2562 1204; x_wconf 82' lang='grc' dir='ltr'>στήκεσαν,</span> <span class='ocrx_word' id='word_1_129' title='bbox 2614 1139 2784 1201; x_wconf 76' lang='grc' dir='ltr'>οὕτως</span> <span class='ocrx_word' id='word_1_130' title='bbox 2843 1139 3107 1210; x_wconf 74' lang='grc' dir='ltr'>εἴρηκενο</span> <span class='ocrx_word' id='word_1_131' title='bbox 3157 1135 3378 1195; x_wconf 71' lang='grc' dir='ltr'>Ἦλθεν</span> <span class='ocrx_word' id='word_1_132' title='bbox 3428 1143 3458 1194; x_wconf 78' lang='lat' dir='ltr'><strong>d</strong></span> <span class='ocrx_word' id='word_1_133' title='bbox 3515 1142 3719 1208; x_wconf 79' lang='grc' dir='ltr'>Χριστὸς</span> 
     </span>
    </p>
   </div>
   <div class='ocr_carea' id='block_1_18' title="bbox 532 1225 2100 1301">
    <p class='ocr_par' dir='ltr' id='par_1_18' title="bbox 532 1225 2100 1294">
     <span class='ocr_line' id='line_1_18' title="bbox 532 1225 2100 1294; baseline 0.007 -20"><span class='ocrx_word' id='word_1_134' title='bbox 532 1225 758 1290; x_wconf 79' lang='lat' dir='ltr'><strong>sumpsit</strong></span> <span class='ocrx_word' id='word_1_135' title='bbox 829 1233 1069 1276; x_wconf 82' lang='lat' dir='ltr'><strong>nostrum</strong></span> <span class='ocrx_word' id='word_1_136' title='bbox 1157 1241 1400 1294; x_wconf 87' lang='lat' dir='ltr'><strong>corpus;</strong></span> <span class='ocrx_word' id='word_1_137' title='bbox 1487 1238 1594 1282; x_wconf 85' lang='lat' dir='ltr'><strong>tum</strong></span> <span class='ocrx_word' id='word_1_138' title='bbox 1677 1229 1733 1282; x_wconf 89' lang='lat' dir='ltr'><strong>in</strong></span> <span class='ocrx_word' id='word_1_139' title='bbox 1808 1231 1916 1285; x_wconf 82' lang='lat' dir='ltr'><strong>alio</strong></span> <span class='ocrx_word' id='word_1_140' title='bbox 1993 1247 2100 1285; x_wconf 80' lang='lat' dir='ltr'><strong>ser-</strong></span> 
     </span>
    </p>
   </div>
   <div class='ocr_carea' id='block_1_19' title="bbox 2148 1225 3716 1301">
    <p class='ocr_par' dir='ltr' id='par_1_19' title="bbox 2212 1227 3716 1301">
     <span class='ocr_line' id='line_1_19' title="bbox 2212 1227 3716 1301; baseline 0.003 -22"><span class='ocrx_word' id='word_1_141' title='bbox 2212 1227 2361 1294; x_wconf 80' lang='grc' dir='ltr'>πρὸς</span> <span class='ocrx_word' id='word_1_142' title='bbox 2419 1228 2596 1295; x_wconf 77' lang='grc' dir='ltr'>ἡμᾶς,</span> <span class='ocrx_word' id='word_1_143' title='bbox 2637 1229 2860 1284; x_wconf 79' lang='grc' dir='ltr'>ἔδωκεν</span> <span class='ocrx_word' id='word_1_144' title='bbox 2891 1230 3035 1298; x_wconf 78' lang='grc' dir='ltr'>ἡμῖν</span> <span class='ocrx_word' id='word_1_145' title='bbox 3083 1231 3147 1284; x_wconf 87' lang='grc' dir='ltr'>τὸ</span> <span class='ocrx_word' id='word_1_146' title='bbox 3182 1231 3250 1295; x_wconf 76' lang='grc' dir='ltr'><strong>ἐξ</strong></span> <span class='ocrx_word' id='word_1_147' title='bbox 3273 1231 3449 1285; x_wconf 83' lang='grc' dir='ltr'>αὐτοῦ</span> <span class='ocrx_word' id='word_1_148' title='bbox 3501 1231 3716 1301; x_wconf 85' lang='grc' dir='ltr'>Πνεῦμα,</span> 
     </span>
    </p>
   </div>
   <div class='ocr_carea' id='block_1_20' title="bbox 537 1315 2105 1402">
    <p class='ocr_par' dir='ltr' id='par_1_20' title="bbox 537 1315 2105 1391">
     <span class='ocr_line' id='line_1_20' title="bbox 537 1315 2105 1391; baseline 0.006 -25"><span class='ocrx_word' id='word_1_149' title='bbox 537 1327 697 1368; x_wconf 85' lang='lat' dir='ltr'><strong>mone</strong></span> <span class='ocrx_word' id='word_1_150' title='bbox 749 1315 1142 1382; x_wconf 55' lang='lat' dir='ltr'><strong>pra‘ceptorio,</strong></span> <span class='ocrx_word' id='word_1_151' title='bbox 1210 1321 1301 1385; x_wconf 88' lang='lat' dir='ltr'><strong>qui</strong></span> <span class='ocrx_word' id='word_1_152' title='bbox 1364 1327 1416 1372; x_wconf 87' lang='lat' dir='ltr'><strong>et</strong></span> <span class='ocrx_word' id='word_1_153' title='bbox 1477 1319 1652 1387; x_wconf 88' lang='lat' dir='ltr'><strong>prima</strong></span> <span class='ocrx_word' id='word_1_154' title='bbox 1704 1323 2105 1391; x_wconf 75' lang='lat' dir='ltr'><strong>prophylactica</strong></span> 
     </span>
    </p>
   </div>
   <div class='ocr_carea' id='block_1_21' title="bbox 2151 1315 3719 1402">
    <p class='ocr_par' dir='ltr' id='par_1_21' title="bbox 2211 1317 3719 1402">
     <span class='ocr_line' id='line_1_21' title="bbox 2211 1317 3719 1402; baseline 0.005 -34"><span class='ocrx_word' id='word_1_155' title='bbox 2211 1317 2309 1368; x_wconf 76' lang='grc' dir='ltr'>καὶ</span> <span class='ocrx_word' id='word_1_156' title='bbox 2375 1318 2700 1402; x_wconf 49' lang='grc' dir='ltr'>ἁνελάὅιῗο</span> <span class='ocrx_word' id='word_1_157' title='bbox 2755 1319 2821 1372; x_wconf 79' lang='grc' dir='ltr'>τὸ</span> <span class='ocrx_word' id='word_1_158' title='bbox 2884 1320 3178 1388; x_wconf 76' lang='grc' dir='ltr'>ἡμέτερον</span> <span class='ocrx_word' id='word_1_159' title='bbox 3233 1322 3416 1390; x_wconf 87' lang='grc' dir='ltr'>σῶμα.</span> <span class='ocrx_word' id='word_1_160' title='bbox 3468 1321 3588 1375; x_wconf 75' lang='grc' dir='ltr'>Καθ’</span> <span class='ocrx_word' id='word_1_161' title='bbox 3631 1323 3719 1375; x_wconf 77' lang='grc' dir='ltr'>’ἑτε-</span> 
     </span>
    </p>
   </div>
   <div class='ocr_carea' id='block_1_22' title="bbox 533 1405 2101 1482">
    <p class='ocr_par' dir='ltr' id='par_1_22' title="bbox 533 1405 2101 1482">
     <span class='ocr_line' id='line_1_22' title="bbox 533 1405 2101 1482; baseline 0.008 -28"><span class='ocrx_word' id='word_1_162' title='bbox 533 1405 711 1458; x_wconf 77' lang='lat' dir='ltr'><strong>oratio</strong></span> <span class='ocrx_word' id='word_1_163' title='bbox 740 1406 1056 1460; x_wconf 69' lang='lat' dir='ltr'><strong>inscribitur</strong></span> <span class='ocrx_word' id='word_1_164' title='bbox 1093 1425 1107 1462; x_wconf 89' lang='lat'><strong>:</strong></span> <span class='ocrx_word' id='word_1_165' title='bbox 1150 1406 1216 1460; x_wconf 85' lang='lat' dir='ltr'><strong>Et</strong></span> <span class='ocrx_word' id='word_1_166' title='bbox 1245 1411 1320 1461; x_wconf 84' lang='lat' dir='ltr'><strong>sic</strong></span> <span class='ocrx_word' id='word_1_167' title='bbox 1353 1425 1444 1462; x_wconf 85' lang='lat' dir='ltr'><strong>nos</strong></span> <span class='ocrx_word' id='word_1_168' title='bbox 1470 1419 1659 1473; x_wconf 84' lang='lat' dir='ltr'><strong>servat,</strong></span> <span class='ocrx_word' id='word_1_169' title='bbox 1691 1412 1766 1464; x_wconf 90' lang='lat' dir='ltr'><strong>ait</strong></span> <span class='ocrx_word' id='word_1_170' title='bbox 1795 1455 1810 1477; x_wconf 92' lang='lat'><strong>,</strong></span> <span class='ocrx_word' id='word_1_171' title='bbox 1856 1412 2101 1482; x_wconf 73' lang='lat' dir='ltr'><strong>Spiritus,</strong></span> 
     </span>
    </p>
   </div>
   <div class='ocr_carea' id='block_1_23' title="bbox 2151 1405 3719 1482">
    <p class='ocr_par' dir='ltr' id='par_1_23' title="bbox 2217 1406 3719 1477">
     <span class='ocr_line' id='line_1_23' title="bbox 2217 1406 3719 1477; baseline 0.005 -22"><span class='ocrx_word' id='word_1_172' title='bbox 2217 1421 2304 1475; x_wconf 85' lang='grc' dir='ltr'><strong>ρον</strong></span> <span class='ocrx_word' id='word_1_173' title='bbox 2336 1406 2391 1457; x_wconf 79' lang='grc' dir='ltr'><strong>δέ</strong></span> <span class='ocrx_word' id='word_1_174' title='bbox 2421 1423 2482 1474; x_wconf 90' lang='grc' dir='ltr'><strong>γε</strong></span> <span class='ocrx_word' id='word_1_175' title='bbox 2512 1407 2617 1460; x_wconf 84' lang='grc' dir='ltr'><strong>τῶν</strong></span> <span class='ocrx_word' id='word_1_176' title='bbox 2645 1409 2807 1462; x_wconf 79' lang='grc' dir='ltr'>αὑτοῦ</span> <span class='ocrx_word' id='word_1_177' title='bbox 2841 1410 3014 1477; x_wconf 80' lang='grc' dir='ltr'>λόγων</span> <span class='ocrx_word' id='word_1_178' title='bbox 3041 1411 3148 1462; x_wconf 83' lang='grc' dir='ltr'>τῶν</span> <span class='ocrx_word' id='word_1_179' title='bbox 3163 1410 3620 1474; x_wconf 77' lang='grc' dir='ltr'>διδασκαλικῶν,δς</span> <span class='ocrx_word' id='word_1_180' title='bbox 3647 1413 3719 1465; x_wconf 78' lang='grc' dir='ltr'>καὶ</span> 
     </span>
    </p>
   </div>
   <div class='ocr_carea' id='block_1_24' title="bbox 533 1496 2101 1571">
    <p class='ocr_par' dir='ltr' id='par_1_24' title="bbox 533 1496 2101 1571">
     <span class='ocr_line' id='line_1_24' title="bbox 533 1496 2101 1571; baseline 0.009 -25"><span class='ocrx_word' id='word_1_181' title='bbox 533 1496 623 1565; x_wconf 86' lang='lat' dir='ltr'><strong>qui</strong></span> <span class='ocrx_word' id='word_1_182' title='bbox 649 1512 680 1548; x_wconf 89' lang='lat' dir='ltr'><strong>a</strong></span> <span class='ocrx_word' id='word_1_183' title='bbox 702 1496 908 1550; x_wconf 82' lang='lat' dir='ltr'><strong>Christo</strong></span> <span class='ocrx_word' id='word_1_184' title='bbox 931 1507 1026 1562; x_wconf 86' lang='lat' dir='ltr'><strong>est,</strong></span> <span class='ocrx_word' id='word_1_185' title='bbox 1055 1500 1106 1550; x_wconf 85' lang='lat' dir='ltr'><strong>in</strong></span> <span class='ocrx_word' id='word_1_186' title='bbox 1129 1500 1212 1552; x_wconf 85' lang='lat' dir='ltr'><strong>die</strong></span> <span class='ocrx_word' id='word_1_187' title='bbox 1244 1500 1440 1565; x_wconf 79' lang='lat' dir='ltr'><strong>futura:</strong></span> <span class='ocrx_word' id='word_1_188' title='bbox 1467 1501 1866 1571; x_wconf 80' lang='lat' dir='ltr'><strong>redemptionis.</strong></span> <span class='ocrx_word' id='word_1_189' title='bbox 1894 1503 1990 1558; x_wconf 89' lang='lat' dir='ltr'><strong>Illo</strong></span> <span class='ocrx_word' id='word_1_190' title='bbox 2018 1521 2101 1560; x_wconf 87' lang='lat' dir='ltr'><strong>eo-</strong></span> 
     </span>
    </p>
   </div>
   <div class='ocr_carea' id='block_1_25' title="bbox 2148 1496 3716 1571">
    <p class='ocr_par' dir='ltr' id='par_1_25' title="bbox 2213 1496 3716 1569">
     <span class='ocr_line' id='line_1_25' title="bbox 2213 1496 3716 1569; baseline 0.002 -19"><span class='ocrx_word' id='word_1_191' title='bbox 2213 1496 2357 1550; x_wconf 79' lang='grc' dir='ltr'>οὖτω</span> <span class='ocrx_word' id='word_1_192' title='bbox 2390 1515 2507 1561; x_wconf 83' lang='grc' dir='ltr'><strong>πως</strong></span> <span class='ocrx_word' id='word_1_193' title='bbox 2556 1499 2772 1569; x_wconf 84' lang='grc' dir='ltr'>πρῶτος</span> <span class='ocrx_word' id='word_1_194' title='bbox 2828 1499 3276 1567; x_wconf 80' lang='grc' dir='ltr'>προφυλακτικὸς</span> <span class='ocrx_word' id='word_1_195' title='bbox 3327 1500 3716 1568; x_wconf 72' lang='grc' dir='ltr'>ἐπιγέγραπται·</span> 
     </span>
    </p>
   </div>
   <div class='ocr_carea' id='block_1_26' title="bbox 531 1587 2099 1661">
    <p class='ocr_par' dir='ltr' id='par_1_26' title="bbox 531 1588 2099 1661">
     <span class='ocr_line' id='line_1_26' title="bbox 531 1588 2099 1661; baseline 0.004 -20"><span class='ocrx_word' id='word_1_196' title='bbox 531 1588 656 1641; x_wconf 89' lang='lat' dir='ltr'><strong>dem</strong></span> <span class='ocrx_word' id='word_1_197' title='bbox 683 1595 924 1656; x_wconf 89' lang='lat' dir='ltr'><strong>tempore</strong></span> <span class='ocrx_word' id='word_1_198' title='bbox 958 1589 1466 1656; x_wconf 70' lang='lat' dir='ltr'><strong>perspicacissimus</strong></span> <span class='ocrx_word' id='word_1_199' title='bbox 1511 1592 1845 1661; x_wconf 74' lang='lat' dir='ltr'><strong>Epiphanius</strong></span> <span class='ocrx_word' id='word_1_200' title='bbox 1865 1596 2099 1649; x_wconf 69' lang='lat' dir='ltr'><strong>oratione</strong></span> 
     </span>
    </p>
   </div>
   <div class='ocr_carea' id='block_1_27' title="bbox 2150 1587 3718 1661">
    <p class='ocr_par' dir='ltr' id='par_1_27' title="bbox 2217 1587 3718 1661">
     <span class='ocr_line' id='line_1_27' title="bbox 2217 1587 3718 1661; baseline 0 -19"><span class='ocrx_word' id='word_1_201' title='bbox 2217 1590 2324 1642; x_wconf 75' lang='lat' dir='ltr'><strong>Kal</strong></span> <span class='ocrx_word' id='word_1_202' title='bbox 2375 1589 2561 1655; x_wconf 83' lang='grc' dir='ltr'>οὕτως</span> <span class='ocrx_word' id='word_1_203' title='bbox 2599 1587 2759 1656; x_wconf 76' lang='grc' dir='ltr'>ἡμᾶς</span> <span class='ocrx_word' id='word_1_204' title='bbox 2791 1590 3076 1660; x_wconf 72' lang='grc' dir='ltr'>φυλάξαι,</span> <span class='ocrx_word' id='word_1_205' title='bbox 3131 1592 3287 1661; x_wconf 75' lang='grc' dir='ltr'>φησὶ,</span> <span class='ocrx_word' id='word_1_206' title='bbox 3341 1589 3406 1643; x_wconf 87' lang='grc' dir='ltr'>τὸ</span> <span class='ocrx_word' id='word_1_207' title='bbox 3434 1590 3578 1656; x_wconf 83' lang='grc' dir='ltr'>παρὰ</span> <span class='ocrx_word' id='word_1_208' title='bbox 3615 1592 3718 1657; x_wconf 82' lang='grc' dir='ltr'>Χρι-</span> 
     </span>
    </p>
   </div>
   <div class='ocr_carea' id='block_1_28' title="bbox 531 1677 2099 1753">
    <p class='ocr_par' dir='ltr' id='par_1_28' title="bbox 531 1677 2099 1753">
     <span class='ocr_line' id='line_1_28' title="bbox 531 1677 2099 1753; baseline 0.004 -23"><span class='ocrx_word' id='word_1_209' title='bbox 531 1677 808 1746; x_wconf 77' lang='lat' dir='ltr'><strong>Aucyroto</strong></span> <span class='ocrx_word' id='word_1_210' title='bbox 837 1677 999 1736; x_wconf 88' lang='lat' dir='ltr'><strong>dicta.</strong></span> <span class='ocrx_word' id='word_1_211' title='bbox 1046 1681 1220 1746; x_wconf 83' lang='lat' dir='ltr'><strong>palam</strong></span> <span class='ocrx_word' id='word_1_212' title='bbox 1254 1690 1549 1750; x_wconf 83' lang='lat' dir='ltr'><strong>aperteque</strong></span> <span class='ocrx_word' id='word_1_213' title='bbox 1581 1683 1756 1750; x_wconf 78' lang='lat' dir='ltr'><strong>inquit</strong></span> <span class='ocrx_word' id='word_1_214' title='bbox 1780 1700 1794 1736; x_wconf 86' lang='lat'><strong>:</strong></span> <span class='ocrx_word' id='word_1_215' title='bbox 1820 1685 1908 1736; x_wconf 74' lang='lat' dir='ltr'><strong>Ait</strong></span> <span class='ocrx_word' id='word_1_216' title='bbox 1937 1686 2099 1753; x_wconf 66' lang='lat' dir='ltr'><strong>itaque</strong></span> 
     </span>
    </p>
   </div>
   <div class='ocr_carea' id='block_1_29' title="bbox 2151 1677 3719 1753">
    <p class='ocr_par' dir='ltr' id='par_1_29' title="bbox 2213 1679 3719 1750">
     <span class='ocr_line' id='line_1_29' title="bbox 2213 1679 3719 1750; baseline 0.001 -18"><span class='ocrx_word' id='word_1_217' title='bbox 2213 1679 2366 1733; x_wconf 88' lang='grc' dir='ltr'>στοῦ</span> <span class='ocrx_word' id='word_1_218' title='bbox 2426 1680 2668 1749; x_wconf 79' lang='grc' dir='ltr'><em>Πνεῦμα</em></span> <span class='ocrx_word' id='word_1_219' title='bbox 2708 1684 2797 1746; x_wconf 87' lang='grc' dir='ltr'>εις</span> <span class='ocrx_word' id='word_1_220' title='bbox 2834 1683 2952 1748; x_wconf 82' lang='grc' dir='ltr'>τὴν</span> <span class='ocrx_word' id='word_1_221' title='bbox 3001 1681 3229 1750; x_wconf 74' lang='grc' dir='ltr'>ἡμέραν</span> <span class='ocrx_word' id='word_1_222' title='bbox 3280 1680 3385 1750; x_wconf 84' lang='grc' dir='ltr'>τῆς</span> <span class='ocrx_word' id='word_1_223' title='bbox 3425 1680 3719 1748; x_wconf 72' lang='grc' dir='ltr'><strong>μελλούσης</strong></span> 
     </span>
    </p>
   </div>
   <div class='ocr_carea' id='block_1_30' title="bbox 530 1763 2098 1843">
    <p class='ocr_par' dir='ltr' id='par_1_30' title="bbox 530 1763 2098 1838">
     <span class='ocr_line' id='line_1_30' title="bbox 530 1763 2098 1838; baseline 0.006 -20"><span class='ocrx_word' id='word_1_224' title='bbox 530 1765 710 1820; x_wconf 81' lang='lat' dir='ltr'><strong>beatus</strong></span> <span class='ocrx_word' id='word_1_225' title='bbox 745 1763 927 1820; x_wconf 83' lang='lat' dir='ltr'><strong>Petrus</strong></span> <span class='ocrx_word' id='word_1_226' title='bbox 972 1767 1057 1831; x_wconf 88' lang='lat' dir='ltr'><strong>iis,</strong></span> <span class='ocrx_word' id='word_1_227' title='bbox 1091 1769 1180 1838; x_wconf 85' lang='lat' dir='ltr'><strong>qui</strong></span> <span class='ocrx_word' id='word_1_228' title='bbox 1235 1771 1376 1822; x_wconf 85' lang='lat' dir='ltr'><strong>circa</strong></span> <span class='ocrx_word' id='word_1_229' title='bbox 1414 1771 1677 1824; x_wconf 83' lang='lat' dir='ltr'><strong>Anuniam</strong></span> <span class='ocrx_word' id='word_1_230' title='bbox 1726 1781 1913 1827; x_wconf 84' lang='lat' dir='ltr'><strong>erant:</strong></span> <span class='ocrx_word' id='word_1_231' title='bbox 1945 1792 1962 1824; x_wconf 79' lang='grc' dir='ltr'><strong>ι</strong></span> <span class='ocrx_word' id='word_1_232' title='bbox 2001 1773 2098 1828; x_wconf 79' lang='lat' dir='ltr'><strong>Cui</strong></span> 
     </span>
    </p>
   </div>
   <div class='ocr_carea' id='block_1_31' title="bbox 2151 1763 3719 1843">
    <p class='ocr_par' dir='ltr' id='par_1_31' title="bbox 2213 1771 3719 1843">
     <span class='ocr_line' id='line_1_31' title="bbox 2213 1771 3719 1843; baseline -0.001 -18"><span class='ocrx_word' id='word_1_233' title='bbox 2213 1771 2708 1840; x_wconf 70' lang='grc' dir='ltr'><strong>ἀπολυτρώσεως.</strong></span> <span class='ocrx_word' id='word_1_234' title='bbox 2743 1772 2854 1827; x_wconf 81' lang='grc' dir='ltr'>Τοῦ</span> <span class='ocrx_word' id='word_1_235' title='bbox 2896 1773 3062 1828; x_wconf 85' lang='grc' dir='ltr'>αὑτοῦ</span> <span class='ocrx_word' id='word_1_236' title='bbox 3096 1773 3292 1843; x_wconf 82' lang='grc' dir='ltr'>χρόνου</span> <span class='ocrx_word' id='word_1_237' title='bbox 3355 1773 3444 1826; x_wconf 70' lang='grc' dir='ltr'><strong>καὶ</strong></span> <span class='ocrx_word' id='word_1_238' title='bbox 3477 1774 3502 1825; x_wconf 83' lang='grc' dir='ltr'>ὁ</span> <span class='ocrx_word' id='word_1_239' title='bbox 3532 1773 3719 1838; x_wconf 80' lang='grc' dir='ltr'>διορατιο</span> 
     </span>
    </p>
   </div>
   <div class='ocr_carea' id='block_1_32' title="bbox 531 1847 2099 1935">
    <p class='ocr_par' dir='ltr' id='par_1_32' title="bbox 531 1847 2099 1930">
     <span class='ocr_line' id='line_1_32' title="bbox 531 1847 2099 1930; baseline 0.006 -22"><span class='ocrx_word' id='word_1_240' title='bbox 531 1859 752 1911; x_wconf 83' lang='lat' dir='ltr'><strong>tentavit</strong></span> <span class='ocrx_word' id='word_1_241' title='bbox 804 1847 888 1912; x_wconf 70' lang='lat' dir='ltr'><strong>vos</strong></span> <span class='ocrx_word' id='word_1_242' title='bbox 920 1858 1188 1923; x_wconf 87' lang='lat' dir='ltr'><strong>Satanas,</strong></span> <span class='ocrx_word' id='word_1_243' title='bbox 1235 1863 1446 1922; x_wconf 69' lang='lat' dir='ltr'><strong>nteptiri</strong></span> <span class='ocrx_word' id='word_1_244' title='bbox 1491 1861 1721 1930; x_wconf 82' lang='lat' dir='ltr'><strong>Spiritui</strong></span> <span class='ocrx_word' id='word_1_245' title='bbox 1765 1867 2052 1920; x_wconf 75' lang='lat' dir='ltr'><strong>sancto&quot;?</strong></span> <span class='ocrx_word' id='word_1_246' title='bbox 2082 1883 2099 1917; x_wconf 73' lang='grc' dir='ltr'><strong>ι</strong></span> 
     </span>
    </p>
   </div>
   <div class='ocr_carea' id='block_1_33' title="bbox 2151 1847 3719 1935">
    <p class='ocr_par' dir='ltr' id='par_1_33' title="bbox 2151 1850 3719 1935">
     <span class='ocr_line' id='line_1_33' title="bbox 2151 1850 3719 1935; baseline -0.001 -20"><span class='ocrx_word' id='word_1_247' title='bbox 2151 1850 2182 1909; x_wconf 81' lang='grc' dir='ltr'><strong><em>Β</em></strong></span> <span class='ocrx_word' id='word_1_248' title='bbox 2212 1865 2303 1925; x_wconf 78' lang='grc' dir='ltr'><strong>κὸς</strong></span> <span class='ocrx_word' id='word_1_249' title='bbox 2343 1864 2660 1932; x_wconf 82' lang='grc' dir='ltr'>Ἐπιφὰνιος</span> <span class='ocrx_word' id='word_1_250' title='bbox 2691 1864 2766 1918; x_wconf 83' lang='grc' dir='ltr'>ὢν</span> <span class='ocrx_word' id='word_1_251' title='bbox 2791 1867 2850 1918; x_wconf 81' lang='grc' dir='ltr'>ὲν</span> <span class='ocrx_word' id='word_1_252' title='bbox 2870 1865 2946 1934; x_wconf 85' lang='grc' dir='ltr'>τῷ</span> <span class='ocrx_word' id='word_1_253' title='bbox 2972 1865 3116 1935; x_wconf 86' lang='grc' dir='ltr'>λόγῳ</span> <span class='ocrx_word' id='word_1_254' title='bbox 3141 1864 3224 1930; x_wconf 87' lang='grc' dir='ltr'>τῷ</span> <span class='ocrx_word' id='word_1_255' title='bbox 3261 1862 3576 1932; x_wconf 81' lang='grc' dir='ltr'>Ἀγκυρωτῷ</span> <span class='ocrx_word' id='word_1_256' title='bbox 3603 1862 3719 1932; x_wconf 71' lang='grc' dir='ltr'>διαρ-</span> 
     </span>
    </p>
   </div>
   <div class='ocr_carea' id='block_1_34' title="bbox 531 1947 2099 2025">
    <p class='ocr_par' dir='ltr' id='par_1_34' title="bbox 531 1947 2098 2021">
     <span class='ocr_line' id='line_1_34' title="bbox 531 1947 2098 2021; baseline 0.001 -17"><span class='ocrx_word' id='word_1_257' title='bbox 531 1952 708 2021; x_wconf 86' lang='lat' dir='ltr'><strong>aitque</strong></span> <span class='ocrx_word' id='word_1_258' title='bbox 747 1965 766 2002; x_wconf 90' lang='lat'><strong><em>:</em></strong></span> <span class='ocrx_word' id='word_1_259' title='bbox 797 1947 955 2002; x_wconf 70' lang='lat' dir='ltr'><strong>«Non</strong></span> <span class='ocrx_word' id='word_1_260' title='bbox 986 1967 1037 2003; x_wconf 83' lang='lat' dir='ltr'><strong>es</strong></span> <span class='ocrx_word' id='word_1_261' title='bbox 1077 1953 1329 2005; x_wconf 85' lang='lat' dir='ltr'><strong>mentitus</strong></span> <span class='ocrx_word' id='word_1_262' title='bbox 1363 1953 1686 2017; x_wconf 83' lang='lat' dir='ltr'><strong>hominibus,</strong></span> <span class='ocrx_word' id='word_1_263' title='bbox 1717 1955 1806 2008; x_wconf 86' lang='lat' dir='ltr'><strong>sed</strong></span> <span class='ocrx_word' id='word_1_264' title='bbox 1835 1955 1944 2008; x_wconf 87' lang='lat' dir='ltr'><strong>Deo</strong></span> <span class='ocrx_word' id='word_1_265' title='bbox 1963 1955 2032 2010; x_wconf 77' lang='lat'><strong>”.</strong></span> <span class='ocrx_word' id='word_1_266' title='bbox 2080 1974 2098 2006; x_wconf 76' lang='grc' dir='ltr'><strong>ι</strong></span> 
     </span>
    </p>
   </div>
   <div class='ocr_carea' id='block_1_35' title="bbox 2152 1947 3720 2025">
    <p class='ocr_par' dir='ltr' id='par_1_35' title="bbox 2212 1949 3720 2025">
     <span class='ocr_line' id='line_1_35' title="bbox 2212 1949 3720 2025; baseline 0.001 -20"><span class='ocrx_word' id='word_1_267' title='bbox 2212 1954 2381 2024; x_wconf 78' lang='grc' dir='ltr'>ρήδην</span> <span class='ocrx_word' id='word_1_268' title='bbox 2411 1955 2503 2006; x_wconf 79' lang='grc' dir='ltr'><strong>καὶ</strong></span> <span class='ocrx_word' id='word_1_269' title='bbox 2533 1956 2747 2024; x_wconf 83' lang='grc' dir='ltr'>τρανῶς</span> <span class='ocrx_word' id='word_1_270' title='bbox 2802 1955 3146 2025; x_wconf 79' lang='grc' dir='ltr'>φθέγγεται·</span> <span class='ocrx_word' id='word_1_271' title='bbox 3187 1956 3385 2024; x_wconf 73' lang='grc' dir='ltr'>Φησιν</span> <span class='ocrx_word' id='word_1_272' title='bbox 3422 1949 3529 2009; x_wconf 85' lang='grc' dir='ltr'>οὖν</span> <span class='ocrx_word' id='word_1_273' title='bbox 3576 1956 3604 2007; x_wconf 86' lang='grc' dir='ltr'><em>ὁ</em></span> <span class='ocrx_word' id='word_1_274' title='bbox 3639 1967 3720 2020; x_wconf 82' lang='grc' dir='ltr'>μα-</span> 
     </span>
    </p>
   </div>
   <div class='ocr_carea' id='block_1_36' title="bbox 533 2039 2101 2114">
    <p class='ocr_par' dir='ltr' id='par_1_36' title="bbox 533 2039 2101 2112">
     <span class='ocr_line' id='line_1_36' title="bbox 533 2039 2101 2112; baseline 0.003 -18"><span class='ocrx_word' id='word_1_275' title='bbox 533 2039 674 2112; x_wconf 78' lang='lat' dir='ltr'><strong>Ergo</strong></span> <span class='ocrx_word' id='word_1_276' title='bbox 709 2041 848 2096; x_wconf 90' lang='lat' dir='ltr'><strong>Deus</strong></span> <span class='ocrx_word' id='word_1_277' title='bbox 883 2059 948 2096; x_wconf 77' lang='lat' dir='ltr'><strong>ex</strong></span> <span class='ocrx_word' id='word_1_278' title='bbox 1003 2042 1169 2096; x_wconf 85' lang='lat' dir='ltr'><strong>Patre</strong></span> <span class='ocrx_word' id='word_1_279' title='bbox 1207 2052 1254 2096; x_wconf 83' lang='lat' dir='ltr'><strong>et</strong></span> <span class='ocrx_word' id='word_1_280' title='bbox 1306 2042 1449 2096; x_wconf 85' lang='lat' dir='ltr'><strong>Filio</strong></span> <span class='ocrx_word' id='word_1_281' title='bbox 1481 2043 1738 2111; x_wconf 85' lang='lat' dir='ltr'><strong>Spiritus,</strong></span> <span class='ocrx_word' id='word_1_282' title='bbox 1782 2047 1866 2098; x_wconf 88' lang='lat' dir='ltr'><strong>cui</strong></span> <span class='ocrx_word' id='word_1_283' title='bbox 1901 2047 2101 2099; x_wconf 85' lang='lat' dir='ltr'><strong>mentiti</strong></span> 
     </span>
    </p>
   </div>
   <div class='ocr_carea' id='block_1_37' title="bbox 2151 2039 3719 2114">
    <p class='ocr_par' dir='ltr' id='par_1_37' title="bbox 2208 2042 3719 2114">
     <span class='ocr_line' id='line_1_37' title="bbox 2208 2042 3719 2114; baseline -0.001 -18"><span class='ocrx_word' id='word_1_284' title='bbox 2208 2044 2413 2110; x_wconf 81' lang='grc' dir='ltr'>κὰριος</span> <span class='ocrx_word' id='word_1_285' title='bbox 2457 2045 2678 2113; x_wconf 80' lang='grc' dir='ltr'><strong>Πέτρος</strong></span> <span class='ocrx_word' id='word_1_286' title='bbox 2709 2045 2835 2112; x_wconf 84' lang='grc' dir='ltr'>τοῖς</span> <span class='ocrx_word' id='word_1_287' title='bbox 2862 2046 2995 2114; x_wconf 79' lang='grc' dir='ltr'>περὶ</span> <span class='ocrx_word' id='word_1_288' title='bbox 3055 2049 3167 2101; x_wconf 84' lang='grc' dir='ltr'>τὸν</span> <span class='ocrx_word' id='word_1_289' title='bbox 3217 2047 3501 2110; x_wconf 76' lang='grc' dir='ltr'>Ἀνανίαν,</span> <span class='ocrx_word' id='word_1_290' title='bbox 3533 2063 3550 2095; x_wconf 88' lang='grc' dir='ltr'><strong>ι</strong></span> <span class='ocrx_word' id='word_1_291' title='bbox 3585 2043 3634 2098; x_wconf 84' lang='grc' dir='ltr'>Τί</span> <span class='ocrx_word' id='word_1_292' title='bbox 3655 2042 3719 2095; x_wconf 84' lang='grc' dir='ltr'>ὅτι</span> 
     </span>
    </p>
   </div>
   <div class='ocr_carea' id='block_1_38' title="bbox 529 2133 2097 2207">
    <p class='ocr_par' dir='ltr' id='par_1_38' title="bbox 529 2133 2097 2204">
     <span class='ocr_line' id='line_1_38' title="bbox 529 2133 2097 2204; baseline 0.003 -18"><span class='ocrx_word' id='word_1_293' title='bbox 529 2141 675 2197; x_wconf 88' lang='lat' dir='ltr'><strong>sunt,</strong></span> <span class='ocrx_word' id='word_1_294' title='bbox 697 2134 786 2202; x_wconf 85' lang='lat' dir='ltr'><strong>qui</strong></span> <span class='ocrx_word' id='word_1_295' title='bbox 811 2141 1150 2201; x_wconf 88' lang='lat' dir='ltr'><strong>seposuerant</strong></span> <span class='ocrx_word' id='word_1_296' title='bbox 1183 2133 1284 2186; x_wconf 83' lang='lat' dir='ltr'><strong>sibi</strong></span> <span class='ocrx_word' id='word_1_297' title='bbox 1335 2135 1398 2186; x_wconf 82' lang='lat' dir='ltr'><strong>de</strong></span> <span class='ocrx_word' id='word_1_298' title='bbox 1429 2137 1618 2202; x_wconf 87' lang='lat' dir='ltr'><strong>pretio.</strong></span> <span class='ocrx_word' id='word_1_299' title='bbox 1667 2135 1799 2190; x_wconf 89' lang='lat' dir='ltr'><strong>Item</strong></span> <span class='ocrx_word' id='word_1_300' title='bbox 1827 2178 1840 2202; x_wconf 92' lang='lat'><strong>,</strong></span> <span class='ocrx_word' id='word_1_301' title='bbox 1874 2135 2097 2204; x_wconf 77' lang='lat' dir='ltr'><strong>Spiritus</strong></span> 
     </span>
    </p>
   </div>
   <div class='ocr_carea' id='block_1_39' title="bbox 2150 2133 3718 2207">
    <p class='ocr_par' dir='ltr' id='par_1_39' title="bbox 2207 2134 3718 2207">
     <span class='ocr_line' id='line_1_39' title="bbox 2207 2134 3718 2207; baseline -0.001 -20"><span class='ocrx_word' id='word_1_302' title='bbox 2207 2136 2531 2203; x_wconf 74' lang='grc' dir='ltr'>ἐπείρασεν</span> <span class='ocrx_word' id='word_1_303' title='bbox 2555 2135 2710 2205; x_wconf 83' lang='grc' dir='ltr'>ὑμᾶς</span> <span class='ocrx_word' id='word_1_304' title='bbox 2734 2139 2767 2191; x_wconf 88' lang='grc' dir='ltr'>ό</span> <span class='ocrx_word' id='word_1_305' title='bbox 2794 2137 3066 2203; x_wconf 82' lang='grc' dir='ltr'>Σατανᾶς</span> <span class='ocrx_word' id='word_1_306' title='bbox 3083 2140 3424 2207; x_wconf 72' lang='grc' dir='ltr'>ψεύσασθαι</span> <span class='ocrx_word' id='word_1_307' title='bbox 3447 2135 3506 2188; x_wconf 88' lang='grc' dir='ltr'>τὸ</span> <span class='ocrx_word' id='word_1_308' title='bbox 3530 2134 3718 2201; x_wconf 79' lang='grc' dir='ltr'><strong>Πνεῦμα</strong></span> 
     </span>
    </p>
   </div>
   <div class='ocr_carea' id='block_1_40' title="bbox 529 2221 2097 2305">
    <p class='ocr_par' dir='ltr' id='par_1_40' title="bbox 529 2221 2097 2294">
     <span class='ocr_line' id='line_1_40' title="bbox 529 2221 2097 2294; baseline 0.004 -19"><span class='ocrx_word' id='word_1_309' title='bbox 529 2233 743 2275; x_wconf 87' lang='lat' dir='ltr'><strong>sanctus</strong></span> <span class='ocrx_word' id='word_1_310' title='bbox 774 2237 839 2276; x_wconf 75' lang='lat' dir='ltr'><strong>ex</strong></span> <span class='ocrx_word' id='word_1_311' title='bbox 875 2221 1038 2277; x_wconf 81' lang='lat' dir='ltr'><strong>Patre</strong></span> <span class='ocrx_word' id='word_1_312' title='bbox 1091 2233 1140 2277; x_wconf 87' lang='lat' dir='ltr'><strong>et</strong></span> <span class='ocrx_word' id='word_1_313' title='bbox 1187 2222 1330 2277; x_wconf 84' lang='lat' dir='ltr'><strong>Filio</strong></span> <span class='ocrx_word' id='word_1_314' title='bbox 1387 2227 1571 2278; x_wconf 78' lang='lat' dir='ltr'><strong>tertius</strong></span> <span class='ocrx_word' id='word_1_315' title='bbox 1611 2228 1984 2294; x_wconf 81' lang='lat' dir='ltr'><strong>appellatione.</strong></span> <span class='ocrx_word' id='word_1_316' title='bbox 2041 2229 2097 2282; x_wconf 84' lang='lat' dir='ltr'><strong>Et</strong></span> 
     </span>
    </p>
   </div>
   <div class='ocr_carea' id='block_1_41' title="bbox 2147 2221 3715 2305">
    <p class='ocr_par' dir='ltr' id='par_1_41' title="bbox 2206 2226 3715 2300">
     <span class='ocr_line' id='line_1_41' title="bbox 2206 2226 3715 2300; baseline 0.005 -21"><span class='ocrx_word' id='word_1_317' title='bbox 2206 2227 2271 2279; x_wconf 85' lang='grc' dir='ltr'>τὸ</span> <span class='ocrx_word' id='word_1_318' title='bbox 2299 2227 2510 2297; x_wconf 77' lang='grc' dir='ltr'>ἄγιον;</span> <span class='ocrx_word' id='word_1_319' title='bbox 2545 2246 2563 2280; x_wconf 73' lang='grc' dir='ltr'><strong>ι</strong></span> <span class='ocrx_word' id='word_1_320' title='bbox 2604 2229 2710 2282; x_wconf 77' lang='grc' dir='ltr'>Καί</span> <span class='ocrx_word' id='word_1_321' title='bbox 2742 2247 2928 2300; x_wconf 84' lang='grc' dir='ltr'>φησιν,</span> <span class='ocrx_word' id='word_1_322' title='bbox 2967 2249 2986 2282; x_wconf 74' lang='grc' dir='ltr'><strong>ι</strong></span> <span class='ocrx_word' id='word_1_323' title='bbox 3025 2234 3151 2284; x_wconf 81' lang='grc' dir='ltr'><strong>Οὐκ</strong></span> <span class='ocrx_word' id='word_1_324' title='bbox 3193 2229 3471 2297; x_wconf 80' lang='grc' dir='ltr'><strong>ἀνθρώπῳ</strong></span> <span class='ocrx_word' id='word_1_325' title='bbox 3511 2226 3715 2294; x_wconf 72' lang='grc' dir='ltr'>ἐψεύσωι</span> 
     </span>
    </p>
   </div>
   <div class='ocr_carea' id='block_1_42' title="bbox 532 2313 2100 2388">
    <p class='ocr_par' dir='ltr' id='par_1_42' title="bbox 532 2313 2100 2386">
     <span class='ocr_line' id='line_1_42' title="bbox 532 2313 2100 2386; baseline 0.004 -18"><span class='ocrx_word' id='word_1_326' title='bbox 532 2315 723 2368; x_wconf 87' lang='lat' dir='ltr'><strong>multis</strong></span> <span class='ocrx_word' id='word_1_327' title='bbox 787 2314 1091 2383; x_wconf 85' lang='lat' dir='ltr'><strong>iuterjectis</strong></span> <span class='ocrx_word' id='word_1_328' title='bbox 1133 2333 1146 2366; x_wconf 92' lang='lat'><strong>:</strong></span> <span class='ocrx_word' id='word_1_329' title='bbox 1198 2313 1426 2386; x_wconf 82' lang='lat' dir='ltr'><strong>Uterque</strong></span> <span class='ocrx_word' id='word_1_330' title='bbox 1481 2317 1743 2371; x_wconf 79' lang='lat' dir='ltr'><strong>inhabitat</strong></span> <span class='ocrx_word' id='word_1_331' title='bbox 1793 2320 1847 2372; x_wconf 87' lang='lat' dir='ltr'><strong>in</strong></span> <span class='ocrx_word' id='word_1_332' title='bbox 1899 2321 2100 2374; x_wconf 80' lang='lat' dir='ltr'><strong>homine</strong></span> 
     </span>
    </p>
   </div>
   <div class='ocr_carea' id='block_1_43' title="bbox 2149 2313 3717 2388">
    <p class='ocr_par' dir='ltr' id='par_1_43' title="bbox 2205 2315 3717 2388">
     <span class='ocr_line' id='line_1_43' title="bbox 2205 2315 3717 2388; baseline -0.003 -17"><span class='ocrx_word' id='word_1_333' title='bbox 2205 2319 2368 2372; x_wconf 74' lang='grc' dir='ltr'><strong>ἀλλὰ</strong></span> <span class='ocrx_word' id='word_1_334' title='bbox 2401 2317 2543 2384; x_wconf 86' lang='grc' dir='ltr'><strong>Θεῷ.</strong></span> <span class='ocrx_word' id='word_1_335' title='bbox 2594 2339 2613 2372; x_wconf 71' lang='grc' dir='ltr'><strong>ι</strong></span> <span class='ocrx_word' id='word_1_336' title='bbox 2654 2319 2804 2387; x_wconf 82' lang='grc' dir='ltr'>Ἀρα</span> <span class='ocrx_word' id='word_1_337' title='bbox 2842 2320 2987 2387; x_wconf 74' lang='grc' dir='ltr'>Θεὸς</span> <span class='ocrx_word' id='word_1_338' title='bbox 3042 2321 3113 2374; x_wconf 82' lang='grc' dir='ltr'>ἐκ</span> <span class='ocrx_word' id='word_1_339' title='bbox 3150 2323 3379 2388; x_wconf 79' lang='grc' dir='ltr'>Πατρός</span> <span class='ocrx_word' id='word_1_340' title='bbox 3408 2319 3501 2371; x_wconf 77' lang='grc' dir='ltr'>καὶ</span> <span class='ocrx_word' id='word_1_341' title='bbox 3533 2317 3644 2370; x_wconf 75' lang='grc' dir='ltr'>Υίοῦ</span> <span class='ocrx_word' id='word_1_342' title='bbox 3671 2315 3717 2367; x_wconf 86' lang='grc' dir='ltr'>τὸ</span> 
     </span>
    </p>
   </div>
   <div class='ocr_carea' id='block_1_44' title="bbox 523 2403 2091 2480">
    <p class='ocr_par' dir='ltr' id='par_1_44' title="bbox 523 2403 2091 2476">
     <span class='ocr_line' id='line_1_44' title="bbox 523 2403 2091 2476; baseline 0.006 -20"><span class='ocrx_word' id='word_1_343' title='bbox 523 2405 692 2474; x_wconf 75' lang='lat' dir='ltr'><strong>justo,</strong></span> <span class='ocrx_word' id='word_1_344' title='bbox 722 2403 965 2460; x_wconf 75' lang='lat' dir='ltr'><strong>Christus</strong></span> <span class='ocrx_word' id='word_1_345' title='bbox 1011 2415 1058 2458; x_wconf 88' lang='lat' dir='ltr'><strong>et</strong></span> <span class='ocrx_word' id='word_1_346' title='bbox 1103 2405 1334 2472; x_wconf 79' lang='lat' dir='ltr'><strong>Spiritus</strong></span> <span class='ocrx_word' id='word_1_347' title='bbox 1379 2409 1564 2476; x_wconf 81' lang='lat' dir='ltr'><strong>ipsius.</strong></span> <span class='ocrx_word' id='word_1_348' title='bbox 1611 2408 1671 2463; x_wconf 89' lang='lat' dir='ltr'><strong>Si</strong></span> <span class='ocrx_word' id='word_1_349' title='bbox 1703 2426 1820 2464; x_wconf 78' lang='lat' dir='ltr'><strong>vero</strong></span> <span class='ocrx_word' id='word_1_350' title='bbox 1863 2409 2091 2466; x_wconf 77' lang='lat' dir='ltr'><strong>Christut</strong></span> 
     </span>
    </p>
   </div>
   <div class='ocr_carea' id='block_1_45' title="bbox 2147 2403 3715 2480">
    <p class='ocr_par' dir='ltr' id='par_1_45' title="bbox 2205 2405 3715 2480">
     <span class='ocr_line' id='line_1_45' title="bbox 2205 2405 3715 2480; baseline 0.005 -18"><span class='ocrx_word' id='word_1_351' title='bbox 2205 2410 2468 2478; x_wconf 81' lang='grc' dir='ltr'><strong>Πνεῦμα,</strong></span> <span class='ocrx_word' id='word_1_352' title='bbox 2520 2405 2569 2478; x_wconf 83' lang='grc' dir='ltr'>ᾧ</span> <span class='ocrx_word' id='word_1_353' title='bbox 2625 2412 2968 2480; x_wconf 76' lang='grc' dir='ltr'><strong>ἐψεύσαντο</strong></span> <span class='ocrx_word' id='word_1_354' title='bbox 3014 2415 3070 2466; x_wconf 81' lang='lat' dir='ltr'><strong>oi</strong></span> <span class='ocrx_word' id='word_1_355' title='bbox 3124 2412 3249 2466; x_wconf 80' lang='grc' dir='ltr'><strong>ἀπὸ</strong></span> <span class='ocrx_word' id='word_1_356' title='bbox 3307 2411 3410 2465; x_wconf 88' lang='grc' dir='ltr'><strong>τοῦ</strong></span> <span class='ocrx_word' id='word_1_357' title='bbox 3452 2408 3715 2478; x_wconf 73' lang='grc' dir='ltr'>τιμήματος</span> 
     </span>
    </p>
   </div>
   <div class='ocr_carea' id='block_1_46' title="bbox 525 2483 2093 2572">
    <p class='ocr_par' dir='ltr' id='par_1_46' title="bbox 525 2483 2093 2572">
     <span class='ocr_line' id='line_1_46' title="bbox 525 2483 2093 2572; baseline 0.004 -21"><span class='ocrx_word' id='word_1_358' title='bbox 525 2513 590 2551; x_wconf 77' lang='lat' dir='ltr'><strong>e1:</strong></span> <span class='ocrx_word' id='word_1_359' title='bbox 641 2498 804 2553; x_wconf 80' lang='lat' dir='ltr'><strong>Patre</strong></span> <span class='ocrx_word' id='word_1_360' title='bbox 854 2500 1092 2553; x_wconf 77' lang='lat' dir='ltr'><strong>creditur</strong></span> <span class='ocrx_word' id='word_1_361' title='bbox 1138 2499 1274 2552; x_wconf 87' lang='lat' dir='ltr'><strong>Deus</strong></span> <span class='ocrx_word' id='word_1_362' title='bbox 1337 2516 1399 2553; x_wconf 80' lang='lat' dir='ltr'><strong>ea:</strong></span> <span class='ocrx_word' id='word_1_363' title='bbox 1457 2483 1600 2566; x_wconf 78' lang='lat' dir='ltr'><strong>Deo,</strong></span> <span class='ocrx_word' id='word_1_364' title='bbox 1658 2511 1708 2556; x_wconf 81' lang='lat' dir='ltr'><strong>et</strong></span> <span class='ocrx_word' id='word_1_365' title='bbox 1768 2501 1998 2572; x_wconf 83' lang='lat' dir='ltr'><strong>Spiritus</strong></span> <span class='ocrx_word' id='word_1_366' title='bbox 2041 2509 2093 2558; x_wconf 67' lang='lat' dir='ltr'><strong>ea</strong></span> 
     </span>
    </p>
   </div>
   <div class='ocr_carea' id='block_1_47' title="bbox 2143 2483 3711 2572">
    <p class='ocr_par' dir='ltr' id='par_1_47' title="bbox 2205 2499 3711 2571">
     <span class='ocr_line' id='line_1_47' title="bbox 2205 2499 3711 2571; baseline -0.001 -16"><span class='ocrx_word' id='word_1_367' title='bbox 2205 2503 2664 2570; x_wconf 62' lang='grc' dir='ltr'>νοσφισάμενοι.</span> <span class='ocrx_word' id='word_1_368' title='bbox 2709 2504 2816 2558; x_wconf 78' lang='grc' dir='ltr'><strong>Καὶ</strong></span> <span class='ocrx_word' id='word_1_369' title='bbox 2864 2505 3054 2567; x_wconf 75' lang='grc' dir='ltr'>αὖθιςο</span> <span class='ocrx_word' id='word_1_370' title='bbox 3109 2504 3184 2558; x_wconf 79' lang='grc' dir='ltr'><em>Τὸ</em></span> <span class='ocrx_word' id='word_1_371' title='bbox 3224 2503 3460 2571; x_wconf 82' lang='grc' dir='ltr'><strong>Πνεῦμα</strong></span> <span class='ocrx_word' id='word_1_372' title='bbox 3491 2503 3550 2554; x_wconf 89' lang='grc' dir='ltr'>τὸ</span> <span class='ocrx_word' id='word_1_373' title='bbox 3587 2499 3711 2566; x_wconf 74' lang='grc' dir='ltr'>ἄτιον</span> 
     </span>
    </p>
   </div>
   <div class='ocr_carea' id='block_1_48' title="bbox 526 2589 2094 2663">
    <p class='ocr_par' dir='ltr' id='par_1_48' title="bbox 526 2589 2094 2662">
     <span class='ocr_line' id='line_1_48' title="bbox 526 2589 2094 2662; baseline 0.003 -18"><span class='ocrx_word' id='word_1_374' title='bbox 526 2589 779 2654; x_wconf 85' lang='lat' dir='ltr'><strong>Christo,</strong></span> <span class='ocrx_word' id='word_1_375' title='bbox 834 2601 926 2644; x_wconf 92' lang='lat' dir='ltr'><strong>aut</strong></span> <span class='ocrx_word' id='word_1_376' title='bbox 981 2608 1043 2646; x_wconf 74' lang='lat' dir='ltr'><strong>ea:</strong></span> <span class='ocrx_word' id='word_1_377' title='bbox 1103 2604 1361 2662; x_wconf 87' lang='lat' dir='ltr'><strong>utroque,</strong></span> <span class='ocrx_word' id='word_1_378' title='bbox 1426 2601 1483 2645; x_wconf 89' lang='lat' dir='ltr'><strong>ut</strong></span> <span class='ocrx_word' id='word_1_379' title='bbox 1519 2592 1762 2646; x_wconf 88' lang='lat' dir='ltr'><strong>Christus</strong></span> <span class='ocrx_word' id='word_1_380' title='bbox 1813 2596 2094 2649; x_wconf 81' lang='lat' dir='ltr'><strong>insinuat:</strong></span> 
     </span>
    </p>
   </div>
   <div class='ocr_carea' id='block_1_49' title="bbox 2143 2589 3711 2663">
    <p class='ocr_par' dir='ltr' id='par_1_49' title="bbox 2204 2589 3711 2663">
     <span class='ocr_line' id='line_1_49' title="bbox 2204 2589 3711 2663; baseline -0.002 -19"><span class='ocrx_word' id='word_1_381' title='bbox 2204 2593 2270 2645; x_wconf 72' lang='grc' dir='ltr'>ἐκ</span> <span class='ocrx_word' id='word_1_382' title='bbox 2299 2594 2405 2646; x_wconf 88' lang='grc' dir='ltr'><strong>τοῦ</strong></span> <span class='ocrx_word' id='word_1_383' title='bbox 2439 2594 2667 2662; x_wconf 75' lang='grc' dir='ltr'>Πατρύς</span> <span class='ocrx_word' id='word_1_384' title='bbox 2694 2594 2792 2648; x_wconf 79' lang='grc' dir='ltr'>καὶ</span> <span class='ocrx_word' id='word_1_385' title='bbox 2819 2595 2923 2649; x_wconf 89' lang='grc' dir='ltr'><strong>τοῦ</strong></span> <span class='ocrx_word' id='word_1_386' title='bbox 2949 2595 3081 2649; x_wconf 75' lang='grc' dir='ltr'>Υιοῦ</span> <span class='ocrx_word' id='word_1_387' title='bbox 3120 2598 3329 2663; x_wconf 81' lang='grc' dir='ltr'>τρίτον</span> <span class='ocrx_word' id='word_1_388' title='bbox 3357 2593 3428 2662; x_wconf 76' lang='grc' dir='ltr'>τῇ</span> <span class='ocrx_word' id='word_1_389' title='bbox 3451 2589 3711 2660; x_wconf 78' lang='grc' dir='ltr'><strong>ὀνομασίᾳ.</strong></span> 
     </span>
    </p>
   </div>
   <div class='ocr_carea' id='block_1_50' title="bbox 531 2669 2099 2753">
    <p class='ocr_par' dir='ltr' id='par_1_50' title="bbox 531 2669 2099 2753">
     <span class='ocr_line' id='line_1_50' title="bbox 531 2669 2099 2753; baseline 0.004 -19"><span class='ocrx_word' id='word_1_390' title='bbox 531 2703 549 2734; x_wconf 81' lang='grc' dir='ltr'><strong>ι</strong></span> <span class='ocrx_word' id='word_1_391' title='bbox 589 2669 802 2746; x_wconf 47' lang='lat' dir='ltr'><strong>Qui—e1:</strong></span> <span class='ocrx_word' id='word_1_392' title='bbox 854 2682 1013 2737; x_wconf 86' lang='lat' dir='ltr'><strong>Patre</strong></span> <span class='ocrx_word' id='word_1_393' title='bbox 1073 2685 1396 2753; x_wconf 77' lang='lat' dir='ltr'><strong>procedit,“</strong></span> <span class='ocrx_word' id='word_1_394' title='bbox 1442 2703 1458 2736; x_wconf 74' lang='grc' dir='ltr'><strong>ι</strong></span> <span class='ocrx_word' id='word_1_395' title='bbox 1503 2693 1552 2738; x_wconf 89' lang='lat' dir='ltr'><strong>et</strong></span> <span class='ocrx_word' id='word_1_396' title='bbox 1603 2703 1616 2738; x_wconf 90' lang='lat'>:</span> <span class='ocrx_word' id='word_1_397' title='bbox 1657 2705 1675 2737; x_wconf 81' lang='grc' dir='ltr'><strong>ι</strong></span> <span class='ocrx_word' id='word_1_398' title='bbox 1722 2685 1821 2739; x_wconf 83' lang='lat' dir='ltr'><strong>llic</strong></span> <span class='ocrx_word' id='word_1_399' title='bbox 1877 2687 1942 2740; x_wconf 89' lang='lat' dir='ltr'><strong>de</strong></span> <span class='ocrx_word' id='word_1_400' title='bbox 1989 2705 2099 2741; x_wconf 87' lang='lat' dir='ltr'><strong>meo</strong></span> 
     </span>
    </p>
   </div>
   <div class='ocr_carea' id='block_1_51' title="bbox 2151 2669 3719 2753">
    <p class='ocr_par' dir='ltr' id='par_1_51' title="bbox 2207 2674 3719 2753">
     <span class='ocr_line' id='line_1_51' title="bbox 2207 2674 3719 2753; baseline -0.001 -20"><span class='ocrx_word' id='word_1_401' title='bbox 2207 2683 2316 2734; x_wconf 76' lang='grc' dir='ltr'><strong>Καὶ</strong></span> <span class='ocrx_word' id='word_1_402' title='bbox 2346 2683 2484 2750; x_wconf 79' lang='grc' dir='ltr'>μετὰ</span> <span class='ocrx_word' id='word_1_403' title='bbox 2521 2684 2689 2737; x_wconf 80' lang='grc' dir='ltr'>πολλὰ</span> <span class='ocrx_word' id='word_1_404' title='bbox 2715 2685 2877 2736; x_wconf 66' lang='grc' dir='ltr'>πάλιν</span> <span class='ocrx_word' id='word_1_405' title='bbox 2897 2698 2912 2714; x_wconf 73' lang='grc'><strong><em>⁵</em></strong></span> <span class='ocrx_word' id='word_1_406' title='bbox 2965 2685 3288 2753; x_wconf 64' lang='grc' dir='ltr'>Ἅμφότερα</span> <span class='ocrx_word' id='word_1_407' title='bbox 3317 2681 3567 2748; x_wconf 80' lang='grc' dir='ltr'><strong>κατοικεῖ</strong></span> <span class='ocrx_word' id='word_1_408' title='bbox 3587 2680 3642 2733; x_wconf 80' lang='grc' dir='ltr'>ἐν</span> <span class='ocrx_word' id='word_1_409' title='bbox 3663 2674 3719 2740; x_wconf 79' lang='grc' dir='ltr'>τῷ</span> 
     </span>
    </p>
   </div>
   <div class='ocr_carea' id='block_1_52' title="bbox 525 2768 2093 2844">
    <p class='ocr_par' dir='ltr' id='par_1_52' title="bbox 525 2773 2093 2844">
     <span class='ocr_line' id='line_1_52' title="bbox 525 2773 2093 2844; baseline 0.005 -19"><span class='ocrx_word' id='word_1_410' title='bbox 525 2774 742 2840; x_wconf 87' lang='lat' dir='ltr'><strong>accipiet</strong></span> <span class='ocrx_word' id='word_1_411' title='bbox 762 2775 826 2826; x_wconf 73' lang='lat'><strong>“.</strong></span> <span class='ocrx_word' id='word_1_412' title='bbox 873 2793 890 2826; x_wconf 72' lang='grc' dir='ltr'><strong>ι</strong></span> <span class='ocrx_word' id='word_1_413' title='bbox 927 2773 1037 2828; x_wconf 79' lang='lat' dir='ltr'><strong>i-luc</strong></span> <span class='ocrx_word' id='word_1_414' title='bbox 1057 2791 1276 2844; x_wconf 89' lang='lat' dir='ltr'><strong>quoque</strong></span> <span class='ocrx_word' id='word_1_415' title='bbox 1300 2775 1504 2828; x_wconf 88' lang='lat' dir='ltr'><strong>dictum</strong></span> <span class='ocrx_word' id='word_1_416' title='bbox 1540 2775 1594 2830; x_wconf 90' lang='lat' dir='ltr'><strong>in</strong></span> <span class='ocrx_word' id='word_1_417' title='bbox 1631 2777 1957 2844; x_wconf 87' lang='lat' dir='ltr'><strong>quibusdam</strong></span> <span class='ocrx_word' id='word_1_418' title='bbox 1992 2793 2093 2833; x_wconf 60' lang='grc' dir='ltr'>νοο-</span> 
     </span>
    </p>
   </div>
   <div class='ocr_carea' id='block_1_53' title="bbox 2152 2768 3720 2844">
    <p class='ocr_par' dir='ltr' id='par_1_53' title="bbox 2205 2768 3720 2844">
     <span class='ocr_line' id='line_1_53' title="bbox 2205 2768 3720 2844; baseline -0.006 -16"><span class='ocrx_word' id='word_1_419' title='bbox 2205 2774 2494 2842; x_wconf 80' lang='grc' dir='ltr'><strong>ἀνθρώπῳ</strong></span> <span class='ocrx_word' id='word_1_420' title='bbox 2519 2773 2598 2839; x_wconf 87' lang='grc' dir='ltr'>τῷ</span> <span class='ocrx_word' id='word_1_421' title='bbox 2643 2775 2871 2841; x_wconf 78' lang='grc' dir='ltr'>δικαίῳ,</span> <span class='ocrx_word' id='word_1_422' title='bbox 2906 2780 2938 2830; x_wconf 85' lang='grc' dir='ltr'><strong><em>ὁ</em></strong></span> <span class='ocrx_word' id='word_1_423' title='bbox 2987 2779 3249 2844; x_wconf 79' lang='grc' dir='ltr'>Χριστὸς</span> <span class='ocrx_word' id='word_1_424' title='bbox 3297 2775 3393 2828; x_wconf 74' lang='grc' dir='ltr'>καὶ</span> <span class='ocrx_word' id='word_1_425' title='bbox 3423 2773 3486 2828; x_wconf 90' lang='grc' dir='ltr'>τὸ</span> <span class='ocrx_word' id='word_1_426' title='bbox 3529 2768 3720 2838; x_wconf 78' lang='grc' dir='ltr'>Πνεῦμα</span> 
     </span>
    </p>
   </div>
   <div class='ocr_carea' id='block_1_54' title="bbox 526 2857 2094 2935">
    <p class='ocr_par' dir='ltr' id='par_1_54' title="bbox 526 2857 2094 2922">
     <span class='ocr_line' id='line_1_54' title="bbox 526 2857 2094 2922; baseline 0.004 -6"><span class='ocrx_word' id='word_1_427' title='bbox 526 2863 823 2916; x_wconf 82' lang='lat' dir='ltr'><strong>luminibus</strong></span> <span class='ocrx_word' id='word_1_428' title='bbox 854 2863 1227 2918; x_wconf 75' lang='lat' dir='ltr'><strong>fraudulenter</strong></span> <span class='ocrx_word' id='word_1_429' title='bbox 1259 2865 1330 2916; x_wconf 89' lang='lat' dir='ltr'><strong>ita</strong></span> <span class='ocrx_word' id='word_1_430' title='bbox 1372 2874 1656 2918; x_wconf 65' lang='lat' dir='ltr'><strong>exaratum</strong></span> <span class='ocrx_word' id='word_1_431' title='bbox 1691 2877 1775 2920; x_wconf 89' lang='lat' dir='ltr'><strong>est</strong></span> <span class='ocrx_word' id='word_1_432' title='bbox 1823 2882 1840 2920; x_wconf 87' lang='lat'><strong>:</strong></span> <span class='ocrx_word' id='word_1_433' title='bbox 1880 2867 1941 2920; x_wconf 87' lang='lat' dir='ltr'><strong>Si</strong></span> <span class='ocrx_word' id='word_1_434' title='bbox 1982 2857 2094 2922; x_wconf 73' lang='lat' dir='ltr'><strong>vero</strong></span> 
     </span>
    </p>
   </div>
   <div class='ocr_carea' id='block_1_55' title="bbox 2152 2857 3720 2935">
    <p class='ocr_par' dir='ltr' id='par_1_55' title="bbox 2203 2865 3720 2935">
     <span class='ocr_line' id='line_1_55' title="bbox 2203 2865 3720 2935; baseline -0.005 -17"><span class='ocrx_word' id='word_1_435' title='bbox 2203 2865 2410 2918; x_wconf 84' lang='grc' dir='ltr'>αὑτοῦ.</span> <span class='ocrx_word' id='word_1_436' title='bbox 2438 2869 2505 2919; x_wconf 84' lang='lat' dir='ltr'><strong>El</strong></span> <span class='ocrx_word' id='word_1_437' title='bbox 2538 2867 2606 2919; x_wconf 82' lang='grc' dir='ltr'><em>δὲ</em></span> <span class='ocrx_word' id='word_1_438' title='bbox 2637 2868 2891 2934; x_wconf 85' lang='grc' dir='ltr'>Χριστὸς</span> <span class='ocrx_word' id='word_1_439' title='bbox 2920 2869 2987 2921; x_wconf 81' lang='grc' dir='ltr'>ἐκ</span> <span class='ocrx_word' id='word_1_440' title='bbox 3029 2869 3138 2922; x_wconf 87' lang='grc' dir='ltr'><strong>τοῦ</strong></span> <span class='ocrx_word' id='word_1_441' title='bbox 3170 2869 3400 2935; x_wconf 78' lang='grc' dir='ltr'>Πατρός</span> <span class='ocrx_word' id='word_1_442' title='bbox 3435 2865 3720 2918; x_wconf 74' lang='grc' dir='ltr'>πιστεύεται</span> 
     </span>
    </p>
   </div>
   <div class='ocr_carea' id='block_1_56' title="bbox 530 2946 2098 3028">
    <p class='ocr_par' dir='ltr' id='par_1_56' title="bbox 530 2954 2098 3028">
     <span class='ocr_line' id='line_1_56' title="bbox 530 2954 2098 3028; baseline 0.002 -18"><span class='ocrx_word' id='word_1_443' title='bbox 530 2954 774 3010; x_wconf 84' lang='lat' dir='ltr'><strong>Christus</strong></span> <span class='ocrx_word' id='word_1_444' title='bbox 805 2971 868 3008; x_wconf 74' lang='lat' dir='ltr'><strong>ex</strong></span> <span class='ocrx_word' id='word_1_445' title='bbox 897 2955 1103 3021; x_wconf 88' lang='lat' dir='ltr'><strong>Spiritu</strong></span> <span class='ocrx_word' id='word_1_446' title='bbox 1147 2959 1380 3009; x_wconf 83' lang='lat' dir='ltr'><strong>creditur</strong></span> <span class='ocrx_word' id='word_1_447' title='bbox 1417 2956 1552 3010; x_wconf 88' lang='lat' dir='ltr'><strong>Deus</strong></span> <span class='ocrx_word' id='word_1_448' title='bbox 1589 2974 1654 3012; x_wconf 76' lang='lat' dir='ltr'><strong>ea:</strong></span> <span class='ocrx_word' id='word_1_449' title='bbox 1697 2957 1828 3022; x_wconf 88' lang='lat' dir='ltr'><strong>Deo,</strong></span> <span class='ocrx_word' id='word_1_450' title='bbox 1855 2971 1904 3013; x_wconf 87' lang='lat' dir='ltr'><strong>et</strong></span> <span class='ocrx_word' id='word_1_451' title='bbox 1929 2959 2098 3028; x_wconf 86' lang='lat' dir='ltr'><strong>Spiri-</strong></span> 
     </span>
    </p>
   </div>
   <div class='ocr_carea' id='block_1_57' title="bbox 2148 2946 3716 3028">
    <p class='ocr_par' dir='ltr' id='par_1_57' title="bbox 2205 2946 3716 3026">
     <span class='ocr_line' id='line_1_57' title="bbox 2205 2946 3716 3026; baseline -0.001 -18"><span class='ocrx_word' id='word_1_452' title='bbox 2205 2954 2349 3019; x_wconf 87' lang='grc' dir='ltr'>Θεὸς</span> <span class='ocrx_word' id='word_1_453' title='bbox 2382 2955 2450 3008; x_wconf 77' lang='grc' dir='ltr'>ἐκ</span> <span class='ocrx_word' id='word_1_454' title='bbox 2493 2955 2662 3021; x_wconf 87' lang='grc' dir='ltr'><strong>Θεοῦ,</strong></span> <span class='ocrx_word' id='word_1_455' title='bbox 2704 2957 2801 3010; x_wconf 77' lang='grc' dir='ltr'><strong>καί</strong></span> <span class='ocrx_word' id='word_1_456' title='bbox 2855 2957 2922 3010; x_wconf 85' lang='grc' dir='ltr'>τὸ</span> <span class='ocrx_word' id='word_1_457' title='bbox 2959 2956 3208 3026; x_wconf 79' lang='grc' dir='ltr'>Πνεῦμα</span> <span class='ocrx_word' id='word_1_458' title='bbox 3234 2959 3302 3011; x_wconf 80' lang='grc' dir='ltr'>ἐκ</span> <span class='ocrx_word' id='word_1_459' title='bbox 3358 2955 3462 3009; x_wconf 89' lang='grc' dir='ltr'><strong>τοῦ</strong></span> <span class='ocrx_word' id='word_1_460' title='bbox 3492 2946 3716 3022; x_wconf 82' lang='grc' dir='ltr'>Χριστοῦ.</span> 
     </span>
    </p>
   </div>
   <div class='ocr_carea' id='block_1_58' title="bbox 529 3043 2097 3119">
    <p class='ocr_par' dir='ltr' id='par_1_58' title="bbox 529 3047 2097 3119">
     <span class='ocr_line' id='line_1_58' title="bbox 529 3047 2097 3119; baseline 0.003 -17"><span class='ocrx_word' id='word_1_461' title='bbox 529 3057 610 3102; x_wconf 85' lang='lat' dir='ltr'><strong>tus</strong></span> <span class='ocrx_word' id='word_1_462' title='bbox 634 3063 696 3101; x_wconf 77' lang='lat' dir='ltr'><strong>es:</strong></span> <span class='ocrx_word' id='word_1_463' title='bbox 728 3047 959 3113; x_wconf 85' lang='lat' dir='ltr'><strong>Christo,</strong></span> <span class='ocrx_word' id='word_1_464' title='bbox 989 3059 1083 3102; x_wconf 88' lang='lat' dir='ltr'><strong>aut</strong></span> <span class='ocrx_word' id='word_1_465' title='bbox 1137 3064 1200 3102; x_wconf 78' lang='lat' dir='ltr'><strong>ea:</strong></span> <span class='ocrx_word' id='word_1_466' title='bbox 1233 3059 1476 3119; x_wconf 88' lang='lat' dir='ltr'><strong>utroque.</strong></span> <span class='ocrx_word' id='word_1_467' title='bbox 1535 3051 1602 3104; x_wconf 86' lang='lat' dir='ltr'><strong>Et</strong></span> <span class='ocrx_word' id='word_1_468' title='bbox 1631 3050 1783 3104; x_wconf 92' lang='lat' dir='ltr'><strong>fraus</strong></span> <span class='ocrx_word' id='word_1_469' title='bbox 1812 3051 2097 3106; x_wconf 85' lang='lat' dir='ltr'><strong>manifesta</strong></span> 
     </span>
    </p>
   </div>
   <div class='ocr_carea' id='block_1_59' title="bbox 2150 3043 3718 3119">
    <p class='ocr_par' dir='ltr' id='par_1_59' title="bbox 2201 3043 3718 3117">
     <span class='ocr_line' id='line_1_59' title="bbox 2201 3043 3718 3117; baseline -0.007 -15"><span class='ocrx_word' id='word_1_470' title='bbox 2201 3047 2240 3112; x_wconf 79' lang='grc' dir='ltr'><strong><em>ἢ</em></strong></span> <span class='ocrx_word' id='word_1_471' title='bbox 2279 3048 2415 3112; x_wconf 79' lang='grc' dir='ltr'>παρ’</span> <span class='ocrx_word' id='word_1_472' title='bbox 2455 3047 2824 3115; x_wconf 63' lang='grc' dir='ltr'>ἀμφοτέρων,</span> <span class='ocrx_word' id='word_1_473' title='bbox 2855 3049 2938 3114; x_wconf 84' lang='grc' dir='ltr'>ὥς</span> <span class='ocrx_word' id='word_1_474' title='bbox 2985 3065 3183 3117; x_wconf 67' lang='grc' dir='ltr'>φησιν</span> <span class='ocrx_word' id='word_1_475' title='bbox 3218 3052 3252 3103; x_wconf 81' lang='grc' dir='ltr'><em>ὀ</em></span> <span class='ocrx_word' id='word_1_476' title='bbox 3315 3047 3574 3116; x_wconf 78' lang='grc' dir='ltr'>Χριστὸς,</span> <span class='ocrx_word' id='word_1_477' title='bbox 3624 3061 3639 3094; x_wconf 87' lang='grc' dir='ltr'><strong>ι</strong></span> <span class='ocrx_word' id='word_1_478' title='bbox 3673 3043 3718 3092; x_wconf 89' lang='lat'><strong>&#39;0</strong></span> 
     </span>
    </p>
   </div>
   <div class='ocr_carea' id='block_1_60' title="bbox 528 3128 2096 3210">
    <p class='ocr_par' dir='ltr' id='par_1_60' title="bbox 528 3142 2095 3210">
     <span class='ocr_line' id='line_1_60' title="bbox 528 3142 2095 3210; baseline 0.002 -15"><span class='ocrx_word' id='word_1_479' title='bbox 528 3150 635 3207; x_wconf 87' lang='lat' dir='ltr'><strong>cst,</strong></span> <span class='ocrx_word' id='word_1_480' title='bbox 668 3150 719 3194; x_wconf 85' lang='lat' dir='ltr'><strong>et</strong></span> <span class='ocrx_word' id='word_1_481' title='bbox 749 3142 1061 3210; x_wconf 89' lang='lat' dir='ltr'><strong>cuicunque</strong></span> <span class='ocrx_word' id='word_1_482' title='bbox 1091 3142 1428 3210; x_wconf 87' lang='lat' dir='ltr'><strong>deprehensu</strong></span> <span class='ocrx_word' id='word_1_483' title='bbox 1459 3143 1962 3209; x_wconf 84' lang='lat' dir='ltr'><strong>minimedifIicilis,</strong></span> <span class='ocrx_word' id='word_1_484' title='bbox 1988 3161 2095 3198; x_wconf 89' lang='lat' dir='ltr'><strong>non</strong></span> 
     </span>
    </p>
   </div>
   <div class='ocr_carea' id='block_1_61' title="bbox 2145 3128 3713 3210">
    <p class='ocr_par' dir='ltr' id='par_1_61' title="bbox 2203 3128 3713 3210">
     <span class='ocr_line' id='line_1_61' title="bbox 2203 3128 3713 3210; baseline -0.013 -5"><span class='ocrx_word' id='word_1_485' title='bbox 2203 3141 2360 3204; x_wconf 74' lang='grc' dir='ltr'><strong>παρὰ</strong></span> <span class='ocrx_word' id='word_1_486' title='bbox 2394 3140 2501 3194; x_wconf 84' lang='grc' dir='ltr'><strong>τοῦ</strong></span> <span class='ocrx_word' id='word_1_487' title='bbox 2530 3141 2762 3210; x_wconf 78' lang='grc' dir='ltr'>Πατρός</span> <span class='ocrx_word' id='word_1_488' title='bbox 2808 3141 3222 3209; x_wconf 80' lang='grc' dir='ltr'>ἐκπορεύεται,</span> <span class='ocrx_word' id='word_1_489' title='bbox 3267 3160 3287 3194; x_wconf 72' lang='grc' dir='ltr'><strong>ι</strong></span> <span class='ocrx_word' id='word_1_490' title='bbox 3333 3139 3466 3202; x_wconf 75' lang='grc' dir='ltr'>καί,</span> <span class='ocrx_word' id='word_1_491' title='bbox 3508 3156 3526 3189; x_wconf 86' lang='grc' dir='ltr'><strong>ι</strong></span> <span class='ocrx_word' id='word_1_492' title='bbox 3575 3128 3713 3198; x_wconf 83' lang='grc' dir='ltr'>Οὗτος</span> 
     </span>
    </p>
   </div>
   <div class='ocr_carea' id='block_1_62' title="bbox 525 3226 2093 3305">
    <p class='ocr_par' dir='ltr' id='par_1_62' title="bbox 525 3235 2093 3305">
     <span class='ocr_line' id='line_1_62' title="bbox 525 3235 2093 3305; baseline 0.001 -16"><span class='ocrx_word' id='word_1_493' title='bbox 525 3244 734 3290; x_wconf 84' lang='lat' dir='ltr'><strong>tantum</strong></span> <span class='ocrx_word' id='word_1_494' title='bbox 769 3235 912 3303; x_wconf 87' lang='lat' dir='ltr'><strong>quod</strong></span> <span class='ocrx_word' id='word_1_495' title='bbox 947 3236 1169 3288; x_wconf 86' lang='lat' dir='ltr'><strong>omnino</strong></span> <span class='ocrx_word' id='word_1_496' title='bbox 1197 3236 1531 3305; x_wconf 86' lang='lat' dir='ltr'><strong>inopinabile</strong></span> <span class='ocrx_word' id='word_1_497' title='bbox 1559 3245 1643 3290; x_wconf 91' lang='lat' dir='ltr'><strong>est</strong></span> <span class='ocrx_word' id='word_1_498' title='bbox 1671 3237 1948 3290; x_wconf 84' lang='lat' dir='ltr'><strong>Christum</strong></span> <span class='ocrx_word' id='word_1_499' title='bbox 1979 3253 2093 3291; x_wconf 79' lang='lat' dir='ltr'><strong>esse</strong></span> 
     </span>
    </p>
   </div>
   <div class='ocr_carea' id='block_1_63' title="bbox 2149 3226 3717 3305">
    <p class='ocr_par' dir='ltr' id='par_1_63' title="bbox 2149 3226 3717 3300">
     <span class='ocr_line' id='line_1_63' title="bbox 2149 3226 3717 3300; baseline -0.006 -17"><span class='ocrx_word' id='word_1_500' title='bbox 2149 3231 2167 3292; x_wconf 67' lang='grc' dir='ltr'>ζ</span> <span class='ocrx_word' id='word_1_501' title='bbox 2199 3231 2267 3282; x_wconf 82' lang='grc' dir='ltr'>ἐκ</span> <span class='ocrx_word' id='word_1_502' title='bbox 2301 3230 2406 3284; x_wconf 87' lang='grc' dir='ltr'><strong>τοῦ</strong></span> <span class='ocrx_word' id='word_1_503' title='bbox 2447 3230 2594 3300; x_wconf 84' lang='grc' dir='ltr'>ἐμοῦ</span> <span class='ocrx_word' id='word_1_504' title='bbox 2626 3231 2907 3299; x_wconf 70' lang='grc' dir='ltr'>λήψεται.</span> <span class='ocrx_word' id='word_1_505' title='bbox 2939 3251 2959 3284; x_wconf 83' lang='grc'>›</span> <span class='ocrx_word' id='word_1_506' title='bbox 3003 3235 3115 3287; x_wconf 71' lang='grc' dir='ltr'><strong>Καὶ</strong></span> <span class='ocrx_word' id='word_1_507' title='bbox 3147 3233 3208 3286; x_wconf 82' lang='grc' dir='ltr'>τὸ</span> <span class='ocrx_word' id='word_1_508' title='bbox 3230 3231 3324 3286; x_wconf 83' lang='grc' dir='ltr'><strong>νῦν</strong></span> <span class='ocrx_word' id='word_1_509' title='bbox 3353 3230 3502 3284; x_wconf 82' lang='grc' dir='ltr'>τοῦτο</span> <span class='ocrx_word' id='word_1_510' title='bbox 3525 3227 3662 3299; x_wconf 75' lang='grc' dir='ltr'>ῥητὸν</span> <span class='ocrx_word' id='word_1_511' title='bbox 3679 3226 3717 3274; x_wconf 72' lang='grc' dir='ltr'>ἐν</span> 
     </span>
    </p>
   </div>
   <div class='ocr_carea' id='block_1_64' title="bbox 527 3320 2095 3394">
    <p class='ocr_par' dir='ltr' id='par_1_64' title="bbox 527 3324 2095 3394">
     <span class='ocr_line' id='line_1_64' title="bbox 527 3324 2095 3394; baseline 0 -14"><span class='ocrx_word' id='word_1_512' title='bbox 527 3341 592 3380; x_wconf 81' lang='lat' dir='ltr'><strong>cx</strong></span> <span class='ocrx_word' id='word_1_513' title='bbox 635 3324 869 3394; x_wconf 89' lang='lat' dir='ltr'><strong>Spiritu,</strong></span> <span class='ocrx_word' id='word_1_514' title='bbox 924 3340 1049 3377; x_wconf 85' lang='lat' dir='ltr'><strong>cum</strong></span> <span class='ocrx_word' id='word_1_515' title='bbox 1100 3341 1262 3380; x_wconf 91' lang='lat' dir='ltr'><strong>nemo</strong></span> <span class='ocrx_word' id='word_1_516' title='bbox 1293 3327 1540 3380; x_wconf 91' lang='lat' dir='ltr'><strong>omnium</strong></span> <span class='ocrx_word' id='word_1_517' title='bbox 1595 3341 1724 3379; x_wconf 89' lang='lat' dir='ltr'><strong>vere</strong></span> <span class='ocrx_word' id='word_1_518' title='bbox 1757 3326 1810 3380; x_wconf 93' lang='lat' dir='ltr'><strong>id</strong></span> <span class='ocrx_word' id='word_1_519' title='bbox 1845 3328 2095 3394; x_wconf 84' lang='lat' dir='ltr'><strong>opinatus</strong></span> 
     </span>
    </p>
   </div>
   <div class='ocr_carea' id='block_1_65' title="bbox 2145 3320 3713 3394">
    <p class='ocr_par' dir='ltr' id='par_1_65' title="bbox 2205 3320 3713 3394">
     <span class='ocr_line' id='line_1_65' title="bbox 2205 3320 3713 3394; baseline -0.003 -22"><span class='ocrx_word' id='word_1_520' title='bbox 2205 3322 2406 3389; x_wconf 76' lang='grc' dir='ltr'>βίϐλοις</span> <span class='ocrx_word' id='word_1_521' title='bbox 2446 3325 2587 3376; x_wconf 73' lang='grc' dir='ltr'>τισὶν</span> <span class='ocrx_word' id='word_1_522' title='bbox 2617 3323 2848 3393; x_wconf 73' lang='grc' dir='ltr'>εὕρηται</span> <span class='ocrx_word' id='word_1_523' title='bbox 2881 3324 3212 3394; x_wconf 80' lang='grc' dir='ltr'>κακούργως</span> <span class='ocrx_word' id='word_1_524' title='bbox 3257 3325 3452 3376; x_wconf 71' lang='grc' dir='ltr'>οὑτωσὶ</span> <span class='ocrx_word' id='word_1_525' title='bbox 3478 3320 3713 3388; x_wconf 82' lang='grc' dir='ltr'>κείμενον’</span> 
     </span>
    </p>
   </div>
   <div class='ocr_carea' id='block_1_66' title="bbox 525 3408 2093 3484">
    <p class='ocr_par' dir='ltr' id='par_1_66' title="bbox 525 3415 2093 3484">
     <span class='ocr_line' id='line_1_66' title="bbox 525 3415 2093 3484; baseline 0.001 -13"><span class='ocrx_word' id='word_1_526' title='bbox 525 3415 712 3480; x_wconf 83' lang='lat' dir='ltr'><strong>fuerit,</strong></span> <span class='ocrx_word' id='word_1_527' title='bbox 740 3416 832 3470; x_wconf 91' lang='lat' dir='ltr'><strong>sed</strong></span> <span class='ocrx_word' id='word_1_528' title='bbox 866 3415 1012 3484; x_wconf 87' lang='lat' dir='ltr'><strong>quod</strong></span> <span class='ocrx_word' id='word_1_529' title='bbox 1065 3415 1299 3469; x_wconf 86' lang='lat' dir='ltr'><strong>alterum</strong></span> <span class='ocrx_word' id='word_1_530' title='bbox 1333 3417 1400 3470; x_wconf 91' lang='lat' dir='ltr'><strong>ab</strong></span> <span class='ocrx_word' id='word_1_531' title='bbox 1432 3419 1607 3469; x_wconf 88' lang='lat' dir='ltr'><strong>altero</strong></span> <span class='ocrx_word' id='word_1_532' title='bbox 1659 3432 1780 3470; x_wconf 88' lang='lat' dir='ltr'><strong>esse</strong></span> <span class='ocrx_word' id='word_1_533' title='bbox 1814 3417 2093 3472; x_wconf 87' lang='lat' dir='ltr'><strong>absurdis-</strong></span> 
     </span>
    </p>
   </div>
   <div class='ocr_carea' id='block_1_67' title="bbox 2151 3408 3719 3484">
    <p class='ocr_par' dir='ltr' id='par_1_67' title="bbox 2201 3408 3719 3481">
     <span class='ocr_line' id='line_1_67' title="bbox 2201 3408 3719 3481; baseline -0.004 -16"><span class='ocrx_word' id='word_1_534' title='bbox 2201 3415 2271 3465; x_wconf 81' lang='lat' dir='ltr'><strong>Ei</strong></span> <span class='ocrx_word' id='word_1_535' title='bbox 2319 3412 2389 3464; x_wconf 80' lang='grc' dir='ltr'><strong>δὲ</strong></span> <span class='ocrx_word' id='word_1_536' title='bbox 2440 3415 2700 3480; x_wconf 84' lang='grc' dir='ltr'>Χριστὸς</span> <span class='ocrx_word' id='word_1_537' title='bbox 2753 3413 2822 3466; x_wconf 86' lang='grc' dir='ltr'>ἐκ</span> <span class='ocrx_word' id='word_1_538' title='bbox 2870 3414 2976 3466; x_wconf 89' lang='grc' dir='ltr'><strong>τοῦ</strong></span> <span class='ocrx_word' id='word_1_539' title='bbox 3037 3415 3390 3481; x_wconf 83' lang='grc' dir='ltr'>Πνεύματος</span> <span class='ocrx_word' id='word_1_540' title='bbox 3436 3408 3719 3464; x_wconf 79' lang='grc' dir='ltr'>πιστεύεται</span> 
     </span>
    </p>
   </div>
   <div class='ocr_carea' id='block_1_68' title="bbox 527 3493 2095 3575">
    <p class='ocr_par' dir='ltr' id='par_1_68' title="bbox 527 3505 2095 3574">
     <span class='ocr_line' id='line_1_68' title="bbox 527 3505 2095 3574; baseline -0.001 -14"><span class='ocrx_word' id='word_1_541' title='bbox 527 3505 724 3560; x_wconf 88' lang='lat' dir='ltr'><strong>simum</strong></span> <span class='ocrx_word' id='word_1_542' title='bbox 759 3505 1003 3559; x_wconf 91' lang='lat' dir='ltr'><strong>omnium</strong></span> <span class='ocrx_word' id='word_1_543' title='bbox 1047 3515 1351 3574; x_wconf 88' lang='lat' dir='ltr'><strong>reputatur.</strong></span> <span class='ocrx_word' id='word_1_544' title='bbox 1403 3505 1651 3572; x_wconf 87' lang='lat' dir='ltr'><strong>Quonam</strong></span> <span class='ocrx_word' id='word_1_545' title='bbox 1707 3523 1838 3562; x_wconf 90' lang='lat' dir='ltr'><strong>vero</strong></span> <span class='ocrx_word' id='word_1_546' title='bbox 1871 3508 1922 3560; x_wconf 93' lang='lat' dir='ltr'><strong>in</strong></span> <span class='ocrx_word' id='word_1_547' title='bbox 1976 3507 2095 3561; x_wconf 90' lang='lat' dir='ltr'><strong>loco</strong></span> 
     </span>
    </p>
   </div>
   <div class='ocr_carea' id='block_1_69' title="bbox 2147 3493 3715 3575">
    <p class='ocr_par' dir='ltr' id='par_1_69' title="bbox 2202 3493 3715 3575">
     <span class='ocr_line' id='line_1_69' title="bbox 2202 3493 3715 3575; baseline -0.004 -18"><span class='ocrx_word' id='word_1_548' title='bbox 2202 3504 2347 3569; x_wconf 84' lang='grc' dir='ltr'>Θεὸς</span> <span class='ocrx_word' id='word_1_549' title='bbox 2371 3505 2440 3558; x_wconf 81' lang='grc' dir='ltr'>ἐκ</span> <span class='ocrx_word' id='word_1_550' title='bbox 2475 3505 2645 3569; x_wconf 77' lang='grc' dir='ltr'>Θεοῦ,</span> <span class='ocrx_word' id='word_1_551' title='bbox 2677 3505 2775 3559; x_wconf 75' lang='grc' dir='ltr'>καὶ</span> <span class='ocrx_word' id='word_1_552' title='bbox 2805 3507 2871 3559; x_wconf 88' lang='grc' dir='ltr'>τὸ</span> <span class='ocrx_word' id='word_1_553' title='bbox 2895 3504 3139 3575; x_wconf 83' lang='grc' dir='ltr'>Πνεῦμα</span> <span class='ocrx_word' id='word_1_554' title='bbox 3172 3505 3243 3559; x_wconf 80' lang='grc' dir='ltr'>ἐκ</span> <span class='ocrx_word' id='word_1_555' title='bbox 3288 3505 3393 3558; x_wconf 86' lang='grc' dir='ltr'><strong>τοῦ</strong></span> <span class='ocrx_word' id='word_1_556' title='bbox 3420 3497 3663 3571; x_wconf 86' lang='grc' dir='ltr'>Χριστοῦ,</span> <span class='ocrx_word' id='word_1_557' title='bbox 3690 3493 3715 3560; x_wconf 66' lang='grc' dir='ltr'>ἢ</span> 
     </span>
    </p>
   </div>
   <div class='ocr_carea' id='block_1_70' title="bbox 526 3589 2094 3669">
    <p class='ocr_par' dir='ltr' id='par_1_70' title="bbox 526 3596 2094 3667">
     <span class='ocr_line' id='line_1_70' title="bbox 526 3596 2094 3667; baseline 0.001 -16"><span class='ocrx_word' id='word_1_558' title='bbox 526 3597 802 3667; x_wconf 86' lang='lat' dir='ltr'><strong>quispiam</strong></span> <span class='ocrx_word' id='word_1_559' title='bbox 838 3597 1082 3666; x_wconf 86' lang='lat' dir='ltr'><strong>posuerit</strong></span> <span class='ocrx_word' id='word_1_560' title='bbox 1121 3598 1266 3666; x_wconf 91' lang='lat' dir='ltr'><strong>quod</strong></span> <span class='ocrx_word' id='word_1_561' title='bbox 1321 3597 1447 3650; x_wconf 87' lang='lat' dir='ltr'><strong>imle</strong></span> <span class='ocrx_word' id='word_1_562' title='bbox 1475 3597 1653 3651; x_wconf 88' lang='lat' dir='ltr'><strong>oritur</strong></span> <span class='ocrx_word' id='word_1_563' title='bbox 1693 3597 1940 3651; x_wconf 86' lang='lat' dir='ltr'><strong>malum?</strong></span> <span class='ocrx_word' id='word_1_564' title='bbox 1989 3596 2094 3652; x_wconf 83' lang='lat' dir='ltr'><strong>Hac</strong></span> 
     </span>
    </p>
   </div>
   <div class='ocr_carea' id='block_1_71' title="bbox 2151 3589 3719 3669">
    <p class='ocr_par' dir='ltr' id='par_1_71' title="bbox 2203 3589 3719 3669">
     <span class='ocr_line' id='line_1_71' title="bbox 2203 3589 3719 3669; baseline 0.001 -22"><span class='ocrx_word' id='word_1_565' title='bbox 2203 3596 2342 3662; x_wconf 79' lang='grc' dir='ltr'>παρ’</span> <span class='ocrx_word' id='word_1_566' title='bbox 2370 3595 2740 3664; x_wconf 65' lang='grc' dir='ltr'>ἀμφοτέρων.</span> <span class='ocrx_word' id='word_1_567' title='bbox 2774 3596 2844 3653; x_wconf 84' lang='grc' dir='ltr'><strong>Ἦ</strong></span> <span class='ocrx_word' id='word_1_568' title='bbox 2873 3597 2928 3650; x_wconf 84' lang='grc' dir='ltr'><strong>δὲ</strong></span> <span class='ocrx_word' id='word_1_569' title='bbox 2962 3597 3278 3669; x_wconf 78' lang='grc' dir='ltr'>κακουργία</span> <span class='ocrx_word' id='word_1_570' title='bbox 3308 3598 3499 3666; x_wconf 75' lang='grc' dir='ltr'>σαφὴς,</span> <span class='ocrx_word' id='word_1_571' title='bbox 3529 3589 3719 3648; x_wconf 78' lang='grc' dir='ltr'>καὶτοῖς</span> 
     </span>
    </p>
   </div>
   <div class='ocr_carea' id='block_1_72' title="bbox 525 3678 2093 3759">
    <p class='ocr_par' dir='ltr' id='par_1_72' title="bbox 525 3687 2093 3759">
     <span class='ocr_line' id='line_1_72' title="bbox 525 3687 2093 3759; baseline -0.001 -14"><span class='ocrx_word' id='word_1_572' title='bbox 525 3688 791 3759; x_wconf 87' lang='lat' dir='ltr'><strong>siquidem</strong></span> <span class='ocrx_word' id='word_1_573' title='bbox 851 3689 1066 3743; x_wconf 86' lang='lat' dir='ltr'><strong>ratione</strong></span> <span class='ocrx_word' id='word_1_574' title='bbox 1115 3698 1169 3744; x_wconf 89' lang='lat' dir='ltr'><strong>et</strong></span> <span class='ocrx_word' id='word_1_575' title='bbox 1227 3687 1464 3758; x_wconf 87' lang='lat' dir='ltr'><strong>Spiritus</strong></span> <span class='ocrx_word' id='word_1_576' title='bbox 1504 3704 1572 3744; x_wconf 77' lang='lat' dir='ltr'><strong>ex</strong></span> <span class='ocrx_word' id='word_1_577' title='bbox 1632 3689 1927 3758; x_wconf 78' lang='lat' dir='ltr'><strong>semetipso</strong></span> <span class='ocrx_word' id='word_1_578' title='bbox 1979 3703 2093 3742; x_wconf 82' lang='lat' dir='ltr'><strong>esse</strong></span> 
     </span>
    </p>
   </div>
   <div class='ocr_carea' id='block_1_73' title="bbox 2151 3678 3719 3759">
    <p class='ocr_par' dir='ltr' id='par_1_73' title="bbox 2205 3678 3719 3759">
     <span class='ocr_line' id='line_1_73' title="bbox 2205 3678 3719 3759; baseline 0 -21"><span class='ocrx_word' id='word_1_579' title='bbox 2205 3688 2371 3738; x_wconf 83' lang='grc' dir='ltr'>πᾶσιν</span> <span class='ocrx_word' id='word_1_580' title='bbox 2403 3685 2740 3757; x_wconf 75' lang='grc' dir='ltr'>εὐφώρατος,</span> <span class='ocrx_word' id='word_1_581' title='bbox 2771 3689 2888 3759; x_wconf 47' lang='grc' dir='ltr'>οὐχι</span> <span class='ocrx_word' id='word_1_582' title='bbox 2909 3690 2990 3743; x_wconf 84' lang='grc' dir='ltr'>ὅτι</span> <span class='ocrx_word' id='word_1_583' title='bbox 3012 3689 3111 3742; x_wconf 80' lang='grc' dir='ltr'>καὶ</span> <span class='ocrx_word' id='word_1_584' title='bbox 3155 3689 3321 3755; x_wconf 86' lang='grc' dir='ltr'>μόνον</span> <span class='ocrx_word' id='word_1_585' title='bbox 3351 3687 3530 3751; x_wconf 79' lang='grc' dir='ltr'>ἄδοξον</span> <span class='ocrx_word' id='word_1_586' title='bbox 3561 3678 3719 3738; x_wconf 73' lang='grc' dir='ltr'>ὀλικῶς</span> 
     </span>
    </p>
   </div>
   <div class='ocr_carea' id='block_1_74' title="bbox 522 3769 2090 3850">
    <p class='ocr_par' dir='ltr' id='par_1_74' title="bbox 522 3779 2090 3848">
     <span class='ocr_line' id='line_1_74' title="bbox 522 3779 2090 3848; baseline 0.002 -18"><span class='ocrx_word' id='word_1_587' title='bbox 522 3779 980 3848; x_wconf 82' lang='lat' dir='ltr'><strong>deprehendetur.</strong></span> <span class='ocrx_word' id='word_1_588' title='bbox 1037 3780 1527 3845; x_wconf 76' lang='lat' dir='ltr'><strong>Quomodo‘ICum</strong></span> <span class='ocrx_word' id='word_1_589' title='bbox 1583 3781 1777 3835; x_wconf 85' lang='lat' dir='ltr'><strong>beatus</strong></span> <span class='ocrx_word' id='word_1_590' title='bbox 1831 3780 2090 3834; x_wconf 79' lang='lat' dir='ltr'><strong>dixisset:</strong></span> 
     </span>
    </p>
   </div>
   <div class='ocr_carea' id='block_1_75' title="bbox 2151 3769 3719 3850">
    <p class='ocr_par' dir='ltr' id='par_1_75' title="bbox 2205 3769 3719 3850">
     <span class='ocr_line' id='line_1_75' title="bbox 2205 3769 3719 3850; baseline -0.006 -18"><span class='ocrx_word' id='word_1_591' title='bbox 2205 3779 2268 3832; x_wconf 74' lang='grc' dir='ltr'>τὸ</span> <span class='ocrx_word' id='word_1_592' title='bbox 2295 3779 2587 3849; x_wconf 80' lang='grc' dir='ltr'>τυγχάνειν</span> <span class='ocrx_word' id='word_1_593' title='bbox 2629 3780 2720 3833; x_wconf 83' lang='grc' dir='ltr'>τὸν</span> <span class='ocrx_word' id='word_1_594' title='bbox 2747 3781 2982 3850; x_wconf 72' lang='grc' dir='ltr'>Χριστὸν</span> <span class='ocrx_word' id='word_1_595' title='bbox 3007 3783 3072 3833; x_wconf 80' lang='grc' dir='ltr'>ἐκ</span> <span class='ocrx_word' id='word_1_596' title='bbox 3109 3781 3206 3835; x_wconf 81' lang='grc' dir='ltr'><strong>τοῦ</strong></span> <span class='ocrx_word' id='word_1_597' title='bbox 3263 3781 3580 3850; x_wconf 83' lang='grc' dir='ltr'>Πνεύματος,</span> <span class='ocrx_word' id='word_1_598' title='bbox 3606 3769 3719 3828; x_wconf 76' lang='grc' dir='ltr'>ἐπεί-</span> 
     </span>
    </p>
   </div>
   <div class='ocr_carea' id='block_1_76' title="bbox 521 3867 2089 3944">
    <p class='ocr_par' dir='ltr' id='par_1_76' title="bbox 521 3869 2089 3940">
     <span class='ocr_line' id='line_1_76' title="bbox 521 3869 2089 3940; baseline 0.001 -15"><span class='ocrx_word' id='word_1_599' title='bbox 521 3882 572 3926; x_wconf 85' lang='lat' dir='ltr'><strong>et</strong></span> <span class='ocrx_word' id='word_1_600' title='bbox 613 3869 848 3940; x_wconf 86' lang='lat' dir='ltr'><strong>Spiritus</strong></span> <span class='ocrx_word' id='word_1_601' title='bbox 901 3887 966 3926; x_wconf 72' lang='lat' dir='ltr'><strong>ex</strong></span> <span class='ocrx_word' id='word_1_602' title='bbox 999 3870 1231 3931; x_wconf 84' lang='lat' dir='ltr'><strong>Christo.</strong></span> <span class='ocrx_word' id='word_1_603' title='bbox 1287 3871 1634 3940; x_wconf 88' lang='lat' dir='ltr'><strong>postmodum</strong></span> <span class='ocrx_word' id='word_1_604' title='bbox 1664 3871 1918 3927; x_wconf 83' lang='lat' dir='ltr'><strong>ocissime</strong></span> <span class='ocrx_word' id='word_1_605' title='bbox 1963 3875 2089 3928; x_wconf 89' lang='lat' dir='ltr'><strong>sub-</strong></span> 
     </span>
    </p>
   </div>
   <div class='ocr_carea' id='block_1_77' title="bbox 2151 3867 3719 3944">
    <p class='ocr_par' dir='ltr' id='par_1_77' title="bbox 2206 3867 3719 3944">
     <span class='ocr_line' id='line_1_77' title="bbox 2206 3867 3719 3944; baseline -0.011 -14"><span class='ocrx_word' id='word_1_606' title='bbox 2206 3888 2311 3939; x_wconf 78' lang='grc' dir='ltr'><strong>περ</strong></span> <span class='ocrx_word' id='word_1_607' title='bbox 2343 3872 2519 3934; x_wconf 70' lang='grc' dir='ltr'>οὐδεὶς</span> <span class='ocrx_word' id='word_1_608' title='bbox 2554 3873 2665 3927; x_wconf 83' lang='grc' dir='ltr'><strong>τῶν</strong></span> <span class='ocrx_word' id='word_1_609' title='bbox 2698 3874 2917 3926; x_wconf 84' lang='grc' dir='ltr'>πάντων</span> <span class='ocrx_word' id='word_1_610' title='bbox 2948 3875 3023 3936; x_wconf 87' lang='grc' dir='ltr'><strong>ὡς</strong></span> <span class='ocrx_word' id='word_1_611' title='bbox 3043 3873 3290 3944; x_wconf 72' lang='grc' dir='ltr'>ἀληθῶς,</span> <span class='ocrx_word' id='word_1_612' title='bbox 3338 3875 3481 3935; x_wconf 77' lang='grc' dir='ltr'>ὅστις</span> <span class='ocrx_word' id='word_1_613' title='bbox 3503 3867 3631 3922; x_wconf 79' lang='grc' dir='ltr'>τουτὶ</span> <span class='ocrx_word' id='word_1_614' title='bbox 3655 3879 3719 3916; x_wconf 85' lang='grc' dir='ltr'>το-</span> 
     </span>
    </p>
   </div>
   <div class='ocr_carea' id='block_1_78' title="bbox 526 3956 2094 4034">
    <p class='ocr_par' dir='ltr' id='par_1_78' title="bbox 526 3961 2092 4033">
     <span class='ocr_line' id='line_1_78' title="bbox 526 3961 2092 4033; baseline 0 -15"><span class='ocrx_word' id='word_1_615' title='bbox 526 3963 744 4018; x_wconf 87' lang='lat' dir='ltr'><strong>intulit:</strong></span> <span class='ocrx_word' id='word_1_616' title='bbox 779 3973 871 4017; x_wconf 87' lang='lat' dir='ltr'><strong>aut</strong></span> <span class='ocrx_word' id='word_1_617' title='bbox 909 3979 972 4017; x_wconf 79' lang='lat' dir='ltr'><strong>ea:</strong></span> <span class='ocrx_word' id='word_1_618' title='bbox 1011 3973 1252 4032; x_wconf 85' lang='lat' dir='ltr'><strong>utroque.</strong></span> <span class='ocrx_word' id='word_1_619' title='bbox 1283 3963 1338 4016; x_wconf 88' lang='lat' dir='ltr'><strong>Si</strong></span> <span class='ocrx_word' id='word_1_620' title='bbox 1371 3965 1553 4032; x_wconf 87' lang='lat' dir='ltr'><strong>itaque</strong></span> <span class='ocrx_word' id='word_1_621' title='bbox 1588 3961 1667 4017; x_wconf 86' lang='lat' dir='ltr'><strong>sic</strong></span> <span class='ocrx_word' id='word_1_622' title='bbox 1701 3963 1774 4016; x_wconf 90' lang='lat' dir='ltr'><strong>ibi</strong></span> <span class='ocrx_word' id='word_1_623' title='bbox 1839 3965 2092 4033; x_wconf 88' lang='lat' dir='ltr'><strong>habetur,</strong></span> 
     </span>
    </p>
   </div>
   <div class='ocr_carea' id='block_1_79' title="bbox 2152 3956 3720 4034">
    <p class='ocr_par' dir='ltr' id='par_1_79' title="bbox 2206 3956 3720 4034">
     <span class='ocr_line' id='line_1_79' title="bbox 2206 3956 3720 4034; baseline -0.003 -18"><span class='ocrx_word' id='word_1_624' title='bbox 2206 3963 2474 4034; x_wconf 84' lang='grc' dir='ltr'>παράπαν</span> <span class='ocrx_word' id='word_1_625' title='bbox 2533 3964 2806 4030; x_wconf 75' lang='grc' dir='ltr'>ἐδόξασεν,</span> <span class='ocrx_word' id='word_1_626' title='bbox 2842 3965 2956 4018; x_wconf 85' lang='grc' dir='ltr'>ἀλλ’</span> <span class='ocrx_word' id='word_1_627' title='bbox 2983 3967 3063 4017; x_wconf 83' lang='grc' dir='ltr'>ὅτι</span> <span class='ocrx_word' id='word_1_628' title='bbox 3099 3967 3194 4019; x_wconf 77' lang='grc' dir='ltr'>καὶ</span> <span class='ocrx_word' id='word_1_629' title='bbox 3229 3967 3290 4018; x_wconf 81' lang='grc' dir='ltr'>τὸ</span> <span class='ocrx_word' id='word_1_630' title='bbox 3319 3965 3487 4018; x_wconf 74' lang='grc' dir='ltr'>τελεῖν</span> <span class='ocrx_word' id='word_1_631' title='bbox 3514 3962 3566 4025; x_wconf 74' lang='grc' dir='ltr'>ἐξ</span> <span class='ocrx_word' id='word_1_632' title='bbox 3590 3956 3720 4022; x_wconf 68' lang='grc' dir='ltr'>ἀλλή-</span> 
     </span>
    </p>
   </div>
   <div class='ocr_carea' id='block_1_80' title="bbox 525 4053 2093 4129">
    <p class='ocr_par' dir='ltr' id='par_1_80' title="bbox 525 4053 2093 4127">
     <span class='ocr_line' id='line_1_80' title="bbox 525 4053 2093 4127; baseline 0 -15"><span class='ocrx_word' id='word_1_633' title='bbox 525 4055 767 4112; x_wconf 86' lang='lat' dir='ltr'><strong>Christus</strong></span> <span class='ocrx_word' id='word_1_634' title='bbox 787 4072 850 4110; x_wconf 78' lang='lat' dir='ltr'><strong>es:</strong></span> <span class='ocrx_word' id='word_1_635' title='bbox 875 4053 1098 4124; x_wconf 88' lang='lat' dir='ltr'><strong>Spiritu,</strong></span> <span class='ocrx_word' id='word_1_636' title='bbox 1135 4071 1263 4119; x_wconf 92' lang='lat' dir='ltr'><strong>non,</strong></span> <span class='ocrx_word' id='word_1_637' title='bbox 1295 4071 1359 4108; x_wconf 75' lang='lat' dir='ltr'><strong>ex</strong></span> <span class='ocrx_word' id='word_1_638' title='bbox 1383 4053 1567 4119; x_wconf 87' lang='lat' dir='ltr'><strong>Patre,</strong></span> <span class='ocrx_word' id='word_1_639' title='bbox 1590 4055 1732 4126; x_wconf 91' lang='lat' dir='ltr'><strong>quod</strong></span> <span class='ocrx_word' id='word_1_640' title='bbox 1763 4058 1887 4112; x_wconf 86' lang='lat' dir='ltr'><strong>inde</strong></span> <span class='ocrx_word' id='word_1_641' title='bbox 1909 4061 2093 4127; x_wconf 86' lang='lat' dir='ltr'><strong>sequi-</strong></span> 
     </span>
    </p>
   </div>
   <div class='ocr_carea' id='block_1_81' title="bbox 2149 4053 3717 4129">
    <p class='ocr_par' dir='ltr' id='par_1_81' title="bbox 2201 4053 3717 4129">
     <span class='ocr_line' id='line_1_81' title="bbox 2201 4053 3717 4129; baseline -0.001 -24"><span class='ocrx_word' id='word_1_642' title='bbox 2201 4055 2309 4108; x_wconf 89' lang='grc' dir='ltr'><strong>λων</strong></span> <span class='ocrx_word' id='word_1_643' title='bbox 2339 4056 2478 4110; x_wconf 83' lang='grc' dir='ltr'>αὐτὰ</span> <span class='ocrx_word' id='word_1_644' title='bbox 2520 4057 2628 4110; x_wconf 82' lang='grc' dir='ltr'><strong>τῶν</strong></span> <span class='ocrx_word' id='word_1_645' title='bbox 2679 4058 3167 4129; x_wconf 83' lang='grc' dir='ltr'>παραλογωτὰτων</span> <span class='ocrx_word' id='word_1_646' title='bbox 3215 4059 3394 4126; x_wconf 84' lang='grc' dir='ltr'>πάντη</span> <span class='ocrx_word' id='word_1_647' title='bbox 3439 4053 3717 4119; x_wconf 77' lang='grc' dir='ltr'>καθέστηκε·</span> 
     </span>
    </p>
   </div>
   <div class='ocr_carea' id='block_1_82' title="bbox 527 4144 2095 4220">
    <p class='ocr_par' dir='ltr' id='par_1_82' title="bbox 527 4150 2095 4219">
     <span class='ocr_line' id='line_1_82' title="bbox 527 4150 2095 4219; baseline 0.003 -17"><span class='ocrx_word' id='word_1_648' title='bbox 527 4162 615 4202; x_wconf 86' lang='grc' dir='ltr'>ιιιι·</span> <span class='ocrx_word' id='word_1_649' title='bbox 668 4151 921 4219; x_wconf 73' lang='lat' dir='ltr'><strong>colligat,</strong></span> <span class='ocrx_word' id='word_1_650' title='bbox 981 4150 1292 4219; x_wconf 84' lang='lat' dir='ltr'><strong>quicunque</strong></span> <span class='ocrx_word' id='word_1_651' title='bbox 1359 4166 1502 4205; x_wconf 92' lang='lat' dir='ltr'><strong>nunc</strong></span> <span class='ocrx_word' id='word_1_652' title='bbox 1554 4150 1670 4205; x_wconf 61' lang='lat' dir='ltr'><strong>bare</strong></span> <span class='ocrx_word' id='word_1_653' title='bbox 1724 4152 1899 4206; x_wconf 89' lang='lat' dir='ltr'><strong>audit.</strong></span> <span class='ocrx_word' id='word_1_654' title='bbox 1962 4152 2095 4218; x_wconf 85' lang='lat' dir='ltr'><strong>Quis</strong></span> 
     </span>
    </p>
   </div>
   <div class='ocr_carea' id='block_1_83' title="bbox 2153 4144 3721 4220">
    <p class='ocr_par' dir='ltr' id='par_1_83' title="bbox 2205 4144 3721 4220">
     <span class='ocr_line' id='line_1_83' title="bbox 2205 4144 3721 4220; baseline -0.017 -5"><span class='ocrx_word' id='word_1_655' title='bbox 2205 4148 2313 4200; x_wconf 69' lang='grc' dir='ltr'><strong>Ποῦ</strong></span> <span class='ocrx_word' id='word_1_656' title='bbox 2341 4148 2396 4200; x_wconf 70' lang='grc' dir='ltr'><strong>δέ</strong></span> <span class='ocrx_word' id='word_1_657' title='bbox 2419 4165 2502 4210; x_wconf 85' lang='grc' dir='ltr'><strong>τις</strong></span> <span class='ocrx_word' id='word_1_658' title='bbox 2529 4150 2623 4202; x_wconf 76' lang='grc' dir='ltr'>καὶ</span> <span class='ocrx_word' id='word_1_659' title='bbox 2671 4149 2826 4220; x_wconf 79' lang='grc' dir='ltr'>θήσει</span> <span class='ocrx_word' id='word_1_660' title='bbox 2863 4151 2922 4204; x_wconf 86' lang='grc' dir='ltr'>τὸ</span> <span class='ocrx_word' id='word_1_661' title='bbox 2953 4151 3338 4220; x_wconf 73' lang='grc' dir='ltr'>ἀναφυόμενον</span> <span class='ocrx_word' id='word_1_662' title='bbox 3396 4144 3623 4200; x_wconf 67' lang='grc' dir='ltr'>ἐντεῦθεν</span> <span class='ocrx_word' id='word_1_663' title='bbox 3649 4154 3721 4192; x_wconf 81' lang='grc' dir='ltr'>κα·</span> 
     </span>
    </p>
   </div>
   <div class='ocr_carea' id='block_1_84' title="bbox 525 4233 2093 4313">
    <p class='ocr_par' dir='ltr' id='par_1_84' title="bbox 525 4241 2093 4313">
     <span class='ocr_line' id='line_1_84' title="bbox 525 4241 2093 4313; baseline 0.002 -19"><span class='ocrx_word' id='word_1_664' title='bbox 525 4249 811 4311; x_wconf 85' lang='lat' dir='ltr'><strong>propterea</strong></span> <span class='ocrx_word' id='word_1_665' title='bbox 845 4257 974 4295; x_wconf 90' lang='lat' dir='ltr'><strong>usus</strong></span> <span class='ocrx_word' id='word_1_666' title='bbox 1000 4241 1162 4294; x_wconf 90' lang='lat' dir='ltr'><strong>fuerit</strong></span> <span class='ocrx_word' id='word_1_667' title='bbox 1205 4242 1534 4313; x_wconf 58' lang='lat' dir='ltr'><strong>evangelica:</strong></span> <span class='ocrx_word' id='word_1_668' title='bbox 1557 4242 1862 4313; x_wconf 64' lang='lat' dir='ltr'><strong>divinaeque</strong></span> <span class='ocrx_word' id='word_1_669' title='bbox 1902 4243 2093 4298; x_wconf 88' lang='lat' dir='ltr'><strong>dictio-</strong></span> 
     </span>
    </p>
   </div>
   <div class='ocr_carea' id='block_1_85' title="bbox 2151 4233 3719 4313">
    <p class='ocr_par' dir='ltr' id='par_1_85' title="bbox 2200 4233 3719 4311">
     <span class='ocr_line' id='line_1_85' title="bbox 2200 4233 3719 4311; baseline -0.014 -6"><span class='ocrx_word' id='word_1_670' title='bbox 2200 4242 2330 4303; x_wconf 79' lang='grc' dir='ltr'><strong>κόν;</strong></span> <span class='ocrx_word' id='word_1_671' title='bbox 2371 4238 2444 4292; x_wconf 81' lang='grc' dir='ltr'><strong>Τδ</strong></span> <span class='ocrx_word' id='word_1_672' title='bbox 2479 4240 2699 4308; x_wconf 78' lang='grc' dir='ltr'>Πνεῦμα</span> <span class='ocrx_word' id='word_1_673' title='bbox 2731 4243 2837 4311; x_wconf 83' lang='grc' dir='ltr'>γὰρ</span> <span class='ocrx_word' id='word_1_674' title='bbox 2891 4241 3033 4295; x_wconf 74' lang='grc' dir='ltr'>οὕτω</span> <span class='ocrx_word' id='word_1_675' title='bbox 3069 4243 3168 4296; x_wconf 78' lang='grc' dir='ltr'>καὶ</span> <span class='ocrx_word' id='word_1_676' title='bbox 3203 4242 3264 4307; x_wconf 76' lang='grc' dir='ltr'><strong>ἐξ</strong></span> <span class='ocrx_word' id='word_1_677' title='bbox 3314 4239 3474 4294; x_wconf 84' lang='grc' dir='ltr'><strong>αὐτοῦ</strong></span> <span class='ocrx_word' id='word_1_678' title='bbox 3503 4233 3719 4302; x_wconf 74' lang='grc' dir='ltr'>τυγχάνον</span> 
     </span>
    </p>
   </div>
   <div class='ocr_carea' id='block_1_86' title="bbox 525 4318 2093 4404">
    <p class='ocr_par' dir='ltr' id='par_1_86' title="bbox 525 4333 2093 4404">
     <span class='ocr_line' id='line_1_86' title="bbox 525 4333 2093 4404; baseline 0.002 -19"><span class='ocrx_word' id='word_1_679' title='bbox 525 4334 634 4394; x_wconf 87' lang='lat' dir='ltr'><strong>nis,</strong></span> <span class='ocrx_word' id='word_1_680' title='bbox 665 4348 829 4402; x_wconf 91' lang='lat' dir='ltr'><strong>quam</strong></span> <span class='ocrx_word' id='word_1_681' title='bbox 880 4333 1064 4388; x_wconf 86' lang='lat' dir='ltr'><strong>statim</strong></span> <span class='ocrx_word' id='word_1_682' title='bbox 1111 4333 1162 4386; x_wconf 90' lang='lat' dir='ltr'><strong>in</strong></span> <span class='ocrx_word' id='word_1_683' title='bbox 1190 4334 1566 4388; x_wconf 86' lang='lat' dir='ltr'><strong>testimonium</strong></span> <span class='ocrx_word' id='word_1_684' title='bbox 1604 4335 1884 4389; x_wconf 87' lang='lat' dir='ltr'><strong>adducens</strong></span> <span class='ocrx_word' id='word_1_685' title='bbox 1923 4335 2093 4404; x_wconf 87' lang='lat' dir='ltr'><strong>appli-</strong></span> 
     </span>
    </p>
   </div>
   <div class='ocr_carea' id='block_1_87' title="bbox 2152 4318 3720 4404">
    <p class='ocr_par' dir='ltr' id='par_1_87' title="bbox 2201 4318 3720 4402">
     <span class='ocr_line' id='line_1_87' title="bbox 2201 4318 3720 4402; baseline -0.007 -17"><span class='ocrx_word' id='word_1_686' title='bbox 2201 4335 2528 4402; x_wconf 81' lang='grc' dir='ltr'>φανήσεται.</span> <span class='ocrx_word' id='word_1_687' title='bbox 2598 4333 2756 4399; x_wconf 84' lang='grc' dir='ltr'><strong>Πῶς;</strong></span> <span class='ocrx_word' id='word_1_688' title='bbox 2806 4333 2866 4385; x_wconf 86' lang='grc'><strong>’0</strong></span> <span class='ocrx_word' id='word_1_689' title='bbox 2903 4335 3178 4402; x_wconf 70' lang='grc' dir='ltr'>μακάριος</span> <span class='ocrx_word' id='word_1_690' title='bbox 3223 4331 3396 4394; x_wconf 72' lang='grc' dir='ltr'>οὕτως</span> <span class='ocrx_word' id='word_1_691' title='bbox 3435 4326 3609 4386; x_wconf 87' lang='grc' dir='ltr'>εἰπὼν,</span> <span class='ocrx_word' id='word_1_692' title='bbox 3639 4318 3720 4374; x_wconf 67' lang='grc' dir='ltr'><strong>Καὶ</strong></span> 
     </span>
    </p>
   </div>
   <div class='ocr_carea' id='block_1_88' title="bbox 523 4418 2091 4495">
    <p class='ocr_par' dir='ltr' id='par_1_88' title="bbox 523 4423 2091 4495">
     <span class='ocr_line' id='line_1_88' title="bbox 523 4423 2091 4495; baseline 0.002 -17"><span class='ocrx_word' id='word_1_693' title='bbox 523 4435 630 4487; x_wconf 87' lang='lat' dir='ltr'><strong>cat,</strong></span> <span class='ocrx_word' id='word_1_694' title='bbox 661 4423 849 4480; x_wconf 86' lang='lat' dir='ltr'><strong>dicens</strong></span> <span class='ocrx_word' id='word_1_695' title='bbox 882 4441 895 4478; x_wconf 90' lang='lat'><strong>:</strong></span> <span class='ocrx_word' id='word_1_696' title='bbox 930 4423 997 4478; x_wconf 90' lang='lat' dir='ltr'><strong>Ut</strong></span> <span class='ocrx_word' id='word_1_697' title='bbox 1031 4426 1106 4478; x_wconf 91' lang='lat' dir='ltr'><strong>ait</strong></span> <span class='ocrx_word' id='word_1_698' title='bbox 1141 4424 1428 4479; x_wconf 83' lang='lat' dir='ltr'><strong>Christus:</strong></span> <span class='ocrx_word' id='word_1_699' title='bbox 1469 4443 1487 4476; x_wconf 84' lang='grc' dir='ltr'><strong>ι</strong></span> <span class='ocrx_word' id='word_1_700' title='bbox 1529 4427 1632 4490; x_wconf 77' lang='lat' dir='ltr'><strong>Qui</strong></span> <span class='ocrx_word' id='word_1_701' title='bbox 1660 4445 1692 4478; x_wconf 94' lang='lat' dir='ltr'><strong>a</strong></span> <span class='ocrx_word' id='word_1_702' title='bbox 1729 4427 1888 4480; x_wconf 83' lang='lat' dir='ltr'><strong>Patre</strong></span> <span class='ocrx_word' id='word_1_703' title='bbox 1910 4444 2091 4495; x_wconf 83' lang='lat' dir='ltr'><strong>proce-</strong></span> 
     </span>
    </p>
   </div>
   <div class='ocr_carea' id='block_1_89' title="bbox 2148 4418 3716 4495">
    <p class='ocr_par' dir='ltr' id='par_1_89' title="bbox 2200 4418 3716 4494">
     <span class='ocr_line' id='line_1_89' title="bbox 2200 4418 3716 4494; baseline -0.002 -18"><span class='ocrx_word' id='word_1_704' title='bbox 2200 4425 2268 4477; x_wconf 86' lang='grc' dir='ltr'>τὸ</span> <span class='ocrx_word' id='word_1_705' title='bbox 2304 4427 2545 4493; x_wconf 80' lang='grc' dir='ltr'>Πνεῦμα</span> <span class='ocrx_word' id='word_1_706' title='bbox 2583 4426 2652 4478; x_wconf 83' lang='grc' dir='ltr'>ἐκ</span> <span class='ocrx_word' id='word_1_707' title='bbox 2683 4425 2788 4480; x_wconf 87' lang='grc' dir='ltr'><strong>τοῦ</strong></span> <span class='ocrx_word' id='word_1_708' title='bbox 2811 4426 3090 4491; x_wconf 81' lang='grc' dir='ltr'>Χριστοῦ,</span> <span class='ocrx_word' id='word_1_709' title='bbox 3128 4425 3458 4494; x_wconf 77' lang='grc' dir='ltr'>μεθύστερον</span> <span class='ocrx_word' id='word_1_710' title='bbox 3483 4423 3550 4482; x_wconf 79' lang='grc' dir='ltr'><strong>ὼς</strong></span> <span class='ocrx_word' id='word_1_711' title='bbox 3572 4418 3716 4484; x_wconf 82' lang='grc' dir='ltr'>τάχος.</span> 
     </span>
    </p>
   </div>
   <div class='ocr_carea' id='block_1_90' title="bbox 522 4504 2090 4597">
    <p class='ocr_par' dir='ltr' id='par_1_90' title="bbox 522 4517 2090 4597">
     <span class='ocr_line' id='line_1_90' title="bbox 522 4517 2090 4597; baseline 0.003 -28"><span class='ocrx_word' id='word_1_712' title='bbox 522 4519 600 4570; x_wconf 87' lang='lat' dir='ltr'><strong>dit</strong></span> <span class='ocrx_word' id='word_1_713' title='bbox 636 4519 663 4573; x_wconf 72' lang='lat'><strong>2’</strong></span> <span class='ocrx_word' id='word_1_714' title='bbox 709 4537 727 4570; x_wconf 78' lang='grc' dir='ltr'><strong>ι</strong></span> <span class='ocrx_word' id='word_1_715' title='bbox 784 4517 1202 4597; x_wconf 81' lang='lat' dir='ltr'><strong>Supervacanra</strong></span> <span class='ocrx_word' id='word_1_716' title='bbox 1270 4535 1499 4588; x_wconf 90' lang='lat' dir='ltr'><strong>prorsus</strong></span> <span class='ocrx_word' id='word_1_717' title='bbox 1556 4527 1639 4573; x_wconf 89' lang='lat' dir='ltr'><strong>est</strong></span> <span class='ocrx_word' id='word_1_718' title='bbox 1675 4529 1730 4572; x_wconf 89' lang='lat' dir='ltr'><strong>et</strong></span> <span class='ocrx_word' id='word_1_719' title='bbox 1769 4521 2090 4590; x_wconf 82' lang='lat' dir='ltr'><strong>incongrua.</strong></span> 
     </span>
    </p>
   </div>
   <div class='ocr_carea' id='block_1_91' title="bbox 2153 4504 3721 4597">
    <p class='ocr_par' dir='ltr' id='par_1_91' title="bbox 2153 4504 3721 4597">
     <span class='ocr_line' id='line_1_91' title="bbox 2153 4504 3721 4597; baseline -0.006 -26"><span class='ocrx_word' id='word_1_720' title='bbox 2153 4571 2176 4597; x_wconf 45' lang='grc' dir='ltr'>ἱ</span> <span class='ocrx_word' id='word_1_721' title='bbox 2201 4517 2239 4584; x_wconf 78' lang='grc' dir='ltr'>ἢ</span> <span class='ocrx_word' id='word_1_722' title='bbox 2294 4519 2428 4584; x_wconf 73' lang='grc' dir='ltr'>παρ’</span> <span class='ocrx_word' id='word_1_723' title='bbox 2455 4517 2824 4586; x_wconf 63' lang='grc' dir='ltr'>ἀμφοτέρων,</span> <span class='ocrx_word' id='word_1_724' title='bbox 2851 4518 3152 4586; x_wconf 77' lang='grc' dir='ltr'>ἐπήγαγεν.</span> <span class='ocrx_word' id='word_1_725' title='bbox 3185 4518 3246 4570; x_wconf 85' lang='lat' dir='ltr'><strong>Ei</strong></span> <span class='ocrx_word' id='word_1_726' title='bbox 3307 4514 3434 4585; x_wconf 78' lang='grc' dir='ltr'>γοῦν</span> <span class='ocrx_word' id='word_1_727' title='bbox 3459 4513 3611 4570; x_wconf 73' lang='grc' dir='ltr'>οὕτως</span> <span class='ocrx_word' id='word_1_728' title='bbox 3635 4504 3721 4597; x_wconf 40' lang='lat' dir='ltr'><strong>{xii</strong></span> 
     </span>
    </p>
   </div>
   <div class='ocr_carea' id='block_1_92' title="bbox 525 4570 2093 4694">
    <p class='ocr_par' dir='ltr' id='par_1_92' title="bbox 525 4570 2093 4681">
     <span class='ocr_line' id='line_1_92' title="bbox 637 4570 2093 4597; baseline 0.001 -23"><span class='ocrx_word' id='word_1_729' title='bbox 637 4570 648 4573; x_wconf 92' lang='lat'>_</span> <span class='ocrx_word' id='word_1_730' title='bbox 800 4570 812 4572; x_wconf 92' lang='lat'>_</span> <span class='ocrx_word' id='word_1_731' title='bbox 867 4570 882 4586; x_wconf 82' lang='grc'><strong>,</strong></span> <span class='ocrx_word' id='word_1_732' title='bbox 917 4570 942 4571; x_wconf 43' lang='grc' dir='ltr'>η</span> <span class='ocrx_word' id='word_1_733' title='bbox 1051 4570 1054 4571; x_wconf 60' lang='lat'>,</span> <span class='ocrx_word' id='word_1_734' title='bbox 1112 4591 1120 4597; x_wconf 26' lang='grc' dir='ltr'>ι</span> <span class='ocrx_word' id='word_1_735' title='bbox 1272 4570 1294 4588; x_wconf 59' lang='lat' dir='ltr'>r</span> <span class='ocrx_word' id='word_1_736' title='bbox 1344 4570 1360 4572; x_wconf 94' lang='lat'>_</span> <span class='ocrx_word' id='word_1_737' title='bbox 1404 4570 1494 4573; x_wconf 45' lang='grc' dir='ltr'><strong>ρ-</strong></span> <span class='ocrx_word' id='word_1_738' title='bbox 1683 4570 1728 4572; x_wconf 85' lang='grc'><strong>--</strong></span> <span class='ocrx_word' id='word_1_739' title='bbox 1771 4570 2093 4590; x_wconf 70' lang='grc' dir='ltr'><strong>-------ο-----</strong></span> 
     </span>
     <span class='ocr_line' id='line_1_93' title="bbox 525 4609 2093 4681; baseline 0.004 -19"><span class='ocrx_word' id='word_1_740' title='bbox 525 4609 646 4664; x_wconf 73' lang='lat' dir='ltr'><strong>lltec</strong></span> <span class='ocrx_word' id='word_1_741' title='bbox 673 4610 910 4664; x_wconf 84' lang='lat' dir='ltr'><strong>absurda</strong></span> <span class='ocrx_word' id='word_1_742' title='bbox 938 4609 1122 4663; x_wconf 88' lang='lat' dir='ltr'><strong>omnia</strong></span> <span class='ocrx_word' id='word_1_743' title='bbox 1152 4610 1298 4665; x_wconf 91' lang='lat' dir='ltr'><strong>dicto</strong></span> <span class='ocrx_word' id='word_1_744' title='bbox 1329 4613 1631 4681; x_wconf 79' lang='lat' dir='ltr'><strong>contigere,</strong></span> <span class='ocrx_word' id='word_1_745' title='bbox 1663 4613 1806 4680; x_wconf 88' lang='lat' dir='ltr'><strong>quod</strong></span> <span class='ocrx_word' id='word_1_746' title='bbox 1842 4613 2093 4668; x_wconf 80' lang='lat' dir='ltr'><strong>iummta-</strong></span> 
     </span>
    </p>
   </div>
   <div class='ocr_carea' id='block_1_93' title="bbox 2153 4570 3721 4694">
    <p class='ocr_par' dir='ltr' id='par_1_93' title="bbox 2153 4571 3721 4675">
     <span class='ocr_line' id='line_1_94' title="bbox 2153 4571 3721 4675; baseline -0.007 -18"><span class='ocrx_word' id='word_1_747' title='bbox 2153 4571 2378 4658; x_wconf 67' lang='grc' dir='ltr'>)κεῖται</span> <span class='ocrx_word' id='word_1_748' title='bbox 2416 4605 2654 4672; x_wconf 64' lang='grc' dir='ltr'>Χριστος</span> <span class='ocrx_word' id='word_1_749' title='bbox 2693 4607 2756 4656; x_wconf 82' lang='grc' dir='ltr'>ὲκ</span> <span class='ocrx_word' id='word_1_750' title='bbox 2782 4607 2878 4657; x_wconf 80' lang='grc' dir='ltr'><strong>τοῦ</strong></span> <span class='ocrx_word' id='word_1_751' title='bbox 2935 4607 3278 4675; x_wconf 76' lang='grc' dir='ltr'>Πνεύματος,</span> <span class='ocrx_word' id='word_1_752' title='bbox 3313 4606 3411 4658; x_wconf 73' lang='grc' dir='ltr'>οὐκ</span> <span class='ocrx_word' id='word_1_753' title='bbox 3442 4605 3500 4656; x_wconf 71' lang='grc' dir='ltr'>ἐκ</span> <span class='ocrx_word' id='word_1_754' title='bbox 3525 4597 3604 4652; x_wconf 83' lang='grc' dir='ltr'><strong>τοῦ</strong></span> <span class='ocrx_word' id='word_1_755' title='bbox 3639 4594 3721 4646; x_wconf 77' lang='grc' dir='ltr'>Πα-</span> 
     </span>
    </p>
   </div>
   <div class='ocr_carea' id='block_1_94' title="bbox 523 4692 2091 4788">
    <p class='ocr_par' dir='ltr' id='par_1_94' title="bbox 523 4701 2091 4773">
     <span class='ocr_line' id='line_1_95' title="bbox 523 4701 2091 4773; baseline 0.003 -19"><span class='ocrx_word' id='word_1_756' title='bbox 523 4711 637 4754; x_wconf 89' lang='lat' dir='ltr'><strong>tum</strong></span> <span class='ocrx_word' id='word_1_757' title='bbox 692 4701 764 4755; x_wconf 88' lang='lat' dir='ltr'><strong>sit</strong></span> <span class='ocrx_word' id='word_1_758' title='bbox 808 4701 979 4756; x_wconf 87' lang='lat' dir='ltr'><strong>illud:</strong></span> <span class='ocrx_word' id='word_1_759' title='bbox 1021 4717 1086 4755; x_wconf 76' lang='lat' dir='ltr'><strong>ea:</strong></span> <span class='ocrx_word' id='word_1_760' title='bbox 1143 4701 1344 4768; x_wconf 86' lang='lat' dir='ltr'><strong>Patre,</strong></span> <span class='ocrx_word' id='word_1_761' title='bbox 1388 4704 1440 4756; x_wconf 91' lang='lat' dir='ltr'><strong>iu</strong></span> <span class='ocrx_word' id='word_1_762' title='bbox 1502 4705 1632 4756; x_wconf 90' lang='lat' dir='ltr'><strong>illud</strong></span> <span class='ocrx_word' id='word_1_763' title='bbox 1689 4722 1701 4755; x_wconf 90' lang='lat'><strong>:</strong></span> <span class='ocrx_word' id='word_1_764' title='bbox 1749 4721 1813 4758; x_wconf 79' lang='lat' dir='ltr'><strong>ex</strong></span> <span class='ocrx_word' id='word_1_765' title='bbox 1868 4705 2091 4773; x_wconf 82' lang='lat' dir='ltr'><strong>Spiritu.</strong></span> 
     </span>
    </p>
   </div>
   <div class='ocr_carea' id='block_1_95' title="bbox 2153 4692 3721 4788">
    <p class='ocr_par' dir='ltr' id='par_1_95' title="bbox 2203 4692 3721 4765">
     <span class='ocr_line' id='line_1_96' title="bbox 2203 4692 3721 4765; baseline -0.004 -19"><span class='ocrx_word' id='word_1_766' title='bbox 2203 4697 2353 4765; x_wconf 78' lang='grc' dir='ltr'>τρδς,</span> <span class='ocrx_word' id='word_1_767' title='bbox 2389 4697 2673 4764; x_wconf 82' lang='grc' dir='ltr'>συναγέτω</span> <span class='ocrx_word' id='word_1_768' title='bbox 2700 4697 2759 4748; x_wconf 79' lang='grc' dir='ltr'>τὸ</span> <span class='ocrx_word' id='word_1_769' title='bbox 2790 4698 2915 4765; x_wconf 79' lang='grc' dir='ltr'><strong>ἑξῆ;</strong></span> <span class='ocrx_word' id='word_1_770' title='bbox 2946 4697 3226 4765; x_wconf 71' lang='grc' dir='ltr'>τοῦλόγου</span> <span class='ocrx_word' id='word_1_771' title='bbox 3259 4699 3366 4760; x_wconf 81' lang='grc' dir='ltr'><strong>πᾶς</strong></span> <span class='ocrx_word' id='word_1_772' title='bbox 3393 4697 3420 4749; x_wconf 81' lang='grc' dir='ltr'><strong>ὁ</strong></span> <span class='ocrx_word' id='word_1_773' title='bbox 3468 4692 3620 4747; x_wconf 83' lang='grc' dir='ltr'>ταῦτα</span> <span class='ocrx_word' id='word_1_774' title='bbox 3649 4692 3721 4740; x_wconf 73' lang='grc' dir='ltr'><strong>νῦν</strong></span> 
     </span>
    </p>
   </div>
   <div class='ocr_carea' id='block_1_96' title="bbox 526 4781 2094 4862">
    <p class='ocr_par' dir='ltr' id='par_1_96' title="bbox 526 4791 2093 4862">
     <span class='ocr_line' id='line_1_97' title="bbox 526 4791 2093 4862; baseline -0.001 -13"><span class='ocrx_word' id='word_1_775' title='bbox 526 4791 809 4849; x_wconf 80' lang='lat' dir='ltr'><strong>Uudenam</strong></span> <span class='ocrx_word' id='word_1_776' title='bbox 847 4809 993 4857; x_wconf 85' lang='lat' dir='ltr'><strong>vero,</strong></span> <span class='ocrx_word' id='word_1_777' title='bbox 1034 4804 1087 4847; x_wconf 90' lang='lat' dir='ltr'><strong>et</strong></span> <span class='ocrx_word' id='word_1_778' title='bbox 1121 4809 1148 4847; x_wconf 89' lang='lat' dir='ltr'><strong>a</strong></span> <span class='ocrx_word' id='word_1_779' title='bbox 1186 4796 1384 4862; x_wconf 89' lang='lat' dir='ltr'><strong>quibus</strong></span> <span class='ocrx_word' id='word_1_780' title='bbox 1462 4795 1514 4846; x_wconf 90' lang='lat' dir='ltr'><strong>id</strong></span> <span class='ocrx_word' id='word_1_781' title='bbox 1548 4796 1778 4847; x_wconf 76' lang='lat' dir='ltr'><strong>f‘actum‘</strong></span> <span class='ocrx_word' id='word_1_782' title='bbox 1809 4796 1935 4850; x_wconf 69' lang='lat' dir='ltr'><strong>Cal?</strong></span> <span class='ocrx_word' id='word_1_783' title='bbox 1989 4811 2093 4851; x_wconf 86' lang='grc' dir='ltr'><strong>ΙιΟΙΙ</strong></span> 
     </span>
    </p>
   </div>
   <div class='ocr_carea' id='block_1_97' title="bbox 2150 4781 3718 4862">
    <p class='ocr_par' dir='ltr' id='par_1_97' title="bbox 2206 4781 3718 4860">
     <span class='ocr_line' id='line_1_98' title="bbox 2206 4781 3718 4860; baseline -0.005 -18"><span class='ocrx_word' id='word_1_784' title='bbox 2206 4788 2586 4857; x_wconf 80' lang='grc' dir='ltr'>ἀκροώμενος.</span> <span class='ocrx_word' id='word_1_785' title='bbox 2616 4791 2752 4843; x_wconf 80' lang='grc' dir='ltr'>Ποία</span> <span class='ocrx_word' id='word_1_786' title='bbox 2781 4790 2836 4842; x_wconf 83' lang='grc' dir='ltr'><strong>δὲ</strong></span> <span class='ocrx_word' id='word_1_787' title='bbox 2887 4791 3082 4860; x_wconf 82' lang='grc' dir='ltr'>χρῆσις</span> <span class='ocrx_word' id='word_1_788' title='bbox 3114 4792 3212 4842; x_wconf 80' lang='grc' dir='ltr'>καὶ</span> <span class='ocrx_word' id='word_1_789' title='bbox 3266 4789 3364 4858; x_wconf 81' lang='grc' dir='ltr'>τῆς</span> <span class='ocrx_word' id='word_1_790' title='bbox 3414 4781 3718 4851; x_wconf 77' lang='grc' dir='ltr'>εὖαγγελικῆς</span> 
     </span>
    </p>
   </div>
   <div class='ocr_carea' id='block_1_98' title="bbox 526 4868 2094 4953">
    <p class='ocr_par' dir='ltr' id='par_1_98' title="bbox 526 4885 2094 4950">
     <span class='ocr_line' id='line_1_99' title="bbox 526 4885 2094 4950; baseline 0.001 -10"><span class='ocrx_word' id='word_1_791' title='bbox 526 4894 610 4940; x_wconf 86' lang='lat' dir='ltr'><strong>est</strong></span> <span class='ocrx_word' id='word_1_792' title='bbox 644 4900 672 4938; x_wconf 90' lang='lat' dir='ltr'><strong>a</strong></span> <span class='ocrx_word' id='word_1_793' title='bbox 711 4886 870 4939; x_wconf 86' lang='lat' dir='ltr'><strong>nobis</strong></span> <span class='ocrx_word' id='word_1_794' title='bbox 903 4886 1343 4941; x_wconf 85' lang='lat' dir='ltr'><strong>discernendum.</strong></span> <span class='ocrx_word' id='word_1_795' title='bbox 1399 4885 1746 4940; x_wconf 74' lang='lat' dir='ltr'><strong>Manifestum</strong></span> <span class='ocrx_word' id='word_1_796' title='bbox 1794 4889 1940 4940; x_wconf 80' lang='lat' dir='ltr'><strong>enim</strong></span> <span class='ocrx_word' id='word_1_797' title='bbox 1991 4898 2094 4950; x_wconf 88' lang='lat' dir='ltr'><strong>est,</strong></span> 
     </span>
    </p>
   </div>
   <div class='ocr_carea' id='block_1_99' title="bbox 2149 4868 3717 4953">
    <p class='ocr_par' dir='ltr' id='par_1_99' title="bbox 2204 4868 3717 4953">
     <span class='ocr_line' id='line_1_100' title="bbox 2204 4868 3717 4953; baseline -0.009 -17"><span class='ocrx_word' id='word_1_798' title='bbox 2204 4884 2301 4936; x_wconf 77' lang='grc' dir='ltr'>καὶ</span> <span class='ocrx_word' id='word_1_799' title='bbox 2329 4881 2480 4946; x_wconf 83' lang='grc' dir='ltr'>Θείας</span> <span class='ocrx_word' id='word_1_800' title='bbox 2516 4885 2726 4951; x_wconf 84' lang='grc' dir='ltr'>φωνῆς,</span> <span class='ocrx_word' id='word_1_801' title='bbox 2783 4882 2963 4953; x_wconf 74' lang='grc' dir='ltr'>ἥνπερ</span> <span class='ocrx_word' id='word_1_802' title='bbox 3007 4883 3286 4952; x_wconf 75' lang='grc' dir='ltr'>παρευθὺς</span> <span class='ocrx_word' id='word_1_803' title='bbox 3352 4882 3429 4943; x_wconf 84' lang='grc' dir='ltr'><strong>είς</strong></span> <span class='ocrx_word' id='word_1_804' title='bbox 3463 4868 3717 4946; x_wconf 71' lang='grc' dir='ltr'>μαρτυρίαν</span> 
     </span>
    </p>
   </div>
   <div class='ocr_carea' id='block_1_100' title="bbox 524 4961 2092 5047">
    <p class='ocr_par' dir='ltr' id='par_1_100' title="bbox 524 4977 2092 5047">
     <span class='ocr_line' id='line_1_101' title="bbox 524 4977 2092 5047; baseline 0.003 -17"><span class='ocrx_word' id='word_1_805' title='bbox 524 4977 592 5032; x_wconf 86' lang='lat' dir='ltr'><strong>ab</strong></span> <span class='ocrx_word' id='word_1_806' title='bbox 634 4977 960 5032; x_wconf 83' lang='lat' dir='ltr'><strong>adversariis</strong></span> <span class='ocrx_word' id='word_1_807' title='bbox 991 4977 1218 5046; x_wconf 88' lang='lat' dir='ltr'><strong>bujusce</strong></span> <span class='ocrx_word' id='word_1_808' title='bbox 1260 4992 1403 5031; x_wconf 92' lang='lat' dir='ltr'><strong>nunc</strong></span> <span class='ocrx_word' id='word_1_809' title='bbox 1441 4977 1797 5031; x_wconf 85' lang='lat' dir='ltr'><strong>demonstrati</strong></span> <span class='ocrx_word' id='word_1_810' title='bbox 1828 4979 2092 5047; x_wconf 79' lang='lat' dir='ltr'><strong>dogmatis</strong></span> 
     </span>
    </p>
   </div>
   <div class='ocr_carea' id='block_1_101' title="bbox 2147 4961 3715 5047">
    <p class='ocr_par' dir='ltr' id='par_1_101' title="bbox 2207 4961 3715 5044">
     <span class='ocr_line' id='line_1_102' title="bbox 2207 4961 3715 5044; baseline -0.003 -18"><span class='ocrx_word' id='word_1_811' title='bbox 2207 4975 2543 5042; x_wconf 80' lang='grc' dir='ltr'>παραλαϐὼν</span> <span class='ocrx_word' id='word_1_812' title='bbox 2577 4975 2782 5044; x_wconf 74' lang='grc' dir='ltr'>τίθησι,</span> <span class='ocrx_word' id='word_1_813' title='bbox 2824 4973 3018 5040; x_wconf 77' lang='grc' dir='ltr'>λέγων,</span> <span class='ocrx_word' id='word_1_814' title='bbox 3056 4975 3159 5038; x_wconf 87' lang='grc' dir='ltr'>Ὧς</span> <span class='ocrx_word' id='word_1_815' title='bbox 3209 4973 3453 5043; x_wconf 62' lang='lat' dir='ltr'><strong>senatus}</strong></span> <span class='ocrx_word' id='word_1_816' title='bbox 3487 4961 3715 5034; x_wconf 73' lang='grc' dir='ltr'>Χριστὸςι</span> 
     </span>
    </p>
   </div>
   <div class='ocr_carea' id='block_1_102' title="bbox 523 5050 2091 5146">
    <p class='ocr_par' dir='ltr' id='par_1_102' title="bbox 523 5065 2089 5137">
     <span class='ocr_line' id='line_1_103' title="bbox 523 5065 2089 5137; baseline 0.001 -15"><span class='ocrx_word' id='word_1_817' title='bbox 523 5065 726 5122; x_wconf 88' lang='lat' dir='ltr'><strong>factum</strong></span> <span class='ocrx_word' id='word_1_818' title='bbox 791 5066 998 5133; x_wconf 88' lang='lat' dir='ltr'><strong>fuisse,</strong></span> <span class='ocrx_word' id='word_1_819' title='bbox 1083 5068 1226 5137; x_wconf 87' lang='lat' dir='ltr'><strong>quod</strong></span> <span class='ocrx_word' id='word_1_820' title='bbox 1289 5068 1506 5134; x_wconf 79' lang='lat' dir='ltr'><strong>quidem</strong></span> <span class='ocrx_word' id='word_1_821' title='bbox 1563 5067 1885 5124; x_wconf 86' lang='lat' dir='ltr'><strong>facillimum</strong></span> <span class='ocrx_word' id='word_1_822' title='bbox 1952 5069 2089 5135; x_wconf 86' lang='lat' dir='ltr'><strong>fuit,</strong></span> 
     </span>
    </p>
   </div>
   <div class='ocr_carea' id='block_1_103' title="bbox 2146 5050 3714 5146">
    <p class='ocr_par' dir='ltr' id='par_1_103' title="bbox 2205 5050 3714 5146">
     <span class='ocr_line' id='line_1_104' title="bbox 2205 5050 3714 5146; baseline -0.002 -30"><span class='ocrx_word' id='word_1_823' title='bbox 2205 5084 2223 5116; x_wconf 78' lang='grc' dir='ltr'><strong>ι</strong></span> <span class='ocrx_word' id='word_1_824' title='bbox 2267 5069 2336 5118; x_wconf 89' lang='grc' dir='ltr'><strong><em>Ὃ</em></strong></span> <span class='ocrx_word' id='word_1_825' title='bbox 2371 5069 2530 5134; x_wconf 81' lang='grc' dir='ltr'>παρὰ</span> <span class='ocrx_word' id='word_1_826' title='bbox 2565 5067 2672 5120; x_wconf 87' lang='grc' dir='ltr'><strong>τοῦ</strong></span> <span class='ocrx_word' id='word_1_827' title='bbox 2727 5067 2956 5134; x_wconf 81' lang='grc' dir='ltr'>Πατρός</span> <span class='ocrx_word' id='word_1_828' title='bbox 2986 5066 3418 5146; x_wconf 74' lang='grc' dir='ltr'>ἐκπορεύεται;</span> <span class='ocrx_word' id='word_1_829' title='bbox 3456 5081 3474 5114; x_wconf 69' lang='grc' dir='ltr'><strong>ο</strong></span> <span class='ocrx_word' id='word_1_830' title='bbox 3520 5050 3714 5146; x_wconf 57' lang='grc' dir='ltr'>Περιστὴ</span> 
     </span>
    </p>
   </div>
   <div class='ocr_carea' id='block_1_104' title="bbox 523 5143 2091 5227">
    <p class='ocr_par' dir='ltr' id='par_1_104' title="bbox 523 5157 2091 5214">
     <span class='ocr_line' id='line_1_105' title="bbox 523 5157 2091 5214; baseline 0.001 -1"><span class='ocrx_word' id='word_1_831' title='bbox 523 5159 691 5214; x_wconf 79' lang='lat' dir='ltr'><strong>Unius</strong></span> <span class='ocrx_word' id='word_1_832' title='bbox 755 5159 926 5214; x_wconf 78' lang='lat' dir='ltr'><strong>SOilIlS</strong></span> <span class='ocrx_word' id='word_1_833' title='bbox 978 5159 1230 5214; x_wconf 76' lang='lat' dir='ltr'><strong>Iitterula:</strong></span> <span class='ocrx_word' id='word_1_834' title='bbox 1285 5157 1665 5213; x_wconf 87' lang='lat' dir='ltr'><strong>immutatione</strong></span> <span class='ocrx_word' id='word_1_835' title='bbox 1696 5169 1748 5214; x_wconf 89' lang='lat' dir='ltr'><strong>et</strong></span> <span class='ocrx_word' id='word_1_836' title='bbox 1785 5159 2091 5214; x_wconf 63' lang='lat' dir='ltr'><strong>variatione.</strong></span> 
     </span>
    </p>
   </div>
   <div class='ocr_carea' id='block_1_105' title="bbox 2147 5143 3715 5227">
    <p class='ocr_par' dir='ltr' id='par_1_105' title="bbox 2198 5143 3715 5227">
     <span class='ocr_line' id='line_1_106' title="bbox 2198 5143 3715 5227; baseline -0.007 -18"><span class='ocrx_word' id='word_1_837' title='bbox 2198 5157 2416 5219; x_wconf 73' lang='grc' dir='ltr'>πάντως</span> <span class='ocrx_word' id='word_1_838' title='bbox 2450 5157 2623 5221; x_wconf 71' lang='grc' dir='ltr'>ἐστὶν,</span> <span class='ocrx_word' id='word_1_839' title='bbox 2665 5159 2897 5221; x_wconf 73' lang='grc' dir='ltr'>οὐδόλως</span> <span class='ocrx_word' id='word_1_840' title='bbox 2941 5158 3228 5227; x_wconf 66' lang='grc' dir='ltr'>ἁρμόδιος.</span> <span class='ocrx_word' id='word_1_841' title='bbox 3280 5143 3438 5209; x_wconf 72' lang='grc' dir='ltr'><strong>Ἀ).λά</strong></span> <span class='ocrx_word' id='word_1_842' title='bbox 3489 5151 3635 5204; x_wconf 82' lang='grc' dir='ltr'>ταῦτα</span> <span class='ocrx_word' id='word_1_843' title='bbox 3665 5143 3715 5193; x_wconf 62' lang='grc' dir='ltr'>τά</span> 
     </span>
    </p>
   </div>
   <div class='ocr_carea' id='block_1_106' title="bbox 524 5231 2092 5338">
    <p class='ocr_par' dir='ltr' id='par_1_106' title="bbox 524 5249 2090 5321">
     <span class='ocr_line' id='line_1_107' title="bbox 524 5249 2090 5321; baseline 0.001 -17"><span class='ocrx_word' id='word_1_844' title='bbox 524 5249 871 5320; x_wconf 87' lang='lat' dir='ltr'><strong>Propositum</strong></span> <span class='ocrx_word' id='word_1_845' title='bbox 928 5267 1089 5316; x_wconf 86' lang='lat' dir='ltr'><strong>vero,</strong></span> <span class='ocrx_word' id='word_1_846' title='bbox 1158 5253 1303 5321; x_wconf 91' lang='lat' dir='ltr'><strong>quod</strong></span> <span class='ocrx_word' id='word_1_847' title='bbox 1357 5267 1480 5305; x_wconf 80' lang='lat' dir='ltr'><strong>cum</strong></span> <span class='ocrx_word' id='word_1_848' title='bbox 1539 5253 1698 5306; x_wconf 88' lang='lat' dir='ltr'><strong>nobis</strong></span> <span class='ocrx_word' id='word_1_849' title='bbox 1757 5253 2090 5307; x_wconf 86' lang='lat' dir='ltr'><strong>credendum</strong></span> 
     </span>
    </p>
   </div>
   <div class='ocr_carea' id='block_1_107' title="bbox 2147 5231 3715 5338">
    <p class='ocr_par' dir='ltr' id='par_1_107' title="bbox 2201 5231 3715 5338">
     <span class='ocr_line' id='line_1_108' title="bbox 2201 5231 3715 5338; baseline -0.005 -38"><span class='ocrx_word' id='word_1_850' title='bbox 2201 5246 2377 5300; x_wconf 82' lang='grc' dir='ltr'>ἄτοπα</span> <span class='ocrx_word' id='word_1_851' title='bbox 2411 5249 2591 5301; x_wconf 80' lang='grc' dir='ltr'>πάντα</span> <span class='ocrx_word' id='word_1_852' title='bbox 2632 5247 2952 5319; x_wconf 78' lang='grc' dir='ltr'>συμϐέϐηκε</span> <span class='ocrx_word' id='word_1_853' title='bbox 2999 5248 3077 5318; x_wconf 79' lang='grc' dir='ltr'>τῷ</span> <span class='ocrx_word' id='word_1_854' title='bbox 3128 5250 3363 5316; x_wconf 76' lang='grc' dir='ltr'>τοιούτῳ</span> <span class='ocrx_word' id='word_1_855' title='bbox 3392 5242 3547 5316; x_wconf 75' lang='grc' dir='ltr'>ῥητῷ,</span> <span class='ocrx_word' id='word_1_856' title='bbox 3573 5235 3647 5338; x_wconf 53' lang='lat' dir='ltr'><strong>id</strong></span> 
     </span>
    </p>
   </div>
   <div class='ocr_carea' id='block_1_108' title="bbox 525 5330 2093 5414">
    <p class='ocr_par' dir='ltr' id='par_1_108' title="bbox 525 5343 2093 5414">
     <span class='ocr_line' id='line_1_109' title="bbox 525 5343 2093 5414; baseline 0.001 -18"><span class='ocrx_word' id='word_1_857' title='bbox 525 5358 634 5397; x_wconf 90' lang='lat' dir='ltr'><strong>non</strong></span> <span class='ocrx_word' id='word_1_858' title='bbox 659 5355 822 5409; x_wconf 84' lang='lat' dir='ltr'><strong>esset,</strong></span> <span class='ocrx_word' id='word_1_859' title='bbox 845 5343 918 5396; x_wconf 87' lang='lat' dir='ltr'><strong>ita</strong></span> <span class='ocrx_word' id='word_1_860' title='bbox 948 5359 1040 5397; x_wconf 88' lang='lat' dir='ltr'><strong>cos</strong></span> <span class='ocrx_word' id='word_1_861' title='bbox 1067 5359 1094 5396; x_wconf 90' lang='lat' dir='ltr'><strong>a</strong></span> <span class='ocrx_word' id='word_1_862' title='bbox 1129 5353 1278 5398; x_wconf 87' lang='lat' dir='ltr'><strong>recto</strong></span> <span class='ocrx_word' id='word_1_863' title='bbox 1310 5344 1562 5414; x_wconf 77' lang='lat' dir='ltr'><strong>dogmate</strong></span> <span class='ocrx_word' id='word_1_864' title='bbox 1591 5345 1881 5409; x_wconf 85' lang='lat' dir='ltr'><strong>excidisse,</strong></span> <span class='ocrx_word' id='word_1_865' title='bbox 1926 5353 1981 5397; x_wconf 90' lang='lat' dir='ltr'><strong>ut</strong></span> <span class='ocrx_word' id='word_1_866' title='bbox 2012 5345 2093 5412; x_wconf 90' lang='lat' dir='ltr'><strong>pie</strong></span> 
     </span>
    </p>
   </div>
   <div class='ocr_carea' id='block_1_109' title="bbox 2145 5330 3713 5414">
    <p class='ocr_par' dir='ltr' id='par_1_109' title="bbox 2207 5330 3713 5408">
     <span class='ocr_line' id='line_1_110' title="bbox 2207 5330 3713 5408; baseline -0.007 -17"><span class='ocrx_word' id='word_1_867' title='bbox 2207 5339 2612 5408; x_wconf 71' lang='grc' dir='ltr'>μεταϐληθῆναι</span> <span class='ocrx_word' id='word_1_868' title='bbox 2660 5340 2720 5392; x_wconf 69' lang='grc' dir='ltr'>τὸ</span> <span class='ocrx_word' id='word_1_869' title='bbox 2772 5341 2841 5394; x_wconf 82' lang='grc' dir='ltr'>ἐκ</span> <span class='ocrx_word' id='word_1_870' title='bbox 2888 5339 3116 5407; x_wconf 79' lang='grc' dir='ltr'>Πατρός</span> <span class='ocrx_word' id='word_1_871' title='bbox 3149 5341 3228 5403; x_wconf 83' lang='grc' dir='ltr'><strong>είς</strong></span> <span class='ocrx_word' id='word_1_872' title='bbox 3267 5341 3326 5392; x_wconf 81' lang='grc' dir='ltr'>τὸ</span> <span class='ocrx_word' id='word_1_873' title='bbox 3357 5339 3422 5392; x_wconf 83' lang='grc' dir='ltr'>ἐκ</span> <span class='ocrx_word' id='word_1_874' title='bbox 3447 5333 3543 5388; x_wconf 89' lang='grc' dir='ltr'><strong>τοῦ</strong></span> <span class='ocrx_word' id='word_1_875' title='bbox 3567 5330 3713 5382; x_wconf 68' lang='grc' dir='ltr'>Πνεῦ-</span> 
     </span>
    </p>
   </div>
   <div class='ocr_carea' id='block_1_110' title="bbox 526 5421 2094 5524">
    <p class='ocr_par' dir='ltr' id='par_1_110' title="bbox 526 5436 2094 5507">
     <span class='ocr_line' id='line_1_111' title="bbox 526 5436 2094 5507; baseline 0.001 -18"><span class='ocrx_word' id='word_1_876' title='bbox 526 5444 795 5499; x_wconf 83' lang='lat' dir='ltr'><strong>tenerent,</strong></span> <span class='ocrx_word' id='word_1_877' title='bbox 820 5436 1102 5491; x_wconf 88' lang='lat' dir='ltr'><strong>Christum</strong></span> <span class='ocrx_word' id='word_1_878' title='bbox 1150 5454 1214 5491; x_wconf 83' lang='lat' dir='ltr'><strong>ex</strong></span> <span class='ocrx_word' id='word_1_879' title='bbox 1264 5437 1465 5507; x_wconf 86' lang='lat' dir='ltr'><strong>Spiritu</strong></span> <span class='ocrx_word' id='word_1_880' title='bbox 1521 5453 1675 5500; x_wconf 90' lang='lat' dir='ltr'><strong>esse,</strong></span> <span class='ocrx_word' id='word_1_881' title='bbox 1737 5439 1972 5492; x_wconf 83' lang='lat' dir='ltr'><strong>fortasse</strong></span> <span class='ocrx_word' id='word_1_882' title='bbox 2025 5440 2094 5491; x_wconf 89' lang='lat' dir='ltr'><strong>ob</strong></span> 
     </span>
    </p>
   </div>
   <div class='ocr_carea' id='block_1_111' title="bbox 2143 5421 3711 5524">
    <p class='ocr_par' dir='ltr' id='par_1_111' title="bbox 2197 5421 3711 5499">
     <span class='ocr_line' id='line_1_112' title="bbox 2197 5421 3711 5499; baseline -0.006 -17"><span class='ocrx_word' id='word_1_883' title='bbox 2197 5432 2611 5499; x_wconf 70' lang='grc' dir='ltr'>ματος.1]όθεν</span> <span class='ocrx_word' id='word_1_884' title='bbox 2667 5432 2724 5484; x_wconf 75' lang='grc' dir='ltr'>δὲ</span> <span class='ocrx_word' id='word_1_885' title='bbox 2763 5431 2921 5484; x_wconf 72' lang='grc' dir='ltr'>τοῦτο</span> <span class='ocrx_word' id='word_1_886' title='bbox 2967 5433 3158 5499; x_wconf 88' lang='grc' dir='ltr'>γέγονε</span> <span class='ocrx_word' id='word_1_887' title='bbox 3217 5433 3313 5484; x_wconf 74' lang='grc' dir='ltr'>καὶ</span> <span class='ocrx_word' id='word_1_888' title='bbox 3367 5428 3508 5498; x_wconf 69' lang='grc' dir='ltr'>παρὰ</span> <span class='ocrx_word' id='word_1_889' title='bbox 3545 5421 3711 5475; x_wconf 73' lang='grc' dir='ltr'>τίνωνς</span> 
     </span>
    </p>
   </div>
   <div class='ocr_carea' id='block_1_112' title="bbox 526 5516 2094 5606">
    <p class='ocr_par' dir='ltr' id='par_1_112' title="bbox 526 5526 2092 5597">
     <span class='ocr_line' id='line_1_113' title="bbox 526 5526 2092 5597; baseline 0.002 -19"><span class='ocrx_word' id='word_1_890' title='bbox 526 5526 664 5580; x_wconf 90' lang='lat' dir='ltr'><strong>hanc</strong></span> <span class='ocrx_word' id='word_1_891' title='bbox 713 5527 960 5581; x_wconf 87' lang='lat' dir='ltr'><strong>eamdem</strong></span> <span class='ocrx_word' id='word_1_892' title='bbox 1035 5528 1299 5580; x_wconf 72' lang='lat' dir='ltr'><strong>rationem</strong></span> <span class='ocrx_word' id='word_1_893' title='bbox 1355 5537 1407 5581; x_wconf 89' lang='lat' dir='ltr'><strong>et</strong></span> <span class='ocrx_word' id='word_1_894' title='bbox 1437 5529 1580 5597; x_wconf 82' lang='lat' dir='ltr'><strong>quod</strong></span> <span class='ocrx_word' id='word_1_895' title='bbox 1638 5529 1910 5597; x_wconf 79' lang='lat' dir='ltr'><strong>reliquum</strong></span> <span class='ocrx_word' id='word_1_896' title='bbox 1961 5537 2046 5581; x_wconf 81' lang='lat' dir='ltr'><strong>est</strong></span> <span class='ocrx_word' id='word_1_897' title='bbox 2077 5565 2092 5589; x_wconf 90' lang='lat'><strong>,</strong></span> 
     </span>
    </p>
   </div>
   <div class='ocr_carea' id='block_1_113' title="bbox 2143 5516 3711 5606">
    <p class='ocr_par' dir='ltr' id='par_1_113' title="bbox 2202 5516 3711 5606">
     <span class='ocr_line' id='line_1_114' title="bbox 2202 5516 3711 5606; baseline -0.001 -31"><span class='ocrx_word' id='word_1_898' title='bbox 2202 5525 2410 5594; x_wconf 68' lang='grc' dir='ltr'>ἣκιστα</span> <span class='ocrx_word' id='word_1_899' title='bbox 2453 5529 2678 5578; x_wconf 81' lang='grc' dir='ltr'>σκοπεῖν</span> <span class='ocrx_word' id='word_1_900' title='bbox 2717 5526 2999 5596; x_wconf 81' lang='grc' dir='ltr'>προσῆκον</span> <span class='ocrx_word' id='word_1_901' title='bbox 3045 5527 3217 5594; x_wconf 76' lang='grc' dir='ltr'>ἡμᾶς.</span> <span class='ocrx_word' id='word_1_902' title='bbox 3256 5523 3482 5592; x_wconf 77' lang='grc' dir='ltr'>Εΰδηλον</span> <span class='ocrx_word' id='word_1_903' title='bbox 3528 5516 3618 5582; x_wconf 82' lang='grc' dir='ltr'><strong>γὰρ</strong></span> 
     </span>
    </p>
   </div>
   <div class='ocr_carea' id='block_1_114' title="bbox 528 5607 2096 5688">
    <p class='ocr_par' dir='ltr' id='par_1_114' title="bbox 528 5617 2092 5686">
     <span class='ocr_line' id='line_1_115' title="bbox 528 5617 2092 5686; baseline 0.003 -18"><span class='ocrx_word' id='word_1_904' title='bbox 528 5632 741 5686; x_wconf 83' lang='lat' dir='ltr'><strong>nempe,</strong></span> <span class='ocrx_word' id='word_1_905' title='bbox 774 5627 821 5670; x_wconf 86' lang='lat' dir='ltr'><strong>et</strong></span> <span class='ocrx_word' id='word_1_906' title='bbox 853 5617 1082 5686; x_wconf 85' lang='lat' dir='ltr'><strong>Spiritus</strong></span> <span class='ocrx_word' id='word_1_907' title='bbox 1106 5635 1169 5672; x_wconf 78' lang='lat' dir='ltr'><strong>ea:</strong></span> <span class='ocrx_word' id='word_1_908' title='bbox 1198 5618 1426 5682; x_wconf 81' lang='lat' dir='ltr'><strong>Christo,</strong></span> <span class='ocrx_word' id='word_1_909' title='bbox 1464 5619 1538 5672; x_wconf 90' lang='lat' dir='ltr'><strong>uti</strong></span> <span class='ocrx_word' id='word_1_910' title='bbox 1573 5634 1680 5671; x_wconf 88' lang='lat' dir='ltr'><strong>non</strong></span> <span class='ocrx_word' id='word_1_911' title='bbox 1724 5622 1858 5671; x_wconf 78' lang='lat' dir='ltr'><strong>bene</strong></span> <span class='ocrx_word' id='word_1_912' title='bbox 1888 5619 2092 5672; x_wconf 89' lang='lat' dir='ltr'><strong>dictum</strong></span> 
     </span>
    </p>
   </div>
   <div class='ocr_carea' id='block_1_115' title="bbox 2142 5607 3710 5688">
    <p class='ocr_par' dir='ltr' id='par_1_115' title="bbox 2211 5607 3710 5688">
     <span class='ocr_line' id='line_1_116' title="bbox 2211 5607 3710 5688; baseline -0.008 -19"><span class='ocrx_word' id='word_1_913' title='bbox 2211 5621 2342 5685; x_wconf 70' lang='grc' dir='ltr'>πρὸς</span> <span class='ocrx_word' id='word_1_914' title='bbox 2380 5617 2489 5669; x_wconf 79' lang='grc' dir='ltr'>τῶν</span> <span class='ocrx_word' id='word_1_915' title='bbox 2518 5617 2793 5685; x_wconf 80' lang='grc' dir='ltr'>πολεμίων</span> <span class='ocrx_word' id='word_1_916' title='bbox 2825 5616 2919 5672; x_wconf 81' lang='grc' dir='ltr'><strong>τοῦ</strong></span> <span class='ocrx_word' id='word_1_917' title='bbox 2954 5619 3082 5688; x_wconf 81' lang='grc' dir='ltr'>παρ’</span> <span class='ocrx_word' id='word_1_918' title='bbox 3117 5607 3618 5686; x_wconf 48' lang='grc' dir='ltr'>ὴμῶν-δεικνυμένου</span> <span class='ocrx_word' id='word_1_919' title='bbox 3643 5613 3710 5650; x_wconf 79' lang='grc' dir='ltr'>νυν</span> 
     </span>
    </p>
   </div>
   <div class='ocr_carea' id='block_1_116' title="bbox 601 5793 2169 5863">
    <p class='ocr_par' dir='ltr' id='par_1_116' title="bbox 601 5793 2169 5860">
     <span class='ocr_line' id='line_1_117' title="bbox 601 5793 2169 5860; baseline 0.004 -12"><span class='ocrx_word' id='word_1_920' title='bbox 601 5793 643 5821; x_wconf 84' lang='grc'><strong>⁶¹</strong></span> <span class='ocrx_word' id='word_1_921' title='bbox 682 5795 797 5848; x_wconf 68' lang='lat' dir='ltr'><strong>Art.</strong></span> <span class='ocrx_word' id='word_1_922' title='bbox 838 5814 888 5860; x_wconf 67' lang='grc' dir='ltr'>ι’,</span> <span class='ocrx_word' id='word_1_923' title='bbox 917 5799 966 5850; x_wconf 67' lang='grc' dir='ltr'>ὅ.</span> <span class='ocrx_word' id='word_1_924' title='bbox 1045 5803 1087 5829; x_wconf 74' lang='grc'><strong>⁶¹</strong></span> <span class='ocrx_word' id='word_1_925' title='bbox 1113 5801 1242 5853; x_wconf 77' lang='lat' dir='ltr'><strong>ibid.</strong></span> <span class='ocrx_word' id='word_1_926' title='bbox 1277 5802 1320 5853; x_wconf 70' lang='grc' dir='ltr'>ιί.</span> <span class='ocrx_word' id='word_1_927' title='bbox 1407 5801 1446 5830; x_wconf 70' lang='grc'>⁸³</span> <span class='ocrx_word' id='word_1_928' title='bbox 1476 5799 1632 5852; x_wconf 80' lang='lat' dir='ltr'><strong>Jnan.</strong></span> <span class='ocrx_word' id='word_1_929' title='bbox 1668 5817 1752 5860; x_wconf 68' lang='lat' dir='ltr'><strong>xv,</strong></span> <span class='ocrx_word' id='word_1_930' title='bbox 1779 5800 1867 5851; x_wconf 66' lang='lat'><strong>26.</strong></span> <span class='ocrx_word' id='word_1_931' title='bbox 1945 5801 1988 5831; x_wconf 59' lang='grc'><strong>⁸³</strong></span> <span class='ocrx_word' id='word_1_932' title='bbox 2013 5797 2169 5853; x_wconf 75' lang='lat' dir='ltr'><strong>Joan.</strong></span> 
     </span>
    </p>
   </div>
   <div class='ocr_carea' id='block_1_117' title="bbox 867 5793 2435 5863">
    <p class='ocr_par' dir='ltr' id='par_1_117' title="bbox 876 5797 2435 5863">
     <span class='ocr_line' id='line_1_118' title="bbox 876 5797 2435 5863; baseline 0.002 -10"><span class='ocrx_word' id='word_1_933' title='bbox 876 5840 888 5860; x_wconf 88' lang='lat'><strong>,</strong></span> <span class='ocrx_word' id='word_1_934' title='bbox 917 5799 966 5850; x_wconf 68' lang='grc' dir='ltr'>ὅ.</span> <span class='ocrx_word' id='word_1_935' title='bbox 1045 5803 1087 5829; x_wconf 74' lang='grc'><strong>⁶¹</strong></span> <span class='ocrx_word' id='word_1_936' title='bbox 1113 5801 1242 5853; x_wconf 78' lang='lat' dir='ltr'><strong>ibid.</strong></span> <span class='ocrx_word' id='word_1_937' title='bbox 1277 5802 1320 5853; x_wconf 59' lang='lat' dir='ltr'><strong>.i.</strong></span> <span class='ocrx_word' id='word_1_938' title='bbox 1407 5801 1446 5830; x_wconf 71' lang='grc'>⁸³</span> <span class='ocrx_word' id='word_1_939' title='bbox 1476 5799 1632 5852; x_wconf 80' lang='lat' dir='ltr'><strong>Jnan.</strong></span> <span class='ocrx_word' id='word_1_940' title='bbox 1668 5817 1752 5860; x_wconf 69' lang='lat' dir='ltr'><strong>xv,</strong></span> <span class='ocrx_word' id='word_1_941' title='bbox 1779 5800 1867 5851; x_wconf 60' lang='lat'><strong>“26.</strong></span> <span class='ocrx_word' id='word_1_942' title='bbox 1945 5801 1988 5831; x_wconf 58' lang='grc'><strong>⁸³</strong></span> <span class='ocrx_word' id='word_1_943' title='bbox 2013 5797 2170 5853; x_wconf 75' lang='lat' dir='ltr'><strong>Joan.</strong></span> <span class='ocrx_word' id='word_1_944' title='bbox 2203 5817 2311 5863; x_wconf 74' lang='lat' dir='ltr'><strong>xvr,</strong></span> <span class='ocrx_word' id='word_1_945' title='bbox 2355 5803 2435 5856; x_wconf 72' lang='grc'><strong>14.</strong></span> 
     </span>
    </p>
   </div>
  </div>
