3970 6408
210 423 344 489 1213

1054 425 1152 487 DE
1191 425 1711 489 PROCESSIONE
1752 424 1810 489 S.
1856 426 2214 492 SPIRITUS
2253 425 2477 489 ORA'I‘.
2523 427 2612 491 II.

3343 427 3481 485 1214

205 543 479 609 δόγματος
504 553 521 571 ·
554 536 651 593 καὶ
688 536 752 593 τὸ
803 538 1040 611 πρᾶγμα
1075 540 1262 611 ῥᾴδιον
1293 543 1389 595 καὶ
1423 540 1533 595 τῶν
1558 541 1788 610 εὐχερε-

1896 540 2296 612 repudiaretur,
2353 540 2586 611 ideoque
2614 554 2771 595 error
2803 537 2855 592 in
2897 537 3301 607 exscriptorem
3348 537 3480 606 reji-

207 632 426 684 στάτων
486 628 793 695 καταπολὺ,
842 630 1116 701 στοιχείου
1165 631 1493 703 παραλλαγή
1526 649 1627 695 τις.
1667 629 1788 692 ἑνὸς

205 721 369 792 μόνου
419 722 512 775 καὶ
537 722 920 792 μεταποίησις.
962 723 1021 776 Ὀ
1051 722 1108 777 δὲ
1136 724 1363 792 σκοπὸς,
1396 726 1479 778 ὅτι
1511 724 1585 792 μὴ
1609 722 1790 793 χρεὼν

201 812 485 867 πιστεύειν
520 815 669 885 ἡμᾶς
693 813 866 878 οὕτως
910 815 1169 868 ἐκπεσεῖν
1212 816 1464 878 ἐκείνους
1504 815 1599 868 τοῦ
1623 813 1787 885 ὀρθοῦ

200 906 502 975 δόγματος,
530 905 608 968 ὡς
638 906 733 960 καὶ
768 906 1099 976 πρεσϐεύειν
1132 907 1377 971 εὐσεϐῶς
1425 907 1517 961 τὸν
1547 907 1786 978 Χριστὸν

198 998 267 1051 ὲκ
298 995 395 1049 τοῦ
428 996 774 1067 Πνεύματος,
821 998 911 1051 ἵνα
936 999 1098 1069 τυχὸν
1127 1000 1191 1052 ὲκ
1235 998 1425 1052 τούτου
1467 1003 1563 1052 καὶ
1594 1000 1654 1052 τὸ
1676 998 1789 1052 λοι·-

198 1088 328 1153 nov,
348 1088 488 1160 ὅπερ
520 1089 659 1156 ἐστὶ,
698 1089 799 1143 καὶ
841 1090 908 1144 τὸ
965 1091 1210 1158 Πνεῦμα
1242 1091 1311 1144 ἐκ
1354 1091 1462 1145 τοῦ
1499 1092 1782 1158 Χριστοῦ,

197 1180 329 1251 δόξῃ
356 1179 542 1242 κακῶς
574 1180 722 1251 ἔχειν
747 1196 761 1212 ·
789 1182 873 1235 διὸ
928 1186 1025 1235 καὶ
1059 1185 1310 1250 πταῖσμα
1350 1182 1412 1236 τὸ
1445 1184 1558 1235 πᾶν
1617 1199 1778 1252 νομι-

206 1269 363 1337 σθείη
392 1270 487 1323 τοῦ
543 1271 1020 1343 μεταγράψαντος.
1078 1272 1226 1344 Πλὴν
1268 1275 1422 1342 ὅμως
1469 1275 1783 1345 ἐσφάλησαν

195 1361 294 1415 τοῦ
333 1361 582 1415 τοιούτου
632 1363 865 1426 σκοποῦ,
904 1363 1074 1432 μηδέν
1105 1380 1159 1419 τι
1196 1366 1561 1434 κερδάναντες
1596 1360 1781 1436 ὧνπερ

195 1454 489 1521 ὑπέλαϐον,
510 1455 586 1525 μὴ
613 1455 776 1524 μόνον
805 1451 889 1520 οἷς
915 1457 1014 1526 τὴν
1048 1457 1356 1526 σκαιωρίαν
1382 1459 1563 1512 αὐτῶν
1581 1459 1782 1529 ἀρτίως

193 1547 272 1614 ὡς
301 1549 422 1602 ἐνὸν
454 1548 842 1618 διηλέγξαμεν,
892 1548 1031 1603 ἀλλὰ
1054 1548 1117 1601 τὸ
1147 1551 1353 1619 μεῖζον,
1390 1544 1475 1613 οἷς
1514 1550 1612 1622 τὴν
1636 1551 1783 1616 ἀξιο-

196 1638 423 1703 πιστίαν
457 1639 570 1693 τῶν
624 1639 1072 1708 πολλῶν“λογίων
1107 1640 1218 1694 τῶν
1250 1641 1344 1694 τοῦ
1375 1643 1592 1712 Πατρὺς
1620 1645 1653 1714 ὴ
1682 1644 1782 1714 τῆς

193 1736 330 1798 μιᾶς
376 1734 594 1802 Mosa);
646 1731 830 1786 νοῦεία
879 1732 975 1785 καὶ
1007 1733 1338 1804 παραφθορᾶ
1392 1734 1612 1798 πάντως
1675 1736 1779 1791 οὐκ

189 1828 592 1898 ἀφαιρήσεται.
627 1826 736 1878 Καὶ
771 1824 964 1895 παρεῶ
993 1824 1175 1894 λέγειν
1225 1828 1306 1889 εἰς
1345 1827 1631 1880 δικαίωσιν
1681 1827 1779 1881 νῦν

188 1893 259 1971 τά
294 1893 358 1985 γε
389 1893 503 1973 τῶν
541 1916 746 1971 λοιπῶν
784 1893 1009 1986 βιϐλίων
1060 1893 1375 1971 ἀνόθευτον.
1412 1917 1547 1970 Τίνα
1596 1917 1654 1970 δὲ
1686 1919 1780 1971 καὶ
1806 1893 1854 1953 Β

191 2011 326 2063 ποία
356 2010 423 2063 τὰ
454 2008 631 2062 πολλὰ
654 2008 812 2076 λόγια
838 2008 969 2078 περὶ
1008 2000 1083 2061 ὧν
1119 2008 1336 2078 ἔφημεν
1387 2008 1483 2063 τοῦ
1526 2010 1741 2080 Πατρός
1761 2052 1778 2077 ,

192 2101 333 2171 Ἧῖῃ
364 2101 465 2171 μὲν
491 2102 556 2154 ἐκ
584 2098 791 2153 τούτων
824 2100 1021 2171 μικρὸν
1050 2101 1260 2155 ἄνωθεν
1290 2102 1449 2171 ὀλίγα
1486 2104 1613 2157 τινὰ
1645 2123 1783 2177 προ-

186 2191 541 2261 τεθείκαμεν,
578 2189 649 2244 τὰ
682 2189 740 2245 δὲ
769 2190 946 2244 πλείω
969 2192 1105 2261 πρὸς
1140 2193 1201 2246 τὸ
1234 2194 1411 2264 παρδν
1443 2196 1587 2249 κατὰ
1627 2195 1782 2262 τάξιν

191 2282 566 2354 προθήσομεν.
611 2282 769 2336 Μετὰ
802 2281 1015 2354 βραχέα
1072 2285 1181 2355 γὰρ
1226 2285 1323 2339 τοῦ
1386 2287 1783 2359 προλεχθέντος

193 2374 362 2446 ῥητοῦ
392 2374 656 2441 διέξεισιν
678 2371 747 2428 αὗ
769 2376 916 2429 οὕτω
954 2375 1414 2447 δικανικώτερον
1466 2380 1631 2434 Ἀλλ’
1657 2381 1786 2450 ἐρεῖ

189 2483 305 2531 τις,
341 2466 580 2520 Οὐκοῦν
615 2483 817 2536 φαμεν
864 2466 974 2523 δύο
1016 2464 1171 2522 εἶναι
1234 2472 1412 2537 Υιούς
1438 2488 1452 2503 ο
1500 2474 1601 2527 καὶ
1653 2474 1781 2541 πῶς

191 2558 571 2627 novorum;
621 2557 934 2630 Μενοῦνγε
980 2559 1062 2615 σὺ
1119 2562 1214 2629 τίς
1245 2559 1356 2616 sio“
1404 2564 1779 2636 ἀντιλογιζό-

185 2662 379 2717 μενος
420 2645 499 2713 τῷ
548 2648 714 2712 Θεῷ;
752 2652 821 2704 Et
864 2651 975 2719 γὰρ
1014 2652 1125 2704 τὸν
1165 2654 1304 2706 Υίὸν
1359 2657 1539 2709 καλεῖ
1571 2658 1678 2711 τέν
1709 2658 1780 2720 ἐξ

185 2740 400 2803 αὑτοῦ,
438 2740 506 2795 τὸ
535 2739 605 2794 δὲ
632 2740 807 2811 ἅγιον
862 2743 1110 2813 Πνεῦμα
1155 2746 1219 2799 τὸ
1253 2746 1391 2812 παρ’
1428 2748 1780 2818 ἀμφοτέρων

183 2831 225 2886 ἅ
249 2833 445 2901 μόνον
456 2834 661 2888 πίστει
684 2835 984 2904 νοούμενα
1007 2837 1124 2891 ὑπὸ
1147 2837 1266 2890 τῶν
1282 2840 1470 2908 ἁγίων
1497 2842 1779 2911 φωτεινὰ,

185 2926 525 2996 φωτόὸοτα,
585 2927 893 2995 φωτεινὴν
939 2928 1057 2995 τὴν
1113 2931 1428 2998 ἐνέργειαν
1485 2912 1630 3002 ἕχειλ
1665 2935 1780 2989 Καὶ

188 3021 331 3086 μετα
365 3036 488 3072 τι.α
508 3035 523 3052 ·
555 3019 800 3086 Πνεῦμα
831 3019 1007 3089 ἅγιον
1035 3020 1280 3090 Πνεῦμα
1303 3021 1595 3091 ἀληθείας
1618 3024 1775 3094 ἐστὶ,

180 3113 314 3182 φῶς
345 3114 547 3182 τρίτον
578 3114 739 3182 παρὰ
768 3116 1001 3182 Πατρός
1023 3117 1121 3170 καὶ
1161 3117 1321 3174 Υἱοῦ.
1342 3118 1454 3172 Καὶ
1479 3121 1598 3189 μετ’
1619 3121 1779 3189 ὀλίγα

183 3208 352 3260 πάλιν
375 3224 391 3237 ο
424 3210 535 3259 ’⁸ον
561 3208 672 3277 γὰρ
709 3210 935 3274 τρόπον
958 3207 1165 3275 οὐδεὶς
1201 3209 1356 3279 ἔγνω
1387 3210 1496 3265 τὸν
1539 3214 1775 3280 Πατέρα

179 3300 236 3351 εὶ
261 3297 349 3366 μὴ
377 3301 408 3351 tl
439 3297 592 3363 Υἱὸς,
629 3297 775 3352 οὐδὲ
798 3299 906 3352 τὸν
950 3299 1081 3356 Υίύν
1112 3302 1163 3355 ει
1194 3299 1280 3370 μὴ
1307 3305 1340 3356 ό
1366 3302 1591 3373 Πατὴρ,
1621 3304 1776 3359 οὕτω

177 3387 387 3458 τολμῶ
423 3389 632 3457 λέγειν
655 3389 744 3442 ὅτι
775 3389 918 3444 οὐδὲ
940 3389 1006 3443 τὸ
1042 3390 1286 3461 Πνεῦμα
1321 3395 1373 3447 εί
1392 3394 1479 3462 μὴ
1513 3398 1546 3448 ό
1570 3397 1776 3465 Πατὴρ

178 3480 289 3534 και
338 3484 373 3536 ὀ
431 3479 587 3549 Υἱὸς,
623 3480 762 3549 παρ’
804 3477 877 3537 οὗ
923 3481 1334 3551 ἐκπορεύεται,
1384 3485 1486 3537 καὶ
1530 3485 1666 3554 παρ’
1702 3483 1774 3543 οὗ

174 3573 498 3641 λαμϐάνει,
526 3572 671 3627 οὐδὲ
720 3572 828 3627 τὸν
892 3572 1041 3627 rte»
1077 3574 1174 3627 καί
1206 3575 1314 3628 τὸν
1346 3575 1577 3644 Πατέρα
1612 3580 1663 3631 εὶ
1686 3578 1775 3647 μὴ

66 3706 69 3711 μ
174 3665 247 3718 τὸ
285 3665 532 3734 Πνεῦμα
570 3666 635 3719 τὸ
665 3665 857 3735 ἅγιον,
913 3669 977 3720 τὸ
1014 3666 1271 3731 δοξάζον
1299 3668 1561 3736 ἀληθῶς,
1593 3671 1660 3724 τὸ
1690 3671 1777 3726 δι-

172 3758 420 3813 δάσκον
440 3761 513 3815 τὰ
545 3760 765 3824 πάντα,
796 3759 826 3812 ὃ
855 3760 1018 3828 παρὰ
1044 3760 1153 3814 τοῦ
1182 3762 1414 3829 Πατρός
1444 3763 1544 3816 καὶ
1571 3764 1639 3817 ἐκ
1666 3765 1772 3819 τοῦ

173 3850 344 3905 Υἱοῦ.
397 3848 628 3914 Τούτοις
710 3851 924 3921 συνῳδὰ
983 3846 1298 3921 διαγορεύει
1361 3854 1453 3906 καὶ
1502 3854 1774 3925 σύμφωνα.

175 3939 461 4010 πολλαχοῦ
526 3942 619 3994 καὶ
661 3943 688 3994 ό
742 3942 850 3994 τῶν
917 3940 1013 3993 τοῦ
1070 3942 1389 4013 Πνεύματος
1450 3946 1774 4016 μυστηρίων

173 4034 457 4103 ἑρμηνεὺ,
489 4031 786 4104 Κύριλλος,
818 4032 996 4101 λέγων
1026 4035 1084 4087 ὲν
1119 4034 1219 4103 μὲν
1248 4035 1312 4105 δὴ
1335 4038 1398 4106 τῇ
1426 4036 1686 4109 ἐξηγήσει
1706 4042 1772 4111 τῇ

170 4129 261 4189 είς
293 4125 389 4177 τὸν
415 4126 705 4195 προφήτην
746 4125 902 4196 Ίωὴλ
929 4125 1074 4180 κατὰ
1099 4128 1196 4196 τὴν
1226 4127 1394 4199 ῥῆσιν
1417 4129 1540 4199 τὴν,
1576 4148 1593 4180 ι
1643 4129 1773 4183 Ἐκ·

166 4216 300 4288 χεῶ
330 4217 447 4271 ἀπὸ
496 4216 601 4270 τοῦ
644 4218 997 4286 Πνεύματός
1027 4236 1167 4286 μου,
1219 4237 1238 4271 ι
1304 4221 1660 4288 φάσκουσαν·
1690 4219 1776 4294 *ῌ

164 4311 296 4382 μὲν
327 4312 438 4380 γάρ
471 4311 606 4364 ἐστι
648 4311 795 4377 Θεὸς
840 4310 909 4365 ἐκ
945 4312 1094 4366 Θεοῦ
1144 4313 1294 4367 κατὰ
1334 4315 1526 4382 φύσιν
1550 4317 1582 4368 ό
1615 4317 1770 4382 Υἱὸς.

163 4401 533 4473 γεγέννηται
567 4402 680 4472 γὰρ
703 4403 773 4456 ἐκ
808 4403 914 4457 τοῦ
951 4403 1102 4457 Θεοῦ
1142 4404 1242 4457 καὶ
1304 4404 1558 4472 Πατρὸς,
1613 4405 1773 4460 ιὸιεν

162 4497 368 4551 αὑτοῦ
391 4512 456 4550 τε
486 4496 585 4549 καί
633 4498 706 4550 ἐν
753 4495 915 4560 αὐτῷ
946 4495 1044 4551 καὶ
1071 4496 1367 4577 ἐξιαύτοῦ
1410 4499 1477 4551 τὸ
1523 4498 1770 4568 Πνεῦμα

1896 642 2200 689 cereretur.
2232 632 2603 688 Nihilominus
2654 631 2817 702 longe
2847 646 2876 685 a
2913 631 3203 700 proposito
3249 629 3444 683 aberra
3467 657 3479 667 ρ

1899 737 2053 791 runt,
2077 742 2200 782 cum
2239 727 2374 783 nihil
2410 727 2538 782 inde
2567 726 2820 782 utilitatis
2843 735 3130 796 praitcnsm
3157 726 3477 791 accesserit,

1886 835 2006 874 non
2064 829 2278 875 tantum
2329 802 2479 891 quod
2531 834 2724 874 eorum
2779 818 3043 874 malitiam
3093 834 3205 889 «pro
3267 819 3480 874 viribus

1888 911 2219 975 deteximus,
2259 913 2352 967 sed
2382 913 2524 982 quol
2562 912 2734 981 magis
2765 925 2868 971 est.
2912 912 3212 967 multorum
3249 911 3464 980 eloqui-

1891 1015 2050 1055 orum
2112 999 2345 1069 hujusce
2400 1000 2584 1055 Patris
2641 1000 2797 1054 iidem
2847 1011 3050 1056 certam
3122 1002 3290 1055 unius
3341 1001 3473 1056 dicti

1888 1090 2220 1146 adulteratio
2244 1102 2298 1147 et
2325 1091 2609 1160 corruptio
2648 1092 2791 1145 haud
2827 1090 3109 1162 ἰιιΓι-ἱηιςε-ῑ.
3147 1092 3211 1145 Et
3242 1102 3472 1160 prmtcr-

1886 1200 1953 1240 eo
1999 1185 2066 1240 ad
2113 1185 2226 1239 haec
2279 1185 2396 1254 ipsa
2437 1183 2813 1240 conﬁrmanda
2862 1184 3199 1252 reliquorum
3245 1186 3474 1239 volumi-

1887 1291 2017 1331 num
2069 1278 2356 1332 lectionem
2389 1292 2709 1349 germanam
2771 1277 2827 1331 in
2874 1278 3113 1332 medium
3150 1283 3475 1346 producere.

1885 1368 2151 1434 Quaenam
2183 1385 2314 1424 vero
2353 1379 2484 1424 sunt
2520 1369 2701 1423 Patris
2752 1369 2923 1423 multa
2970 1369 3061 1421 illa
3094 1370 3309 1437 eloquia
3357 1369 3471 1439 jam

1883 1460 2361 1537 commemorata?
2389 1459 2467 1513 Ex
2500 1459 2584 1513 his
2615 1458 2780 1529 paulo
2807 1468 2934 1512 ante
2959 1460 3219 1512 nonnulla
3244 1458 3475 1527 digessi-

1882 1566 2030 1617 mus,
2061 1561 2115 1605 ct
2147 1552 2301 1621 plura
2326 1552 2379 1604 in
2415 1551 2707 1620 praesentia
2752 1566 2856 1604 suo
2889 1549 3085 1606 ordine
3133 1551 3479 1618 digeremus-.-

1881 1641 2011 1698 Post
2037 1658 2211 1713 pauca
2285 1643 2556 1712 siquidem
2613 1642 2932 1708 prailaudati
2986 1642 3155 1705 dicti,
3217 1642 3362 1696 hunc
3419 1642 3472 1696 in

1882 1718 2319 1802 nioduquuasi
2368 1735 2511 1804 apud
2549 1735 2768 1804 jtnlices
2821 1749 3043 1789 causam
3080 1743 3286 1803 ageret,
3324 1735 3475 1791 etiis-

1883 1835 2055 1882 sertt:
2118 1823 2225 1881 Sed
2264 1827 2463 1880 dixerit
2524 1826 2792 1895 quispiam
2843 1841 2862 1878 :
2894 1825 3134 1879 Dicimus
3189 1841 3310 1895 ergo
3338 1824 3473 1880 duos

1882 1936 1993 1973 esse
2020 1918 2224 1983 Filios;
2267 1928 2316 1974 et
2343 1921 2610 1990 quomodo
2658 1919 3017 1989 unigenitus?
3058 1919 3221 1988 Atqui
3259 1930 3316 1971 tu
3353 1921 3471 1989 quis

1881 2027 1958 2074 es,
1988 2012 2077 2079 qui
2101 2026 2165 2064 ex
2194 2011 2412 2065 adverso
2449 2010 2790 2064 ratiocinari:
2823 2026 2942 2063 cum
2972 2010 3119 2067 Deo!
3159 2010 3368 2064 Etenim
3424 2011 3471 2065 si

1883 2100 2088 2155 Filium
2111 2111 2262 2156 vocat
2286 2102 2378 2172 qui
2411 2116 2475 2154 ex
2504 2101 2618 2170 ipso
2654 2110 2753 2166 est,
2784 2100 3050 2170 Spiritum
3084 2118 3204 2155 vero
3225 2111 3471 2157 sanciunt

1881 2191 1973 2261 qui
1995 2192 2059 2246 ab
2089 2200 2329 2262 utroque,
2364 2206 2482 2261 qua:
2507 2190 2877 2244 tantummodo
2924 2201 3096 2246 mente
3134 2192 3406 2247 intellecto
3438 2211 3473 2247 α

1880 2284 2079 2337 sanctis
2115 2283 2426 2353 splendida,
2485 2272 3102 2350 Iunten'impertientia,
3152 2283 3471 2340 luminosam

1880 2374 2238 2443 operationem
2272 2374 2485 2427 habent.
2512 2373 2578 2427 Et
2628 2380 2752 2442 post
2786 2388 2959 2443 pauca
2995 2390 3009 2427 :
3048 2372 3288 2441 Spiritus
3341 2392 3472 2430 san-

1880 2477 1995 2519 ctus
2032 2465 2270 2535 Spiritus
2323 2465 2563 2519 veritatis
2608 2474 2704 2529 est,
2743 2467 2919 2520 lumen
2962 2467 3178 2522 tertium
3228 2485 3260 2520 a
3311 2466 3473 2529 Patre

1879 2567 1927 2613 et
1966 2556 2126 2612 Filio.
2183 2557 2502 2627 Rursusque
2539 2558 2728 2624 paucis
2781 2558 3011 2613 annexis
3053 2575 3066 2611 :
3105 2558 3472 2623 Quemadmo-

1879 2649 2005 2701 dum
2058 2650 2197 2701 enim
2243 2663 2393 2701 nemo
2427 2646 2841 2712 noritPatrem,
2884 2647 2992 2702 nisi
3070 2646 3271 2711 Filius,
3309 2666 3473 2720 neque

1881 2740 2073 2797 Filium
2108 2742 2211 2794 nisi
2250 2740 2451 2807 Pater;
2475 2743 2551 2794 sic
2585 2742 2754 2795 audeo
2792 2743 2986 2807 dicere,
3013 2760 3178 2814 neque
3208 2744 3470 2814 Spiritum

1880 2835 1983 2888 nisi
2013 2834 2179 2888 Pater
2206 2844 2254 2888 et
2280 2833 2469 2901 Filius,
2491 2852 2522 2887 a
2544 2851 2646 2905 quo
2668 2836 2926 2904 procedit,
2955 2844 3007 2890 et
3036 2853 3068 2890 a
3102 2853 3203 2908 quo
3236 2839 3469 2908 accipit:

1879 2945 2042 2999 neque
2066 2926 2270 2982 Filium
2323 2939 2373 2982 et
2408 2927 2627 2983 Patrem
2676 2931 2781 2983 nisi
2825 2927 3058 2998 Spiritus
3099 2942 3339 2994 sanctus,
3380 2933 3473 3002 qui

1876 3036 1993 3075 vere
2018 3019 2305 3090 glori/icui,
2337 3022 2429 3090 qui
2478 3022 2656 3076 omnia
2690 3024 2930 3087 instruit,
2958 3025 3053 3093 qui
3093 3041 3158 3078 ex
3205 3022 3372 3079 Pa're
3420 3032 3472 3080 et

1880 3109 2051 3166 Filio.
2090 3110 2254 3166 llisce
2304 3112 2638 3183 astipulatur
2692 3114 3103 3184 concordatque
3167 3116 3356 3171 multis
3412 3116 3468 3171 in

1880 3204 2015 3259 locis
2069 3212 2409 3260 secretorum
2463 3205 2703 3274 Spiritus
2767 3207 3037 3276 interpres
3087 3207 3347 3277 Cyrinus,
3381 3209 3469 3264 di-

1879 3310 2009 3351 cens
2054 3306 2167 3349 tum
2214 3295 2266 3348 in
2321 3296 2668 3364 expositione
2704 3296 2758 3350 in
2805 3293 3012 3352 Joelem
3044 3298 3366 3367 prophetam
3413 3299 3469 3353 in

1878 3388 2085 3443 dictum
2122 3406 2137 3442 :
2171 3405 2190 3439 ι
2232 3386 2524 3457 Effundam
2557 3386 2622 3442 de
2661 3387 2868 3457 Spiritu
2895 3378 3045 3453 ’meo,
3068 3410 3086 3443 ι
3126 3388 3194 3445 Ut
3223 3393 3361 3446 enim
3391 3400 3471 3447 est

1881 3479 2021 3535 Deus
2060 3490 2109 3535 et
2144 3496 2211 3534 ea:
2237 3480 2345 3533 Deo
2379 3493 2576 3534 natura
2607 3478 2810 3547 Filius,
2843 3483 3048 3552 genitus
3081 3482 3218 3537 enim
3260 3497 3326 3536 ex
3364 3481 3470 3538 Dec

1875 3584 1925 3628 et
1964 3573 2146 3638 Patre,
2171 3573 2421 3642 proprius
2463 3573 2635 3640 illius,
2669 3574 2794 3627 etin
2827 3575 2946 3641 illo,
2977 3583 3029 3627 et
3073 3589 3139 3628 ea:
3168 3573 3263 3627 illo
3293 3572 3469 3643 Spiri-

1878 3675 1963 3719 tus
1993 3674 2096 3727 est,
2130 3681 2192 3717 ea
2229 3667 2346 3733 ipsa
2386 3664 2612 3725 ratione,
2657 3679 2763 3733 qua
2805 3673 2855 3717 et
2899 3665 2966 3717 ab
3002 3665 3117 3732 ipso
3151 3665 3472 3734 intelligitur

1878 3755 1987 3810 Deo
2014 3736 2087 3808 ἐι
2136 3752 2316 3808 Patre.
2361 3753 2498 3808 Tum
2538 3753 2613 3818 ad,
2667 3754 3059 3819 imperatorem
3093 3752 3468 3808 Theodosium

1877 3850 2130 3906 oratione
2160 3847 2600 3917 :Baptizantem,
2628 3847 2726 3910 ait,
2752 3844 2936 3901 Jesum
2964 3848 3016 3900 in
3039 3848 3158 3918 igne
3182 3857 3232 3902 et
3262 3847 3471 3918 Spiritu

1876 3953 2084 4008 sancto,
2123 3960 2228 3997 non
2259 3942 2491 3996 alienum
2542 3941 2828 4011 baptizatis
2876 3940 3251 3994 immittentem
3292 3938 3472 4010 Spiri-

1878 4047 1993 4089 tum
2023 4034 2158 4089 setvi
2186 4034 2342 4087 modo
2387 4042 2436 4088 et
2470 4033 2808 4098 administri,
2836 4032 2927 4087 sed
2977 4041 3033 4086 ut
3077 4044 3271 4085 natura
3307 4030 3472 4085 Deum

1876 4144 1999 4183 cum
2030 4144 2279 4197 suprema
2306 4127 2651 4189 auctoritate,
2672 4126 2763 4195 qui
2792 4141 2856 4179 ex
2886 4125 2999 4195 ipso
3025 4134 3124 4190 est,
3148 4134 3195 4179 et
3223 4126 3470 4195 prOprius

1876 4218 2066 4287 ipsius.
2104 4217 2352 4287 Itemque
2399 4216 2455 4269 in
2500 4231 2610 4269 uno
2634 4229 2702 4269 ex
2747 4214 3023 4284 capitibus
3065 4216 3297 4270 secundi
3335 4213 3471 4268 Tlte-

1876 4325 2164 4366 saurorum
2211 4307 2508 4364 manifeste
2543 4306 2879 4372 ostenditur,
2942 4324 3045 4361 non
3091 4306 3325 4361 alienum
3359 4324 3471 4362 esse

1877 4403 2012 4459 Filii
2058 4402 2322 4468 Spiritum
2370 4409 2642 4465 sanctum,
2674 4399 2765 4455 sed
2812 4401 2865 4454 in
2893 4401 3010 4470 ipso
3045 4410 3092 4454 et
3126 4417 3190 4454 ea:
3223 4401 3358 4469 ipso.
3402 4400 3471 4456 Et

1876 4499 1930 4554 in
1981 4498 2330 4568 expositione
2369 4492 2650 4562 Evangelii
2710 4494 3013 4548 secundum
3059 4491 3350 4556 Joannem,
3412 4492 3470 4547 in

160 4593 326 4650 ἐστι,
358 4588 629 4657 καθάπερ
657 4588 866 4655 ἀμέλει
897 4590 996 4643 καί
1043 4589 1139 4644 ἐπ’
1177 4590 1368 4646 αὑτοῦ
1403 4591 1627 4648 νοεῖται
1661 4591 1768 4647 τοῦ

1879 4595 2082 4647 dictum
2125 4609 2140 4645 :
2181 4610 2200 4643 ι
2243 4588 2311 4643 Et
2336 4596 2575 4660 suggeret
2612 4586 2753 4641 vobis
2773 4587 2953 4640 omnia
2994 4601 3318 4657 quiscunque
3353 4585 3470 4640 dixi

164 4682 331 4736 Θεοῦ
398 4684 495 4736 καὶ
562 4683 828 4750 Πατρός·
882 4683 940 4734 ὲν
990 4680 1051 4734 δὲ
1098 4681 1177 4753 τῷ
1225 4684 1362 4754 πρὸς
1418 4684 1770 4756 τὸνβασιλέα

159 4774 459 4827 Θεοδόσιον
507 4774 690 4844 λόγῳ,
733 4770 1125 4839 Βαπτίζοντα,
1167 4775 1297 4846 ἔφη,
1358 4777 1466 4831 τὸν
1530 4778 1772 4846 Ἰησοῦν

159 4869 239 4921 ἐν
272 4868 420 4934 πυρὶ
451 4867 551 4921 καί
576 4868 724 4937 ἁγίῳ
751 4867 1074 4936 Πνεύματι,
1100 4870 1174 4922 οὐ
1203 4861 1270 4923 τὸ
1295 4870 1618 4939 ἀλλότριον
1642 4872 1772 4939 τοῖς

154 4956 637 5025 βαπτζομένοις
691 4956 931 5010 ἐνιέντα
1005 4957 1257 5027 Πνεῦμα
1328 4959 1779 5030 δουλοπρεπῶς,

161 5052 274 5104 καὶ
311 5046 707 5117 ὐπηρετικὼς,
738 5049 879 5105 ἀλλ’
917 5049 998 5115 ὡς
1035 5053 1187 5105 Θεὸν
1229 5052 1382 5106 κατὰ
1414 5055 1607 5121 φύσιν
1633 5059 1766 5126 μετ’

157 5144 464 5208 ἐξουσίας
519 5140 629 5208 τῆς
659 5142 941 5197 ἀνωτάτω
983 5144 1051 5197 τὸ
1089 5144 1161 5210 ἐξ
1207 5145 1398 5199 αὑτοῦ
1455 5148 1554 5199 καὶ
1601 5148 1760 5204 ἴδιον

149 5231 386 5291 ωτοῦ.
422 5232 592 5286 Πάλιν
622 5237 679 5286 ἐν
705 5233 805 5302 μὲν
834 5234 917 5288 ἐνὶ
960 5235 1068 5287 τῶν
1093 5236 1409 5304 κεφαλαίων
1443 5236 1538 5289 τοῦ
1577 5239 1760 5292 δευτέ-

160 5341 274 5397 pan
310 5322 419 5378 τῶν
479 5324 815 5395 Θησαυρῶν
848 5326 1128 5383 δείκνυται
1175 5330 1365 5396 σαφῶς
1404 5332 1516 5384 vim
1571 5331 1758 5386 ἀλλό-

154 5435 339 5486 τριον
385 5420 493 5474 τοῦ
536 5422 676 5475 Υίοῦ
724 5422 791 5476 τὸ
819 5422 1069 5493 Πνεῦμα
1130 5424 1208 5477 τὸ·
1237 5425 1434 5495 ἅγιον,
1490 5427 1634 5480 ἀλλ’
1691 5426 1762 5480 ἐν

158 5512 338 5579 αὐτῷ
369 5514 466 5566 καὶ
494 5515 565 5579 ἐξ
611 5514 822 5570 αὐτοῦ.
866 5517 955 5570 Ἐν
983 5516 1040 5569 δὲ
1091 5522 1159 5590 τῇ
1191 5520 1464 5590 ἑρμηνείᾳ
1491 5518 1587 5572 τοῦ
1616 5520 1760 5573 κατὰ

164 5605 439 5676 Ἰωάννην
488 5606 828 5677 Εὑαγγεὶλου
884 5613 967 5675 είς
1002 5610 1063 5664 τὸ
1100 5612 1267 5684 ῥητὸν
1298 5611 1381 5676 τὸ,
1419 5631 1438 5665 ι
1488 5612 1758 5680 Ἐκεῖνος

144 5697 515 5769 ὑπομνήσει
546 5698 702 5770 ὑμᾶς
734 5701 932 5756 πάντα
952 5700 1179 5759 ἂεῒπον
1211 5704 1346 5774 ἐγὼ,
1378 5724 1396 5757 ι
1436 5705 1761 5778 διαπρύσιον

236 5855 473 5935 “‘Joan.
511 5873 622 5925 xw,
662 5857 749 5913 ἑὸ.
843 5861 887 5891 ⁸⁸
917 5858 1076 5915 Joan.
1114 5877 1222 5927 xw,
1260 5861 1350 5918 9.3.

1878 4683 2135 4751 vobis“,
2176 4702 2193 4737 ι
2248 4684 2399 4737 clara
2462 4696 2598 4736 voce
2664 4678 3046 4750 pronuntiavit
3082 4694 3098 4734 :
3138 4676 3330 4748 Itaque
3390 4678 3470 4731 uti

1879 4778 2047 4833 sciens
2078 4790 2399 4846 quotcunque
2434 4775 2487 4827 in
2532 4772 2804 4827 voluntate
2836 4769 3108 4841 Unigeniti
3137 4780 3286 4837 sunt,
3326 4770 3470 4825 vobis

1877 4871 2218 4926 annuntiabit
2279 4868 2539 4938 Spiritus,
2574 4884 2676 4921 non
2726 4881 2792 4923 ea:
2825 4865 3119 4935 disciplina
3157 4863 3354 4919 habens
3382 4881 3472 4919 co-

1870 4965 2184 5035 gnitionem,
2219 4977 2282 5015 ne
2306 4963 2553 5015 videatur
2578 4958 2892 5012 administri
2924 4958 3164 5011 ordinem
3188 4956 3466 5025 complere,

1871 5056 1963 5111 sed
2008 5066 2066 5108 ut
2097 5052 2333 5121 Spiritus
2379 5051 2547 5118 ipsius
2587 5061 2632 5102 et
2660 5049 2834 5104 sciens
2865 5048 3048 5103 omnia
3098 5062 3205 5101 non
3251 5047 3467 5100 edoctus

1870 5148 2042 5206 illius,
2072 5159 2137 5197 ex
2166 5158 2289 5212 quo,
2323 5152 2370 5195 et
2402 5142 2453 5195 in
2484 5157 2586 5210 quo
2621 5150 2721 5195 est.
2754 5140 2888 5195 Item
2939 5139 3191 5194 oratione
3231 5139 3467 5205 septima

1870 5236 1938 5289 ad
1997 5232 2274 5288 Hermiam
2309 5231 2423 5285 haec
2475 5230 2669 5285 scribit
2717 5248 2731 5284 :
2771 5228 2951 5301 Igitur
2989 5228 3246 5282 Dominus
3279 5236 3463 5281 noster

1869 5326 2026 5382 Iesus
2077 5325 2344 5389 Christus,
2385 5326 2451 5378 de
2498 5325 2782 5391 omnibus,
2825 5333 2883 5378 ut
2918 5304 3144 5390 ‘opinor,
3213 5320 3464 5391 ﬁdelibus

1869 5421 2117 5491 bonisque
2152 5421 2228 5474 ait
2265 5436 2283 5474 :
2318 5437 2335 5471 ι
2388 5417 2663 5474 Veniemus
2695 5435 2788 5488 ego
2824 5431 2875 5471 et
2914 5416 3093 5483 Pater,
3124 5423 3175 5469 et
3225 5414 3462 5468 mansio-

1869 5537 1984 5575 nem
2012 5520 2154 5589 apud
2184 5536 2303 5574 eum
2338 5519 2600 5589 faciemus
2621 5518 2688 5572 ⁸⁵.
2736 5536 2755 5568 ι
2796 5515 2864 5569 Et
2895 5517 2948 5568 in
2975 5517 3071 5569 hac
3098 5516 3464 5587 cognoscimus

1867 5612 1924 5665 in
1960 5611 2108 5665 nobis
2136 5625 2251 5665 esse
2276 5624 2341 5663 ea:
2376 5609 2606 5681 Spiritu,
2649 5622 2801 5678 quem
2834 5604 3061 5660 tradidit
3090 5605 3241 5660 nobis
3269 5620 3288 5660 :
3318 5606 3464 5660 inco-

1869 5705 2136 5760 tamenim
2178 5715 2227 5760 et
2257 5702 2642 5759 inhabitantem
2668 5700 2953 5769 possidebit
2975 5716 3116 5767 eum,
3148 5700 3239 5770 qui
3264 5711 3460 5754 natura
