3970 6402
203 359 337 426 tm
375 332 381 338 ⁷

1039 360 1137 420 DE
1180 325 1701 419 PROCESSIONE
1738 361 1800 420 s.
1843 361 2212 422 seramus
2253 360 2477 421 onu‘.
2517 360 2602 423 II.

3315 361 3454 427 1218

199 476 431 532 καὶτῶν
483 474 619 529 ὅλων
650 475 725 539 ὡς
760 473 976 544 ἀληθῶς
1027 472 1468 545 ἀρχωιδέστερον
1512 472 1774 551 ῥημάτων

1877 476 1960 530 bis
2024 476 2282 531 omnibus
2341 474 2623 544 antiquius
2680 488 2804 529 cum
2848 472 2971 539 sit,
3029 472 3237 545 reliqua
3270 477 3459 534 omnia

195 567 404 629 τελοῦν,
437 568 651 620 ἅπαντα
685 568 752 620 τά
782 566 944 620 λοιπά
996 565 1201 619 τούτων
1254 563 1599 631 ἀναλυόμενα
1633 563 1773 633 πρὸς

200 658 363 713 ἑαυτὸ
393 657 610 727 δέχεται
636 673 652 690 ⁸
687 657 846 711 τοῦτο
879 658 934 710 δὲ
969 657 1028 710 τὸ
1066 654 1464 726 ἐκπορεύεσθαι
1513 655 1609 709 καὶ
1639 654 1774 708 αὑτὸ

196 750 338 820 πρὸς
395 751 510 812 τοῖς
563 748 745 811 ἄλλοις
807 747 1174 816 ἀναλυόμενον
1230 747 1395 809 ὅλοις,
1438 745 1518 809 εἰς
1550 744 1611 798 τὸ
1639 744 1772 798 ἐστὶ

194 841 344 912 παρὰ
379 841 488 893 τῶν
515 842 615 909 τῆς
647 840 976 909 Ἐκκλησιας
999 837 1179 907 σοφῶν
1207 838 1300 892 καὶ
1327 836 1665 890 διδασκάλων
1692 837 1773 899 εἰς

189 933 288 1002 τὴν
327 932 444 994 πῶς
478 931 713 1002 ὕπαρξιν
746 931 1016 1002 ὲξελήφθη
1049 927 1143 983 τοῦ
1173 929 1511 999 Πνεύματος,
1532 925 1631 996 τὴν
1651 924 1774 980 τού-

188 1040 287 1076 του
323 1023 457 1095 πρὸς
492 1025 583 1076 τὸν
620 1022 748 1075 Υἱδν
778 1024 1042 1092 ἐμφαῖνον
1092 1018 1398 1089 διαστολὴν,
1429 1018 1524 1070 καὶ
1568 1017 1628 1091 τὸ
1655 1017 1767 1071 διά-

186 1132 359 1186 φορον
421 1113 557 1184 πρὸς
611 1113 772 1166 αὑτὸν
826 1113 924 1182 τῆς
982 1110 1291 1182 ὑπάρξεως.
1341 1111 1476 1164 Ἵνα
1510 1107 1603 1163 καὶ
1660 1108 1771 1179 γὰρ

184 1208 256 1261 τὸ
282 1207 472 1273 ὄνομα
508 1206 779 1272 παρέλθῃ
813 1202 926 1272 τῆς
946 1202 1288 1274 γεννήσεως
1319 1202 1357 1270 ἡ
1387 1200 1622 1269 Γραφὴ,
1654 1199 1772 1268 τὴν

183 1300 579 1365 ἐκπόρευσιν,
626 1296 877 1366 Ἰωάννης
906 1298 933 1348 ὁ
975 1294 1366 1364 Χρυσόστομος
1398 1295 1581 1363 φησὶν,
1610 1292 1769 1360 εἴρη-

186 1409 323 1447 κεν.
347 1391 517 1443 Ὅταν
549 1385 641 1442 οὖν
679 1391 969 1459 πρόκειται
999 1387 1210 1450 τούτοις
1231 1387 1292 1439 τὸ
1321 1385 1415 1438 τοῦ
1454 1386 1769 1454 Πνεύματος

186 1485 308 1547 πῶς
349 1484 616 1552 ὑπάρχειν
640 1482 833 1541 εἰπεῖν,
864 1478 1168 1549 τηνικαῦτα
1190 1478 1252 1546 δὴ
1279 1477 1376 1548 τὴν
1405 1476 1768 1546 ἐκπορεύεται

186 1576 337 1641 λέξιν
377 1572 917 1644 παραλαμϐάνουσιν.
966 1570 1163 1624 Ἢνίκα
1209 1570 1253 1622 δ’
1314 1571 1500 1633 αὐτοῖς
1545 1571 1575 1624 ὁ
1610 1569 1769 1638 λόγος

190 1666 444 1738 βούλεται
478 1665 607 1733 περὶ
635 1664 732 1730 τῆς
755 1661 941 1725 ἁπλῶς
971 1663 1065 1714 καὶ
1099 1661 1268 1732 μόνης
1305 1661 1596 1731 ὑπάρξεως
1637 1660 1768 1715 τού-

185 1775 285 1812 του
318 1755 609 1817 διαλαϐεῖν,
637 1756 757 1806 τότε
787 1755 957 1824 χωρὶς
989 1754 1084 1805 τοῦ
1114 1754 1427 1820 γεννᾶσθαι,
1453 1751 1514 1805 τὸ
1533 1752 1590 1805 δὲ
1628 1752 1768 1805 πάνα

187 1866 299 1913 τως
332 1848 461 1902 ἴδιον
494 1848 587 1899 τοῦ
619 1846 775 1910 Υἱοῦ,
816 1846 1057 1916 χρῶνται
1104 1845 1201 1897 καὶ
1231 1847 1343 1900 τοῖς
1394 1843 1602 1904 λοιποῖς
1633 1845 1768 1896 πᾶσι

191 1942 420 2013 ῥήμασι.
448 1940 540 1991 καὶ
572 1938 771 2008 μᾶλλον
801 1937 1022 1990 ἐπειδὰν
1045 1935 1203 1989 τοῦτο
1229 1935 1543 2004 κηρύττωσι
1576 1936 1672 1989 καὶ
1707 1937 1771 1987 ἐκ

188 2035 285 2088 τοῦ
318 2033 473 2093 Υἰοῦ,
505 2032 696 2105 καθότι
728 2029 923 2100 μηδενὶ
945 2027 1053 2081 τῶν
1085 2027 1341 2081 ἁπάντων
1376 2028 1403 2079 ὁ
1427 2025 1629 2097 τρόπος
1663 2025 1772 2095 ἀμ·
1811 2060 1816 2065 .

193 2127 428 2196 φίδοξος.
459 2126 555 2188 Τίς
582 2124 691 2194 γάρ
721 2139 853 2175 ποτε
888 2121 950 2175 τὸ
984 2121 1207 2192 Πνεῦμα
1238 2121 1297 2175 τὸ
1327 2122 1484 2188 ἆγιον
1529 2118 1773 2182 ἀκούσας

195 2222 258 2272 ὲκ
293 2218 387 2271 106
424 2217 554 2270 Υἱοὶ
580 2218 836 2285 γέννησιν
879 2214 1057 2267 τελεῖν
1098 2213 1344 2284 ὑπολάϐῃ
1384 2214 1483 2281 τὴν
1521 2211 1578 2276 ἐξ
1606 2209 1770 2263 αὑτοῦ

200 2311 345 2365 θεὶαν
372 2310 603 2378 ὓπαρξιν
631 2324 645 2372 ;
676 2309 777 2361 Διά
801 2324 884 2361 τοι
913 2307 1072 2359 10610
1104 2304 1201 2358 καὶ
1228 2304 1304 2367 ὡς
1335 2302 1631 2357 ἐπιτοπολὺ
1661 2305 1772 2364 τοῖς

199 2401 373 2463 ἄλλοις
400 2400 573 2467 αὑτὴν
601 2397 855 2466 δηλοῦσιν
907 2395 1190 2464 ὀνόμασιν,
1239 2387 1320 2453 οἷς
1363 2390 1567 2445 ἅπασίν
1622 2393 1771 2443 ἐστιν

196 2493 459 2559 ἑπόμενον
488 2489 547 2553 ἐξ
564 2492 806 2556 ἀνάγκης
844 2489 984 2539 νοεῖν
1009 2483 1100 2537 τὸν
1122 2484 1320 2554 τρόπον
1341 2482 1439 2551 τῆς
1461 2481 1769 2551 ὑπάρξεως,

197 2582 314 2653 ἦτοι
349 2581 407 2633 τὸ
436 2578 852 2647 ἐκπορεύεσθαι.
886 2575 1090 2628 Τούτου
1125 2574 1181 2627 δὲ
1229 2574 1366 2642 πρός
1424 2589 1569 2635 τινος
1607 2572 1771 2641 μηδοο

194 2671 732 2742 Μυσῶν-νοηθέντος
754 2669 961 2732 αὑτοῖς,
986 2666 1136 2718 ἐσται
1164 2663 1286 2717 κατ’
1317 2666 1520 2719 ἐκεῖνον
1545 2663 1635 2715 τὸν
1659 2663 1774 2715 ἓτε-

194 2784 312 2836 ρον,
346 2765 480 2837 ἥὼς
518 2765 552 2833 ὴ
580 2764 855 2832 γέννησις.
893 2760 1018 2813 Ἐπὶ
1045 2760 1155 2831 γὰρ
1191 2758 1300 2810 τῶν
1338 2757 1435 2826 τῆς
1466 2757 1626 2824 ἁγίας
1678 2756 1777 2809 καὶ

123 2863 126 2866 ’
189 2857 490 2927 θεαρχικῆς
530 2855 763 2925 Τριάδος
797 2853 1062 2907 αἰτιατῶν
1095 2853 1164 2904 τὰ
1187 2850 1282 2904 δύο
1313 2851 1471 2904 ταυτὶ
1502 2852 1641 2920 μόνα
1675 2850 1773 2919 τῆς

185 2949 310 3009 πῶς
342 2945 633 3010 ὑπάρξεως
676 2942 986 3012 σημαντικὰ
1029 2942 1293 3008 πέφυκεν.
1325 2941 1517 2995 Ἔσται
1547 2956 1774 3012 τοιγαρο

185 3039 287 3092 οὖν
324 3036 405 3107 τῷ
444 3037 520 3105 μὴ
578 3034 886 3105 βουλομένῳ
910 3034 1008 3103 τὴν
1044 3033 1373 3103 ὲκπόρευσιν
1406 3032 1495 3086 ἐπ’
1541 3033 1773 3097 ἐκείνοις

1877 583 2215 639 quaecunque
2258 569 2349 622 ilia
2375 569 2507 634 sint,
2564 567 2807 621 resoluta
2842 566 2894 621 in
2930 580 3055 623 sese
3098 568 3353 636 recipiat.
3391 569 3456 625 Et

1878 661 1981 714 hoc
2010 660 2327 727 procedere,
2362 659 2442 713 uti
2485 659 2700 726 reliqua
2733 658 2835 711 alia
2884 658 3191 712 resolutum
3231 659 3284 711 in
3318 658 3458 714 illud

1880 760 1982 816 est,
2018 751 2085 804 ab
2118 751 2376 806 Ecclesiae
2407 751 2582 806 doctis
2624 752 3051 821 praeceptoribus
3091 751 3146 815 in
3177 752 3458 806 exsisten-

1885 846 2015 899 tiam
2079 858 2181 898 suo
2246 845 2408 897 u-odo
2456 842 2699 912 Spiritus
2759 843 3085 908 desumitur,
3149 844 3291 898 illius
3328 859 3457 915 erga

1872 934 2071 989 Filium
2122 933 2485 991 differentiam
2544 936 2831 997 iudicans,
2877 944 2931 989 et
2986 936 3263 990 diversum
3327 952 3456 1006 erga

1873 1042 1996 1083 eum
2030 1028 2364 1083 exsistentize
2389 1028 2632 1082 modum.
2668 1027 2935 1097 Namque,
2977 1037 3033 1081 ut
3065 1045 3256 1082 nomen
3306 1045 3459 1099 gene-

1873 1121 2098 1173 rationis
2122 1120 2412 1189 prwteriret
2439 1117 2744 1184 Scriptura,
2769 1120 3119 1188 processionis
3162 1136 3368 1181 nomen.
3397 1129 3458 1176 ut

1871 1207 2109 1265 Joannes
2167 1209 2595 1279 Chrysostoinus
2678 1209 2885 1273 tradit,
2951 1213 3249 1279 usurpavit.
3317 1210 3457 1265 Cum

1872 1304 2055 1372 itaque
2085 1303 2187 1358 sibi
2234 1310 2568 1371 proponunt,
2600 1301 2838 1370 Spiritus
2865 1302 3199 1356 exsistentia:
3234 1304 3455 1357 modum

1870 1394 2220 1463 exprimere,
2284 1402 2395 1445 tum
2451 1391 2820 1461 processionis
2878 1405 3064 1445 vocem
3131 1402 3457 1460 as-umunt;
3528 1434 3531 1437 ›

1870 1504 1994 1545 cum
2027 1490 2093 1544 de
2121 1487 2355 1557 simplici
2385 1489 2609 1557 so'aque
2628 1488 2944 1541 exsistentia
2974 1484 3116 1538 illius
3144 1500 3456 1541 sermonem

1872 1579 2099 1642 faciunt,
2150 1590 2260 1633 tum
2319 1593 2426 1632 una
2476 1588 2699 1649 excepta
2728 1577 3098 1648 generatione,
3153 1591 3275 1645 qua:
3328 1590 3461 1646 pro-

1870 1675 1985 1743 pria
2023 1671 2144 1726 Filii
2177 1679 2281 1737 est,
2310 1670 2534 1740 reliquis
2558 1669 2680 1722 aliis
2712 1670 2893 1724 verbis
2918 1658 3168 1733 utuntur,
3206 1676 3260 1722 et
3284 1669 3455 1737 potis-

1871 1765 2068 1820 simum
2107 1779 2229 1817 cum
2255 1763 2406 1815 illum
2436 1777 2498 1815 ex
2544 1762 2684 1816 Filio
2727 1761 3045 1831 pnedicant,
3078 1760 3222 1829 quod
3264 1759 3459 1814 modus

1872 1855 2207 1910 exsisleutize
2244 1862 2375 1907 tunc
2416 1854 2548 1906 nulli
2588 1853 2789 1906 dubius
2827 1860 3088 1906 remanet.
3138 1850 3272 1916 Quis
3311 1852 3457 1905 enim

1874 1961 2112 2015 unquam
2159 1946 2383 2000 audiens
2422 1945 2682 2014 Spiritum
2718 1954 2968 1998 sanctum
3009 1959 3073 1998 ex
3106 1942 3266 2007 Filio,
3295 1957 3462 2012 gene-

1872 2039 2138 2092 rationem
2201 2052 2323 2092 esse
2376 2036 2818 2105 comprehendet,
2852 2050 2974 2104 quae
3027 2049 3095 2089 ex
3151 2050 3216 2087 eo
3275 2034 3460 2088 divina

1873 2130 2194 2186 exsistentia
2245 2130 2363 2183 est?
2411 2130 2821 2198 Pr0ptereaque
2879 2138 2940 2182 ut
3001 2128 3294 2195 plurimum
3340 2125 3461 2181 aliis

1872 2238 1992 2278 eam
2030 2222 2361 2277 dictionibus
2412 2222 2693 2285 denotant,
2737 2219 2939 2292 quibus
2984 2217 3239 2271 omnibus
3266 2229 3460 2271 conse-

1837 2355 1845 2361 .
1873 2322 2103 2385 quenter
2131 2304 2327 2367 modus
2358 2311 2505 2365 illius
2536 2312 2871 2391 exsistentia;
2916 2309 3209 2372 indicatur,
3243 2320 3467 2378 proces-

1875 2406 1956 2460 sio
1989 2404 2214 2464 scilicet,
2255 2404 2355 2457 hoc
2380 2402 2425 2456 si
2453 2419 2479 2455 a
2511 2416 2784 2470 quoquam
2811 2395 2876 2454 ex'
2905 2401 3096 2454 iisdem
3124 2400 3465 2469 conerpiatur

1873 2495 1977 2549 erit
1999 2495 2300 2548 secundum
2334 2492 2497 2544 alium
2536 2491 2757 2545 modum
2791 2489 3083 2558 generatio.
3112 2487 3357 2556 Namque
3406 2488 3460 2542 in

1875 2586 2117 2641 causaris
2166 2585 2219 2637 in
2280 2594 2469 2638 sancta
2525 2592 2578 2637 et
2612 2583 2916 2636 divinitatis
2969 2581 3217 2650 principe
3263 2578 3463 2634 Tnade

1878 2675 1991 2729 haec
2051 2673 2161 2728 duo
2223 2673 2602 2727 tantummodo
2656 2672 2770 2726 sola
2836 2672 3057 2725 modum
3126 2670 3463 2724 exsistentim

1877 2774 2172 2820 conuolare
2206 2776 2329 2835 apta
2366 2773 2488 2818 nata
2531 2771 2679 2817 sunt.
2731 2763 2845 2816 Erit
2882 2762 3046 2830 igitur
3078 2762 3177 2821 illi.
3207 2761 3301 2824 qui
3334 2776 3465 2829 pro-

1878 2861 2181 2914 cessiouem
2220 2859 2273 2910 in
2309 2857 2414 2911 illis
2442 2856 2747 2924 intelligere
2787 2857 3006 2917 abnuet,
3037 2854 3275 2923 Spiritus
3328 2868 3462 2908 san-

1878 2962 1997 3005 ctus
2026 2950 2265 3017 genitus,
2311 2962 2421 3018 quo
2475 2956 2723 3016 potestne
2767 2947 3065 3014 echgitari
3128 2938 3465 2999 absurdius?

1880 3041 1968 3097 Sic
1995 3043 2179 3105 verba,
2221 3056 2341 3111 quae
2378 3055 2474 3111 per
2509 3054 2567 3094 se
2595 3046 2773 3103 stant,
2802 3038 2986 3091 omnia
3016 3036 3363 3106 pronuntiata
3397 3039 3465 3092 do

182 3132 354 3194 νοεῖν,
379 3129 713 3197 γεννώμενον
744 3126 805 3179 τὺ
840 3125 1064 3193 Πνεῦμα
1092 3126 1152 3179 τὸ
1185 3129 1356 3194 ἅγιον,
1388 3118 1559 3195 οὗπερ
1589 3127 1642 3178 τί
1677 3126 1770 3193 γέ-

1879 3130 2119 3200 Spiritu,
2156 3128 2332 3205 modis
2397 3127 2651 3181 omnibus
2706 3137 2760 3181 et
2819 3127 3130 3181 necessario
3189 3127 3465 3195 processio

182 3219 324 3274 νοιτ’
379 3220 450 3273 ἂν
491 3219 880 3287 άτοπιὶιτερον;
946 3216 1133 3280 Οὕτως
1185 3217 1279 3270 ἐπὶ
1324 3218 1417 3270 τοῦ
1456 3216 1772 3286 Πνεύματος

182 3314 328 3366 πᾶσι
357 3312 422 3382 δὴ
458 3314 572 3373 τοῖς
608 3312 819 3380 ῥήμασι
845 3313 954 3371 τοῖς
990 3310 1352 3380 ύπαρκτικοῖς
1381 3313 1773 3380 ἀπαραιτήτως

181 3403 483 3458 ἀκολουθεί
517 3403 611 3455 καὶ
634 3401 756 3455 κατ’
780 3403 1027 3473 ἀνάγκην
1052 3402 1114 3455 τὸ
1144 3402 1568 3471 ἐκπορεύεσθαι.
1605 3401 1777 3455 Τοῦτο

179 3496 559 3568 γινώσκοντες
599 3497 693 3548 καὶ
743 3495 854 3549 τῶν
908 3491 1293 3566 Πατέρων,,οἷς
1343 3495 1609 3564 ἐχαρίσθη
1639 3495 1776 3565 πρὸς

178 3590 286 3645 τοῦ
316 3585 633 3658 Πνεὺματος
658 3588 719 3641 τὸ
748 3587 1039 3655 θεολογεῖν,
1058 3589 1362 3659 ἐχρήσαντο
1380 3591 1491 3649 τοῖς
1516 3587 1776 3651 τοιούτοις

181 3683 291 3737 ἐπὶ
318 3682 430 3740 τοῖς
458 3678 643 3741 ἁπλῶς
675 3679 997 3749 ὑπάρξεως·
1047 3679 1260 3744 τούτου,
1304 3677 1484 3742 καθὼς
1516 3677 1778 3748 προειρή-

182 3789 395 3845 καμεν,
428 3773 523 3825 καὶ
561 3771 764 3842 μᾶλλον
813 3774 871 3824 ἐν
926 3765 1005 3834 οἷς
1054 3771 1186 3824 αὐτὸ
1225 3770 1597 3841 διετράνωσαν
1635 3766 1776 3822 εἶναι

181 3868 306 3920 κὰκ
339 3863 426 3917 τοῦ
463 3864 617 3928 Υἰοῦ,
647 3864 736 3917 διὰ
763 3863 824 3916 τὸ
866 3863 942 3935 μὴ
977 3865 1068 3916 τὸν
1093 3864 1295 3933 τρόπον
1322 3862 1465 3915 οὕτω
1502 3863 1610 3915 τινὶ
1645 3876 1778 3929 τυγ-

180 3960 383 4028 χάνειν
413 3955 730 4024 ἀμφίδοξον.
777 3956 932 4008 Ἐπεὶ
960 3955 1021 4009 τὸ
1052 3957 1206 4023 ἆγιον
1255 3955 1483 4025 Πνεῦμα
1524 3955 1776 4021 λέγοντες

183 4047 472 4116 ὑπάρχειν
535 4048 601 4099 ἐκ
648 4045 742 4101 106
787 4047 1026 4118 Πατρὸς,
1084 4047 1146 4100 τὸ
1194 4046 1592 4116 ἐκπορεύεσθαι
1643 4046 1777 4098 πᾶσι

181 4141 309 4201 τοῖς
351 4139 555 4201 λοιποῖς
607 4139 868 4201 πολλάκις
912 4138 1280 4208 ἐγκρίνουσιν,
1337 4139 1413 4200 ὡς
1444 4136 1542 4206 τὴν
1584 4136 1778 4189 τούτου

182 4234 332 4305 πρὸς
368 4228 461 4283 τὸν
494 4230 620 4283 Υιὸν
652 4233 918 4299 σημαῖνον
967 4231 1252 4301 διαφορὰν,
1303 4229 1453 4290 ὅστις
1484 4229 1579 4282 καὶ
1612 4228 1805 4293 αὐτὸς·

183 4320 410 4381 ἐκεῖθεν
461 4323 527 4377 ὲκ
561 4321 655 4376 106
692 4322 905 4394 Πατρὸς
939 4323 1202 4390 πέφηνεν.
1260 4322 1417 4374 Ἐστι
1451 4321 1496 4372 δ’
1543 4313 1605 4373 οὗ
1676 4320 1779 4390 τὴν

181 4415 453 4485 τοιαύτην
481 4415 666 4484 φωνὴν
688 4415 782 4467 καὶ
802 4414 878 4477 ὡς
897 4415 1095 4485 χρῆσιν
1117 4413 1360 4467 τιθέασιν
1385 4413 1772 4482 εὑαγγελικὴν,

1877 3223 2232 3291 consequitur
2268 3238 2285 3277 :
2321 3222 2483 3290 idque
2503 3223 2735 3275 scientes
2760 3218 2971 3281 Patres,
3008 3219 3209 3286 quibus
3249 3234 3279 3273 a
3334 3219 3464 3288 Spi-

1878 3317 1983 3369 ritu
2021 3326 2211 3368 saucto
2241 3329 2327 3367 res
2373 3313 2703 3381 tlieolugieas
2736 3319 3075 3380 pertractare
3119 3312 3303 3365 datum
3354 3296 3459 3378 est,

1877 3409 1943 3462 de
1999 3408 2234 3477 simplici
2274 3406 2595 3461 exsistcutia
2648 3405 2735 3457 illa
2779 3414 3153 3472 usurparunt;
3185 3411 3241 3457 et
3290 3406 3464 3458 multo

1878 3503 2204 3572 prmnptius,
2261 3509 2319 3555 ut
2369 3500 2482 3568 jam
2519 3500 2796 3562 diximus,
2845 3513 2967 3552 cum
3018 3497 3283 3567 Spiritum
3338 3512 3466 3553 esse

1877 3610 1942 3649 ex
1978 3595 2113 3649 Filio
2149 3602 2336 3662 aperte
2364 3592 2770 3661 significaram,
2801 3591 2943 3660 quod
2981 3592 3071 3643 illa
3110 3589 3319 3644 ratione
3345 3605 3465 3644 mo.

1878 3687 1980 3739 dus
2014 3700 2042 3737 a
2084 3686 2233 3738 nullo
2274 3685 2327 3737 in
2358 3683 2524 3737 dubio
2553 3694 2868 3752 poneretur.
2916 3681 3163 3750 Namque
3198 3680 3462 3749 Spiritum

1879 3786 2132 3830 sanctum
2178 3785 2491 3830 asserentes
2549 3790 2615 3828 ex
2689 3774 2849 3828 Patre
2896 3773 3200 3837 exsistere,
3261 3775 3463 3842 Saepius

1880 3869 2185 3929 procedere
2232 3866 2316 3921 usi
2380 3875 2508 3921 sunt
2542 3905 2558 3932 ,
2607 3876 2864 3934 tauquam
2902 3866 3058 3935 quod-
3098 3866 3240 3919 inter
3265 3866 3460 3935 ipsum

1879 3968 1930 4014 ct
1985 3958 2182 4013 Fiiium
2240 3958 2538 4014 discrimen
2597 3959 2909 4028 exprimat.
2961 3958 3052 4026 qui
3083 3969 3139 4012 et
3192 3959 3307 4029 ipse
3339 3960 3461 4013 inde

1879 4067 1945 4105 ex
2005 4050 2162 4105 Patre
2233 4062 2416 4104 ortum
2496 4051 2764 4118 agnoscit.
2854 4047 3010 4120 Saepe
3083 4051 3245 4104 etiam
3316 4052 3462 4105 hanc

1878 4144 2175 4198 dictionem
2253 4143 2332 4196 uti
2403 4141 2611 4196 dictum
2689 4144 3067 4212 evangelicum
3132 4144 3452 4209 collocant,

1879 4237 2209 4291 conﬁrmare
2260 4235 2506 4289 volentes
2565 4234 2806 4304 Spiritus
2866 4251 2934 4289 ex
2996 4233 3157 4289 Patre
3218 4237 3460 4290 divinam

1878 4328 2274 4393 exsistentiam,
2329 4326 2797 4396 quemadmodum
2841 4337 2894 4382 et
2945 4326 3150 4381 dictum
3205 4318 3475 4392 alterum,-

1878 4418 1957 4473 De
1983 4436 2096 4474 meo
2125 4420 2378 4489 accipiet,
2405 4430 2718 4486 assumunt,
2749 4429 2809 4474 ut
2839 4420 3210 4475 testimonium
3272 4419 3460 4475 Domi-

187 4506 517 4577 βουλόμενοι
551 4506 898 4575 παραστῆσαι
936 4507 1034 4572 τὴν
1067 4504 1162 4558 τοῦ
1198 4504 1518 4575 Πνεύματος
1573 4506 1639 4558 ἐκ
1679 4503 1774 4557 106

1880 4512 2099 4579 nicum,
2163 4528 2286 4566 cum
2349 4513 2641 4567 ostendere
2711 4524 3016 4579 conantur,
3080 4513 3457 4566 exsistentiam

186 4598 410 4668 ιιατρὸς
441 4596 591 4651 θείαν
637 4595 893 4666 ὓπαρξιν,
922 4595 1116 4666 ὥσπερ
1157 4598 1252 4651 καὶ
1277 4598 1396 4668 τὴν,
1434 4613 1454 4648 ι
1506 4597 1609 4652 Ἐκ
1666 4595 1774 4650 τοῦ

184 4691 342 4763 ἐμοῦ
368 4690 652 4760 λήψεται,
692 4709 711 4742 ι
773 4690 931 4761 ῥῆσιν
979 4690 1279 4762 ἐσχήκασιν
1335 4692 1412 4754 ὼς
1471 4692 1777 4762 μαρτυρίαν

187 4786 507 4856 Κυριακὴν,
541 4784 819 4848 ἀποδεῖξαι
847 4783 1114 4851 θέλοντες,
1142 4785 1225 4838 ὃτι
1255 4786 1356 4857 τὴν
1391 4784 1628 4856 ὕπαρξιν
1660 4786 1774 4856 ἔχει

188 4878 304 4933 κὰκ
347 4874 443 4928 106
471 4875 602 4928 Υἱοῦ
636 4876 697 4927 τὸ
720 4874 942 4943 Πνεῦμα
971 4874 1035 4926 τὸ
1080 4877 1255 4943 ἅγιον.
1312 4875 1423 4928 Καὶ
1455 4877 1660 4930 τούτων
1695 4878 1776 4940 εὶς

185 4967 594 5038 ἀναντιιῖῥητον
628 4969 810 5021 πίστιν
830 4968 1160 5038 ἀρκέσουσιν
1208 4969 1340 5036 ἡμῖν
1369 4969 1397 5020 ὅ
1441 4984 1500 5020 τε
1564 4971 1776 5032 κ).ειν“ς

200 5059 524 5127 Ἐπιφάνιος
572 5058 668 5112 καὶ
706 5061 735 5113 ὀ
783 5058 1094 5129 θαυμαστὸς
1136 5058 1427 5128 Κύριλλος,
1473 5053 1549 5112 ὧν
1608 5060 1638 5111 ὁ
1676 5062 1776 5130 μὲν

200 5147 530 5214 Ἐπιφάνιος
557 5149 617 5200 ἐν
648 5144 725 5217 τῷ
770 5148 1103 5218 ’Δγκυρωτῷ
1127 5148 1252 5202 τάδε
1280 5147 1578 5218 φθέγγεται
1621 5166 1779 5219 περι-

187 5237 383 5307 φανῶς
414 5240 508 5292 καὶ
543 5239 849 5309 τρανότατα
871 5256 884 5268 ·
906 5239 1152 5308 Πνεῦμα
1183 5239 1356 5310 ἅγιον
1380 5242 1453 5295 οὺ
1477 5239 1779 5295 συνάὃελ-

188 5348 339 5402 φον,
364 5333 435 5385 οὺ
461 5330 908 5400 πατραδελφον,
941 5333 1080 5389 ἀλλ’
1110 5333 1180 5387 ἐκ
1216 5331 1324 5399 τῆς
1345 5333 1535 5402 αὐτῆς
1557 5334 1777 5401 οὐσίας

190 5424 428 5492 Πατρός
467 5425 566 5479 καὶ
593 5424 751 5479 Υιοῦ.
773 5425 881 5478 Καὶ
906 5426 1091 5493 αὐτὸς
1105 5428 1216 5496 γὰρ
1245 5427 1644 5497 όΜονογ-ενὴς
1675 5430 1781 5481 λέ-

192 5532 309 5587 γει,
322 5535 339 5568 ι
360 5515 431 5570 Τὸ
449 5516 692 5584 Πνεῦμα
707 5518 770 5570 τὸ
785 5517 856 5571 ἐκ
872 5516 977 5571 1-06
996 5521 1227 5587 Πατρὸς
1239 5518 1734 5590 ἐκπορευόμενον,
1747 5537 1767 5571 ι

185 5609 310 5674 καὶ,
349 5629 367 5662 ι
390 5608 493 5664 Ἕκ
529 5609 635 5669 τοῦ
660 5610 807 5678 ἐμοῦ
836 5610 1118 5679 λήψεται,
1159 5631 1177 5663 ι
1207 5612 1307 5666 ἵνα
1333 5612 1416 5682 μὴ
1450 5614 1776 5682 ἀλλότριον

184 5704 506 5771 νομισθείη
533 5706 762 5773 Πατρός
781 5704 937 5774 μηδέ
966 5706 1123 5762 Υιοῦ.
1148 5708 1257 5762 Καὶ
1282 5710 1420 5776 μετὰ
1458 5711 1685 5760 πλεῖστα
1712 5708 1773 5761 τὸ

184 5795 357 5863 ῥητὸν
388 5797 525 5866 ὅπερ
558 5796 650 5850 καὶ
690 5797 1121 5867 προτεθείκαμεν
1149 5817 1165 5836 ο
1216 5802 1546 5882 Ἀμςςότερα
1571 5820 1768 5858 κατοι-

1879 4602 2082 4657 habere
2139 4604 2305 4658 etiam
2333 4618 2397 4658 ex
2451 4601 2592 4657 Filio
2628 4602 2889 4672 Spiritum
2925 4614 3199 4658 sanctum.
3256 4602 3463 4672 Hisque

1876 4694 2179 4751 contradici
2202 4696 2435 4749 minime
2457 4710 2637 4765 posse,
2667 4696 2882 4749 abunde
2941 4695 3250 4765 probabunt
3296 4694 3463 4765 incly-

1879 4797 1966 4842 tus
1996 4787 2357 4856 Epipbauius,
2386 4796 2440 4841 et
2462 4787 2805 4841 admirabilis
2831 4786 3092 4857 Cyrinus.
3120 4784 3462 4855 Epiphanius

1877 4883 2019 4937 enim
2058 4883 2110 4934 in
2146 4882 2424 4954 Ancyroto
2480 4882 2827 4952 apertissime
2873 4880 3291 4948 clarissimeque
3348 4881 3462 4934 lucc

1878 4972 2399 5044 profert:Spiritus
2457 4985 2671 5025 sanctus
2698 4990 2800 5026 non
2858 4974 3027 5045 frater
3079 4972 3289 5041 fratris,
3356 4986 3462 5023 non

1875 5066 2047 5132 patris
2077 5065 2265 5133 frater,
2307 5065 2396 5116 sed
2439 5079 2503 5116 ex
2526 5065 2710 5117 eadem
2741 5065 2973 5118 essentia
3009 5065 3186 5117 Patris
3223 5073 3272 5116 et
3300 5060 3458 5117 Filii.

1879 5149 2125 5220 Namque
2153 5161 2202 5203 et
2234 5152 2343 5217 ipse
2371 5149 2684 5221 Unigeuitus
2724 5154 2853 5206 dicit
2892 5170 2911 5207 :
2945 5172 2964 5204 ι
2996 5151 3227 5222 Spiritus
3253 5150 3458 5220 Patris,

1875 5251 1949 5307 et,
1990 5242 2127 5307 «Qui
2162 5257 2228 5295 ea:
2252 5241 2418 5295 Patre
2437 5247 2727 5311 procedit,»
2766 5255 2836 5309 et,
2867 5264 2885 5297 ι
2917 5245 3120 5298 Demea
3152 5245 3394 5312 accipiet,
3435 5261 3454 5296 ι

1879 5354 1943 5392 ne
1978 5340 2184 5393 alienus
2213 5350 2548 5406 reputaretur
2571 5338 2759 5394 Patris
2791 5352 2839 5395 et
2882 5339 3036 5393 Filii.
3057 5339 3124 5394 Et
3154 5340 3338 5394 multis
3365 5340 3471 5394 adi

1877 5431 2007 5487 ditis
2041 5433 2247 5487 dictum
2275 5442 2431 5488 antea
2465 5449 2685 5503 quoque
2721 5450 2751 5488 a
2786 5434 2944 5489 nobis
2973 5434 3201 5486 allatum
3245 5452 3259 5487 :
3303 5433 3460 5487 Uter-

1876 5540 1976 5595 que
2016 5525 2277 5578 inhabitat
2325 5528 2377 5578 in
2406 5528 2612 5580 homine
2643 5526 2817 5597 justo,
2850 5524 3096 5580 Christus
3132 5536 3181 5579 et
3222 5523 3458 5594 Spiritus

1878 5618 2046 5671 illius.
2094 5618 2296 5683 Quodsi
2328 5618 2569 5673 Christus
2598 5635 2664 5673 ea;
2717 5617 2883 5672 Patre
2926 5618 3164 5671 creditur
3192 5617 3335 5673 Deus
3394 5633 3459 5671 ex

1880 5711 2019 5777 Deo,
2046 5721 2094 5764 et
2135 5708 2366 5780 Spiritus
2396 5716 2460 5765 ea:
2490 5713 2724 5775 Christo,
2769 5721 2862 5765 aut
2892 5712 2956 5766 ab
2988 5724 3235 5782 utraque,
3293 5722 3349 5765 ut
3379 5715 3457 5767 ait

1877 5803 2138 5868 Christus,
2196 5825 2213 5857 ι
2248 5806 2337 5860 aui
2370 5822 2401 5858 α
2438 5804 2598 5859 Patre
2635 5808 2885 5871 procedit,
2919 5825 2936 5858 ι
2972 5816 3044 5874 et,
3083 5826 3100 5858 ι
3138 5806 3221 5860 hic
3246 5806 3310 5860 a’e
3344 5820 3456 5859 meo
