3970 6400
295 353 423 419 ιεὲι

1138 353 1237 412 DE
1277 351 1792 429 PROCESSIONE
1829 354 1891 412 S.
1929 354 2297 414 SPIRITUS
2341 356 2568 415 OIMT.
2610 355 2689 416 Π.

3316 398 3323 403 ν
3425 363 3558 427 ιεΞΞ

286 467 458 520 ἐστιν
490 462 644 516 ἴδιον
677 461 919 531 Πνεῦμα
940 461 1048 515 τοῦ
1081 461 1517 531 Υὼῦςευσικώς
1542 464 1612 515 ἐν
1632 462 1792 528 αὐτῷ
1815 480 1874 517 τε

1982 463 2131 518 Meus
2162 467 2301 520 enim
2328 476 2403 520 est
2432 468 2666 535 Spiritus
2704 469 2796 538 qui
2842 478 3097 535 operatur
3150 470 3203 522 iu
3244 471 3409 526 vobis.
3465 471 3558 529 Uti

285 555 583 624 ὑπάρχον,
624 554 724 608 καὶ
785 553 859 607 δι’
906 554 1094 607 αὑτοῦ
1132 544 1381 620 “προι’ὀν,
1429 554 1584 608 οὕτω
1621 554 1719 608 καὶ
1759 555 1866 607 τοῦ

285 650 538 717 Πατρός.
564 647 668 699 Καὶ
697 648 836 717 μετά
858 646 1065 716 βραχέα
1089 647 1209 699 τινὰ
1235 647 1333 716 τῆς
1360 646 1619 716 τοιαύτης
1646 663 1866 715 περικο-

284 739 394 809 πῆς
422 737 651 809 εὕρηται
703 739 867 792 πάλιν
912 740 1024 800 τοῖς
1057 738 1427 808 προσέχουσιν
1457 739 1600 791 οὕτω
1630 737 1867 807 φθεγγό-

286 847 479 901 μενος*
533 832 637 884 Ἐν
664 829 860 895 ταυτῷ
898 829 1216 899 τοιγαροῦν
1244 829 1344 882 καὶ
1372 828 1482 895 τῆς
1511 832 1727 895 οὐσίας
1753 833 1869 896 τὴν

281 922 537 990 ἑνότητα
578 921 984 989 παραδεικγὺς
1032 922 1251 976 ἑαυτοῦ
1290 939 1374 984 τεν
1402 924 1577 991 55771":
1608 923 1707 976 καὶ
1753 922 1867 990 τῆς

281 1015 389 1069 τοῦ
420 1016 568 1069 Θεοῦ
601 1015 701 1068 καὶ
738 1015 990 1083 Πατρός,
1018 1015 1263 1085 Πνεῦμα
1302 1015 1411 1083 τῆς
1439 1016 1729 1082 ἀληθείας
1758 1016 1867 1069 τὸν

282 1106 681 1175 Παράκλητον
715 1103 872 1159 εἶναι
904 1106 1120 1175 λέγων,
1155 1107 1317 1174 παρὰ
1347 1105 1454 1161 τοῦ
1499 1109 1726 1175 Πατρός
1768 1107 1861 1160 ἐκο

281 1197 647 1262 πορεύεσθαί
691 1210 867 1265 φησι.
921 1198 1027 1249 Καὶ
1060 1197 1224 1250 πάλιν
1280 1197 1640 1267 παρακατιὼν
1694 1197 1864 1248 ταῦτα

280 1287 402 1342 κατ’
433 1288 800 1358 ὲπανὰληψιν,
843 1307 862 1340 ι
903 1289 1087 1344 Ὅταν
1137 1290 1351 1344 τοίνυν
1404 1290 1554 1358 ἔλθῃ
1597 1293 1630 1344 ό
1668 1287 1864 1356 Παρά-

280 1380 531 1447 κλητος,
562 1381 718 1448 φησι,
746 1382 813 1432 τὸ
835 1378 1079 1447 Πνεῦμα
1110 1378 1221 1446 τῆς
1246 1380 1557 1448 ἀληθείας,
1585 1379 1862 1434 τουτέστι

280 1464 348 1518 τὸ
371 1465 537 1535 ἐμὸν,
572 1465 604 1521 ὃ
643 1470 804 1534 παρὰ
829 1467 938 1523 τοῦ
970 1470 1201 1536 Πατρὸς
1249 1469 1657 1537 ἐκπορεύεται,
1710 1471 1863 1524 ἐκεῖ-

279 1573 386 1622 νος
424 1558 797 1627 μαρτυρήσει
865 1560 998 1626 περὶ
1062 1559 1229 1629 ἐμοῦ.
1294 1580 1312 1612 ι
1362 1563 1745 1631 Μαρτυρήσει
1792 1562 1863 1615 δὲ

278 1646 406 1712 πῶς
428 1665 449 1713 ;
491 1647 866 1718 Ἐνεργῆσαν
898 1650 1009 1718 γὰρ
1054 1650 1125 1703 ἐν
1154 1650 1298 1719 ὑμῖν
1345 1668 1409 1704 τε
1447 1652 1544 1705 καὶ
1573 1651 1650 1706 δι’
1692 1650 1860 1722 ὑμῶν

281 1741 350 1796 τὰ
371 1740 704 1807 παράδοξα,
727 1741 961 1811 μάρτυς
996 1743 1198 1797 ἔσεται
1229 1745 1461 1811 δίκαιός
1484 1762 1547 1799 τε
1586 1747 1683 1800 καὶ
1708 1749 1856 1816 ἀλη-

1976 571 2096 609 vsro
2127 573 2270 611 meus
2310 569 2407 621 est,
2439 559 2518 612 ita
2566 568 2617 613 et
2662 560 2758 613 Dei
2790 569 2839 612 et
2883 559 3086 616 Patris.
3142 562 3557 635 [imperspicua

1976 645 2197 702 divinus
2224 650 2665 720 venerabilisqne
2698 650 2961 722 Cyrillus,
2997 653 3049 705 in
3085 669 3246 707 unam
3271 622 3576 711 eamdem-9

1975 752 2083 808 que
2140 741 2470 794 sententiam
2508 751 2741 811 utraque
2796 758 2862 797 ex
2897 745 3064 808 dicto,
3133 764 3150 797 ι
3189 743 3446 813 Spiritus,
3475 722 3575 805 in)

1974 842 2161 897 quam,
2198 832 2457 896 veritatis,
2493 843 2540 885 et
2568 833 2660 903 qui
2694 850 2725 885 a
2781 832 2945 887 Patre
2972 836 3233 903 procedit,
3273 856 3292 887 ι
3352 838 3556 894 referre

1973 921 2305 987 ostenditur,
2364 923 2530 992 idque
2571 925 2639 977 ab
2690 924 2798 979 alio
2843 926 3185 995 divinlloqno
3222 927 3383 983 Patre
3419 932 3577 991 edo-p

1973 1019 2114 1064 ctus.
2146 1010 2283 1077 Quis
2318 1029 2449 1067 vero
2484 1014 2570 1067 hic
2599 1015 2717 1068 est?
2742 1014 3132 1070 Dirinissimus
3165 1017 3419 1085 Basilius,
3458 1025 3550 1090 qui
3581 1019 3589 1029 '

1978 1109 2091 1153 tum
2134 1102 2188 1155 in
2248 1118 2501 1157 sermone
2543 1103 2811 1159 adsersus
2862 1106 3191 1163 Eunomium
3250 1110 3552 1179 Ariumqne

1972 1190 2087 1246 haec
2116 1194 2362 1247 continet
2393 1194 2724 1249 aliirmanter
2756 1212 2770 1248 :
2805 1194 2948 1267 Erga
2989 1196 3201 1252 Patrem
3230 1203 3553 1269 conjunctio-

1971 1299 2085 1337 nem
2124 1286 2385 1357 intelligo,
2424 1289 2550 1356 quia
2583 1304 2615 1341 a
2642 1287 2808 1342 Patre
2835 1291 3092 1358 procedit,
3168 1308 3292 1362 erga
3344 1292 3550 1349 Filium

1970 1390 2115 1439 vero,
2178 1378 2427 1445 quoniam
2483 1379 2645 1432 audio
2677 1395 2697 1434 :
2738 1397 2757 1431 ι
2800 1379 2861 1435 Si
2891 1382 3006 1450 quis
3046 1378 3305 1449 Spiritum
3345 1384 3550 1439 Christi

1969 1483 2071 1520 non
2117 1468 2289 1527 habet.
2318 1469 2403 1523 hic
2427 1486 2529 1523 non
2561 1480 2639 1524 est
2664 1472 2813 1540 ejus;
2864 1492 2883 1524 ι
2950 1482 3060 1528 tum
3099 1475 3151 1527 in
3195 1476 3301 1529 [ine
3342 1481 3551 1533 oratio-

1969 1563 2054 1615 nis
2090 1560 2360 1616 adversus
2410 1562 2740 1617 Ennomium
2775 1566 3027 1622 edisserit
3057 1584 3071 1622 :
3108 1567 3381 1632 Quomodo
3429 1588 3548 1627 vero

1968 1669 2071 1705 non
2101 1661 2180 1706 est
2229 1655 2502 1723 manifesti
2529 1656 2760 1722 periculi
2787 1660 3020 1727 plenum,
3072 1677 3104 1712 a
3132 1659 3243 1715 Deo
3283 1660 3551 1732 Spiritum

1966 1744 2277 1810 dissociare,
2331 1762 2448 1801 cum
2483 1747 2637 1801 illum
2685 1749 2969 1815 Apostolus
3023 1756 3366 1821 conjunctum
3395 1759 3547 1813 uobis

277 1834 389 1900 θὴς
409 1831 518 1901 τῆς
547 1832 698 1902 ἐμῆς
725 1835 1098 1901 θεοπρεποῦς
1133 1835 1449 1901 ἐξουσίας,
1510 1838 1607 1891 καὶ
1650 1838 1756 1905 τῆς
1789 1839 1860 1891 ἐν

1963 1844 2160 1904 tradat,
2194 1856 2332 1894 nunc
2366 1838 2566 1894 Christi
2593 1858 2805 1909 vocans,
2841 1860 2981 1897 nunc
3022 1842 3142 1913 Dei,
3177 1865 3292 1901 cum
3318 1851 3546 1904 scribit:

277 1926 526 1995 δυνάμει
547 1929 1033 1998 μεγαλειότητος.
1100 1928 1284 2018 ’βμὸν
1329 1928 1441 1997 γὰρ
1490 1930 1734 1999 Πνεῦμα
1790 1936 1856 2018 το

277 2020 567 2091 ἐνεργοῦν
593 2020 663 2073 ἐνν
694 2020 856 2091 ὑμῖν.
882 2017 1115 2090 Ὥσπερ
1143 2019 1211 2072 δὲ
1239 2019 1409 2085 ἐμὸν,
1441 2019 1594 2073 οὕτω
1623 2020 1719 2072 καὶ
1752 2017 1858 2072 τοῦ

278 2115 428 2170 Θεοῦ
470 2115 571 2166 καὶ
630 2112 885 2181 Πατρός.
924 2110 1190 2165 Ἐνταῦοα
1226 2109 1502 2166 δείκνυται
1554 2112 1805 2184 φανερῶς
1833 2114 1860 2167 ὁ

277 2209 420 2271 θεῖος
450 2208 545 2260 καὶ
588 2205 785 2268 σεπτὸς
814 2202 1086 2274 Rupilio;
1122 2205 1204 2267 sig
1234 2204 1363 2274 μίαν
1407 2205 1503 2256 καὶ
1555 2204 1656 2272 τὴν
1688 2202 1861 2275 αὐτὴν

278 2300 449 2364 ὅντως
492 2299 706 2352 ἔννοιαν
767 2298 1017 2366 συνάγων
1071 2296 1361 2366 ἀμφότερα
1417 2297 1487 2348 τὶ
1533 2295 1696 2365 ῥητὰ,
1733 2312 1751 2346 ι
1791 2297 1854 2349 τὸ

280 2389 539 2459 Πνεῦμα,
591 2391 757 2459 φημὶ,
793 2385 904 2454 τῆς
939 2386 1247 2453 ἀληθείας,
1284 2387 1378 2438 καὶ
1418 2385 1497 2448 τὸ,
1546 2387 1706 2454 παρὰ
1754 2385 1858 2440 τοῦ

278 2485 502 2552 Πατρές
531 2481 966 2551 ἐκπορεύεσθαι
987 2496 1000 2511 ⁸
1045 2504 1064 2532 ι
1098 2481 1191 2533 καὶ
1221 2479 1379 2531 τοῦτο
1413 2479 1547 2550 παρ’
1575 2478 1739 2531 ἄλλοι)
1765 2479 1854 2532 δε-

279 2574 520 2627 δίδακται
563 2574 829 2644 θεηγόρου
868 2571 1104 2641 Πατρός.
1156 2571 1252 2634 Τις
1288 2570 1345 2624 δέ
1375 2572 1523 2622 ἐστιν
1551 2562 1754 2636 οὖτοςς
1796 2569 1858 2622 Ὀ

276 2667 446 2730 πολὺς
478 2668 577 2738 τὴν
617 2669 810 2737 σοφίαν
841 2665 1142 2728 Βασίλειος,
1195 2662 1254 2726 ὃς
1306 2666 1366 2714 ὲν
1432 2662 1532 2732 μὲν
1579 2665 1692 2724 τοῖς
1734 2661 1859 2715 κατ’

272 2759 547 2829 Εὑνομίου
578 2761 670 2811 καὶ
702 2758 923 2830 Ἃρείου
953 2757 1133 2825 λόγοις
1166 2757 1473 2826 τρανὸτατα
1499 2752 1674 2806 ταῦτά
1703 2768 1855 2820 φησιο

275 2848 406 2919 Τὴν
446 2850 566 2920 μὲν
611 2850 763 2918 πρὸς
809 2849 1042 2916 Πατέρα
1082 2848 1416 2913 οἰκειότητα
1457 2842 1596 2914 νοῶ,
1647 2843 1856 2913 ἐπειδὴ

269 2943 435 3012 παρὰ
470 2941 577 2996 τοῦ
607 2939 840 3007 Πατρός
890 2939 1306 3007 ἐκπορεύεται,
1356 2935 1471 3002 τὴν
1523 2935 1676 3002 πρὸς
1721 2936 1860 2988 Υἱῖν

1968 1947 1987 1981 ι
2038 1928 2095 1983 Si
2129 1931 2246 1999 quis
2294 1916 2552 1997 Spiritum
2585 1930 2786 1985 Christi
2838 1949 2941 1987 non
2971 1935 3146 1999 habet,
3196 1937 3279 1990 hic
3338 1956 3440 1993 non
3469 1952 3546 1995 est

1959 2025 2098 2095 ejus.
2139 2043 2158 2076 ι
2191 2025 2257 2077 Et
2287 2026 2480 2079 iterum
2513 2040 2532 2078 :
2570 2044 2587 2076 ι
2628 2025 2728 2079 Vos
2759 2043 2873 2080 vero
2919 2044 3021 2081 non
3066 2028 3323 2099 Spiritum
3361 2036 3544 2090 mundi

1962 2116 2259 2183 accepistis,
2292 2117 2381 2168 sed
2401 2114 2663 2183 Spiritum
2685 2119 2775 2187 qui
2804 2135 2870 2172 ea:
2902 2119 3006 2172 Deo
3031 2129 3107 2173 est
3135 2121 3198 2175 ⁸⁸.
3239 2140 3257 2173 ι
3289 2123 3545 2180 Dominus

1960 2219 2080 2257 vero
2123 2204 2363 2258 veritatis
2405 2203 2667 2275 Spiritum
2717 2224 2828 2262 esse
2854 2211 3007 2274 dicit,
3061 2214 3307 2280 quoniam
3338 2216 3444 2283 ipse
3468 2225 3546 2271 est

1960 2297 2159 2349 veritas
2214 2306 2269 2349 et
2304 2294 2531 2352 al’atre
2591 2301 2842 2369 procedit.
2907 2300 3190 2357 Attendito
3238 2307 3332 2374 qui
3399 2324 3546 2364 nunc

1962 2389 2142 2452 audis,
2191 2404 2297 2465 qua
2331 2390 2546 2443 ratione
2583 2407 2817 2461 magnus
2847 2394 3076 2448 Basilius
3105 2394 3221 2450 lucc
3241 2400 3541 2465 apostolica

1960 2487 2123 2549 atque
2151 2462 2465 2549 evangelica
2498 2481 2642 2535 dicta
2676 2482 2733 2535 in
2760 2499 2924 2536 unum
2959 2484 3246 2553 colligens.
3278 2485 3543 2556 Spiritum

1960 2578 2210 2625 sanctum
2254 2586 2352 2640 per
2388 2572 2475 2625 illa
2503 2574 2785 2644 plopl'ilim
2827 2584 2993 2646 atque
3029 2577 3323 2631 indivisum
3383 2596 3411 2633 a
3442 2578 3546 2634 Pa-

1960 2667 2193 2716 tre'esse
2236 2671 2291 2715 et
2324 2660 2468 2717 Filio
2502 2664 2958 2721 manifestissime
2984 2668 3194 2722 calculo
3224 2684 3323 2723 suo
3366 2672 3544 2725 mani-

1962 2750 2205 2807 festavit.
2251 2756 2272 2808 ἱ
2303 2762 2321 2806 ι
2353 2770 2482 2807 vero
2534 2758 2699 2809 etiam
2736 2758 3000 2823 Cyrillum
3034 2761 3275 2815 validum
3324 2762 3542 2831 pietatis

1962 2854 2428 2914 propugnatorem
2465 2847 2793 2915 perspicias,
2826 2864 3065 2916 quonam
3108 2852 3269 2906 modo
3292 2854 3433 2907 dicta
3464 2854 3541 2909 si-

1961 2934 2112 2987 milia
2161 2936 2478 3004 evangelica
2515 2938 2926 3007 interpretatur,
2981 2949 3035 2994 et
3064 2944 3396 2997 sententiam
3445 2945 3545 2998 liu‘

267 3036 364 3102 es,
396 3034 604 3101 ἐπειδὴ
638 3033 857 3097 ἀκούω,
905 3051 923 3084 ι
965 3032 1037 3085 El
1062 3049 1151 3097 τις
1178 3029 1419 3097 Πνεῦμα
1450 3029 1711 3096 Χριστοῦ
1745 3031 1857 3082 οὐκ

1963 3025 2115 3095 iusce
2149 3028 2356 3095 pariter
2385 3028 2693 3095 ,Basiliana:
2727 3033 3056 3085 concordem
3112 3048 3212 3088 nec
3250 3037 3542 3091 minimum

266 3131 425 3201 ἔχει,
458 3112 638 3195 οὗτος
665 3131 777 3183 οὐκ
813 3127 987 3180 ἐστιν
1017 3123 1227 3179 αὑτοῦ.
1278 3141 1296 3174 ι
1340 3122 1481 3191 Πρὸς
1515 3121 1571 3174 δὲ
1616 3120 1857 3221 abisti)?

1963 3118 2252 3172 distantem
2290 3130 2437 3173 recte
2468 3120 2856 3189 deprehendas
2887 3142 2901 3180 ι
2935 3139 3058 3178 enm
3096 3124 3358 3196 Spiritum
3379 3145 3408 3182 a
3440 3129 3544 3184 Pa-

265 3221 381 3277 τῶν
408 3220 528 3275 κατ’
560 3218 827 3287 Εὐνομεου
857 3215 1030 3283 λόγων
1085 3213 1229 3266 οὕτω
1280 3211 1566 3275 διέξεισιν·
1618 3208 1750 3274 Πῶς
1787 3207 1856 3261 δὲ

1963 3220 2042 3265 tre
2079 3220 2134 3265 et
2169 3209 2309 3265 Filio
2349 3228 2456 3266 non
2502 3215 2742 3283 separari
2779 3231 2873 3282 per
2902 3215 3019 3272 haec
3057 3219 3253 3273 eadem
3293 3230 3347 3275 et
3396 3223 3535 3291 ipse,

266 3322 346 3375 οὐ
376 3315 644 3389 φανερὸν
671 3316 795 3383 ἔχει
828 3312 939 3366 τὸν
959 3309 1251 3364 κίνδυνον
1296 3303 1544 3374 διαιρεῖν
1574 3304 1693 3358 ἀπὸ
1745 3302 1853 3356 τοῦ

269 3409 427 3467 Θεοῦ
451 3410 516 3465 τὸ
544 3407 813 3475 Πνεῦμα,
832 3404 1007 3458 τοῦτο
1024 3401 1141 3471 μὲν
1163 3398 1267 3454 τοῦ
1300 3397 1677 3454 Ἀποστόλου
1705 3411 1856 3449 συν-

266 3503 551 3575 ημμένως
580 3501 725 3571 ἡμῖν
759 3495 1219 3566 παραδιδόντος,
1252 3491 1349 3545 καὶ
1404 3488 1523 3545 νῦν
1575 3488 1693 3559 μὲν
1715 3489 1853 3554 Χρι-

266 3597 425 3653 στοῦ
446 3595 762 3664 λέγοντος,
798 3589 917 3642 νῦν
952 3588 1021 3640 δὲ
1054 3584 1162 3640 τοῦ
1193 3582 1344 3637 Θεοῦ
1366 3581 1437 3635 ἐν
1482 3575 1573 3645 οἷς
1618 3577 1851 3664 γράφει,

275 3708 297 3742 ι
354 3689 423 3741 Et
455 3684 525 3739 δέ
573 3701 665 3749 τις
722 3677 962 3748 Πνεῦμα
999 3672 1259 3744 Χριστοῦ
1313 3673 1425 3725 οὐκ
1477 3669 1627 3739 ἔχει,
1676 3663 1855 3731 οὗτος

266 3782 383 3838 οὐκ
426 3780 600 3834 ἐστιν
644 3772 867 3829 αὑτοῦ·
913 3789 931 3822 ι
990 3767 1089 3821 καὶ
1151 3765 1379 3818 πάλιν·
1442 3781 1460 3813 ι
1542 3759 1739 3829 Ὑμεῖς
1788 3756 1856 3810 δὲ

270 3873 348 3927 οὐ
395 3869 461 3924 τὸ
503 3867 749 3937 Πνεῦμα
819 3861 925 3917 τοῦ
997 3861 1231 3930 κόσμου
1287 3854 1552 3921 ἐλάϐετε,
1589 3856 1750 3911 ἀλλὰ
1787 3856 1853 3909 τὸ

267 3958 521 4032 Πνεῦμα
564 3959 649 4019 τὸ,
679 3959 749 4010 ἐκ
795 3954 900 4009 τοῦ
963 3952 1132 4008 Θεοῦ.
1178 3971 1197 4004 ι
1238 3950 1414 4006 Τοῦτο
1478 3949 1546 4003 δὲ
1592 3947 1698 4004 τοῦ
1737 3950 1854 4002 Ku-

263 4057 405 4127 ρίου
475 4055 543 4107 τὸ
594 4047 833 4118 Πνεῦμα
911 4045 1022 4115 τῆς
1075 4044 1362 4112 ἀληθείας
1419 4042 1732 4112 λέγοντος,
1797 4042 1856 4094 ἐο

163 4208 175 4215 ,
268 4146 450 4216 πειδὴ
483 4146 666 4209 αὐτὸς
689 4144 727 4211 ἡ
761 4130 1036 4209 ἀλήθεια,
1059 4138 1156 4190 καὶ
1186 4136 1344 4206 παρὰ
1366 4135 1473 4189 τοῦ
1496 4132 1723 4202 Πατρός
1762 4133 1857 4187 ἐκ-

270 4239 613 4308 πορεύεται.
642 4233 906 4305 Πρόσεχε,
931 4231 959 4282 ὁ
983 4228 1075 4283 νῦν
1106 4230 1476 4299 ἀκροώμενος,
1500 4227 1615 4289 πῶς
1633 4228 1659 4279 ὁ
1684 4228 1856 4296 μέγας

256 4332 553 4393 ’Βασίλειος
582 4327 785 4388 ταύτας
813 4325 911 4387 τὰς
961 4320 1324 4384 ἀποστολικὰς
1376 4320 1564 4391 ῥήσεις
1611 4321 1705 4372 καὶ
1758 4321 1857 4382 τὰς

269 4421 634 4492 εὐαγγελικὰς
670 4416 1025 4488 συναθροίσας
1055 4414 1133 4477 εἰς
1160 4412 1240 4479 ἓν,
1279 4412 1340 4465 τὸ
1370 4410 1596 4479 Πνεῦμα
1618 4410 1675 4462 τὸ
1703 4408 1857 4491 iiin

1959 3303 2034 3356 uti
2066 3303 2171 3356 illis
2200 3303 2480 3372 proprium
2520 3313 2622 3370 est,
2656 3305 2977 3374 explanans,
3013 3312 3284 3379 exquisite
3336 3327 3543 3383 cogno-

1957 3399 2098 3453 scito
2152 3399 2439 3453 ambornm
2496 3395 2548 3453 in
2608 3401 2842 3456 adducta
2893 3404 3120 3457 materia
3174 3408 3541 3474 propositum,

1958 3492 2092 3562 quid
2121 3507 2319 3561 nempe
2357 3507 2512 3546 sacra
2546 3493 2661 3547 hate
2715 3493 2860 3553 dicta
2913 3495 3050 3564 apud
3110 3495 3236 3549 illos
3277 3498 3541 3563 innuant,

1958 3584 2403 3653 quandoquidem
2438 3598 2546 3646 qua
2589 3586 2872 3652 procedere
2917 3603 2947 3639 a
2985 3584 3151 3641 Patre
3184 3588 3237 3641 in
3297 3591 3543 3643 testimo-

1960 3673 2112 3727 nium
2147 3683 2592 3743 assninpsernnt,
2625 3674 2715 3726 illa
2749 3676 2938 3727 eadem
2969 3676 3181 3730 ratione
3223 3688 3275 3731 et
3306 3694 3545 3749 sequen-

1958 3772 2066 3819 tem
2100 3766 2420 3828 dictionem,
2476 3765 2735 3835 Spiritum
2769 3781 2964 3835 nempe
3012 3771 3245 3822 veritatis
3311 3771 3540 3842 intelligi

1958 3854 2319 3912 tradiderunt.
2366 3856 2423 3910 Si
2472 3856 2656 3926 itaque
2691 3871 2717 3909 a
2752 3855 2912 3911 Patre
2945 3852 3324 3915 exsistentiam
3369 3863 3539 3919 divini

1958 3948 2340 4019 adorandique
2405 3950 2648 4019 Spiritus
2706 3951 2949 4020 primum
3008 3961 3186 4018 notat,
3235 3958 3537 4011 secundum

1959 4042 2087 4094 item
2133 4040 2428 4110 signiﬁcat,
2481 4043 2664 4097 modis
2723 4042 2980 4099 omnibus
3038 4046 3206 4101 etiam
3279 4064 3357 4109 ex~
3400 4048 3538 4105 Filio

1961 4132 2227 4203 Spiritum
2289 4141 2539 4189 sanctum
2613 4134 2993 4190 exsistentiain
3073 4139 3292 4205 habere,
3348 4157 3542 4211 quem-

1928 4226 2347 4295 _admodum_et
2396 4225 2548 4290 illud,
2588 4225 2661 4279 De
2694 4243 2806 4280 meo
2860 4230 3104 4298 accipiet,
3136 4231 3379 4288 divinum
3457 4237 3541 4289 di-

1959 4329 2130 4385 ctum,
2201 4330 2260 4370 ut
2302 4321 2479 4373 oratio
2513 4334 2620 4372 non
2671 4322 2841 4374 multo
2909 4331 3069 4377 antea
3118 4322 3536 4385 demonstravit.

1960 4408 2141 4474 Quare
2165 4418 2427 4479 quantum
2455 4411 2521 4463 ad
2555 4407 2792 4478 Spiritus
2809 4411 3109 4481 simplicem
3133 4419 3535 4487 exsistentam,

269 4516 341 4572 δι’
375 4514 557 4569 αὐτῶν
577 4513 775 4564 οἰκεῖον
809 4509 901 4563 καὶ
940 4505 1249 4575 ἀδιαίρετον
1306 4503 1398 4557 τοῦ
1451 4502 1661 4583 Πατρζις
1715 4497 1851 4555 εἶναι

1963 4501 2088 4570 quid
2130 4502 2364 4570 amplius
2419 4502 2679 4571 importat
2740 4504 3087 4559 decantatum
3125 4510 3260 4562 adeo
3311 4511 3381 4565 ab
3421 4515 3533 4564 ad-

269 4607 482 4665 καὶτοῦ
519 4604 650 4660 Υἱοῦ
683 4600 996 4670 σαφέστατα
1026 4599 1145 4651 λίαν
1167 4596 1628 4667 ὲγνωμοδότησεν.
1676 4595 1762 4658 Ὠς
1788 4596 1851 4648 ἂν

269 4703 444 4758 δὲκαὶ
473 4697 743 4768 Κύριλλον
780 4694 870 4747 τὸν
912 4691 1136 4763 στεῤῥδν
1193 4690 1512 4761 ὺπέρμαχον
1552 4688 1651 4759 τῆς
1697 4689 1863 4740 esse:

271 4796 426 4859 ϐείας
457 4792 628 4862 εἰδῇς,
664 4787 787 4840 τινα
809 4785 873 4855 δὴ
894 4780 1096 4855 τρόπον
1132 4781 1230 4843 τὰς
1261 4781 1623 4849 εὐαγγελικὰς
1678 4777 1858 4833 τοιαύ-

268 4903 370 4949 τας
392 4884 574 4953 φωνὰς
606 4877 931 4948 ἐξηγήσατο,
961 4876 1053 4926 καὶ
1084 4872 1184 4944 τὴν
1213 4871 1399 4924 τούτου
1422 4872 1656 4926 διάνοιαν
1682 4873 1855 4926 ὡσαύ-

267 4995 379 5040 τως
403 4975 633 5045 ἔχουσαν
666 4973 732 5042 τῇ
756 4968 967 5022 ἐκείνου
996 4964 1176 5027 καλῶς
1212 4964 1579 5033 κατανοήσας,
1625 4968 1720 5018 καὶ
1776 4967 1851 5036 μὴ

268 5069 697 5124 διαλλάττουσαν
726 5061 864 5124 ὅλως
896 5055 1252 5112 καταλαϐών⁹
1301 5055 1361 5107 τὸ
1386 5056 1494 5127 γὰρ
1546 5056 1641 5108 τοῦ
1688 5057 1858 5111 Πνεύ.

279 5175 447 5231 ματος
481 5155 615 5228 πρὸς
637 5152 728 5206 τὸν
758 5150 977 5221 Πατέρα
994 5147 1104 5202 ’διαὶ
1135 5146 1224 5199 τὸν
1260 5144 1387 5198 Υἰὸν
1441 5144 1746 5216 ἀχώριστον
1791 5146 1859 5199 δι’

272 5247 454 5303 αὐτῶν
485 5244 580 5299 καὶ
609 5234 785 5305 οὗτος,
821 5238 914 5293 καὶ
963 5236 1039 5300 ὡς
1104 5235 1231 5288 ἴδιόν
1262 5237 1376 5287 ὲστι
1429 5233 1638 5296 τούτοις
1678 5234 1860 5304 ἡρμή-

269 5354 450 5403 νευσε,
503 5334 689 5405 γνώσῃ
734 5330 870 5401 πρὸς
919 5325 1208 5397 ἀκρίϐειαν
1261 5327 1319 5379 ἐν
1363 5322 1545 5394 ταὺτῷ
1607 5322 1698 5376 τὸν
1746 5323 1854 5376 τῶν

271 5427 550 5497 ἑκατέρων
569 5421 790 5486 σκοπὸν,
812 5420 890 5481 εἰς
914 5417 941 5470 ὃ
970 5433 1024 5469 τι
1061 5414 1260 5485 δηλαδὴ
1279 5415 1435 5483 φέρει
1465 5413 1533 5467 τὰ
1562 5411 1670 5466 τῶν
1696 5412 1855 5483 ἱερῶν

268 5523 481 5582 τούτοις
520 5519 788 5588 χρήσεων.
834 5513 1098 5582 Ἐπειπερ
1148 5508 1271 5561 καθ’
1301 5505 1360 5560 ὂν
1391 5506 1547 5575 λόγον
1586 5504 1854 5577 impetu}.

270 5629 436 5685 φασιν
466 5610 546 5674 εἰς
585 5606 892 5678 μαρτυρίαν
943 5604 1004 5656 τὸ
1054 5599 1490 5669 ἐκπορεύεσθαι
1529 5599 1691 5669 παρὰ
1750 5598 1856 5652 τοῦ

342 5769 390 5801 ⁸³
422 5767 595 5823 lCor.
628 5783 693 5834 ιι,
725 5762 809 5819 12.

1963 4594 2224 4647 versariis
2271 4596 2475 4650 nostris
2523 4596 2780 4663 procedit,
2828 4612 2938 4666 quo
2969 4599 3050 4652 vel
3102 4601 3218 4655 solo
3264 4603 3316 4655 hi
3344 4620 3536 4661 omnes

1965 4686 2334 4755 signiﬁcatum
2374 4688 2712 4744 exsistentia:
2740 4691 3004 4745 adorandi
3035 4690 3272 4762 Spiritus
3305 4696 3537 4753 circum-

1961 4780 2184 4833 clmlere
2207 4779 2519 4834 conantur?
2552 4779 2657 4835 Sed
2684 4782 2830 4851 quod
2860 4798 2981 4837 mea
3035 4784 3088 4838 in
3120 4785 3244 4855 ipso
3270 4789 3353 4841 sui
3376 4806 3539 4847 exor-

1961 4869 2054 4922 dio
2093 4879 2472 4940 assumpserat
2521 4871 2725 4939 oratio,
2762 4872 2849 4927 llic
2910 4874 3072 4942 plane
3132 4879 3538 4947 apertissimum

1967 4962 2243 5017 universis
2275 4972 2538 5030 remanet,
2578 4966 2924 5022 venerandos
2947 4966 3136 5024 Patres
3170 4985 3541 5041 ampontinicro

1964 5053 2280 5121 procedendi
2308 5068 2493 5106 vocem
2535 5054 2614 5107 uti
2645 5070 2832 5110 vocem
2862 5056 3200 5113 Dominicani
3224 5078 3542 5132 usurpasse,

1964 5143 2031 5195 ad
2066 5142 2531 5212 comprobandam
2564 5157 2626 5198 es
2656 5142 2818 5200 Patre
2858 5146 3099 5202 divinam
3127 5152 3301 5204 sancti
3343 5163 3396 5206 et
3420 5155 3546 5209 vita:

1964 5233 2208 5285 auctoris
2242 5230 2481 5302 Spiritus
2511 5235 2912 5304 exsistentiam,
2957 5241 3032 5292 uti
3068 5251 3122 5294 et
3151 5258 3335 5296 vocem
3369 5243 3542 5312 illam,

1967 5320 2040 5374 De
2087 5337 2200 5375 meo
2228 5323 2476 5391 accipiet.
2535 5324 2704 5379 veluti
2752 5328 3125 5382 testimonium
3167 5331 3544 5399 etangelicuin

1964 5414 2281 5483 accipiunt;
2315 5430 2553 5485 namque
2603 5419 2749 5489 quod
2777 5419 2833 5473 in
2868 5418 3049 5473 medio
3097 5420 3310 5489 adjacet
3353 5407 3543 5478 Domi-

1966 5504 2342 5566 nicum,aliud
2372 5508 2606 5577 dictum,
2655 5511 2910 5587 Spiritus,
2954 5502 3180 5569 inquam
3209 5553 3226 5579 ,
3280 5516 3542 5581 veritatis,

1966 5613 2115 5656 nunc
2155 5608 2442 5675 prater-eo.
2498 5601 2763 5675 Spiritum
2824 5618 3021 5673 nempe
3058 5616 3308 5662 santtum
3378 5609 3544 5663 etiam
