3970 6412
470 398 597 463 1227

1484 399 1820 459 CONSTAN
1835 400 1956 459 I‘IN
1966 401 1991 458 Ι
2035 400 2189 458 MEL
2200 399 2575 459 lTENlOTAF.

3536 400 3646 464 1228

464 511 612 565 uiam
643 524 765 579 qua:
816 509 930 563 oris
960 517 1108 570 sunt,
1146 507 1316 562 dubio
1342 509 1527 576 procul
1560 509 1910 578 procedentia
1933 523 2029 561 vo-

2149 511 2210 571 ῦς
2244 509 2310 562 ἂν
2332 508 2425 561 τοῦ
2451 508 2713 578 θεοσόφου
2774 507 2989 578 [ἰατρὸς
3035 507 3340 578 λευκότερον
3382 510 3650 580 ἁπαγγείω

462 616 588 654 rare
638 600 945 654 suescimus
977 616 990 649 :
1028 599 1161 661 Qua:
1216 599 1354 651 enim
1411 600 1696 666 procedunt
1751 613 1816 651 ex
1875 597 2035 651 labiis

463 693 590 745 meis
645 708 747 745 non
774 691 930 743 irrita
971 689 1170 756 faciam
1206 689 1275 756 ",
1314 689 1610 743 concinens
1669 690 1780 743 alio
1819 691 1875 742 in
1915 690 2034 744 loco

466 785 629 839 David
685 783 1021 853 pronuntiat.
1076 781 1233 836 Nunc
1274 796 1406 836 vero
1459 782 1549 836 hic
1587 796 1618 835 ιι
1660 779 1867 851 Spiritu
1918 796 2035 836 mo-

464 891 573 940 tus,
601 876 805 944 Spiritu
842 877 970 939 oris,
1008 889 1116 929 non
1162 887 1290 928 vero
1338 872 1504 928 Verbo
1552 874 1659 927 oris
1713 874 2028 936 enuntians,

461 971 598 1022 citra
629 980 846 1020 omnem
882 963 1313 1020 controversiam
1356 962 1704 1017 confirmavit
1730 962 1830 1017 soli
1862 962 2032 1031 Spiri-

465 1056 541 1110 tui
606 1056 885 1110 adhterere
928 1054 1257 1123 procedendi
1326 1053 1742 1122 praprietatem.
1815 1051 1881 1105 Et
1930 1052 2035 1105 hoc

461 1149 680 1219 quidem
720 1149 821 1202 hac
850 1148 1082 1209 ratione,
1123 1155 1181 1200 ut
1226 1159 1391 1214 supra
1445 1144 1698 1213 exposui,
1732 1143 2034 1214 Gregorius

463 1243 516 1296 in
551 1240 899 1312 dogmatibus
942 1239 1174 1292 eximius
1230 1236 1396 1291 dixit.
1435 1235 1538 1302 Qui
1584 1251 1716 1290 vero
1754 1236 2033 1290 contraria

462 1341 667 1395 tenent,
704 1332 907 1387 dictum
941 1331 1119 1385 simile
1150 1330 1216 1384 ad
1257 1330 1361 1384 sibi
1395 1329 1736 1398 complacita,
1774 1344 1880 1382 non
1907 1329 2037 1383 abs-

467 1439 576 1495 que
608 1424 799 1478 fraude
842 1422 1228 1487 immutarunt,
1265 1421 1560 1475 dictionem
1591 1419 1819 1490 Spiritui
1854 1420 1906 1473 in
1939 1435 2040 1474 vo-

467 1528 587 1571 cem
636 1512 790 1567 Patrt'
849 1513 1222 1576 invertentes,
1286 1512 1625 1566 contrarium
1688 1512 2036 1565 intentarunt

468 1608 620 1661 alteri
655 1607 818 1660 dicto.
842 1603 1085 1673 Namque
1105 1606 1155 1657 in
1189 1619 1300 1658 uno
1320 1620 1383 1656 ex
1417 1618 1583 1673 supra
1612 1603 1840 1672 digestis
1887 1603 2033 1657 beati

469 1696 754 1767 Epiphanii
779 1695 940 1749 dictis
991 1691 1171 1746 Patris
1210 1693 1266 1746 in
1300 1691 1530 1761 Spiritus
1584 1691 1880 1743 dictionem
1938 1689 2033 1742 de-

468 1794 760 1849 torserunt,
796 1794 855 1838 ut
910 1785 981 1838 ibi
1038 1785 1399 1838 ostendimus.
1448 1780 1551 1836 Sed
1595 1789 1656 1835 ut
1691 1781 1833 1833 inter
1882 1780 2028 1833 seria

2139 600 2240 668 τὴν
2267 600 2497 663 ἔννοιαν,
2531 600 2580 649 εί
2628 598 2721 651 καὶ
2756 597 2835 668 τῷ
2866 600 3023 665 Λόγῳ
3051 597 3147 650 τοῦ
3185 600 3429 667 στόματος
3482 604 3652 672 Κυρίου

2139 692 2481 761 διηγόρευεν,
2523 692 2552 743 6
2600 689 2885 758 θεοπάτωρ
2942 687 3107 742 Δαυῖδ
3163 691 3501 759 στερεωθῆναι
3553 698 3656 759 τοὶς

2140 780 2423 850 οὐρανοὺς,
2450 781 2668 844 πάντως
2694 782 2761 835 ἂν
2799 777 3014 851 ὑπῆρχε
3058 782 3474 851 προσμαρτυρῶν
3504 786 3659 837 ἐντεῦ-

2140 866 2232 919 θεν
2258 869 2352 920 καὶ
2376 868 2451 937 τῷ
2470 867 2585 937 Υίῴ
2614 870 2708 921 καὶ
2735 869 2892 938 Λόγῳ
2938 868 3143 938 ταύτην
3174 869 3267 939 τὴν
3306 871 3657 941 ὲκπιρευτικὴν

2144 960 2379 1028 ἰδιότητα
2408 976 2421 990 ·
2444 959 2584 1013 διότι
2619 961 2687 1013 τὰ
2728 960 2822 1013 τοῦ
2858 962 3126 1028 στόματος
3174 961 3398 1032 ἀτεχνῶς
3444 965 3662 1034 ἐκπορευ-

2136 1051 2307 1118 όμενα
2339 1050 2521 1104 καλεῖν
2552 1051 2793 1121 οἴδαμεν.
2825 1070 2845 1103 ι
2890 1052 2966 1104 Τὰ
3000 1050 3110 1121 γὰρ
3135 1052 3554 1121 ἐκπορευόμενα
3583 1053 3662 1107 διὰ

2138 1139 2258 1194 τῶν
2288 1142 2541 1211 χειλέων
2560 1160 2683 1211 μου
2707 1145 2782 1197 οὐ
2804 1141 2891 1211 μὴ
2927 1141 3224 1209 ἀθετήσω,
3261 1161 3278 1194 ι
3315 1141 3516 1195 Δαυῖὂό
3551 1143 3663 1211 ψάλ·

2139 1234 2246 1288 λων
2274 1234 2509 1303 ἀλλαχοῦ
2541 1236 2636 1289 καὶ
2677 1235 2837 1289 τοῦτό
2882 1251 3071 1304 φησιν.
3106 1234 3220 1286 Νῦν
3263 1233 3307 1286 δ’
3353 1236 3380 1287 6
3410 1251 3668 1304 πνιυματο·

2137 1323 2355 1394 κίνητος
2373 1322 2528 1390 οὗτος
2557 1325 2635 1395 τῷ
2667 1343 2687 1377 t
2735 1326 3034 1392 Πνεύματι
3084 1325 3194 1379 τοῦ
3227 1326 3526 1392 στόματος,
3554 1344 3571 1376 ι
3620 1325 3668 1377 οὐ

2143 1420 2252 1488 μὴν
2289 1419 2385 1472 καὶ
2408 1420 2487 1489 τῷ
2513 1422 2685 1488 Λόγῳ
2711 1420 2819 1474 τοῦ
2833 1422 3128 1490 στόματος
3152 1419 3402 1488 εἰρηκὼς,
3423 1419 3666 1486 epotam-

2143 1512 2318 1579 μένως
2349 1510 2716 1571 ἐπιστώσατο,
2772 1509 2916 1579 μόνῳ
2962 1509 3041 1579 τῷ
3105 1508 3383 1577 Πνεῦματι
3434 1513 3670 1577 προσεῖναι

2138 1600 2236 1670 τὴν
2261 1603 2660 1670 ἑκπορευτικὴν
2695 1602 2958 1672 ἰδιότητα.
3000 1601 3173 1654 Τοῦτο
3205 1600 3300 1669 μὲν
3346 1600 3498 1662 οὕτω,
3521 1600 3669 1663 καθὼς

2138 1690 2345 1745 ἄνωθεν
2365 1691 2536 1761 ἔφθην
2552 1691 2845 1757 διαλαϐὼν,
2866 1692 3163 1763 Γρηγόριος
3183 1686 3350 1755 εἶπεν,
3375 1694 3401 1743 6
3414 1690 3670 1761 διαπρεπὴς

2138 1783 2197 1834 ἐν
2228 1784 2339 1844 τοῖς
2368 1784 2655 1850 δόγμασιν.
2687 1785 2751 1836 Οἱ
2771 1783 2815 1835 δ’
2848 1784 3105 1843 ἐναντίως
3133 1783 3346 1852 ἔχοντες
3377 1783 3433 1833 τὸ
3471 1780 3669 1834 τοιοῦτον

466 1880 669 1949 aliquid
695 1878 845 1945 jocer
866 1876 1281 1945 eorumgratia,
1318 1876 1412 1945 qui
1445 1876 1590 1929 dicta
1647 1875 1857 1943 integra
1890 1886 2032 1926 con—

2149 1872 2302 1944 ῥητδν
2336 1874 2470 1944 πρὸς
2502 1874 2563 1926 τὸ
2578 1872 2788 1935 τούτοις
2818 1874 3012 1927 δοκοῦν
3036 1872 3670 1943 κακοσχόλωςὴλλοίωσαν.

467 1968 623 2023 tinuo
649 1968 944 2021 immutare
973 1967 1284 2032 intendunt,
1320 1980 1548 2033 prorsus
1572 1964 1723 2018 lusus
1749 1973 1834 2017 est
1870 1963 2036 2016 unius

466 2055 819 2111 immutabilis
871 2054 1183 2109 immutatio
1238 2054 1292 2107 in
1344 2052 1507 2107 aliam
1552 2062 1607 2106 et
1652 2054 1822 2123 ipsam
1868 2065 2032 2105 unam

467 2144 864 2200 immutabilem
892 2144 1151 2198 litteram.
1201 2140 1296 2197 Sic
1329 2142 1473 2197 circa
1530 2142 1737 2197 cultqu
1790 2141 2035 2195 divinum

468 2238 542 2306 pii
574 2236 779 2291 similes
830 2244 981 2300 sunt,
1015 2243 1074 2288 ut
1102 2234 1410 2289 veneranda
1466 2248 1732 2303 sacraque
1779 2233 2037 2303 dogmata

466 2330 624 2386 cubis
650 2328 803 2399 paria
838 2327 1061 2390 faciant,
1090 2341 1395 2396 eorumque
1426 2340 1592 2379 voces
1628 2326 1949 2388 immutare,
1980 2331 2040 2378 et

465 2421 651 2491 jacere
692 2434 921 2491 prorsus
963 2418 1123 2474 facile
1161 2427 1216 2472 et
1243 2434 1408 2486 quam
1437 2416 1916 2486 expeditissimum
1951 2429 2039 2470 re-

471 2524 694 2584 putent,
740 2513 1041 2567 dummodo
1086 2512 1231 2580 quod
1282 2510 1388 2565 sibi
1431 2510 1756 2571 allubescit,
1812 2509 2040 2577 sibique

472 2615 808 2677 proponunt,
840 2605 1225 2660 corroborent.
1262 2601 1371 2657 Sed
1409 2602 1528 2657 suis
1560 2602 1663 2669 ipsi
1702 2599 1914 2655 tecltuis
1954 2600 2044 2654 hic

2145 1965 2544 2035 μεταϐαλόντες
2568 1965 2667 2035 τὴν
2700 1966 3000 2035 Πνεύματι
3038 1964 3189 2029 λέξιν
3243 1967 3322 2027 είς
3373 1965 3466 2031 τὴν
3519 1962 3668 2030 Πατρί

2141 2054 2464 2121 τὰνάπαλιν,
2485 2049 2547 2109 οὗ
2581 2056 2703 2108 κατ’
2730 2057 2860 2110 ἄλλο
2891 2056 3054 2126 ῥητὸν
3073 2056 3450 2126 πεποιήκασιν.
3484 2053 3560 2107 Ἐν
3580 2054 3666 2122 γὰρ

2144 2146 2226 2199 ἑνὶ
2243 2146 2350 2201 τῶν
2373 2146 2578 2201 ἄνωθεν
2597 2122 2970 2218 προτεθέντων
2994 2146 3088 2200 τοῦ
3147 2122 3390 2218 μάκαρος
3412 2145 3673 2213 Ἐπιφανίου

2146 2236 2346 2306 ῥητῶν,
2387 2236 2683 2307 μετέϐαλον
2713 2238 2811 2307 τὴν
2837 2236 3065 2305 Πατρός
3101 2239 3185 2298 είς
3227 2238 3325 2307 τὴν
3348 2236 3668 2305 Πνεύματος,

2146 2326 2329 2390 καθὼς
2362 2329 2543 2379 ἐκεῖσε
2595 2327 3068 2398 παρεδηλώκαμεν
3108 2343 3126 2359 ο
3162 2328 3248 2382 ἶνα
3309 2327 3365 2380 δὲ
3412 2326 3673 2387 σπουδάζων

2146 2418 2239 2469 καὶ
2261 2416 2585 2487 προσπαίξω
2607 2433 2659 2468 τι
2687 2417 2893 2486 μεταξὺ
2937 2419 3050 2479 τοῖς
3079 2417 3183 2470 ὅλα
3210 2417 3348 2486 ῥητὰ
3373 2414 3672 2485 μεταϐάλλειν

2145 2511 2235 2565 ἀεὶ
2265 2511 2582 2575 σπεύδουσι,
2636 2513 2854 2575 πάντως
2912 2514 3170 2581 παίγνιον
3219 2514 3339 2577 ἐνὸς
3388 2511 3673 2584 ἀμεταδολον

2151 2603 2443 2673 μεταϐολὴ,
2472 2604 2607 2674 πρὸς
2642 2604 2829 2673 ἕτερον
2868 2605 2963 2656 καὶ
2990 2605 3121 2657 αὐτὸ
3159 2606 3419 2674 στοιχεῖον
3444 2603 3498 2657 ἓν
3520 2601 3677 2670 ἀμετά-

469 2699 633 2753 etiam
665 2696 880 2768 decepti
922 2706 1073 2760 sunt,
1129 2705 1242 2748 tum
1284 2693 1429 2763 quod
1475 2692 1802 2747 sententiam
1846 2690 2042 2760 integri

2151 2694 2329 2750 ϐολον.
2357 2694 2514 2749 Οῦτω
2537 2696 2733 2765 κομιδῆ
2764 2697 2894 2766 περὶ
2918 2695 2987 2748 τὰ
3008 2696 3132 2749 θεῖα
3159 2700 3506 2767 τυγχάνουσιν
3552 2693 3677 2744 εὐλα-

472 2791 603 2845 dicti
644 2806 753 2845 non
788 2794 1176 2858 perceperunt,
1226 2796 1335 2838 tum
1367 2786 1511 2854 quod
1558 2784 1736 2851 majus
1773 2792 1877 2847 est,
1906 2782 2042 2851 quin

474 2882 587 2934 imo
608 2884 932 2940 maximum,
980 2876 1139 2944 quasi
1190 2875 1339 2929 aliud
1371 2884 1617 2944 agentes,
1650 2886 1799 2942 ἠυνξ
1849 2875 2044 2928 subse-

473 2970 682 3039 quitur,
711 2968 1038 3027 orationem,
1074 2976 1134 3017 ut
1162 2965 1398 3027 videtur,
1433 2972 1839 3033 percurrerunt,
1871 2978 2047 3032 quan-

475 3059 769 3130 doquidem
806 3057 851 3112 si
887 3055 1169 3111 addecenti
1215 3055 1653 3109 consideratione
1684 3063 1924 3109 mentem
1968 3052 2045 3107 illi

479 3148 1149 3221 applicassettt,.ltujusce
1195 3147 1326 3202 dicti
1362 3149 1767 3214 corruptionem
1817 3161 1927 3200 non
1963 3147 2049 3199 iu-

2150 2788 2285 2849 ϐεἰς,
2338 2788 2416 2849 ὠς
2464 2788 2653 2849 κύϐοις
2704 2791 2772 2841 τὰ
2828 2790 3002 2840 σεπτὰ
3049 2790 3408 2858 παρεικάζειν
3463 2786 3545 2838 καί
3592 2784 3682 2852 ἱερὰ

2148 2880 2416 2949 δόγματα,
2466 2882 2561 2932 καὶ
2595 2883 2655 2933 τὸ
2696 2879 3127 2950 μεταπεττεύειν
3191 2883 3288 2933 καὶ
3343 2878 3685 2951 μεταῤῥιπτεῖν

2151 2972 2247 3032 τὰς
2277 2971 2479 3025 τούτων
2510 2988 2625 3039 φων
2638 2973 2690 3034 ἃς
2724 2972 2904 3041 ῥᾴδιον
2930 2970 3218 3034 παντελῶς
3243 2973 3335 3024 καὶ
3359 2970 3459 3022 τῶν
3501 2969 3684 3037 εὐχερε-

2155 3065 2363 3116 στάτων
2397 3061 2731 3131 λογίζεσθαι,
2774 3062 2934 3131 μόνον
2965 3061 3041 3124 ὠς
3095 3060 3167 3115 ἂν
3216 3061 3279 3113 τὸ
3324 3060 3460 3115 κατά
3502 3058 3684 3123 γνώμην

2154 3153 2339 3215 αὐτοῖς
2404 3155 2500 3206 καὶ
2563 3154 2700 3221 ὅπερ
2750 3151 2817 3204 ἂν
2859 3152 3097 3222 αἱροῖντο
3156 3152 3506 3221 συστήσωσιν.
3573 3146 3681 3210 Πλὴν

481 3218 803 3300 tenuissent.
860 3238 1107 3309 Namque
1174 3254 1407 3309 magnus
1453 3239 1541 3293 hic
1584 3238 1669 3292 vir
1717 3238 2043 3307 procedendi

2150 3245 2457 3315 ὴπάτηνται
2488 3218 2786 3308 κάνταῦθα,
2808 3242 2869 3293 τὸ
2895 3218 2994 3311 μὲν
3021 3236 3111 3293 οἷα
3139 3218 3401 3310 μηδαμῶς
3434 3236 3684 3292 συνιδόντες

478 3336 864 3407 proprietatem
926 3334 1255 3402 procedente
1321 3331 1571 3385 oratione
1639 3330 1878 3400 Spiritus
1927 3345 2043 3385 esse

2151 3340 2248 3407 τὴν
2280 3337 2518 3389 διάνοιαν
2547 3336 2641 3387 τοῦ
2672 3335 2794 3388 ὅλου
2822 3332 3010 3405 ῥητοῦ,
3043 3335 3104 3391 τὸ
3132 3335 3190 3390 ὀὲ
3227 3332 3430 3407 μεῖζον,
3457 3330 3488 3404 ἡ
3520 3326 3683 3403 μᾶλλον

480 3438 663 3483 notam
691 3425 969 3496 propriam
1000 3422 1128 3478 facit
1157 3424 1243 3478 his
1290 3424 1583 3493 ipsissimis
1616 3427 1834 3478 verbis:
1867 3422 1934 3477 Ut
1960 3439 2043 3493 per

2154 3430 2447 3496 μέγιστον,
2478 3421 2562 3477 οἷα
2596 3427 2908 3497 παροδικῶς
2953 3427 3253 3491 διελθόντες
3286 3429 3373 3482 τὸν
3402 3429 3518 3494 ἑξῂς
3542 3426 3683 3489 λόγον.

491 3516 712 3572 Verbum
743 3531 808 3570 ea:
836 3525 1003 3569 mente
1040 3515 1221 3568 divina
1266 3525 1589 3585 paternaque
1645 3516 1776 3568 nulli
1814 3517 2043 3584 passionl

2150 3517 2223 3578 ὡς
2251 3516 2447 3575 ἔοικεν.
2478 3516 2733 3587 ἐπείπερ,
2770 3518 2817 3568 εἰ
2849 3516 2988 3584 μετὰ
3016 3516 3359 3586 διασκέψεως
3418 3512 3683 3583 πρεπούσης

477 3610 759 3664 obnoxiam
808 3619 858 3662 et
891 3608 1212 3676 ine/[nbilam
1256 3606 1386 3660 Filii
1419 3609 1805 3677 generationem
1840 3610 2043 3677 excipe-

2152 3612 2241 3664 τδν
2295 3609 2420 3662 νοῦν
2464 3611 2755 3678 προσεῖχον
2795 3608 2966 3678 αὐτῷ,
3024 3607 3121 3661 τοῦ
3159 3608 3401 3661 τοιούτου
3429 3607 3577 3677 ῥητοῦ
3612 3601 3687 3668 τὴν

477 3718 673 3767 remus,
697 3703 834 3772 quod
871 3717 990 3755 vero
1023 3701 1155 3755 dicit
1183 3699 1412 3768 Spiritus
1459 3702 1589 3765 oris,
1628 3702 2043 3769 sancti/iacntem

2154 3707 2367 3762 νοθείαν
2399 3707 2498 3759 οὐκ
2527 3705 2593 3758 ἂν
2637 3705 2745 3757 οὐδ’
2765 3705 3089 3776 ἐπεχείρουν
3114 3703 3471 3776 ἐργάσασθαι.
3494 3698 3589 3754 Καὶ
3606 3697 3687 3764 γὰρ

477 3804 528 3850 et
560 3794 890 3850 essentialem
938 3796 1209 3858 virtutem,
1241 3804 1289 3846 et
1322 3796 1443 3847 vita:
1488 3794 1777 3846 auctricem
1820 3791 2043 3862 Spiritus

2155 3793 2311 3861 οὗτος
2343 3799 2506 3859 αὐτὸς
2531 3800 2558 3849 6
2586 3800 2759 3866 μέγας
2792 3799 2891 3867 τὴν
2932 3799 3338 3868 ὲκπορευτικὴν
3371 3796 3586 3863 ἰδιότητα
3609 3805 3690 3841 πα·

479 3889 803 3958 Itypostasim
840 3886 1285 3955 intelligeremus,
1338 3887 1653 3953 procedendi
1712 3887 2053 3954 proprietatis

483 3982 687 4033 nomine
725 3979 1080 4047 designatum.
1116 3979 1182 4032 Et
1262 3988 1486 4031 sanctus
1528 3978 1692 4030 Pater
1728 3978 2055 4032 Anastasius

485 4053 869 4141 proprietatem
916 4070 1087 4123 divini
1148 4069 1388 4138 Spiritus
1436 4073 1639 4138 ottime
1684 4070 1888 4124 ealleus
1934 4084 2058 4124 esse

483 4163 781 4231 procedere,
811 4161 867 4215 in
903 4172 1057 4215 sexto
1092 4161 1307 4215 decimo
1342 4161 1520 4230 capite
1542 4162 1689 4221 libri,
1725 4162 1810 4215 cui
1856 4175 2056 4214 nomen

486 4256 662 4325 Odego
694 4264 799 4319 est,
828 4264 1015 4324 aperte
1033 4254 1286 4322 clareque
1322 4255 1635 4323 pronuntiat
1665 4271 1679 4307 :
1710 4251 1894 4321 Neque
1919 4254 2058 4305 enim

486 4348 714 4417 ingenita
761 4347 940 4402 Patris
994 4362 1220 4415 persona
1269 4361 1479 4398 carnem
1533 4347 1844 4412 assumpsit,
1897 4360 2059 4412 neque

485 4442 766 4510 procedens
799 4440 973 4494 sancti
1000 4436 1234 4507 Spiritus
1267 4437 1588 4507 [typostasis.
1634 4439 1696 4491 lit
1720 4440 1818 4490 hac
1844 4440 2059 4491 ratione

2163 3888 2438 3960 ρακατιὼν
2471 3888 2740 3958 ἀριδήλως
2768 3887 2863 3941 τοῦ
2890 3889 3210 3960 Πνεῦματος
3231 3888 3376 3957 λέγει
3399 3896 3688 3957 χαρακτηρι-

2158 3983 2371 4049 στικὴν.
2399 3980 2570 4037 ταῦτα
2599 3982 2777 4051 ῥητῶς
2810 3981 3181 4051 ἐκτιθέμενος·
3219 3983 3354 4037 Ἵνα
3376 3981 3470 4034 διὰ
3484 3976 3585 4046 μέν
3608 3969 3691 4025 τοῦ

2158 4072 2354 4140 Λόγον
2381 4071 2574 4125 εἰπεῖν
2599 4070 2712 4139 τὴν
2733 4072 2814 4137 ὠς
2843 4071 2913 4125 ἐκ
2942 4071 3053 4126 νοῦ
3077 4073 3189 4127 τοῦ
3222 4070 3370 4127 Θεοῦ
3398 4061 3691 4131 καὶηιιτρές

2157 4164 2582 4232 ἁπαθεστάτην
2621 4163 2720 4217 καὶ
2760 4164 3023 4232 ᾶρῤητον
3050 4165 3163 4220 τοῦ
3210 4163 3347 4218 rio-t7
3399 4152 3692 4228 παραδεξώ-

2153 4261 2307 4324 μεθα
2358 4256 2672 4325 γέννησιν,
2728 4256 2829 4310 διὰ
2868 4256 2938 4309 δὲ
2982 4257 3090 4311 τοῦ
3145 4257 3446 4325 ειρηκέναι
3488 4247 3692 4315 Πνεῦμα

2160 4345 2460 4411 στόματος
2482 4342 2593 4411 τὴν
2625 4344 2992 4413 ἀγιαστικὴν
3023 4347 3124 4400 καὶ
3151 4346 3418 4412 οὐσιώδη
3477 4343 3693 4404 δύναμιν

2162 4436 2259 4487 καὶ
2282 4434 2617 4504 ζωαρχικὴν
2638 4436 2744 4489 τοῦ
2764 4438 3112 4504 [Ινεύματος
3134 4441 3479 4493 ὑπόστασιν
3507 4428 3692 4487 ὑπολά-

488 4531 815 4600 prucedendi
855 4530 1244 4600 proprietatem
1302 4529 1539 4598 Spiritus
1576 4543 1697 4581 esse
1732 4529 2043 4591 ostendens,

2165 4530 2376 4596 ϐωμεν,
2409 4528 2487 4591 τῷ
2513 4527 2624 4596 τῆς
2652 4529 3089 4598 ἐκπορευτικῆς
3135 4531 3431 4597 ἰδιότητος
3489 4527 3692 4594 ὀνόματι

491 4623 678 4676 multis
734 4622 911 4676 modis
962 4635 1125 4688 supra
1177 4619 1383 4674 laudati
1456 4620 1585 4672 dicti
1638 4620 2044 4686 corruptionem

492 4712 937 4767 manifestissime
968 4714 1255 4781 palamque
1289 4712 1505 4765 refellit.
1528 4711 1740 4775 Quibus
1762 4711 2054 4764 admodum

492 4805 779 4875 perspicue
839 4804 1175 4870 inclarescit,
1227 4806 1404 4873 ipsum
1438 4788 1682 4855 diiiuum
1731 4802 2055 4870 Gregurium

491 4895 755 4964 Spiritum
813 4908 1059 4953 sanctum
1105 4911 1213 4950 non
1269 4912 1336 4951 ex
1394 4897 1512 4951 solo
1551 4894 1711 4949 Patre
1762 4897 2061 4964 procedere

490 5001 668 5055 neque
700 4988 754 5041 in
778 4987 923 5042 dictu
948 4988 1057 5057 iam
1106 4986 1360 5056 apposito
1408 4986 1740 5051 decrevisse,
1793 5002 1970 5055 neque
2003 4987 2059 5041 in

490 5076 614 5130 aliis
645 5077 761 5130 suis
799 5076 985 5140 dictis,
1016 5077 1071 5128 in
1111 5075 1309 5143 quibus
1342 5078 1407 5129 de
1435 5074 1642 5143 Spiritu
1682 5078 2055 5145 pertractavit.

2164 4618 2444 4684 δηλονότι
2468 4622 3070 4691 χαρακτηριζομένην.
3128 4626 3241 4677 Καὶ
3291 4626 3319 4676 6
3367 4626 3420 4674 ἐν
3449 4620 3604 4685 ἁγίοις
3648 4612 3692 4665 δὲ

2166 4712 2355 4781 Πατὴρ
2392 4711 2763 4778 ’ἀναστάσιος,
2801 4713 2958 4774 εἰδὼς
3018 4716 3217 4783 ἰδίωμα
3252 4714 3343 4765 τοῦ
3386 4713 3520 4763 θείου
3558 4702 3693 4760 Ilvati-

2167 4819 2336 4872 μιτος
2370 4796 2508 4855 εἶναι
2543 4805 2603 4856 τὸ
2631 4803 3142 4869 ἐκπορευτικόνὲν
3170 4802 3527 4868 ἑξκαιδεκάτῳ
3554 4809 3692 4860 κεφα-

2165 4892 2299 4961 λαίῳ
2345 4891 2444 4961 τῆς
2486 4892 2651 4945 αὑτοῦ
2686 4894 2869 4962 βίϐλου
2939 4895 3041 4961 τῆς
3073 4893 3332 4959 Ὃδηγοῦ
3394 4888 3689 4955 κεκλῃμένης

2162 4989 2480 5056 παρίστησι,
2541 4986 2754 5058 τρανῶς
2801 4985 2943 5053 ἄγαν
3009 4986 3254 5054 φάμενος
3293 5002 3307 5014 ·
3373 4984 3450 5035 Οὐ
3500 4977 3597 5047 τὰρ
3636 4969 3691 5020 τι)

2160 5076 2495 5145 ἀγέννητον
2557 5076 2664 5130 τοῦ
2725 5077 2955 5143 Πατρός
3004 5080 3335 5143 πρόσωπον
3382 5066 3686 5137 ὲσαρκώθηο

490 5167 673 5231 Quare
740 5165 1231 5221 contradicentium
1302 5164 1460 5220 nobis
1525 5166 1786 5221 instantia
1837 5180 2043 5235 prorsu:

2163 5168 2301 5223 οὔτε
2342 5167 2469 5234 μὴν
2503 5167 2541 5233 ἡ
2579 5166 2974 5235 ἐκπορευτικὴ
3023 5167 3133 5220 τοῦ
3179 5166 3353 5237 ἁγίου
3396 5160 3690 5227 Πνεύματος

491 5271 680 5312 eversa
711 5266 1090 5324 prostrataque
1120 5266 1224 5312 est.

2163 5260 2521 5323 ὑπόστασις.
2578 5258 2734 5311 Οὕτω
2791 5260 2888 5328 μὲν
2932 5261 2959 5310 6
2993 5259 3151 5326 λόγος
3204 5260 3304 5328 τὴν
3341 5243 3687 5323 ὲκπορευτιιιὴν

493 5348 735 5417 ἰδιότητα
792 5346 971 5411 δείξας
1030 5346 1205 5399 τελεῖν
1223 5348 1317 5401 τοῦ
1382 5347 1695 5416 Π-νεύματος
1760 5350 2045 5420 πολλαχῶς
2098 5350 2349 5404 ἐντεῦθεν
2397 5350 2495 5419 τὴν
2549 5350 2911 5420 παραφθορὰν
2971 5352 3066 5403 τοῦ
3111 5349 3490 5419 διαληφθέντος
3551 5331 3685 5409 ῥητοῦ

493 5444 806 5512 σαφέστατα
862 5442 958 5495 καὶ
1000 5441 1284 5511 προδήλως
1341 5441 1636 5511 διήλεγξεν.
1708 5443 1797 5509 Ἐξ
1827 5437 1902 5497 ὧν
1947 5445 2066 5497 λίαν
2105 5444 2482 5511 ἀναπέφανται
2544 5444 2800 5513 καθαρῶς
2830 5445 2913 5495 ὅτι
2981 5446 3104 5514 μηδ’
3135 5445 3300 5507 αὐτὸς
3338 5444 3365 5495 6
3411 5441 3539 5500 θεῖος
3576 5431 3688 5500 Γρηο

487 5538 668 5605 γόριος
699 5534 760 5585 τὸ
784 5531 1009 5604 Πνεῦμα
1030 5533 1092 5585 τὸ
1123 5533 1276 5597 ἅγιον
1301 5536 1362 5585 ὲκ
1383 5532 1545 5599 μόνου
1580 5532 1673 5585 τοῦ
1715 5536 1928 5602 lla-:96;
1968 5533 2361 5604 ἐκπορεύεσθαι
2431 5534 2548 5585 κατ’
2614 5533 2746 5586 αὐτὸ
2815 5533 3220 5604 δεδογμάτικεν,
3276 5532 3468 5598 ,ὥσπερ
3516 5522 3608 5578 οὐδ’
3643 5521 3687 5569 έν

488 5633 599 5690 τοῖς
624 5630 825 5692 λοιποῖς
853 5628 1074 5687 οἰκείοις
1100 5628 1302 5696 ῥητοῖς,
1335 5625 1479 5686 ὅσοις
1508 5626 1684 5676 εἰπεῖν
1731 5625 1868 5693 ἔφθη
1935 5628 2060 5695 περὶ
2099 5627 2193 5677 τοῦ
2240 5628 2575 5694 Πνεύματος.
2636 5629 2747 5681 Καὶ
2800 5628 2988 5681 λοιπὸν
3020 5632 3088 5681 τὰ
3123 5628 3227 5696 τῆς
3292 5626 3570 5680 ὲνοτάσεως
3603 5612 3686 5664 τῶν

488 5722 874 5785 ἀντιλεγόντων
920 5720 1195 5790 ἀνετράπη
1260 5720 1391 5788 ἡμῖν
1435 5721 1809 5787 παντάπασιν,
1866 5719 2141 5774 κάνταῦθα
2178 5723 2601 5792 καταϐέϐληται.

562 5815 605 5844 ⁷³
634 5812 776 5865 Psal.
806 5827 1071 5873 Lsxxvm,
1101 5810 1190 5862 35.
