3970 6414
400 411 537 480 1235
1431 408 1949 475 CONSTANTINI
1992 416 2541 478 MELITENIOTE
3142 462 3145 465 ς
3480 424 3603 503 1235

399 535 622 588 modum
690 545 752 589 se
809 540 1084 603 gerentes,
1142 540 1199 588 et
1261 541 1454 588 contra
1518 533 1871 604 semetipsos,
1924 545 1967 588 ei

2035 542 2053 595 ι
2085 534 2173 588 ἀεὶ
2204 536 2569 607 τυγχάνοντες
2613 537 2708 592 καὶ
2750 538 2849 607 τῆς
2884 539 3127 609 ταραχῆς
3166 539 3493 596 ἀντιτείνουσι
3520 564 3603 600 κα-

397 631 590 678 contra
623 637 748 679 nos.
788 621 994 679 Contra
1024 636 1148 691 nos,
1175 621 1322 692 quod
1358 623 1509 679 nullo
1551 623 1716 679 modo
1748 638 1872 679 eum
1905 636 1965 679 ex

2077 627 2190 690 κῶς
2228 627 2505 681 κάνταῦθα
2544 630 2683 698 πρὸς
2732 630 2833 702 τὴν
2878 630 3155 699 ἀλήθειαν,
3180 632 3532 700 ῖψλονεικοῦσί
3556 656 3605 692 τε

398 712 539 769 Filio
569 713 867 783 procedere
917 714 1110 770 volunt
1158 714 1469 779 admittere,
1506 715 1650 785 quod
1682 717 1966 784 scriptura:

2079 718 2283 788 μᾶλλον
2333 720 2759 790 πονηρευόμενοι
2816 723 2939 774 κατ’
2972 721 3136 786 αὐτῆς
3184 726 3280 777 κάν
3322 726 3393 794 τῷ
3415 729 3609 797 τοιούτῳ

400 815 446 859 et
482 807 769 874 scriptoris
798 806 969 861 divini
1002 822 1202 877 scopus
1233 807 1504 877 requirit;
1545 818 1735 863 contra
1768 815 1968 863 semct-

2079 808 2229 879 ρητῷ
2262 808 2356 863 καὶ
2383 810 2519 879 πρὸς
2544 809 2809 880 ἀλλήλους
2855 811 2949 869 καὶ
2980 812 3116 881 πρὸς
3162 814 3322 881 ἡμᾶς,
3360 813 3503 868 τοῦτο
3529 818 3609 885 μὲν

401 898 551 966 ipsos
604 912 823 962 rursus,
876 902 1022 967 quod
1073 916 1181 953 non
1228 900 1283 954 in
1327 899 1475 955 illius
1521 901 1878 970 intelligentia
1920 909 1969 955 cl

2076 902 2137 953 τὸ
2186 902 2624 972 ἐκπορευόμενον
2661 903 2825 956 αὐτοῦ
2885 903 2959 973 μὴ
3006 904 3349 974 προσιέμενοι
3401 908 3611 975 μηὸόλως

405 1004 571 1043 εειηειι
614 990 938 1059 exponendo
983 991 1067 1045 vel
1120 990 1409 1046 minimum
1462 993 1817 1055 concordant,
1853 1000 1973 1045 tan-

2077 992 2143 1045 ἐκ
2171 992 2264 1046 τοῦ
2304 992 2434 1046 Υίοῦ
2469 993 2650 1061 λέγειν
2680 995 3143 1066 ἐκπορευόμενον.
3168 996 3302 1067 ὅπερ
3334 1000 3361 1050 ὁ
3381 998 3471 1067 τῆς
3492 1016 3610 1069 γρα-

402 1094 569 1148 quam
595 1082 689 1149 qui
723 1095 754 1134 a
781 1089 931 1135 recta
958 1096 1196 1151 unaque,
1236 1092 1424 1136 nostra
1457 1082 1688 1147 scilicet,
1722 1081 1970 1138 decesse-

2078 1084 2185 1152 φῆς
2233 1083 2404 1138 ἐθέλει
2464 1086 2687 1150 σκοπὸς,
2737 1090 2832 1140 καὶ
2868 1086 2962 1139 τοῦ
3020 1089 3462 1159 συγγραψαμένου
3512 1092 3616 1144 θεό-

403 1181 555 1226 runt.
589 1170 824 1237 Quidam
863 1173 1008 1227 enim
1045 1188 1111 1228 ex
1161 1173 1296 1240 ipsis
1331 1174 1562 1229 dicunt:
1597 1173 1701 1237 Qui
1741 1173 1971 1242 procedit

2078 1192 2276 1248 φρονος
2305 1192 2319 1207 ’
2362 1177 2498 1247 πρὸς
2527 1177 2789 1248 ἀλλήλους
2816 1177 2872 1232 δὲ
2907 1180 3090 1244 πάλιν,
3124 1176 3206 1243 οἷς
3234 1181 3312 1235 ὃτι
3348 1183 3460 1252 μηδ’
3486 1184 3618 1238 αὐτοὶ

398 1277 465 1316 ex
509 1262 622 1328 ipso
672 1261 906 1333 Spiritus
942 1304 956 1328 ,
1011 1267 1199 1319 throno
1254 1282 1441 1337 nempe
1499 1277 1756 1337 paterno;
1804 1281 1966 1336 nequc

2079 1268 2222 1321 κατὰ
2250 1266 2349 1337 τὴν
2392 1267 2603 1321 ἔννοιαν
2645 1270 2993 1339 συμφωνοῦσι
3046 1271 3247 1339 ποσῶς,
3274 1274 3345 1336 ὼς
3376 1274 3510 1339 ἅπαξ
3534 1274 3620 1342 τῆς

406 1350 634 1405 horrent
698 1352 847 1420 quod
908 1368 976 1408 ex
1033 1355 1271 1409 essentia
1333 1355 1511 1410 Patris
1568 1355 1856 1425 procedit,
1911 1370 1974 1410 ex

2077 1358 2243 1428 ὀρθῆς
2275 1359 2599 1421 ἐκπεσόντες
2625 1361 2722 1412 καὶ
2750 1360 2847 1429 τῆς
2883 1362 3033 1431 μιᾶς,
3065 1364 3342 1416 τουστέστι
3365 1363 3455 1433 τῆς
3488 1364 3622 1433 ἡμῶν

402 1440 603 1495 throno
626 1440 806 1497 Patris
840 1445 1136 1514 procedere
1163 1444 1477 1501 decernere.
1500 1447 1627 1510 Alii,
1658 1447 1760 1512 Qui
1790 1464 1970 1518 proce-

2081 1448 2480 1514 ἐξοκείλαντες.
2510 1452 2573 1504 Oi
2619 1450 2718 1521 μὲν
2751 1451 2861 1520 γάρ
2909 1469 3039 1519 φασι
3088 1455 3290 1508 τούτων
3320 1471 3334 1484 ·
3365 1456 3429 1508 Τὸ
3472 1458 3624 1508 ἐκπο-

402 1532 505 1597 llit,
547 1535 641 1603 qui
701 1546 1029 1606 processerat
1070 1553 1254 1608 nempe
1312 1536 1540 1609 Spiritus
1604 1538 1825 1604 Christi,
1888 1540 1970 1594 fei-

2074 1544 2411 1621 pem’ysror
2438 1544 2625 1598 αὐτοῦ
2656 1543 2918 1612 Πνεῦμα,
2937 1544 3180 1613 δηλαδὴ
3201 1546 3303 1600 τοῦ
3320 1548 3520 1615 θρόνου
3535 1547 3622 1604 τοῦ

402 1626 526 1691 gida
579 1626 881 1682 admodum
933 1630 1208 1683 sententia
1255 1638 1310 1684 et
1361 1643 1489 1685 ante
1524 1631 1700 1701 ipsam
1736 1632 1970 1700 frigidis-

2081 1636 2374 1703 πατρικοῦ
2410 1651 2423 1664 '
2455 1637 2548 1689 καὶ
2571 1636 2680 1691 οὐδ’
2724 1639 2859 1700 ὅλως
2891 1640 3200 1710 φρίττουσι,
3236 1642 3294 1694 τὸ
3341 1644 3403 1694 ὲκ
3427 1645 3515 1711 τῆς
3544 1643 3622 1694 ού·

408 1719 532 1772 simi
570 1719 673 1789 ipsi
723 1730 929 1785 mente,
981 1737 1121 1791 quos
1172 1739 1271 1791 pro
1317 1724 1537 1782 curiosa
1581 1724 1708 1780 dicti
1760 1726 1976 1795 exposi«

2084 1730 2207 1792 σίας
2240 1728 2335 1782 τοῦ
2381 1729 2616 1800 Πατρδς,
2651 1731 2714 1783 ὲκ
2740 1730 2835 1783 τοῦ
2868 1731 3059 1799 θρόνου
3092 1731 3188 1785 τοῦ
3222 1730 3422 1803 [ἰατρὸς
3446 1733 3622 1801 δογμα-

403 1811 572 1877 tione,
610 1828 771 1867 nemo
806 1828 1092 1870 sermones
1122 1815 1448 1885 dignoscere
1477 1818 1725 1876 edoctus.
1775 1832 1971 1887 eosque

2082 1820 2350 1882 τῖζοντες’
2375 1820 2547 1874 ἄλλον
2588 1823 2657 1875 Τὸ
2687 1821 3190 1891 ἐκπορευόμενον,
3223 1823 3622 1892 ἢὼς-ἐκπορευ-

406 1903 579 1970 probe
639 1920 970 1974 comptnere
1033 1908 1218 1962 scit-ns
1281 1908 1630 1966 laudaverit:
1697 1911 1748 1963 in
1810 1927 1974 1977 quam

2083 1911 2192 1966 τὸν
2208 1912 2449 1981 Πνεῦμα
2473 1913 2755 1982 Χριστοῦ,
2771 1914 3102 1985 ψυχρότατοι
3136 1917 3339 1986 σφόδρα
3362 1916 3417 1969 τὸ
3452 1918 3624 1985 νόημα,

401 1996 626 2063 omnino
667 1998 1039 2062 nonaliunde,
1068 2010 1229 2057 utres
1263 2002 1354 2056 dat
1402 2003 1722 2071 intelligere,
1772 2004 1868 2059 sed
1913 2020 1969 2058 el

2083 2006 2180 2057 καί⁵
2211 2005 2317 2071 πρὸ
2348 2006 2514 2059 αὐτοῦ
2547 2006 2644 2075 τὴν
2670 2007 2931 2080 διάνοιαν,
2964 2008 3056 2067 οὓς
3085 2010 3187 2076 τῆς
3231 2008 3475 2078 τοιαύτης
3519 2010 3623 2077 περὶ

405 2087 635 2157 malitia,
668 2098 722 2142 et
748 2102 940 2144 contra
972 2106 1072 2145 nos
1100 2092 1451 2161 improbitate.
1477 2095 1804 2149 stultissime
1830 2095 1973 2150 deci-

2081 2098 2142 2148 τ’,
2175 2098 2338 2167 ῥητὸν
2368 2099 2695 2169 περιεργίας
2725 2098 2827 2151 ούκ
2875 2098 2941 2152 ἂν
2974 2101 3286 2153 ἐπαινέσειέ
3328 2118 3427 2165 τις,
3460 2101 3622 2168 λόγους

406 2177 627 2233 derunt.
666 2178 732 2237 Et
781 2181 930 2237 illius
979 2197 1145 2236 causa
1193 2192 1300 2247 est,
1346 2185 1490 2253 quod
1531 2202 1651 2241 cum
1691 2186 1834 2242 Deus
1882 2177 1974 2242 sua

2083 2186 2395 2250 παιδευθεὶς
2435 2187 2753 2257 διακρίνειν,
2789 2191 2881 2243 καὶ
2915 2189 3115 2253 αὐτοὺς
3152 2191 3448 2243 συντιθέναι
3476 2191 3624 2249 καλῶς

405 2272 753 2343 solummodo
788 2274 1031 2329 bonitate
1076 2277 1132 2329 in
1174 2292 1277 2332 nos
1309 2279 1620 2346 derlinarit,
1671 2295 1772 2335 nos
1815 2281 1973 2350 primi

2085 2278 2482 2347 ἐπιστάμενος·
2515 2279 2596 2342 είς
2635 2279 2701 2350 ἢν
2732 2280 2951 2342 πάντως
3002 2279 3103 2334 οὐκ
3141 2281 3381 2344 ἄλλοθεν,
3412 2282 3624 2346 καθάπερ

406 2366 769 2433 perscrutatis
808 2365 1113 2436 Scripturis
1151 2371 1433 2438 praesentis
1484 2372 1754 2442 dogmatis
1782 2374 1974 2429 verita-

2083 2370 2268 2423 δίδωσι
2300 2369 2359 2422 τὸ
2392 2372 2627 2440 πρᾶγμα
2653 2375 2814 2436 νοεῖν,
2839 2372 2947 2430 ἀπὸ
2976 2374 3033 2426 δὲ
3066 2376 3170 2443 τῆς
3198 2374 3393 2437 κακίας
3414 2375 3497 2442 τῆς
3524 2376 3625 2425 καθ’

407 2468 515 2512 tem
549 2458 855 2527 attigimus.
892 2459 1004 2515 Hoc
1036 2460 1327 2517 adversum
1360 2477 1458 2518 nos
1488 2479 1682 2519 eorum
1719 2465 1975 2534 improbi-

2084 2461 2242 2530 ἡμῶν
2274 2462 2603 2529 παραλόγως
2653 2463 2931 2518 ἐνέπεσον.
2972 2467 3080 2519 Καὶ
3113 2466 3178 2519 τὸ
3227 2466 3425 2535 ταύτης
3462 2467 3626 2526 σῖτον,

407 2550 535 2606 tatis
566 2551 923 2623 principium.
959 2553 1018 2608 Id
1042 2563 1266 2625 propter
1288 2556 1446 2611 nobis
1481 2558 1892 2622 contradicunt,
1927 2569 1975 2613 et

2085 2552 2191 2614 ὅτι,
2224 2551 2361 2606 Θεοῦ
2392 2552 2515 2606 κατ’
2547 2554 2752 2606 οἰκείαν
2772 2558 3117 2626 χρηστότητα
3155 2557 3323 2626 μόνην
3348 2558 3628 2610 ἐπινεύσαν-

404 2659 527 2697 cnm
567 2644 794 2700 omnino
826 2660 938 2701 non
973 2647 1189 2717 possint
1220 2647 1363 2707 hanc
1409 2657 1653 2704 nostram
1695 2651 1972 2705 veritatem

2084 2656 2174 2706 τος
2210 2645 2345 2711 πρὸς
2380 2646 2527 2714 ἡμᾶς
2573 2648 2641 2715 τῇ
2677 2646 2770 2699 τοῦ
2817 2650 3087 2717 παρόντος
3120 2649 3392 2718 δόγματος
3432 2647 3626 2714 ἀληθείᾳ

407 2736 754 2801 convellere,
804 2738 1140 2808 quandoque
1190 2739 1258 2793 ad
1320 2741 1589 2796 absurdas
1647 2740 1975 2812 [rigidasque

2082 2740 2182 2799 τὰς
2230 2736 2474 2806 Γραφὰς,
2503 2738 2924 2807 ἐρευνήσαντες,
2957 2739 3195 2810 πρώτως
3219 2742 3375 2811 ἡμεῖς
3405 2739 3628 2792 ἐπεϐάλο-

406 2829 753 2885 curiositates
785 2842 965 2886 mente
1006 2831 1181 2888 delusi
1217 2834 1555 2897 abscessere,
1594 2837 1739 2904 quod
1792 2835 1845 2889 in
1881 2836 1974 2891 hoc

2088 2846 2209 2898 μεν.
2251 2827 2424 2881 Τοῦτο
2471 2828 2570 2897 τῆς
2604 2829 2723 2880 καθ’
2776 2829 2934 2899 ἡμῶν
2984 2831 3189 2894 κακίας
3238 2831 3398 2901 ἀρχή.
3449 2829 3625 2882 Τούτου

406 2938 625 2992 quoque
655 2922 802 2977 dicto
835 2938 933 2993 pro
966 2939 1119 2979 more
1156 2939 1258 2979 suo
1297 2940 1442 2980 nunc
1469 2927 1614 2995 passi
1658 2937 1807 2993 sunt,
1855 2942 1974 2985 cum

2086 2919 2244 2987 χάριν
2294 2918 2426 2985 ἡμῖν
2472 2917 2866 2985 ἀντιλέγουσιν,
2923 2918 2981 2983 ἐξ
3006 2916 3073 2992 ἧς
3118 2923 3217 2973 καὶ
3253 2922 3324 2989 μὴ
3375 2920 3629 2990 δυνάμενοι

409 3027 518 3065 non
584 3013 815 3068 multum
874 3014 1031 3082 longe
1082 3015 1150 3076 ab
1200 3014 1435 3071 eruditis
1476 3016 1608 3072 viris
1659 3018 1892 3079 abirent,
1934 3016 1977 3070 si

2085 3012 2314 3064 καθόλου
2349 3009 2485 3078 πρὸς
2514 3009 2612 3080 τὴν
2650 3012 2781 3079 παρ’
2815 3013 2969 3082 ἡμῶν
3003 3013 3214 3084 ταύτην
3245 3014 3492 3082 ἀλήθειαν
3527 3016 3633 3065 ἀντ-

413 3102 575 3156 modo
626 3103 774 3158 illius
826 3105 1155 3158 sententiam
1206 3120 1401 3174 capere
1467 3107 1691 3161 vellent.
1757 3108 1822 3161 Et
1873 3108 1981 3161 alia

2085 3100 2296 3162 εἰπεῖν,
2355 3097 2500 3150 ἔστιν
2566 3092 2631 3152 οὗ
2694 3098 2830 3169 πρὸς
2890 3101 3244 3171 παραλόγους
3294 3105 3386 3156 καὶ
3447 3102 3632 3171 ψυχρὰς

411 3208 633 3264 quoque
669 3194 903 3260 ratione,
948 3195 1074 3251 licet
1112 3196 1372 3267 cogitatio
1413 3197 1658 3268 ipsorum
1693 3199 1839 3253 circa
1882 3200 1979 3253 hoc

2088 3190 2411 3260 περιεργίας
2461 3192 2552 3244 τὸν
2582 3190 2708 3247 νοῦν
2759 3191 3060 3255 κλαπέντες
3109 3195 3415 3266 ἐχώρησαν,
3444 3194 3511 3256 ὼς
3545 3195 3631 3245 κάν

410 3285 494 3338 vel
535 3285 822 3341 minimum
850 3287 1214 3351 claudicaret,
1245 3298 1507 3357 poterunt
1552 3290 1608 3343 in
1643 3305 1701 3346 se
1750 3292 1978 3360 scripto-

2088 3281 2166 3350 τῷ
2222 3284 2566 3352 προκειμένῳ
2617 3281 2763 3353 ῥητῷ
2813 3282 3060 3351 συνήθως
3109 3285 3207 3337 νῦν
3255 3286 3630 3339 ἐπεπόνθεισαν.

416 3392 527 3432 rem
560 3379 933 3445 considerare,
966 3381 1206 3451 quicum
1234 3379 1286 3435 in
1320 3380 1439 3450 ipso
1462 3382 1638 3450 primo
1670 3365 1983 3439 schismatis

2104 3374 2363 3442 Ἐπείπερ
2412 3373 2535 3426 κατ’
2568 3373 2722 3426 οὐδὲν
2748 3376 3029 3427 λείπονται
3059 3377 3171 3430 τῶν
3210 3378 3403 3444 λογίων
3430 3374 3630 3445 ἀνδρῶν,

411 3476 604 3524 exortu
621 3469 848 3535 viveret,
862 3480 916 3524 et
937 3473 1205 3542 dogmatis
1227 3474 1716 3531 contradictionem
1736 3474 1979 3536 calleret.

2088 3466 2229 3526 εἴγε
2288 3465 2520 3519 συνιδεῖν
2572 3464 2866 3535 ἠϐούλοντο
2910 3467 3103 3519 τούτου
3146 3469 3251 3539 τὴν
3296 3469 3513 3522 ἔννοιαν.
3544 3466 3633 3519 Καὶ

413 3576 691 3633 nunquam
717 3562 821 3616 hoc
843 3562 1005 3619 modo
1019 3565 1421 3628 concinnasset,
1441 3565 1526 3619 vel
1545 3564 1747 3620 dictum
1768 3580 1981 3633 compo-

2089 3559 2265 3621 ἄλλως
2297 3560 2376 3625 δὲ,
2413 3559 2514 3617 κᾶν
2563 3558 2777 3624 ὤκλαζε
2808 3577 2860 3612 τι
2910 3560 3046 3630 πρὸς
3083 3561 3216 3615 αὐτὸ
3262 3561 3467 3622 τούτοις
3497 3561 3522 3613 ό
3557 3559 3632 3610 λο-

412 3656 634 3720 suisset,
653 3653 697 3708 si
716 3669 839 3709 cum
866 3653 1077 3713 Latinis
1095 3666 1148 3710 et
1166 3656 1281 3726 ipse
1301 3673 1456 3727 aeque
1485 3664 1650 3727 atque
1672 3656 1764 3710 alii
1791 3657 1980 3711 simul-

2087 3653 2304 3720 γισμὸς,
2365 3646 2510 3719 εἶχον
2545 3652 2847 3720 σκέψασθαι
2878 3653 3102 3716 πάντως
3148 3653 3273 3706 καθ’
3318 3652 3528 3712 ἑαυτοὺς
3556 3649 3633 3702 καὶ

414 3756 552 3802 tates
594 3748 901 3812 exercebat,
933 3748 1026 3803 sed
1061 3763 1196 3817 pure
1230 3750 1565 3819 scripsisset,
1605 3749 1710 3814 Qui
1752 3748 1982 3819 procedit

2087 3744 2178 3797 τὸν
2214 3744 2657 3814 συγραψάμενον,
2690 3745 2774 3798 ὅτι
2816 3734 2959 3797 κατᾶ
2986 3746 3077 3799 τὸν
3107 3746 3300 3818 καιρὸν
3326 3745 3417 3799 τοῦ
3445 3741 3632 3815 πρώτου

414 3855 480 3893 ex
515 3838 701 3903 Patre,
730 3838 967 3911 fugiens,
994 3848 1054 3893 ut
1079 3841 1349 3910 quispiam
1381 3840 1617 3909 diceret,
1652 3839 1982 3894 contrariam

2090 3834 2384 3904 σχίσματος
2442 3834 2541 3902 ὢν,
2590 3836 2687 3888 καὶ
2737 3835 2837 3905 τὴν
2883 3836 3198 3905 ἀντιλογίαν
3252 3832 3631 3905 γινώσκωντοῦ

417 3930 809 3999 suspicionem.
841 3932 949 3987 Sed
975 3922 1123 3987 nunc
1146 3947 1214 3987 ex
1244 3932 1362 4003 ipsa
1386 3932 1680 3986 verborum
1708 3939 1985 3987 structura

2086 3925 2378 3994 δόγματος,
2415 3927 2517 3979 οὐκ
2545 3926 2611 3979 ἂν
2660 3926 2806 3980 οὕτω
2840 3929 3107 3981 συνετίθει
3142 3930 3237 3983 καὶ
3271 3928 3543 3982 συνέταττε
3583 3921 3633 3975 τὸ

412 4021 621 4089 liquido
666 4023 957 4083 conﬁrmat
1005 4037 1066 4077 se
1109 4039 1338 4092 prorsus
1383 4037 1635 4080 asserere
1716 4026 1881 4079 etiam
1922 4039 1980 4078 ex

2088 4019 2331 4072 τοιοῦτον
2377 4020 2562 4091 ῥητὸν,
2612 4022 2661 4073 εί
2696 4021 2830 4090 πρὸς
2885 4025 3009 4085 τοὺς
3054 4023 3326 4085 Λατίνους
3366 4020 3458 4074 καὶ
3496 4014 3633 4075 αὐτὸς

414 4113 555 4168 Filio
585 4114 903 4184 procedere.
936 4112 1064 4170 Haec
1094 4116 1472 4179 considerare,
1498 4116 1583 4170 bis
1615 4125 1853 4175 mentem
1886 4131 1982 4185 ap-

2089 4113 2285 4182 ὲπίσης
2334 4116 2447 4175 τοῖς
2504 4113 2713 4176 λοιποῖς
2751 4114 3052 4182 διεφέρετο.
3107 4116 3377 4185 Καθαρῶς
3410 4112 3453 4165 δ’
3490 4107 3632 4163 ὲτίθει

415 4204 622 4276 plicare
680 4205 980 4275 deberent,
1044 4207 1279 4277 indeque
1343 4206 1502 4263 nobis
1552 4207 1679 4262 facti
1732 4208 1983 4277 morigeri

2089 4206 2155 4260 τὸ
2198 4207 2686 4275 ἐκπορευόμενον
2723 4208 2789 4259 ἐκ
2834 4208 3088 4275 Πατρδς,
3124 4209 3358 4275 φεύγων,
3393 4207 3461 4268 ὡς
3491 4205 3551 4256 ἂν
3573 4200 3634 4253 εῖ-

414 4298 827 4370 cnncordesque
857 4300 1053 4371 dogma
1081 4297 1389 4371 suscipere,
1416 4300 1717 4369 sapientem
1746 4304 1889 4355 hunc
1923 4316 1982 4356 ac

2090 4315 2182 4350 ποι
2211 4314 2315 4359 τις,
2350 4298 2452 4367 τὴν
2495 4297 2748 4351 ἐναντίαν
2795 4297 3090 4367 ὑπόληψιν.
3142 4297 3304 4351 Ἀλλὰ
3343 4295 3433 4349 νῦν
3472 4297 3529 4347 ὲκ
3553 4293 3634 4359 τῆς

420 4393 785 4462 perillustrem
815 4393 994 4448 virum
1048 4392 1358 4460 audientes,
1405 4408 1509 4449 nec
1563 4392 1793 4447 alterius
1840 4393 1988 4448 indi-

2092 4390 2370 4461 συνθήκης
2421 4390 2588 4443 αὐτοῦ
2625 4390 2827 4458 ταύτης
2878 4391 3215 4460 παρίστησιν
3261 4387 3492 4458 ἀτεχνῶς
3530 4384 3635 4438 ἄλλο

417 4496 605 4556 gentes
636 4486 701 4540 ad
739 4502 1023 4542 assensum
1051 4486 1427 4556 praebendum.
1455 4487 1525 4539 At
1556 4485 1611 4539 bi
1648 4486 1702 4539 in
1734 4487 1985 4541 omnibus

2095 4483 2262 4553 μηδὲν
2293 4482 2534 4547 πάντως,
2568 4481 2628 4533 τὸ
2658 4482 2702 4534 δ’
2733 4483 2795 4534 ὲκ
2846 4481 2943 4534 τοῦ
2973 4482 3105 4534 Υίοῦ
3150 4482 3329 4549 λέγειν
3371 4476 3633 4547 ἐκπορευό·

418 4580 684 4634 contrarii
721 4579 873 4650 illius
904 4580 1232 4636 sententiam
1275 4579 1664 4635 criminantur.
1695 4577 1986 4632 Nihilomi-

2069 4599 2070 4615 ι
2100 4590 2282 4643 μενον.
2315 4573 2501 4628 Ταῦτα
2542 4574 2933 4645 διανοήσασθαι
2978 4576 3254 4645 προσῆκεν
3300 4572 3504 4633 αύτούς,
3531 4566 3637 4619 τού-

419 4687 542 4735 nns,
581 4683 639 4725 ut
661 4686 728 4724 ex
756 4671 948 4725 nescio
975 4686 1084 4740 quo
1101 4671 1314 4726 similis
1341 4670 1510 4726 sortis
1536 4672 1757 4726 homine
1783 4671 1987 4732 audivi,

2095 4683 2210 4727 τοις
2251 4668 2603 4736 ἀπαιωρῆσαι
2652 4665 2715 4718 τδ
2763 4664 3133 4736 λογιζόμενον,
3191 4664 3473 4722 κάντεῦθεν
3526 4660 3636 4727 ἡμῖν

418 4783 447 4819 a
480 4764 818 4819 conscientia
859 4767 1078 4835 propria
1115 4765 1451 4831 lacerantur,
1491 4765 1586 4835 qui
1617 4766 1797 4833 magni
1837 4765 1986 4820 illius

2097 4759 2352 4825 γενέσθαι
2403 4759 2778 4820 καταπειθεῖς,
2829 4760 2925 4811 καὶ
2969 4758 3297 4829 συμψήφους
3334 4755 3637 4826 χρηματίσαι

419 4858 521 4917 viri
550 4871 779 4927 prorsus
832 4867 1070 4912 mentem
1120 4874 1226 4912 non
1261 4857 1538 4928 ignorant,
1585 4856 1688 4915 sed
1724 4855 1987 4926 improbi-

2093 4850 2172 4921 τῷ
2202 4851 2456 4919 δόγματι,
2486 4848 2581 4902 τοῦ
2615 4847 2780 4918 σοφοῦ
2808 4849 3001 4902 τούτου
3030 4851 3126 4902 καὶ
3170 4844 3498 4918 περιφανοῦς
3523 4843 3638 4907 ἀκη-

421 4960 532 5013 tate
587 4948 821 5019 abrepti,
851 4950 1010 5003 nobis
1047 4949 1429 5004 contradicere
1474 4956 1793 5003 conantur:
1822 4956 1875 5001 et
1923 4963 1989 5001 ne

2098 4944 2284 5005 κοότες
2308 4942 2519 5013 ἀνδρὸς,
2551 4943 2645 4996 καὶ
2698 4941 2773 5012 μὴ
2813 4941 3096 5011 δεηθέντες
3123 4941 3267 5003 τινος
3300 4939 3481 5008 ἐτέρου
3523 4936 3637 5033 arpi;

419 5055 556 5099 vana
605 5056 671 5095 ex
722 5054 811 5095 me
861 5040 1173 5109 contingere
1214 5040 1419 5105 videar,
1465 5039 1611 5109 quod
1658 5040 1727 5094 ab
1771 5054 1880 5093 uno
1922 5053 1987 5093 ev

2099 5033 2519 5100 συγκατάθεσιν.
2583 5026 2743 5085 Οὗτοι
2799 5032 2855 5084 δὲ
2902 5031 3216 5100 τούναντίον
3278 5028 3499 5098 μάλιστα
3547 5026 3637 5073 πᾶν

420 5134 610 5189 iisdem
663 5132 846 5193 audivi
905 5128 1130 5187 minimc
1181 5132 1493 5187 occultabo.
1548 5131 1605 5186 In
1665 5132 1785 5202 ipso
1833 5132 1988 5186 initio

2098 5128 2198 5197 τὴν
2225 5126 2432 5180 ἔννοιαν
2471 5124 2640 5177 αὑτοῦ
2671 5123 3072 5178 διαϐάλλουσιν.
3101 5125 3290 5192 Ὅμως
3320 5119 3377 5183 ἐξ
3398 5113 3467 5170 ὧν
3489 5116 3636 5182 ἔγνων

420 5227 689 5281 examinis
743 5226 917 5283 divini
962 5239 1026 5280 ac
1072 5224 1368 5279 venerandi
1420 5225 1652 5295 hujusce
1716 5225 1988 5293 dogmatis

2097 5219 2499 5286 ἐνωτισάμενος
2524 5216 2728 5269 τούτων
2749 5216 2914 5280 τινὸς,
2943 5219 2992 5269 oi
3026 5215 3269 5277 πλείονες
3296 5213 3387 5265 καὶ
3427 5209 3483 5262 τὸ
3532 5218 3635 5256 συν-

420 5321 801 5385 versabamur,
854 5319 1060 5374 interea
1099 5319 1318 5373 advenit
1361 5318 1503 5383 dies,
1538 5333 1651 5387 quo
1701 5318 1882 5371 oratio
1910 5316 1988 5370 di-

2099 5314 2236 5375 ειδξς
2282 5311 2518 5379 πλῆττον
2563 5309 2760 5372 αὐτοὺς
2813 5308 3051 5380 ἔχουσιν,
3091 5303 3174 5369 οἷς
3220 5307 3281 5360 ού
3319 5304 3524 5369 διέφυγε
3554 5303 3635 5364 μὲν

420 5424 567 5468 etum
594 5412 882 5467 continens
911 5411 1011 5480 legi
1036 5411 1230 5465 suevit.
1266 5409 1476 5465 Etcum
1504 5410 1555 5464 id
1589 5424 1766 5479 neque
1804 5422 1988 5463 omnes

2096 5407 2124 5457 ὀ
2156 5404 2250 5456 τοῦ
2280 5402 2518 5472 μεγάλου
2553 5400 2616 5453 τὸ
2659 5399 2880 5454 σύνολον
2928 5398 3075 5460 νοῦς,
3105 5400 3210 5451 ὑπὸ
3248 5398 3304 5450 δὲ
3350 5396 3442 5464 τῆς
3467 5388 3635 5494 κακίαις

421 5505 611 5563 latere.
659 5518 761 5558 nec
787 5500 1027 5571 eﬂ‘ugere
1066 5512 1252 5571 posset
1300 5500 1447 5556 illius
1499 5500 1685 5563 lectio,
1738 5499 1849 5554 illis
1899 5499 1989 5568 qui

2100 5496 2231 5566 ἡμῖν
2277 5493 2582 5562 ἀντιλέγειν
2613 5491 2934 5562 βιάζονται’
2991 5494 3085 5545 καὶ
3126 5492 3213 5544 ίνα
3265 5488 3338 5560 μὴ
3392 5488 3635 5552 λογισμοῖς

424 5609 660 5651 mentem
714 5595 946 5651 solidius
997 5594 1228 5669 lixcrant
1294 5594 1517 5648 obvium
1563 5591 1729 5648 veluti
1792 5607 1992 5653 munus

2099 5585 2313 5654 δόξαιμι
2355 5584 2613 5639 πλάττειν
2658 5584 2777 5637 κατ’
2823 5585 3080 5653 ἐμαυτὸν,
3119 5577 3472 5653 ὄπερ”αύτῶν
3514 5584 3635 5629 τινος

426 5686 741 5753 imperatori
806 5685 901 5739 Dei
953 5664 1126 5753 gratia
1182 5698 1381 5753 magno
1438 5681 1682 5739 oblatum
1738 5690 1845 5735 est.
1901 5679 1994 5733 Illo

2102 5680 2384 5748 ἐπυθόμην
2415 5680 2515 5731 οὐκ
2544 5677 2952 5747 ἀποκρύψομαι.
2984 5676 3117 5746 Περὶ
3145 5675 3241 5745 τὴν
3268 5672 3434 5743 ἀρχὴν
3462 5668 3531 5721 ἔτι
3552 5664 3632 5729 τῆς

426 5777 618 5829 eodem
681 5777 771 5831 die
839 5791 965 5830 cum
1023 5776 1295 5829 monacho
1364 5776 1602 5845 quodam
1675 5790 1741 5828 ex
1805 5789 1994 5827 eorum

2103 5772 2400 5839 ἐξετάσεως
2448 5770 2542 5823 τοῦ
2590 5770 2738 5823 θεῖου
2772 5772 2870 5822 καὶ
2928 5767 3125 5823 σεπτοῦ
3174 5767 3361 5820 τούτου
3401 5762 3631 5845 δόγματρς

430 5868 644 5934 haeresi,
674 5867 874 5923 factum
910 5877 1013 5933 est,
1049 5878 1108 5922 ut
1139 5885 1164 5921 a
1202 5871 1311 5924 Deo
1355 5871 1657 5923 instructus
1699 5866 1998 5931 imperator

2104 5862 2245 5934 ἧμιν
2271 5865 2452 5933 ἡμεῖς,
2482 5865 2538 5917 ὲν
2570 5862 2809 5935 τοσούτῳ
2835 5863 2877 5917 δ’
2913 5863 3142 5933 ἔφθασεν
3170 5863 3201 5931 ἡ
3246 5859 3417 5929 ἡμέρα
3444 5851 3549 5915 καθ’
3573 5843 3628 5917 ἢν
