3970 6404
378 349 510 415 1237
1226 346 1325 406 DE
1370 342 1894 405 PROCESSIONE
1934 342 1997 402 S.
2045 336 2411 397 SPIRITUS
2441 334 2675 435 ’ORAT.
2723 335 2810 397 II.
3512 333 3652 399 12738

375 465 402 515 ὁ
430 463 585 530 λόγος
616 463 645 513 ὁ
694 463 754 517 τδ
807 463 969 533 ῥητὸν
1022 462 1162 534 ἔχων
1208 460 1671 530 ἀναγινώσκεται.
1714 458 1965 530 Κάπειδὴ

2075 463 2261 510 noster
2333 468 2646 508 sermonem
2714 453 2986 518 haberet,
3042 453 3401 521 praesentibus
3461 452 3655 508 multis

378 551 530 604 τοῦτο
563 551 838 605 διαλαθεῖν
866 553 989 615 τοὺς
1023 553 1232 616 πάντας
1251 554 1363 617 ,οὐκ
1400 546 1490 622 ἦν,
1528 550 1649 604 οὐδὲ
1674 551 1955 622 διαδρᾶναι

373 643 495 698 κατ’
532 643 700 715 αὐτὴν
731 645 826 713 τὴν
860 646 1189 712 ἀνάγνωσιν,
1218 647 1329 708 τοῖς
1362 645 1471 698 τῶν
1511 645 1687 699 ἄλλων
1729 646 1957 698 ἐπιστα-

372 736 690 804 τικωτέροις
742 735 839 806 τὴν
891 736 1130 789 διάνοιαν
1183 737 1426 808 εὑρεθὲν,
1472 737 1547 800 ὠς
1581 737 1752 808 δῶρόν
1780 756 1832 791 τι
1878 738 1957 809 τῷ

373 828 797 898 θεορ.εγα>ύντῳ
831 829 1045 900 βασιλεῖ
1073 833 1531 900 προσενήνεκται.
1572 832 1728 886 Κατὰ
1753 832 1957 900 ταύτην

373 920 427 973 δὲ
463 922 559 990 τὴν
587 922 800 991 ἡμέραν
835 921 929 975 καὶ
959 923 1096 993 πρός
1118 940 1237 976 τινα
1264 925 1497 994 μοναχὸν
1515 923 1615 993 τῆς
1642 926 1956 995 συμμορίας

374 1013 554 1063 αὐτῶν
595 1012 753 1083 ἔτυχε
807 1014 1136 1084 ποιήσασθαι
1194 1013 1349 1083 λόγον
1381 1016 1475 1068 τὶν
1507 1013 1764 1086 θεόσοφον
1799 1016 1957 1086 ήμῶν

374 1105 751 1175 αὐτοκράτορα
808 1109 905 1160 σὺν
943 1105 1154 1177 ἑτέροις
1185 1106 1381 1160 οὐκοῦν
1418 1107 1689 1172 πλείστοις
1734 1108 1955 1178 κομιδῆ,

377 1198 467 1247 καὶ
501 1198 557 1249 τὸ
583 1198 824 1252 τοιοῦτον
848 1199 1010 1269 ῥητὸν
1053 1200 1298 1262 εἰπόντος
1325 1199 1419 1253 τοῦ
1456 1199 1742 1271 θεόφρονος
1784 1201 1957 1254 Αὐσοοο

376 1290 593 1358 νάρχου,
630 1292 722 1341 καὶ
758 1291 891 1359 ὁμοῦ
928 1291 1441 1357 δείξαντος,ὲκεῖνος
1491 1293 1658 1363 μηδὲν
1714 1291 1958 1363 μελήσας

380 1381 733 1450 μηδοπωτοῦν
787 1383 1120 1452 ὲξεκάλυψεν
1170 1384 1335 1438 αὐτοῦ
1382 1386 1443 1437 τὸ
1494 1386 1827 1458 ἀπόρρητον,
1866 1386 1961 1439 καὶ

373 1473 439 1523 δι’
488 1473 652 1542 ὅρκου
706 1477 1235 1546 προπιστωσάμενος
1279 1477 1371 1531 τὸν
1416 1477 1574 1544 λόγον
1625 1479 1813 1543 αὑτοῦ,
1864 1480 1961 1533 Μὰ

381 1566 494 1631 τὴν
536 1569 839 1635 σωτηρίαν
862 1586 1005 1636 μου,
1039 1569 1161 1622 κατ’
1206 1569 1326 1633 ἔθος
1359 1571 1467 1623 τῶν
1515 1572 1768 1643 μοναχῶν
1805 1572 1961 1642 εἴρη-

381 1675 495 1723 κεν,
530 1660 610 1724 ὡς
646 1660 751 1712 τὸν
776 1661 925 1724 ,βίίν
953 1661 1057 1715 τοῦ
1080 1662 1351 1731 μάκαρος
1390 1665 1712 1722 Διονυσίου
1742 1665 1963 1733 καινῶς

380 1749 492 1815 τὴν
516 1750 783 1819 σήμερον
818 1752 910 1804 ἐπ’
934 1753 1269 1821 ἐκκλησίας
1303 1757 1815 1827 ἀνεγινώσκομεν,
1854 1760 1961 1812 τὸν

2063 545 2207 609 aliis,
2248 543 2411 613 idque
2444 545 2652 599 dictum
2686 543 2952 599 recitante
2983 544 3166 615 divina
3198 553 3377 599 mente
3418 544 3650 615 praedito

2069 636 2422 704 imperatore,
2460 644 2513 691 et
2545 636 2710 690 simul
2751 636 3100 702 ostendente,
3140 636 3230 690 ille
3280 637 3423 691 nulla
3470 638 3649 706 posita

2067 740 2218 779 mora
2254 726 2471 780 occulta
2519 727 2720 782 mentis
2764 727 3044 793 revelavit,
3086 727 3533 797 etjurejurando
3570 727 3654 782 di-

2068 831 2158 875 cta
2212 818 2560 875 conﬁrmavit
2597 838 2610 874 :
2647 819 2753 874 Per
2801 836 2971 874 meum
3043 820 3307 884 salutem,
3355 823 3436 876 sic
3501 837 3652 875 more

2067 911 2468 965 monachorum
2512 912 2751 974 locutus,
2786 912 2913 965 dum
2944 914 3126 967 statim
3158 913 3317 966 vitam
3350 913 3489 966 beati
3521 912 3647 965 Dio-

2067 1005 2206 1075 nysii
2253 1004 2460 1072 publice
2501 1005 2654 1058 hodie
2692 1006 2747 1058 in
2782 1005 3002 1058 ecclesia
3054 1006 3355 1073 legebamus
3378 1045 3392 1069 ,
3426 1017 3649 1060 mentem

2067 1092 2231 1161 ﬁgens
2294 1091 2470 1145 nescio
2527 1107 2629 1159 quo
2685 1092 2842 1144 modo
2906 1094 2956 1142 in
3017 1094 3348 1162 assignatum
3405 1093 3651 1156 dictant,

2067 1185 2313 1238 volumen
2369 1186 2451 1237 ira
2497 1186 2757 1238 exardens
2797 1182 2907 1253 igni
2956 1183 3166 1237 tradere
3216 1182 3547 1249 studueram,
3602 1192 3651 1235 et

2068 1277 2205 1345 forte
2262 1287 2319 1330 ut
2378 1278 2461 1331 ira
2516 1275 2993 1340 subministrabat,
3046 1292 3155 1330 rem
3214 1276 3549 1345 peregissent,
3604 1286 3653 1330 et

2069 1368 2239 1422 animi
2290 1367 2519 1421 consilia
2569 1366 2727 1435 ﬁnem
2763 1365 3086 1429 habuissent,
3145 1364 3253 1418 nisi
3305 1364 3516 1429 plenum
3555 1379 3649 1416 no-

2068 1471 2244 1515 strum
2283 1462 2461 1515 orbem
2501 1469 2647 1512 terra
2681 1459 2920 1528 marique
2948 1455 3204 1512 similium
3246 1455 3507 1513 librorum
3547 1470 3656 1509 esse

2070 1543 2367 1606 scivissem.
2432 1550 2644 1604 Similia
2712 1550 2962 1603 narranti
3028 1565 3151 1619 qua:
3209 1549 3289 1603 rei
3345 1546 3653 1619 ignorantia

2070 1643 2439 1698 attribuetur?
2470 1641 2644 1709 Quam
2705 1656 2901 1696 rursus
2956 1640 3328 1710 improbitatis
3378 1652 3652 1694 summam

2073 1752 2184 1791 non
2234 1736 2573 1792 excesserit?
2628 1733 2901 1803 Conspexi
2956 1735 3074 1802 ipse
3119 1746 3338 1802 quoque
3386 1730 3646 1784 volumen

378 1841 532 1894 γοῦν
583 1843 948 1911 ἐπιστήσας,
988 1844 1117 1911 πῶς
1165 1848 1277 1899 οὐκ
1329 1844 1464 1902 οἶδα
1519 1850 1615 1903 καὶ
1667 1851 1852 1917 ίιὺτῶς
1887 1850 1966 1919 τῷ

2075 1831 2208 1885 satis
2243 1829 2527 1898 antiquum
2576 1836 2740 1897 atque
2789 1837 3085 1891 vetustum,
3134 1825 3323 1879 multis
3359 1822 3653 1891 capitibus,

377 1933 704 1999 6n.1w6érn
744 1935 932 2003 ῥητῷ,
972 1937 1037 1992 τὸ
1086 1938 1354 2003 βιϐλίον,
1398 1940 1502 1994 τοῦ
1534 1942 1726 2010 θυμοῦ
1757 1941 1968 2003 (errar-

376 2042 501 2088 τος,
531 2025 672 2093 πυρὶ
708 2022 1084 2093 παραδοῦναι
1121 2029 1559 2101 βεϐούλευμαι,
1591 2034 1689 2087 καὶ
1732 2033 1861 2103 τάχ’
1892 2033 1971 2090 ἂν

377 2119 456 2181 ὠς
478 2118 894 2185 ὑπηγόρευενό
917 2121 1103 2189 θυμὸς
1116 2121 1551 2193 διεπραξάμην,
1571 2125 1669 2179 καὶ
1691 2129 1779 2192 εἰς
1793 2130 1972 2199 ἔργον

381 2209 803 2276 τέλειονέξέϐη
822 2211 893 2262 τὰ
909 2210 1009 2278 τῆς
1029 2213 1293 2282 βουλῆς,
1309 2216 1458 2284 εἰμὴ
1480 2215 1684 2284 πλήρη
1704 2219 1823 2272 τῶν
1839 2205 1967 2276 κατ’

379 2304 523 2354 αἰτὸ
552 2303 787 2365 ,βίϐλων
809 2304 1009 2356 τελεῖν
1030 2306 1383 2376 ἠπιστάμην
1405 2308 1522 2376 τὴν
1542 2311 1672 2364 καθ’
1699 2312 1855 2381 ἡμᾶς
1888 2316 1972 2366 ol-

381 2392 848 2461 κουμένηνπρὸς
879 2394 995 2463 γῆν
1018 2397 1115 2449 καὶ
1151 2399 1303 2464 πρὸς
1328 2399 1651 2457 θάλατταν.
1684 2404 1866 2460 Ταῦτα
1891 2404 1969 2475 τῷ

384 2486 619 2553 φήσαντι
655 2485 815 2537 ποίαν
841 2485 1065 2553 ἄγνοιαν
1096 2488 1499 2559 ἐπιμαρτυρεῖ;
1532 2494 1697 2556 Ποίας
1723 2493 1778 2547 δὲ
1807 2496 1969 2552 πάλιν

387 2575 689 2647 ὑπερϐολὴν
720 2577 917 2639 κακίας
950 2577 1247 2631 ἀπέλειπεν
1272 2596 1286 2644 ;
1333 2577 1488 2633 Εἶδον
1521 2582 1631 2649 ἐγὼ
1662 2586 1757 2637 καὶ
1788 2586 1970 2655 βίὸλον

383 2666 504 2717 τινὰ
547 2666 657 2718 τῶν
700 2666 942 2736 ἀρχαίων
992 2667 1086 2720 καὶ
1120 2668 1366 2722 παλαιῶν
1417 2671 1767 2743 πολλαχόθεν,
1804 2674 1876 2738 ὡς
1910 2677 1970 2728 τὸ

383 2758 548 2824 εἰκὸς,
589 2760 927 2813 πλουτοῦσαν
965 2762 1026 2815 τδ
1054 2760 1385 2831 ἀξιόπιστον,
1414 2766 1536 2837 ἧτις
1568 2768 1624 2818 ἐν
1668 2768 1764 2835 μὲν
1795 2768 1971 2823 ᾶπαν-

385 2865 437 2901 τι
465 2851 663 2921 τουτῳὶ
717 2850 796 2920 τῷ
846 2850 1012 2922 λόγῳ,
1061 2853 1246 2916 καθὼς
1290 2854 1424 2924 δῆτα
1457 2859 1560 2909 κάν
1592 2860 1713 2921 ,τοῖς
1742 2858 1966 2923 λοιποῖς,

383 2941 504 2995 οὐδὲ
536 2941 766 3012 κεραίαν
821 2944 1008 3012 σχεδὸν
1039 2943 1360 3015 ἐξεσμένην,
1395 2948 1468 3018 μή
1503 2948 1583 3001 τοί
1609 2966 1671 3017 γε
1705 2954 1968 3019 στοιχεῖον

384 3027 451 3101 ἦν
484 3031 701 3102 ἔχουσα.
757 3036 897 3086 κατὰ
948 3035 1108 3103 μόνον
1148 3035 1202 3087 δὲ
1231 3037 1291 3089 τὸ
1346 3038 1607 3102 πολλάκις
1656 3042 1783 3111 παρ’
1811 3041 1968 3113 ἡμῶν

386 3122 617 3174 ἐνταῦθα
664 3122 958 3192 διαληφθὲν
1018 3126 1340 3197 ἀδιάόλητον
1376 3131 1508 3181 πᾶσι.
1558 3131 1720 3199 ῥητὸν
1746 3132 1970 3201 ἐξεσμέ-

387 3230 476 3265 νον
512 3214 672 3283 ἔφερέ
703 3233 753 3268 τι
780 3216 981 3287 χωρίον
1017 3218 1218 3287 μεταξὺ
1246 3220 1338 3273 τοῦ
1367 3222 1851 3292 ἐκπορευόμενον
1876 3227 1969 3277 καὶ

384 3307 487 3376 τῆς
523 3308 712 3362 αὐτοῦ
748 3307 967 3375 λέξεως,
1023 3311 1079 3362 ὲν
1112 3302 1264 3381 ᾧπερ
1306 3312 1615 3381 ἐγέγραπτο
1653 3315 1727 3367 δι’
1752 3331 1765 3343 ·
1811 3314 1971 3370 τοῦτο

385 3398 442 3451 δέ
476 3401 694 3461 πάντως
748 3401 1029 3469 πρόθεσις.
1080 3402 1189 3460 Καὶ
1232 3404 1339 3475 γὰρ
1372 3405 1471 3476 τὴν
1516 3406 1832 3461 τελευταίαν
1875 3407 1969 3462 τοῦ

383 3491 869 3560 ἐκπορευόμενον
888 3495 1182 3568 συὶ-λαῦὴν,
1206 3496 1446 3565 δηλονότι
1472 3497 1532 3550 τὸ
1552 3516 1683 3563 νον,
1704 3501 1969 3571 πρότερον

386 3584 647 3654 κειμένην
701 3585 868 3641 αὑτοῦ
901 3586 1063 3653 ξέσας
1108 3604 1193 3650 τις
1228 3586 1475 3657 ὕστερον,
1530 3591 1745 3643 καὶτοῦ
1786 3593 1970 3663 στίχου

387 3676 497 3737 θεὶς
526 3678 753 3740 ἀνωθεν,
775 3677 849 3741 ὡς
876 3682 971 3732 καὶ
1001 3681 1276 3750 μακρόθεν
1300 3684 1326 3734 ὁ
1346 3682 1635 3755 χαρακτὴρ
1658 3684 1767 3737 τῶν
1792 3700 1971 3757 γραμ-

391 3769 575 3838 μάτων
626 3770 949 3839 ὑπέφαινεν,
1001 3771 1160 3836 άλλος
1205 3771 1282 3825 ὢν
1316 3773 1464 3844 παρὰ
1498 3774 1588 3827 τὸν
1622 3776 1850 3846 ἀρχαῖον
1879 3777 1972 3831 καὶ

388 3862 637 3924 παλαιὸν,
687 3862 781 3915 καί
810 3879 863 3914 τι
912 3863 1162 3933 φανερῶς
1207 3864 1304 3917 καὶ
1331 3864 1571 3930 ἀπόζων
1615 3868 1886 3937 νεότητος,
1911 3870 1973 3923 τὸ

386 3950 573 4021 λεχθὲν
620 3950 792 4016 οὕτως
842 3952 1051 4024 ἔγραψε
1101 3953 1177 4009 δι’
1212 3955 1461 4024 θρασέως
1510 3957 1606 4011 καὶ
1657 3960 1969 4031 τολμηρῶς,

387 4042 507 4097 εἶτα
538 4045 633 4098 καὶ
660 4044 1006 4114 ἀπόστροφον
1038 4046 1119 4110 εἰς
1149 4045 1209 4099 τὸ
1236 4046 1426 4100 αὑτοῦ
1456 4048 1803 4120 διεχάραξεν,
1830 4049 1971 4108 ὥστε

389 4137 466 4203 μὴ
519 4136 661 4188 κατά
700 4138 797 4205 τὴν
838 4138 1148 4207 ἔμπροσθεν
1194 4140 1343 4191 θέσιν
1386 4141 1447 4191 τὸ
1490 4142 1974 4213 ἐκπορευόμενον

384 4228 612 4295 αὐτοῦ,
665 4230 725 4282 τὸ
787 4229 842 4282 δὲ
896 4230 1381 4300 ἐκπορευόμενον
1430 4232 1507 4288 δι’
1563 4236 1753 4291 αὐτοῦ
1813 4237 1974 4292 τοῦτο

387 4320 883 4386 ἀναγινώσκεσθαι.
934 4322 1044 4393 Τὴν
1089 4323 1346 4394 τοιαύτην
1397 4329 1849 4401 μεταφραστικὴν
1884 4329 1970 4400 βία

385 4410 512 4463 ὅλον
563 4416 660 4463 σὺν
714 4412 841 4479 ἐμοὶ
895 4413 991 4465 καὶ
1034 4412 1143 4464 τῶν
1199 4413 1470 4483 ἐκκρίτων
1524 4417 1823 4471 ἐθεάσαντο
1872 4420 1971 4487 τῆς

2074 1921 2151 1975 nti
2195 1937 2291 1990 par
2327 1929 2471 1985 erat,
2510 1920 2668 1974 [idem
2720 1919 2823 1974 sibi
2870 1918 3196 1981 concilians,
3231 1918 3379 1985 quod
3428 1917 3482 1970 in
3534 1916 3654 1969 uui-

2074 2028 2232 2067 versa
2296 2012 2399 2066 hac
2456 2013 2725 2075 oratione,
2779 2011 2858 2064 uti
2914 2010 2967 2063 in
3018 2009 3250 2080 reliquis
3302 2008 3430 2063 aliis
3480 2023 3656 2077 neque

2073 2109 2354 2163 minimam
2391 2107 2668 2171 lioeolam,
2703 2114 2913 2160 tantum
2946 2107 3097 2159 abest
3131 2117 3190 2157 ut
3236 2104 3470 2158 litteram
3497 2144 3512 2163 .
3550 2103 3654 2158 lia-

2082 2202 2236 2254 beret
2268 2215 2507 2263 erasam,
2547 2200 2641 2253 sed
2677 2199 2732 2253 in
2772 2199 2875 2252 hoc
2909 2216 2935 2252 s
2987 2197 3110 2266 pius
3141 2211 3169 2250 a
3201 2196 3365 2249 nobis
3409 2195 3653 2259 laudato,

2075 2290 2339 2357 nulloque
2387 2289 2606 2343 crimini
2646 2289 2889 2342 obnoxio
2927 2286 3078 2341 dicto
3125 2300 3348 2340 erasum
3383 2284 3656 2340 referebat

2072 2383 2308 2447 spatium
2342 2382 2484 2436 inter
2514 2382 2768 2450 procedit,
2796 2389 2851 2435 et
2879 2396 2943 2437 ea:
2973 2381 3087 2449 ipso
3123 2378 3415 2443 dictiones,
3454 2377 3510 2432 in
3547 2392 3656 2447 quo

2078 2477 2342 2545 scriptum
2367 2473 2598 2538 erat,6t’,
2625 2489 2747 2544 qum
2778 2473 3001 2527 omnino
3015 2472 3330 2542 praepositio
3352 2466 3472 2538 est:
3501 2487 3657 2525 nam-

2072 2581 2178 2636 que
2195 2578 2523 2636 postremam
2550 2565 2812 2621 dictionis
2831 2564 3380 2636 ὲκπορευὸμενον,ᾳαί
3393 2564 3654 2634 procedit,

2075 2658 2365 2730 syllabam,
2399 2675 2489 2711 vov
2520 2673 2740 2727 nempe,
2773 2656 2929 2726 prius
2961 2657 3157 2710 ibidem
3193 2655 3500 2725 appositam
3532 2670 3655 2710 era-

2072 2752 2207 2806 dens
2238 2752 2510 2820 quispiam
2543 2759 2825 2820 postea,et
2849 2764 3016 2820 supra
3044 2749 3245 2803 lineam
3272 2742 3555 2818 apponens
3596 2757 3655 2800 ut

2074 2842 2238 2911 longe
2288 2845 2454 2897 etiam
2513 2839 2828 2909 inspicienti
2869 2849 3010 2893 nota:
3047 2839 3354 2893 litterarum
3403 2839 3655 2908 designa-

2072 2936 2227 2999 bant,
2265 2951 2389 2990 eum
2436 2942 2625 2989 essent
2676 2931 2748 2989 ab
2780 2931 3027 3000 antiquis
3066 2931 3173 2985 illis
3216 2940 3384 3000 atque
3425 2930 3657 2984 vetustis

2073 3030 2327 3094 diversae,
2365 3036 2414 3081 et
2467 3026 2828 3081 recentiorem
2881 3040 3101 3077 manum
3137 3024 3314 3093 palam
3371 3020 3652 3093 praescier-

2076 3129 2220 3185 rent,
2274 3120 2481 3174 dictum
2524 3120 2598 3171 ita
2652 3119 2898 3171 exaravit
2938 3116 3027 3182 δι’,
3078 3118 3341 3173 audacter
3382 3116 3549 3171 nimis
3592 3131 3655 3170 ae

1996 3183 2040 3239 Ο
2080 3213 2392 3270 temerarie.
2426 3221 2536 3265 tuin
2571 3211 2921 3280 postmodum
2956 3210 3352 3277 apostrophum
3389 3211 3651 3279 superad-

2072 3306 2211 3360 didit
2261 3306 2335 3359 illi
2391 3303 2553 3357 αὐτοῦ
2597 3318 2661 3356 ea:
2716 3304 3038 3370 ipso:adeo
3090 3308 3147 3355 ut
3193 3316 3305 3375 non
3353 3302 3651 3363 secundum

2073 3399 2313 3469 positum
2346 3397 2527 3467 ptimo
2556 3394 2988 3465 ἐκπορευόμενον
3013 3392 3199 3459 αὑτοῦ,
3235 3394 3328 3449 sed
3359 3394 3658 3465 ἐκπορευό-

2077 3508 2239 3562 μενον
2280 3489 2347 3544 δι’
2378 3487 2545 3543 αὐτοῦ
2597 3489 2722 3544 inde
2777 3489 3072 3558 legeretur.
3123 3486 3237 3542 Hoc
3269 3486 3657 3559 Metapbrasta:

2075 3585 2328 3638 volumen
2361 3598 2466 3637 una
2497 3596 2709 3636 mecum
2732 3597 2799 3636 ex
2828 3582 3207 3636 ecclesiastico
3232 3592 3375 3636 coetu
3406 3581 3656 3636 homines

2076 3674 2322 3744 primat-ii
2369 3674 2527 3728 multi
2571 3684 3001 3744 conspexerunt,
3039 3670 3166 3727 ante
3201 3688 3332 3727 vero
3382 3688 3574 3729 omnes
3602 3683 3657 3733 et

2080 3780 2207 3821 cum
2245 3765 2502 3820 omnibus
2552 3778 2747 3819 norma
2794 3774 2848 3819 et
2893 3764 3081 3835 regula
3133 3764 3452 3836 dogmatum
3493 3781 3659 3822 vene,

2076 3859 2285 3913 randus
2343 3867 2530 3912 noster
2583 3857 2897 3927 patriarcha
2957 3856 3194 3911 intuitus
3246 3865 3349 3912 est.
3408 3857 3489 3911 Ex
3543 3873 3656 3926 quo

2077 3965 2308 4019 prorsus
2342 3951 2649 4007 ostenditur
2699 3960 2753 4006 et
2785 3940 3179 4020 quoquomodo
3225 3949 3652 4014 attendentibus.

2075 4049 2131 4096 et
2165 4049 2359 4097 contra
2412 4056 2516 4098 nos
2562 4040 2906 4111 improbitati
2962 4040 3191 4095 minime
3239 4040 3463 4103 deditis,
3499 4039 3654 4105 illud,

2075 4150 2145 4189 ex
2200 4132 2345 4188 Filio
2398 4149 2618 4203 quoque
2674 4131 2947 4202 Spiritum
2998 4133 3315 4203 procedere,
3371 4144 3497 4188 ante
3556 4150 3656 4186 nos

2076 4228 2245 4284 etiam
2309 4228 2609 4284 nonnullos
2656 4243 2768 4282 non
2824 4241 3132 4282 recusasse.
3170 4226 3408 4295 Ideoque
3443 4225 3536 4295 qui
3588 4239 3655 4279 ex

2079 4322 2385 4379 schismate
2415 4329 2597 4383 erant,
2632 4334 2741 4376 non
2782 4320 2968 4376 minus
3015 4319 3103 4374 his
3129 4318 3223 4386 qui
3261 4332 3411 4373 nunc
3444 4319 3657 4382 vivunt,

2080 4428 2178 4483 pro
2227 4412 2488 4467 facultate
2528 4425 2630 4465 sua
2671 4411 2914 4480 quisque
2954 4410 3251 4464 immutare
3285 4418 3339 4463 et
3384 4409 3656 4466 invertere

400 4501 731 4572 Ἐκκλησίας
783 4504 991 4567 πολλοὶ,
1030 4506 1135 4558 ποδ
1179 4507 1400 4561 πάντων
1438 4508 1496 4560 δὲ
1523 4508 1618 4561 καὶ
1659 4510 1799 4577 μετὰ
1828 4511 1966 4563 πάν-

2080 4505 2262 4560 conati
2300 4512 2455 4558 sunt.
2512 4502 2605 4557 Sic
2639 4501 2820 4573 palam
2869 4501 2975 4556 hoc
3010 4498 3360 4556 conﬁrmavit
3391 4499 3656 4553 adversus

385 4612 492 4648 των
528 4598 555 4648 ὁ
584 4596 761 4649 κανὼν
806 4597 914 4649 τῶν
962 4599 1273 4670 δογμάτων,
1320 4602 1348 4653 ὀ
1384 4601 1579 4664 σεπτὸς
1625 4593 1785 4665 οὗτος
1809 4602 1967 4672 ἡμῶν

390 4686 734 4759 πατριάρχης
772 4689 1038 4758 ἑώρακεν,
1081 4691 1171 4756 Ἐξ
1201 4686 1269 4763 ἦς
1317 4692 1537 4756 πάντως
1566 4693 1844 4748 δείκνυται
1871 4697 1966 4749 καὶ

384 4780 496 4839 τοῖς
539 4779 788 4833 ὁπωσοῦν
847 4780 1223 4847 ὲπιὸάλλουσι,
1273 4784 1370 4836 καὶ
1414 4785 1490 4855 μὴ
1539 4787 1965 4859 συνεσχημένοις

386 4869 519 4938 ὁμοῦ
552 4874 721 4940 κακίᾳ
750 4874 814 4942 τῇ
860 4870 984 4925 καθ’
1016 4872 1194 4941 ἡμῶν,
1224 4875 1307 4927 ὅτι
1333 4875 1394 4927 τὸ
1438 4877 1874 4949 ἐκπορευόμενον
1901 4880 1966 4933 ὲκ

2078 4613 2203 4652 sese
2239 4606 2578 4667 opponentes
2609 4595 2809 4658 oratio,
2848 4592 3218 4663 processionis
3252 4590 3492 4645 dictione
3521 4606 3659 4645 non-

2079 4691 2259 4746 nullos
2314 4701 2539 4745 sanctos
2587 4704 2719 4743 usos
2772 4686 2965 4752 fuisse,
3024 4702 3151 4742 cum
3214 4684 3480 4755 Spiritum
3528 4700 3659 4740 san-

2076 4793 2225 4840 ctum
2261 4784 2425 4838 etiam
2475 4798 2540 4836 ex
2572 4779 2710 4836 Filio
2752 4779 3128 4836 exsistentiam
3174 4780 3377 4834 habere
3407 4779 3657 4834 decreve-

2075 4885 2225 4930 runt.

388 4960 477 5012 τοῦ
518 4960 647 5014 Υἱοῦ
700 4962 925 5030 Πνεῦμα
975 4963 1071 5015 καὶ
1118 4961 1229 5014 τῶν
1277 4966 1383 5033 πρὸ
1422 4966 1581 5035 ἡμῶν
1622 4969 1753 5025 ἔνιοι
1781 4970 1962 5039 λέγειν
1999 4968 2058 5023 τδ
2112 4967 2278 5040 ῥητὸν
2327 4967 2640 5037 νενοήκασι.
2719 4962 2820 5016 Διά
2901 4961 3059 5018 τοῦτο
3098 4962 3208 5038 γὰρ
3271 4965 3513 5019 κάκεῖνοι
3567 4963 3663 5017 τοῦ

389 5054 685 5123 εχίσματος
717 5046 868 5117 ὄντες
888 5053 1041 5107 οὐδὲν
1079 5047 1241 5127 ἦττον
1269 5056 1379 5110 τῶν
1403 5057 1520 5122 νῦν,
1582 5060 1657 5123 ὡς
1692 5056 1859 5131 εἶχον,
1899 5063 2033 5115 αὐτὸ
2076 5059 2466 5130 μεταποιῆσαι,
2521 5058 2616 5111 καὶ
2669 5057 2994 5129 μεταϐαλεῖν
3049 5058 3443 5128 ἐπειράθησαν.
3497 5055 3693 5110 Obteri"

387 5147 598 5216 τρανῶς
628 5148 972 5216 παρέστησεν
997 5149 1026 5201 ὁ
1054 5144 1210 5215 λόγος
1240 5151 1351 5212 τοῖς
1412 5138 1782 5206 ἀντιϐαίνουσι
1806 5154 1868 5205 τὸ
1921 5154 2118 5223 παρὸν,
2191 5151 2267 5215 ὡς
2297 5153 2391 5203 καὶ
2438 5152 2507 5222 τῇ
2558 5149 2948 5223 ἐκπορεύεται
2995 5150 3137 5216 λέξει
3178 5151 3318 5212 τινὲς
3349 5149 3459 5203 τῶν
3492 5151 3664 5219 ἁγίων

390 5240 719 5309 ἐχρήσαντο,
750 5241 812 5293 τὸ
837 5242 1062 5313 Πνεῦμα
1089 5243 1150 5295 τὸ
1184 5243 1341 5312 ἆγιον
1366 5247 1461 5299 καὶ
1495 5247 1558 5298 ἐκ
1587 5245 1681 5299 τοῦ
1715 5245 1850 5300 Υίοῦ
1878 5245 1978 5318 τὴν
2018 5245 2253 5315 ὕπαρξιν
2282 5243 2427 5314 ἔχειν
2468 5243 2915 5314 θεολογήσαντες.

457 5331 548 5387 λδ’.
601 5333 741 5387 Ἀλλ’
786 5335 977 5403 ἐπειδὴ
1030 5337 1127 5394 καὶ
1178 5337 1239 5389 τὺ
1289 5336 1623 5408 ζητούμενον
1676 5338 1974 5409 εὑρηκότες

388 5425 550 5493 ἡμεῖς
597 5426 695 5496 τὴν
742 5426 976 5498 ἀπορίαν
1027 5429 1207 5492 αὐτοῖς
1254 5433 1335 5493 εἰς
1389 5428 1542 5491 τέλος
1580 5430 1968 5499 διελυσάμεθα,

389 5518 523 5585 φέρε
555 5518 740 5571 λοιπὸν
771 5519 1050 5573 κάνταῦθα.
1087 5522 1411 5591 προθέμενοι
1461 5523 1667 5596 βραχέα
1701 5523 1828 5594 περὶ
1871 5523 1971 5593 τῆς

389 5609 588 5673 λέξεως
641 5611 846 5681 ταύτης
894 5614 1092 5679 εἰπεῖν,
1133 5614 1357 5686 ἴδωμεν,
1414 5617 1461 5668 εἰ
1516 5617 1683 5682 δοκεῖ,
1733 5615 1971 5686 πρῶτον,

393 5702 571 5767 πῶςό
616 5704 1034 5777 Χρυσορρήμων
1082 5707 1250 5778 αὐτὴν
1302 5708 1554 5775 Ἰωάννης
1604 5708 1970 5778 ἡρμήνευσενο

397 5796 549 5865 Ὅτι,
613 5800 798 5869 φησὶν,
864 5796 1009 5867 οἶδε,
1053 5801 1152 5872 τὴν
1192 5801 1554 5875 εὖαγγελικὴν
1606 5801 1976 5873 ἐξηγούμενος

2158 5338 2248 5393 54.
2293 5335 2401 5391 Sed
2430 5337 2650 5406 quando
2678 5338 2979 5408 quaestione
3001 5346 3279 5406 comperta
3308 5352 3412 5394 nos
3441 5337 3662 5394 dubita-

2083 5431 2287 5487 tionem
2331 5430 2553 5486 illorum
2591 5431 2965 5498 dissolvimus,
2998 5445 3098 5501 age
3150 5446 3299 5487 nunc
3333 5431 3498 5485 etiam
3549 5433 3660 5498 hic,

2082 5542 2209 5580 cum
2269 5525 2487 5580 animus
2547 5525 2619 5580 sit
2677 5540 2852 5594 pauca
2901 5524 2969 5578 de
3008 5524 3252 5579 dictione
3304 5524 3408 5580 hac
3453 5525 3658 5590 dicere,

2087 5618 2398 5680 videamus,
2431 5618 2477 5671 si
2514 5618 2716 5686 placet,
2750 5618 2987 5686 primum
3021 5616 3299 5684 quomodo
3331 5630 3451 5671 eam
3493 5632 3658 5672 aurea

2080 5712 2265 5781 lingua
2304 5708 2545 5765 Joannes
2586 5710 2979 5780 interpretatus
3023 5718 3109 5765 est
3139 5727 3156 5765 ι
3184 5707 3339 5775 Quod
3380 5710 3543 5769 novit,
3588 5711 3664 5765 ait

2084 5800 2463 5871 evangelicam
2498 5815 2685 5857 vocem
2718 5815 3024 5874 exponens,
3056 5810 3106 5856 et
3130 5801 3395 5873 profunda
3434 5800 3565 5867 Dei;
3607 5810 3663 5857 et
