3970 6404
285 432 417 494 1245

1131 438 1227 497 DE
1271 434 1782 497 PROCESSIONE
1825 437 1884 495 S.
1929 435 2292 497 SPlRlTUS
2332 436 2557 497 OllAT.
2598 433 2683 494 ΙΙ.

3386 427 3522 488 1246

284 547 424 610 Γέως
465 545 542 609 ὡς
588 545 655 599 ἂν
708 547 1213 618 ὲπεξεργασάμενοι
1247 549 1308 602 τὸ
1358 549 1638 617 συντόμως
1691 549 1857 619 ῥηθὲν

1974 559 2154 604 nentes
2186 549 2481 617 perfectius
2519 556 2763 602 nostram
2816 546 2883 619 de
2930 544 3033 600 hoc
3075 544 3399 598 sententiam
3438 559 3535 595 ex-

280 641 602 709 τελεώτερον
631 640 719 693 τὸν
749 642 908 710 ήμῶν
933 644 993 693 ἐν
1022 642 1197 711 τούτῳ
1228 642 1352 695 νοῦν
1380 645 1847 712 παραστήσωμεν.

277 734 390 785 υύκ
418 733 737 801 ἀνατρέπων
767 732 827 786 τὸ
855 733 1107 796 λέγεσθαι
1132 737 1187 787 τι
1219 735 1441 804 Πνεῦμα
1469 735 1528 788 τὸ
1568 735 1724 803 ἅγιον
1756 736 1852 788 καὶ

277 826 339 877 ἐκ
373 823 466 876 τοῦ
493 823 645 887 Υἱοῦ,
668 823 765 893 τὴν
792 826 952 895 ῥῆσιν
981 824 1103 893 τὴν,
1136 828 1238 880 Ἐκ
1265 826 1370 880 τοῦ
1398 826 1530 881 Υίοῦ
1559 824 1627 878 δὲ
1653 828 1724 880 οὐ
1750 826 1848 880 λέ-

280 930 487 981 τομεν,
540 908 695 967 εἶπεν
731 915 760 966 ὁ
812 916 1215 983 χαριτώνυμος.
1269 916 1535 986 Ἐπείπερ
1585 916 1729 969 οὕτω
1787 933 1854 984 γε

278 1006 499 1066 πάντως
527 1004 556 1071 ἦ
593 1004 692 1067 τὰς
723 1005 993 1070 τοσαύτας
1026 1010 1211 1074 φωνὰς
1240 1008 1348 1061 τῶν
1378 1007 1727 1077 θεοφθόγγων
1757 1008 1854 1061 καὶ

278 1093 500 1146 σεπτῶν
530 1094 793 1164 Πατέρων
828 1097 1005 1163 ἔδοξεν
1032 1099 1269 1163 ἀγνοεῖν,
1307 1101 1402 1152 καὶ
1435 1104 1585 1163 ποῖος
1624 1099 1690 1153 ἂν
1723 1098 1855 1153 ταύο

277 1200 379 1243 τας
417 1181 606 1253 ἕτερος
636 1179 798 1250 εἶδεν,
847 1187 895 1237 εί
927 1185 1002 1257 μὴ
1051 1185 1184 1254 φαίη
1220 1202 1305 1248 τις
1333 1187 1425 1239 τὸν
1472 1187 1724 1239 τοσοῦτον
1754 1186 1855 1255 τὴν

277 1275 388 1326 τῶν
422 1276 583 1340 ἱερῶν
637 1276 919 1344 δογμάτων
967 1277 1249 1343 ἐξέτασιν;
1286 1279 1318 1348 ἢ
1374 1279 1679 1346 γινώσκων,
1716 1278 1855 1349 πρὸς

281 1366 564 1435 ἀναίρεσιν
613 1370 709 1419 καὶ
764 1369 977 1421 τελείαν
1020 1370 1330 1437 ἁνασκευὴν
1378 1369 1584 1423 τούτων
1634 1372 1854 1440 χωρεῖν.

285 1459 394 1511 Καὶ
427 1460 534 1527 μὴν
574 1461 698 1521 τοὺς
732 1461 983 1525 πλείονας
1026 1463 1204 1515 αὐτῶν
1238 1464 1566 1535 γεννήτορας
1608 1465 1692 1517 ἐπ’
1737 1464 1862 1515 Ἐκ-

283 1551 515 1620 κλησῖας
543 1550 771 1621 ὕμνησε.
824 1552 1124 1625 Τοιγαροῦν
1165 1556 1265 1609 οὐκ
1295 1557 1618 1625 ἀνατρέπων
1647 1558 1730 1623 τὸ,
1758 1557 1859 1610 καὶ

281 1643 344 1694 ἐκ
403 1642 509 1695 τοῦ
578 1644 749 1707 Υίοῡ,
800 1644 901 1715 τήν
964 1645 1353 1712 διαληφθεῖσαν
1404 1650 1430 1699 ὁ
1484 1648 1647 1716 σοφὸς
1701 1648 1857 1719 ρἦιν

283 1732 507 1799 ἔφησεν,
547 1731 681 1787 ἀλλὰ
708 1735 766 1787 τὺ
801 1734 1127 1803 πρεσϐεύειν
1154 1739 1215 1788 ὲκ
1245 1735 1338 1789 τοῦ
1371 1734 1500 1788 Υἱοῦ
1542 1738 1601 1788 τὸ
1632 1735 1861 1803 Πνεῦμα

280 1823 340 1874 τὸ
368 1822 545 1888 ἅγιον,
594 1823 669 1885 ὡς
698 1823 763 1876 ὲκ
812 1824 1039 1894 πρώτης
1070 1824 1263 1894 ἀρχῆς,
1297 1824 1436 1893 ὅπερ
1485 1826 1592 1878 τῶν
1624 1824 1860 1878 ἔκπαλαι

282 1929 423 1964 τισιν
476 1914 735 1984 ἐνομίσθη
790 1917 996 1977 κακῶς,
1049 1916 1302 1968 ἐντεῦθεν
1350 1916 1856 1987 ἀποπεμπόμενοςο

280 2004 368 2069 διὰ
400 2005 561 2058 τοῦτο
591 2004 697 2076 γὰρ
735 2008 959 2077 εἴρηκεν
985 2008 1052 2060 ἐκ
1078 2008 1184 2062 τοῦ
1222 2009 1379 2069 Υἱοῦ.
1422 2009 1496 2079 μὴ
1536 2008 1718 2077 μέντοι
1741 2008 1855 2065 κάκ

281 2095 389 2151 τοῦ
430 2096 567 2152 Tim?
618 2099 987 2172 διηγόρευσεν.
1039 2100 1192 2154 Ἐπεὶ
1241 2101 1398 2155 τοῦτο
1445 2100 1712 2171 πολλαχοῦ
1766 2101 1858 2155 καὶ

282 2183 340 2241 οἵ
528 2188 577 2225 οἳ
919 2192 941 2204 τι
1183 2193 1199 2208 \
1543 2194 1569 2205 ι-

284 2205 436 2252 ¹,δτος
485 2205 593 2242 τω)
637 2190 984 2260 δογματικων
1038 2192 1351 2262 κεφαλαίων
1406 2194 1593 2259 αὑτοῦ,
1636 2194 1859 2262 προσέτι

282 2282 336 2333 δὲ
366 2282 462 2335 καὶ
495 2282 606 2334 τῶν
635 2283 852 2335 οἰκείων
879 2283 1056 2354 μελῶν
1086 2284 1231 2337 ἐστιν
1264 2279 1326 2339 οῦ
1360 2285 1639 2355 προδήλως
1667 2286 1863 2354 ἐκήρυ-

285 2372 396 2438 ξεν,
434 2373 491 2425 ἐν
521 2372 666 2434 ὅσοις
694 2372 893 2444 δηλαδὴ
924 2374 1128 2427 τούτων
1162 2373 1258 2427 διὰ
1303 2373 1404 2428 τοῦ
1444 2373 1580 2428 Υίοῦ
1615 2373 1679 2427 τὸ
1710 2390 1861 2426 παν-

283 2463 456 2533 άγιον
498 2465 737 2534 Πνεῦμα
778 2465 1183 2535 τεθεολόγηκεν,
1223 2467 1302 2521 δτι
1350 2466 1547 2528 ταυτὸν
1578 2467 1639 2518 τό
1678 2482 1736 2519 τε
1767 2466 1863 2519 διὰ

287 2553 393 2605 τοῦ
422 2554 557 2607 Υἱοῦ
585 2554 745 2608 τοῦτο
777 2556 870 2609 καὶ
916 2554 978 2608 τὸ
1008 2558 1123 2611 κάκ
1153 2556 1261 2611 τοῦ
1296 2555 1434 2611 Υίοῦ
1472 2558 1587 2620 τοῖς
1624 2556 1767 2609 κατά
1798 2571 1861 2622 γε

287 2642 385 2713 τὴν
425 2645 634 2701 ἔννοιαν
663 2648 771 2699 τῶν
800 2647 1058 2701 τοιούτων
1090 2648 1282 2717 φωνῶν
1325 2647 1710 2717 ἐμϐαθύνουσι.
1751 2647 1864 2699 Κα-

288 2740 465 2808 θάπερ
516 2743 625 2809 γὰρ
677 2739 966 2809 ὁμολογίαν
1018 2740 1114 2805 τῆς
1156 2739 1640 2811 προκαταρκτικῆς
1689 2740 1868 2801 αἰτίας

289 2831 449 2902 αὐχεῖ
477 2831 617 2884 κατά
662 2832 755 2883 τὸν
783 2831 957 2901 μέγαν
988 2830 1267 2885 Βασίλειον
1315 2830 1377 2884 τὸ
1408 2829 1507 2885 διὰ
1554 2830 1662 2884 τοὺ
1709 2828 1865 2894 Υιοῦ,

290 2924 385 2977 τὸν
436 2924 622 2995 ὅμοιον
669 2926 869 2996 τρόπον
930 2926 1023 2977 καὶ⁷
1054 2925 1117 2978 τὺ
1174 2924 1242 2977 ἐκ
1296 2922 1403 2979 τοῦ
1468 2920 1608 2975 Υἱοῦ
1667 2922 1870 2992 ταύτην

289 3016 549 3079 δείκνυσι,
586 3017 681 3070 καὶ
722 3019 857 3088 πρὸς
895 3017 1064 3089 αὐτὴν
1095 3019 1206 3080 τοῖς
1244 3017 1599 3086 εὐεπηϐὗλοις
1628 3016 1719 3070 τὸν
1748 3013 1872 3068 νοῦν

292 3109 648 3179 ἀναφέρεται.
681 3110 756 3161 Τὸ
797 3109 853 3163 δὲ
882 3110 953 3163 ἐκ
990 3108 1097 3163 τοῦ
1147 3109 1309 3173 Υιοῦ,
1342 3110 1446 3163 κᾶν
1493 3111 1549 3162 αἱ
1586 3107 1874 3178 προθέσεις

292 3202 461 3271 ἔχωσι
482 3203 543 3254 το
566 3202 741 3273 πάντη
771 3201 988 3266 ταυτὸν,
1019 3201 1093 3265 ὡς
1119 3201 1410 3272 ἀρχόμενοι
1429 3201 1522 3253 τοῦ
1548 3198 1706 3268 λόγου
1735 3199 1875 3253 κατὰ

292 3294 353 3345 το
390 3291 593 3362 ἀρκοῦν
645 3294 1091 3364 παρεστήσαμεν,
1141 3294 1291 3361 ὅμως
1319 3291 1365 3345 δ’
1410 3288 1502 3345 οῦν
1534 3293 1593 3344 τὸ
1638 3290 1877 3346 νοεῖσθαι

293 3386 388 3438 τὸν
437 3385 566 3438 Υἱὺν
605 3385 831 3455 πρώτην
876 3386 1050 3455 ἀρχὴν
1078 3386 1315 3454 ὑποψίαν
1364 3385 1614 3439 ὁπωσοῦν
1649 3383 1881 3454 παρέχει

296 3477 391 3528 καὶ
424 3474 627 3528 δίδωσι.
661 3476 769 3527 Καὶ
800 3476 871 3544 μή
903 3492 993 3544 μοι
1019 3476 1225 3544 λεγέτω
1254 3493 1338 3540 τις
1371 3477 1707 3545 παραυτίκα,
1746 3473 1880 3543 πρὸς

296 3565 572 3619 ἀντίθεσιν
610 3565 779 3635 μόνην
811 3566 960 3631 ὀξὺς,
991 3568 1073 3619 ὅτι
1104 3569 1197 3621 καὶ
1223 3568 1251 3621 ὁ
1283 3567 1380 3621 καὶ
1407 3566 1701 3635 σύνδεσμος
1726 3561 1880 3626 οὗτος

297 3657 533 3725 δήλωσιν
567 3657 749 3727 ἀρχῶν
781 3658 874 3710 δύο
908 3660 1190 3730 κέκτηται.
1221 3660 1331 3713 Καὶ
1357 3659 1463 3728 γὰρ
1495 3658 1877 3725 συντιθέμενος

305 3750 444 3819 μετὰ
477 3748 571 3802 τοῦ
596 3749 725 3802 Υίοῦ
757 3750 998 3817 πέφευγε
1023 3750 1230 3819 ταύτην
1253 3750 1352 3819 τὴν
1382 3752 1624 3820 πονηρὰν
1647 3748 1877 3814 ἔννοιαν,

299 3840 489 3909 tmen
548 3841 692 3894 κατὰ
743 3840 841 3908 τὴν
870 3840 1046 3893 αἰτίαν
1078 3840 1328 3910 οὐδαμῶς
1361 3839 1595 3910 ἄναρχος
1638 3841 1666 3892 ό
1715 3836 1836 3901 Υίὸς
1862 3880 1876 3904 ,

301 3932 437 3996 πρὸς
466 3931 640 4002 ἀρχὴν
664 3932 740 3997 δέ,
783 3932 926 4001 φημὶ
951 3932 1042 3984 τὸν
1072 3933 1313 4001 Πατέρα,
1342 3932 1586 4000 φυσικῶς
1610 3934 1880 4001 ἀναγόμε-

300 4042 412 4086 νος,
448 4022 520 4074 Τὸ
557 4024 626 4078 ἐκ
671 4025 777 4079 τοῦ
805 4024 941 4078 Υιοῦ
969 4025 1149 4077 τοίνυν
1191 4025 1266 4085 ὡς
1310 4024 1549 4077 ὕποπτον
1579 4023 1636 4077 ἓν
1665 4024 1692 4076 ὁ
1741 4023 1877 4086 θεῖος

304 4116 496 4184 Πατὴρ
535 4116 774 4170 διδάσκει
810 4116 883 4186 μὴ
931 4116 1209 4182 λέγεσθαι.
1238 4117 1310 4168 Τὸ
1361 4116 1418 4169 δὲ
1449 4115 1546 4168 διὰ
1577 4115 1683 4169 τοῦ
1719 4114 1877 4179 Υιοῦ,

302 4206 463 4259 τοῦτο
492 4206 549 4259 δὲ
583 4207 726 4259 κατά
757 4207 857 4276 τὴν
886 4207 1168 4277 προϐᾶσαν
1196 4206 1470 4269 ἀπόδειξιν
1492 4207 1686 4259 ταυτὸν
1714 4205 1879 4267 ὅντως

302 4298 381 4366 τῷ
411 4299 511 4351 καὶ
536 4299 604 4352 ἐκ
640 4298 746 4353 τοῦ
777 4298 933 4363 Υίοῦ,
970 4299 1227 4364 πολλάκις
1260 4300 1333 4361 ὡς
1370 4302 1506 4368 ήμῖν
1534 4297 1876 4369 προείρηται,

303 4386 400 4442 καὶ
421 4383 575 4451 οὗτος
615 4389 673 4441 ὲν
704 4391 813 4452 τοῖς
845 4390 1192 4459 δογματικοῖς
1227 4390 1542 4458 κεφαλαίοις
1587 4389 1748 4442 αὑτοῦ
1801 4390 1878 4441 δι-

304 4482 602 4549 ετράνωσι,
637 4482 777 4552 πρὸς
814 4482 870 4535 δὲ
902 4484 995 4535 καὶ
1022 4483 1107 4535 ἐπ’
1148 4483 1469 4551 Ἐκκλησίας
1490 4483 1658 4545 αὐτῆς
1685 4481 1878 4552 ψάλλεο

1956 612 2247 708 ριίεετηυ-ε.
2307 638 2425 693 Non
2462 638 2717 693 refellens
2768 612 2924 701 iliud,
2983 634 3245 701 Spiritum
3285 643 3533 687 sanctum

1956 731 2117 784 etiam
2139 746 2203 785 ex
2238 728 2377 786 Filio
2405 730 2536 794 dici,
2578 728 2799 784 eﬂatum
2837 728 2968 782 illud
3002 745 3016 781 :
3052 727 3138 781 Ex
3182 725 3326 779 Filio
3361 739 3537 778 autem

1957 839 2061 876 non
2086 822 2313 875 dicimus
2338 861 2351 883 ,
2382 821 2472 875 cui
2503 837 2533 875 a
2564 820 2735 890 gratia
2770 834 2968 873 nomen
3001 825 3107 881 est,
3144 817 3538 886 pronuntiavit.

1959 918 2100 973 Tum
2139 916 2410 986 siquidem
2468 923 2548 970 tot
2576 914 3041 983 diviuiloquorum
3094 926 3160 965 ac
3198 911 3538 967 venerando-

1959 1027 2081 1066 rum
2117 1010 2342 1064 Patrum
2374 1024 2536 1063 voces
2563 1008 2847 1076 ignorasse
2872 1005 3180 1069 videretur,
3211 1003 3539 1071 etquisnam

1959 1103 2099 1158 alius
2134 1116 2198 1156 eo
2229 1100 2528 1171 perfectius
2564 1098 2686 1156 illas
2727 1097 2983 1161 tenuerit,
3011 1096 3111 1149 nisi
3137 1096 3408 1164 quispiam
3450 1109 3542 1146 as-

1960 1193 2218 1259 seruerit,
2251 1194 2400 1247 hunc
2433 1200 2644 1246 tantum
2680 1204 2964 1243 sacrorum
2990 1186 3303 1257 dogmatunt
3330 1184 3543 1238 exarui-

1962 1293 2241 1346 natorem,
2280 1299 2373 1338 eas
2433 1290 2751 1338 noscentem
2804 1280 2871 1335 ad
2914 1294 3104 1333 carum
3144 1278 3408 1345 integrata
3453 1274 3545 1327 de-

1960 1382 2316 1437 structionem
2348 1374 2725 1440 processisse;
2759 1381 2813 1426 et
2844 1378 3027 1424 tamen
3067 1382 3255 1421 earum
3290 1374 3544 1419 auctores

1961 1472 2153 1541 majori
2189 1487 2255 1526 ex
2282 1479 2434 1539 parte
2465 1480 2651 1521 coram
2683 1460 2925 1517 Ecclesia
2962 1457 3181 1529 hymnis
3213 1455 3378 1510 editis
3429 1455 3547 1507 Lou-

1960 1565 2129 1620 davit.
2161 1561 2344 1630 Itaque
2368 1573 2472 1612 non
2510 1556 2803 1611 destruens
2846 1551 3004 1615 illud,
3063 1549 3225 1603 etiam
3259 1562 3324 1600 ea:
3367 1544 3534 1606 Filio,

1961 1655 2181 1724 sapiens
2238 1653 2327 1706 hic
2371 1650 2454 1702 vir
2479 1648 2712 1703 adducta
2745 1644 2911 1698 verba
2976 1638 3353 1710 pronuntiavit
3383 1677 3398 1699 ,
3454 1638 3548 1689 sed

1962 1744 2278 1814 opinionem
2329 1755 2392 1793 ex
2426 1736 2567 1791 Filio
2608 1749 2733 1790 esse
2768 1741 3028 1800 tanquam
3068 1744 3133 1782 ex
3188 1724 3367 1795 primo
3395 1724 3551 1793 prin-

1963 1836 2104 1905 cipio
2135 1831 2399 1904 Spiritum
2438 1837 2710 1891 sanctum,
2744 1823 2890 1892 quod
2926 1822 3072 1875 inter
3102 1818 3367 1885 antiquos
3412 1828 3551 1868 non-

1963 1926 2094 1982 nulli
2145 1937 2403 1995 perverse
2435 1925 2773 1980 tenuerunt,
2829 1914 2990 1981 longe
3031 1911 3158 1965 hinc
3214 1905 3550 1979 amandavit,

1960 2027 2357 2089 proptereaque
2404 2028 2470 2067 ea:
2504 2008 2667 2076 Filio,
2705 2022 2812 2062 non
2848 2014 3027 2059 autem
3073 2003 3235 2055 etiam
3286 2012 3349 2051 ea:
3386 1995 3548 2054 Filio.

1961 2110 2205 2180 scripsit.
2249 2101 2704 2175 Quandoquidem
2771 2097 2904 2153 illud
2962 2096 3052 2149 hic
3087 2095 3206 2162 ipse
3251 2092 3455 2157 saepius
3489 2090 3542 2139 in

1963 2201 2239 2272 capitibus
2290 2196 2620 2270 dogmaticis
2677 2191 2819 2255 suis,
2877 2199 2931 2244 et
2979 2188 3032 2241 in
3077 2184 3265 2239 multis
3325 2194 3547 2250 quoque

1963 2295 2197 2351 canticis
2235 2291 2537 2362 aliquando
2586 2286 2874 2358 perspicue
2909 2278 3209 2337 admodum
3249 2272 3553 2337 concinuit,

1966 2385 2017 2441 in
2047 2387 2247 2457 quibus
2278 2398 2470 2452 nempe
2494 2397 2585 2449 per
2616 2376 2829 2431 Filium
2867 2372 3135 2443 Spiritum
3166 2377 3410 2422 sanctum
3433 2379 3558 2417 esse

1966 2477 2223 2532 decrevit.
2274 2474 2419 2528 Idem
2451 2472 2597 2524 enim
2627 2477 2731 2534 est,
2778 2482 2870 2536 per
2897 2461 3118 2524 Filium,
3153 2470 3228 2524 et,
3263 2459 3425 2512 etiam
3477 2468 3542 2507 ea:

1980 2566 2149 2627 Filio,
2182 2562 2325 2632 apud
2377 2577 2471 2615 eos
2510 2557 2602 2627 qui
2644 2558 2698 2611 in
2734 2556 2928 2609 harum
2974 2565 3169 2603 vocum
3225 2544 3550 2599 sententiam

1972 2662 2306 2735 profundius
2361 2663 2674 2725 penetrant.
2716 2645 3189 2716 Quemadmodum
3245 2644 3389 2696 enim
3450 2640 3558 2707 pri-

1973 2732 2162 2812 mariae
2226 2764 2414 2807 causae
2474 2745 2883 2802 confessionem
2942 2740 2995 2794 in
3061 2753 3119 2793 se
3148 2732 3559 2804 comprehcndit

1971 2862 2195 2904 auctore
2225 2858 2422 2914 magno
2450 2839 2664 2894 Basilio
2700 2836 2856 2895 illud.
2884 2849 2975 2902 per
3006 2829 3235 2893 Filium,
3275 2839 3429 2894 atqua
3470 2838 3557 2876 ra-

1976 2944 2124 2995 tione
2152 2946 2208 2994 et
2236 2934 2393 3000 illud,
2429 2949 2494 2987 ex
2525 2930 2669 2984 Filio
2701 2926 2953 2984 eamdem
2981 2924 3157 2993 ipsam
3190 2920 3557 2978 demonstrat,

1976 3041 2029 3085 et
2061 3029 2129 3084 ad
2159 3042 2279 3084 eam
2313 3024 2521 3096 judicio
2550 3019 2751 3075 mentis
2786 3024 3100 3086 compotnm
3137 3009 3394 3064 refertur.
3425 3004 3559 3059 lllud

1979 3137 2143 3192 porro
2174 3134 2239 3173 ea:
2274 3116 2439 3182 Filio,
2508 3115 2635 3169 licet
2663 3109 3080 3182 prmpositiones
3112 3116 3328 3170 semper
3350 3108 3402 3153 et
3447 3098 3564 3150 ubi-

1979 3231 2084 3284 que
2119 3211 2425 3281 aequalibus
2482 3206 2699 3260 viribus
2751 3202 3017 3272 polleant,
3054 3204 3113 3250 ut
3167 3194 3327 3249 initio
3390 3192 3559 3244 metri

1981 3308 2266 3361 discursus
2322 3300 2539 3356 abunde
2583 3296 2721 3353 satis
2772 3292 3150 3363 probavimus,
3202 3284 3562 3340 nihilominus

1986 3399 2228 3469 prirnum
2296 3390 2630 3463 principium
2683 3386 2788 3441 dici
2841 3383 2907 3438 de
2958 3380 3139 3442 Filio,
3195 3376 3560 3446 suSpicionem

1981 3468 2386 3555 quodammodo
2455 3478 2678 3549 ingerit.
2752 3474 2821 3530 Et
2892 3487 3054 3527 nemo
3120 3468 3252 3524 mihi
3314 3468 3564 3535 protinus

1983 3578 2225 3647 replicet,
2259 3583 2469 3627 tantum
2516 3570 2583 3624 ad
2627 3564 3114 3623 contradicendum
3155 3567 3370 3616 acutus,
3423 3556 3565 3608 hanc

1983 3646 2427 3738 praepositionem
2491 3660 2732 3714 duorum
2817 3653 3216 3724 principiorum
3298 3646 3561 3700 indicium

1984 3737 2092 3828 prae
2122 3772 2181 3811 se
2213 3755 2372 3809 ferre.
2436 3750 2683 3819 Namque
2744 3745 3012 3816 applicata
3103 3740 3245 3793 Filio
3321 3737 3559 3791 similem

1981 3848 2360 3919 cogitationem
2413 3843 2643 3904 vitavit,
2713 3852 2839 3893 cum
2901 3836 3112 3888 ratione
3181 3844 3561 3885 causzenuu-

1979 3955 2144 4010 qnam
2204 3938 2410 4006 absque
2458 3931 2727 4006 principio
2761 3927 2929 3984 Filius
2958 3933 3059 3987 est,
3110 3923 3239 3977 dum
3291 3919 3361 4010 ad
3417 3919 3563 4010 priu-

1980 4006 2184 4100 cipium
2247 4026 2461 4081 Patrem
2526 4019 2849 4077 naturaliter
2927 4014 3218 4070 referatur.
3288 4008 3365 4064 Ex
3424 4006 3562 4062 Filio

1982 4125 2188 4191 itaque,
2222 4118 2371 4191 quod
2411 4117 2639 4188 absque
2663 4111 2981 4181 suSpicione
3036 4123 3143 4161 non
3177 4114 3285 4168 est,
3344 4102 3563 4155 divinus

1982 4189 2257 4266 liichater
2288 4207 2513 4261 minime
2535 4204 2638 4256 dici
2669 4207 2847 4255 docet.
2871 4198 3003 4253 Illud
3032 4210 3194 4264 porro
3220 4210 3312 4263 per
3334 4189 3560 4259 Filium,

1980 4302 2160 4371 quod,
2219 4308 2279 4353 ut
2363 4296 2718 4351 antecedente
2804 4287 3276 4345 demonstratione
3361 4282 3559 4353 proba-

1982 4369 2097 4447 tum
2126 4398 2235 4454 est,
2272 4404 2394 4445 cum
2427 4387 2570 4441 idem
2599 4391 2749 4438 notet
2780 4390 2942 4451 atque
2979 4378 3132 4442 illud,
3185 4378 3346 4429 etiam
3378 4390 3440 4427 ea:
3468 4369 3563 4425 Fi-

1981 4488 2079 4549 lio,
2113 4493 2174 4538 ut
2204 4481 2405 4551 saepius
2429 4493 2459 4533 a
2497 4477 2656 4532 nobis
2678 4485 2838 4529 antea
2868 4472 3072 4525 dictum
3108 4474 3209 4529 est,
3243 4468 3333 4520 hic
3360 4466 3474 4534 ipse
3506 4464 3559 4516 in

306 4574 431 4626 σθαι
481 4574 617 4647 πρὸς
664 4575 883 4626 πάντων
918 4574 1220 4643 παρέδωκε.
1264 4575 1435 4628 Τοῦτο
1485 4577 1578 4628 καὶ
1612 4573 1877 4643 Κύριλλος

1987 4573 2315 4645 dogmaticis
2370 4570 2488 4627 suis
2536 4566 2811 4636 capitibus
2841 4559 3161 4623 declaravit,
3207 4567 3259 4611 et
3314 4557 3475 4609 etiam
3507 4553 3560 4606 iu

303 4664 333 4714 ὁ
385 4661 650 4732 θεήγόρος
708 4663 881 4731 δηλῶν
918 4666 975 4715 ὲν
1023 4668 1135 4725 τοῖς
1192 4665 1327 4733 προς
1377 4664 1671 4717 Παλλάδιον
1711 4662 1881 4725 οὕτως

308 4751 624 4820 ἐφθέγξατω
646 4753 904 4821 Τρεπτὸν
920 4753 995 4818 δὴ
1013 4754 1083 4807 οὔ
1102 4756 1192 4807 τοί
1205 4772 1322 4809 που
1345 4755 1409 4808 τὸ
1427 4755 1671 4819 Πνεῢμά
1691 4754 1884 4816 ἐστιν,

308 4844 345 4911 ἢ
367 4844 535 4911 εἰπερ
551 4844 615 4897 τὸ
638 4845 956 4912 τρέπεσθαι
976 4846 1152 4899 νοσεῖ
1165 4846 1256 4898 ἐπ’
1280 4846 1474 4913 αὐτὴν
1504 4850 1534 4899 ό
1548 4846 1745 4916 μῶμος
1773 4845 1886 4913 τὴν

308 4937 473 4990 θείαν
523 4936 941 5005 ἀναδραμεῐται
976 4937 1183 5004 φύσιν,
1215 4937 1381 5002 εἴπερ
1429 4937 1561 4989 ἐστι
1595 4936 1699 4991 τοῦ
1737 4936 1886 4991 Θεοῦ

309 5026 409 5079 καὶ
440 5024 690 5093 Πατρός,
730 5027 829 5079 καὶ
869 5025 997 5095 μὴν
1027 5026 1127 5080 καί
1175 5025 1281 5078 τοῦ
1315 5025 1452 5078 ΥΙοῦ
1482 5026 1548 5077 τὸ
1581 5026 1886 5093 οὺσιωδὼς

307 5118 379 5182 ἐξ
415 5116 658 5186 ἀμφοῖν,
689 5116 882 5187 ἤγουν
910 5119 979 5171 ἐκ
1020 5119 1248 5184 Πατριλς
1284 5116 1359 5169 δι’
1396 5116 1533 5169 Υίοῦ
1563 5121 1886 5184 προχεόμε-

310 5226 422 5262 γον
456 5207 718 5277 Πνεῦμα.
759 5210 1089 5272 Πλειστάκις
1110 5209 1141 5261 ὁ
1171 5208 1446 5268 θειότατος
1479 5207 1648 5260 είπὼν
1681 5208 1885 5275 Κύριλ-

311 5296 402 5361 λος
430 5300 517 5352 ὅτι
555 5298 618 5351 τὸ
654 5299 812 5366 ἅγιον
857 5298 1082 5367 Πνεῦμα
1124 5298 1210 5351 διὰ
1233 5296 1328 5350 τοῦ
1372 5296 1525 5357 Υἱοῦ,
1557 5297 1884 5358 τοσαυτάκις

309 5388 368 5443 δὲ
402 5391 496 5443 καὶ
551 5390 634 5444 ὅτι
669 5390 781 5444 κάκ
830 5389 924 5443 τοῦ
967 5390 1111 5453 riuo,
1140 5392 1238 5451 τὰς
1291 5390 1347 5442 δὲ
1395 5390 1584 5460 ῥήσεις
1640 5389 1743 5441 κάν
1773 5392 1883 5451 τοῖς

311 5482 431 5535 δυσὶ
452 5480 631 5550 λόγοις
656 5481 982 5551 τεθείκαμεν
1004 5499 1017 5513 ·
1040 5482 1273 5552 ἐπείπερ
1297 5481 1365 5546 ἐξ
1384 5481 1606 5551 ἀμφοῖν
1630 5480 1883 5545 ἐνταῦθα,

308 5571 404 5626 τοῦ
443 5572 656 5640 Πατρδς
681 5572 921 5642 δηλονότι
954 5574 1046 5625 καὶ
1076 5570 1173 5625 τοῦ
1213 5572 1365 5638 Υίοῦ,
1408 5570 1622 5641 γλώττῃ
1654 5570 1885 5640 λαμπρᾷ

309 5665 405 5717 καὶ
434 5662 637 5734 χείλεσι
672 5664 870 5733 κομιδῆ
909 5664 1218 5735 διατράνοις
1246 5665 1391 5733 ἐρεῖν
1422 5662 1679 5732 ἔφθασεν,
1711 5664 1888 5732 ἑρμη-

308 5753 504 5821 νεύων,
544 5754 619 5820 ὼς
647 5755 749 5809 οὐκ
775 5754 835 5820 ἐξ
864 5754 1038 5824 ἀρχῆς
1066 5772 1198 5825 φησι
1232 5754 1457 5827 πρώτης
1488 5757 1551 5809 ἐκ
1588 5756 1681 5815 τοῦ
1708 5756 1836 5808 Υξοῦ
1867 5769 1881 5784 °

309 5844 444 5916 πρὸς
487 5844 615 5910 ἔπος
660 5847 958 5915 ἐπήγαγεν,
986 5845 1126 5915 ἢὼς
1155 5848 1229 5902 δι’
1277 5849 1413 5904 Υίοῦ
1455 5849 1881 5918 προχεόμενον.

1988 4666 2237 4723 Ecclesia
2271 4664 2338 4719 ab
2365 4661 2623 4716 omnibus
2679 4654 2894 4713 conciui
2924 4652 3167 4707 tradidit.
3206 4647 3319 4702 Hoc
3346 4659 3563 4716 quoque
3640 4656 3645 4660 '

1995 4757 2375 4825 diviniluquus
2402 4750 2711 4823 Cyrillusiu
2744 4748 2812 4802 iis
2835 4761 2955 4815 qua:
2977 4743 3045 4797 ad
3091 4741 3390 4797 Palladium
3424 4736 3564 4791 scri-

1987 4853 2116 4922 psit,
2150 4850 2223 4903 ila
2264 4846 2559 4902 declaravit
2594 4860 2608 4898 :
2644 4838 2917 4896 Mutabilis
2949 4853 3067 4891 vero
3090 4850 3348 4904 nusquam
3387 4830 3562 4898 Spiri—

1988 4951 2071 4994 tus
2099 4949 2202 5005 est;
2222 4938 2359 5008 quod
2388 4937 2435 4989 si
2465 4934 2746 4988 mutationi
2778 4931 3037 4986 obnoxius
3061 4939 3159 4992 est,
3185 4928 3241 4978 in
3272 4925 3442 4993 ipsum
3468 4939 3565 4974 ua-

1989 5044 2167 5085 turam
2209 5030 2446 5083 divinam
2500 5026 2819 5095 vituperatio
2860 5033 3117 5085 recurret,
3172 5018 3217 5072 si
3260 5027 3337 5071 est
3372 5014 3466 5067 Dei
3512 5025 3560 5066 et

1989 5122 2194 5183 Patris,
2242 5130 2293 5173 et
2354 5121 2516 5173 etiam
2595 5118 2725 5173 Filii
2778 5116 3133 5171 essentialiter
3176 5127 3240 5165 ea:
3288 5108 3562 5168 ambobuS.

1986 5228 2167 5280 nempe
2204 5226 2268 5265 ex
2297 5211 2457 5264 Patre
2518 5225 2610 5277 per
2647 5208 2843 5262 Filium
2870 5207 3101 5277 Spiritus
3139 5205 3361 5273 effusus.
3423 5200 3559 5253 Cum

1987 5303 2225 5356 dixisset
2300 5301 2502 5370 saepius
2565 5301 2945 5355 divinissimus
3007 5297 3242 5368 Cyrillus
3296 5292 3559 5362 Spiritum

1986 5403 2235 5448 sanctum
2262 5409 2357 5463 per
2373 5392 2596 5457 Filium,
2620 5392 2780 5447 toties
2805 5390 2968 5445 etiam
2998 5400 3051 5443 et
3080 5404 3145 5442 ex
3177 5387 3314 5440 Filio
3343 5401 3567 5450 quoque

1986 5486 2380 5555 pronuntiavit.
2420 5484 2573 5538 Dicta
2606 5485 2753 5538 illius
2779 5484 2833 5536 in
2857 5482 3071 5536 duabus
3105 5481 3255 5534 hisce
3286 5479 3553 5531 orationi-

1984 5578 2086 5632 bus
2111 5578 2394 5632 attulimus
2437 5594 2453 5632 :
2503 5573 2946 5645 quandoquidem
3004 5572 3104 5625 .hic
3155 5588 3221 5625 ea:
3283 5569 3559 5634 ambobus,

1984 5669 2147 5727 Patre
2173 5671 2380 5725 scilicet
2412 5677 2466 5724 et
2499 5668 2657 5735 Filio,
2694 5668 2837 5723 clara
2870 5681 3000 5718 voce
3031 5673 3084 5718 et
3114 5662 3332 5719 sonoris
3365 5665 3556 5717 admo-

1985 5768 2113 5817 dum
2180 5763 2345 5818 labiis
2436 5763 2598 5825 dixit,
2672 5762 3056 5829 interpretans,
3137 5772 3244 5811 non
3336 5758 3413 5810 uti
3495 5772 3559 5809 ex

1988 5855 2161 5926 prima
2219 5869 2384 5911 causa
2442 5853 2600 5919 Filio,
2662 5854 2825 5908 verba
2888 5851 2977 5905 illa
3029 5848 3328 5919 SU‘IjllllXii,
3380 5864 3560 5915 nempe
