3970 6398
296 390 432 456 1253

1152 395 1249 456 DE
1289 393 1809 456 PROCESSIONE
1853 396 1914 459 S.
1960 398 2326 461 SPIRITUS
2366 398 2594 461 ORAT.
2637 400 2723 462 II.

3430 404 3567 467 123i

288 508 560 577 ἡμαρτον,
596 507 720 560 ἐπεὶ
744 509 990 577 θεογόνος
1051 508 1077 558 ὁ
1136 506 1349 575 Πατὴρ,
1392 507 1514 559 ἐπεὶ
1542 504 1885 575 γεννώμενος

1991 509 2334 579 proponitur,
2374 524 2403 565 a
2440 518 2666 566 veritate
2703 518 2964 582 rectaque
3004 515 3275 571 sententia
3336 518 3568 589 delapsi.

287 600 347 666 ἐξ
378 598 543 652 αὑτοῦ
583 602 830 664 πέφυκεν
872 603 901 654 ὁ
931 597 1081 660 Υἱὸς,
1117 599 1217 669 οὐχ
1249 598 1328 651 ὅτι
1372 598 1428 651 δὲ
1462 600 1711 666 πρόεισιν
1751 597 1873 668 ἔχον

286 691 384 761 τὴν
417 689 651 762 ὓπαρξιν
686 694 744 754 ἐξ
780 692 947 745 αὐτοῦ
998 692 1092 745 καὶ
1121 691 1182 744 τὸ
1219 689 1446 759 Πνεῦμα
1482 689 1543 742 τὸ
1590 689 1768 758 ἅγιον.
1813 685 1874 741 Ὅ

286 784 343 835 δὲ
376 784 503 847 Υἱὸς
549 783 611 837 οὐ
657 784 903 852 θεογὸνος
955 781 1163 851 σαφῶς,
1217 781 1519 851 καθότιπερ
1574 780 1708 850 μηδὲ
1748 780 1875 832 Υἱὸν

289 879 575 947 κέκτηται.
603 879 803 930 Λοιπὸν
843 879 903 929 οὐ
939 876 1187 942 θεογόνον
1219 874 1359 927 κατὰ
1391 872 1481 923 τὸν
1514 872 1641 925 Υἱὸν
1668 869 1868 926 οὔκουν

287 970 398 1022 οὐδ’
430 969 564 1022 αὐτὸ
598 971 659 1021 τὺ
691 970 917 1039 Πνεῦμα
946 968 1008 1021 τὸ
1034 968 1191 1035 ἆγιον
1214 984 1227 997 ο
1266 970 1361 1018 καὶ
1388 965 1536 1018 ἔστιν
1568 966 1699 1018 [διον
1720 964 1879 1017 τοῦτο

294 1060 527 1131 μάλιστα
575 1060 670 1112 τοῦ
732 1060 987 1130 Πατρὸςν
1030 1061 1122 1110 καὶ
1170 1057 1268 1124 τῆς
1301 1056 1656 1118 ὑποστάσεως
1705 1056 1873 1108 αὑτοῦ

289 1155 411 1206 κατ’
446 1151 746 1222 ἐξαίρετον.
784 1152 1041 1205 Τοιοῦτον
1074 1150 1132 1202 τὸ
1163 1149 1286 1202 καθ’
1310 1150 1343 1218 ὴ
1354 1149 1472 1219 μῶν
1497 1150 1593 1201 καὶ
1621 1148 1720 1218 τῆς
1747 1150 1882 1218 ἁλη-

291 1245 444 1307 οεεας
479 1247 648 1317 αὐτῆς
683 1255 834 1317 παρὰ
868 1247 977 1300 τῶν
1013 1245 1352 1300 ὑπεναντίων
1383 1243 1727 1297 ἁναπλασθὲν
1756 1244 1882 1298 ἄτο-

291 1346 412 1387 πον.
446 1334 607 1389 υῦτω
648 1337 749 1405 τῆς
783 1338 955 1407 ἀρχῆς
993 1336 1350 1406 ὑποτεθείσης
1387 1333 1641 1405 ψευδοῦς,
1691 1336 1782 1387 καὶ
1820 1336 1883 1388 τὸ

293 1435 667 1503 συμπέρασμα
692 1432 892 1503 ψεῦδος
920 1432 1279 1503 καθέστηκεν.

361 1630 461 1684 λθ’.
496 1625 622 1683 Οἷον
655 1630 712 1685 δὲ
745 1635 987 1698 κάκεῖνο,
1031 1632 1101 1686 δι’
1129 1627 1188 1687 οὗ
1219 1633 1375 1686 τοῦτο
1426 1633 1719 1701 συνάγουσι
1750 1632 1877 1685 συλο

293 1719 639 1786 λογιστικῶς,
688 1721 827 1791 ὅπερ
856 1723 949 1774 καὶ
1003 1721 1246 1775 τιθέασιν
1294 1722 1371 1786 ὡς
1424 1724 1490 1775 ἀν
1522 1721 1738 1792 ἀξίωμα
1787 1724 1882 1775 καὶ

292 1811 481 1881 κοινὴν
539 1812 790 1875 ἐννοιαν;
825 1793 1050 1877 Ἄτην,ν
1085 1816 1241 1884 φασὶ,
1273 1815 1336 1868 τὸ
1384 1815 1590 1886 κυρίως
1616 1817 1708 1868 ἐπὶ
1741 1816 1878 1870 Θεοῦ

1982 598 2038 653 in
2068 601 2432 655 maximarum
2452 617 2631 656 rerum
2651 601 2996 674 ignoratione
3024 607 3226 660 aversati
3256 617 3407 662 sunt.
3450 606 3573 663 Ideo

1977 689 2126 745 enim
2145 693 2311 747 Deum
2326 693 2715 764 generatPater
2728 695 2873 765 quod
2890 697 3104 765 genitus
3116 714 3182 752 ex
3202 713 3268 752 eo
3283 698 3453 754 Filius
3468 710 3573 765 est,

1984 799 2093 837 non
2109 785 2253 853 quod
2272 788 2646 856 progreditur,
2681 803 2746 842 ex
2774 789 2896 859 ipso
2932 790 3311 845 exsi‘stentiam
3363 792 3573 848 habens

1986 874 2227 943 Spiritus
2247 887 2494 931 sanctus.
2529 876 2703 932 Filius
2730 887 2910 933 autem
2952 880 3044 934 Dei
3066 882 3280 949 genitor
3322 897 3429 936 non
3464 892 3570 947 est,

1979 981 2108 1020 cum
2136 965 2276 1021 Filio
2311 978 2498 1023 careat
2531 970 2646 1026 :sic
2675 987 2775 1026 nec
2807 974 2900 1026 Dei
2923 974 3140 1041 genitor
3156 985 3263 1037 est,
3293 975 3370 1029 uti
3397 991 3573 1045 neque

1985 1059 2165 1117 Filius
2200 1073 2279 1117 est
2319 1062 2565 1132 Spiritus
2593 1074 2841 1122 sanctus.
2880 1064 2943 1118 Et
2973 1076 3056 1120 est
3081 1068 3185 1122 hoc
3216 1070 3496 1137 proprium
3520 1080 3571 1123 ct

1985 1157 2322 1226 praecipuum
2350 1155 2551 1222 Patris,
2586 1166 2640 1212 et
2673 1158 2983 1228 hypostasis
3017 1159 3166 1214 illius
3196 1161 3570 1216 excellentiori

1986 1251 2224 1317 quodam
2252 1251 2438 1305 modo.
2472 1250 2539 1305 Et
2574 1252 2739 1322 hujus
2771 1262 2965 1306 contra
3003 1267 3103 1307 nos
3134 1263 3186 1307 et
3222 1252 3393 1323 ipsam
3429 1256 3572 1307 veri-

1972 1349 2152 1394 tatem
2230 1341 2299 1396 ab
2387 1343 2731 1398 adversariis
2804 1344 3032 1398 absurdi
3113 1344 3379 1411 conticti,
3446 1361 3570 1400 cum

1988 1431 2318 1501 principium
2380 1430 2580 1486 falsum
2671 1442 3061 1501 supponatur,
3156 1433 3572 1490 conclusionem

1988 1523 2117 1576 item
2186 1523 2534 1579 mendacium
2579 1526 2864 1580 continere
2928 1540 3155 1582 necesse
3184 1534 3286 1581 est.

2062 1615 2153 1672 '59.
2180 1616 2355 1685 .Quale
2387 1619 2518 1673 item
2548 1628 2654 1685 est,
2689 1620 2835 1688 quod
2872 1619 2949 1673 illi
2985 1620 3380 1676 ratiocinantes
3427 1621 3576 1677 colli-

1989 1719 2146 1780 gunt,
2190 1722 2243 1764 et
2269 1712 2345 1763 uti
2402 1712 2818 1780 pronuntiatum
2855 1720 2911 1765 et
2944 1726 3296 1768 communem
3357 1724 3576 1768 sentcn-

1968 1804 2124 1855 .tiam
2157 1802 2519 1871 proponunt?
2564 1801 2867 1871 Quidquid,
2915 1803 3197 1870 inquiunt,
3248 1804 3468 1873 proprie
3508 1810 3576 1859 de

293 1902 671 1973 θεωρούμενον
719 1908 852 1975 ἡμῖν
905 1908 1001 1960 καὶ
1044 1906 1336 1975 λεγόμενον
1386 1908 1555 1977 ἢτῆς
1604 1910 1887 1980 μακαρίας

1994 1893 2104 1949 Deo
2133 1895 2522 1949 consideratur
2554 1910 2583 1949 a
2618 1894 2779 1949 nobis
2814 1904 2868 1950 et
2921 1895 3145 1961 dicitur,
3178 1905 3273 1950 aut
3313 1905 3397 1950 est
3442 1897 3575 1951 bea-

294 1994 389 2046 xa‘t
418 1992 736 2063 ζωαρχικῆς
762 1995 989 2065 Τριάδος
1019 1996 1219 2061 κοινὸν,
1251 1997 1414 2067 ῆτῶν
1436 1996 1639 2068 ταύτης
1669 1999 1884 2052 σεπτών

293 2084 654 2137 ὑποστάσεων
693 2087 821 2155 μιᾶς
856 2086 1010 2152 ἴδιον,
1037 2088 1113 2151 ὡς
1144 2089 1428 2156 ἀναγκαία
1452 2106 1535 2153 τις
1568 2092 1601 2160 ἡ
1632 2091 1885 2161 παροῦσα

295 2175 396 2229 νῦν
427 2177 574 2241 θέσις
610 2178 813 2233 αὐτῶν.
854 2179 1049 2233 Ἔνθεν
1088 2197 1171 2233 τοι
1202 2183 1296 2234 καὶ
1337 2182 1725 2236 ἀναπόδεικτον
1751 2184 1887 2235 ταύ-

293 2286 398 2338 την
435 2271 795 2341 προφέρουσι.
822 2272 971 2343 Πλὴν
1007 2273 1144 2343 πρὸς
1181 2271 1377 2326 τούτου
1413 2276 1764 2343 ὲρωτήσομεν
1792 2276 1886 2339 δύο

293 2361 447 2425 τινὰς
477 2366 775 2434 ἐρωτήσεις
805 2366 988 2435 ἡμεῖς,
1036 2365 1131 2419 ἐὰν
1160 2367 1265 2437 ἄρα
1311 2365 1578 2420 δύνωνται
1616 2368 1884 2439 πρὸςτὴν

292 2455 554 2524 δευτέραν
586 2455 1013 2525 ἀποκρίνασθαι.
1053 2457 1128 2510 Τδ
1171 2457 1417 2512 αἱτιατδν
1468 2458 1723 2527 λέγεσθαι
1751 2476 1884 2527 τυγ-

294 2548 480 2617 χᾶνειν
534 2550 627 2601 ὲπὶ
664 2548 799 2600 Θεοῦ
849 2550 1068 2611 παντως
1116 2549 1182 2602 ἂν
1234 2551 1378 2604 κατά
1426 2553 1526 2613 τὰς
1570 2549 1678 2602 τῶν
1714 2549 1886 2619 ἁγίων

294 2641 480 2709 φωνὰς
535 2641 755 2710 φαίητε.
814 2640 987 2694 Τοῦτο
1039 2642 1095 2694 δὲ
1149 2642 1383 2714 πότερον
1430 2642 1533 2712 τῆς
1585 2641 1887 2714 θεαρχικῆς

292 2715 523 2801 τριάδος
556 2731 756 2791 κοινὸν,
789 2732 822 2801 ἢ
867 2732 986 2803 τῶν,
1025 2731 1233 2803 ταύτης
1266 2731 1483 2786 σεπτῶν
1531 2733 1887 2786 ὑποστάσεων

299 2822 430 2890 μιᾶς
465 2821 595 2874 ἴδιον
623 2838 640 2888 ;
683 2822 773 2886 Ὠς
797 2823 931 2894 ὁρῶ,
964 2824 1228 2895 κεχήνασι
1252 2825 1316 2878 τὸ
1354 2825 1528 2895 παρὸν
1569 2826 1886 2890 ἀτονοῦντες

294 2914 435 2984 πρὸς
478 2915 576 2984 τὴν
625 2917 956 2985 ἀπόκρισιν·
997 2916 1231 2985 ἐπείπερ
1285 2919 1386 2970 οὐκ
1438 2919 1653 2989 ἔχουσιν
1703 2920 1884 2972 εἰπεῖν

290 3004 568 3074 οὖμενουν
601 3007 809 3059 τούτων
841 3006 1149 3077 οὐδέτερον.
1181 3007 1253 3060 Τὸ
1289 3009 1398 3079 γὰρ
1446 3011 1689 3063 αίτιατδν
1717 3012 1888 3075 ὅντως

290 3098 390 3149 ἐπὶ
414 3096 551 3150 Θεοῦ
583 3096 972 3169 καθορώμενον
1002 3099 1138 3168 ὁμοῦ
1171 3100 1266 3152 καὶ
1296 3099 1592 3170 λεγόμενον
1632 3104 1758 3155 οὔτε
1786 3105 1887 3170 τῆς

1990 1999 2057 2044 tae
2100 1987 2335 2057 vitaeque
2372 1988 2637 2057 principis
2669 1986 2888 2044 Triadis
2932 2003 3251 2056 commune,
3286 2001 3380 2043 aut
3408 1993 3573 2046 unius

1991 2084 2317 2138 venerandae
2350 2082 2665 2152 hypostasis
2705 2081 3011 2151 proprium.
3064 2082 3131 2137 Et
3177 2087 3316 2138 hanc
3346 2085 3572 2150 positio-

1991 2189 2113 2227 nem
2146 2171 2312 2227 veluti
2345 2174 2714 2226 necessariam
2741 2172 2951 2241 absque
2975 2172 3083 2225 ulla
3106 2174 3576 2229 demonstratione

1991 2269 2046 2321 in
2087 2266 2328 2320 medium
2400 2263 2711 2334 proferunt.
2768 2261 2878 2320 Nos
2927 2265 3290 2321 nihilominus
3345 2267 3577 2337 hujuSre

1991 2373 2155 2413 causa
2184 2358 2295 2412 duo
2330 2358 2399 2411 ab
2425 2358 2559 2425 ipsis
2590 2365 2861 2425 petemus,
2887 2358 2932 2411 si
2959 2368 3141 2412 tamen
3169 2360 3238 2413 ad
3271 2363 3572 2415 secundum

1990 2464 2182 2504 eorum
2214 2449 2549 2517 respondere
2575 2457 2863 2517 poterunt:
2888 2450 3187 2506 Causatum
3210 2454 3410 2508 essein
3442 2454 3571 2521 Deo,

1992 2542 2038 2596 si
2076 2552 2399 2596 sanctorum
2437 2556 2601 2595 voces
2637 2541 2789 2610 sequi
2830 2557 2939 2597 non
2981 2545 3246 2607 abnuitis,
3285 2545 3390 2600 hoc
3422 2557 3575 2601 estne

1995 2634 2302 2688 divinitatis
2351 2633 2618 2702 principis
2664 2634 2879 2689 Triadis
2936 2650 3249 2697 commune.
3308 2656 3374 2692 an
3419 2656 3571 2692 rch-

1995 2727 2177 2781 renda:
2206 2726 2356 2781 illius
2389 2726 2705 2797 hypostasis
2735 2729 2897 2782 unius
2929 2732 3260 2800 proprium?
3289 2730 3357 2787 Ut
3393 2732 3573 2795 video,

1988 2821 2103 2890 jam
2165 2829 2357 2890 aperto
2396 2835 2493 2874 ore
2531 2821 2705 2886 hiant,
2758 2826 3104 2891 responsioni
3150 2826 3410 2895 impares,
3449 2844 3571 2881 cum

1992 2922 2247 2967 neutrum
2300 2912 2484 2967 dicere
2515 2916 2754 2968 valeant.
2796 2912 3043 2985 Namque
3085 2928 3367 2971 causatum
3426 2922 3572 2988 quod

1995 3020 2122 3060 vere
2160 3007 2213 3059 in
2256 3005 2371 3062 Deo
2423 3008 2789 3076 conspicitur,
2839 3018 2893 3062 et
2927 3011 2994 3063 de
3034 3025 3102 3062 eo
3128 3011 3353 3079 dicitur,
3397 3028 3575 3081 neque

1992 3092 2118 3145 vitae
2146 3094 2411 3163 principis
2460 3093 2677 3149 Triadis
2716 3111 3011 3153 commune
3044 3110 3152 3163 est,
3202 3117 3380 3171 neque
3413 3108 3574 3157 llltitls

293 3187 611 3258 ζωαρχικῆς
643 3189 851 3257 πέφηνε
878 3190 1111 3259 Τριάδος
1139 3191 1338 3257 κοινὸν,
1375 3191 1501 3245 οὔτε
1540 3194 1649 3247 τῶν
1681 3194 1885 3265 ταύτης

1991 3184 2137 3238 illius
2170 3185 2537 3254 hyposmseon
2565 3188 2883 3257 proprium;
2914 3194 3007 3244 sed
3041 3194 3294 3257 duarum,
3328 3203 3387 3247 ut
3425 3198 3569 3264 quis-

293 3280 652 3333 ὐποστάσεων
685 3281 819 3350 μιᾶς
868 3280 1020 3347 ἴδιον,
1051 3284 1159 3335 τῶν
1208 3283 1304 3337 δύο
1355 3284 1412 3336 δὲ
1449 3285 1650 3353 μόνων,
1694 3287 1770 3351 ὡς
1820 3288 1887 3341 ἂν

289 3372 439 3426 εἴποι
483 3389 590 3435 τις,
626 3372 760 3426 ἴδιον
794 3375 887 3427 καὶ
938 3376 1140 3439 κοινὸν,
1188 3377 1437 3430 τουτέστι
1468 3377 1564 3431 τοῦ
1612 3378 1745 3432 Υίοῦ
1792 3381 1890 3435 καὶ

290 3464 388 3515 τοῦ
420 3461 566 3517 θείου
615 3466 711 3517 καὶ
747 3452 1094 3537 παντουργοῦ
1136 3468 1476 3537 Πνεύματος.
1547 3471 1709 3525 Ὥστε
1761 3480 1894 3527 κατ-

303 3554 512 3625 ιδλήθη
543 3555 715 3608 νῦντὸ
748 3556 954 3611 τούτων
982 3557 1223 3628 ἀξίωμα,
1253 3560 1428 3612 καὶτὸ
1460 3560 1562 3631 τῆς
1591 3563 1779 3631 κοινῆς
1810 3567 1893 3615 εν-

292 3649 442 3711 νοίας
471 3649 653 3701 αὐτῶν
688 3650 839 3718 παρὰ
893 3649 1113 3703 πάντων
1147 3652 1633 3719 καταπεπάτηται.
1674 3654 1796 3717 Πῶς
1823 3657 1887 3709 ἄν

294 3757 427 3794 ποτε
471 3738 727 3810 τοιαύτην
782 3740 1053 3811 σύντομον
1103 3741 1262 3811 νίκην
1294 3743 1537 3813 νικήσειε
1582 3762 1689 3809 τις.
1728 3747 1778 3799 εί
1813 3747 1889 3817 μὴ

293 3834 524 3905 δυνάμει
546 3833 643 3886 τοῦ
666 3833 1002 3903 ἐμπνέοντος
1027 3832 1124 3886 καὶ
1150 3835 1261 3896 τοῖς
1293 3836 1506 3905 νεκροῖς
1534 3836 1887 3909 Πνεῦματος;

302 3926 405 3988 Ὠς
446 3926 513 3977 ἂν
562 3924 616 3977 δὲ
647 3926 733 3978 διὰ
766 3925 978 3979 πολλῶν
1029 3925 1122 3979 τὸν
1167 3925 1326 3995 λόγον
1379 3929 1762 4000 συστήσωμεν,
1796 3931 1890 3985 καὶ

300 4020 501 4088 μᾶλλον
550 4018 732 4073 αὐτῶν
782 4018 891 4071 τῶν
934 4018 1164 4088 ἔγγιστα
1194 4018 1289 4072 τοῦ
1341 4020 1545 4073 σκοποῦ
1576 4022 1643 4074 τὰ
1700 4025 1890 4093 πκεῤῥω

295 4113 396 4166 καὶ
442 4110 513 4163 τὰ
564 4113 784 4183 μακρὰν
817 4111 1270 4181 καταλείψαντες,
1324 4111 1386 4163 τὸ
1441 4113 1799 4169 ἀποστέλλειν
1828 4115 1891 4169 τὸ

298 4206 456 4274 ἅγιον
488 4205 711 4275 Πνεῦμα
755 4204 847 4257 τοῦ
890 4205 1106 4275 Πατρδς
1139 4206 1259 4274 ἃμα
1289 4205 1385 4258 καὶ
1421 4205 1515 4258 τοῦ
1559 4205 1727 4259 Υίοῦο
1762 4207 1888 4261 τού-

301 4315 395 4351 του
452 4296 508 4350 δὲ
558 4299 652 4349 τοῦ
705 4296 851 4349 θείου
911 4296 1234 4367 Πνεύματος
1293 4296 1392 4350 οὐκ
1436 4296 1584 4350 ἔστιν
1638 4299 1891 4370 οὐδαμῶς

298 4390 421 4443 οὐδὲ
463 4386 705 4458 λέγεται,
741 4389 830 4443 διὰ
865 4388 925 4442 τὸ
959 4389 1123 4459 μὴτὸ
1162 4390 1293 4443 αὐτὸ
1334 4389 1591 4456 καθάπαξ
1625 4392 1891 4463 ἐγχωρεῖν

299 4487 629 4544 ὰποστέλλον
680 4486 856 4539 τελεῖν
905 4487 999 4538 καὶ
1053 4482 1559 4554 ἀποστελλόμενονο
1615 4487 1721 4539 οὐδ’
1756 4487 1891 4541 ἀποο

1993 3279 2135 3345 piam
2166 3277 2397 3343 diceret,
2433 3280 2715 3349 proprium
2751 3291 2806 3335 et
2844 3297 3157 3347 commune,
3210 3284 3349 3358 Filii_
3381 3305 3574 3358 nempe

1991 3378 2044 3422 et
2076 3369 2249 3423 divini
2277 3374 2574 3440 omniaque
2606 3374 2887 3442 operantis
2918 3373 3184 3444 Spiritus.
3215 3376 3398 3442 Quare
3426 3397 3572 3434 nunc

1991 3477 2182 3516 eorum
2225 3465 2641 3531 pronuntiatum
2701 3482 2978 3532 eversum,
3020 3476 3073 3523 et
3122 3473 3435 3527 communis
3477 3488 3574 3526 eo-

1994 3554 2244 3607 rumdent
2330 3557 2600 3611 sententia
2656 3558 2725 3613 ab
2785 3561 3044 3615 omnibus
3097 3564 3416 3619 conculcata
3471 3578 3575 3621 est.

1994 3644 2244 3710 Quanam
2311 3646 2524 3701 ratione
2579 3647 2717 3702 adeo
2777 3649 3230 3718 compendiosam
3287 3656 3574 3710 victoriam

1993 3737 2291 3806 quispiam,
2320 3738 2424 3793 nisi
2451 3737 2716 3809 Spiritus,
2750 3741 2844 3809 qui
2882 3741 3047 3796 etiam
3073 3743 3577 3818 demortuisinspi-

1992 3842 2097 3894 rat,
2151 3829 2414 3887 facultate
2481 3834 2972 3901 consequeretur?
3030 3834 3107 3889 Ut'
3146 3851 3276 3889 vero
3330 3840 3579 3908 pluribus

1992 3924 2296 3977 orationem
2318 3924 2765 3988 corroboremus,
2796 3926 2865 3981 iis
2901 3928 3249 3997 potissimmn
3302 3947 3424 4000 quae
3451 3949 3580 4004 pro-

1995 4016 2171 4084 posito
2206 4013 2455 4081 proxima
2505 4025 2656 4077 sunt,
2688 4025 2742 4070 ct
2770 4033 2891 4086 quae
2939 4018 3099 4088 longe
3135 4023 3443 4092 proculque
3476 4022 3576 4077 ab-

1992 4117 2139 4171 sirnt,
2185 4108 2469 4176 neglectis,
2522 4118 2740 4164 mttere
2810 4110 3073 4180 Spiritum
3111 4123 3364 4168 sanctum
3396 4116 3581 4172 Patris

1992 4209 2047 4254 ct
2077 4197 2198 4253 Filii
2223 4208 2325 4259 est,
2349 4199 2579 4269 hujusce
2609 4215 2737 4255 vero
2763 4201 3002 4271 Spiritus
3028 4206 3206 4259 sancti
3234 4207 3384 4259 nullo
3410 4210 3575 4263 modo

1992 4305 2096 4358 est,
2133 4308 2308 4362 neque
2335 4292 2561 4358 dicitur,
2598 4296 2745 4363 quod
2780 4296 2899 4350 tieri
2953 4300 3163 4368 nequit,
3187 4309 3265 4377 (ut
3320 4303 3463 4356 idem
3502 4304 3577 4358 sit

1995 4388 2216 4443 mittens
2247 4397 2298 4441 et
2335 4388 2537 4443 missus
2568 4404 2582 4453 ;
2626 4403 2803 4458 neque
2840 4388 2986 4442 aliud
3040 4391 3320 4461 quidpiam
3360 4396 3579 4451 mittere

1996 4494 2224 4549 prorsus
2290 4478 2579 4547 gloriatur,
2643 4479 2791 4549 quod
2860 4481 3105 4551 ejusdem
3137 4484 3211 4537 sit
3246 4500 3371 4538 cum
3409 4491 3489 4541 eo
3523 4497 3587 4542 et-

308 4578 551 4632 στέλλειν
581 4579 768 4647 ἕτερόν
793 4592 843 4629 τι
869 4576 928 4628 τὸ
955 4577 1220 4648 παράπαν
1252 4578 1429 4648 αὐχεῖ,
1461 4577 1727 4649 τυγχάνον
1755 4577 1886 4648 ὁμό-

1993 4573 2177 4641 glorize
2204 4581 2259 4626 ct
2285 4572 2535 4627 lionOris.
2581 4570 2721 4637 Quid
2761 4574 2864 4627 hoc
2900 4574 2966 4628 ad
3006 4591 3167 4643 quem
3205 4577 3337 4630 mihi
3366 4579 3434 4632 ab
3470 4580 3578 4634 ini-

298 4671 453 4737 δοξον
489 4671 583 4723 καὶ
610 4671 873 4738 ὁμότιμον
903 4668 1094 4721 αὐτοῦ.
1125 4667 1190 4720 Τί
1223 4686 1311 4737 μοι
1335 4669 1397 4721 τὸ
1423 4670 1596 4740 παρὸν
1628 4670 1763 4741 πρὸς
1791 4671 1883 4723 τὸν

300 4760 543 4833 ἀρχῆθεν
582 4762 819 4823 axon/nr;
856 4758 1092 4829 ἐχόμενα
1123 4759 1316 4812 τούτου
1348 4762 1441 4812 καὶ
1472 4761 1880 4833 πλησιαίτερον.

298 4858 442 4911 Δῦτὸ
494 4857 719 4926 Πνεῦμα
786 4855 847 4908 τὸ
885 4854 1040 4923 ἅγιον
1097 4854 1318 4923 πνεῦμα
1367 4855 1461 4907 τοῦ
1516 4857 1730 4928 Πατρὸς
1788 4858 1884 4910 κα)⁵

300 4951 521 5021 πνεῦμα
564 4949 657 5003 τοῦ
692 4949 844 5013 Υίοῦ,
889 4946 1109 5017 πνεῦμα
1137 4946 1194 4998 δὲ
1247 4946 1340 4999 τοῦ
1397 4947 1717 5016 Πνεῦματος
1757 4949 1881 5003 οὔτε

296 5046 565 5112 πέφυκεν,
595 5040 719 5095 οὔτε
757 5041 865 5110 μὴν
912 5038 1258 5109 ὀνομάζεται,
1288 5037 1378 5090 διὰ
1403 5039 1466 5091 τὸ
1514 5040 1652 5109 μηδὲ
1698 5041 1882 5113 ὑπάρ-

298 5155 417 5208 χειν
465 5133 680 5196 ἑαυτοῦ,
735 5132 856 5203 μηδ’
902 5130 1253 5202 εὑρίσκεσθαι
1302 5128 1463 5183 τοῦτο
1521 5131 1882 5201 καλούμενον.

300 5230 437 5283 oga:
473 5227 633 5282 πάλιν
680 5226 1021 5295 καθέστηκεν
1052 5223 1146 5277 τοῦ
1176 5223 1491 5293 Πνεύματος
1521 5224 1649 5277 ἄλλο
1678 5241 1754 5289 τι,
1779 5225 1883 5293 τῆς

297 5325 551 5395 ιεότητος
595 5322 887 5389 ίσταμένῃς
922 5321 977 5369 ὲν
1022 5322 1203 5386 τρισὶν
1239 5317 1625 5371 ὑποστάσεσιν.
1680 5317 1883 5371 Λοιπὸν

296 5417 392 5468 mi.
436 5417 535 5484 τὴν
568 5411 802 5483 ὕπαρξιν
852 5410 1117 5463 πλουτοῦν
1164 5410 1226 5461 τὸ
1275 5409 1501 5478 Πνεῦμα
1530 5411 1591 5463 τὸ
1634 5410 1792 5479 ἅγιον
1817 5412 1883 5463 ἐκ

292 5510 387 5562 τοῦ
423 5509 631 5578 Πατρὶς
661 5505 779 5576 ἅμα
813 5508 908 5557 καὶ
939 5501 1034 5555 τοῦ
1064 5501 1218 5568 Υίοῦ,
1259 5503 1466 5570 ταύτην
1498 5504 1561 5556 οὐ
1591 5503 1882 5577 κέκτηται,

299 5602 393 5655 καὶ
426 5602 558 5672 παρ’
601 5597 791 5652 ἑαυτοῦ
825 5599 884 5650 τὸ
917 5596 1138 5650 σύνολον
1187 5597 1309 5649 οὐδὲ
1339 5596 1483 5666 ἔχειν
1516 5599 1627 5660 τοῖς
1665 5600 1880 5662 πιστοῖς

296 5692 761 5761 καταγγέλλεται·
796 5691 928 5742 διότι
961 5688 1095 5759 μηδὲ
1137 5691 1384 5752 δυνατὸν,
1430 5689 1555 5758 μηδ’
1593 5688 1883 5760 ἐνδεχόμε-

297 5806 387 5841 νον
419 5784 687 5850 ὁπωσοῦν,
720 5784 878 5837 τοῦτο
905 5786 1002 5854 τῆς
1037 5782 1326 5850 ὑπάρξεως
1370 5784 1468 5852 τῆς
1499 5782 1705 5845 οἰκείας
1736 5780 1879 5839 εἶναι

299 5858 607 5951 παραίτιον.
642 5879 752 5949 Τῆς
802 5878 858 5931 δὲ
890 5876 1119 5947 Τριάδος
1172 5879 1232 5928 τὸ
1278 5875 1486 5929 τέλειον
1517 5877 1791 5947 φερούσης
1823 5880 1881 5933 ὲν

1993 4665 2072 4718 tio
2100 4679 2328 4734 sc0pum
2382 4678 2778 4733 preposueram
2802 4663 2827 4717 ‘I
2863 4665 3089 4735 propius
3113 4666 3179 4720 ad
3221 4666 3397 4735 ipsum
3422 4684 3580 4726 accc-

1994 4758 2208 4813 damus.
2248 4757 2486 4828 Spiritus
2513 4767 2746 4814 sanctus
2767 4759 2996 4828 spiritus
3026 4757 3226 4824 Patris,
3266 4771 3321 4816 et
3348 4763 3581 4833 'spiritus

1993 4849 2140 4915 Filii,
2167 4851 2395 4921 spiritus
2417 4866 2547 4905 vero
2581 4851 2818 4919 Spiritus
2844 4867 3019 4921 neque
3039 4862 3125 4907 est
3160 4869 3338 4924 neque
3375 4858 3582 4911 vociza-

1997 4953 2108 5007 tttr,
2140 4944 2285 5014 quod
2324 4959 2435 4999 non
2478 4953 2563 4999 est
2595 4944 2679 4999 sui
2732 4944 2931 5014 ipsius,
2963 4962 3140 5016 neque
3166 4951 3477 5018 reperiatur
3505 4953 3579 5005 ita

1996 5046 2370 5106 nuncupatus.
2391 5035 2580 5105 Neque
2607 5053 2802 5092 rursus
2828 5037 2974 5092 aliud
3009 5041 3289 5109 quidpiam
3331 5042 3579 5110 assigna-

1996 5138 2086 5182 tur
2117 5129 2218 5196 ipsi
2242 5126 2489 5197 Spiritui,
2518 5142 2643 5181 cum
2667 5128 2852 5183 Deitas
2889 5130 2943 5184 in
2982 5131 3160 5186 tribus
3193 5132 3591 5202 hypostasibus'

1994 5219 2280 5274 consistat.
2318 5217 2503 5283 Quare
2528 5233 2655 5272 cum
2692 5221 3072 5275 exsistentiam
3103 5224 3302 5277 habeat
3335 5220 3578 5292 Spiritus

1996 5318 2223 5363 sanctus
2253 5323 2318 5362 ex
2356 5307 2516 5365 Patre
2544 5309 2708 5363 simul
2750 5321 2805 5365 et
2834 5310 2997 5375 Filio,
3031 5329 3151 5368 eam
3183 5331 3290 5369 non
3329 5314 3581 5385 pessidr—

1996 5405 2073 5458 bit
2107 5404 2332 5457 omnino
2385 5403 2551 5456 etiam
2611 5420 2642 5458 a
2678 5407 2999 5474 semetipso,
3064 5422 3242 5477 neque
3310 5410 3517 5463 habere
3549 5428 3576 5460 δι

1997 5498 2246 5552 tidelibus
2309 5496 2722 5567 pronuntiatur,
2775 5500 2922 5567 quod
2975 5500 3094 5554 ﬁeri
3146 5501 3354 5570 nequit,
3401 5519 3578 5571 neque

1991 5594 2217 5650 omnino
2245 5592 2405 5647 liceat
2426 5591 2537 5646 ullo
2559 5591 2742 5652 modo,
2795 5593 2941 5644 hunc
2989 5593 3326 5647 exsistenti;e
3347 5597 3581 5664 propriae

1994 5703 2215 5744 causam
2251 5700 2396 5739 esse.
2425 5683 2560 5738 Cum
2603 5698 2733 5736 vero
2762 5682 2919 5739 Trias
2948 5684 3341 5753 perfectionem
3376 5706 3488 5756 prae
3516 5706 3575 5741 ευ

1991 5783 2133 5837 [crat
2163 5779 2327 5832 rebus
2348 5776 2608 5831 omnibus
2637 5775 2690 5828 in
2725 5774 2955 5838 Deitate,
2994 5792 3229 5845 persona
3264 5778 3368 5831 alia
3394 5796 3578 5835 essen-

1994 5874 2197 5931 tialitet‘
2224 5884 2287 5925 ex
2322 5870 2616 5939 semetipsa
2642 5883 2748 5923 u0n
2769 5869 2977 5941 prodit,
3011 5868 3077 5924 ad
3101 5871 3245 5939 quod
3278 5873 3585 5927 absurdum
