4072 6404
342 332 470 400 1231

1184 342 1281 403 DE
1322 341 1838 404 PROCESSIONE
1881 344 1937 405 S.
1986 338 2346 406 SPIRITUS
2387 338 2608 404 ORAT.
2653 337 2739 400 ΙῘ.

3448 334 3593 403 126?.

336 447 428 499 θεν
461 445 843 516 προτεθεῖσαις
870 448 1023 519 ἡμῖν,
1056 449 1261 514 αἵτινες
1292 452 1593 521 ἀναφανδὸν
1622 452 1914 522 κυρύττου-

2022 467 2209 519 quam.
2249 451 2341 521 qui
2376 451 2513 505 alios
2541 448 2810 519 sapientia
2842 460 3126 519 superant,
3158 458 3212 503 et
3243 448 3296 501 iu
3341 446 3554 515 Scripzu

337 556 425 591 σιν
473 537 741 608 ὑπάρχειν
775 542 882 595 κάκ
932 541 1028 595 τοῦ
1089 543 1220 597 Υίυῦ
1250 543 1339 597 τδε
1367 546 1591 617 Πνεῦμα
1638 545 1698 599 τὸ
1734 544 1908 612 ἅγιον.

336 631 608 699 Τοιαύτην
641 633 703 685 τὸ
736 633 913 701 παρὸν
954 635 1133 704 δόγμα
1178 637 1285 690 κάκ
1319 637 1429 690 τῶν
1479 637 1659 708 ῥητῶν
1706 636 1913 691 τούτων

335 721 429 775 νῦν
469 723 725 793 ἔσχεςτὴν
778 726 1053 791 ἀπόδειξιν
1083 726 1200 797 ἅμα
1234 730 1329 783 καὶ
1378 728 1478 797 τὴν
1528 729 1910 798 συγκρότησιν,

334 815 471 883 ὅπερ
501 815 597 867 κοιλ⁸
629 817 734 886 πρὸ
775 817 954 870 αὐτῶν
991 820 1174 872 πᾶσαν
1219 819 1320 891 τὴν
1352 818 1611 889 ἀλήθειαν
1646 818 1790 889 ἔχειν
1837 819 1913 884 ὡς

337 904 497 975 ὀρθόν
538 907 839 962 ἀπταιστόν
866 925 924 963 τε
958 912 1051 963 καὶ
1080 912 1317 979 ἀσφαλὲς
1358 911 1447 967 διὰ
1480 911 1749 964 πλείστων
1775 909 1909 982 χρή-

336 1013 473 1049 σεων
495 998 698 1069 ἐτέρων
724 1002 1007 1070 πατρικῶν
1034 1002 1402 1072 ἀποχρώντως
1425 1001 1521 1056 καὶ
1545 1001 1746 1066 ἱκανῶς
1773 1019 1915 1071 παρ-

332 1089 666 1157 εστήσαμεν,
748 1091 1017 1160 μηδαμῶς
1055 1092 1373 1164 ἐξηγήσεως
1425 1092 1697 1161 δεομένων
1742 1093 1911 1157 τινὸς,

337 1181 462 1249 μηδ’
512 1181 807 1250 ἑρμηνείας
843 1184 1114 1253 μηδεμιᾶς
1148 1185 1228 1247 εἰς
1285 1183 1615 1255 κατάληψιν,
1658 1184 1719 1238 ού
1768 1183 1913 1253 λέγω

333 1272 445 1332 τοῖς
480 1271 590 1323 τῶν
626 1270 833 1324 πολλῶν
865 1272 1278 1343 ύπερκειμένοις
1326 1275 1417 1328 τὸν
1445 1274 1592 1338 νοῦν,
1630 1276 1722 1328 καὶ
1748 1275 1913 1328 πλέον

335 1362 394 1413 ὲν
426 1364 544 1425 ταῖς
594 1364 837 1433 ι’ραφαίς
884 1365 992 1417 τῶν
1020 1365 1197 1419 ἀλλων
1224 1366 1607 1434 γινώσκουσιν,
1659 1367 1794 1421 ἀλλά
1820 1367 1912 1420 καὶ

333 1457 445 1517 τοῖς
477 1456 827 1526 ἀμελετήτως
860 1456 1045 1527 ἔχουσι
1081 1458 1193 1513 τῶν
1218 1460 1390 1527 λόγων
1415 1460 1599 1522 αὐτοῖς
1626 1475 1642 1492 ο
1686 1462 1914 1524 καὶτοῖς

334 1546 594 1610 τοιούτοις
628 1548 736 1617 γαρ
789 1549 844 1601 αῖ
899 1549 1118 1613 πλείους
1164 1556 1464 1623 σαφηνείας
1514 1553 1574 1606 οὐ
1627 1552 1908 1625 χρῄζουσι.

335 1637 548 1700 Ταύτας
579 1638 637 1690 δὲ
668 1638 1054 1711 συλλεξάμενοι
1088 1641 1223 1710 παρ’
1268 1643 1405 1696 ὅλων
1436 1642 1774 1709 ἁπαξαπλῶς
1801 1642 1912 1696 τῶν

334 1727 433 1795 τῆς
464 1725 746 1789 εὐσεϐείας
799 1730 1181 1799 μυσταγωγῶν
1230 1729 1686 1802 προτεθείκαμεν.
1722 1730 1913 1797 Οὕτως

2017 545 2093 599 ris
2130 542 2520 616 dignosceudis
2565 542 2684 611 plus
2733 540 2858 595 aliis
2903 540 3108 605 valent,
3157 540 3251 595 sed
3304 538 3369 593 iis
3402 541 3591 606 etiam,

2015 636 2108 706 qui
2166 638 2313 692 circa
2369 648 2660 689 sermones
2699 648 2893 701 segnes
2931 641 3098 703 atque
3145 632 3366 686 hebetes
3413 642 3588 687 sunt:

2014 727 2218 780 horum
2277 723 2550 794 siquidem
2585 722 2788 792 potiori
2819 721 2958 792 parti
2996 721 3271 791 expositio
3302 735 3441 789 opus
3482 733 3591 776 non

2018 815 2204 872 fuerit.
2250 815 2315 868 Et
2359 815 2475 870 hac
2533 815 2762 869 collecta
2810 829 2875 867 cx
2919 813 3178 868 omnibus
3229 813 3341 866 fere
3377 812 3592 881 pietatis

2016 906 2349 979 mystagngis
2384 906 2800 976 proposuimus.
2843 903 2969 959 llaec
3027 918 3220 959 omnes
3264 902 3587 976 diviniloqul

2014 996 2069 1054 et
2100 996 2339 1052 Numine
2370 996 2534 1051 amati
2569 996 2761 1052 Patres
2810 996 3007 1061 nostri,
3056 995 3259 1065 quibus
3302 1009 3589 1051 sacrorum

2017 1089 2566 1158 venerandorumque
2611 1088 2927 1158 dogmatum
2976 1104 3206 1143 examen
3259 1101 3408 1142 cura:
3462 1085 3589 1148 fuit,

2016 1182 2241 1238 stabiles
2306 1182 2605 1252 solidaeque
2644 1180 2906 1237 Ecclesia:
2957 1182 3252 1244 columnze,
3296 1190 3352 1235 et
3398 1178 3594 1234 incon-

2015 1289 2176 1330 cussa
2196 1288 2259 1329 ac
2290 1274 2607 1330 ﬁrmissima
2646 1274 2891 1329 veritatis
2925 1271 3358 1344 prepuguacula,
3388 1271 3590 1341 saepius

2016 1367 2071 1421 in
2102 1364 2222 1422 suis
2259 1366 2677 1422 commentariis
2719 1365 3103 1429 decreverunt,
3133 1373 3188 1418 et
3217 1372 3463 1433 patenter
3492 1364 3595 1418 ad-

2017 1457 2265 1518 modum,
2301 1458 2469 1512 etiam
2500 1473 2564 1511 ex
2598 1456 2741 1512 Filio
2773 1458 3152 1512 exsistcntiam
3180 1457 3385 1513 habere
3418 1455 3595 1526 Spiri-

2015 1558 2131 1603 tum
2176 1558 2448 1616 sanctum,
2477 1550 2680 1620 quibus
2710 1549 2895 1619 plane,
2938 1559 2995 1603 ut
3026 1548 3080 1603 in
3115 1550 3239 1604 aliis
3271 1548 3594 1618 tlieologicis

2014 1657 2206 1696 eorum
2238 1641 2425 1706 dictis,
2458 1656 2652 1695 omnes
2684 1641 2843 1696 iidem
2876 1642 3040 1696 etiam
3079 1640 3133 1695 in
3170 1642 3274 1695 hoc
3305 1638 3591 1703 adhibere,

2016 1745 2069 1789 et
2118 1734 2447 1788 sententiam
2495 1735 2650 1804 sequi
2694 1733 2940 1798 addecet,
2987 1749 3110 1788 cum
3166 1733 3298 1802 ipsis
3346 1731 3399 1786 in
3449 1747 3585 1793 uno,
3686 1786 3703 1797 ,

336 1816 576 1883 ἅπαντες
613 1819 659 1872 οῖ
694 1797 947 1889 θεηγόροι
978 1797 1421 1892 καῖθεόφθογγοι
1450 1823 1693 1895 Πατέρες
1734 1823 1910 1895 ἡμῶν,

2021 1824 2085 1879 de
2113 1839 2223 1895 quo
2256 1840 2402 1879 nunc
2434 1825 2669 1895 agimus,
2703 1824 3102 1890 contradicere,
3139 1824 3192 1878 iu
3235 1822 3494 1877 omnibus
3524 1822 3595 1877 ab

335 1908 481 1971 ὅσοις
511 1911 545 1980 ἡ
575 1911 684 1963 τῶν
737 1912 905 1983 ἱερῶν
938 1912 1175 1984 ἐμέλησε
1228 1915 1322 1968 καὶ
1365 1914 1578 1968 σεπτῶν
1628 1916 1914 1985 δογμάτων

333 2000 601 2066 ἐξέτασις,
638 2003 690 2055 οῖ
720 2007 820 2072 τῆς
854 2005 1184 2074 Ἐκκλησίας
1212 2007 1428 2079 στερροὶ
1456 2006 1638 2061 στῦλοι
1664 2009 1757 2061 καὶ
1782 2025 1916 2079 κρα-

334 2094 497 2155 ταιοὶ,
529 2094 599 2147 τὰ
632 2095 946 2165 ἀκράδαντα
975 2097 1076 2167 τῆς
1102 2098 1362 2170 ἀληθείας
1395 2099 1734 2171 προπύργια,
1780 2101 1913 2154 πολ-

335 2184 495 2249 λάκις
520 2189 579 2240 ὲν
626 2190 737 2252 τοῖς
774 2189 954 2245 αὐτῶν
977 2190 1157 2259 λόγοις
1206 2191 1587 2262 ἑδογμάτισαν,
1620 2194 1714 2247 καὶ
1754 2209 1909 2263 περι-

336 2276 544 2345 φανῶς,
578 2277 658 2330 ὅτι
707 2280 825 2333 κάκ
851 2279 948 2333 τοῦ
999 2279 1132 2334 Υίοῦ
1167 2281 1228 2335 τὸ
1258 2280 1484 2353 Πνεῦμα
1512 2282 1574 2335 ab
1616 2283 1769 2351 ἀγιον
1799 2280 1914 2353 ἔχει

334 2366 435 2437 τὴν
469 2369 720 2441 ὓπαρξιν,
752 2366 832 2436 οἷς
867 2372 1024 2443 δῆτα,
1068 2373 1251 2436 καθὼς
1292 2376 1350 2428 ἐν
1398 2374 1602 2438 πάσαις
1645 2377 1770 2439 ταῖς
1798 2374 1911 2429 λοι·-

336 2461 465 2522 παῖς
494 2458 795 2531 θεολογίαις
828 2464 1033 2529 αὐτῶν,
1065 2466 1192 2529 τοὺς
1221 2466 1431 2530 πάντας
1464 2466 1748 2522 πείθεσθαι
1779 2467 1912 2526 κάν-

336 2551 512 2606 ταῦθα
548 2556 640 2607 καὶ
669 2555 1085 2612 κατακολουθεῖν
1110 2558 1319 2613 δίκαιον
1346 2573 1363 2589 ⁸
1394 2559 1585 2630 ἐπειδὴ
1611 2560 1672 2615 τὸ
1700 2559 1911 2627 τούτοις

337 2646 521 2710 αὐτοῖς
548 2648 850 2717 ἀντιλέγειν
876 2650 933 2704 ὲν
962 2650 1064 2716 ἑνὶ,
1090 2650 1339 2706 τουτέστι
1366 2650 1446 2723 τῷ
1469 2650 1584 2717 νῦν,
1612 2652 1669 2706 ὲν
1702 2651 1910 2707 ἅπασιν

2014 1914 2218 1971 eisdem
2248 1915 2477 1971 Deitatis
2524 1915 2876 1987 dogmatibus
2922 1914 3307 1970 contradicere
3362 1914 3455 1968 sit.
3488 1911 3595 1979 Qui

2016 2018 2199 2064 autem
2265 2009 2370 2064 boc
2428 2010 2682 2079 peragit,
2733 2009 2890 2080 plane
2951 2017 3142 2065 sancto
3202 2008 3596 2077 ador-nudoque

2017 2100 2271 2171 Spiritui,
2304 2117 2334 2155 a
2373 2116 2481 2171 quo
2528 2109 2589 2155 ut
2619 2101 2941 2173 plurimum,
2977 2101 3225 2171 quinimo
3271 2100 3594 2155 indesinen-

2022 2200 2106 2246 ter
2165 2189 2379 2261 agitati,
2437 2200 2492 2245 et
2546 2199 2607 2247 ttt
2661 2192 2843 2260 aptius
2891 2190 3096 2255 dicant,
3153 2190 3344 2256 amati,
3407 2174 3611 2246 divina

2021 2297 2293 2358 sacraque
2347 2290 2512 2338 rectre
2548 2282 2670 2337 iidei
2708 2282 2968 2355 dogmata
3014 2281 3172 2339 nobis
3222 2282 3594 2352 exponebant,

2020 2374 2261 2439 obsistit,
2293 2375 2348 2429 id
2393 2374 2579 2430 multis
2624 2374 2877 2430 amentiae
2928 2377 3170 2444 signum,
3201 2374 3432 2430 insania:
3470 2373 3594 2429 aliis

2022 2468 2287 2525 indicium
2325 2477 2431 2535 est,
2470 2466 2615 2538 quod
2644 2483 2713 2524 ne
2751 2468 3030 2539 patiamur
3065 2468 3118 2523 in
3169 2467 3328 2522 finem
3366 2467 3597 2536 supplex

2019 2576 2213 2629 exoro,
2248 2576 2424 2632 neque
2454 2562 2602 2633 quod
2634 2562 2759 2618 inde
2786 2562 3036 2617 imminet
3064 2560 3261 2616 animae
3289 2558 3591 2630 periculum

2020 2655 2337 2710 subeamus.

338 2739 641 2808 ἀντιλέγειν
691 2742 807 2795 ἐστὶ
836 2743 949 2806 τοῖς
987 2742 1233 2815 ῥηθεῖσιν
1277 2743 1369 2797 ὑπ’
1406 2742 1591 2799 αὐτῶν
1636 2743 1922 2815 δόγμασιν.
1976 2745 2034 2800 '0
2066 2746 2125 2800 δὲ
2197 2746 2356 2800 τοῦτο
2386 2744 2554 2799 ποιῶν
2596 2746 2913 2800 ἀντιπίπτει
2949 2744 3134 2816 σαφῶς
3179 2745 3260 2815 τῷ
3310 2745 3451 2816 ἀγίῳ
3481 2743 3577 2799 καὶ

339 2836 703 2908 προσκυνητῷ
749 2836 1055 2908 Πνεῦματι,
1089 2840 1224 2911 παρ’
1257 2833 1318 2893 οὖ
1362 2840 1427 2893 τὸ
1492 2838 1654 2893 πλέον
1704 2838 2107 2913 ἐνεργούμενοι,
2177 2841 2381 2912 κυρίως
2414 2839 2460 2894 δ’
2524 2839 2720 2908 εἰπεῖν,
2747 2839 3111 2911 ὲμπνεόμενοι
3160 2840 3256 2894 καὶ
3288 2839 3488 2909 μᾶλλον
3515 2841 3577 2892 ab

342 2932 451 2983 πᾶν
488 2930 557 2985 τά
600 2930 718 2983 θεῖα
769 2931 866 2985 κα)⁸
905 2929 1029 3003 ἱερά
1074 2934 1175 3004 τῆς
1215 2931 1390 3003 ὀρθῆς
1440 2933 1639 2988 ἐκεῖνοι
1685 2933 1921 2999 πίστεως
1962 2933 2234 2999 ὲξετίθουν
2265 2935 2397 3006 ἡμῖν
2430 2933 2677 3005 δόγματα
2702 2949 2718 2966 ⁸
2749 2932 2811 2986 τὺ
2878 2933 2935 2987 δὲ
2969 2933 3399 3004 παραφροσύνης
3431 2931 3573 3000 γνώο

342 3038 512 3091 ρισμα
538 3023 649 3084 τοῖς
691 3021 927 3087 πολλοῖς,
968 3022 1168 3093 μανίας
1198 3023 1257 3077 δέ
1299 3040 1440 3079 τισιν
1468 3026 1678 3095 ἀφάτσυ
1706 3026 2029 3096 τεκμήριον,
2060 3025 2088 3080 ὃ
2151 3028 2246 3080 καὶ
2276 3027 2352 3097 μὴ
2381 3026 2674 3098 πάθοιμεν,
2741 3025 2988 3097 ἀδελφοὶ,
3056 3025 3145 3079 διὰ
3172 3025 3385 3090 τέλους,
3417 3042 3601 3094 παρασ-

339 3117 510 3183 καλῶ,
567 3117 702 3191 μηδὲ
736 3117 827 3173 τὸν
873 3119 1123 3174 ἐντεῦθεν
1174 3118 1551 3191 ὗποσταίημεν
1587 3121 1687 3193 τῆς
1735 3121 1915 3194 ψυχῆς
1949 3121 2214 3177 κίνδυνον.

412 3219 523 3283 μα’.
553 3212 750 3284 Τρέπω
778 3213 887 3283 γὰρ
914 3213 1116 3286 ἀπάρτι
1142 3214 1320 3279 καλῶς
1347 3215 1409 3268 τὸ
1436 3214 1530 3271 τοῦ
1560 3215 1720 3283 λόγου
1750 3216 1916 3285 πρόσ-

2095 3215 2186 3271 41.
2233 3214 2511 3271 Converte
2556 3214 2825 3284 siquidem
2880 3228 3027 3273 nunc
3072 3212 3142 3269 ad
3189 3227 3288 3268 vos
3329 3211 3598 3269 orationis

330 3322 483 3359 ωπον
532 3304 668 3377 πρὸς
713 3306 876 3374 ὑμᾶς,
922 3304 1051 3369 τοὺς
1118 3308 1283 3379 μέχρι
1332 3305 1426 3366 τοῦ
1481 3306 1578 3361 νῦν
1622 3306 1758 3378 πρὸς
1807 3307 1909 3378 τὴν

338 3394 599 3465 ἀλήθειαν
649 3394 836 3458 κακῶς
890 3393 1317 3462 ἀντιϐαίνοντας,
1347 3395 1556 3468 οὕσπερ
1594 3395 1704 3451 οὐδ’
1760 3395 1912 3450 ἀδελ-

339 3474 485 3553 φοίις⁸
505 3485 961 3568 αίσχύνομαικαὶ
983 3486 1145 3544 πάλιν
1170 3489 1379 3555 καλεῖν,
1415 3489 1520 3543 κᾶν
1541 3490 1632 3543 ἐπὶ
1657 3491 1912 3545 τοσοῦτον

337 3575 498 3645 ἡμῶν
535 3577 632 3629 καλ⁸
663 3577 868 3646 ταύτης
909 3577 1177 3643 διέστητε.
1212 3581 1669 3652 Προσοικειοῦμαι
1716 3581 1775 3635 δὲ
1810 3582 1913 3652 μά-

337 3665 496 3721 λιστα
530 3670 626 3722 καὶ
666 3670 726 3722 τὺ
756 3671 929 3734 πάθος
960 3670 1138 3741 ὗμῶν,
1184 3675 1284 3744 οὐχ
1314 3668 1476 3745 ἦττον
1509 3676 1566 3729 δὲ
1597 3675 1693 3729 καὶ
1730 3674 1821 3728 τὸν
1847 3677 1912 3729 ἐκ

336 3757 530 3811 τούτου
555 3759 787 3831 ψυχικὸν
814 3760 1057 3831 ὄλεθρον,
1085 3762 1237 3833 νόμῳ
1263 3764 1363 3833 τῆς
1391 3759 1458 3837 ἦς
1487 3764 1622 3835 πρὸς
1650 3764 1911 3838 ἀλλήλους

335 3845 627 3915 ὀφείλομεν
657 3848 879 3916 ἀγάπης
908 3851 958 3904 οἱ
988 3846 1492 3923 προσαγορέῧεσοαι
1517 3855 1774 3927 λαχόντες
1804 3855 1911 3909 ἀπὸ

337 3935 600 4008 Χριστοῦ,
633 3939 850 4010 καὶτῆς
884 3942 1158 4013 προτέρας
1200 3942 1320 3996 κατ’
1340 3943 1615 4015 ἐξαίρετόν
1658 3946 1806 3999 ἐστιν
1853 3948 1914 4000 ἐν

339 4024 422 4093 οἷς
453 4029 561 4084 ἀπὸ
590 4030 808 4086 πάντων
837 4032 990 4102 ὑμῶν
1014 4034 1197 4100 φιλίας
1228 4035 1321 4089 καὶ
1348 4036 1637 4101 διαθέσεως
1655 4052 1669 4068 ³
1698 4039 1792 4092 καὶ
1815 4057 1917 4093 κα·

336 4120 581 4178 ταλείπω
622 4123 719 4194 τὴν
756 4123 942 4195 κοινὴν
981 4123 1145 4194 φύσιν
1178 4126 1356 4197 ἡμῶν,
1402 4126 1522 4199 ἥτις
1562 4129 1668 4198 πρὸ
1711 4130 1914 4185 τούτων

339 4213 473 4267 αὐτὸ
501 4213 873 4284 παραδίδωσιν
899 4233 914 4245 ·
948 4215 1029 4271 ἔτι
1059 4215 1122 4271 τὸ
1152 4218 1288 4289 πρὸς
1315 4221 1413 4289 τῆς
1448 4219 1599 4290 ἱερᾶς
1637 4220 1915 4293 κολυμόή-

340 4303 476 4375 θρας
498 4306 723 4377 γνήσιον
753 4306 1003 4379 περιέπω
1032 4309 1128 4363 καλ⁵
1151 4312 1411 4378 συγγενές
1427 4328 1444 4343 ·
1465 4311 1546 4364 ετι
1570 4312 1669 4382 τὴν
1694 4313 1912 4384 ὁμιλίαν

339 4389 415 4451 ὧν
440 4397 578 4468 ἔφην
609 4397 866 4470 αἰδοῦμαι
898 4399 1040 4455 κατά
1066 4400 1126 4454 τὸ
1144 4402 1290 4466 εἰκὸς
1316 4403 1411 4456 καὶ
1429 4402 1739 4474 συνήθειαν,
1774 4401 1912 4474 μέλη

337 4488 401 4542 τὸ
452 4490 582 4559 πρὶν
614 4490 885 4562 ἡμέτερα,
939 4495 1032 4546 καὶ
1066 4493 1116 4547 si
1164 4493 1495 4566 διετμήθητι
1545 4494 1654 4565 πρὸ
1692 4493 1913 4561 πολλοῦ,

342 4579 478 4650 μέλη
528 4582 659 4635 ποτὲ
710 4584 891 4652 τίμια,
930 4584 1023 4638 καὶ
1056 4586 1105 4638 εἰ
1148 4586 1256 4639 ἀπὸ
1309 4584 1522 4658 μακροῦ
1567 4584 1917 4656 summa.

2027 3306 2244 3373 faciem,
2292 3304 2361 3361 ad
2412 3305 2516 3361 hoc
2553 3321 2730 3377 usque
2776 3315 2990 3375 tempus
3026 3305 3275 3375 improbe
3310 3305 3597 3360 veritatem

2026 3409 2431 3468 oppugnantes,
2469 3413 2610 3468 quos
2640 3396 2837 3454 fratres
2869 3397 3199 3467 compellare
3222 3412 3437 3461 rursus,
3472 3395 3600 3453 licet

2024 3490 2365 3545 tantumdem
2412 3505 2444 3544 a
2497 3489 2653 3546 nobis
2704 3498 2761 3545 et
2812 3491 2883 3546 ab
2939 3489 3051 3560 ipsa
3101 3486 3452 3557 dissociatos,
3486 3505 3595 3545 nou

2031 3583 2219 3650 pudet.
2276 3579 2501 3637 Vestros
2556 3596 2686 3636 vero
2738 3582 2871 3637 milii
2931 3580 3182 3646 aﬂ‘ectus,
3234 3597 3333 3637 uec
3392 3583 3596 3645 minus,

2025 3687 2148 3741 qua:
2168 3688 2234 3726 ex
2262 3672 2363 3727 hoc
2393 3672 2570 3726 oritur
2601 3671 2799 3727 anima:
2830 3671 3126 3741 perniciem
3160 3686 3322 3740 Opere
3352 3672 3597 3725 maximo

2025 3762 2245 3817 vindico
2298 3762 2416 3833 lege
2472 3762 2759 3817 charitatis
2801 3777 2922 3832 quat
2973 3762 3114 3817 inter
3163 3776 3266 3817 nos
3299 3778 3329 3817 a
3375 3760 3598 3818 Christo

2024 3870 2225 3910 nomen
2286 3856 2513 3911 sortitos
2568 3854 2909 3910 intercedere
2972 3853 3155 3921 debet,
3216 3863 3271 3908 et
3322 3852 3599 3924 praecipuo

2025 3946 2271 4001 omnium
2317 3947 2577 4003 amicitia:
2649 3954 2705 4003 et
2751 3946 3171 4008 benevolentiae,
3220 3954 3281 4001 et
3331 3950 3598 4015 preterca

2027 4052 2378 4093 communem
2411 4048 2692 4103 naturam,
2726 4052 2846 4108 quae
2874 4048 3006 4093 ante
3039 4037 3146 4092 alia
3175 4034 3229 4091 id
3278 4037 3435 4092 nobis
3464 4035 3600 4090 iusi-

2027 4138 2300 4194 nuat,tum
2327 4139 2454 4185 ante
2479 4142 2700 4203 propter
2723 4145 2942 4186 sacrum
2972 4127 3251 4185 lavacrum
3277 4142 3598 4199 germanum

2026 4230 2191 4292 atque
2228 4220 2412 4289 aliine,
2463 4230 2579 4276 tum
2628 4221 2971 4279 consortium
3019 4230 3074 4277 et
3119 4221 3598 4286 consuetudinem,

2026 4328 2216 4368 eorum
2242 4327 2380 4380 quos
2412 4321 2474 4367 ut
2500 4313 2612 4367 dixi
2647 4329 2921 4380 revereor,
2958 4314 3201 4380 membra
3228 4322 3437 4378 nostra,
3472 4313 3602 4370 licet

2030 4404 2260 4459 multum
2291 4414 2423 4459 aute
2468 4412 2686 4478 tempus
2736 4404 2974 4471 abscisa,
3021 4407 3266 4461 membra
3306 4404 3601 4475 aliquando

2027 4491 2370 4558 honoranda,
2404 4491 2510 4548 etsi
2543 4492 2703 4563 longe
2734 4503 2863 4548 ante
2920 4491 3225 4563 deperdita.
3257 4491 3393 4560 Quis
3427 4491 3603 4547 male-

2025 4584 2163 4640 ﬁcus
2191 4585 2428 4650 daemon,
2457 4585 2585 4656 quis
2614 4586 2813 4641 honuni
2840 4601 3142 4657 pacemque
3175 4586 3331 4642 vobis
3362 4584 3603 4641 maxime

338 4672 435 4738 Ti;
462 4673 673 4743 δαίμων
727 4675 929 4746 τελχὶν,
972 4678 1123 4739 ποῖος
1156 4676 1249 4730 τοῦ
1281 4675 1451 4732 καλοῦ
1502 4677 1597 4732 καὶ
1625 4677 1725 4750 τῆς
1758 4676 1916 4749 εἰρή-

2025 4674 2277 4731 invidens
2324 4689 2355 4729 a
2410 4689 2640 4748 corpore
2690 4684 2897 4731 sanctas
2955 4675 3349 4747 catholiczeque
3393 4673 3599 4731 Christi

337 4781 437 4834 νης
486 4763 677 4829 δεινῶς
735 4765 1017 4838 βασκήνας
1066 4768 1214 4838 ἡμᾶς
1268 4766 1362 4822 τοῦ
1395 4767 1647 4840 σώματος
1688 4770 1791 4842 τῆς
1819 4769 1913 4825 τοῦ

2023 4765 2285 4823 Ecclesia;
2340 4764 2619 4834 distraxit,
2681 4765 2752 4820 ita
2811 4775 2894 4831 ut,
2951 4782 3076 4822 cum
3132 4752 3378 4838 a‘postolo
3430 4766 3600 4822 Paulo

338 4858 579 4927 Χριστοῦ
631 4856 779 4921 θείας
826 4857 1127 4928 καθολικῆς
1199 4859 1534 4932 Ἐκκλησίας
1582 4856 1912 4927 διέέπασεν,

2022 4858 2219 4929 loquor
2251 4897 2268 4924 ,
2343 4873 2563 4926 prorsus
2632 4857 2850 4913 νει-ἰηιιὶ
2914 4875 3019 4914 που
3094 4859 3458 4930 obtemperetis
3504 4861 3602 4917 ’δῖ

338 4948 479 5006 ὥστε
502 4950 644 5005 κατά
666 4949 757 5003 τὸν
783 4949 1080 5003 ἀπόστολον
1118 4949 1328 5005 Παῦλον
1353 4950 1538 5005 λοιπὸν
1555 4953 1619 5006 τὸ
1645 4954 1916 5009 σύνολον

2021 4949 2256 5021 Quando
2284 4950 2483 5021 iterum
2519 4949 2623 5021 ipsi
2652 4948 3207 5021 conglutinabimlui,
3238 4949 3459 5021 quando
3493 4948 3598 5019 ipsi

337 5039 413 5108 τῇ
442 5039 687 5109 Madcig:
727 5040 815 5111 μὴ
846 5042 1199 5109 πείθεσθαις
1244 5042 1380 5096 Πότε
1413 5042 1918 5117 συγκολληθήσεσθε

2022 5041 2457 5113 conjungemini,
2498 5042 2861 5113 vosmetipsos
2891 5041 3200 5096 concordiae
3248 5050 3448 5094 nostra:
3482 5045 3598 5091 tra-

339 5133 502 5187 πάλιν
522 5120 689 5203 ἀύτῷ
715 5150 729 5201 ;
767 5133 897 5187 πότε
922 5132 1100 5204 τούτῳ
1129 5133 1769 5207 συναρμολογηθήσεσθε,
1795 5134 1918 5189 δόν-

336 5238 427 5284 τες
461 5223 690 5287 ἑαυτοὺς
745 5223 970 5296 ὁμονοίᾳ
1006 5227 1072 5296 τῇ
1109 5224 1244 5295 πρὸς
1277 5224 1444 5293 ἡμᾶς,
1488 5225 1582 5279 καὶ
1607 5224 1787 5278 τέλεον
1815 5225 1919 5294 τῆς

338 5312 597 5384 ἀληθείας
642 5316 968 5385 γενόμενοι;
999 5316 1222 5381 Τούτοις
1272 5317 1339 5389 δὴ
1372 5315 1649 5381 πείθεσθε,
1679 5316 1774 5370 καὶ
1820 5335 1917 5371 κα-

337 5405 715 5460 τακολουθεῖτε
749 5410 861 5471 τοῖς
892 5408 996 5479 πρὸ
1026 5411 1057 5479 ἡ
1068 5409 1204 5480 μῶν,
1240 5410 1456 5475 οἵτινες,
1484 5410 1559 5473 ὡς
1588 5406 1735 5480 εἶχον
1757 5408 1918 5464 δυνάο

340 5517 512 5569 μεως,
536 5502 791 5556 ἀντεῖπον
818 5502 896 5573 τῷ
931 5503 1184 5574 δόγματι,
1213 5502 1415 5570 καλῶς,
1441 5503 1604 5575 tim-2p
1628 5502 1783 5557 αὐτο)⁸
1812 5502 1921 5557 πά-

337 5591 423 5644 λιν
454 5593 754 5658 ἐπείθοντο,
795 5596 889 5649 καὶ
938 5584 1374 5667 κατηκολούθουν
1417 5600 1528 5662 τοῖς
1572 5599 1678 5669 πρὸ
1718 5597 1915 5666 αὐτῶν,

313 5749 319 5755 .
1048 5719 1068 5755 Ι

425 5767 470 5805 *⁸
489 5767 664 5826 Calal.
701 5787 750 5835 ι’,
787 5769 837 5822 7.

1866 5891 1898 5899 ν.

2019 5134 2213 5189 dentes
2259 5141 2315 5187 et
2364 5130 2604 5203 perfecte
2664 5131 2951 5189 veritatem
3014 5130 3290 5201 amplexi?
3338 5129 3442 5183 Eos
3497 5130 3613 5185 vos

2022 5226 2225 5281 auditis
2284 5234 2339 5279 et
2396 5223 2724 5299 sequimini,
2781 5225 2872 5295 qui
2937 5233 3067 5279 aute
3130 5236 3265 5286 vos,
3324 5222 3402 5275 uti
3462 5208 3613 5291 ipsis.

2025 5319 2259 5374 facultas
2310 5317 2437 5382 fuit,
2486 5318 2685 5389 dogma
2749 5327 3173 5390 oppugnarunt;
3224 5324 3480 5384 recteque
3542 5308 3613 5368 id'

2027 5409 2283 5480 ageretis,
2339 5409 2385 5464 si
2439 5407 2543 5480 ipsi
2594 5424 2791 5465 rursus
2839 5409 3094 5463 audirent
3138 5414 3191 5461 ct
3236 5413 3599 5475 sequerentur

2027 5501 2385 5574 antiquiores,
2430 5501 2522 5572 qui
2571 5500 2818 5573 atnpliori
2885 5514 3139 5554 mensura
3189 5506 3243 5552 et
3290 5497 3449 5552 ribus
3479 5497 3603 5561 a'iia

2029 5595 2284 5650 omnibus
2345 5595 2688 5667 apertis-im:
2741 5595 2900 5648 l.oscc
2950 5599 3295 5666 exsuperant,
3356 5602 3597 5669 quorum

3590 5849 3617 5879 .J
