  <div class='ocr_page' id='page_1' title='image "/cluster/home/n/w/nwhite01/storage/ocr_20150623/141/coo.31924054870468/635.png"; bbox 0 0 4072 6402; ppageno 0'>
   <div class='ocr_carea' id='block_1_1' title="bbox 536 376 672 442">
    <p class='ocr_par' dir='ltr' id='par_1_1' title="bbox 536 376 672 442">
     <span class='ocr_line' id='line_1_1' title="bbox 536 376 672 442; baseline -0.015 0"><span class='ocrx_word' id='word_1_1' title='bbox 536 376 672 442; x_wconf 73' lang='lat'><strong>1263</strong></span> 
     </span>
    </p>
   </div>
   <div class='ocr_carea' id='block_1_2' title="bbox 1554 382 2654 454">
    <p class='ocr_par' dir='ltr' id='par_1_2' title="bbox 1554 382 2654 454">
     <span class='ocr_line' id='line_1_2' title="bbox 1554 382 2654 454; baseline 0.008 -12"><span class='ocrx_word' id='word_1_2' title='bbox 1554 382 1976 446; x_wconf 82' lang='lat' dir='ltr'><strong>CONSTANTI</strong></span> <span class='ocrx_word' id='word_1_3' title='bbox 1988 385 2069 447; x_wconf 75' lang='lat' dir='ltr'><strong>Nl</strong></span> <span class='ocrx_word' id='word_1_4' title='bbox 2111 385 2348 449; x_wconf 83' lang='lat' dir='ltr'><strong>MELIT</strong></span> <span class='ocrx_word' id='word_1_5' title='bbox 2352 391 2451 454; x_wconf 89' lang='lat' dir='ltr'><strong>EN</strong></span> <span class='ocrx_word' id='word_1_6' title='bbox 2462 391 2654 452; x_wconf 77' lang='lat' dir='ltr'><strong>IOT;E</strong></span> 
     </span>
    </p>
   </div>
   <div class='ocr_carea' id='block_1_3' title="bbox 3634 391 3748 456">
    <p class='ocr_par' dir='ltr' id='par_1_3' title="bbox 3634 391 3748 456">
     <span class='ocr_line' id='line_1_3' title="bbox 3634 391 3748 456; baseline 0.035 -4"><span class='ocrx_word' id='word_1_7' title='bbox 3634 391 3748 456; x_wconf 69' lang='grc'><strong>1264</strong></span> 
     </span>
    </p>
   </div>
   <div class='ocr_carea' id='block_1_4' title="bbox 534 492 2107 572">
    <p class='ocr_par' dir='ltr' id='par_1_4' title="bbox 534 492 2102 559">
     <span class='ocr_line' id='line_1_4' title="bbox 534 492 2102 559; baseline 0.002 -14"><span class='ocrx_word' id='word_1_8' title='bbox 534 492 645 545; x_wconf 83' lang='lat' dir='ltr'><strong>vita</strong></span> <span class='ocrx_word' id='word_1_9' title='bbox 678 504 956 545; x_wconf 81' lang='lat' dir='ltr'><strong>sermones</strong></span> <span class='ocrx_word' id='word_1_10' title='bbox 984 492 1322 559; x_wconf 74' lang='lat' dir='ltr'><strong>comprobat,</strong></span> <span class='ocrx_word' id='word_1_11' title='bbox 1354 500 1408 547; x_wconf 89' lang='lat' dir='ltr'><strong>et</strong></span> <span class='ocrx_word' id='word_1_12' title='bbox 1434 506 1720 550; x_wconf 85' lang='lat' dir='ltr'><strong>sermones</strong></span> <span class='ocrx_word' id='word_1_13' title='bbox 1749 493 1917 551; x_wconf 82' lang='lat' dir='ltr'><strong>vitam</strong></span> <span class='ocrx_word' id='word_1_14' title='bbox 1952 509 2102 550; x_wconf 89' lang='lat' dir='ltr'><strong>com-</strong></span> 
     </span>
    </p>
   </div>
   <div class='ocr_carea' id='block_1_5' title="bbox 2208 492 3749 572">
    <p class='ocr_par' dir='ltr' id='par_1_5' title="bbox 2215 497 3749 572">
     <span class='ocr_line' id='line_1_5' title="bbox 2215 497 3749 572; baseline 0.005 -23"><span class='ocrx_word' id='word_1_15' title='bbox 2215 497 2409 561; x_wconf 78' lang='grc' dir='ltr'>οἵτινες</span> <span class='ocrx_word' id='word_1_16' title='bbox 2441 499 2620 569; x_wconf 85' lang='grc' dir='ltr'>πολλῷ</span> <span class='ocrx_word' id='word_1_17' title='bbox 2647 499 2724 571; x_wconf 79' lang='grc' dir='ltr'><strong>τῷ</strong></span> <span class='ocrx_word' id='word_1_18' title='bbox 2759 499 2962 572; x_wconf 82' lang='grc' dir='ltr'>μέτρῳ,</span> <span class='ocrx_word' id='word_1_19' title='bbox 2989 501 3082 555; x_wconf 70' lang='grc' dir='ltr'>καὶ</span> <span class='ocrx_word' id='word_1_20' title='bbox 3113 500 3248 555; x_wconf 85' lang='grc' dir='ltr'><strong>κατά</strong></span> <span class='ocrx_word' id='word_1_21' title='bbox 3272 501 3379 554; x_wconf 80' lang='grc' dir='ltr'><strong>πᾶν</strong></span> <span class='ocrx_word' id='word_1_22' title='bbox 3403 499 3592 555; x_wconf 87' lang='grc' dir='ltr'>τούτων</span> <span class='ocrx_word' id='word_1_23' title='bbox 3613 502 3749 571; x_wconf 82' lang='grc' dir='ltr'>ἐναρ-</span> 
     </span>
    </p>
   </div>
   <div class='ocr_carea' id='block_1_6' title="bbox 543 580 2111 654">
    <p class='ocr_par' dir='ltr' id='par_1_6' title="bbox 543 580 2111 654">
     <span class='ocr_line' id='line_1_6' title="bbox 543 580 2111 654; baseline 0.003 -18"><span class='ocrx_word' id='word_1_24' title='bbox 543 580 830 649; x_wconf 85' lang='lat' dir='ltr'><strong>tnendant,</strong></span> <span class='ocrx_word' id='word_1_25' title='bbox 867 582 958 652; x_wconf 89' lang='lat' dir='ltr'><strong>qui</strong></span> <span class='ocrx_word' id='word_1_26' title='bbox 1013 584 1307 638; x_wconf 81' lang='lat' dir='ltr'><strong>multorum</strong></span> <span class='ocrx_word' id='word_1_27' title='bbox 1341 583 1566 649; x_wconf 72' lang='lat' dir='ltr'><strong>deorum</strong></span> <span class='ocrx_word' id='word_1_28' title='bbox 1615 584 1851 640; x_wconf 92' lang='lat' dir='ltr'><strong>tenebris</strong></span> <span class='ocrx_word' id='word_1_29' title='bbox 1882 585 2111 654; x_wconf 89' lang='lat' dir='ltr'><strong>dissipa-</strong></span> 
     </span>
    </p>
   </div>
   <div class='ocr_carea' id='block_1_7' title="bbox 539 672 2111 745">
    <p class='ocr_par' dir='ltr' id='par_1_7' title="bbox 539 672 2111 745">
     <span class='ocr_line' id='line_1_7' title="bbox 539 672 2111 745; baseline 0.002 -19"><span class='ocrx_word' id='word_1_30' title='bbox 539 673 632 737; x_wconf 75' lang='lat' dir='ltr'><strong>tis,</strong></span> <span class='ocrx_word' id='word_1_31' title='bbox 663 680 719 726; x_wconf 90' lang='lat' dir='ltr'><strong>et</strong></span> <span class='ocrx_word' id='word_1_32' title='bbox 757 673 1033 727; x_wconf 66' lang='lat' dir='ltr'><strong>hmrescon</strong></span> <span class='ocrx_word' id='word_1_33' title='bbox 1078 672 1335 728; x_wconf 82' lang='lat' dir='ltr'><strong>universa</strong></span> <span class='ocrx_word' id='word_1_34' title='bbox 1371 672 1604 741; x_wconf 77' lang='lat' dir='ltr'><strong>caligine</strong></span> <span class='ocrx_word' id='word_1_35' title='bbox 1633 672 1885 745; x_wconf 86' lang='lat' dir='ltr'><strong>disjecta,</strong></span> <span class='ocrx_word' id='word_1_36' title='bbox 1918 675 2111 729; x_wconf 88' lang='lat' dir='ltr'><strong>solari-</strong></span> 
     </span>
    </p>
   </div>
   <div class='ocr_carea' id='block_1_8' title="bbox 540 764 2113 834">
    <p class='ocr_par' dir='ltr' id='par_1_8' title="bbox 540 764 2113 834">
     <span class='ocr_line' id='line_1_8' title="bbox 540 764 2113 834; baseline 0.003 -16"><span class='ocrx_word' id='word_1_37' title='bbox 540 772 643 820; x_wconf 83' lang='lat' dir='ltr'><strong>nus</strong></span> <span class='ocrx_word' id='word_1_38' title='bbox 679 764 848 820; x_wconf 88' lang='lat' dir='ltr'><strong>radiis</strong></span> <span class='ocrx_word' id='word_1_39' title='bbox 889 764 941 819; x_wconf 93' lang='lat' dir='ltr'><strong>in</strong></span> <span class='ocrx_word' id='word_1_40' title='bbox 970 764 1179 820; x_wconf 86' lang='lat' dir='ltr'><strong>mundo</strong></span> <span class='ocrx_word' id='word_1_41' title='bbox 1208 764 1506 820; x_wconf 85' lang='lat' dir='ltr'><strong>dilucidius</strong></span> <span class='ocrx_word' id='word_1_42' title='bbox 1538 765 1943 834; x_wconf 80' lang='lat' dir='ltr'><strong>praefulserunt,</strong></span> <span class='ocrx_word' id='word_1_43' title='bbox 1974 768 2113 823; x_wconf 85' lang='lat' dir='ltr'><strong>adeo</strong></span> 
     </span>
    </p>
   </div>
   <div class='ocr_carea' id='block_1_9' title="bbox 538 854 2110 927">
    <p class='ocr_par' dir='ltr' id='par_1_9' title="bbox 538 854 2110 927">
     <span class='ocr_line' id='line_1_9' title="bbox 538 854 2110 927; baseline 0.001 -16"><span class='ocrx_word' id='word_1_44' title='bbox 538 865 599 911; x_wconf 92' lang='lat' dir='ltr'><strong>ut</strong></span> <span class='ocrx_word' id='word_1_45' title='bbox 633 856 700 911; x_wconf 73' lang='lat' dir='ltr'><strong>de</strong></span> <span class='ocrx_word' id='word_1_46' title='bbox 749 863 983 925; x_wconf 88' lang='lat' dir='ltr'><strong>utroque</strong></span> <span class='ocrx_word' id='word_1_47' title='bbox 1027 854 1285 911; x_wconf 78' lang='lat' dir='ltr'><strong>Satanam</strong></span> <span class='ocrx_word' id='word_1_48' title='bbox 1323 856 1602 927; x_wconf 89' lang='lat' dir='ltr'><strong>puduerit,</strong></span> <span class='ocrx_word' id='word_1_49' title='bbox 1650 871 1841 912; x_wconf 91' lang='lat' dir='ltr'><strong>eorum</strong></span> <span class='ocrx_word' id='word_1_50' title='bbox 1886 857 1996 913; x_wconf 88' lang='lat' dir='ltr'><strong>vim</strong></span> <span class='ocrx_word' id='word_1_51' title='bbox 2054 857 2110 913; x_wconf 91' lang='lat' dir='ltr'><strong>in</strong></span> 
     </span>
    </p>
   </div>
   <div class='ocr_carea' id='block_1_10' title="bbox 538 945 2114 1019">
    <p class='ocr_par' dir='ltr' id='par_1_10' title="bbox 538 945 2114 1019">
     <span class='ocr_line' id='line_1_10' title="bbox 538 945 2114 1019; baseline 0.002 -19"><span class='ocrx_word' id='word_1_52' title='bbox 538 945 689 1002; x_wconf 90' lang='lat' dir='ltr'><strong>hisce</strong></span> <span class='ocrx_word' id='word_1_53' title='bbox 725 945 1181 1016; x_wconf 87' lang='lat' dir='ltr'><strong>conspicientem,</strong></span> <span class='ocrx_word' id='word_1_54' title='bbox 1226 955 1281 1002; x_wconf 91' lang='lat' dir='ltr'><strong>et</strong></span> <span class='ocrx_word' id='word_1_55' title='bbox 1315 961 1457 1017; x_wconf 91' lang='lat' dir='ltr'><strong>quos</strong></span> <span class='ocrx_word' id='word_1_56' title='bbox 1492 947 1863 1019; x_wconf 87' lang='lat' dir='ltr'><strong>angelicarum</strong></span> <span class='ocrx_word' id='word_1_57' title='bbox 1916 948 2114 1003; x_wconf 86' lang='lat' dir='ltr'><strong>cohor-</strong></span> 
     </span>
    </p>
   </div>
   <div class='ocr_carea' id='block_1_11' title="bbox 536 1028 2103 1109">
    <p class='ocr_par' dir='ltr' id='par_1_11' title="bbox 536 1028 2103 1109">
     <span class='ocr_line' id='line_1_11' title="bbox 536 1028 2103 1109; baseline 0.003 -20"><span class='ocrx_word' id='word_1_58' title='bbox 536 1036 671 1089; x_wconf 90' lang='lat' dir='ltr'><strong>tium</strong></span> <span class='ocrx_word' id='word_1_59' title='bbox 715 1034 853 1091; x_wconf 85' lang='lat' dir='ltr'><strong>ordo</strong></span> <span class='ocrx_word' id='word_1_60' title='bbox 882 1028 1358 1106; x_wconf 39' lang='lat' dir='ltr'><strong>probans&#39;mirum</strong></span> <span class='ocrx_word' id='word_1_61' title='bbox 1405 1038 1459 1091; x_wconf 90' lang='lat' dir='ltr'><strong>in</strong></span> <span class='ocrx_word' id='word_1_62' title='bbox 1493 1037 1718 1092; x_wconf 89' lang='lat' dir='ltr'><strong>modum</strong></span> <span class='ocrx_word' id='word_1_63' title='bbox 1751 1048 1864 1093; x_wconf 90' lang='lat' dir='ltr'><strong>tum</strong></span> <span class='ocrx_word' id='word_1_64' title='bbox 1891 1047 2103 1109; x_wconf 73' lang='lat' dir='ltr'><strong>propter</strong></span> 
     </span>
    </p>
   </div>
   <div class='ocr_carea' id='block_1_12' title="bbox 536 1124 2111 1198">
    <p class='ocr_par' dir='ltr' id='par_1_12' title="bbox 536 1124 2111 1198">
     <span class='ocr_line' id='line_1_12' title="bbox 536 1124 2111 1198; baseline 0.003 -19"><span class='ocrx_word' id='word_1_65' title='bbox 536 1125 590 1179; x_wconf 93' lang='lat' dir='ltr'><strong>in</strong></span> <span class='ocrx_word' id='word_1_66' title='bbox 637 1136 872 1196; x_wconf 88' lang='lat' dir='ltr'><strong>utroque</strong></span> <span class='ocrx_word' id='word_1_67' title='bbox 908 1124 1219 1181; x_wconf 78' lang='lat' dir='ltr'><strong>ﬁrmitatem</strong></span> <span class='ocrx_word' id='word_1_68' title='bbox 1265 1127 1542 1192; x_wconf 78' lang='lat' dir='ltr'><strong>eximiam,</strong></span> <span class='ocrx_word' id='word_1_69' title='bbox 1584 1136 1701 1182; x_wconf 90' lang='lat' dir='ltr'><strong>tum</strong></span> <span class='ocrx_word' id='word_1_70' title='bbox 1750 1136 1973 1198; x_wconf 83' lang='lat' dir='ltr'><strong>propter</strong></span> <span class='ocrx_word' id='word_1_71' title='bbox 2002 1128 2111 1183; x_wconf 79' lang='lat' dir='ltr'><strong>im-</strong></span> 
     </span>
    </p>
   </div>
   <div class='ocr_carea' id='block_1_13' title="bbox 536 1217 2108 1291">
    <p class='ocr_par' dir='ltr' id='par_1_13' title="bbox 536 1217 2108 1291">
     <span class='ocr_line' id='line_1_13' title="bbox 536 1217 2108 1291; baseline 0.002 -19"><span class='ocrx_word' id='word_1_72' title='bbox 536 1233 780 1273; x_wconf 85' lang='lat' dir='ltr'><strong>mensam</strong></span> <span class='ocrx_word' id='word_1_73' title='bbox 809 1217 1194 1275; x_wconf 78' lang='lat' dir='ltr'><strong>fortitudinem</strong></span> <span class='ocrx_word' id='word_1_74' title='bbox 1228 1219 1532 1275; x_wconf 81' lang='lat' dir='ltr'><strong>admiratus</strong></span> <span class='ocrx_word' id='word_1_75' title='bbox 1579 1227 1685 1277; x_wconf 84' lang='lat' dir='ltr'><strong>est.</strong></span> <span class='ocrx_word' id='word_1_76' title='bbox 1718 1219 1784 1274; x_wconf 90' lang='lat' dir='ltr'><strong>Et</strong></span> <span class='ocrx_word' id='word_1_77' title='bbox 1820 1221 1965 1290; x_wconf 92' lang='lat' dir='ltr'><strong>quod</strong></span> <span class='ocrx_word' id='word_1_78' title='bbox 1991 1220 2108 1291; x_wconf 83' lang='lat' dir='ltr'><strong>jam</strong></span> 
     </span>
    </p>
   </div>
   <div class='ocr_carea' id='block_1_14' title="bbox 535 1309 2111 1382">
    <p class='ocr_par' dir='ltr' id='par_1_14' title="bbox 535 1309 2111 1382">
     <span class='ocr_line' id='line_1_14' title="bbox 535 1309 2111 1382; baseline 0.002 -18"><span class='ocrx_word' id='word_1_79' title='bbox 535 1310 679 1365; x_wconf 82' lang='lat' dir='ltr'><strong>dicta</strong></span> <span class='ocrx_word' id='word_1_80' title='bbox 733 1309 916 1365; x_wconf 86' lang='lat' dir='ltr'><strong>omnia</strong></span> <span class='ocrx_word' id='word_1_81' title='bbox 961 1318 1205 1380; x_wconf 83' lang='lat' dir='ltr'><strong>superat,</strong></span> <span class='ocrx_word' id='word_1_82' title='bbox 1258 1318 1311 1366; x_wconf 87' lang='lat' dir='ltr'><strong>et</strong></span> <span class='ocrx_word' id='word_1_83' title='bbox 1374 1318 1634 1380; x_wconf 90' lang='lat' dir='ltr'><strong>tanquam</strong></span> <span class='ocrx_word' id='word_1_84' title='bbox 1690 1324 1882 1365; x_wconf 85' lang='lat' dir='ltr'><strong>eorum</strong></span> <span class='ocrx_word' id='word_1_85' title='bbox 1938 1311 2111 1382; x_wconf 85' lang='lat' dir='ltr'><strong>magis</strong></span> 
     </span>
    </p>
   </div>
   <div class='ocr_carea' id='block_1_15' title="bbox 534 1403 2110 1475">
    <p class='ocr_par' dir='ltr' id='par_1_15' title="bbox 534 1403 2110 1475">
     <span class='ocr_line' id='line_1_15' title="bbox 534 1403 2110 1475; baseline 0.001 -18"><span class='ocrx_word' id='word_1_86' title='bbox 534 1404 820 1474; x_wconf 90' lang='lat' dir='ltr'><strong>proprium</strong></span> <span class='ocrx_word' id='word_1_87' title='bbox 848 1404 902 1458; x_wconf 93' lang='lat' dir='ltr'><strong>in</strong></span> <span class='ocrx_word' id='word_1_88' title='bbox 936 1404 1093 1461; x_wconf 84' lang='lat' dir='ltr'><strong>laude</strong></span> <span class='ocrx_word' id='word_1_89' title='bbox 1123 1405 1366 1475; x_wconf 84' lang='lat' dir='ltr'><strong>ponitur,</strong></span> <span class='ocrx_word' id='word_1_90' title='bbox 1407 1418 1596 1459; x_wconf 91' lang='lat' dir='ltr'><strong>eorum</strong></span> <span class='ocrx_word' id='word_1_91' title='bbox 1628 1403 2021 1461; x_wconf 87' lang='lat' dir='ltr'><strong>commentaria</strong></span> <span class='ocrx_word' id='word_1_92' title='bbox 2053 1411 2110 1459; x_wconf 86' lang='lat' dir='ltr'><strong>et</strong></span> 
     </span>
    </p>
   </div>
   <div class='ocr_carea' id='block_1_16' title="bbox 534 1489 2111 1564">
    <p class='ocr_par' dir='ltr' id='par_1_16' title="bbox 534 1489 2111 1564">
     <span class='ocr_line' id='line_1_16' title="bbox 534 1489 2111 1564; baseline -0.001 -16"><span class='ocrx_word' id='word_1_93' title='bbox 534 1493 744 1564; x_wconf 87' lang='lat' dir='ltr'><strong>scripta</strong></span> <span class='ocrx_word' id='word_1_94' title='bbox 801 1491 968 1548; x_wconf 85' lang='lat' dir='ltr'><strong>veluti</strong></span> <span class='ocrx_word' id='word_1_95' title='bbox 1017 1489 1287 1549; x_wconf 84' lang='lat' dir='ltr'><strong>Mosaicas</strong></span> <span class='ocrx_word' id='word_1_96' title='bbox 1339 1491 1555 1549; x_wconf 86' lang='lat' dir='ltr'><strong>tabulas</strong></span> <span class='ocrx_word' id='word_1_97' title='bbox 1606 1501 1661 1548; x_wconf 82' lang='lat' dir='ltr'><strong>et</strong></span> <span class='ocrx_word' id='word_1_98' title='bbox 1723 1507 1850 1547; x_wconf 82' lang='lat' dir='ltr'><strong>vere</strong></span> <span class='ocrx_word' id='word_1_99' title='bbox 1897 1492 2111 1548; x_wconf 84' lang='lat' dir='ltr'><strong>divinas</strong></span> 
     </span>
    </p>
   </div>
   <div class='ocr_carea' id='block_1_17' title="bbox 536 1581 2111 1654">
    <p class='ocr_par' dir='ltr' id='par_1_17' title="bbox 536 1581 2111 1654">
     <span class='ocr_line' id='line_1_17' title="bbox 536 1581 2111 1654; baseline 0.001 -17"><span class='ocrx_word' id='word_1_100' title='bbox 536 1598 700 1639; x_wconf 72' lang='lat' dir='ltr'><strong>voces</strong></span> <span class='ocrx_word' id='word_1_101' title='bbox 764 1582 885 1652; x_wconf 87' lang='lat' dir='ltr'><strong>Dei,</strong></span> <span class='ocrx_word' id='word_1_102' title='bbox 940 1583 1184 1640; x_wconf 88' lang='lat' dir='ltr'><strong>Ecclesia</strong></span> <span class='ocrx_word' id='word_1_103' title='bbox 1214 1583 1501 1654; x_wconf 82' lang='lat' dir='ltr'><strong>excipiens</strong></span> <span class='ocrx_word' id='word_1_104' title='bbox 1551 1581 1881 1639; x_wconf 78' lang='lat' dir='ltr'><strong>reverendae</strong></span> <span class='ocrx_word' id='word_1_105' title='bbox 1949 1582 2111 1638; x_wconf 92' lang='lat' dir='ltr'><strong>nobis</strong></span> 
     </span>
    </p>
   </div>
   <div class='ocr_carea' id='block_1_18' title="bbox 534 1674 2113 1748">
    <p class='ocr_par' dir='ltr' id='par_1_18' title="bbox 534 1674 2113 1748">
     <span class='ocr_line' id='line_1_18' title="bbox 534 1674 2113 1748; baseline -0.002 -17"><span class='ocrx_word' id='word_1_106' title='bbox 534 1676 1050 1748; x_wconf 80' lang='lat' dir='ltr'><strong>exosculandasque</strong></span> <span class='ocrx_word' id='word_1_107' title='bbox 1100 1676 1467 1734; x_wconf 81' lang='lat' dir='ltr'><strong>concredidit.</strong></span> <span class='ocrx_word' id='word_1_108' title='bbox 1518 1675 1577 1732; x_wconf 86' lang='lat' dir='ltr'><strong>Si</strong></span> <span class='ocrx_word' id='word_1_109' title='bbox 1633 1675 1735 1731; x_wconf 90' lang='lat' dir='ltr'><strong>hos</strong></span> <span class='ocrx_word' id='word_1_110' title='bbox 1785 1674 1951 1747; x_wconf 90' lang='lat' dir='ltr'><strong>igitur</strong></span> <span class='ocrx_word' id='word_1_111' title='bbox 2010 1688 2113 1729; x_wconf 86' lang='lat' dir='ltr'><strong>au-</strong></span> 
     </span>
    </p>
   </div>
   <div class='ocr_carea' id='block_1_19' title="bbox 531 1767 2109 1842">
    <p class='ocr_par' dir='ltr' id='par_1_19' title="bbox 531 1767 2109 1842">
     <span class='ocr_line' id='line_1_19' title="bbox 531 1767 2109 1842; baseline -0.001 -19"><span class='ocrx_word' id='word_1_112' title='bbox 531 1768 744 1825; x_wconf 85' lang='lat' dir='ltr'><strong>dientes</strong></span> <span class='ocrx_word' id='word_1_113' title='bbox 774 1782 1160 1842; x_wconf 89' lang='lat' dir='ltr'><strong>sequerentur,</strong></span> <span class='ocrx_word' id='word_1_114' title='bbox 1195 1770 1275 1825; x_wconf 87' lang='lat' dir='ltr'><strong>uti</strong></span> <span class='ocrx_word' id='word_1_115' title='bbox 1317 1785 1417 1841; x_wconf 88' lang='lat' dir='ltr'><strong>par</strong></span> <span class='ocrx_word' id='word_1_116' title='bbox 1452 1776 1561 1834; x_wconf 89' lang='lat' dir='ltr'><strong>est,</strong></span> <span class='ocrx_word' id='word_1_117' title='bbox 1592 1767 1883 1824; x_wconf 84' lang='lat' dir='ltr'><strong>addeccret</strong></span> <span class='ocrx_word' id='word_1_118' title='bbox 1917 1780 2109 1822; x_wconf 85' lang='lat' dir='ltr'><strong>rursus</strong></span> 
     </span>
    </p>
   </div>
   <div class='ocr_carea' id='block_1_20' title="bbox 532 1858 2109 1933">
    <p class='ocr_par' dir='ltr' id='par_1_20' title="bbox 532 1858 2109 1933">
     <span class='ocr_line' id='line_1_20' title="bbox 532 1858 2109 1933; baseline -0.003 -15"><span class='ocrx_word' id='word_1_119' title='bbox 532 1873 587 1918; x_wconf 93' lang='lat' dir='ltr'><strong>et</strong></span> <span class='ocrx_word' id='word_1_120' title='bbox 635 1877 737 1919; x_wconf 91' lang='lat' dir='ltr'><strong>uos</strong></span> <span class='ocrx_word' id='word_1_121' title='bbox 774 1878 965 1919; x_wconf 90' lang='lat' dir='ltr'><strong>omnes</strong></span> <span class='ocrx_word' id='word_1_122' title='bbox 995 1862 1216 1920; x_wconf 88' lang='lat' dir='ltr'><strong>eosdem</strong></span> <span class='ocrx_word' id='word_1_123' title='bbox 1250 1862 1429 1933; x_wconf 88' lang='lat' dir='ltr'><strong>sequi,</strong></span> <span class='ocrx_word' id='word_1_124' title='bbox 1458 1871 1512 1916; x_wconf 90' lang='lat' dir='ltr'><strong>et</strong></span> <span class='ocrx_word' id='word_1_125' title='bbox 1540 1874 1733 1916; x_wconf 88' lang='lat' dir='ltr'><strong>eorum</strong></span> <span class='ocrx_word' id='word_1_126' title='bbox 1779 1858 1945 1916; x_wconf 72' lang='lat' dir='ltr'><strong>ductis</strong></span> <span class='ocrx_word' id='word_1_127' title='bbox 1975 1870 2109 1914; x_wconf 82' lang='lat' dir='ltr'><strong>sua-</strong></span> 
     </span>
    </p>
   </div>
   <div class='ocr_carea' id='block_1_21' title="bbox 502 1950 2110 2025">
    <p class='ocr_par' dir='ltr' id='par_1_21' title="bbox 502 1950 2110 2025">
     <span class='ocr_line' id='line_1_21' title="bbox 502 1950 2110 2025; baseline -0.002 -16"><span class='ocrx_word' id='word_1_128' title='bbox 502 1952 652 2009; x_wconf 52' lang='lat' dir='ltr'><strong>.derl</strong></span> <span class='ocrx_word' id='word_1_129' title='bbox 682 1963 736 2009; x_wconf 92' lang='lat' dir='ltr'><strong>et</strong></span> <span class='ocrx_word' id='word_1_130' title='bbox 764 1955 1007 2011; x_wconf 86' lang='lat' dir='ltr'><strong>credere.</strong></span> <span class='ocrx_word' id='word_1_131' title='bbox 1034 1952 1103 2009; x_wconf 90' lang='lat' dir='ltr'><strong>Et</strong></span> <span class='ocrx_word' id='word_1_132' title='bbox 1130 1953 1237 2010; x_wconf 89' lang='lat' dir='ltr'><strong>hoc</strong></span> <span class='ocrx_word' id='word_1_133' title='bbox 1266 1968 1492 2025; x_wconf 84' lang='lat' dir='ltr'><strong>prorsus</strong></span> <span class='ocrx_word' id='word_1_134' title='bbox 1521 1960 1682 2008; x_wconf 86' lang='lat' dir='ltr'><strong>antea</strong></span> <span class='ocrx_word' id='word_1_135' title='bbox 1712 1950 1868 2006; x_wconf 85' lang='lat' dir='ltr'><strong>nullo</strong></span> <span class='ocrx_word' id='word_1_136' title='bbox 1906 1956 2110 2021; x_wconf 78' lang='lat' dir='ltr'><strong>puncto</strong></span> 
     </span>
    </p>
   </div>
   <div class='ocr_carea' id='block_1_22' title="bbox 534 2040 2112 2115">
    <p class='ocr_par' dir='ltr' id='par_1_22' title="bbox 534 2040 2112 2115">
     <span class='ocr_line' id='line_1_22' title="bbox 534 2040 2112 2115; baseline 0 -16"><span class='ocrx_word' id='word_1_137' title='bbox 534 2045 801 2115; x_wconf 83' lang='lat' dir='ltr'><strong>temporis</strong></span> <span class='ocrx_word' id='word_1_138' title='bbox 840 2045 1158 2102; x_wconf 88' lang='lat' dir='ltr'><strong>intermisso</strong></span> <span class='ocrx_word' id='word_1_139' title='bbox 1201 2059 1328 2100; x_wconf 86' lang='lat' dir='ltr'><strong>cum</strong></span> <span class='ocrx_word' id='word_1_140' title='bbox 1362 2043 1519 2099; x_wconf 79' lang='lat' dir='ltr'><strong>vobis</strong></span> <span class='ocrx_word' id='word_1_141' title='bbox 1554 2043 1888 2114; x_wconf 73' lang='lat' dir='ltr'><strong>peregimus,</strong></span> <span class='ocrx_word' id='word_1_142' title='bbox 1936 2040 2112 2099; x_wconf 90' lang='lat' dir='ltr'><strong>donec</strong></span> 
     </span>
    </p>
   </div>
   <div class='ocr_carea' id='block_1_23' title="bbox 502 2132 2110 2221">
    <p class='ocr_par' dir='ltr' id='par_1_23' title="bbox 502 2132 2110 2221">
     <span class='ocr_line' id='line_1_23' title="bbox 502 2132 2110 2221; baseline -0.001 -30"><span class='ocrx_word' id='word_1_143' title='bbox 502 2136 815 2191; x_wconf 64' lang='lat' dir='ltr'><strong>vcontraria</strong></span> <span class='ocrx_word' id='word_1_144' title='bbox 855 2135 912 2191; x_wconf 90' lang='lat' dir='ltr'><strong>hi</strong></span> <span class='ocrx_word' id='word_1_145' title='bbox 961 2144 1294 2203; x_wconf 81' lang='lat' dir='ltr'><strong>asserentes,</strong></span> <span class='ocrx_word' id='word_1_146' title='bbox 1336 2134 1715 2221; x_wconf 70' lang='lat' dir='ltr'><strong>communium</strong></span> <span class='ocrx_word' id='word_1_147' title='bbox 1748 2132 1972 2189; x_wconf 84' lang='lat' dir='ltr'><strong>Patrum</strong></span> <span class='ocrx_word' id='word_1_148' title='bbox 2015 2149 2110 2189; x_wconf 84' lang='lat' dir='ltr'><strong>ve-</strong></span> 
     </span>
    </p>
   </div>
   <div class='ocr_carea' id='block_1_24' title="bbox 534 2222 2111 2299">
    <p class='ocr_par' dir='ltr' id='par_1_24' title="bbox 534 2222 2111 2299">
     <span class='ocr_line' id='line_1_24' title="bbox 534 2222 2111 2299; baseline -0.001 -17"><span class='ocrx_word' id='word_1_149' title='bbox 534 2228 718 2299; x_wconf 87' lang='lat' dir='ltr'><strong>stigiis</strong></span> <span class='ocrx_word' id='word_1_150' title='bbox 778 2226 1036 2284; x_wconf 88' lang='lat' dir='ltr'><strong>insistere</strong></span> <span class='ocrx_word' id='word_1_151' title='bbox 1085 2227 1463 2299; x_wconf 77' lang='lat' dir='ltr'><strong>cognovimus.</strong></span> <span class='ocrx_word' id='word_1_152' title='bbox 1512 2222 1906 2283; x_wconf 67' lang='lat' dir='ltr'><strong>Verumtamen</strong></span> <span class='ocrx_word' id='word_1_153' title='bbox 1961 2239 2111 2282; x_wconf 84' lang='lat' dir='ltr'><strong>nunc</strong></span> 
     </span>
    </p>
   </div>
   <div class='ocr_carea' id='block_1_25' title="bbox 533 2317 2107 2389">
    <p class='ocr_par' dir='ltr' id='par_1_25' title="bbox 533 2317 2107 2389">
     <span class='ocr_line' id='line_1_25' title="bbox 533 2317 2107 2389; baseline 0 -16"><span class='ocrx_word' id='word_1_154' title='bbox 533 2326 682 2373; x_wconf 77' lang='lat' dir='ltr'><strong>esset</strong></span> <span class='ocrx_word' id='word_1_155' title='bbox 721 2317 1014 2375; x_wconf 83' lang='lat' dir='ltr'><strong>manifesta</strong></span> <span class='ocrx_word' id='word_1_156' title='bbox 1042 2318 1273 2375; x_wconf 89' lang='lat' dir='ltr'><strong>dimotio</strong></span> <span class='ocrx_word' id='word_1_157' title='bbox 1306 2317 1530 2386; x_wconf 90' lang='lat' dir='ltr'><strong>mentis,</strong></span> <span class='ocrx_word' id='word_1_158' title='bbox 1569 2326 1625 2374; x_wconf 89' lang='lat' dir='ltr'><strong>et</strong></span> <span class='ocrx_word' id='word_1_159' title='bbox 1671 2325 1864 2389; x_wconf 91' lang='lat' dir='ltr'><strong>aperta</strong></span> <span class='ocrx_word' id='word_1_160' title='bbox 1895 2318 2107 2389; x_wconf 84' lang='lat' dir='ltr'><strong>cogita-</strong></span> 
     </span>
    </p>
   </div>
   <div class='ocr_carea' id='block_1_26' title="bbox 510 2407 2110 2477">
    <p class='ocr_par' dir='ltr' id='par_1_26' title="bbox 510 2407 2110 2477">
     <span class='ocr_line' id='line_1_26' title="bbox 510 2407 2110 2477; baseline 0.001 -13"><span class='ocrx_word' id='word_1_161' title='bbox 510 2409 745 2465; x_wconf 80' lang='lat' dir='ltr'><strong>‘tionum</strong></span> <span class='ocrx_word' id='word_1_162' title='bbox 809 2408 1103 2477; x_wconf 88' lang='lat' dir='ltr'><strong>alienatio,</strong></span> <span class='ocrx_word' id='word_1_163' title='bbox 1160 2409 1207 2467; x_wconf 89' lang='lat' dir='ltr'><strong>si</strong></span> <span class='ocrx_word' id='word_1_164' title='bbox 1267 2416 1492 2467; x_wconf 89' lang='lat' dir='ltr'><strong>sanctos</strong></span> <span class='ocrx_word' id='word_1_165' title='bbox 1547 2409 1830 2466; x_wconf 90' lang='lat' dir='ltr'><strong>communi</strong></span> <span class='ocrx_word' id='word_1_166' title='bbox 1893 2407 2110 2465; x_wconf 85' lang='lat' dir='ltr'><strong>calculo</strong></span> 
     </span>
    </p>
   </div>
   <div class='ocr_carea' id='block_1_27' title="bbox 530 2498 2111 2574">
    <p class='ocr_par' dir='ltr' id='par_1_27' title="bbox 530 2498 2111 2574">
     <span class='ocr_line' id='line_1_27' title="bbox 530 2498 2111 2574; baseline 0.003 -20"><span class='ocrx_word' id='word_1_167' title='bbox 530 2511 783 2572; x_wconf 83' lang='lat' dir='ltr'><strong>receptos</strong></span> <span class='ocrx_word' id='word_1_168' title='bbox 819 2501 1155 2569; x_wconf 83' lang='lat' dir='ltr'><strong>deserentes,</strong></span> <span class='ocrx_word' id='word_1_169' title='bbox 1186 2500 1339 2574; x_wconf 87' lang='lat' dir='ltr'><strong>ipsos</strong></span> <span class='ocrx_word' id='word_1_170' title='bbox 1367 2515 1745 2572; x_wconf 83' lang='lat' dir='ltr'><strong>sequeremur,</strong></span> <span class='ocrx_word' id='word_1_171' title='bbox 1775 2499 1868 2572; x_wconf 90' lang='lat' dir='ltr'><strong>qui</strong></span> <span class='ocrx_word' id='word_1_172' title='bbox 1903 2500 1973 2556; x_wconf 92' lang='lat' dir='ltr'><strong>ob</strong></span> <span class='ocrx_word' id='word_1_173' title='bbox 2009 2498 2111 2558; x_wconf 85' lang='lat' dir='ltr'><strong>do-</strong></span> 
     </span>
    </p>
   </div>
   <div class='ocr_carea' id='block_1_28' title="bbox 530 2590 2110 2663">
    <p class='ocr_par' dir='ltr' id='par_1_28' title="bbox 530 2590 2110 2663">
     <span class='ocr_line' id='line_1_28' title="bbox 530 2590 2110 2663; baseline 0.001 -16"><span class='ocrx_word' id='word_1_174' title='bbox 530 2592 778 2648; x_wconf 85' lang='lat' dir='ltr'><strong>minandi</strong></span> <span class='ocrx_word' id='word_1_175' title='bbox 830 2592 1164 2660; x_wconf 89' lang='lat' dir='ltr'><strong>libidinem,</strong></span> <span class='ocrx_word' id='word_1_176' title='bbox 1222 2603 1277 2648; x_wconf 91' lang='lat' dir='ltr'><strong>et</strong></span> <span class='ocrx_word' id='word_1_177' title='bbox 1327 2593 1474 2663; x_wconf 88' lang='lat' dir='ltr'><strong>quod</strong></span> <span class='ocrx_word' id='word_1_178' title='bbox 1526 2590 1790 2648; x_wconf 75' lang='lat' dir='ltr'><strong>Romana:</strong></span> <span class='ocrx_word' id='word_1_179' title='bbox 1848 2590 2110 2648; x_wconf 73' lang='lat' dir='ltr'><strong>Ecclesiae</strong></span> 
     </span>
    </p>
   </div>
   <div class='ocr_carea' id='block_1_29' title="bbox 504 2686 2105 2760">
    <p class='ocr_par' dir='ltr' id='par_1_29' title="bbox 504 2686 2105 2760">
     <span class='ocr_line' id='line_1_29' title="bbox 504 2686 2105 2760; baseline -0.002 -17"><span class='ocrx_word' id='word_1_180' title='bbox 504 2726 507 2731; x_wconf 62' lang='grc' dir='ltr'>ς</span> <span class='ocrx_word' id='word_1_181' title='bbox 531 2686 819 2760; x_wconf 81' lang='lat' dir='ltr'><strong>privilegia</strong></span> <span class='ocrx_word' id='word_1_182' title='bbox 849 2687 1160 2759; x_wconf 88' lang='lat' dir='ltr'><strong>antiquitus</strong></span> <span class='ocrx_word' id='word_1_183' title='bbox 1184 2697 1241 2743; x_wconf 91' lang='lat' dir='ltr'><strong>et</strong></span> <span class='ocrx_word' id='word_1_184' title='bbox 1267 2702 1365 2759; x_wconf 90' lang='lat' dir='ltr'><strong>per</strong></span> <span class='ocrx_word' id='word_1_185' title='bbox 1385 2701 1549 2742; x_wconf 91' lang='lat' dir='ltr'><strong>omne</strong></span> <span class='ocrx_word' id='word_1_186' title='bbox 1572 2696 1789 2758; x_wconf 86' lang='lat' dir='ltr'><strong>tempus</strong></span> <span class='ocrx_word' id='word_1_187' title='bbox 1816 2700 2105 2752; x_wconf 86' lang='lat' dir='ltr'><strong>concessa,</strong></span> 
     </span>
    </p>
   </div>
   <div class='ocr_carea' id='block_1_30' title="bbox 533 2776 2108 2851">
    <p class='ocr_par' dir='ltr' id='par_1_30' title="bbox 533 2776 2108 2851">
     <span class='ocr_line' id='line_1_30' title="bbox 533 2776 2108 2851; baseline -0.001 -19"><span class='ocrx_word' id='word_1_188' title='bbox 533 2778 612 2834; x_wconf 80' lang='lat' dir='ltr'><strong>uti</strong></span> <span class='ocrx_word' id='word_1_189' title='bbox 654 2794 774 2835; x_wconf 85' lang='lat' dir='ltr'><strong>mos</strong></span> <span class='ocrx_word' id='word_1_190' title='bbox 817 2788 924 2847; x_wconf 91' lang='lat' dir='ltr'><strong>est,</strong></span> <span class='ocrx_word' id='word_1_191' title='bbox 975 2793 1276 2851; x_wconf 81' lang='lat' dir='ltr'><strong>agnoscere</strong></span> <span class='ocrx_word' id='word_1_192' title='bbox 1319 2785 1585 2844; x_wconf 86' lang='lat' dir='ltr'><strong>renuunt,</strong></span> <span class='ocrx_word' id='word_1_193' title='bbox 1632 2777 1816 2834; x_wconf 84' lang='lat' dir='ltr'><strong>omnia</strong></span> <span class='ocrx_word' id='word_1_194' title='bbox 1873 2776 2108 2834; x_wconf 64' lang='lat' dir='ltr'><strong>contiun-</strong></span> 
     </span>
    </p>
   </div>
   <div class='ocr_carea' id='block_1_31' title="bbox 524 2868 2108 2942">
    <p class='ocr_par' dir='ltr' id='par_1_31' title="bbox 524 2868 2108 2942">
     <span class='ocr_line' id='line_1_31' title="bbox 524 2868 2108 2942; baseline -0.003 -15"><span class='ocrx_word' id='word_1_195' title='bbox 524 2870 727 2927; x_wconf 84' lang='lat' dir='ltr'><strong>deutes</strong></span> <span class='ocrx_word' id='word_1_196' title='bbox 760 2879 816 2925; x_wconf 84' lang='lat' dir='ltr'><strong>et</strong></span> <span class='ocrx_word' id='word_1_197' title='bbox 872 2870 1164 2927; x_wconf 87' lang='lat' dir='ltr'><strong>temerarie</strong></span> <span class='ocrx_word' id='word_1_198' title='bbox 1196 2869 1602 2942; x_wconf 87' lang='lat' dir='ltr'><strong>perturbantes,</strong></span> <span class='ocrx_word' id='word_1_199' title='bbox 1630 2868 2108 2934; x_wconf 82' lang='lat' dir='ltr'><strong>contradixerunt,</strong></span> 
     </span>
    </p>
   </div>
   <div class='ocr_carea' id='block_1_32' title="bbox 520 2960 2109 3034">
    <p class='ocr_par' dir='ltr' id='par_1_32' title="bbox 520 2960 2109 3034">
     <span class='ocr_line' id='line_1_32' title="bbox 520 2960 2109 3034; baseline -0.001 -16"><span class='ocrx_word' id='word_1_200' title='bbox 520 2963 676 3034; x_wconf 78' lang='lat' dir='ltr'><strong>quod</strong></span> <span class='ocrx_word' id='word_1_201' title='bbox 708 2963 916 3018; x_wconf 88' lang='lat' dir='ltr'><strong>utinam</strong></span> <span class='ocrx_word' id='word_1_202' title='bbox 953 2961 1162 3018; x_wconf 77' lang='lat' dir='ltr'><strong>factum</strong></span> <span class='ocrx_word' id='word_1_203' title='bbox 1207 2976 1317 3017; x_wconf 88' lang='lat' dir='ltr'><strong>non</strong></span> <span class='ocrx_word' id='word_1_204' title='bbox 1349 2961 1564 3029; x_wconf 82' lang='lat' dir='ltr'><strong>fuisset,</strong></span> <span class='ocrx_word' id='word_1_205' title='bbox 1592 2969 1645 3017; x_wconf 90' lang='lat' dir='ltr'><strong>et</strong></span> <span class='ocrx_word' id='word_1_206' title='bbox 1676 2960 1915 3032; x_wconf 75' lang='lat' dir='ltr'><strong>dogmati</strong></span> <span class='ocrx_word' id='word_1_207' title='bbox 1948 2972 2109 3017; x_wconf 71' lang='lat' dir='ltr'><strong>recta:</strong></span> 
     </span>
    </p>
   </div>
   <div class='ocr_carea' id='block_1_33' title="bbox 530 3052 2099 3126">
    <p class='ocr_par' dir='ltr' id='par_1_33' title="bbox 530 3052 2099 3126">
     <span class='ocr_line' id='line_1_33' title="bbox 530 3052 2099 3126; baseline -0.001 -17"><span class='ocrx_word' id='word_1_208' title='bbox 530 3056 745 3126; x_wconf 73' lang='lat' dir='ltr'><strong>piaeque</strong></span> <span class='ocrx_word' id='word_1_209' title='bbox 782 3065 984 3113; x_wconf 62' lang='lat' dir='ltr'><strong>nostra:</strong></span> <span class='ocrx_word' id='word_1_210' title='bbox 1024 3054 1152 3112; x_wconf 80' lang='lat' dir='ltr'><strong>ﬁdei</strong></span> <span class='ocrx_word' id='word_1_211' title='bbox 1180 3054 1366 3111; x_wconf 89' lang='lat' dir='ltr'><strong>sensui</strong></span> <span class='ocrx_word' id='word_1_212' title='bbox 1401 3053 1594 3110; x_wconf 89' lang='lat' dir='ltr'><strong>inuixo</strong></span> <span class='ocrx_word' id='word_1_213' title='bbox 1621 3053 1939 3110; x_wconf 86' lang='lat' dir='ltr'><strong>scandalum</strong></span> <span class='ocrx_word' id='word_1_214' title='bbox 1971 3052 2099 3108; x_wconf 86' lang='lat' dir='ltr'><strong>uni-</strong></span> 
     </span>
    </p>
   </div>
   <div class='ocr_carea' id='block_1_34' title="bbox 2213 584 3749 662">
    <p class='ocr_par' dir='ltr' id='par_1_34' title="bbox 2213 584 3749 662">
     <span class='ocr_line' id='line_1_34' title="bbox 2213 584 3749 662; baseline 0.007 -22"><span class='ocrx_word' id='word_1_215' title='bbox 2213 588 2328 657; x_wconf 86' lang='grc' dir='ltr'><strong>γῶς</strong></span> <span class='ocrx_word' id='word_1_216' title='bbox 2359 589 2799 659; x_wconf 80' lang='grc' dir='ltr'>ὑπερϐαίνουσιν,</span> <span class='ocrx_word' id='word_1_217' title='bbox 2822 584 2899 645; x_wconf 80' lang='grc' dir='ltr'><strong>ὧν</strong></span> <span class='ocrx_word' id='word_1_218' title='bbox 2927 593 2956 645; x_wconf 83' lang='grc' dir='ltr'><strong>ό</strong></span> <span class='ocrx_word' id='word_1_219' title='bbox 2991 590 3105 661; x_wconf 81' lang='grc' dir='ltr'>βίος</span> <span class='ocrx_word' id='word_1_220' title='bbox 3136 590 3232 662; x_wconf 81' lang='grc' dir='ltr'><strong>μὲν</strong></span> <span class='ocrx_word' id='word_1_221' title='bbox 3262 590 3338 660; x_wconf 81' lang='grc' dir='ltr'>τῷ</span> <span class='ocrx_word' id='word_1_222' title='bbox 3362 590 3501 661; x_wconf 83' lang='grc' dir='ltr'>λόγῳ</span> <span class='ocrx_word' id='word_1_223' title='bbox 3529 607 3749 661; x_wconf 77' lang='grc' dir='ltr'>συμμαρ-</span> 
     </span>
    </p>
   </div>
   <div class='ocr_carea' id='block_1_35' title="bbox 2211 679 3750 753">
    <p class='ocr_par' dir='ltr' id='par_1_35' title="bbox 2211 679 3750 753">
     <span class='ocr_line' id='line_1_35' title="bbox 2211 679 3750 753; baseline 0.003 -21"><span class='ocrx_word' id='word_1_224' title='bbox 2211 684 2388 751; x_wconf 84' lang='grc' dir='ltr'>τυρεῖ,</span> <span class='ocrx_word' id='word_1_225' title='bbox 2436 684 2532 737; x_wconf 73' lang='grc' dir='ltr'>καὶ</span> <span class='ocrx_word' id='word_1_226' title='bbox 2573 686 2602 737; x_wconf 84' lang='grc' dir='ltr'><strong>ό</strong></span> <span class='ocrx_word' id='word_1_227' title='bbox 2641 682 2799 753; x_wconf 84' lang='grc' dir='ltr'><strong>λόγος</strong></span> <span class='ocrx_word' id='word_1_228' title='bbox 2834 683 2891 737; x_wconf 78' lang='grc' dir='ltr'>δὲ</span> <span class='ocrx_word' id='word_1_229' title='bbox 2924 683 3015 738; x_wconf 76' lang='grc' dir='ltr'><strong>τὸν</strong></span> <span class='ocrx_word' id='word_1_230' title='bbox 3049 682 3167 753; x_wconf 90' lang='grc' dir='ltr'>βίον</span> <span class='ocrx_word' id='word_1_231' title='bbox 3209 682 3538 752; x_wconf 86' lang='grc' dir='ltr'>συνίστησιν,</span> <span class='ocrx_word' id='word_1_232' title='bbox 3576 679 3648 747; x_wconf 80' lang='grc' dir='ltr'>οἷς</span> <span class='ocrx_word' id='word_1_233' title='bbox 3671 686 3750 738; x_wconf 80' lang='grc' dir='ltr'>καὶ</span> 
     </span>
    </p>
   </div>
   <div class='ocr_carea' id='block_1_36' title="bbox 2210 771 3747 847">
    <p class='ocr_par' dir='ltr' id='par_1_36' title="bbox 2210 771 3747 847">
     <span class='ocr_line' id='line_1_36' title="bbox 2210 771 3747 847; baseline 0.005 -23"><span class='ocrx_word' id='word_1_234' title='bbox 2210 772 2322 825; x_wconf 89' lang='grc' dir='ltr'><strong>τῶν</strong></span> <span class='ocrx_word' id='word_1_235' title='bbox 2353 771 2502 842; x_wconf 80' lang='grc' dir='ltr'>ἡλίου</span> <span class='ocrx_word' id='word_1_236' title='bbox 2534 790 2609 843; x_wconf 89' lang='grc' dir='ltr'><strong>μα</strong></span> <span class='ocrx_word' id='word_1_237' title='bbox 2617 774 2919 846; x_wconf 87' lang='grc' dir='ltr'>ρμαρυγῶν</span> <span class='ocrx_word' id='word_1_238' title='bbox 2963 773 3216 846; x_wconf 74' lang='grc' dir='ltr'>ἔλαμψαν</span> <span class='ocrx_word' id='word_1_239' title='bbox 3243 777 3303 829; x_wconf 88' lang='grc' dir='ltr'><strong>ἐν</strong></span> <span class='ocrx_word' id='word_1_240' title='bbox 3344 778 3529 847; x_wconf 82' lang='grc' dir='ltr'>κόσμῳ</span> <span class='ocrx_word' id='word_1_241' title='bbox 3556 778 3747 847; x_wconf 84' lang='grc' dir='ltr'>φαιδρό-</span> 
     </span>
    </p>
   </div>
   <div class='ocr_carea' id='block_1_37' title="bbox 2210 864 3748 937">
    <p class='ocr_par' dir='ltr' id='par_1_37' title="bbox 2210 864 3748 937">
     <span class='ocr_line' id='line_1_37' title="bbox 2210 864 3748 937; baseline 0 -19"><span class='ocrx_word' id='word_1_242' title='bbox 2210 880 2405 937; x_wconf 78' lang='grc' dir='ltr'>τερον,</span> <span class='ocrx_word' id='word_1_243' title='bbox 2464 866 2646 921; x_wconf 79' lang='grc' dir='ltr'>πᾶσαν</span> <span class='ocrx_word' id='word_1_244' title='bbox 2693 864 3122 935; x_wconf 77' lang='grc' dir='ltr'>ἐξαφανίσαντες</span> <span class='ocrx_word' id='word_1_245' title='bbox 3181 868 3280 937; x_wconf 78' lang='grc' dir='ltr'>τὴν</span> <span class='ocrx_word' id='word_1_246' title='bbox 3341 867 3440 937; x_wconf 82' lang='grc' dir='ltr'>τῆς</span> <span class='ocrx_word' id='word_1_247' title='bbox 3494 868 3748 930; x_wconf 73' lang='grc' dir='ltr'>πολυθεῖας</span> 
     </span>
    </p>
   </div>
   <div class='ocr_carea' id='block_1_38' title="bbox 2210 954 3749 1030">
    <p class='ocr_par' dir='ltr' id='par_1_38' title="bbox 2210 954 3749 1030">
     <span class='ocr_line' id='line_1_38' title="bbox 2210 954 3749 1030; baseline 0.002 -21"><span class='ocrx_word' id='word_1_248' title='bbox 2210 954 2402 1025; x_wconf 80' lang='grc' dir='ltr'>ἀχλὺν.</span> <span class='ocrx_word' id='word_1_249' title='bbox 2432 957 2533 1011; x_wconf 77' lang='grc' dir='ltr'>καὶ</span> <span class='ocrx_word' id='word_1_250' title='bbox 2560 958 2653 1011; x_wconf 78' lang='grc' dir='ltr'>τὸν</span> <span class='ocrx_word' id='word_1_251' title='bbox 2686 956 2853 1028; x_wconf 80' lang='grc' dir='ltr'>ζόφον</span> <span class='ocrx_word' id='word_1_252' title='bbox 2877 958 2986 1013; x_wconf 90' lang='grc' dir='ltr'><strong>τῶν</strong></span> <span class='ocrx_word' id='word_1_253' title='bbox 3012 959 3275 1030; x_wconf 79' lang='grc' dir='ltr'><strong>αἱρέσεων</strong></span> <span class='ocrx_word' id='word_1_254' title='bbox 3302 959 3476 1013; x_wconf 80' lang='grc' dir='ltr'>πάντα</span> <span class='ocrx_word' id='word_1_255' title='bbox 3502 959 3749 1013; x_wconf 74' lang='grc' dir='ltr'>διασκεδά-</span> 
     </span>
    </p>
   </div>
   <div class='ocr_carea' id='block_1_39' title="bbox 2215 1046 3749 1120">
    <p class='ocr_par' dir='ltr' id='par_1_39' title="bbox 2215 1046 3749 1120">
     <span class='ocr_line' id='line_1_39' title="bbox 2215 1046 3749 1120; baseline 0.002 -22"><span class='ocrx_word' id='word_1_256' title='bbox 2215 1061 2428 1111; x_wconf 88' lang='grc' dir='ltr'>σαντες,</span> <span class='ocrx_word' id='word_1_257' title='bbox 2458 1046 2534 1110; x_wconf 82' lang='grc' dir='ltr'><strong>ὡς</strong></span> <span class='ocrx_word' id='word_1_258' title='bbox 2570 1049 2928 1120; x_wconf 77' lang='grc' dir='ltr'><strong>αἰσχυνθῆναι</strong></span> <span class='ocrx_word' id='word_1_259' title='bbox 2964 1051 3059 1103; x_wconf 75' lang='grc' dir='ltr'>καὶ</span> <span class='ocrx_word' id='word_1_260' title='bbox 3088 1050 3208 1104; x_wconf 82' lang='grc' dir='ltr'>κατ’</span> <span class='ocrx_word' id='word_1_261' title='bbox 3234 1050 3537 1120; x_wconf 75' lang='grc' dir='ltr'><strong>ἀμφότερον</strong></span> <span class='ocrx_word' id='word_1_262' title='bbox 3557 1050 3639 1102; x_wconf 81' lang='grc' dir='ltr'>τὸν</span> <span class='ocrx_word' id='word_1_263' title='bbox 3663 1051 3749 1102; x_wconf 70' lang='grc' dir='ltr'><strong>Στ-</strong></span> 
     </span>
    </p>
   </div>
   <div class='ocr_carea' id='block_1_40' title="bbox 2211 1137 3747 1211">
    <p class='ocr_par' dir='ltr' id='par_1_40' title="bbox 2211 1137 3747 1211">
     <span class='ocr_line' id='line_1_40' title="bbox 2211 1137 3747 1211; baseline 0.003 -20"><span class='ocrx_word' id='word_1_264' title='bbox 2211 1137 2335 1203; x_wconf 88' lang='grc' dir='ltr'><strong>τάν,</strong></span> <span class='ocrx_word' id='word_1_265' title='bbox 2366 1138 2466 1211; x_wconf 77' lang='grc' dir='ltr'>τὴν</span> <span class='ocrx_word' id='word_1_266' title='bbox 2495 1141 2555 1194; x_wconf 85' lang='grc' dir='ltr'><strong>ἐν</strong></span> <span class='ocrx_word' id='word_1_267' title='bbox 2575 1138 2787 1204; x_wconf 77' lang='grc' dir='ltr'><strong>τούτοις</strong></span> <span class='ocrx_word' id='word_1_268' title='bbox 2817 1140 3050 1210; x_wconf 86' lang='grc' dir='ltr'>δύναμιν</span> <span class='ocrx_word' id='word_1_269' title='bbox 3088 1140 3267 1194; x_wconf 84' lang='grc' dir='ltr'>αὐτῶν</span> <span class='ocrx_word' id='word_1_270' title='bbox 3297 1141 3640 1210; x_wconf 85' lang='grc' dir='ltr'>θεασάμενον,</span> <span class='ocrx_word' id='word_1_271' title='bbox 3671 1142 3747 1206; x_wconf 77' lang='grc' dir='ltr'><strong>οὓς</strong></span> 
     </span>
    </p>
   </div>
   <div class='ocr_carea' id='block_1_41' title="bbox 2211 1230 3747 1302">
    <p class='ocr_par' dir='ltr' id='par_1_41' title="bbox 2211 1230 3747 1302">
     <span class='ocr_line' id='line_1_41' title="bbox 2211 1230 3747 1302; baseline 0.001 -19"><span class='ocrx_word' id='word_1_272' title='bbox 2211 1230 2580 1302; x_wconf 78' lang='grc' dir='ltr'><strong>διαφερόντως</strong></span> <span class='ocrx_word' id='word_1_273' title='bbox 2612 1231 2707 1286; x_wconf 67' lang='grc' dir='ltr'>καὶ</span> <span class='ocrx_word' id='word_1_274' title='bbox 2741 1231 2849 1284; x_wconf 91' lang='grc' dir='ltr'><strong>τῶν</strong></span> <span class='ocrx_word' id='word_1_275' title='bbox 2872 1232 3182 1300; x_wconf 87' lang='grc' dir='ltr'>ἀγγελικῶν</span> <span class='ocrx_word' id='word_1_276' title='bbox 3207 1233 3501 1300; x_wconf 81' lang='grc' dir='ltr'><strong>ταγμάτων</strong></span> <span class='ocrx_word' id='word_1_277' title='bbox 3527 1235 3559 1300; x_wconf 85' lang='grc' dir='ltr'>ἠ</span> <span class='ocrx_word' id='word_1_278' title='bbox 3590 1232 3747 1285; x_wconf 77' lang='grc' dir='ltr'>διακό-</span> 
     </span>
    </p>
   </div>
   <div class='ocr_carea' id='block_1_42' title="bbox 2213 1312 3748 1393">
    <p class='ocr_par' dir='ltr' id='par_1_42' title="bbox 2213 1312 3748 1393">
     <span class='ocr_line' id='line_1_42' title="bbox 2213 1312 3748 1393; baseline 0.002 -20"><span class='ocrx_word' id='word_1_279' title='bbox 2213 1336 2415 1392; x_wconf 85' lang='grc' dir='ltr'>σμησις</span> <span class='ocrx_word' id='word_1_280' title='bbox 2464 1312 2785 1393; x_wconf 78' lang='grc' dir='ltr'>ἀγασαμένη</span> <span class='ocrx_word' id='word_1_281' title='bbox 2829 1322 2967 1376; x_wconf 67' lang='grc' dir='ltr'>κάπὶ</span> <span class='ocrx_word' id='word_1_282' title='bbox 3006 1323 3141 1377; x_wconf 75' lang='grc' dir='ltr'>πολὺ</span> <span class='ocrx_word' id='word_1_283' title='bbox 3190 1324 3292 1393; x_wconf 80' lang='grc' dir='ltr'>τῆς</span> <span class='ocrx_word' id='word_1_284' title='bbox 3341 1322 3748 1391; x_wconf 77' lang='grc' dir='ltr'>ὑπερϐαλλούσης</span> 
     </span>
    </p>
   </div>
   <div class='ocr_carea' id='block_1_43' title="bbox 2214 1411 3750 1484">
    <p class='ocr_par' dir='ltr' id='par_1_43' title="bbox 2214 1411 3750 1484">
     <span class='ocr_line' id='line_1_43' title="bbox 2214 1411 3750 1484; baseline 0.001 -21"><span class='ocrx_word' id='word_1_285' title='bbox 2214 1411 2569 1483; x_wconf 70' lang='grc' dir='ltr'><strong>στερρότητος</strong></span> <span class='ocrx_word' id='word_1_286' title='bbox 2608 1414 2664 1465; x_wconf 84' lang='grc' dir='ltr'><strong>ἐν</strong></span> <span class='ocrx_word' id='word_1_287' title='bbox 2718 1414 3022 1483; x_wconf 78' lang='grc' dir='ltr'><strong>ἑκατέροις,</strong></span> <span class='ocrx_word' id='word_1_288' title='bbox 3056 1413 3149 1468; x_wconf 82' lang='grc' dir='ltr'>καὶ</span> <span class='ocrx_word' id='word_1_289' title='bbox 3199 1413 3303 1483; x_wconf 78' lang='grc' dir='ltr'>τῆς</span> <span class='ocrx_word' id='word_1_290' title='bbox 3336 1413 3632 1484; x_wconf 79' lang='grc' dir='ltr'><strong>ὑπερφυοῦς</strong></span> <span class='ocrx_word' id='word_1_291' title='bbox 3669 1414 3750 1467; x_wconf 68' lang='grc' dir='ltr'>ἀν.</span> 
     </span>
    </p>
   </div>
   <div class='ocr_carea' id='block_1_44' title="bbox 2210 1501 3791 1575">
    <p class='ocr_par' dir='ltr' id='par_1_44' title="bbox 2210 1501 3791 1575">
     <span class='ocr_line' id='line_1_44' title="bbox 2210 1501 3791 1575; baseline 0.001 -20"><span class='ocrx_word' id='word_1_292' title='bbox 2210 1501 2363 1572; x_wconf 84' lang='grc' dir='ltr'>δρίας</span> <span class='ocrx_word' id='word_1_293' title='bbox 2393 1502 2840 1574; x_wconf 80' lang='grc' dir='ltr'>ύπερεθαύμασε.</span> <span class='ocrx_word' id='word_1_294' title='bbox 2873 1504 2949 1557; x_wconf 86' lang='grc' dir='ltr'>Τὸ</span> <span class='ocrx_word' id='word_1_295' title='bbox 2979 1505 3200 1559; x_wconf 81' lang='grc' dir='ltr'>πάντων</span> <span class='ocrx_word' id='word_1_296' title='bbox 3237 1504 3491 1573; x_wconf 83' lang='grc' dir='ltr'>μέγιστον</span> <span class='ocrx_word' id='word_1_297' title='bbox 3537 1503 3636 1575; x_wconf 78' lang='grc' dir='ltr'><strong>τῶν</strong></span> <span class='ocrx_word' id='word_1_298' title='bbox 3663 1506 3749 1573; x_wconf 78' lang='grc' dir='ltr'>ρη-</span> <span class='ocrx_word' id='word_1_299' title='bbox 3785 1539 3791 1545; x_wconf 60' lang='grc' dir='ltr'><strong>ι</strong></span> 
     </span>
    </p>
   </div>
   <div class='ocr_carea' id='block_1_45' title="bbox 2211 1578 3750 1667">
    <p class='ocr_par' dir='ltr' id='par_1_45' title="bbox 2211 1578 3750 1667">
     <span class='ocr_line' id='line_1_45' title="bbox 2211 1578 3750 1667; baseline -0.001 -20"><span class='ocrx_word' id='word_1_300' title='bbox 2211 1592 2413 1649; x_wconf 81' lang='grc' dir='ltr'>θέντων</span> <span class='ocrx_word' id='word_1_301' title='bbox 2455 1594 2572 1662; x_wconf 87' lang='grc' dir='ltr'>νῦν,</span> <span class='ocrx_word' id='word_1_302' title='bbox 2599 1597 2695 1649; x_wconf 63' lang='grc' dir='ltr'><strong>καὶ⁹</strong></span> <span class='ocrx_word' id='word_1_303' title='bbox 2751 1595 2813 1649; x_wconf 74' lang='grc' dir='ltr'>τὸ</span> <span class='ocrx_word' id='word_1_304' title='bbox 2847 1596 3050 1667; x_wconf 82' lang='grc' dir='ltr'>μᾶλλον</span> <span class='ocrx_word' id='word_1_305' title='bbox 3094 1594 3277 1650; x_wconf 73' lang='grc' dir='ltr'>αὐτῶν</span> <span class='ocrx_word' id='word_1_306' title='bbox 3317 1593 3651 1666; x_wconf 81' lang='grc' dir='ltr'>κυριώτερον,</span> <span class='ocrx_word' id='word_1_307' title='bbox 3684 1578 3750 1646; x_wconf 74' lang='grc' dir='ltr'><strong>ὧν</strong></span> 
     </span>
    </p>
   </div>
   <div class='ocr_carea' id='block_1_46' title="bbox 2208 1684 3749 1757">
    <p class='ocr_par' dir='ltr' id='par_1_46' title="bbox 2208 1684 3749 1757">
     <span class='ocr_line' id='line_1_46' title="bbox 2208 1684 3749 1757; baseline -0.001 -19"><span class='ocrx_word' id='word_1_308' title='bbox 2208 1684 2280 1739; x_wconf 84' lang='grc' dir='ltr'><strong>τὰ</strong></span> <span class='ocrx_word' id='word_1_309' title='bbox 2305 1684 2717 1757; x_wconf 81' lang='grc' dir='ltr'>συγγράμματα</span> <span class='ocrx_word' id='word_1_310' title='bbox 2746 1686 2839 1740; x_wconf 76' lang='grc' dir='ltr'><strong>καὶ</strong></span> <span class='ocrx_word' id='word_1_311' title='bbox 2872 1686 3000 1750; x_wconf 82' lang='grc' dir='ltr'>τοὺς</span> <span class='ocrx_word' id='word_1_312' title='bbox 3026 1685 3227 1755; x_wconf 88' lang='grc' dir='ltr'>λόγους.</span> <span class='ocrx_word' id='word_1_313' title='bbox 3280 1685 3357 1752; x_wconf 86' lang='grc' dir='ltr'><strong>ῶς</strong></span> <span class='ocrx_word' id='word_1_314' title='bbox 3384 1701 3530 1747; x_wconf 88' lang='grc' dir='ltr'>τινας</span> <span class='ocrx_word' id='word_1_315' title='bbox 3555 1684 3749 1739; x_wconf 68' lang='lat' dir='ltr'><strong>Miscui-</strong></span> 
     </span>
    </p>
   </div>
   <div class='ocr_carea' id='block_1_47' title="bbox 2211 1774 3750 1849">
    <p class='ocr_par' dir='ltr' id='par_1_47' title="bbox 2211 1774 3750 1849">
     <span class='ocr_line' id='line_1_47' title="bbox 2211 1774 3750 1849; baseline -0.001 -21"><span class='ocrx_word' id='word_1_316' title='bbox 2211 1774 2314 1841; x_wconf 84' lang='grc' dir='ltr'><strong>κάς</strong></span> <span class='ocrx_word' id='word_1_317' title='bbox 2345 1775 2561 1840; x_wconf 84' lang='grc' dir='ltr'>πλάκας</span> <span class='ocrx_word' id='word_1_318' title='bbox 2590 1775 2873 1849; x_wconf 77' lang='grc' dir='ltr'>ἄντικρυς,</span> <span class='ocrx_word' id='word_1_319' title='bbox 2903 1776 2999 1831; x_wconf 82' lang='grc' dir='ltr'>καὶ</span> <span class='ocrx_word' id='word_1_320' title='bbox 3022 1775 3175 1840; x_wconf 81' lang='grc' dir='ltr'>θείας</span> <span class='ocrx_word' id='word_1_321' title='bbox 3208 1776 3395 1847; x_wconf 73' lang='grc' dir='ltr'>φωνὰς</span> <span class='ocrx_word' id='word_1_322' title='bbox 3421 1777 3455 1847; x_wconf 81' lang='grc' dir='ltr'><strong>ἡ</strong></span> <span class='ocrx_word' id='word_1_323' title='bbox 3490 1774 3750 1843; x_wconf 77' lang='grc' dir='ltr'><strong>Ἐκκλησία</strong></span> 
     </span>
    </p>
   </div>
   <div class='ocr_carea' id='block_1_48' title="bbox 2211 1864 3751 1938">
    <p class='ocr_par' dir='ltr' id='par_1_48' title="bbox 2211 1864 3751 1938">
     <span class='ocr_line' id='line_1_48' title="bbox 2211 1864 3751 1938; baseline -0.001 -19"><span class='ocrx_word' id='word_1_324' title='bbox 2211 1865 2308 1921; x_wconf 87' lang='grc' dir='ltr'>τοῦ</span> <span class='ocrx_word' id='word_1_325' title='bbox 2356 1864 2494 1921; x_wconf 85' lang='grc' dir='ltr'>Θεοῦ</span> <span class='ocrx_word' id='word_1_326' title='bbox 2545 1865 2817 1938; x_wconf 79' lang='grc' dir='ltr'><strong>δεξαμένη</strong></span> <span class='ocrx_word' id='word_1_327' title='bbox 2854 1865 3184 1932; x_wconf 71' lang='grc' dir='ltr'>σεϐάξεσθαι</span> <span class='ocrx_word' id='word_1_328' title='bbox 3231 1867 3329 1921; x_wconf 68' lang='grc' dir='ltr'>καὶ</span> <span class='ocrx_word' id='word_1_329' title='bbox 3359 1865 3594 1937; x_wconf 77' lang='grc' dir='ltr'>κατέχειν</span> <span class='ocrx_word' id='word_1_330' title='bbox 3638 1867 3751 1935; x_wconf 70' lang='grc' dir='ltr'>ἡμῖν</span> 
     </span>
    </p>
   </div>
   <div class='ocr_carea' id='block_1_49' title="bbox 2213 1950 3749 2031">
    <p class='ocr_par' dir='ltr' id='par_1_49' title="bbox 2213 1950 3749 2031">
     <span class='ocr_line' id='line_1_49' title="bbox 2213 1950 3749 2031; baseline -0.003 -18"><span class='ocrx_word' id='word_1_331' title='bbox 2213 1957 2549 2031; x_wconf 86' lang='grc' dir='ltr'>παρέδωκεν.</span> <span class='ocrx_word' id='word_1_332' title='bbox 2579 1959 2645 2014; x_wconf 75' lang='grc' dir='ltr'><strong>Εἰ</strong></span> <span class='ocrx_word' id='word_1_333' title='bbox 2694 1960 2808 2024; x_wconf 80' lang='grc' dir='ltr'>τοῖς</span> <span class='ocrx_word' id='word_1_334' title='bbox 2849 1958 3115 2022; x_wconf 77' lang='grc' dir='ltr'>τοιούτοις</span> <span class='ocrx_word' id='word_1_335' title='bbox 3144 1956 3243 2012; x_wconf 78' lang='grc' dir='ltr'><strong>οῦν</strong></span> <span class='ocrx_word' id='word_1_336' title='bbox 3286 1950 3432 2012; x_wconf 73' lang='grc' dir='ltr'>οὗτοι</span> <span class='ocrx_word' id='word_1_337' title='bbox 3473 1956 3749 2027; x_wconf 74' lang='grc' dir='ltr'>πειθόμενοι</span> 
     </span>
    </p>
   </div>
   <div class='ocr_carea' id='block_1_50' title="bbox 2210 2045 3747 2123">
    <p class='ocr_par' dir='ltr' id='par_1_50' title="bbox 2210 2045 3747 2123">
     <span class='ocr_line' id='line_1_50' title="bbox 2210 2045 3747 2123; baseline -0.002 -18"><span class='ocrx_word' id='word_1_338' title='bbox 2210 2050 2670 2122; x_wconf 79' lang='grc' dir='ltr'><strong>κατηκολούθουν,</strong></span> <span class='ocrx_word' id='word_1_339' title='bbox 2708 2050 2785 2116; x_wconf 76' lang='grc' dir='ltr'><strong>ὡς</strong></span> <span class='ocrx_word' id='word_1_340' title='bbox 2811 2050 2871 2105; x_wconf 89' lang='grc' dir='ltr'><strong>τδ</strong></span> <span class='ocrx_word' id='word_1_341' title='bbox 2902 2050 3070 2116; x_wconf 82' lang='grc' dir='ltr'>είκδς,</span> <span class='ocrx_word' id='word_1_342' title='bbox 3094 2050 3217 2105; x_wconf 85' lang='grc' dir='ltr'>δέον</span> <span class='ocrx_word' id='word_1_343' title='bbox 3246 2045 3317 2123; x_wconf 75' lang='grc' dir='ltr'>ἦν</span> <span class='ocrx_word' id='word_1_344' title='bbox 3351 2048 3500 2111; x_wconf 78' lang='grc' dir='ltr'>αὖθις</span> <span class='ocrx_word' id='word_1_345' title='bbox 3518 2049 3602 2103; x_wconf 80' lang='grc' dir='ltr'>καὶ</span> <span class='ocrx_word' id='word_1_346' title='bbox 3625 2048 3747 2117; x_wconf 72' lang='grc' dir='ltr'>ἡμᾶς</span> 
     </span>
    </p>
   </div>
   <div class='ocr_carea' id='block_1_51' title="bbox 2210 2136 3746 2205">
    <p class='ocr_par' dir='ltr' id='par_1_51' title="bbox 2210 2136 3746 2205">
     <span class='ocr_line' id='line_1_51' title="bbox 2210 2136 3746 2205; baseline -0.005 -11"><span class='ocrx_word' id='word_1_347' title='bbox 2210 2139 2419 2205; x_wconf 83' lang='grc' dir='ltr'>πάντας</span> <span class='ocrx_word' id='word_1_348' title='bbox 2446 2141 2866 2196; x_wconf 68' lang='grc' dir='ltr'>κατακολουθεῖν</span> <span class='ocrx_word' id='word_1_349' title='bbox 2894 2140 3109 2205; x_wconf 80' lang='grc' dir='ltr'>τούτοις</span> <span class='ocrx_word' id='word_1_350' title='bbox 3143 2140 3244 2195; x_wconf 73' lang='grc' dir='ltr'>καὶ</span> <span class='ocrx_word' id='word_1_351' title='bbox 3289 2139 3582 2194; x_wconf 75' lang='grc' dir='ltr'>πείθεσθαι.</span> <span class='ocrx_word' id='word_1_352' title='bbox 3614 2136 3677 2190; x_wconf 81' lang='grc' dir='ltr'>Τδ</span> <span class='ocrx_word' id='word_1_353' title='bbox 3699 2136 3746 2188; x_wconf 72' lang='grc' dir='ltr'>δὲ</span> 
     </span>
    </p>
   </div>
   <div class='ocr_carea' id='block_1_52' title="bbox 2209 2228 3746 2305">
    <p class='ocr_par' dir='ltr' id='par_1_52' title="bbox 2209 2228 3746 2305">
     <span class='ocr_line' id='line_1_52' title="bbox 2209 2228 3746 2305; baseline -0.006 -18"><span class='ocrx_word' id='word_1_354' title='bbox 2209 2232 2430 2296; x_wconf 83' lang='grc' dir='ltr'>πάντως</span> <span class='ocrx_word' id='word_1_355' title='bbox 2460 2232 2521 2287; x_wconf 85' lang='grc' dir='ltr'><strong>ού</strong></span> <span class='ocrx_word' id='word_1_356' title='bbox 2555 2232 2871 2305; x_wconf 88' lang='grc' dir='ltr'>διελίπομεν</span> <span class='ocrx_word' id='word_1_357' title='bbox 2914 2232 3204 2297; x_wconf 82' lang='grc' dir='ltr'>τελοῦντες</span> <span class='ocrx_word' id='word_1_358' title='bbox 3237 2231 3358 2303; x_wconf 87' lang='grc' dir='ltr'>μεθ’</span> <span class='ocrx_word' id='word_1_359' title='bbox 3405 2229 3553 2301; x_wconf 83' lang='grc' dir='ltr'>ὑμῶν</span> <span class='ocrx_word' id='word_1_360' title='bbox 3585 2228 3746 2299; x_wconf 81' lang='grc' dir='ltr'>πρότε-</span> 
     </span>
    </p>
   </div>
   <div class='ocr_carea' id='block_1_53' title="bbox 2211 2320 3745 2399">
    <p class='ocr_par' dir='ltr' id='par_1_53' title="bbox 2211 2320 3745 2399">
     <span class='ocr_line' id='line_1_53' title="bbox 2211 2320 3745 2399; baseline -0.007 -18"><span class='ocrx_word' id='word_1_361' title='bbox 2211 2342 2304 2399; x_wconf 84' lang='grc' dir='ltr'><strong>ρον</strong></span> <span class='ocrx_word' id='word_1_362' title='bbox 2326 2326 2422 2381; x_wconf 77' lang='grc' dir='ltr'>καὶ</span> <span class='ocrx_word' id='word_1_363' title='bbox 2456 2326 2633 2391; x_wconf 76' lang='grc' dir='ltr'>αὐτοὶ,</span> <span class='ocrx_word' id='word_1_364' title='bbox 2666 2325 2858 2396; x_wconf 81' lang='grc' dir='ltr'>μέχρις</span> <span class='ocrx_word' id='word_1_365' title='bbox 2885 2323 2953 2379; x_wconf 79' lang='grc' dir='ltr'>ἂν</span> <span class='ocrx_word' id='word_1_366' title='bbox 2977 2322 3246 2379; x_wconf 84' lang='grc' dir='ltr'>τάναντία</span> <span class='ocrx_word' id='word_1_367' title='bbox 3280 2323 3534 2392; x_wconf 82' lang='grc' dir='ltr'>λέγοντας</span> <span class='ocrx_word' id='word_1_368' title='bbox 3555 2320 3745 2381; x_wconf 84' lang='grc' dir='ltr'>τούτους</span> 
     </span>
    </p>
   </div>
   <div class='ocr_carea' id='block_1_54' title="bbox 2207 2415 3744 2489">
    <p class='ocr_par' dir='ltr' id='par_1_54' title="bbox 2207 2415 3744 2489">
     <span class='ocr_line' id='line_1_54' title="bbox 2207 2415 3744 2489; baseline -0.007 -15"><span class='ocrx_word' id='word_1_369' title='bbox 2207 2421 2320 2484; x_wconf 81' lang='grc' dir='ltr'>τοῖς</span> <span class='ocrx_word' id='word_1_370' title='bbox 2348 2420 2551 2484; x_wconf 80' lang='grc' dir='ltr'>κοινοῖς</span> <span class='ocrx_word' id='word_1_371' title='bbox 2578 2418 2858 2489; x_wconf 85' lang='grc' dir='ltr'>Πατράσιν</span> <span class='ocrx_word' id='word_1_372' title='bbox 2886 2416 3237 2487; x_wconf 85' lang='grc' dir='ltr'>ἐγνώκαμεν.</span> <span class='ocrx_word' id='word_1_373' title='bbox 3261 2416 3376 2471; x_wconf 85' lang='grc' dir='ltr'>Νῦν</span> <span class='ocrx_word' id='word_1_374' title='bbox 3404 2415 3460 2469; x_wconf 79' lang='grc' dir='ltr'><strong>δέ</strong></span> <span class='ocrx_word' id='word_1_375' title='bbox 3478 2431 3536 2481; x_wconf 87' lang='grc' dir='ltr'><strong>γε</strong></span> <span class='ocrx_word' id='word_1_376' title='bbox 3567 2428 3744 2483; x_wconf 76' lang='grc' dir='ltr'>προφα-</span> 
     </span>
    </p>
   </div>
   <div class='ocr_carea' id='block_1_55' title="bbox 2207 2506 3744 2581">
    <p class='ocr_par' dir='ltr' id='par_1_55' title="bbox 2207 2506 3744 2581">
     <span class='ocr_line' id='line_1_55' title="bbox 2207 2506 3744 2581; baseline -0.007 -16"><span class='ocrx_word' id='word_1_377' title='bbox 2207 2509 2306 2580; x_wconf 84' lang='grc' dir='ltr'>νὴς</span> <span class='ocrx_word' id='word_1_378' title='bbox 2334 2508 2590 2573; x_wconf 79' lang='grc' dir='ltr'>ἔκστασις</span> <span class='ocrx_word' id='word_1_379' title='bbox 2623 2510 2732 2563; x_wconf 91' lang='grc' dir='ltr'><strong>τῶν</strong></span> <span class='ocrx_word' id='word_1_380' title='bbox 2764 2508 2999 2581; x_wconf 80' lang='grc' dir='ltr'>φρενῶν,</span> <span class='ocrx_word' id='word_1_381' title='bbox 3028 2509 3126 2562; x_wconf 73' lang='grc' dir='ltr'>καὶ</span> <span class='ocrx_word' id='word_1_382' title='bbox 3160 2507 3466 2577; x_wconf 83' lang='grc' dir='ltr'>κατάδηλος</span> <span class='ocrx_word' id='word_1_383' title='bbox 3492 2506 3744 2575; x_wconf 83' lang='grc' dir='ltr'>παραπλη-</span> 
     </span>
    </p>
   </div>
   <div class='ocr_carea' id='block_1_56' title="bbox 2209 2593 3745 2671">
    <p class='ocr_par' dir='ltr' id='par_1_56' title="bbox 2209 2593 3745 2671">
     <span class='ocr_line' id='line_1_56' title="bbox 2209 2593 3745 2671; baseline -0.005 -16"><span class='ocrx_word' id='word_1_384' title='bbox 2209 2600 2299 2667; x_wconf 82' lang='grc' dir='ltr'>ξία</span> <span class='ocrx_word' id='word_1_385' title='bbox 2327 2600 2435 2657; x_wconf 93' lang='grc' dir='ltr'><strong>τῶν</strong></span> <span class='ocrx_word' id='word_1_386' title='bbox 2477 2600 2778 2671; x_wconf 85' lang='grc' dir='ltr'>λογισμῶν,</span> <span class='ocrx_word' id='word_1_387' title='bbox 2811 2603 2860 2655; x_wconf 82' lang='grc' dir='ltr'><strong>εί</strong></span> <span class='ocrx_word' id='word_1_388' title='bbox 2889 2601 3016 2664; x_wconf 77' lang='grc' dir='ltr'>τοὺς</span> <span class='ocrx_word' id='word_1_389' title='bbox 3049 2599 3517 2670; x_wconf 84' lang='grc' dir='ltr'>ὁμολογουμένους</span> <span class='ocrx_word' id='word_1_390' title='bbox 3539 2593 3745 2649; x_wconf 83' lang='grc' dir='ltr'>καταλεί-</span> 
     </span>
    </p>
   </div>
   <div class='ocr_carea' id='block_1_57' title="bbox 2206 2679 3742 2761">
    <p class='ocr_par' dir='ltr' id='par_1_57' title="bbox 2206 2679 3742 2761">
     <span class='ocr_line' id='line_1_57' title="bbox 2206 2679 3742 2761; baseline -0.006 -18"><span class='ocrx_word' id='word_1_391' title='bbox 2206 2689 2411 2761; x_wconf 77' lang='grc' dir='ltr'>ψαντες</span> <span class='ocrx_word' id='word_1_392' title='bbox 2439 2689 2630 2758; x_wconf 79' lang='grc' dir='ltr'>ἁγίους</span> <span class='ocrx_word' id='word_1_393' title='bbox 2664 2688 2850 2753; x_wconf 82' lang='grc' dir='ltr'>αὐτοῖς</span> <span class='ocrx_word' id='word_1_394' title='bbox 2883 2687 3094 2751; x_wconf 90' lang='grc' dir='ltr'>τούτοις</span> <span class='ocrx_word' id='word_1_395' title='bbox 3127 2686 3582 2758; x_wconf 85' lang='grc' dir='ltr'>ἀκολουθήσομεν,</span> <span class='ocrx_word' id='word_1_396' title='bbox 3612 2679 3742 2737; x_wconf 71' lang='grc' dir='ltr'>οἶδιὰ</span> 
     </span>
    </p>
   </div>
   <div class='ocr_carea' id='block_1_58' title="bbox 2208 2772 3744 2852">
    <p class='ocr_par' dir='ltr' id='par_1_58' title="bbox 2208 2772 3744 2852">
     <span class='ocr_line' id='line_1_58' title="bbox 2208 2772 3744 2852; baseline -0.005 -17"><span class='ocrx_word' id='word_1_397' title='bbox 2208 2780 2502 2852; x_wconf 74' lang='grc' dir='ltr'>φιλαρχίαν</span> <span class='ocrx_word' id='word_1_398' title='bbox 2534 2783 2630 2836; x_wconf 64' lang='grc' dir='ltr'>καὶ</span> <span class='ocrx_word' id='word_1_399' title='bbox 2680 2781 2742 2836; x_wconf 80' lang='grc' dir='ltr'><strong>τὸ</strong></span> <span class='ocrx_word' id='word_1_400' title='bbox 2792 2781 2868 2851; x_wconf 78' lang='grc' dir='ltr'>μὴ</span> <span class='ocrx_word' id='word_1_401' title='bbox 2905 2779 3195 2850; x_wconf 85' lang='grc' dir='ltr'>βούλεσθαι</span> <span class='ocrx_word' id='word_1_402' title='bbox 3231 2779 3301 2833; x_wconf 86' lang='grc' dir='ltr'>τὰ</span> <span class='ocrx_word' id='word_1_403' title='bbox 3343 2780 3440 2848; x_wconf 82' lang='grc' dir='ltr'>τῆς</span> <span class='ocrx_word' id='word_1_404' title='bbox 3475 2772 3744 2847; x_wconf 80' lang='grc' dir='ltr'>Ῥωμαῖκῆς</span> 
     </span>
    </p>
   </div>
   <div class='ocr_carea' id='block_1_59' title="bbox 2219 2864 3744 2944">
    <p class='ocr_par' dir='ltr' id='par_1_59' title="bbox 2219 2864 3744 2944">
     <span class='ocr_line' id='line_1_59' title="bbox 2219 2864 3744 2944; baseline -0.008 -16"><span class='ocrx_word' id='word_1_405' title='bbox 2219 2872 2550 2944; x_wconf 79' lang='grc' dir='ltr'>Ἑκκλησίας</span> <span class='ocrx_word' id='word_1_406' title='bbox 2576 2872 2846 2927; x_wconf 76' lang='grc' dir='ltr'>ἀνέκαθεν</span> <span class='ocrx_word' id='word_1_407' title='bbox 2878 2870 3147 2943; x_wconf 84' lang='grc' dir='ltr'>πρεσϐεῖα</span> <span class='ocrx_word' id='word_1_408' title='bbox 3197 2871 3287 2926; x_wconf 82' lang='grc' dir='ltr'>διὰ</span> <span class='ocrx_word' id='word_1_409' title='bbox 3318 2870 3532 2933; x_wconf 79' lang='grc' dir='ltr'>παντὸς,</span> <span class='ocrx_word' id='word_1_410' title='bbox 3561 2869 3625 2927; x_wconf 83' lang='grc' dir='ltr'>ὡς</span> <span class='ocrx_word' id='word_1_411' title='bbox 3645 2864 3744 2927; x_wconf 76' lang='grc' dir='ltr'>ἔθος</span> 
     </span>
    </p>
   </div>
   <div class='ocr_carea' id='block_1_60' title="bbox 2205 2958 3746 3035">
    <p class='ocr_par' dir='ltr' id='par_1_60' title="bbox 2205 2958 3746 3035">
     <span class='ocr_line' id='line_1_60' title="bbox 2205 2958 3746 3035; baseline -0.005 -18"><span class='ocrx_word' id='word_1_412' title='bbox 2205 2960 2295 3035; x_wconf 76' lang='grc' dir='ltr'>ἧν,</span> <span class='ocrx_word' id='word_1_413' title='bbox 2326 2964 2622 3033; x_wconf 79' lang='grc' dir='ltr'>ἀπονέμειν</span> <span class='ocrx_word' id='word_1_414' title='bbox 2653 2963 2790 3034; x_wconf 79' lang='grc' dir='ltr'>αὐτῇ</span> <span class='ocrx_word' id='word_1_415' title='bbox 2829 2962 3158 3032; x_wconf 83' lang='grc' dir='ltr'>συγχέαντες</span> <span class='ocrx_word' id='word_1_416' title='bbox 3190 2961 3264 3016; x_wconf 88' lang='grc' dir='ltr'><strong>τά</strong></span> <span class='ocrx_word' id='word_1_417' title='bbox 3295 2962 3491 3026; x_wconf 82' lang='grc' dir='ltr'>πάντα,</span> <span class='ocrx_word' id='word_1_418' title='bbox 3523 2958 3610 3012; x_wconf 75' lang='grc' dir='ltr'>καὶ</span> <span class='ocrx_word' id='word_1_419' title='bbox 3638 2971 3746 3022; x_wconf 85' lang='grc' dir='ltr'>συγ-</span> 
     </span>
    </p>
   </div>
   <div class='ocr_carea' id='block_1_61' title="bbox 2203 3044 3746 3126">
    <p class='ocr_par' dir='ltr' id='par_1_61' title="bbox 2203 3044 3746 3126">
     <span class='ocr_line' id='line_1_61' title="bbox 2203 3044 3746 3126; baseline -0.007 -18"><span class='ocrx_word' id='word_1_420' title='bbox 2203 3055 2549 3126; x_wconf 82' lang='grc' dir='ltr'>κυκήσαντες</span> <span class='ocrx_word' id='word_1_421' title='bbox 2578 3054 2771 3120; x_wconf 82' lang='grc' dir='ltr'>ἀδεῶς,</span> <span class='ocrx_word' id='word_1_422' title='bbox 2804 3054 3084 3120; x_wconf 80' lang='grc' dir='ltr'>ἀντεῖπον,</span> <span class='ocrx_word' id='word_1_423' title='bbox 3120 3054 3199 3115; x_wconf 80' lang='grc' dir='ltr'>ὡς</span> <span class='ocrx_word' id='word_1_424' title='bbox 3237 3053 3313 3124; x_wconf 79' lang='grc' dir='ltr'>μὴ</span> <span class='ocrx_word' id='word_1_425' title='bbox 3345 3050 3559 3121; x_wconf 80' lang='grc' dir='ltr'>ῶφελον,</span> <span class='ocrx_word' id='word_1_426' title='bbox 3587 3048 3666 3101; x_wconf 71' lang='grc' dir='ltr'>καὶ</span> <span class='ocrx_word' id='word_1_427' title='bbox 3682 3044 3746 3114; x_wconf 81' lang='grc' dir='ltr'>τῷ</span> 
     </span>
    </p>
   </div>
   <div class='ocr_carea' id='block_1_62' title="bbox 522 3140 2107 3224">
    <p class='ocr_par' dir='ltr' id='par_1_62' title="bbox 522 3144 2104 3219">
     <span class='ocr_line' id='line_1_62' title="bbox 522 3144 2104 3219; baseline -0.002 -16"><span class='ocrx_word' id='word_1_428' title='bbox 522 3148 764 3213; x_wconf 67' lang='lat' dir='ltr'><strong>versate,</strong></span> <span class='ocrx_word' id='word_1_429' title='bbox 803 3147 1103 3219; x_wconf 87' lang='lat' dir='ltr'><strong>turbasque</strong></span> <span class='ocrx_word' id='word_1_430' title='bbox 1134 3147 1395 3204; x_wconf 87' lang='lat' dir='ltr'><strong>omnibus</strong></span> <span class='ocrx_word' id='word_1_431' title='bbox 1428 3144 1744 3201; x_wconf 87' lang='lat' dir='ltr'><strong>hominibus</strong></span> <span class='ocrx_word' id='word_1_432' title='bbox 1778 3157 2104 3200; x_wconf 88' lang='lat' dir='ltr'><strong>communes</strong></span> 
     </span>
    </p>
   </div>
   <div class='ocr_carea' id='block_1_63' title="bbox 2208 3140 3747 3224">
    <p class='ocr_par' dir='ltr' id='par_1_63' title="bbox 2208 3140 3747 3218">
     <span class='ocr_line' id='line_1_63' title="bbox 2208 3140 3747 3218; baseline -0.008 -17"><span class='ocrx_word' id='word_1_433' title='bbox 2208 3145 2326 3201; x_wconf 83' lang='grc' dir='ltr'>κατ’</span> <span class='ocrx_word' id='word_1_434' title='bbox 2358 3146 2524 3218; x_wconf 80' lang='grc' dir='ltr'>ὀρθὴν</span> <span class='ocrx_word' id='word_1_435' title='bbox 2572 3145 2819 3201; x_wconf 82' lang='grc' dir='ltr'>διάνοιαν</span> <span class='ocrx_word' id='word_1_436' title='bbox 2876 3143 2978 3215; x_wconf 75' lang='grc' dir='ltr'><strong>τῆς</strong></span> <span class='ocrx_word' id='word_1_437' title='bbox 3032 3143 3296 3208; x_wconf 80' lang='grc' dir='ltr'>εὐσεϐοῦς</span> <span class='ocrx_word' id='word_1_438' title='bbox 3339 3143 3491 3215; x_wconf 82' lang='grc' dir='ltr'>ήμῶν</span> <span class='ocrx_word' id='word_1_439' title='bbox 3543 3140 3747 3197; x_wconf 79' lang='grc' dir='ltr'>πίστεως</span> 
     </span>
    </p>
   </div>
   <div class='ocr_carea' id='block_1_64' title="bbox 515 3236 2099 3308">
    <p class='ocr_par' dir='ltr' id='par_1_64' title="bbox 515 3236 2099 3308">
     <span class='ocr_line' id='line_1_64' title="bbox 515 3236 2099 3308; baseline -0.001 -17"><span class='ocrx_word' id='word_1_440' title='bbox 515 3251 911 3308; x_wconf 65' lang='lat' dir='ltr'><strong>procurantes,</strong></span> <span class='ocrx_word' id='word_1_441' title='bbox 961 3248 1018 3295; x_wconf 92' lang='lat' dir='ltr'><strong>et</strong></span> <span class='ocrx_word' id='word_1_442' title='bbox 1062 3247 1258 3296; x_wconf 86' lang='lat' dir='ltr'><strong>contra</strong></span> <span class='ocrx_word' id='word_1_443' title='bbox 1308 3237 1443 3293; x_wconf 91' lang='lat' dir='ltr'><strong>illud</strong></span> <span class='ocrx_word' id='word_1_444' title='bbox 1499 3246 1826 3308; x_wconf 76' lang='lat' dir='ltr'><strong>pugnantes,</strong></span> <span class='ocrx_word' id='word_1_445' title='bbox 1889 3236 2099 3290; x_wconf 90' lang='lat' dir='ltr'><strong>nullum</strong></span> 
     </span>
    </p>
   </div>
   <div class='ocr_carea' id='block_1_65' title="bbox 528 3328 2102 3396">
    <p class='ocr_par' dir='ltr' id='par_1_65' title="bbox 528 3328 2102 3396">
     <span class='ocr_line' id='line_1_65' title="bbox 528 3328 2102 3396; baseline 0.001 -13"><span class='ocrx_word' id='word_1_446' title='bbox 528 3329 692 3386; x_wconf 81' lang='lat' dir='ltr'><strong>tinem</strong></span> <span class='ocrx_word' id='word_1_447' title='bbox 722 3329 999 3396; x_wconf 77' lang='lat' dir='ltr'><strong>fecerunt,</strong></span> <span class='ocrx_word' id='word_1_448' title='bbox 1049 3330 1413 3385; x_wconf 79' lang='lat' dir='ltr'><strong>absurdarum</strong></span> <span class='ocrx_word' id='word_1_449' title='bbox 1455 3328 1857 3384; x_wconf 77' lang='lat' dir='ltr'><strong>sententiarum</strong></span> <span class='ocrx_word' id='word_1_450' title='bbox 1902 3341 2102 3384; x_wconf 80' lang='lat' dir='ltr'><strong>causas</strong></span> 
     </span>
    </p>
   </div>
   <div class='ocr_carea' id='block_1_66' title="bbox 532 3418 2105 3494">
    <p class='ocr_par' dir='ltr' id='par_1_66' title="bbox 532 3418 2105 3494">
     <span class='ocr_line' id='line_1_66' title="bbox 532 3418 2105 3494; baseline -0.002 -17"><span class='ocrx_word' id='word_1_451' title='bbox 532 3422 932 3494; x_wconf 72' lang='lat' dir='ltr'><strong>contingentes,</strong></span> <span class='ocrx_word' id='word_1_452' title='bbox 985 3422 1161 3477; x_wconf 88' lang='lat' dir='ltr'><strong>donec</strong></span> <span class='ocrx_word' id='word_1_453' title='bbox 1190 3419 1482 3476; x_wconf 86' lang='lat' dir='ltr'><strong>dissidium</strong></span> <span class='ocrx_word' id='word_1_454' title='bbox 1526 3419 1670 3475; x_wconf 89' lang='lat' dir='ltr'><strong>inter</strong></span> <span class='ocrx_word' id='word_1_455' title='bbox 1697 3420 1888 3476; x_wconf 85' lang='lat' dir='ltr'><strong>ambas</strong></span> <span class='ocrx_word' id='word_1_456' title='bbox 1916 3418 2105 3475; x_wconf 83' lang='lat' dir='ltr'><strong>Eccle-</strong></span> 
     </span>
    </p>
   </div>
   <div class='ocr_carea' id='block_1_67' title="bbox 527 3511 2098 3582">
    <p class='ocr_par' dir='ltr' id='par_1_67' title="bbox 527 3511 2098 3582">
     <span class='ocr_line' id='line_1_67' title="bbox 527 3511 2098 3582; baseline -0.001 -12"><span class='ocrx_word' id='word_1_457' title='bbox 527 3514 663 3577; x_wconf 86' lang='lat' dir='ltr'><strong>sias,</strong></span> <span class='ocrx_word' id='word_1_458' title='bbox 711 3513 766 3568; x_wconf 90' lang='lat' dir='ltr'><strong>in</strong></span> <span class='ocrx_word' id='word_1_459' title='bbox 815 3511 1244 3568; x_wconf 88' lang='lat' dir='ltr'><strong>destructionem</strong></span> <span class='ocrx_word' id='word_1_460' title='bbox 1292 3512 1509 3582; x_wconf 79' lang='lat' dir='ltr'><strong>generis</strong></span> <span class='ocrx_word' id='word_1_461' title='bbox 1547 3511 1745 3581; x_wconf 90' lang='lat' dir='ltr'><strong>nostri,</strong></span> <span class='ocrx_word' id='word_1_462' title='bbox 1781 3529 1863 3568; x_wconf 65' lang='lat' dir='ltr'><strong>vas</strong></span> <span class='ocrx_word' id='word_1_463' title='bbox 1927 3513 2098 3569; x_wconf 76' lang='lat' dir='ltr'><strong>mihi!</strong></span> 
     </span>
    </p>
   </div>
   <div class='ocr_carea' id='block_1_68' title="bbox 526 3603 2102 3676">
    <p class='ocr_par' dir='ltr' id='par_1_68' title="bbox 526 3603 2102 3676">
     <span class='ocr_line' id='line_1_68' title="bbox 526 3603 2102 3676; baseline 0.002 -19"><span class='ocrx_word' id='word_1_464' title='bbox 526 3605 978 3673; x_wconf 84' lang='lat' dir='ltr'><strong>disseminarunt,</strong></span> <span class='ocrx_word' id='word_1_465' title='bbox 1036 3612 1091 3660; x_wconf 89' lang='lat' dir='ltr'><strong>et</strong></span> <span class='ocrx_word' id='word_1_466' title='bbox 1136 3604 1435 3660; x_wconf 89' lang='lat' dir='ltr'><strong>multorum</strong></span> <span class='ocrx_word' id='word_1_467' title='bbox 1468 3603 1765 3673; x_wconf 86' lang='lat' dir='ltr'><strong>inscitiam,</strong></span> <span class='ocrx_word' id='word_1_468' title='bbox 1803 3606 1887 3661; x_wconf 82' lang='lat' dir='ltr'><strong>vel</strong></span> <span class='ocrx_word' id='word_1_469' title='bbox 1922 3605 2102 3676; x_wconf 86' lang='lat' dir='ltr'><strong>potius</strong></span> 
     </span>
    </p>
   </div>
   <div class='ocr_carea' id='block_1_69' title="bbox 525 3696 2099 3769">
    <p class='ocr_par' dir='ltr' id='par_1_69' title="bbox 525 3696 2099 3769">
     <span class='ocr_line' id='line_1_69' title="bbox 525 3696 2099 3769; baseline -0.002 -15"><span class='ocrx_word' id='word_1_470' title='bbox 525 3698 843 3755; x_wconf 78' lang='lat' dir='ltr'><strong>divinarum</strong></span> <span class='ocrx_word' id='word_1_471' title='bbox 879 3696 1287 3769; x_wconf 90' lang='lat' dir='ltr'><strong>Scripturarum</strong></span> <span class='ocrx_word' id='word_1_472' title='bbox 1335 3696 1741 3767; x_wconf 74' lang='lat' dir='ltr'><strong>ignorationem</strong></span> <span class='ocrx_word' id='word_1_473' title='bbox 1779 3697 1854 3753; x_wconf 76' lang='lat' dir='ltr'><strong>ad</strong></span> <span class='ocrx_word' id='word_1_474' title='bbox 1893 3697 2000 3754; x_wconf 87' lang='lat' dir='ltr'><strong>hoc</strong></span> <span class='ocrx_word' id='word_1_475' title='bbox 2046 3698 2099 3752; x_wconf 91' lang='lat' dir='ltr'><strong>in</strong></span> 
     </span>
    </p>
   </div>
   <div class='ocr_carea' id='block_1_70' title="bbox 526 3788 2102 3861">
    <p class='ocr_par' dir='ltr' id='par_1_70' title="bbox 526 3788 2102 3861">
     <span class='ocr_line' id='line_1_70' title="bbox 526 3788 2102 3861; baseline -0.002 -14"><span class='ocrx_word' id='word_1_476' title='bbox 526 3791 796 3847; x_wconf 78' lang='lat' dir='ltr'><strong>auxilium</strong></span> <span class='ocrx_word' id='word_1_477' title='bbox 851 3788 958 3845; x_wconf 84' lang='lat' dir='ltr'><strong>sibi</strong></span> <span class='ocrx_word' id='word_1_478' title='bbox 1014 3799 1406 3855; x_wconf 89' lang='lat' dir='ltr'><strong>assumentes,</strong></span> <span class='ocrx_word' id='word_1_479' title='bbox 1452 3797 1507 3845; x_wconf 88' lang='lat' dir='ltr'><strong>et</strong></span> <span class='ocrx_word' id='word_1_480' title='bbox 1564 3789 1770 3861; x_wconf 86' lang='lat' dir='ltr'><strong>proprii</strong></span> <span class='ocrx_word' id='word_1_481' title='bbox 1834 3789 2102 3861; x_wconf 87' lang='lat' dir='ltr'><strong>propositi</strong></span> 
     </span>
    </p>
   </div>
   <div class='ocr_carea' id='block_1_71' title="bbox 527 3881 2102 3954">
    <p class='ocr_par' dir='ltr' id='par_1_71' title="bbox 527 3881 2102 3954">
     <span class='ocr_line' id='line_1_71' title="bbox 527 3881 2102 3954; baseline -0.003 -13"><span class='ocrx_word' id='word_1_482' title='bbox 527 3884 711 3941; x_wconf 87' lang='lat' dir='ltr'><strong>socias</strong></span> <span class='ocrx_word' id='word_1_483' title='bbox 762 3884 865 3940; x_wconf 84' lang='lat' dir='ltr'><strong>sibi</strong></span> <span class='ocrx_word' id='word_1_484' title='bbox 923 3882 1307 3954; x_wconf 83' lang='lat' dir='ltr'><strong>adjungentes,</strong></span> <span class='ocrx_word' id='word_1_485' title='bbox 1371 3882 1534 3952; x_wconf 86' lang='lat' dir='ltr'><strong>cujus</strong></span> <span class='ocrx_word' id='word_1_486' title='bbox 1596 3895 1785 3946; x_wconf 85' lang='lat' dir='ltr'><strong>causa,</strong></span> <span class='ocrx_word' id='word_1_487' title='bbox 1851 3890 1913 3937; x_wconf 88' lang='lat' dir='ltr'><strong>ut</strong></span> <span class='ocrx_word' id='word_1_488' title='bbox 1966 3881 2102 3936; x_wconf 87' lang='lat' dir='ltr'><strong>mihi</strong></span> 
     </span>
    </p>
   </div>
   <div class='ocr_carea' id='block_1_72' title="bbox 528 3973 2101 4048">
    <p class='ocr_par' dir='ltr' id='par_1_72' title="bbox 528 3973 2101 4048">
     <span class='ocr_line' id='line_1_72' title="bbox 528 3973 2101 4048; baseline -0.003 -16"><span class='ocrx_word' id='word_1_489' title='bbox 528 3978 701 4048; x_wconf 87' lang='lat' dir='ltr'><strong>probe</strong></span> <span class='ocrx_word' id='word_1_490' title='bbox 749 3976 980 4040; x_wconf 87' lang='lat' dir='ltr'><strong>suadeo,</strong></span> <span class='ocrx_word' id='word_1_491' title='bbox 1025 3976 1212 4030; x_wconf 83' lang='lat' dir='ltr'><strong>omnia</strong></span> <span class='ocrx_word' id='word_1_492' title='bbox 1262 3989 1365 4030; x_wconf 91' lang='lat' dir='ltr'><strong>nos</strong></span> <span class='ocrx_word' id='word_1_493' title='bbox 1415 3975 1769 4045; x_wconf 86' lang='lat' dir='ltr'><strong>postmodum</strong></span> <span class='ocrx_word' id='word_1_494' title='bbox 1815 3974 1976 4030; x_wconf 87' lang='lat' dir='ltr'><strong>noxia</strong></span> <span class='ocrx_word' id='word_1_495' title='bbox 2009 3973 2101 4029; x_wconf 90' lang='lat' dir='ltr'><strong>illa</strong></span> 
     </span>
    </p>
   </div>
   <div class='ocr_carea' id='block_1_73' title="bbox 527 4065 2102 4141">
    <p class='ocr_par' dir='ltr' id='par_1_73' title="bbox 527 4065 2102 4141">
     <span class='ocr_line' id='line_1_73' title="bbox 527 4065 2102 4141; baseline -0.001 -18"><span class='ocrx_word' id='word_1_496' title='bbox 527 4082 872 4141; x_wconf 78' lang='lat' dir='ltr'><strong>Oppressere,</strong></span> <span class='ocrx_word' id='word_1_497' title='bbox 931 4075 992 4123; x_wconf 91' lang='lat' dir='ltr'><strong>ut</strong></span> <span class='ocrx_word' id='word_1_498' title='bbox 1046 4067 1306 4123; x_wconf 90' lang='lat' dir='ltr'><strong>delictum</strong></span> <span class='ocrx_word' id='word_1_499' title='bbox 1364 4067 1433 4121; x_wconf 86' lang='lat' dir='ltr'><strong>ab</strong></span> <span class='ocrx_word' id='word_1_500' title='bbox 1487 4065 1619 4133; x_wconf 86' lang='lat' dir='ltr'><strong>illis,</strong></span> <span class='ocrx_word' id='word_1_501' title='bbox 1671 4066 1767 4137; x_wconf 91' lang='lat' dir='ltr'><strong>qui</strong></span> <span class='ocrx_word' id='word_1_502' title='bbox 1823 4073 1949 4120; x_wconf 89' lang='lat' dir='ltr'><strong>ante</strong></span> <span class='ocrx_word' id='word_1_503' title='bbox 1985 4080 2102 4122; x_wconf 76' lang='lat' dir='ltr'><strong>nos</strong></span> 
     </span>
    </p>
   </div>
   <div class='ocr_carea' id='block_1_74' title="bbox 528 4156 2100 4229">
    <p class='ocr_par' dir='ltr' id='par_1_74' title="bbox 528 4156 2100 4229">
     <span class='ocr_line' id='line_1_74' title="bbox 528 4156 2100 4229; baseline -0.004 -13"><span class='ocrx_word' id='word_1_504' title='bbox 528 4161 702 4229; x_wconf 78' lang='lat' dir='ltr'><strong>fuere,</strong></span> <span class='ocrx_word' id='word_1_505' title='bbox 746 4164 1006 4217; x_wconf 82' lang='lat' dir='ltr'><strong>audacter</strong></span> <span class='ocrx_word' id='word_1_506' title='bbox 1053 4157 1107 4214; x_wconf 89' lang='lat' dir='ltr'><strong>in</strong></span> <span class='ocrx_word' id='word_1_507' title='bbox 1155 4156 1365 4214; x_wconf 86' lang='lat' dir='ltr'><strong>Numen</strong></span> <span class='ocrx_word' id='word_1_508' title='bbox 1416 4157 1746 4215; x_wconf 86' lang='lat' dir='ltr'><strong>intentatum</strong></span> <span class='ocrx_word' id='word_1_509' title='bbox 1789 4156 2100 4212; x_wconf 81' lang='lat' dir='ltr'><strong>vindicare-</strong></span> 
     </span>
    </p>
   </div>
   <div class='ocr_carea' id='block_1_75' title="bbox 529 4246 2101 4320">
    <p class='ocr_par' dir='ltr' id='par_1_75' title="bbox 529 4246 2101 4320">
     <span class='ocr_line' id='line_1_75' title="bbox 529 4246 2101 4320; baseline -0.004 -13"><span class='ocrx_word' id='word_1_510' title='bbox 529 4262 638 4309; x_wconf 90' lang='lat' dir='ltr'><strong>tur.</strong></span> <span class='ocrx_word' id='word_1_511' title='bbox 695 4249 1027 4306; x_wconf 87' lang='lat' dir='ltr'><strong>Dominandl</strong></span> <span class='ocrx_word' id='word_1_512' title='bbox 1089 4263 1257 4320; x_wconf 88' lang='lat' dir='ltr'><strong>porro</strong></span> <span class='ocrx_word' id='word_1_513' title='bbox 1321 4248 1606 4306; x_wconf 83' lang='lat' dir='ltr'><strong>libidinem</strong></span> <span class='ocrx_word' id='word_1_514' title='bbox 1656 4259 1710 4304; x_wconf 93' lang='lat' dir='ltr'><strong>et</strong></span> <span class='ocrx_word' id='word_1_515' title='bbox 1767 4246 2101 4304; x_wconf 88' lang='lat' dir='ltr'><strong>desiderium</strong></span> 
     </span>
    </p>
   </div>
   <div class='ocr_carea' id='block_1_76' title="bbox 529 4338 2102 4416">
    <p class='ocr_par' dir='ltr' id='par_1_76' title="bbox 529 4338 2102 4416">
     <span class='ocr_line' id='line_1_76' title="bbox 529 4338 2102 4416; baseline -0.006 -14"><span class='ocrx_word' id='word_1_516' title='bbox 529 4359 654 4402; x_wconf 85' lang='lat' dir='ltr'><strong>sese</strong></span> <span class='ocrx_word' id='word_1_517' title='bbox 686 4359 915 4416; x_wconf 86' lang='lat' dir='ltr'><strong>prorsus</strong></span> <span class='ocrx_word' id='word_1_518' title='bbox 955 4358 986 4398; x_wconf 89' lang='lat' dir='ltr'><strong>a</strong></span> <span class='ocrx_word' id='word_1_519' title='bbox 1018 4343 1225 4415; x_wconf 81' lang='lat' dir='ltr'><strong>judicio</strong></span> <span class='ocrx_word' id='word_1_520' title='bbox 1259 4341 1406 4398; x_wconf 89' lang='lat' dir='ltr'><strong>illius</strong></span> <span class='ocrx_word' id='word_1_521' title='bbox 1449 4339 1720 4397; x_wconf 81' lang='lat' dir='ltr'><strong>eximendi</strong></span> <span class='ocrx_word' id='word_1_522' title='bbox 1747 4338 2102 4409; x_wconf 82' lang='lat' dir='ltr'><strong>tempestatis</strong></span> 
     </span>
    </p>
   </div>
   <div class='ocr_carea' id='block_1_77' title="bbox 534 4430 2102 4509">
    <p class='ocr_par' dir='ltr' id='par_1_77' title="bbox 534 4430 2102 4509">
     <span class='ocr_line' id='line_1_77' title="bbox 534 4430 2102 4509; baseline -0.007 -15"><span class='ocrx_word' id='word_1_523' title='bbox 534 4437 701 4509; x_wconf 85' lang='lat' dir='ltr'><strong>bujus</strong></span> <span class='ocrx_word' id='word_1_524' title='bbox 738 4451 1119 4506; x_wconf 78' lang='lat' dir='ltr'><strong>szevorumque</strong></span> <span class='ocrx_word' id='word_1_525' title='bbox 1148 4434 1412 4490; x_wconf 80' lang='lat' dir='ltr'><strong>ﬂuctuum</strong></span> <span class='ocrx_word' id='word_1_526' title='bbox 1454 4447 1678 4490; x_wconf 89' lang='lat' dir='ltr'><strong>causam</strong></span> <span class='ocrx_word' id='word_1_527' title='bbox 1710 4432 1905 4497; x_wconf 76' lang='lat' dir='ltr'><strong>fuisse,</strong></span> <span class='ocrx_word' id='word_1_528' title='bbox 1938 4430 2102 4502; x_wconf 82' lang='lat' dir='ltr'><strong>quam</strong></span> 
     </span>
    </p>
   </div>
   <div class='ocr_carea' id='block_1_78' title="bbox 2204 3225 3745 3307">
    <p class='ocr_par' dir='ltr' id='par_1_78' title="bbox 2204 3225 3745 3307">
     <span class='ocr_line' id='line_1_78' title="bbox 2204 3225 3745 3307; baseline -0.01 -14"><span class='ocrx_word' id='word_1_529' title='bbox 2204 3234 2446 3307; x_wconf 67' lang='grc' dir='ltr'>ἐχομένῳ</span> <span class='ocrx_word' id='word_1_530' title='bbox 2471 3235 2704 3306; x_wconf 85' lang='grc' dir='ltr'>δόγματι</span> <span class='ocrx_word' id='word_1_531' title='bbox 2726 3225 2900 3303; x_wconf 70' lang='grc' dir='ltr'>τούτω</span> <span class='ocrx_word' id='word_1_532' title='bbox 2925 3232 3228 3287; x_wconf 73' lang='grc' dir='ltr'>σκάνδαλον</span> <span class='ocrx_word' id='word_1_533' title='bbox 3251 3230 3610 3300; x_wconf 68' lang='grc' dir='ltr'>οίκουμενικὺν</span> <span class='ocrx_word' id='word_1_534' title='bbox 3630 3240 3745 3292; x_wconf 84' lang='grc' dir='ltr'>παγ-</span> 
     </span>
    </p>
   </div>
   <div class='ocr_carea' id='block_1_79' title="bbox 2206 3314 3745 3398">
    <p class='ocr_par' dir='ltr' id='par_1_79' title="bbox 2206 3314 3745 3398">
     <span class='ocr_line' id='line_1_79' title="bbox 2206 3314 3745 3398; baseline -0.01 -16"><span class='ocrx_word' id='word_1_535' title='bbox 2206 3325 2431 3398; x_wconf 83' lang='grc' dir='ltr'>κόσμιόν</span> <span class='ocrx_word' id='word_1_536' title='bbox 2458 3342 2518 3379; x_wconf 87' lang='grc' dir='ltr'><strong>τε</strong></span> <span class='ocrx_word' id='word_1_537' title='bbox 2546 3323 2794 3396; x_wconf 81' lang='grc' dir='ltr'>ταραχὴν</span> <span class='ocrx_word' id='word_1_538' title='bbox 2820 3322 3071 3378; x_wconf 80' lang='grc' dir='ltr'>ἐντεῦθεν</span> <span class='ocrx_word' id='word_1_539' title='bbox 3109 3322 3633 3395; x_wconf 68' lang='grc' dir='ltr'>πραγματευόμενοι,</span> <span class='ocrx_word' id='word_1_540' title='bbox 3664 3314 3745 3368; x_wconf 78' lang='grc' dir='ltr'>καὶ</span> 
     </span>
    </p>
   </div>
   <div class='ocr_carea' id='block_1_80' title="bbox 2196 3407 3744 3485">
    <p class='ocr_par' dir='ltr' id='par_1_80' title="bbox 2196 3407 3744 3485">
     <span class='ocr_line' id='line_1_80' title="bbox 2196 3407 3744 3485; baseline -0.009 -14"><span class='ocrx_word' id='word_1_541' title='bbox 2196 3418 2329 3472; x_wconf 73' lang='grc' dir='ltr'>κατ’</span> <span class='ocrx_word' id='word_1_542' title='bbox 2384 3415 2550 3470; x_wconf 81' lang='grc' dir='ltr'>αὑτοῦ</span> <span class='ocrx_word' id='word_1_543' title='bbox 2604 3415 2972 3485; x_wconf 82' lang='grc' dir='ltr'>πολεμοῦντες</span> <span class='ocrx_word' id='word_1_544' title='bbox 3016 3415 3119 3468; x_wconf 81' lang='grc' dir='ltr'>οὐκ</span> <span class='ocrx_word' id='word_1_545' title='bbox 3172 3413 3483 3469; x_wconf 73' lang='grc' dir='ltr'>ἐπαύσαντο</span> <span class='ocrx_word' id='word_1_546' title='bbox 3528 3411 3590 3465; x_wconf 88' lang='grc' dir='ltr'><strong>δι’</strong></span> <span class='ocrx_word' id='word_1_547' title='bbox 3641 3407 3744 3460; x_wconf 81' lang='grc' dir='ltr'>ὅλου</span> 
     </span>
    </p>
   </div>
   <div class='ocr_carea' id='block_1_81' title="bbox 2206 3499 3741 3578">
    <p class='ocr_par' dir='ltr' id='par_1_81' title="bbox 2206 3499 3741 3578">
     <span class='ocr_line' id='line_1_81' title="bbox 2206 3499 3741 3578; baseline -0.001 -15"><span class='ocrx_word' id='word_1_548' title='bbox 2206 3509 2534 3571; x_wconf 82' lang='grc' dir='ltr'>πλάττοντες</span> <span class='ocrx_word' id='word_1_549' title='bbox 2566 3506 2663 3561; x_wconf 76' lang='grc' dir='ltr'>καὶ</span> <span class='ocrx_word' id='word_1_550' title='bbox 2694 3507 3025 3578; x_wconf 81' lang='grc' dir='ltr'>παραλόγων</span> <span class='ocrx_word' id='word_1_551' title='bbox 3046 3506 3272 3562; x_wconf 85' lang='grc' dir='ltr'>ἐννοιῶν</span> <span class='ocrx_word' id='word_1_552' title='bbox 3303 3507 3481 3559; x_wconf 80' lang='grc' dir='ltr'>τέλεον</span> <span class='ocrx_word' id='word_1_553' title='bbox 3504 3499 3741 3572; x_wconf 68' lang='grc' dir='ltr'>ἀφορμὰς-ι</span> 
     </span>
    </p>
   </div>
   <div class='ocr_carea' id='block_1_82' title="bbox 2204 3588 3742 3674">
    <p class='ocr_par' dir='ltr' id='par_1_82' title="bbox 2204 3588 3742 3674">
     <span class='ocr_line' id='line_1_82' title="bbox 2204 3588 3742 3674; baseline -0.011 -17"><span class='ocrx_word' id='word_1_554' title='bbox 2204 3603 2308 3667; x_wconf 69' lang='grc' dir='ltr'>ἕως</span> <span class='ocrx_word' id='word_1_555' title='bbox 2336 3594 2400 3657; x_wconf 77' lang='grc' dir='ltr'><strong>οὖ</strong></span> <span class='ocrx_word' id='word_1_556' title='bbox 2431 3601 2634 3674; x_wconf 78' lang='grc' dir='ltr'>σχίσμα</span> <span class='ocrx_word' id='word_1_557' title='bbox 2668 3601 2877 3671; x_wconf 79' lang='grc' dir='ltr'>μεταξὺ</span> <span class='ocrx_word' id='word_1_558' title='bbox 2913 3600 3022 3654; x_wconf 90' lang='grc' dir='ltr'><strong>τῶν</strong></span> <span class='ocrx_word' id='word_1_559' title='bbox 3068 3600 3402 3671; x_wconf 82' lang='grc' dir='ltr'>ἀμφοτέρων</span> <span class='ocrx_word' id='word_1_560' title='bbox 3444 3588 3742 3661; x_wconf 84' lang='grc' dir='ltr'>Ἐκκλησιῶν</span> 
     </span>
    </p>
   </div>
   <div class='ocr_carea' id='block_1_83' title="bbox 2206 3684 3740 3767">
    <p class='ocr_par' dir='ltr' id='par_1_83' title="bbox 2206 3684 3740 3767">
     <span class='ocr_line' id='line_1_83' title="bbox 2206 3684 3740 3767; baseline -0.003 -19"><span class='ocrx_word' id='word_1_561' title='bbox 2206 3697 2293 3749; x_wconf 86' lang='grc' dir='ltr'><strong>ἐπ’</strong></span> <span class='ocrx_word' id='word_1_562' title='bbox 2318 3694 2584 3767; x_wconf 78' lang='grc' dir='ltr'>ἀπωλείᾳ,</span> <span class='ocrx_word' id='word_1_563' title='bbox 2616 3692 2755 3764; x_wconf 84' lang='grc' dir='ltr'>φεῦι</span> <span class='ocrx_word' id='word_1_564' title='bbox 2792 3691 2888 3746; x_wconf 90' lang='grc' dir='ltr'><strong>τοῦ</strong></span> <span class='ocrx_word' id='word_1_565' title='bbox 2931 3692 3122 3761; x_wconf 71' lang='grc' dir='ltr'>γένους</span> <span class='ocrx_word' id='word_1_566' title='bbox 3151 3692 3317 3763; x_wconf 80' lang='grc' dir='ltr'>ήμῶν</span> <span class='ocrx_word' id='word_1_567' title='bbox 3349 3684 3740 3758; x_wconf 69' lang='grc' dir='ltr'>κατεπράξαντον</span> 
     </span>
    </p>
   </div>
   <div class='ocr_carea' id='block_1_84' title="bbox 2206 3778 3743 3858">
    <p class='ocr_par' dir='ltr' id='par_1_84' title="bbox 2206 3778 3743 3858">
     <span class='ocr_line' id='line_1_84' title="bbox 2206 3778 3743 3858; baseline -0.01 -16"><span class='ocrx_word' id='word_1_568' title='bbox 2206 3788 2303 3842; x_wconf 80' lang='grc' dir='ltr'>καὶ</span> <span class='ocrx_word' id='word_1_569' title='bbox 2329 3787 2430 3858; x_wconf 77' lang='grc' dir='ltr'>τὴν</span> <span class='ocrx_word' id='word_1_570' title='bbox 2463 3787 2571 3840; x_wconf 90' lang='grc' dir='ltr'><strong>τῶν</strong></span> <span class='ocrx_word' id='word_1_571' title='bbox 2604 3784 2818 3839; x_wconf 86' lang='grc' dir='ltr'>πολλῶν</span> <span class='ocrx_word' id='word_1_572' title='bbox 2845 3783 3110 3855; x_wconf 84' lang='grc' dir='ltr'>ἀμαθίαν,</span> <span class='ocrx_word' id='word_1_573' title='bbox 3139 3783 3174 3855; x_wconf 81' lang='grc' dir='ltr'>ἢ</span> <span class='ocrx_word' id='word_1_574' title='bbox 3204 3783 3405 3855; x_wconf 75' lang='grc' dir='ltr'>μᾶλλον</span> <span class='ocrx_word' id='word_1_575' title='bbox 3432 3779 3526 3851; x_wconf 72' lang='grc' dir='ltr'>τὴν</span> <span class='ocrx_word' id='word_1_576' title='bbox 3553 3778 3743 3847; x_wconf 78' lang='grc' dir='ltr'>ἄγνοιαν</span> 
     </span>
    </p>
   </div>
   <div class='ocr_carea' id='block_1_85' title="bbox 2206 3862 3742 3949">
    <p class='ocr_par' dir='ltr' id='par_1_85' title="bbox 2206 3862 3742 3949">
     <span class='ocr_line' id='line_1_85' title="bbox 2206 3862 3742 3949; baseline -0.009 -19"><span class='ocrx_word' id='word_1_577' title='bbox 2206 3877 2305 3949; x_wconf 80' lang='grc' dir='ltr'>τὴν</span> <span class='ocrx_word' id='word_1_578' title='bbox 2343 3874 2486 3929; x_wconf 83' lang='grc' dir='ltr'><strong>κατά</strong></span> <span class='ocrx_word' id='word_1_579' title='bbox 2538 3875 2639 3939; x_wconf 90' lang='grc' dir='ltr'><strong>τάς</strong></span> <span class='ocrx_word' id='word_1_580' title='bbox 2693 3874 2846 3938; x_wconf 88' lang='grc' dir='ltr'>θείας</span> <span class='ocrx_word' id='word_1_581' title='bbox 2896 3872 3122 3945; x_wconf 82' lang='grc' dir='ltr'>Γραφάς</span> <span class='ocrx_word' id='word_1_582' title='bbox 3166 3876 3457 3945; x_wconf 71' lang='grc' dir='ltr'>ἐπίκουρον</span> <span class='ocrx_word' id='word_1_583' title='bbox 3490 3872 3564 3932; x_wconf 76' lang='grc' dir='ltr'><strong>τίς</strong></span> <span class='ocrx_word' id='word_1_584' title='bbox 3609 3862 3742 3918; x_wconf 77' lang='grc' dir='ltr'>τοῦτο</span> 
     </span>
    </p>
   </div>
   <div class='ocr_carea' id='block_1_86' title="bbox 2207 3957 3737 4038">
    <p class='ocr_par' dir='ltr' id='par_1_86' title="bbox 2207 3957 3737 4038">
     <span class='ocr_line' id='line_1_86' title="bbox 2207 3957 3737 4038; baseline -0.005 -18"><span class='ocrx_word' id='word_1_585' title='bbox 2207 3966 2644 4038; x_wconf 87' lang='grc' dir='ltr'>προσλαϐόμενοι</span> <span class='ocrx_word' id='word_1_586' title='bbox 2673 3965 2768 4020; x_wconf 74' lang='grc' dir='ltr'>καὶ</span> <span class='ocrx_word' id='word_1_587' title='bbox 2790 3965 3060 4036; x_wconf 77' lang='grc' dir='ltr'>συνεργὸν</span> <span class='ocrx_word' id='word_1_588' title='bbox 3080 3963 3183 4033; x_wconf 82' lang='grc' dir='ltr'><strong>τῆς</strong></span> <span class='ocrx_word' id='word_1_589' title='bbox 3210 3964 3416 4026; x_wconf 82' lang='grc' dir='ltr'>οἰκείας</span> <span class='ocrx_word' id='word_1_590' title='bbox 3447 3957 3737 4032; x_wconf 65' lang='grc' dir='ltr'>προθέσεως,</span> 
     </span>
    </p>
   </div>
   <div class='ocr_carea' id='block_1_87' title="bbox 2207 4044 3740 4131">
    <p class='ocr_par' dir='ltr' id='par_1_87' title="bbox 2207 4044 3740 4131">
     <span class='ocr_line' id='line_1_87' title="bbox 2207 4044 3740 4131; baseline -0.012 -17"><span class='ocrx_word' id='word_1_591' title='bbox 2207 4057 2268 4113; x_wconf 81' lang='grc' dir='ltr'><strong>οῦ</strong></span> <span class='ocrx_word' id='word_1_592' title='bbox 2299 4060 2479 4131; x_wconf 83' lang='grc' dir='ltr'>χάριν,</span> <span class='ocrx_word' id='word_1_593' title='bbox 2516 4059 2590 4121; x_wconf 85' lang='grc' dir='ltr'><strong>ὡς</strong></span> <span class='ocrx_word' id='word_1_594' title='bbox 2635 4056 2881 4125; x_wconf 86' lang='grc' dir='ltr'>ἀκριϐῶς</span> <span class='ocrx_word' id='word_1_595' title='bbox 2913 4055 3244 4128; x_wconf 79' lang='grc' dir='ltr'>πέπεισμαι,</span> <span class='ocrx_word' id='word_1_596' title='bbox 3282 4057 3375 4110; x_wconf 75' lang='grc' dir='ltr'>καὶ</span> <span class='ocrx_word' id='word_1_597' title='bbox 3411 4057 3575 4108; x_wconf 66' lang='grc' dir='ltr'>πάντα</span> <span class='ocrx_word' id='word_1_598' title='bbox 3602 4044 3740 4100; x_wconf 80' lang='grc' dir='ltr'>κατέ·</span> 
     </span>
    </p>
   </div>
   <div class='ocr_carea' id='block_1_88' title="bbox 2207 4137 3740 4221">
    <p class='ocr_par' dir='ltr' id='par_1_88' title="bbox 2207 4137 3740 4221">
     <span class='ocr_line' id='line_1_88' title="bbox 2207 4137 3740 4221; baseline -0.007 -18"><span class='ocrx_word' id='word_1_599' title='bbox 2207 4149 2370 4204; x_wconf 85' lang='grc' dir='ltr'>λαϐεν</span> <span class='ocrx_word' id='word_1_600' title='bbox 2400 4150 2551 4220; x_wconf 79' lang='grc' dir='ltr'>ἡμᾶς</span> <span class='ocrx_word' id='word_1_601' title='bbox 2581 4148 2915 4221; x_wconf 77' lang='grc' dir='ltr'>μεθύστερον</span> <span class='ocrx_word' id='word_1_602' title='bbox 2949 4150 3133 4203; x_wconf 82' lang='grc' dir='ltr'>ἐκεῖνα</span> <span class='ocrx_word' id='word_1_603' title='bbox 3172 4150 3241 4203; x_wconf 82' lang='grc' dir='ltr'>τὰ</span> <span class='ocrx_word' id='word_1_604' title='bbox 3291 4145 3496 4219; x_wconf 80' lang='grc' dir='ltr'>χαλεπά</span> <span class='ocrx_word' id='word_1_605' title='bbox 3523 4140 3641 4212; x_wconf 81' lang='grc' dir='ltr'>πρὸς</span> <span class='ocrx_word' id='word_1_606' title='bbox 3666 4137 3740 4188; x_wconf 79' lang='grc' dir='ltr'><strong>ἔκ·</strong></span> 
     </span>
    </p>
   </div>
   <div class='ocr_carea' id='block_1_89' title="bbox 2208 4224 3734 4310">
    <p class='ocr_par' dir='ltr' id='par_1_89' title="bbox 2208 4224 3734 4310">
     <span class='ocr_line' id='line_1_89' title="bbox 2208 4224 3734 4310; baseline -0.012 -18"><span class='ocrx_word' id='word_1_607' title='bbox 2208 4256 2349 4292; x_wconf 87' lang='grc' dir='ltr'>τισιν</span> <span class='ocrx_word' id='word_1_608' title='bbox 2376 4239 2471 4293; x_wconf 90' lang='grc' dir='ltr'><strong>τοῦ</strong></span> <span class='ocrx_word' id='word_1_609' title='bbox 2502 4237 2940 4310; x_wconf 86' lang='grc' dir='ltr'>σκαιωρηθέντος</span> <span class='ocrx_word' id='word_1_610' title='bbox 2968 4239 3081 4302; x_wconf 81' lang='grc' dir='ltr'>τοῖς</span> <span class='ocrx_word' id='word_1_611' title='bbox 3110 4239 3218 4307; x_wconf 83' lang='grc' dir='ltr'>πρὸ</span> <span class='ocrx_word' id='word_1_612' title='bbox 3236 4235 3393 4308; x_wconf 75' lang='grc' dir='ltr'>ἡμῶν</span> <span class='ocrx_word' id='word_1_613' title='bbox 3423 4237 3611 4292; x_wconf 82' lang='grc' dir='ltr'>τούτοις</span> <span class='ocrx_word' id='word_1_614' title='bbox 3636 4224 3734 4277; x_wconf 86' lang='grc' dir='ltr'>τολ-</span> 
     </span>
    </p>
   </div>
   <div class='ocr_carea' id='block_1_90' title="bbox 2213 4312 3737 4400">
    <p class='ocr_par' dir='ltr' id='par_1_90' title="bbox 2213 4312 3737 4400">
     <span class='ocr_line' id='line_1_90' title="bbox 2213 4312 3737 4400; baseline -0.016 -5"><span class='ocrx_word' id='word_1_615' title='bbox 2213 4329 2403 4400; x_wconf 82' lang='grc' dir='ltr'>μηρῶς</span> <span class='ocrx_word' id='word_1_616' title='bbox 2438 4330 2518 4392; x_wconf 77' lang='grc' dir='ltr'>εἰς</span> <span class='ocrx_word' id='word_1_617' title='bbox 2569 4328 2632 4383; x_wconf 69' lang='grc' dir='ltr'>τὸ</span> <span class='ocrx_word' id='word_1_618' title='bbox 2670 4327 2827 4382; x_wconf 80' lang='grc' dir='ltr'><strong>Θεῖον</strong></span> <span class='ocrx_word' id='word_1_619' title='bbox 2862 4327 2996 4381; x_wconf 72' lang='grc' dir='ltr'><strong>αὐτὸ</strong></span> <span class='ocrx_word' id='word_1_620' title='bbox 3032 4327 3517 4398; x_wconf 84' lang='grc' dir='ltr'>πλημμελήματος.</span> <span class='ocrx_word' id='word_1_621' title='bbox 3547 4320 3653 4372; x_wconf 76' lang='grc' dir='ltr'><strong>Ὀτι</strong></span> <span class='ocrx_word' id='word_1_622' title='bbox 3690 4312 3737 4364; x_wconf 66' lang='grc' dir='ltr'><strong>δὲ</strong></span> 
     </span>
    </p>
   </div>
   <div class='ocr_carea' id='block_1_91' title="bbox 2208 4409 3733 4492">
    <p class='ocr_par' dir='ltr' id='par_1_91' title="bbox 2208 4409 3733 4492">
     <span class='ocr_line' id='line_1_91' title="bbox 2208 4409 3733 4492; baseline -0.024 3"><span class='ocrx_word' id='word_1_623' title='bbox 2208 4420 2472 4492; x_wconf 73' lang='grc' dir='ltr'>φιλαρχία</span> <span class='ocrx_word' id='word_1_624' title='bbox 2508 4420 2605 4474; x_wconf 64' lang='grc' dir='ltr'><strong>καὶ</strong></span> <span class='ocrx_word' id='word_1_625' title='bbox 2644 4420 2705 4473; x_wconf 80' lang='grc' dir='ltr'>τὸ</span> <span class='ocrx_word' id='word_1_626' title='bbox 2738 4419 3029 4490; x_wconf 79' lang='grc' dir='ltr'>βούλεσθαι</span> <span class='ocrx_word' id='word_1_627' title='bbox 3059 4419 3285 4481; x_wconf 79' lang='grc' dir='ltr'>τούτους</span> <span class='ocrx_word' id='word_1_628' title='bbox 3316 4411 3576 4473; x_wconf 81' lang='grc' dir='ltr'>παντελῶς</span> <span class='ocrx_word' id='word_1_629' title='bbox 3621 4409 3733 4462; x_wconf 76' lang='grc' dir='ltr'>ἀνα·</span> 
     </span>
    </p>
   </div>
   <div class='ocr_carea' id='block_1_92' title="bbox 485 4508 2107 4599">
    <p class='ocr_par' dir='ltr' id='par_1_92' title="bbox 485 4523 2103 4599">
     <span class='ocr_line' id='line_1_92' title="bbox 485 4523 2103 4599; baseline -0.004 -18"><span class='ocrx_word' id='word_1_630' title='bbox 485 4540 586 4585; x_wconf 91' lang='lat' dir='ltr'><strong>.ct</strong></span> <span class='ocrx_word' id='word_1_631' title='bbox 631 4530 882 4599; x_wconf 89' lang='lat' dir='ltr'><strong>specioso</strong></span> <span class='ocrx_word' id='word_1_632' title='bbox 935 4527 1161 4582; x_wconf 87' lang='lat' dir='ltr'><strong>nomine</strong></span> <span class='ocrx_word' id='word_1_633' title='bbox 1219 4526 1511 4590; x_wconf 86' lang='lat' dir='ltr'><strong>adornant,</strong></span> <span class='ocrx_word' id='word_1_634' title='bbox 1560 4530 1623 4579; x_wconf 91' lang='lat' dir='ltr'><strong>ut</strong></span> <span class='ocrx_word' id='word_1_635' title='bbox 1680 4523 1911 4592; x_wconf 90' lang='lat' dir='ltr'><strong>posteris</strong></span> <span class='ocrx_word' id='word_1_636' title='bbox 1994 4535 2103 4576; x_wconf 93' lang='lat' dir='ltr'><strong>non</strong></span> 
     </span>
    </p>
   </div>
   <div class='ocr_carea' id='block_1_93' title="bbox 2208 4508 3736 4599">
    <p class='ocr_par' dir='ltr' id='par_1_93' title="bbox 2210 4508 3736 4599">
     <span class='ocr_line' id='line_1_93' title="bbox 2210 4508 3736 4599; baseline -0.012 -31"><span class='ocrx_word' id='word_1_637' title='bbox 2210 4514 2501 4584; x_wconf 84' lang='grc' dir='ltr'>νακρίτους</span> <span class='ocrx_word' id='word_1_638' title='bbox 2549 4511 2817 4566; x_wconf 81' lang='grc' dir='ltr'>διατελεῖν</span> <span class='ocrx_word' id='word_1_639' title='bbox 2850 4513 2951 4582; x_wconf 82' lang='grc' dir='ltr'>τῆς</span> <span class='ocrx_word' id='word_1_640' title='bbox 3002 4511 3262 4580; x_wconf 83' lang='grc' dir='ltr'>τοιαύτης</span> <span class='ocrx_word' id='word_1_641' title='bbox 3294 4508 3603 4579; x_wconf 77' lang='grc' dir='ltr'>ἐχρημάτισε</span> <span class='ocrx_word' id='word_1_642' title='bbox 3642 4512 3736 4599; x_wconf 50' lang='lat' dir='ltr'><strong>tot:</strong></span> 
     </span>
    </p>
   </div>
   <div class='ocr_carea' id='block_1_94' title="bbox 535 4614 2109 4692">
    <p class='ocr_par' dir='ltr' id='par_1_94' title="bbox 535 4614 2109 4692">
     <span class='ocr_line' id='line_1_94' title="bbox 535 4614 2109 4692; baseline -0.006 -16"><span class='ocrx_word' id='word_1_643' title='bbox 535 4621 747 4692; x_wconf 82' lang='lat' dir='ltr'><strong>absque</strong></span> <span class='ocrx_word' id='word_1_644' title='bbox 788 4621 1003 4676; x_wconf 83' lang='lat' dir='ltr'><strong>ratione</strong></span> <span class='ocrx_word' id='word_1_645' title='bbox 1034 4617 1244 4674; x_wconf 84' lang='lat' dir='ltr'><strong>factum</strong></span> <span class='ocrx_word' id='word_1_646' title='bbox 1280 4625 1648 4688; x_wconf 82' lang='lat' dir='ltr'><strong>reputaretur,</strong></span> <span class='ocrx_word' id='word_1_647' title='bbox 1684 4614 1849 4685; x_wconf 81' lang='lat' dir='ltr'><strong>hujus</strong></span> <span class='ocrx_word' id='word_1_648' title='bbox 1879 4615 2109 4685; x_wconf 86' lang='lat' dir='ltr'><strong>dogma-</strong></span> 
     </span>
    </p>
   </div>
   <div class='ocr_carea' id='block_1_95' title="bbox 535 4707 2112 4779">
    <p class='ocr_par' dir='ltr' id='par_1_95' title="bbox 535 4707 2112 4779">
     <span class='ocr_line' id='line_1_95' title="bbox 535 4707 2112 4779; baseline -0.005 -12"><span class='ocrx_word' id='word_1_649' title='bbox 535 4713 606 4769; x_wconf 93' lang='lat' dir='ltr'><strong>tis</strong></span> <span class='ocrx_word' id='word_1_650' title='bbox 634 4712 973 4768; x_wconf 68' lang='lat' dir='ltr'><strong>eversionem</strong></span> <span class='ocrx_word' id='word_1_651' title='bbox 998 4726 1124 4767; x_wconf 88' lang='lat' dir='ltr'><strong>cum</strong></span> <span class='ocrx_word' id='word_1_652' title='bbox 1158 4710 1281 4765; x_wconf 88' lang='lat' dir='ltr'><strong>aliis</strong></span> <span class='ocrx_word' id='word_1_653' title='bbox 1315 4709 1496 4764; x_wconf 78' lang='lat' dir='ltr'><strong>noxiis</strong></span> <span class='ocrx_word' id='word_1_654' title='bbox 1527 4707 1768 4779; x_wconf 75' lang='lat' dir='ltr'><strong>aggressi</strong></span> <span class='ocrx_word' id='word_1_655' title='bbox 1796 4717 1946 4773; x_wconf 88' lang='lat' dir='ltr'><strong>sunt,</strong></span> <span class='ocrx_word' id='word_1_656' title='bbox 1983 4713 2112 4759; x_wconf 89' lang='lat' dir='ltr'><strong>ante</strong></span> 
     </span>
    </p>
   </div>
   <div class='ocr_carea' id='block_1_96' title="bbox 534 4796 2111 4877">
    <p class='ocr_par' dir='ltr' id='par_1_96' title="bbox 534 4796 2111 4877">
     <span class='ocr_line' id='line_1_96' title="bbox 534 4796 2111 4877; baseline -0.005 -19"><span class='ocrx_word' id='word_1_657' title='bbox 534 4804 806 4877; x_wconf 89' lang='lat' dir='ltr'><strong>plurimos</strong></span> <span class='ocrx_word' id='word_1_658' title='bbox 859 4817 1036 4858; x_wconf 87' lang='lat' dir='ltr'><strong>annos</strong></span> <span class='ocrx_word' id='word_1_659' title='bbox 1088 4811 1253 4857; x_wconf 84' lang='lat' dir='ltr'><strong>aetate</strong></span> <span class='ocrx_word' id='word_1_660' title='bbox 1301 4799 1483 4856; x_wconf 85' lang='lat' dir='ltr'><strong>Photii</strong></span> <span class='ocrx_word' id='word_1_661' title='bbox 1529 4799 1851 4869; x_wconf 84' lang='lat' dir='ltr'><strong>patriarchae</strong></span> <span class='ocrx_word' id='word_1_662' title='bbox 1893 4796 2111 4851; x_wconf 82' lang='lat' dir='ltr'><strong>facinus</strong></span> 
     </span>
    </p>
   </div>
   <div class='ocr_carea' id='block_1_97' title="bbox 538 4884 2112 4963">
    <p class='ocr_par' dir='ltr' id='par_1_97' title="bbox 538 4884 2112 4963">
     <span class='ocr_line' id='line_1_97' title="bbox 538 4884 2112 4963; baseline -0.007 -11"><span class='ocrx_word' id='word_1_663' title='bbox 538 4906 721 4963; x_wconf 84' lang='lat' dir='ltr'><strong>atrox,</strong></span> <span class='ocrx_word' id='word_1_664' title='bbox 749 4896 1015 4951; x_wconf 87' lang='lat' dir='ltr'><strong>steutoris</strong></span> <span class='ocrx_word' id='word_1_665' title='bbox 1045 4895 1220 4950; x_wconf 87' lang='lat' dir='ltr'><strong>instar</strong></span> <span class='ocrx_word' id='word_1_666' title='bbox 1265 4906 1460 4962; x_wconf 82' lang='lat' dir='ltr'><strong>magna</strong></span> <span class='ocrx_word' id='word_1_667' title='bbox 1491 4903 1628 4945; x_wconf 90' lang='lat' dir='ltr'><strong>voce</strong></span> <span class='ocrx_word' id='word_1_668' title='bbox 1672 4884 2112 4953; x_wconf 68' lang='lat' dir='ltr'><strong>reboat,&#39;diluci-</strong></span> 
     </span>
    </p>
   </div>
   <div class='ocr_carea' id='block_1_98' title="bbox 538 4979 2112 5060">
    <p class='ocr_par' dir='ltr' id='par_1_98' title="bbox 538 4979 2112 5060">
     <span class='ocr_line' id='line_1_98' title="bbox 538 4979 2112 5060; baseline -0.008 -15"><span class='ocrx_word' id='word_1_669' title='bbox 538 4990 716 5060; x_wconf 89' lang='lat' dir='ltr'><strong>deque</strong></span> <span class='ocrx_word' id='word_1_670' title='bbox 756 4992 1181 5044; x_wconf 79' lang='lat' dir='ltr'><strong>commonstrat.</strong></span> <span class='ocrx_word' id='word_1_671' title='bbox 1229 4984 1333 5039; x_wconf 80' lang='lat' dir='ltr'><strong>Hic</strong></span> <span class='ocrx_word' id='word_1_672' title='bbox 1386 4982 1589 5038; x_wconf 89' lang='lat' dir='ltr'><strong>etenim</strong></span> <span class='ocrx_word' id='word_1_673' title='bbox 1649 4996 1760 5037; x_wconf 88' lang='lat' dir='ltr'><strong>non</strong></span> <span class='ocrx_word' id='word_1_674' title='bbox 1811 4980 1976 5035; x_wconf 88' lang='lat' dir='ltr'><strong>aliam</strong></span> <span class='ocrx_word' id='word_1_675' title='bbox 2041 4979 2112 5034; x_wconf 91' lang='lat' dir='ltr'><strong>ob</strong></span> 
     </span>
    </p>
   </div>
   <div class='ocr_carea' id='block_1_99' title="bbox 540 5071 2110 5151">
    <p class='ocr_par' dir='ltr' id='par_1_99' title="bbox 540 5071 2110 5151">
     <span class='ocr_line' id='line_1_99' title="bbox 540 5071 2110 5151; baseline -0.009 -13"><span class='ocrx_word' id='word_1_676' title='bbox 540 5095 762 5138; x_wconf 85' lang='lat' dir='ltr'><strong>causam</strong></span> <span class='ocrx_word' id='word_1_677' title='bbox 812 5078 976 5151; x_wconf 84' lang='lat' dir='ltr'><strong>primi</strong></span> <span class='ocrx_word' id='word_1_678' title='bbox 1021 5074 1336 5134; x_wconf 91' lang='lat' dir='ltr'><strong>schismatis</strong></span> <span class='ocrx_word' id='word_1_679' title='bbox 1376 5084 1570 5131; x_wconf 88' lang='lat' dir='ltr'><strong>auctor</strong></span> <span class='ocrx_word' id='word_1_680' title='bbox 1599 5073 1801 5138; x_wconf 86' lang='lat' dir='ltr'><strong>factus,</strong></span> <span class='ocrx_word' id='word_1_681' title='bbox 1857 5079 1912 5127; x_wconf 89' lang='lat' dir='ltr'><strong>et</strong></span> <span class='ocrx_word' id='word_1_682' title='bbox 1944 5071 2110 5129; x_wconf 88' lang='lat' dir='ltr'><strong>simili</strong></span> 
     </span>
    </p>
   </div>
   <div class='ocr_carea' id='block_1_100' title="bbox 542 5162 2110 5244">
    <p class='ocr_par' dir='ltr' id='par_1_100' title="bbox 542 5162 2110 5244">
     <span class='ocr_line' id='line_1_100' title="bbox 542 5162 2110 5244; baseline -0.008 -16"><span class='ocrx_word' id='word_1_683' title='bbox 542 5169 786 5244; x_wconf 89' lang='lat' dir='ltr'><strong>dogmati</strong></span> <span class='ocrx_word' id='word_1_684' title='bbox 819 5184 943 5226; x_wconf 82' lang='lat' dir='ltr'><strong>eum</strong></span> <span class='ocrx_word' id='word_1_685' title='bbox 981 5167 1105 5223; x_wconf 87' lang='lat' dir='ltr'><strong>aliis</strong></span> <span class='ocrx_word' id='word_1_686' title='bbox 1132 5180 1233 5237; x_wconf 89' lang='lat' dir='ltr'><strong>pro</strong></span> <span class='ocrx_word' id='word_1_687' title='bbox 1265 5165 1475 5221; x_wconf 82' lang='lat' dir='ltr'><strong>viribus</strong></span> <span class='ocrx_word' id='word_1_688' title='bbox 1523 5162 1937 5229; x_wconf 85' lang='lat' dir='ltr'><strong>contradicens,</strong></span> <span class='ocrx_word' id='word_1_689' title='bbox 1984 5175 2110 5216; x_wconf 88' lang='lat' dir='ltr'><strong>cum</strong></span> 
     </span>
    </p>
   </div>
   <div class='ocr_carea' id='block_1_101' title="bbox 539 5252 2109 5334">
    <p class='ocr_par' dir='ltr' id='par_1_101' title="bbox 539 5252 2109 5334">
     <span class='ocr_line' id='line_1_101' title="bbox 539 5252 2109 5334; baseline -0.01 -13"><span class='ocrx_word' id='word_1_690' title='bbox 539 5279 733 5321; x_wconf 89' lang='lat' dir='ltr'><strong>corum</strong></span> <span class='ocrx_word' id='word_1_691' title='bbox 774 5262 843 5318; x_wconf 92' lang='lat' dir='ltr'><strong>de</strong></span> <span class='ocrx_word' id='word_1_692' title='bbox 871 5260 1074 5334; x_wconf 78' lang='lat' dir='ltr'><strong>quibus</strong></span> <span class='ocrx_word' id='word_1_693' title='bbox 1105 5275 1136 5314; x_wconf 92' lang='lat' dir='ltr'><strong>a</strong></span> <span class='ocrx_word' id='word_1_694' title='bbox 1178 5257 1424 5314; x_wconf 79' lang='lat' dir='ltr'><strong>Romana</strong></span> <span class='ocrx_word' id='word_1_695' title='bbox 1451 5254 1695 5311; x_wconf 88' lang='lat' dir='ltr'><strong>Ecclesia</strong></span> <span class='ocrx_word' id='word_1_696' title='bbox 1725 5252 2109 5318; x_wconf 86' lang='lat' dir='ltr'><strong>accusabatur,</strong></span> 
     </span>
    </p>
   </div>
   <div class='ocr_carea' id='block_1_102' title="bbox 541 5345 2111 5429">
    <p class='ocr_par' dir='ltr' id='par_1_102' title="bbox 541 5345 2111 5429">
     <span class='ocr_line' id='line_1_102' title="bbox 541 5345 2111 5429; baseline -0.011 -15"><span class='ocrx_word' id='word_1_697' title='bbox 541 5372 665 5429; x_wconf 68' lang='lat' dir='ltr'><strong>qua:</strong></span> <span class='ocrx_word' id='word_1_698' title='bbox 708 5355 798 5412; x_wconf 90' lang='lat' dir='ltr'><strong>ille</strong></span> <span class='ocrx_word' id='word_1_699' title='bbox 845 5362 1004 5410; x_wconf 90' lang='lat' dir='ltr'><strong>antea</strong></span> <span class='ocrx_word' id='word_1_700' title='bbox 1048 5352 1101 5409; x_wconf 90' lang='lat' dir='ltr'><strong>in</strong></span> <span class='ocrx_word' id='word_1_701' title='bbox 1140 5351 1289 5407; x_wconf 90' lang='lat' dir='ltr'><strong>illam</strong></span> <span class='ocrx_word' id='word_1_702' title='bbox 1322 5349 1692 5412; x_wconf 87' lang='lat' dir='ltr'><strong>commiserat,</strong></span> <span class='ocrx_word' id='word_1_703' title='bbox 1731 5345 1798 5402; x_wconf 92' lang='lat' dir='ltr'><strong>ad</strong></span> <span class='ocrx_word' id='word_1_704' title='bbox 1836 5346 2111 5400; x_wconf 85' lang='lat' dir='ltr'><strong>Constan-</strong></span> 
     </span>
    </p>
   </div>
   <div class='ocr_carea' id='block_1_103' title="bbox 541 5437 2111 5520">
    <p class='ocr_par' dir='ltr' id='par_1_103' title="bbox 541 5437 2111 5520">
     <span class='ocr_line' id='line_1_103' title="bbox 541 5437 2111 5520; baseline -0.01 -15"><span class='ocrx_word' id='word_1_705' title='bbox 541 5449 964 5520; x_wconf 86' lang='lat' dir='ltr'><strong>tinopolitauum</strong></span> <span class='ocrx_word' id='word_1_706' title='bbox 1023 5445 1327 5500; x_wconf 81' lang='lat' dir='ltr'><strong>maximum</strong></span> <span class='ocrx_word' id='word_1_707' title='bbox 1392 5444 1647 5497; x_wconf 90' lang='lat' dir='ltr'><strong>thronum</strong></span> <span class='ocrx_word' id='word_1_708' title='bbox 1706 5437 2111 5505; x_wconf 88' lang='lat' dir='ltr'><strong>obtinendum,</strong></span> 
     </span>
    </p>
   </div>
   <div class='ocr_carea' id='block_1_104' title="bbox 541 5531 2112 5610">
    <p class='ocr_par' dir='ltr' id='par_1_104' title="bbox 541 5531 2112 5610">
     <span class='ocr_line' id='line_1_104' title="bbox 541 5531 2112 5610; baseline -0.011 -11"><span class='ocrx_word' id='word_1_709' title='bbox 541 5544 651 5599; x_wconf 76' lang='lat' dir='ltr'><strong>line</strong></span> <span class='ocrx_word' id='word_1_710' title='bbox 695 5541 885 5597; x_wconf 88' lang='lat' dir='ltr'><strong>litibus</strong></span> <span class='ocrx_word' id='word_1_711' title='bbox 930 5539 1112 5610; x_wconf 90' lang='lat' dir='ltr'><strong>posito</strong></span> <span class='ocrx_word' id='word_1_712' title='bbox 1168 5538 1384 5593; x_wconf 83' lang='lat' dir='ltr'><strong>veniam</strong></span> <span class='ocrx_word' id='word_1_713' title='bbox 1441 5531 1802 5593; x_wconf 85' lang='lat' dir='ltr'><strong>obtinuisset,</strong></span> <span class='ocrx_word' id='word_1_714' title='bbox 1856 5538 1913 5586; x_wconf 92' lang='lat' dir='ltr'><strong>ct</strong></span> <span class='ocrx_word' id='word_1_715' title='bbox 1962 5539 2112 5600; x_wconf 86' lang='lat' dir='ltr'><strong>post-</strong></span> 
     </span>
    </p>
   </div>
   <div class='ocr_carea' id='block_1_105' title="bbox 540 5622 2106 5703">
    <p class='ocr_par' dir='ltr' id='par_1_105' title="bbox 540 5622 2106 5703">
     <span class='ocr_line' id='line_1_105' title="bbox 540 5622 2106 5703; baseline -0.01 -13"><span class='ocrx_word' id='word_1_716' title='bbox 540 5622 762 5690; x_wconf 80' lang='lat' dir='ltr'><strong>modum</strong></span> <span class='ocrx_word' id='word_1_717' title='bbox 796 5633 1137 5703; x_wconf 87' lang='lat' dir='ltr'><strong>benignitate</strong></span> <span class='ocrx_word' id='word_1_718' title='bbox 1168 5629 1464 5700; x_wconf 73' lang='lat' dir='ltr'><strong>praesulem</strong></span> <span class='ocrx_word' id='word_1_719' title='bbox 1512 5623 1796 5695; x_wconf 88' lang='lat' dir='ltr'><strong>propriam</strong></span> <span class='ocrx_word' id='word_1_720' title='bbox 1832 5624 1884 5676; x_wconf 91' lang='lat' dir='ltr'><strong>in</strong></span> <span class='ocrx_word' id='word_1_721' title='bbox 1922 5622 2106 5677; x_wconf 79' lang='lat' dir='ltr'><strong>sedun</strong></span> 
     </span>
    </p>
   </div>
   <div class='ocr_carea' id='block_1_106' title="bbox 541 5712 2104 5791">
    <p class='ocr_par' dir='ltr' id='par_1_106' title="bbox 541 5712 2104 5791">
     <span class='ocr_line' id='line_1_106' title="bbox 541 5712 2104 5791; baseline -0.007 -13"><span class='ocrx_word' id='word_1_722' title='bbox 541 5724 833 5780; x_wconf 87' lang='lat' dir='ltr'><strong>restitutus</strong></span> <span class='ocrx_word' id='word_1_723' title='bbox 863 5723 1077 5789; x_wconf 77' lang='lat' dir='ltr'><strong>fuisset,</strong></span> <span class='ocrx_word' id='word_1_724' title='bbox 1110 5720 1369 5777; x_wconf 88' lang='lat' dir='ltr'><strong>omnibus</strong></span> <span class='ocrx_word' id='word_1_725' title='bbox 1415 5716 1635 5772; x_wconf 80' lang='lat' dir='ltr'><strong>silentio</strong></span> <span class='ocrx_word' id='word_1_726' title='bbox 1685 5712 1968 5791; x_wconf 58' lang='lat' dir='ltr'><strong>involutis,</strong></span> <span class='ocrx_word' id='word_1_727' title='bbox 2001 5727 2104 5767; x_wconf 91' lang='lat' dir='ltr'><strong>nec</strong></span> 
     </span>
    </p>
   </div>
   <div class='ocr_carea' id='block_1_107' title="bbox 540 5805 2110 5885">
    <p class='ocr_par' dir='ltr' id='par_1_107' title="bbox 540 5805 2110 5885">
     <span class='ocr_line' id='line_1_107' title="bbox 540 5805 2110 5885; baseline -0.004 -19"><span class='ocrx_word' id='word_1_728' title='bbox 540 5812 656 5868; x_wconf 82' lang='lat' dir='ltr'><strong>ullo</strong></span> <span class='ocrx_word' id='word_1_729' title='bbox 710 5813 778 5869; x_wconf 90' lang='lat' dir='ltr'><strong>de</strong></span> <span class='ocrx_word' id='word_1_730' title='bbox 833 5814 1088 5885; x_wconf 83' lang='lat' dir='ltr'><strong>dogmate</strong></span> <span class='ocrx_word' id='word_1_731' title='bbox 1140 5811 1308 5868; x_wconf 88' lang='lat' dir='ltr'><strong>simili</strong></span> <span class='ocrx_word' id='word_1_732' title='bbox 1360 5821 1614 5867; x_wconf 85' lang='lat' dir='ltr'><strong>sermone</strong></span> <span class='ocrx_word' id='word_1_733' title='bbox 1674 5807 1898 5874; x_wconf 87' lang='lat' dir='ltr'><strong>habito,</strong></span> <span class='ocrx_word' id='word_1_734' title='bbox 1957 5805 2110 5862; x_wconf 87' lang='lat' dir='ltr'><strong>omni</strong></span> 
     </span>
    </p>
   </div>
   <div class='ocr_carea' id='block_1_108' title="bbox 2214 4583 3735 4676">
    <p class='ocr_par' dir='ltr' id='par_1_108' title="bbox 2214 4583 3735 4676">
     <span class='ocr_line' id='line_1_108' title="bbox 2214 4583 3735 4676; baseline -0.007 -18"><span class='ocrx_word' id='word_1_735' title='bbox 2214 4583 2416 4676; x_wconf 88' lang='grc' dir='ltr'>κυμίας</span> <span class='ocrx_word' id='word_1_736' title='bbox 2450 4604 2544 4659; x_wconf 73' lang='grc' dir='ltr'>καὶ</span> <span class='ocrx_word' id='word_1_737' title='bbox 2574 4601 2668 4655; x_wconf 89' lang='grc' dir='ltr'><strong>τοῦ</strong></span> <span class='ocrx_word' id='word_1_738' title='bbox 2700 4601 2974 4665; x_wconf 85' lang='grc' dir='ltr'>κλύδωνος</span> <span class='ocrx_word' id='word_1_739' title='bbox 2997 4600 3092 4655; x_wconf 87' lang='grc' dir='ltr'><strong>τοῦ</strong></span> <span class='ocrx_word' id='word_1_740' title='bbox 3123 4601 3366 4654; x_wconf 88' lang='grc' dir='ltr'>τοιούτου</span> <span class='ocrx_word' id='word_1_741' title='bbox 3398 4597 3456 4650; x_wconf 83' lang='grc' dir='ltr'>τὸ</span> <span class='ocrx_word' id='word_1_742' title='bbox 3487 4595 3655 4650; x_wconf 72' lang='grc' dir='ltr'>αἴτιον.</span> <span class='ocrx_word' id='word_1_743' title='bbox 3687 4583 3735 4647; x_wconf 74' lang='grc' dir='ltr'>ἐξ</span> 
     </span>
    </p>
   </div>
   <div class='ocr_carea' id='block_1_109' title="bbox 2214 4683 3730 4765">
    <p class='ocr_par' dir='ltr' id='par_1_109' title="bbox 2214 4683 3730 4765">
     <span class='ocr_line' id='line_1_109' title="bbox 2214 4683 3730 4765; baseline -0.013 -13"><span class='ocrx_word' id='word_1_744' title='bbox 2214 4692 2292 4756; x_wconf 82' lang='grc' dir='ltr'>ὧν</span> <span class='ocrx_word' id='word_1_745' title='bbox 2323 4697 2464 4751; x_wconf 84' lang='grc' dir='ltr'>κατὰ</span> <span class='ocrx_word' id='word_1_746' title='bbox 2499 4695 2774 4764; x_wconf 76' lang='grc' dir='ltr'>πρόφασιν</span> <span class='ocrx_word' id='word_1_747' title='bbox 2802 4695 3054 4765; x_wconf 79' lang='grc' dir='ltr'>εὐπρεπῆ</span> <span class='ocrx_word' id='word_1_748' title='bbox 3081 4693 3263 4765; x_wconf 83' lang='grc' dir='ltr'>δῆθεν,</span> <span class='ocrx_word' id='word_1_749' title='bbox 3292 4683 3661 4754; x_wconf 82' lang='grc' dir='ltr'>εύαπολόγητόν</span> <span class='ocrx_word' id='word_1_750' title='bbox 3686 4693 3730 4727; x_wconf 83' lang='grc' dir='ltr'><strong>τε</strong></span> 
     </span>
    </p>
   </div>
   <div class='ocr_carea' id='block_1_110' title="bbox 2213 4775 3730 4860">
    <p class='ocr_par' dir='ltr' id='par_1_110' title="bbox 2213 4775 3730 4860">
     <span class='ocr_line' id='line_1_110' title="bbox 2213 4775 3730 4860; baseline -0.011 -16"><span class='ocrx_word' id='word_1_751' title='bbox 2213 4792 2328 4853; x_wconf 80' lang='grc' dir='ltr'>τοῖς</span> <span class='ocrx_word' id='word_1_752' title='bbox 2357 4789 2474 4860; x_wconf 83' lang='grc' dir='ltr'>μετ’</span> <span class='ocrx_word' id='word_1_753' title='bbox 2505 4789 2726 4854; x_wconf 72' lang='grc' dir='ltr'>αὐτοὺς,</span> <span class='ocrx_word' id='word_1_754' title='bbox 2750 4787 2846 4841; x_wconf 73' lang='grc' dir='ltr'>καὶ</span> <span class='ocrx_word' id='word_1_755' title='bbox 2869 4788 3005 4858; x_wconf 69' lang='grc' dir='ltr'>πρὸς</span> <span class='ocrx_word' id='word_1_756' title='bbox 3036 4785 3135 4858; x_wconf 82' lang='grc' dir='ltr'>τὴν</span> <span class='ocrx_word' id='word_1_757' title='bbox 3161 4785 3255 4839; x_wconf 88' lang='grc' dir='ltr'><strong>τοῦ</strong></span> <span class='ocrx_word' id='word_1_758' title='bbox 3286 4784 3535 4852; x_wconf 76' lang='grc' dir='ltr'>παρόντος</span> <span class='ocrx_word' id='word_1_759' title='bbox 3564 4775 3730 4860; x_wconf 34' lang='lat' dir='ltr'><strong>Mnus</strong></span> 
     </span>
    </p>
   </div>
   <div class='ocr_carea' id='block_1_111' title="bbox 2212 4858 3732 4954">
    <p class='ocr_par' dir='ltr' id='par_1_111' title="bbox 2212 4858 3732 4954">
     <span class='ocr_line' id='line_1_111' title="bbox 2212 4858 3732 4954; baseline -0.014 -17"><span class='ocrx_word' id='word_1_760' title='bbox 2212 4899 2304 4945; x_wconf 84' lang='grc' dir='ltr'><strong>τος</strong></span> <span class='ocrx_word' id='word_1_761' title='bbox 2337 4881 2653 4954; x_wconf 76' lang='grc' dir='ltr'>ἀνατροπὴν</span> <span class='ocrx_word' id='word_1_762' title='bbox 2694 4881 2792 4935; x_wconf 77' lang='grc' dir='ltr'>σὺν</span> <span class='ocrx_word' id='word_1_763' title='bbox 2821 4881 2932 4942; x_wconf 78' lang='grc' dir='ltr'>τοῖς</span> <span class='ocrx_word' id='word_1_764' title='bbox 2962 4878 3141 4942; x_wconf 82' lang='grc' dir='ltr'>ἄλλοις</span> <span class='ocrx_word' id='word_1_765' title='bbox 3175 4877 3363 4938; x_wconf 85' lang='grc' dir='ltr'>κακοῖς</span> <span class='ocrx_word' id='word_1_766' title='bbox 3402 4872 3656 4943; x_wconf 80' lang='grc' dir='ltr'>ὥρμησαν,</span> <span class='ocrx_word' id='word_1_767' title='bbox 3684 4858 3732 4954; x_wconf 69' lang='grc' dir='ltr'>τὸ</span> 
     </span>
    </p>
   </div>
   <div class='ocr_carea' id='block_1_112' title="bbox 2217 4951 3728 5043">
    <p class='ocr_par' dir='ltr' id='par_1_112' title="bbox 2217 4951 3728 5043">
     <span class='ocr_line' id='line_1_112' title="bbox 2217 4951 3728 5043; baseline -0.017 -15"><span class='ocrx_word' id='word_1_768' title='bbox 2217 4973 2430 5043; x_wconf 79' lang='grc' dir='ltr'>συμϐὰν</span> <span class='ocrx_word' id='word_1_769' title='bbox 2454 4951 2548 5027; x_wconf 61' lang='lat' dir='ltr'><strong>snt</strong></span> <span class='ocrx_word' id='word_1_770' title='bbox 2575 4972 2781 5026; x_wconf 79' lang='grc' dir='ltr'>Φωτίου</span> <span class='ocrx_word' id='word_1_771' title='bbox 2815 4970 2910 5026; x_wconf 87' lang='grc' dir='ltr'><strong>τοῦ</strong></span> <span class='ocrx_word' id='word_1_772' title='bbox 2935 4968 3464 5042; x_wconf 84' lang='grc' dir='ltr'>πατριαρχεύσαντος</span> <span class='ocrx_word' id='word_1_773' title='bbox 3490 4960 3582 5030; x_wconf 81' lang='grc' dir='ltr'>πρὸ</span> <span class='ocrx_word' id='word_1_774' title='bbox 3606 4951 3728 5008; x_wconf 84' lang='grc' dir='ltr'>πλεί-</span> 
     </span>
    </p>
   </div>
   <div class='ocr_carea' id='block_1_113' title="bbox 2217 5048 3725 5133">
    <p class='ocr_par' dir='ltr' id='par_1_113' title="bbox 2217 5048 3725 5133">
     <span class='ocr_line' id='line_1_113' title="bbox 2217 5048 3725 5133; baseline -0.012 -12"><span class='ocrx_word' id='word_1_775' title='bbox 2217 5082 2359 5121; x_wconf 89' lang='grc' dir='ltr'>στων</span> <span class='ocrx_word' id='word_1_776' title='bbox 2388 5064 2529 5119; x_wconf 79' lang='grc' dir='ltr'>ἐτῶν</span> <span class='ocrx_word' id='word_1_777' title='bbox 2561 5063 2849 5133; x_wconf 82' lang='grc' dir='ltr'>στέντορος</span> <span class='ocrx_word' id='word_1_778' title='bbox 2896 5062 3056 5131; x_wconf 84' lang='grc' dir='ltr'>δίκην</span> <span class='ocrx_word' id='word_1_779' title='bbox 3104 5060 3308 5130; x_wconf 78' lang='grc' dir='ltr'>ἀναϐοᾷ</span> <span class='ocrx_word' id='word_1_780' title='bbox 3358 5048 3725 5126; x_wconf 76' lang='grc' dir='ltr'>μεγαλοφὼνωςν</span> 
     </span>
    </p>
   </div>
   <div class='ocr_carea' id='block_1_114' title="bbox 2215 5133 3726 5232">
    <p class='ocr_par' dir='ltr' id='par_1_114' title="bbox 2215 5133 3726 5232">
     <span class='ocr_line' id='line_1_114' title="bbox 2215 5133 3726 5232; baseline -0.016 -19"><span class='ocrx_word' id='word_1_781' title='bbox 2215 5161 2311 5213; x_wconf 68' lang='grc' dir='ltr'>καὶ</span> <span class='ocrx_word' id='word_1_782' title='bbox 2342 5157 2617 5228; x_wconf 82' lang='grc' dir='ltr'>λαμπρῶς</span> <span class='ocrx_word' id='word_1_783' title='bbox 2656 5154 2951 5209; x_wconf 79' lang='grc' dir='ltr'>δείκνυσιν.</span> <span class='ocrx_word' id='word_1_784' title='bbox 2987 5155 3157 5216; x_wconf 67' lang='lat' dir='ltr'><strong>Octo;</strong></span> <span class='ocrx_word' id='word_1_785' title='bbox 3202 5152 3295 5206; x_wconf 74' lang='grc' dir='ltr'>καὶ</span> <span class='ocrx_word' id='word_1_786' title='bbox 3336 5148 3438 5219; x_wconf 80' lang='grc' dir='ltr'><strong>γὰρ</strong></span> <span class='ocrx_word' id='word_1_787' title='bbox 3486 5143 3565 5197; x_wconf 74' lang='grc' dir='ltr'>διὰ</span> <span class='ocrx_word' id='word_1_788' title='bbox 3588 5133 3726 5232; x_wconf 49' lang='lat' dir='ltr'><strong>sctit}</strong></span> 
     </span>
    </p>
   </div>
   <div class='ocr_carea' id='block_1_115' title="bbox 2214 5229 3721 5321">
    <p class='ocr_par' dir='ltr' id='par_1_115' title="bbox 2214 5229 3721 5321">
     <span class='ocr_line' id='line_1_115' title="bbox 2214 5229 3721 5321; baseline -0.015 -17"><span class='ocrx_word' id='word_1_789' title='bbox 2214 5251 2508 5321; x_wconf 83' lang='grc' dir='ltr'>γενόμενος</span> <span class='ocrx_word' id='word_1_790' title='bbox 2556 5246 2654 5301; x_wconf 85' lang='grc' dir='ltr'><strong>τοῦ</strong></span> <span class='ocrx_word' id='word_1_791' title='bbox 2686 5246 2907 5318; x_wconf 83' lang='grc' dir='ltr'>πρώτου</span> <span class='ocrx_word' id='word_1_792' title='bbox 2961 5248 3260 5317; x_wconf 77' lang='grc' dir='ltr'>σχίσματος</span> <span class='ocrx_word' id='word_1_793' title='bbox 3290 5237 3533 5314; x_wconf 80' lang='grc' dir='ltr'>ἀρχηγὸς,</span> <span class='ocrx_word' id='word_1_794' title='bbox 3562 5229 3641 5283; x_wconf 79' lang='grc' dir='ltr'><strong>καὶ</strong></span> <span class='ocrx_word' id='word_1_795' title='bbox 3662 5229 3721 5321; x_wconf 49' lang='grc' dir='ltr'>τῷ</span> 
     </span>
    </p>
   </div>
   <div class='ocr_carea' id='block_1_116' title="bbox 2213 5313 3719 5412">
    <p class='ocr_par' dir='ltr' id='par_1_116' title="bbox 2213 5313 3719 5412">
     <span class='ocr_line' id='line_1_116' title="bbox 2213 5313 3719 5412; baseline -0.011 -16"><span class='ocrx_word' id='word_1_796' title='bbox 2213 5342 2444 5412; x_wconf 83' lang='grc' dir='ltr'>τοιούτῳ</span> <span class='ocrx_word' id='word_1_797' title='bbox 2492 5340 2723 5410; x_wconf 77' lang='grc' dir='ltr'>δόγματι</span> <span class='ocrx_word' id='word_1_798' title='bbox 2782 5337 2921 5409; x_wconf 87' lang='grc' dir='ltr'><strong>μετά</strong></span> <span class='ocrx_word' id='word_1_799' title='bbox 2953 5337 3063 5391; x_wconf 88' lang='grc' dir='ltr'><strong>τῶν</strong></span> <span class='ocrx_word' id='word_1_800' title='bbox 3111 5336 3284 5391; x_wconf 82' lang='grc' dir='ltr'>ἄλλων</span> <span class='ocrx_word' id='word_1_801' title='bbox 3323 5329 3567 5386; x_wconf 78' lang='grc' dir='ltr'>ἀντειπὼν</span> <span class='ocrx_word' id='word_1_802' title='bbox 3608 5313 3719 5412; x_wconf 53' lang='grc' dir='ltr'>ξιξτά</span> 
     </span>
    </p>
   </div>
   <div class='ocr_carea' id='block_1_117' title="bbox 2211 5408 3719 5503">
    <p class='ocr_par' dir='ltr' id='par_1_117' title="bbox 2211 5408 3719 5503">
     <span class='ocr_line' id='line_1_117' title="bbox 2211 5408 3719 5503; baseline 0.001 -19"><span class='ocrx_word' id='word_1_803' title='bbox 2211 5408 2464 5503; x_wconf 80' lang='grc' dir='ltr'>δύναμιν,</span> <span class='ocrx_word' id='word_1_804' title='bbox 2496 5408 2727 5502; x_wconf 77' lang='grc' dir='ltr'>ἐπείπερ</span> <span class='ocrx_word' id='word_1_805' title='bbox 2759 5408 2844 5499; x_wconf 78' lang='grc' dir='ltr'><strong>ἐφ’</strong></span> <span class='ocrx_word' id='word_1_806' title='bbox 2881 5424 2961 5492; x_wconf 76' lang='grc' dir='ltr'><strong>οἷς</strong></span> <span class='ocrx_word' id='word_1_807' title='bbox 2995 5428 3298 5482; x_wconf 83' lang='grc' dir='ltr'>ἐνεκαλεῖτο</span> <span class='ocrx_word' id='word_1_808' title='bbox 3329 5420 3468 5492; x_wconf 75' lang='grc' dir='ltr'>παρᾶ</span> <span class='ocrx_word' id='word_1_809' title='bbox 3490 5415 3577 5484; x_wconf 67' lang='grc' dir='ltr'><strong>τῆς</strong></span> <span class='ocrx_word' id='word_1_810' title='bbox 3597 5408 3719 5503; x_wconf 55' lang='lat' dir='ltr'><strong>:Pw&#39;</strong></span> 
     </span>
    </p>
   </div>
   <div class='ocr_carea' id='block_1_118' title="bbox 2219 5498 3721 5595">
    <p class='ocr_par' dir='ltr' id='par_1_118' title="bbox 2219 5498 3721 5595">
     <span class='ocr_line' id='line_1_118' title="bbox 2219 5498 3721 5595; baseline -0.02 -1"><span class='ocrx_word' id='word_1_811' title='bbox 2219 5498 2422 5595; x_wconf 60' lang='grc' dir='ltr'>μαῖκῆς</span> <span class='ocrx_word' id='word_1_812' title='bbox 2458 5498 3251 5590; x_wconf 37' lang='grc' dir='ltr'>Ἐκκλησιαςίδιαπραξάμενος</span> <span class='ocrx_word' id='word_1_813' title='bbox 3278 5517 3352 5576; x_wconf 79' lang='grc' dir='ltr'><strong>εἰς</strong></span> <span class='ocrx_word' id='word_1_814' title='bbox 3381 5512 3464 5565; x_wconf 77' lang='grc' dir='ltr'>τὸν</span> <span class='ocrx_word' id='word_1_815' title='bbox 3486 5505 3570 5574; x_wconf 78' lang='grc' dir='ltr'><strong>τῆς</strong></span> <span class='ocrx_word' id='word_1_816' title='bbox 3597 5498 3721 5595; x_wconf 64' lang='grc' dir='ltr'><strong>ιξωνο</strong></span> 
     </span>
    </p>
   </div>
   <div class='ocr_carea' id='block_1_119' title="bbox 2216 5587 3720 5683">
    <p class='ocr_par' dir='ltr' id='par_1_119' title="bbox 2216 5587 3720 5683">
     <span class='ocr_line' id='line_1_119' title="bbox 2216 5587 3720 5683; baseline -0.013 -14"><span class='ocrx_word' id='word_1_817' title='bbox 2216 5587 2497 5669; x_wconf 76' lang='grc' dir='ltr'>σταντίνου</span> <span class='ocrx_word' id='word_1_818' title='bbox 2536 5587 2792 5683; x_wconf 80' lang='grc' dir='ltr'>μέγιστον</span> <span class='ocrx_word' id='word_1_819' title='bbox 2831 5587 3021 5682; x_wconf 85' lang='grc' dir='ltr'>θρόνον</span> <span class='ocrx_word' id='word_1_820' title='bbox 3047 5587 3109 5663; x_wconf 74' lang='grc' dir='ltr'>τδ</span> <span class='ocrx_word' id='word_1_821' title='bbox 3144 5608 3269 5679; x_wconf 69' lang='grc' dir='ltr'>πρὶν</span> <span class='ocrx_word' id='word_1_822' title='bbox 3307 5596 3605 5671; x_wconf 79' lang='grc' dir='ltr'>συγγνώμης</span> <span class='ocrx_word' id='word_1_823' title='bbox 3623 5587 3720 5683; x_wconf 59' lang='grc' dir='ltr'><strong>ἔτυς</strong></span> 
     </span>
    </p>
   </div>
   <div class='ocr_carea' id='block_1_120' title="bbox 2213 5675 3718 5783">
    <p class='ocr_par' dir='ltr' id='par_1_120' title="bbox 2213 5675 3718 5783">
     <span class='ocr_line' id='line_1_120' title="bbox 2213 5675 3718 5783; baseline -0.023 -18"><span class='ocrx_word' id='word_1_824' title='bbox 2213 5727 2345 5783; x_wconf 88' lang='grc' dir='ltr'>χεν,</span> <span class='ocrx_word' id='word_1_825' title='bbox 2385 5709 2444 5761; x_wconf 87' lang='grc' dir='ltr'><strong>ἐν</strong></span> <span class='ocrx_word' id='word_1_826' title='bbox 2507 5675 2755 5779; x_wconf 70' lang='grc' dir='ltr'>ὑστέροις</span> <span class='ocrx_word' id='word_1_827' title='bbox 2818 5675 2879 5771; x_wconf 72' lang='grc' dir='ltr'><strong>ἐέ</strong></span> <span class='ocrx_word' id='word_1_828' title='bbox 2935 5706 3107 5778; x_wconf 78' lang='grc' dir='ltr'>αὐτῆς</span> <span class='ocrx_word' id='word_1_829' title='bbox 3166 5675 3399 5771; x_wconf 55' lang='grc' dir='ltr'>ταύτης,</span> <span class='ocrx_word' id='word_1_830' title='bbox 3468 5691 3552 5775; x_wconf 56' lang='grc' dir='ltr'>καὶ</span> <span class='ocrx_word' id='word_1_831' title='bbox 3593 5675 3718 5783; x_wconf 54' lang='grc' dir='ltr'><strong>Δκαιτλ</strong></span> 
     </span>
    </p>
   </div>
   <div class='ocr_carea' id='block_1_121' title="bbox 2220 5775 3715 5871">
    <p class='ocr_par' dir='ltr' id='par_1_121' title="bbox 2220 5775 3715 5871">
     <span class='ocr_line' id='line_1_121' title="bbox 2220 5775 3715 5871; baseline -0.019 -16"><span class='ocrx_word' id='word_1_832' title='bbox 2220 5799 2630 5870; x_wconf 76' lang='grc' dir='ltr'>συγκατάϐασιν</span> <span class='ocrx_word' id='word_1_833' title='bbox 2685 5796 3002 5871; x_wconf 86' lang='grc' dir='ltr'>ἀρχιερεῦσι</span> <span class='ocrx_word' id='word_1_834' title='bbox 3043 5796 3413 5870; x_wconf 79' lang='grc' dir='ltr'>προσήκουσαν</span> <span class='ocrx_word' id='word_1_835' title='bbox 3458 5775 3715 5851; x_wconf 76' lang='grc' dir='ltr'>παραδοχης</span> 
     </span>
    </p>
   </div>
  </div>
