4072 6408
400 427 538 490 1255

1243 428 1339 488 DE
1379 428 1894 490 PRCCESSIONE
1933 432 1992 493 S.
2031 431 2388 494 SPIRITUS
2427 431 2648 494 ORAT.
2693 429 2777 490 Il.

3522 415 3658 481 1266

398 535 754 606 κατηξίωται,
811 537 1128 590 καταλιπὼν
1162 537 1228 591 τὰ
1282 539 1478 605 πάντα,
1537 540 1631 593 καὶ
1683 541 1818 612 μηδὲ
1854 541 1982 608 περὶ

2094 553 2284 599 conatu
2315 559 2378 598 ac
2409 544 2601 598 sedulo
2633 541 2817 598 studio
2847 539 2914 594 ad
2945 537 3130 594 feedus
3177 534 3325 592 illico
3361 545 3661 604 pacemque

397 627 492 680 τοῖι
531 628 799 696 δόγματος
825 629 1015 682 τούτου
1038 629 1406 700 ποιησάμενος
1439 630 1596 698 λόγον
1634 633 1778 698 τινὰ,
1811 633 1978 706 [πάσῃ

401 721 606 789 σπουδῇ
644 719 739 772 καὶ
767 719 1043 791 προθυμίᾳ
1088 721 1224 791 πρὸς
1257 721 1354 790 τὴν
1405 723 1748 793 καταλλαγὴν
1785 723 1979 794 ἀθρόον

402 813 496 865 καὶ
517 811 616 881 τὴν
639 812 862 884 εἰρήνην
887 813 1150 884 ἐχώρησε.
1176 816 1284 869 Καὶ
1310 815 1639 887 παρατρέχω
1655 818 1722 870 τὰ
1749 819 1868 886 μετ’
1893 819 1977 872 αἱ·

402 903 526 966 δοῦς
571 904 668 956 καὶ
713 903 1056 973 σεϐάσματος
1088 906 1226 976 πρὸς
1261 907 1352 958 τὸν
1399 907 1658 976 τηνικάδε
1713 908 1980 979 πρόεδρον

401 990 498 1043 τοῦ
531 989 891 1046 ἀποστολικοῦ
932 993 1120 1063 θρόνου
1168 994 1475 1064 γράμματα
1518 995 1711 1048 τούτου
1760 998 1980 1062 καὶτὰς

405 1081 719 1147 ἐπιστολὰς,
755 1081 882 1134 ἔνθα
938 1083 1138 1153 πολλὴν
1168 1084 1360 1155 ἐκείνῳ
1410 1089 1849 1157 προσμαρτυρῶν
1880 1089 1980 1161 τὴν

408 1171 740 1243 ἁγιωσύνην,
779 1173 1016 1242 συνεχῶς
1066 1172 1323 1242 εὐχεσθαι
1365 1175 1458 1228 καὶ
1494 1177 1634 1246 ὑπὲρ
1671 1179 1832 1231 αὐτοῦ
1865 1179 1977 1232 δέε-

406 1277 518 1324 ται,
553 1261 733 1324 καθὼς
771 1267 884 1324 τοῖς
932 1265 1239 1332 φιλοπόνοις
1290 1265 1605 1336 ἐξήτασται.
1656 1267 1848 1322 Καίτοι
1877 1270 1979 1323 ποῦ

407 1350 617 1403 δίκαιον
676 1352 946 1405 συνελθεῖν
1006 1354 1316 1423 ἀνθρώποις
1366 1356 1528 1409 αὐτὸν
1585 1358 1643 1409 ὲν
1701 1359 1982 1421 εὐσεϐείας

410 1443 839 1512 προγσπταίουσιν
887 1445 1022 1508 ὅλως
1071 1446 1318 1517 δόγματι,
1377 1446 1450 1518 μὴ
1505 1447 1662 1501 τοῦτο
1719 1450 1982 1521 πρότερον

410 1534 874 1604 ἀποδαλλομένοις
910 1536 1093 1600 καλῶς
1125 1537 1218 1590 καὶ
1267 1539 1365 1608 τὴν
1407 1539 1616 1609 αἵρεσιν
1647 1539 1826 1594 αὐτῶν
1856 1541 1985 1596 ἀνα-

412 1625 738 1695 θεματίσασι
767 1643 783 1693 ;
813 1627 922 1681 Καὶ
964 1627 1072 1698 μὴν
1102 1628 1213 1682 οὐδ’
1242 1628 1352 1700 ἔχει
1375 1647 1460 1694 τις
1492 1629 1659 1696 δείξαι
1690 1633 1861 1686 πολλά
1887 1650 1984 1699 μο-

412 1719 590 1788 γήσας
620 1719 741 1772 κατ’
776 1719 1004 1790 ἔρευναν
1032 1721 1126 1774 καὶ
1158 1720 1372 1791 καμὼν,
1399 1723 1474 1786 ὡς
1518 1723 1800 1794 διόρθωσιν
1829 1719 1986 1789 οὗτός

412 1825 535 1862 τινα
561 1811 654 1864 τοῦ
687 1810 1004 1882 σφάλματος
1033 1813 1241 1866 ἐκεῖθεν
1267 1815 1572 1886 ἀπῄτησεν,
1595 1815 1717 1868 οὔτε
1743 1816 1983 1870 λίϐελλον

411 1901 614 1972 δηλαδὴ
643 1903 880 1968 πίστεως
909 1904 1187 1972 εὐσεϐοῦς,
1212 1905 1335 1958 οὐτε
1365 1907 1425 1960 τδ
1461 1907 1796 1978 βραχύτατον
1827 1909 2008 1980 ψιλὴν

413 1995 516 2049 κᾶν
553 1995 848 2066 ὑπόσχεσιν
875 2012 889 2029 ⁸
919 1999 1002 2052 ὅτι
1028 1999 1086 2053 δὲ
1131 2000 1300 2071 μόνην
1325 2001 1425 2072 τὴν
1455 2001 1797 2074 καταλλαγὴν
1831 2003 1990 2074 ἔσχεν

413 2087 618 2158 εὑρεῖν,
653 2089 1233 2164 ἀπολυπραγμονήτως
1273 2093 1436 2158 εὐθὺς
1469 2095 1673 2165 ταύτην
1719 2097 1990 2168 ἥρπασεν.

414 2179 572 2232 Οὐτω
617 2180 822 2245 Φὼτιος
851 2183 880 2236 6
933 2200 1029 2237 του
1068 2182 1287 2256 πρώτου
1333 2185 1630 2256 σχίσματος
1665 2187 1928 2258 ἀρχηγὸς,
1963 2189 1992 2242 ό

419 2273 628 2325 τούτων
660 2274 802 2328 κατὰ
855 2275 988 2328 πολὺ
1032 2277 1100 2330 τά
1128 2279 1185 2341 ἐς
1233 2277 1424 2347 λόγους
1472 2278 1802 2351 σοφώτερος,
1856 2281 1993 2352 πρὸς

419 2361 556 2431 ἔριν,
588 2365 650 2418 οὐ
678 2367 814 2436 πρὸς
851 2367 1108 2439 ἀλήθιιαν
1143 2368 1338 2424 οὔκουν
1372 2371 1736 2437 οὐδοπωσοῦν,
1769 2373 1993 2425 ἀντεῖπε

419 2455 618 2527 καὶτῷ
649 2458 830 2516 καλῶς
863 2460 1040 2530 ἔχοντι
1085 2461 1262 2530 τούτῳ
1297 2462 1549 2533 δόγματι.
1582 2464 1696 2533 Τῆς
1723 2463 1853 2533 γοῦν
1891 2481 1998 2517 τοι·

419 2547 588 2618 αὑτης
609 2549 793 2602 ἕνεκεν
819 2552 996 2614 αἰτίας
1023 2552 1113 2605 καὶ
1137 2555 1186 2607 οί
1217 2555 1336 2624 μετ’
1358 2555 1520 2609 αὐτὸν
1542 2556 1756 2627 χρόνοις
1778 2558 1994 2627 συχνοῖς

417 2634 585 2706 οὗτοι,
621 2641 748 2711 περ)⁸
799 2635 872 2696 ὧν
903 2643 1026 2712 ἀρτι
1077 2645 1281 2715 φαμὲν,
1313 2647 1411 2717 τὴν
1457 2647 1586 2718 μίαν
1630 2649 1994 2721 άποστολικὴν

421 2731 584 2800 ἁγίαν
619 2733 712 2787 καὶ
746 2734 1038 2806 καθολικὴν
1055 2737 1407 2809 ,Ἐκκλησίαν
1448 2739 1758 2812 διέρρηξαν,
1795 2741 1888 2794 καὶ
1917 2744 1999 2806 είς

421 2824 565 2893 μέρη
585 2827 771 2878 κατέτε
782 2843 900 2895 μον,
925 2827 1115 2895 λόγους
1145 2831 1388 2902 μακροὺς
1416 2831 1721 2899 ὲκθέμενοι,
1747 2833 1842 2886 καὶ
1866 2832 1996 2886 πολ-

421 2914 550 2978 λοὺς
575 2917 709 2985 μετὰ
735 2917 840 2969 τῶν
870 2918 1044 2974 ἄλλων
1076 2921 1279 2988 κακῶν,
1318 2923 1413 2976 καὶ
1437 2925 1579 2978 κατὰ
1601 2923 1696 2977 τοῦ
1727 2924 1995 2996 παρόντος

426 3008 563 3076 πρὸς
593 3007 872 3061 εὐσέϐείδιν
895 3009 1170 3080 ἀσφαλοῦς
1197 3012 1489 3083 δόγματος,
1531 3013 1611 3078 οἷς
1645 3016 1775 3079 ῖσως
1798 3015 1826 3067 6
1863 3017 1996 3080 Θεὸς

422 3098 517 3150 τοῦ
551 3099 898 3170 ἐγκλήματος
929 3103 1021 3154 καὶ
1057 3102 1275 3167 τούτοις
1304 3104 1585 3169 ἀποδιδοὺς
1615 3106 1718 3177 τῆς
1763 3107 1994 3173 ἀτοπίας

420 3191 731 3260 ἀνενεγκεῖν
757 3193 960 3262 ταύτης
996 3194 1192 3257 αὐτοὺς
1238 3195 1337 3249 οὐκ
1377 3196 1680 3269 ηὐδόκησεν
1705 3213 1718 3228 ’
1746 3199 1828 3252 ὅτι
1859 3199 1994 3271 μηδὲ

422 3283 750 3338 κλέπτεσθαι
799 3286 1057 3351 πολλάκις
1097 3289 1260 3358 φιλεῖ,
1294 3287 1396 3343 κᾶν
1427 3290 1478 3342 εί
1525 3289 1834 3363 καθέστηκε
1872 3292 1993 3347 λίαν

427 3378 824 3449 φιλάνθρωπος.
855 3382 929 3434 Οὐ
959 3383 1103 3451 λέγω
1144 3383 1201 3436 δὲ
1233 3383 1440 3448 πάντας
1471 3384 1597 3448 τοὺς
1618 3385 1756 3440 κατά
1782 3385 1874 3439 τδν
1901 3385 1995 3440 τοῦ

337 3493 341 3496 ·
423 3472 722 3542 σχίσματος
751 3474 910 3537 ὄντας
938 3474 1147 3545 καιρὸν,
1182 3475 1481 3547 ἐπειδήπερ
1519 3476 1642 3530 οὐδὲ
1671 3480 1997 3548 κατηγορεῖν

424 3565 642 3618 πάντων
671 3566 736 3638 δὴ
769 3566 976 3620 τούτων
1005 3567 1178 3634 ἄξιον.
1219 3567 1343 3621 Εἰσὶ
1365 3569 1473 3640 γάρ
1502 3585 1667 3636 τινες,
1697 3570 1855 3637 είσὶν,
1880 3568 1996 3638 οῖγε

420 3659 516 3710 τοῦ
546 3658 667 3711 κατ’
699 3659 897 3722 αὐτοὺς
931 3659 1135 3725 πάθους
1160 3660 1425 3732 ἀνώτεροι
1469 3661 1726 3731 φανέντες
1763 3665 1838 3726 ὡς
1867 3661 1999 3733 ἀλη.

417 3749 546 3812 θῶς,
585 3750 666 3820 τῷ
691 3750 916 3822 τοιούτῳ
947 3752 1178 3822 δόγματι
1213 3751 1576 3824 συνηγοροῦσι
1608 3752 1892 3824 κραταιῶς
1935 3755 1994 3807 ὲν

422 3839 698 3911 διαφόροις
729 3841 908 3895 αὐτῶν
955 3845 1403 3913 συγγράμμασιν,
1435 3844 1484 3896 oi
1533 3842 1633 3914 μὲν
1662 3842 1998 3914 ἀπερικαλύ-

419 3950 572 3996 πτως
599 3933 691 3986 καὶ
724 3933 974 4006 φανερῶς
1005 3935 1100 3989 ἆτε
1132 3935 1491 4006 τυγχάνοντες
1519 3935 1654 4000 ὅλως
1680 3935 1774 3989 τοῦ
1820 3935 1996 3990 Πνεύ·

423 4041 616 4094 ματος,
667 4025 716 4077 οί
766 4025 824 4078 δὲ
865 4026 1376 4094 συνεσκιασμένως,.
1411 4026 1589 4080 εἰπεῖν
1641 4026 1699 4081 δὲ
1752 4027 1992 4096 κάλλιον,

417 4117 797 4189 οἰκονομικῶς,
829 4114 918 4171 οἷα
962 4119 1057 4173 καὶ
1093 4119 1248 4173 αὐτοὶ
1276 4118 1449 4183 πάθος
1494 4116 1852 4189 ἀνθρώπινον,
1885 4119 1996 4173 δεισ-

418 4206 541 4263 λίαν
569 4209 734 4278 φημὶ,
780 4208 1102 4280 πάσχοντες.
1137 4210 1256 4263 Ἵνα
1298 4209 1358 4264 δὲ
1385 4209 1846 4280 παραδηλὼσαιμι
1891 4208 1996 4264 uti.

422 4316 506 4352 σιν
535 4302 666 4368 ἡμῖν
700 4299 794 4352 καὶ
835 4302 935 4367 τὴν
963 4299 1278 4369 οἰκονομίαν
1317 4301 1510 4372 αὐτὴν,
1541 4301 1600 4354 ὲν
1642 4303 1995 4372 προσχήματι

418 4391 668 4460 διαλόγου
698 4392 1165 4464 παῤῥησιάζονται
1207 4395 1420 4464 τρανῶς
1466 4394 1566 4465 τὴν
1594 4394 1870 4465 ἀλήθειαν,
1901 4395 1996 4460 οὓς

419 4484 763 4556 ἀμφοτέρους
796 4483 892 4536 ίδοι
917 4501 1001 4548 τις
1029 4484 1095 4538 ἂν
1123 4485 1188 4538 ὲκ
1217 4485 1327 4540 τῶν
1355 4483 1729 4538 θεοπνεύστων
1758 4485 1995 4556 Γραφῶν

2024 1889 2064 1944 Β

2020 3241 2064 3298 ο

2086 635 2353 690 cucurrit.
2394 635 2459 688 Et
2502 645 2766 705 pneterco
2799 648 2938 704 quas
2979 631 3069 686 ille
3117 635 3442 684 reverenter
3468 625 3661 681 admo-

2087 726 2216 779 dum
2263 725 2648 794 submissoque
2681 732 2794 778 tum
2830 721 2896 776 ad
2934 718 3248 792 apostolica:
3279 717 3424 773 sedis
3471 715 3664 786 prmi-

2085 817 2208 873 dem
2250 817 2509 886 epistolas
2537 816 2851 884 scriptaque
2884 812 3052 877 dedit,
3096 809 3192 864 ubi
3246 807 3474 863 multam
3511 807 3660 862 illius

2085 911 2430 966 sanctitatem
2485 915 2828 972 contestans,
2877 905 3038 961 ιιι-(ιε
3079 917 3145 958 eo
3180 915 3372 972 preces
3419 898 3662 955 cil‘uudat

2089 1002 2373 1065 continue,
2412 998 2703 1069 supplicat,
2738 996 2898 1052 sicuti
2927 995 2997 1051 ab
3024 992 3309 1050 industriis
3345 990 3664 1046 hominibus

2088 1087 2460 1142 examinatum
2511 1093 2612 1142 est.
2656 1083 2722 1140 Et
2765 1092 2950 1140 tamen
2992 1098 3103 1154 quo
3147 1082 3268 1154 jure
3317 1081 3409 1137 ille
3451 1089 3663 1152 poterat

2089 1194 2213 1236 Cum
2303 1177 2616 1234 hominibus
2697 1177 2752 1232 in
2827 1176 3052 1247 pietatis
3112 1176 3363 1245 degunate
3438 1190 3663 1243 prorsus

2089 1269 2480 1324 abcrrantibus
2518 1267 2834 1334 convenire,
2886 1267 2942 1321 ni
2991 1265 3144 1336 prius
3189 1265 3320 1318 illud
3368 1265 3536 1334 probe
3580 1279 3664 1318 re-

2087 1359 2374 1428 iecissent,
2419 1369 2476 1413 et
2507 1358 2761 1414 hmresim
2794 1357 3073 1428 propriam
3103 1356 3436 1410 anathemati
3479 1354 3666 1424 subje-

2089 1451 2340 1507 cissent?
2398 1460 2451 1507 et
2507 1451 2872 1506 nihilominus
2929 1449 3059 1505 licet
3103 1448 3375 1517 quispiam
3429 1447 3662 1501 multum

2086 1544 2415 1600 laboraverit
2465 1553 2516 1598 et
2565 1541 2929 1613 perquireudo
2976 1541 3326 1604 delassetur,
3387 1554 3663 1608 nunquam

2087 1636 2321 1706 reperiet
2366 1651 2490 1690 eum
2544 1635 2782 1705 aliquam
2839 1633 3044 1689 erroris
3091 1633 3494 1688 correctionem
3543 1630 3668 1684 inde

2087 1729 2502 1798 expostulasse,
2559 1741 2736 1798 neque
2792 1725 3034 1780 libellum
3091 1724 3194 1794 pire
3261 1723 3426 1785 ﬁdei,
3493 1737 3676 1792 neque

2090 1816 2237 1885 quod
2289 1817 2578 1871 minimum
2626 1826 2744 1870 erat
2795 1815 2997 1869 nudam
3050 1814 3126 1868 rei
3161 1813 3615 1883 pollicitationem
3649 1829 3673 1866 τ

2093 1908 2187 1964 sed
2246 1907 2363 1962 sola
2423 1905 2878 1962 reconciliatione
2945 1906 3212 1970 obtenta,
3294 1904 3435 1958 citra
3498 1902 3668 1956 ullum

2094 2013 2322 2053 examen
2373 1997 2557 2053 statim
2609 1997 2758 2051 illam
2805 1996 3061 2066 arripuit.
3115 1993 3207 2049 Sic
3249 1991 3671 2063 Photiusprimi

2094 2090 2408 2147 schismatis
2463 2099 2662 2145 auctor
2742 2088 2896 2144 hisce
2942 2087 3138 2152 multo,
3191 2086 3236 2141 si
3284 2083 3501 2140 dicendi
3555 2083 3665 2139 vim

2096 2183 2438 2247 consideres,
2489 2181 2818 2251 sapientior,
2854 2179 3206 2235 contentione
3247 2192 3310 2231 ac
3364 2176 3670 2240 simultate,

2096 2291 2204 2330 non
2241 2275 2494 2330 veritatis
2537 2289 2725 2330 amore
2782 2278 2896 2328 ullo
2940 2271 3125 2337 modo,
3173 2270 3311 2325 bene
3363 2283 3422 2324 se
3451 2267 3672 2322 habenti

2101 2365 2233 2420 huic
2262 2366 2508 2436 dogmati
2536 2364 2760 2421 restitit.
2807 2363 2964 2419 Hanc
3002 2361 3170 2433 igitur
3215 2363 3282 2416 ob
3327 2373 3552 2414 causam
3578 2358 3670 2426 qui

2094 2475 2220 2515 eum
2263 2457 2615 2530 postmodum
2664 2454 2948 2514 subsecuti
3008 2463 3140 2510 sunt
3187 2455 3393 2508 multos
3423 2462 3542 2522 post
3575 2466 3682 2505 an-

2097 2566 2224 2615 nos,
2279 2551 2347 2606 de
2405 2550 2607 2620 quibus
2660 2564 2812 2604 nune
2870 2547 3172 2618 loquimur,
3206 2561 3370 2600 uuam
3423 2552 3670 2599 sanctam

2097 2641 2426 2698 catholicam
2461 2651 2515 2697 ct
2559 2639 2918 2712 apostolicam
2965 2636 3268 2693 Ecclesiam
3305 2635 3681 2699 discidcrunt,.

2096 2743 2152 2791 et
2193 2734 2250 2790 in
2296 2741 2479 2804 partes
2515 2733 2948 2801 discerpserunt,
2979 2729 3193 2784 diilusis
3226 2727 3524 2801 multisque
3563 2740 3675 2796 prae

2097 2827 2219 2883 alis
2289 2825 2502 2890 'malis,
2586 2833 2778 2880 contra
2846 2832 3023 2878 tutum
3111 2821 3218 2876 hoc
3303 2832 3692 2888 securumque-

2095 2921 2294 2991 dognia
2327 2919 2652 2974 tractatibus
2695 2916 2882 2982 editis,
2914 2914 3116 2984 quibus
3163 2912 3396 2970 fortasse
3429 2911 3570 2966 Deus
3603 2911 3676 2966 ob

2097 3011 2206 3066 hoc
2261 3013 2471 3065 crimen
2530 3020 2734 3065 temere
2785 3017 3052 3063 tentatum
3120 3005 3430 3060 retribuens
3483 3018 3695 3074 poenas,

2099 3102 2344 3173 inﬂigere
2400 3117 2508 3157 non
2573 3101 2666 3157 diu
2721 3099 2967 3162 distulit;
3024 3113 3201 3168 neque
3248 3097 3392 3153 enim
3455 3097 3690 3166 culpam

2097 3195 2378 3252 remittere
2423 3195 2729 3265 saepissime
2781 3193 2943 3255 solet,
2991 3191 3121 3246 licet
3162 3189 3540 3261 pcrhumanus
3579 3189 3673 3244 sit.

2100 3286 2291 3358 Neque
2339 3287 2404 3342 de
2453 3286 2711 3340 omnibus
2751 3284 2974 3354 loquor,
3010 3283 3104 3353 qui
3162 3281 3480 3338 schismatis
3537 3289 3676 3336 tem-

2097 3393 2232 3448 pore
2259 3376 2513 3444 fuerunt,
2558 3391 2683 3432 cum
2716 3375 2824 3430 illis
2855 3376 3112 3430 omnibus
3143 3373 3350 3430 crimen
3380 3373 3675 3445 appingere

2097 3488 2282 3543 neque
2335 3472 2638 3539 decorum,
2698 3485 2877 3541 neque
2920 3470 3129 3538 justum
3181 3478 3285 3525 est.
3342 3469 3488 3524 Sunt
3528 3471 3674 3525 enim

2096 3565 2344 3636 quidam,
2397 3575 2527 3620 sunt
2557 3565 2740 3634 plane,
2774 3563 2866 3635 qui
2902 3562 3069 3619 simili
3121 3561 3318 3618 aﬂcctu
3361 3563 3688 3633 superiores

2096 3673 2260 3730 quam
2291 3657 2578 3714 verissime
2605 3655 2758 3722 facti,
2798 3655 2964 3726 hujus
2992 3655 3267 3726 dogmatis
3302 3655 3478 3711 valide
3509 3657 3684 3710 variis.

2098 3751 2217 3807 suis
2243 3749 2641 3820 scriptionibus
2672 3747 3044 3820 patrocinium
3083 3746 3412 3816 suscipiunt,
3451 3746 3676 3816 quidam

2095 3841 2276 3914 palam
2333 3851 2632 3912 aperteque
2687 3849 2954 3912 tanquam
3001 3840 3094 3910 qui
3159 3855 3392 3910 prorsus
3445 3839 3684 3910 Spiritui-

2097 3933 2456 4000 addicuntur,
2508 3933 2734 4005 quidam
2788 3932 3153 3997 subobscure,
3196 3932 3281 3987 vel
3342 3942 3401 3987 ut
3470 3933 3712 3987 clarius-

2097 4028 2300 4091 dicam,
2344 4026 2578 4098 tempori
2623 4041 2748 4083 sese
2779 4027 3032 4083 humanae
3070 4027 3197 4082 vitae
3237 4023 3534 4095 fragilitate
3582 4041 3678 4081 ac-

2097 4119 2534 4177 commodantes.
2573 4118 2648 4176 Ut
2672 4133 2804 4175 vero
2853 4117 3012 4174 vobis
3060 4118 3317 4174 omnibus
3346 4119 3521 4187 ipsam
3553 4132 3676 4173 sese

2097 4210 2549 4267 accommodandi
2606 4209 2841 4281 tempori
2897 4209 3168 4264 rationem
3226 4208 3511 4277 aperiam,
3569 4208 3674 4260 sub

2098 4303 2280 4372 specie
2310 4301 2512 4374 dialogi
2548 4302 2840 4374 perspicue
2867 4300 3153 4371 publicant
3183 4299 3498 4362 veritatem,
3532 4314 3674 4369 quos

2098 4403 2363 4464 utrosque
2399 4393 2673 4464 quispiam
2714 4407 2779 4446 ex
2811 4391 3072 4446 divinitus
3107 4390 3390 4460 iuspiratis
3431 4388 3678 4455 Scriptu-

2096 4487 2176 4543 ris
2234 4486 2342 4540 hoc
2399 4486 2595 4554 dogma
2665 4484 3116 4540 demonstrantes
3172 4489 3228 4536 et
3280 4479 3674 4534 continuantes

416 4575 871 4639 ἀποδεικνύοντας
912 4575 1044 4629 αὐτὸ
1079 4577 1139 4629 τὸ
1175 4576 1354 4644 δόγμα
1402 4578 1498 4631 καὶ
1546 4576 1986 4640 συνιστάνοντας.

2097 4579 2469 4648 conspexerit.
2504 4578 2608 4644 Qui
2637 4591 2768 4631 vero
2804 4591 2870 4631 ex
2904 4575 3206 4631 schismate
3229 4582 3360 4629 sunt
3396 4573 3681 4628 contraria
3738 4591 3744 4601 ο

415 4668 478 4720 Oi
513 4667 568 4721 δέ
617 4685 680 4733 γε
711 4667 805 4721 τοῦ
861 4668 1162 4738 σχίσματος
1216 4668 1525 4723 τούναντίον
1568 4669 1990 4740 διαπράττονται

397 4761 546 4825 -πᾶν,
577 4763 640 4812 ἐκ
683 4761 782 4829 τῆς
837 4757 1044 4822 κοιλίας
1089 4758 1267 4812 αὐτῶν
1295 4759 1393 4823 τὰς
1429 4760 1736 4829 ἀντιλογίας
1785 4761 1993 4832 προφέ-

417 4868 624 4920 ρουσιν,
660 4851 867 4913 οἰκείας
892 4849 1218 4913 πλάττοντες
1246 4850 1339 4903 ἐπὶ
1363 4849 1464 4920 τῆς
1488 4851 1767 4920 θεολογίας
1793 4853 1987 4924 ἀρχὰς,

416 4947 525 4997 κὰκ
555 4944 758 4996 τούτων
808 4944 888 5005 είς
917 4942 1093 4997 ἄτοπα
1123 4941 1296 4996 πολλά
1341 4942 1432 4996 τὸν
1474 4943 1630 5010 λόγον
1663 4945 1990 5014 ἀπάγοντες.

417 5035 539 5096 Τοῖς
572 5032 831 5094 τοιούτοις
867 5030 1160 5103 τοιγαροῦν
1190 5029 1530 5102 προσέξομεν
1558 5032 1720 5102 ἡμεῖς
1767 5033 1990 5104 ἐρευγο-

417 5128 601 5195 μένοις
637 5125 730 5194 ἀφ’
768 5125 1000 5188 ἑαυτῶν,
1032 5123 1297 5191 παρέντες
1340 5123 1464 5184 τοὺς
1498 5124 1711 5186 κοινοὺς
1743 5124 1989 5192 Πατέρας

413 5215 446 5282 ἡ
459 5212 574 5282 μῶν
607 5213 734 5275 τοὺς
763 5211 1171 5282 φθεγγομένους
1206 5210 1347 5280 μετὰ
1377 5209 1471 5264 τοῦ
1502 5212 1854 5283 Πνεύματος;
1895 5215 1986 5284 Μὴ

415 5303 548 5371 πρὸς
575 5302 675 5373 τῆς
704 5301 937 5365 ἐλπίδος,
968 5302 1035 5371 ῆν
1074 5301 1388 5371 ἐλπίζομεν,
1434 5300 1693 5368 δυσωπῶ,
1723 5303 1860 5372 πρὸς
1888 5303 1987 5373 τῆς

413 5393 666 5464 Τριάδος,
714 5393 774 5444 τὸ
810 5392 1066 5463 μέγιστον
1115 5385 1547 5464 ᾗλατρεύομεν·
1603 5394 1679 5465 μὴ
1716 5394 1847 5466 περὶ
1889 5395 1988 5467 τὴν

413 5485 610 5556 εὐχερῆ
650 5483 854 5554 ταύτην
885 5481 1143 5554 ὲπιλογὴν
1176 5483 1318 5536 οὕτω
1357 5481 1646 5553 γενώμεθα
1680 5487 1839 5538 κακοὶ
1873 5485 1991 5540 δια-

412 5580 715 5650 γνώμονες,
746 5580 820 5644 ὼς
845 5580 1134 5651 προκρῖναι
1163 5579 1290 5642 τοὺς
1312 5581 1565 5650 γηγενεῖς
1594 5581 1700 5632 τῶν
1732 5580 1990 5652 ἄντικρυς

412 5673 678 5742 οὐρανίων
711 5671 942 5743 ἀνδρῶν,
975 5671 1070 5725 καὶ
1095 5671 1204 5726 τῶν
1236 5671 1370 5726 νόων
1399 5673 1721 5744 αὐτόχρημα
1746 5672 1870 5736 τοὺς
1903 5675 1998 5726 λο-

414 5764 734 5832 γιζομένους
783 5765 902 5815 κατ’
938 5763 1245 5834 ἄνθρωπον.
1292 5765 1480 5834 Δῶμεν
1527 5765 1655 5818 ποτὲ
1689 5763 1986 5835 προθύμως

415 5857 508 5918 τὰς
559 5857 724 5918 ἀκοὰς
765 5859 880 5919 ταῖς
922 5856 1024 5910 τῶν
1075 5857 1242 5928 ἁγίων
1294 5859 1463 5929 ἱεραῖς
1499 5859 1751 5929 κρήσεσι.
1788 5859 1853 5912 Τί
1893 5860 1986 5914 καὶ

2103 4683 2322 4726 summo
2361 4669 2497 4724 nixu
2533 4667 2860 4732 moliuntur,
2891 4680 2956 4721 ex
2989 4675 3179 4720 ventre
3205 4663 3675 4719 contradictiones

2101 4760 2412 4826 ai'ierentes,
2455 4760 2683 4831 propria
2721 4759 2776 4814 in
2823 4758 2990 4814 rebus
3039 4755 3367 4827 theOIOgicis
3407 4755 3678 4826 principia

2101 4852 2502 4924 contingentes,
2535 4869 2597 4908 ex
2626 4851 2830 4921 quibus
2877 4851 2928 4904 in
2963 4850 3203 4906 absurda
3240 4861 3678 4910 Innutneralora-

2103 4945 2307 5001 tionem
2339 4944 2651 5014 impellunt.
2687 4942 2846 4997 Hisce
2884 4942 3054 5013 igitur
3082 4955 3184 4996 nos
3218 4941 3460 4995 animum
3485 4939 3678 4992 adver-

2097 5048 2275 5094 temus
2301 5035 2394 5106 qui
2425 5051 2490 5090 ex
2522 5035 2774 5104 propriis.
2815 5035 3017 5089 similia
3061 5042 3337 5098 eructant,
3370 5028 3680 5086 communi-

2101 5129 2204 5184 bus
2253 5126 2459 5182 nostris
2511 5126 2796 5194 Patribus,
2829 5127 3081 5196 quicum
3131 5124 3342 5195 Spiritu
3375 5123 3678 5192 loquuntur

2099 5219 2399 5292 neglectis?
2451 5217 2530 5273 Ne
2565 5235 2660 5290 per
2707 5235 2883 5289 Spem,
2921 5234 3086 5290 quam
3136 5231 3446 5287 speramus,
3484 5229 3673 5280 exoro,

2097 5327 2192 5382 per
2220 5309 2637 5382 Triadem-erga
2680 5326 2846 5380 quam
2876 5307 3232 5379 potissimum
3266 5318 3456 5361 noster
3489 5307 3684 5360 cultus.

2095 5411 2215 5467 est;
2261 5417 2327 5456 ne
2377 5401 2522 5456 circa
2557 5399 2774 5455 facilem
2839 5400 2985 5454 hunc
3014 5397 3307 5463 delectum,
3344 5397 3480 5451 adeo
3511 5396 3673 5448 noxia

2097 5493 2490 5564 dijudicemus,
2536 5503 2594 5548 ut
2629 5493 2932 5562 terrigenas
2974 5505 3102 5546 vere
3134 5489 3454 5545 coelestibus
3489 5489 3672 5543 homi-

2098 5586 2281 5653 nibus,
2317 5595 2369 5641 et
2401 5585 2645 5639 humano
2677 5598 2830 5638 more
2874 5582 3268 5638 ratiocinantes
3300 5581 3446 5637 veris
3474 5580 3699 5635 iutelii--

2098 5677 2300 5748 gentiis
2352 5691 2762 5748 praeponamus.
2841 5675 3044 5730 Demus
3096 5672 3316 5729 tandem
3375 5674 3687 5744 aliquando

2098 5770 2266 5825 alacri
2300 5771 2482 5824 animo
2516 5784 2674 5822 aures
2711 5767 2885 5823 sacris
2913 5775 3234 5821 sanctorum
3274 5765 3462 5821 dictis.
3503 5763 3671 5832 Quid,

2098 5861 2253 5932 quasi
2294 5860 2467 5932 ipsam
2519 5859 2854 5916 audientiam
2910 5873 3256 5931 respuamus,
3307 5859 3519 5914 vultum
3573 5858 3668 5913 ob.-
