4072 6394
444 387 581 456 1271

1487 400 1999 464 CONSTANTINI
2039 398 2594 463 MELITENIOTIE

3581 396 3721 465 ῙΞἹΞ

440 511 646 575 Quodsi
682 509 733 564 id
763 511 1028 579 abnuitis,
1065 527 1214 569 nunc
1245 529 1442 571 omnes
1471 514 1567 571 Dei
1598 516 1821 587 angelos
1845 514 2017 572 vestri

2143 516 2444 588 ,μορρόνως
2480 516 2574 571 τδν
2606 517 2832 589 Κύριον.
2866 517 2929 570 El.
2960 518 3017 571 δὲ
3056 518 3154 588 μὴ,
3187 518 3585 587 μαρτυρόμεθα
3619 519 3722 571 νῦν

443 619 632 658 rurant
684 614 937 673 gerentes
983 604 1036 660 in
1089 606 1464 663 testimonium
1516 611 1744 675 advoco,
1789 617 1846 664 et
1896 617 2025 663 ante

441 708 536 745 eos
596 692 773 763 ipsum
839 694 1132 751 Dominum
1197 707 1493 765 nostrum,
1558 701 1650 767 qui
1715 699 1768 753 in
1824 697 2024 753 Triade

442 799 468 835 r
506 784 695 854 ligiose
725 786 926 841 colitur
947 828 962 854 ,
1008 802 1108 841 nos
1138 796 1403 857 quantum
1438 790 1495 844 in
1527 790 1684 846 nobis
1714 799 1818 855 est,
1866 770 2028 843 inno-

442 884 629 930 centes
670 891 817 939 esse,
854 881 1001 948 quod
1056 880 1299 935 debitum
1332 881 1691 937 exsolvimus.
1740 881 1867 936 Haec
1900 888 2026 951 post

444 969 614 1021 lleum
667 969 777 1025 illis
826 971 1116 1037 edicimus,
1160 973 1368 1042 quibus
1411 973 1593 1029 adhuc
1635 974 1759 1027 vitae
1813 973 2024 1043 aliquid

442 1067 742 1129 superest:
795 1062 950 1117 vobis
984 1101 1002 1128 ,
1060 1064 1330 1132 inquam,
1379 1064 1475 1134 qui
1535 1063 1825 1120 aﬂectibus
1879 1064 2024 1120 haud

443 1153 671 1207 obnoxii
723 1154 781 1208 in
850 1155 1113 1210 similium
1177 1158 1684 1227 eonquirendorum
1751 1158 2025 1213 sententia

445 1245 719 1302 lsrmiores
757 1248 892 1302 estis
920 1291 934 1312 ,
994 1251 1438 1320 quandoquidem
1484 1249 1686 1320 quibus
1734 1249 2025 1305 eharitatis

444 1340 647 1392 [unum
696 1339 927 1393 omnino
984 1340 1278 1410 refriguit,
1335 1348 1390 1394 et
1455 1341 1543 1407 qui
1605 1340 1678 1395 ob
1728 1353 1857 1409 erga
1923 1353 2026 1394 nos

446 1430 853 1499 improbitatem
889 1431 1089 1485 mortui
1140 1441 1291 1495 sunt,
1322 1430 1390 1485 ad
1430 1430 1532 1484 hos
1569 1443 1821 1500 quaenam
1858 1428 2025 1484 verba

448 1521 769 1591 usurpanda
820 1523 1092 1587 venerint,
1132 1537 1255 1592 quas
1303 1520 1557 1590 consilia,
1621 1535 1745 1593 quae
1791 1522 2023 1589 monita,

446 1628 683 1682 quorum
743 1613 1078 1669 resurrectio
1118 1622 1173 1668 et
1202 1613 1474 1669 correctio
1514 1614 1675 1684 plane
1717 1612 1892 1668 solius
1926 1610 2022 1667 Dei

446 1706 644 1761 fuerit?
695 1715 751 1761 et
790 1714 1106 1762 nostrarum
1156 1707 1223 1759 ad
1260 1703 1430 1760 Deum
1462 1719 1685 1777 precum
1728 1701 2025 1774 perfectio-

446 1817 570 1857 t'um
599 1811 655 1857 ct
681 1801 1085 1858 absolutiorum
1115 1815 1279 1872 opus.

518 1979 610 2034 42.
653 1977 759 2034 Sed
795 1991 918 2033 cum
950 1976 1063 2047 iam
1110 1976 1327 2031 animus
1356 1975 1449 2040 sit,
1500 1974 1554 2030 in
1605 1974 1714 2030 line
1742 1978 1810 2031 de
1864 1973 2031 2031 rebus

447 2072 651 2128 nostris
703 2071 921 2126 laudem
970 2079 1026 2124 et
1074 2068 1378 2140 gratiarum
1429 2068 1705 2123 actionem
1753 2066 2028 2123 bonorum

447 2161 629 2218 datori
656 2160 1018 2232 largitorique
1042 2159 1268 2225 referre,
1303 2160 1467 2230 gestit
1491 2159 1820 2228 subsilitque
1850 2158 2031 2215 eﬂ'un-

444 2255 705 2326 diturque
763 2252 930 2309 latius
981 2252 1203 2318 oratio,
1264 2260 1318 2306 et
1378 2251 1433 2306 in
1490 2250 1601 2317 iis,
1643 2265 1766 2320 quae
1817 2251 1872 2305 in
1927 2265 2030 2306 nos

449 2348 772 2402 admiranda
817 2354 1080 2417 operatus
1136 2352 1242 2411 est,
1301 2342 1584 2399 immorari
1640 2351 1885 2414 exoptat;
1934 2343 2031 2399 sed

444 2442 568 2496 vice
604 2456 759 2495 tersa
805 2454 930 2495 cum
977 2435 1326 2492 tractationis
1377 2435 1757 2507 propositique
1808 2450 1899 2491 res
1943 2435 2029 2489 in-

450 2541 613 2589 tenta:
640 2531 803 2587 tinem
832 2529 1151 2597 habuerint,
1181 2529 1237 2584 id
1278 2528 1332 2583 in
1366 2510 1622 2598 praesenti
1658 2542 1766 2582 non
1799 2527 2032 2598 permit-

447 2634 593 2690 tunt,
644 2624 789 2695 quod
835 2621 932 2679 Dei
979 2623 1034 2678 in
1094 2636 1195 2678 nos
1252 2620 1576 2677 admiranda
1631 2619 1885 2691 praesenti
1930 2620 2034 2675 hoc

448 2726 715 2788 tantoque
746 2725 1074 2789 argumento
1126 2729 1319 2772 revera
1353 2713 1642 2771 dill'usiora
1688 2721 1839 2769 sunt.
1890 2712 2032 2769 Hinc

371 2839 381 2849 -
448 2829 579 2885 erga
607 2813 815 2883 ipsum,
849 2822 910 2869 ut
941 2813 1028 2868 vel
1062 2813 1242 2868 solum
1279 2812 1451 2868 animi
1477 2811 1656 2867 nostri
1688 2809 2025 2868 desiderium

452 2906 814 2981 explicemus,
860 2905 914 2960 id
957 2905 1282 2962 conﬁtentes
1335 2904 1673 2975 aientesque,
1724 2896 2032 2960 orationem

448 3000 506 3055 in
552 2999 1011 3070 supplicationem
1077 2999 1430 3056 addecentem
1473 2999 1541 3056 ad
1592 2999 1900 3055 satietatem
1952 2998 2035 3052 vi-

449 3094 674 3150 tandam
724 3093 1001 3157 liniemus,
1055 3103 1116 3149 ut
1169 3094 1332 3163 paulo
1363 3101 1489 3149 ante
1537 3092 1918 3164 promisimus.
1967 3090 2037 3149 Ut

450 3199 602 3249 vero,
652 3185 730 3239 uti
782 3201 880 3255 par
931 3195 1036 3255 est,
1091 3193 1147 3240 et
1196 3199 1299 3240 nos
1343 3180 1629 3250 debemus,
1661 3183 2030 3239 laudationem
2063 3223 2110 3283 α

450 3277 731 3343 exordiar,
766 3277 911 3333 sacri
940 3278 1186 3334 cantoris
1228 3276 1454 3332 Davidis
1479 3292 1646 3347 quam
1676 3276 2033 3346 opportunis-

451 3369 594 3424 sime
621 3383 789 3423 voces
831 3376 1118 3423 mutuatus
1166 3383 1276 3423 non
1313 3367 1549 3423 absimili
1587 3367 1657 3423 ab
1694 3381 1760 3423 eo
1809 3377 2034 3437 stupore

453 3461 522 3514 ad
542 3452 891 3514 Alti’ssimum
923 3469 1179 3514 contenta
1201 3472 1334 3529 vhoce
1363 3458 1544 3513 clamo
1570 3475 1584 3513 :
1622 3457 1798 3522 Quam
1828 3457 2036 3528 magni-

452 3554 617 3622 ﬁcata
648 3546 768 3605 sunt
802 3567 966 3620 opera
1011 3560 1131 3617 tua,
1168 3548 1437 3604 Domine!
1475 3550 1653 3613 omnia
1677 3552 1731 3605 in
1767 3549 2033 3619 sapientia

452 3643 630 3713 [ccirti
653 3640 740 3711 ⁹³;
775 3658 882 3697 non
914 3642 1260 3697 solummodo
1301 3657 1426 3714 qua:
1474 3641 1526 3696 itt
1557 3642 1831 3712 principio
1855 3656 1921 3697 ex
1968 3655 2037 3697 eo

453 3735 603 3808 quod
638 3751 749 3790 non
795 3744 934 3801 erat,
971 3734 1036 3790 ad
1076 3733 1128 3789 id
1171 3734 1316 3805 quod
1362 3743 1502 3799 erat,
1547 3733 1881 3804 produxisti,
1935 3732 2034 3789 sed

453 3847 577 3901 qua:
627 3830 793 3884 etiam
838 3829 1008 3884 certis
1057 3827 1398 3897 diversisque
1440 3826 1782 3897 temporibus
1832 3827 1888 3882 in
1929 3827 2035 3881 hu-

453 3939 615 3978 mana
650 3922 942 3977 commoda
975 3920 1286 3988 ahsolvisti,
1325 3919 1404 3974 uti
1435 3935 1495 3976 se
1518 3920 1684 3977 habet
1711 3928 1766 3975 et
1795 3934 2038 3990 praesens

453 4030 580 4085 erga
629 4029 729 4069 nos
760 4028 924 4083 opus,
956 4012 1101 4091 quod
1141 4021 1196 4067 et
1243 4013 1544 4067 maximum
1577 4022 1632 4067 et
1667 4012 1722 4067 in
1768 4011 2038 4081 sapientia

454 4106 756 4177 perfer-isti.
786 4104 925 4160 Cum
968 4105 1115 4161 enim
1150 4120 1260 4160 non
1305 4112 1457 4160 esset
1496 4118 1675 4175 neque
1722 4102 2041 4158 miserentis

456 4213 637 4268 neque
683 4198 736 4251 in
771 4194 1074 4253 humanum
1105 4212 1275 4267 genus
1321 4195 1743 4267 pr0pensissimi
1787 4193 1907 4260 Dei,
1943 4192 2038 4263 qtti

456 4289 571 4344 sola
608 4306 706 4345 sua
736 4290 984 4345 bonitate
1009 4304 1181 4359 genus
1215 4298 1467 4344 nostrum
1491 4287 1563 4342 ab
1594 4287 1748 4341 initio
1773 4285 2040 4351 condidit,

458 4395 608 4439 tuam
644 4382 698 4437 in
745 4381 905 4438 ﬁnem
952 4382 1255 4438 Ecclesiam
1297 4381 1583 4437 discissam
1638 4388 1693 4433 et
1736 4377 2043 4434 miserrime

460 4470 804 4531 laborantem
864 4475 1286 4544 praetermittere
1359 4487 1424 4526 ac
1479 4472 1797 4541 negligere,
1870 4484 2038 4539 quam

2128 609 2341 672 πάντας
2375 609 2502 672 τοὺς
2541 608 3014 679 προστατεύοντας
3048 609 3206 680 ήμῶν
3255 609 3523 676 ἀγγέλους
3556 610 3721 672 Θεοῦ,

2127 701 2223 753 καὶ
2252 700 2358 770 πρὸ
2405 701 2613 755 τούτων
2648 701 2812 756 αὐτὸν
2860 701 2952 755 τὸν
3000 700 3285 771 Δεσπότην
3311 702 3496 755 αὐτῶν
3539 702 3633 755 τὸν
3662 705 3725 755 ὲν

2126 794 2321 865 Τριάδι
2374 795 2586 859 σεπτῶς
2642 794 3145 866 προσκυνούμενον,
3200 794 3278 857 ώς
3320 795 3492 848 ἁθῶοι
3542 794 3605 848 τὸ
3636 797 3725 858 είς

2127 885 2274 954 ὑμᾶς
2309 884 2477 957 μέρος
2506 885 2693 956 ἡμεῖς,
2731 885 2855 939 ἀνθ’
2876 880 3064 956 ὦνπερ
3101 886 3202 955 τὴν
3246 885 3474 955 ὀφειλὴν
3508 884 3727 954 πεπληο

2128 978 2410 1050 ρώκαμεν.
2461 979 2649 1033 Ταῦτα
2683 979 2824 1050 μετὰ
2873 979 3009 1033 Θεὸν
3047 980 3184 1050 πρὸς
3217 982 3464 1041 ἐκείνους
3511 979 3724 1048 φαμὲν,

2128 1071 2261 1140 παρ’
2290 1064 2370 1134 οἷς
2396 1086 2448 1122 τι
2477 1071 2571 1124 καὶ
2597 1069 2830 1135 ζωτικὸν
2880 1072 3263 1140 ὑποφαίνεται,
3301 1070 3362 1124 τδ
3399 1071 3534 1139 πρὸς
3570 1072 3728 1139 ἡμᾶς

2125 1161 2270 1229 λέγω
2298 1162 2425 1224 τοὺς
2476 1162 2825 1230 ὑγιαίνοντας
2853 1163 3028 1225 οὕτως
3075 1163 3458 1233 ἁπροσπαθὲς,
3492 1163 3592 1215 καὶ
3622 1162 3727 1234 τὴν

2127 1252 2377 1306 ἐντεῦθεν
2407 1255 2765 1326 ὲρευνητικὴν
2790 1255 2901 1308 τῶν
2935 1256 3194 1308 τοιούτων
3224 1256 3487 1308 διάνοιαν.
3530 1253 3724 1306 Ἐπεί-

2128 1362 2230 1417 περ
2262 1341 2344 1410 οἷς
2375 1348 2437 1399 τὸ
2471 1349 2571 1417 τῆς
2595 1348 2819 1421 ἀγάπης
2848 1347 3159 1420 ὁλοσχερῶς
3195 1348 3372 1418 ὲψύγη
3404 1346 3593 1409 καλὸν,
3626 1347 3725 1398 καὶ

2126 1437 2242 1506 οἶγε
2268 1439 2585 1494 παντάπασι
2614 1441 2682 1511 τῇ
2731 1439 2862 1494 καθ’
2891 1440 3053 1511 ήμῶν
3096 1438 3268 1511 κακίᾳ
3320 1438 3723 1507 νενέκρωνται,

2126 1526 2264 1598 πρὸς
2291 1527 2515 1592 τούτους
2574 1529 2774 1592 αὐτοὺς
2809 1528 2973 1583 τίνων
3025 1529 3108 1582 δεῖ
3161 1528 3430 1600 ῥημάτων
3482 1524 3721 1588 durati)“

2127 1620 2288 1684 ποίας
2322 1620 2380 1674 δὲ
2412 1620 2726 1691 συμϐουλῆς
2750 1626 2812 1673 τε
2837 1620 2932 1673 καὶ
2965 1620 3365 1692 παραινέσεως,
3395 1615 3490 1679 οὓς
3519 1615 3724 1685 μόνους

2128 1708 2317 1781 σαφῶς
2343 1713 2556 1782 πέφυκε
2584 1712 2678 1765 τοῦ
2708 1711 2845 1766 Θεοῦ
2882 1710 3245 1782 διαναστήσαι
3275 1710 3371 1764 καὶ
3408 1707 3731 1777 διορθώσαο

2131 1805 2256 1860 σθαι
2284 1822 2303 1874 ;
2329 1807 2391 1860 τὸ
2413 1806 2471 1860 δὲ
2506 1806 2725 1870 πάντως
2757 1806 2925 1878 εὐχῆς
2957 1803 3121 1877 ἔργον
3165 1806 3303 1877 ήμῖν
3329 1804 3430 1872 τῆς
3454 1800 3730 1855 τελεωτέ-

2135 1914 2235 1968 ρας
2263 1899 2360 1951 καὶ
2402 1898 2673 1969 μείζονος.

2205 1986 2318 2060 μβ’.
2365 1989 2506 2043 Ἀλλ’
2544 1990 2645 2062 ἤδη
2696 1990 3006 2062 βουλομένῳ
3047 2006 3139 2061 μοι
3184 1989 3281 2044 καὶ
3309 1988 3390 2058 τῷ
3441 1986 3587 2041 τέλει
3621 1986 3738 2056 τὴν

2133 2079 2274 2153 ὑπὲρ
2314 2081 2473 2153 ήμῶν
2506 2081 2715 2136 αῐνεσιν
2745 2080 2842 2137 καὶ
2891 2081 3253 2153 εὐχαριστίαν
3302 2077 3732 2150 ἀφοσιώσασθαι

2130 2170 2210 2243 τῷ
2244 2171 2469 2245 χορηγῷ
2495 2174 2591 2227 καὶ
2615 2172 2803 2243 δοτῆρι
2831 2173 2941 2227 τῶν
2985 2172 3234 2242 ἀγαθῶν,
3268 2170 3410 2225 ῐεται
3444 2172 3542 2223 καὶ
3574 2169 3732 2240 πηδᾷ

2134 2263 2417 2317 κάνταῦθα
2453 2264 2593 2335 πρὸς
2653 2264 2972 2335 πλατυσμδν
3024 2265 3054 2316 ὁ
3098 2263 3279 2333 λόγος,
3332 2265 3429 2316 καὶ
3479 2264 3597 2325 τοῖς
3643 2262 3730 2324 είς

2133 2355 2283 2428 ἡμᾶς
2314 2354 2409 2408 νῦν
2439 2356 2832 2427 γεγενημένοις
2865 2356 2957 2408 ὑπ’
2994 2354 3163 2409 αὑτοῦ
3198 2354 3526 2424 θαυμασίοις
3556 2354 3730 2422 ἐμφι-

2134 2446 2393 2518 λοχωρεῖν
2437 2447 2877 2518 προτεθύμηται.
2914 2447 3084 2501 Πάλιν
3118 2447 3175 2500 δὲ
3207 2445 3277 2499 τὰ
3324 2446 3427 2514 τῆς
3455 2460 3731 2515 πραγμα-

2133 2540 2283 2602 τείας
2316 2540 2412 2592 καλ⁸
2460 2538 2557 2592 τοῦ
2609 2539 2817 2594 σκοποῦ
2852 2540 3029 2608 πέρας
3071 2538 3266 2609 ἔχοντα
3312 2537 3376 2590 τδ
3422 2537 3598 2604 παρὸν
3627 2535 3733 2588 οὐκ

2134 2631 2373 2702 ἀνίησιν,
2424 2632 2505 2685 ὃτι
2538 2632 2633 2685 καὶ
2667 2632 2983 2703 μακρότερα
3030 2631 3102 2684 τὰ
3152 2630 3262 2683 τῶν
3303 2630 3564 2683 τοιούτων
3594 2630 3734 2700 ἡμῖν

2134 2728 2437 2800 τεραστίων
2464 2727 2599 2782 Θεοῦ
2633 2716 2749 2797 τῆς
2775 2727 3059 2799 παρούσης
3097 2727 3409 2796 καθέστηκε
3456 2723 3734 2792 τοσαύτης

2135 2819 2211 2882 ώς
2259 2818 2476 2889 ἀληθῶς
2505 2818 2833 2882 ὑποθέσεως.
2872 2819 3065 2872 Ἔνθεν
3114 2834 3196 2872 τοι
3238 2817 3376 2888 πρδς
3408 2816 3573 2871 αὐτὸν
3600 2816 3739 2869 ὅσον
3834 2842 3851 2859 κ

2136 2909 2477 2977 ἐνδείξασθαι
2521 2910 2615 2965 καὶ
2657 2910 2820 2981 μόνον
2863 2912 2966 2982 τὴν
3010 2911 3272 2981 πρόθεσιν
3314 2911 3416 2979 τῆς
3446 2908 3738 2980 ήμετέρας

2135 3001 2314 3073 ψυχῆς
2349 3001 2935 3074 ἀνθομολογησάμενος
2971 3002 3066 3055 καὶ
3094 3001 3289 3066 εἰπὼν,
3333 3002 3429 3054 τὸν
3457 2994 3618 3068 λόγον
3650 3001 3738 3063 εἰς

2138 3095 2307 3169 εὐχὴν
2333 3094 2441 3148 τῶν
2471 3094 2787 3166 ἀνηκόντων
2815 3094 2904 3148 διὰ
2931 3095 2992 3148 τὸ
3019 3093 3326 3165 προσκορὲς
3357 3091 3737 3156 καταπαύσω,

2141 3186 2324 3251 καθὼς
2353 3188 2422 3242 τὰ
2447 3186 2549 3257 τῆς
2574 3187 2925 3256 ὑποσχέσεως
2954 3185 3067 3257 ἔχει
3110 3185 3310 3256 μικρὸν
3342 3184 3573 3238 ἄνωθεν.
3607 3184 3739 3238 Ἵνα

2141 3280 2200 3334 δὲ
2231 3279 2552 3348 πρεπόντως
2578 3278 2671 3332 καὶ
2698 3278 2773 3339 ώς
2801 3276 2979 3350 χρεὼν
3003 3277 3102 3348 τῆς
3127 3274 3440 3344 δοξολογίας
3467 3275 3740 3346 ἀπάρξω-

2144 3387 2265 3442 μαι,
2284 3369 2377 3422 τοῦ
2406 3369 2723 3440 ἱεροψάλτου
2745 3368 3134 3438 δανεισάμενος
3157 3365 3322 3420 Δαυῒδ
3341 3365 3739 3436 ἁρμοδιώτατα

2140 3459 2241 3532 τὴν
2278 3459 2463 3531 φωνὴν
2497 3459 2636 3531 μετὰ
2668 3461 2768 3529 τῆς
2793 3459 3002 3513 ἐκείνου
3027 3458 3165 3529 πρὸς
3195 3458 3287 3512 τὸν
3317 3457 3588 3527 ’Ὕψιστον
3621 3456 3738 3527 βοῶ

2140 3552 2478 3625 διαπρυσίως
2508 3551 2826 3621 ἐκπλήξεως
2846 3565 2862 3582 ⁸
2894 3569 2912 3602 ι
2961 3550 3059 3616 Ὠς
3079 3551 3459 3620 ἐμεγαλύνθη
3488 3547 3561 3601 τὰ
3590 3549 3741 3618 ἔργα

2142 3660 2282 3708 σου,
2320 3644 2518 3713 Κύριε.
2550 3644 2756 3698 Πάντα
2783 3643 2854 3697 ἐν
2878 3644 3069 3712 σοφίᾳ
3096 3642 3417 3714 ἐποίησας,
3456 3660 3476 3694 ι
3507 3641 3608 3712 οὐχ
3634 3643 3741 3696 ὅσα

2142 3737 2347 3809 δηλαδὴ
2388 3737 2551 3808 μόνον
2576 3737 2858 3810 καταρχὰς
2886 3737 2951 3789 ὲκ
2971 3735 3065 3790 τοῦ
3102 3737 3178 3807 μὴ
3210 3735 3363 3798 ὄντος
3391 3736 3472 3798 εἰς
3495 3735 3558 3787 τὸ
3590 3729 3740 3789 εἶναι

2146 3830 2475 3902 παρήγαγες
2520 3827 2955 3900 δημιουργικῶς,
2996 3826 3134 3880 ἀλλὰ
3177 3826 3275 3879 καὶ
3305 3825 3405 3878 ὅσα
3441 3825 3582 3878 κατὰ
3610 3840 3742 3876 και-

2150 3926 2277 3996 ροὺς
2308 3924 2601 3993 διαφόρους
2633 3921 2727 3976 τοῦ
2758 3923 2868 3976 τῶν
2904 3921 3211 3992 ἀνθρώπων
3239 3919 3426 3973 ἕνεκεν
3454 3918 3743 3989 διεπράξω

2150 4015 2542 4088 συμφέροντος,
2582 4015 2658 4079 ώς
2691 4015 2788 4068 καὶ
2819 4013 2978 4068 τοῦτο
3007 4015 3068 4066 τὸ
3096 4012 3193 4067 νῦν
3236 4011 3398 4085 ἔργον
3426 4010 3541 4082 ἔχει
3570 4013 3631 4065 τὸ
3658 4014 3743 4077 εἰς

2149 4108 2319 4180 ἡμᾶς,
2356 4107 2493 4176 ὅπερ
2548 4108 2806 4176 μέγιστον
2834 4107 2927 4158 καὶ
2961 4107 3019 4158 ὲν
3068 4104 3232 4175 σοφίᾳ
3275 4104 3588 4166 τετέλεκας.
3627 4103 3746 4156 Καὶ

2150 4203 2260 4270 γὰρ
2305 4200 2605 4271 ἐπειδήπερ
2645 4199 2746 4252 οὐκ
2776 4194 2843 4271 ἦν
2874 4197 2969 4252 τοῦ
3004 4196 3448 4268 φιλοικτίρμονός
3494 4213 3589 4250 σου
3643 4196 3746 4249 καὶ

2151 4293 2537 4366 φιλανθρώπου
2560 4292 2696 4348 Θεοῦ
2728 4293 2821 4347 τοῦ
2847 4293 2914 4346 δι’
2944 4293 3257 4361 ἁγαθότητα
3286 4291 3453 4361 μόνην
3478 4290 3746 4360 ἀπαρχῆς

2151 4388 2212 4440 τὸ
2237 4386 2391 4455 γένος
2447 4386 2607 4457 ήμῶν
2656 4386 3211 4457 πλαστουργήσαντος
3255 4384 3317 4437 τὸ
3362 4382 3460 4453 τὴν
3504 4383 3746 4453 Ἐκκλη-

2154 4478 2273 4532 σίαν
2300 4479 2567 4549 περιιδεῖν
2596 4477 2677 4540 είς
2715 4476 2870 4540 τέλος
2910 4479 3010 4548 τὴν
3044 4477 3143 4547 σὴν
3181 4475 3614 4547 διεῤῥηγμένην,
3644 4477 3747 4528 καὶ

463 4568 782 4640 unigenittts
848 4575 903 4622 et
949 4576 1259 4623 coaeternus
1308 4564 1483 4621 Filius
1520 4572 1576 4620 et
1609 4562 1848 4619 Verbum
1890 4572 2037 4617 tuum

2152 4570 2223 4624 τὰ
2249 4570 2454 4641 ἔσχατα
2484 4568 2674 4633 δεινῶς
2700 4569 3039 4638 κάμνουσαν,
3070 4572 3136 4639 ἢν
3166 4569 3193 4621 ὁ
3228 4568 3527 4639 μονογενής
3552 4583 3617 4619 τε
3646 4568 3747 4620 καὶ

460 4661 641 4718 Patris
688 4659 1062 4729 potentissimi
1114 4669 1336 4732 propter
1389 4659 1600 4713 viscera
1644 4656 1870 4711 inﬁnita:
1916 4671 2046 4727 erga

462 4771 568 4813 nos
615 4754 1005 4825 misericordia:
1054 4762 1183 4819 luat,
1243 4766 1464 4806 carnem
1508 4764 1802 4807 assumens
1854 4749 2049 4804 huma-

463 4864 614 4915 nam,
645 4847 1277 4904 immaculalissimarum
1325 4853 1381 4899 et
1413 4843 1889 4898 sanctissimarum
1923 4856 2052 4895 sua-

466 4957 588 4999 rum
626 4956 887 4997 mauuutn
906 4939 1224 4995 extensione
1244 4952 1274 4993 e
1297 4946 1458 4991 terrae
1486 4935 1690 4990 llnihus
1737 4934 1792 4988 in
1822 4948 2048 4989 crucem

430 5035 785 5107 collegerat,
832 5032 1053 5102 sibique
1103 5045 1171 5086 ex
1221 5028 1436 5085 viviﬁco
1488 5037 1543 5084 et
1587 5026 1834 5099 pretioso
1880 5026 2051 5080 latere

463 5130 732 5201 sanguine
775 5127 1004 5199 profuso
1051 5126 1341 5188 asciverat,
1377 5123 1523 5178 hanc
1571 5120 1821 5177 eamdem
1857 5133 2051 5173 rursus

463 5226 522 5278 in
566 5238 736 5277 unum
780 5221 1073 5279 convenire
1115 5225 1277 5274 relate
1330 5219 1432 5272 hac
1482 5223 1699 5280 nostra,
1750 5225 1807 5268 et
1853 5212 2053 5267 vulnus

464 5318 708 5388 pessime
747 5331 808 5373 se
841 5315 1074 5379 habens,
1109 5312 1259 5385 quod
1286 5312 1562 5366 malorum
1610 5307 1768 5378 origo
1820 5317 1875 5363 ct
1903 5306 2052 5361 fran-

465 5417 597 5472 dum
634 5414 971 5471 architectus
1018 5426 1163 5483 mgre
1206 5408 1392 5466 ferens
1441 5407 1588 5462 illam
1637 5402 2053 5476 adprosperari,

468 5507 734 5580 impegit,
807 5504 1188 5577 conglutinare
1247 5501 1344 5558 tibi
1405 5497 1812 5569 complacuisti.
1885 5495 2054 5566 Igitur

470 5610 600 5657 ante
643 5598 829 5655 omnia
877 5599 933 5653 in
963 5596 1080 5652 sola
1114 5594 1266 5667 pacis
1309 5600 1478 5663 atque
1526 5589 1786 5646 amicitia:
1819 5585 2051 5651 fozdera,

471 5707 594 5763 quas
649 5700 743 5748 tua
791 5699 878 5748 est
932 5704 1120 5746 rerum
1168 5688 1528 5744 humanarum
1584 5680 1895 5754 dispositio,
1952 5694 2056 5735 nos

544 5868 593 5903 ”
614 5865 763 5925 Psal.
799 5883 916 5940 cm,
949 5867 1043 5927 24.

2157 4663 2427 4727 συναῖδιος
2460 4661 2586 4726 Υἱὸς
2616 4662 2710 4715 καὶ
2756 4662 2931 4727 Λόγος
2959 4677 3053 4714 σου
3085 4658 3181 4713 τοῦ
3220 4660 3501 4730 πανάρχου
3532 4660 3748 4729 Πατρος

2154 4756 2245 4810 διὰ
2271 4754 2559 4824 σπλάγχνα
2586 4752 2681 4808 τοῦ
2708 4753 3084 4823 ὑπεραπείρου
3111 4753 3239 4825 περὶ⁵
3265 4752 3413 4822 ἡμᾶς
3437 4750 3623 4813 ἐλέους
3651 4768 3748 4804 σου

2159 4848 2475 4920 μορφωθεὶς
2504 4849 2564 4901 τὸ
2587 4847 2956 4919 ἀνθρώπινον,
2989 4850 3055 4919 τῇ
3089 4847 3199 4901 τῶν
3229 4846 3523 4915 πανάγνων
3546 4843 3747 4901 ἑαυτοῦ

2158 4939 2252 4993 καὶ
2284 4937 2681 5009 παναχράντων
2712 4938 2912 5008 χειρῶν
2947 4938 3170 4992 ἐκτάσει
3206 4938 3519 5006 συνήγαγεν
3557 4939 3625 4989 ἐκ
3652 4954 3750 4989 πε-

2161 5030 2338 5101 ράτων
2383 5031 2479 5083 ἐπὶ
2518 5028 2777 5100 σταυροῦ,
2818 5030 2915 5083 καὶ
2956 5030 3383 5099 περιεποιήσατο
3416 5028 3494 5098 τῷ
3542 5028 3646 5096 τῆς
3669 5028 3752 5080 οὶ-

2159 5123 2311 5186 κείας
2340 5122 2666 5193 ὲκρεύσαντι
2706 5118 2975 5184 ζωοποιοῦ
3021 5119 3118 5172 καὶ
3156 5117 3349 5188 τιμίας
3388 5117 3634 5188 πλευρᾶς
3664 5117 3750 5171 αἴ·
3810 5166 3815 5171 .

2163 5233 2315 5286 ματι,
2348 5214 2447 5285 τὴν
2482 5212 2742 5284 τοιαύτην
2773 5211 3048 5265 συνελθεῖν
3076 5213 3172 5264 καὶ
3196 5211 3361 5266 πάλιν
3387 5211 3467 5274 είς
3500 5210 3561 5262 ἓν
3591 5209 3750 5279 ηὐδό-

2162 5324 2339 5377 κησας
2380 5306 2465 5374 ἐφ’
2521 5304 2704 5376 ήμῶν,
2761 5304 2855 5358 καὶ
2916 5302 3324 5372 συνουλωθῆναι
3375 5305 3436 5356 τὸ
3487 5301 3632 5354 πάνυ
3685 5316 3751 5369 γε

2162 5402 2415 5472 χαλεπῶς
2454 5400 2576 5471 ἔχον
2604 5399 2697 5453 τοῦ
2730 5398 3069 5470 πνεύματος,
3093 5397 3232 5466 ὅπερ
3257 5397 3287 5450 ὁ
3312 5395 3625 5467 ἀρχέκακος
3657 5394 3753 5447 καὶ

2162 5493 2459 5562 δολιόφρων
2488 5491 2681 5562 ἐχθρὸς
2706 5489 2784 5561 μὴ
2804 5489 2987 5561 φέρων
3009 5489 3143 5561 ὁρᾷν
3161 5485 3561 5557 εὐδοκιμοῦσαν
3586 5485 3755 5557 πρού-

2167 5583 2409 5653 ξένησεν.
2441 5582 2652 5637 Οὐκοῦν
2679 5584 2737 5637 ἐν
2769 5582 3007 5652 πρώτοις
3039 5582 3120 5644 είς
3147 5580 3379 5642 σπονδὰς
3406 5578 3579 5647 μόνας
3603 5580 3756 5650 εἰρη-

2164 5678 2318 5741 νικὰς
2348 5677 2441 5732 καὶ
2470 5674 2653 5747 φιλίας
2691 5672 3055 5745 οἰκονομικῶς
3085 5672 3384 5735 συνελάσας
3416 5672 3587 5751 ἡμᾶς,
3625 5690 3644 5723 ι
3686 5672 3754 5725 Ὢ
