4072 6398
408 408 541 476 1273

1259 414 1356 473 DE
1396 406 1913 470 rROCESSIONE
1955 406 2015 464 S.
2058 404 2419 465 SPI'rilTUS
2458 402 2677 464 ORAT.
2717 401 2804 462 Ιῐ.

3522 403 3654 470 i274

403 526 589 589 ﬁci/oc
616 524 906 586 πλούτου,
942 526 1039 577 καὶ
1066 525 1304 593 σοφίας,
1336 522 1434 576 καί
1478 519 1750 588 γνώσεως
1780 515 1920 584 σῆς,
1955 534 1972 564 ³

2086 517 2357 585 redigens,
2397 512 2442 568 0
2475 511 2709 566 altitudo
2740 509 3050 564 divitiarum
3097 510 3374 579 sapientiw
3406 523 3456 567 et
3487 514 3657 567 scien-

345 672 351 678 _
407 616 652 665 Δέσποτα
681 612 776 666 τοῦ
808 613 1027 676 παντὸς,
1057 611 1229 674 οὓτως
1267 609 1545 678 ἔκθαμϐος
1580 609 1718 677 μετὰ
1758 605 1975 658 Παύλου

408 701 563 771 κάγὼ
620 705 924 772 κραυγάσω
952 704 1045 757 τοῦ
1098 702 1552 774 χριστοκήρυκος,
1596 698 1804 750 ἐκεῖθεν
1853 695 1978 767 ἑξῆς

408 796 852 865 ὲπραγματεύσω
886 797 986 865 τὴν
1036 797 1156 850 κατ’
1183 794 1465 847 εὐσέϐειαν
1516 788 1979 860 ὀμογνωμοσύνην

408 887 541 954 ἡμῖν
580 887 671 938 καὶ
702 887 1068 955 πεπλήρωκας
1104 885 1192 938 διὰ
1231 884 1330 953 τῆς
1355 881 1463 936 τῶν
1494 878 1708 933 σεπτῶν
1738 876 1982 931 ἀναπτύ-

405 978 542 1043 ξεως
567 979 661 1030 καὶ
704 978 861 1031 θείων
899 978 935 1029 Γ
940 977 1153 1045 ραφῶν,
1184 978 1277 1028 καὶ
1309 977 1407 1043 τῆς
1451 971 1700 1024 ἐντεῦθεν
1736 966 1983 1037 φανερώ-

406 1085 546 1131 σεως
595 1069 689 1121 τοῦ
745 1068 905 1137 ὀρθοὖ
960 1068 1249 1137 δόγματος.
1282 1065 1450 1117 Τοῦτο
1498 1065 1599 1131 τῆς
1653 1061 1792 1130 ὑπὲρ
1822 1059 1982 1129 ἡμῶν

408 1163 599 1229 σοφίας
634 1161 733 1229 σῆς
762 1161 821 1213 τὸ
851 1160 1184 1230 κατόρθωμα
1224 1157 1340 1210 νῦν.
1370 1155 1541 1208 Τοῦτό
1575 1170 1667 1206 σου
1714 1153 1815 1221 τῆς
1852 1152 1980 1220 περὶ

405 1251 553 1317 ἡμᾶς
613 1251 932 1320 εὐεργεσίας
993 1249 1052 1301 τὸ
1108 1248 1362 1318 μέγεθος.
1420 1243 1827 1314 Ὀμολογοῦμεν
1889 1243 1981 1297 τὸν

406 1343 574 1407 ἔλεον,
603 1342 677 1403 ὼς
709 1342 875 1403 εἰκός.
922 1342 1033 1406 Τὴν
1064 1341 1219 1409 χάριν
1266 1341 1352 1391 ἀεὶ
1384 1342 1498 1400 τοῖς
1527 1339 1660 1389 πᾶσι
1709 1335 1980 1406 κηρύττοο

408 1445 530 1496 μεν,
570 1427 710 1496 ὑπὲρ
742 1421 818 1482 ὧν
847 1430 940 1480 καὶ
986 1426 1177 1479 θυσίαν
1208 1412 1470 1489 αἰνέσεως
1508 1426 1603 1479 καὶ
1634 1427 1981 1497 εὐχαριστίας

404 1520 471 1588 τῇ
505 1520 574 1588 σῇ
626 1519 957 1588 χρηστότητι
1016 1518 1348 1587 προσφέρειν
1396 1517 1697 1588 βουλόμεθα
1752 1518 1871 1587 μὲν,
1919 1518 1980 1571 οὐ

404 1607 680 1677 δυνάμεθα
718 1610 776 1661 δὲ
823 1609 910 1660 διὰ
954 1608 1015 1659 τὸ
1044 1607 1450 1679 ἀνυπέρϐλητον
1494 1609 1662 1678 αὐτῆς
1704 1607 1765 1660 τὸ
1798 1608 1980 1678 παρά-

406 1713 534 1775 παν,
570 1699 644 1766 μή
678 1697 760 1749 τοί
786 1713 849 1764 γε
878 1697 1108 1751 καθόσον
1130 1699 1278 1750 ἐστὶν
1307 1699 1477 1762 ἄξιον.
1510 1700 1672 1752 Ὅθεν
1702 1697 1856 1764 κάγὼ
1882 1698 1982 1769 λή-

406 1789 500 1852 ξας
523 1786 617 1840 τοῦ
649 1789 748 1858 τὴν
780 1791 878 1858 σὴν
903 1788 1039 1851 ὅλως
1068 1791 1165 1843 νῦν
1195 1788 1671 1859 μεγαλοπρέπειαν
1696 1791 1976 1859 ἀνυμνεῖν,

402 1881 464 1932 τὸ
486 1879 595 1932 ἀπὸ
625 1880 779 1933 τοῦδε
802 1880 901 1949 τῆς
936 1883 1072 1949 πρὸς
1111 1881 1171 1933 σὲ
1205 1880 1295 1933 τὸν
1327 1880 1590 1950 ’Ὕψιστον
1621 1880 1786 1950 εὐχῆς
1829 1880 1975 1935 δεόν-

402 1988 510 2034 τως
536 1971 855 2043 ἀπάρχομαι
873 1988 886 2000 ·
917 1975 1010 2025 καὶ
1040 1972 1236 2042 πρῶτα
1266 1972 1364 2041 μὲν
1382 1973 1495 2046 τοῖς
1518 1970 1978 2038 ὀρθοδοξοτάτοις,

403 2063 617 2133 δέομαι,
650 2064 743 2116 καὶ
766 2063 1158 2116 πανευσεϐέσιν
1181 2063 1577 2133 αὐτοκράτορσι
1602 2061 1696 2114 καὶ
1727 2061 1979 2132 βασιλεῦ-

406 2170 489 2206 σιν
520 2153 699 2222 ἡμῶν,
742 2152 808 2206 δι’
851 2145 1034 2222 ὧνπερ
1090 2155 1165 2215 ὡς
1199 2154 1265 2207 δι’
1298 2154 1589 2222 ὑπουργῶν
1627 2153 1981 2223 Θερμοτάτων

404 2261 461 2296 τε
489 2246 584 2297 καὶ
615 2244 954 2297 πιστοτάτων
985 2246 1044 2297 τὸ
1077 2245 1166 2297 σὸν
1198 2245 1357 2297 τοῦτο
1405 2244 1787 2314 παμμέγιστον
1818 2244 1978 2315 ἔργον

402 2337 679 2403 ὲτὲλεσας,
719 2337 874 2401 νίκας
932 2338 1270 2408 δωρούμενος
1320 2337 1441 2391 κατ’
1490 2338 1703 2409 ἐχθρῶν
1762 2339 1982 2392 πάντων

403 2428 687 2499 λαμπρὰς,
739 2430 847 2481 τῶν
897 2429 1074 2483 ἀθέων
1127 2430 1442 2500 Ἀγαρηνῶν
1498 2431 1620 2483 κατ’
1678 2429 1980 2498 ἐξείρετο-θ,

402 2519 696 2589 χορηγοίης
727 2520 930 2582 αὐτοῖς.
962 2519 1055 2572 καὶ
1082 2521 1170 2571 διὰ
1209 2521 1417 2572 τούτων
1447 2519 1611 2573 παντὶ
1650 2519 1729 2588 τῷ
1754 2519 1982 2590 ὑπηκόῳ

405 2610 518 2681 λαῷ
556 2611 779 2679 βαθεῖαν
803 2612 1068 2683 διηνεκῶς
1094 2614 1151 2664 ἐν
1200 2613 1401 2664 ἅπασιν
1429 2611 1654 2681 εἰρήνην
1690 2613 1783 2664 καὶ
1816 2613 1983 2664 ἀστα-

405 2703 662 2756 σίαστον·
708 2707 845 2771 μετὰ
893 2703 950 2755 δὲ
1005 2702 1178 2756 ταῦτα
1207 2701 1282 2771 τῷ
1341 2701 1486 2769 καλῷ
1534 2703 1877 2775 ποιμενὰρχῃ
1904 2702 1982 2773 τῷ

402 2796 502 2866 τῆς
542 2798 641 2866 cf};
673 2799 907 2868 ποίμνης
938 2813 1322 2867 πνευματικῶς
1351 2796 1740 2867 προϊσταμένῳ
1767 2797 1834 2849 τὰ
1865 2796 1980 2862 νῦν,

403 2884 553 2949 ὅστις
586 2885 801 2949 πολλοῖς
832 2886 1008 2954 ἀγῶσι
1036 2889 1129 2940 καὶ
1157 2886 1320 2950 αὐτὸς
1362 2886 1428 2939 τὰ
1461 2884 1673 2955 μεγάλα
1709 2886 1983 2956 συνήρατο

405 2977 539 3047 πρὸς
572 2977 631 3028 τὸ
664 2975 839 3046 ἔργον¹
874 2976 967 3029 καὶ
1002 2976 1344 3039 συνεόάλετο,
1402 2976 1703 3045 παράσχοις
1755 2974 1851 3045 τὴν
1882 2976 1980 3045 σὴν

403 3064 563 3136 χάριν
590 3066 783 3135 δαψιλῆ
820 3068 913 3120 καὶ
955 3066 1240 3130 πλουσίαν,
1271 3068 1299 3118 ὁ
1335 3066 1596 3130 πρύτανις
1626 3056 1842 3121 πάντων
1873 3065 1982 3118 τῶν

2005 1851 2054 1909 Β

2082 608 2168 659 tice
2195 615 2298 659 tua:
2316 605 2361 635 ’°
2390 605 2403 657 ἰ
2442 603 2683 657 omnium
2718 602 2967 666 Domine,
3008 610 3069 655 ut
3096 615 3220 655 cum
3250 600 3421 658 Paulo
3452 602 3657 658 Christi

2082 711 2328 766 praecone
2401 693 2777 749 admiratione
2842 692 3079 761 quadam
3141 704 3477 762 commotus,
3543 695 3658 763 ipse

2081 800 2298 857 quoque
2325 783 2703 837 vehementius
2738 782 3039 837 exclamem
3072 797 3088 848 ;
3126 782 3252 836 inde
3304 769 3657 851 postmodum

2082 892 2181 931 nos
2225 876 2279 931 in
2331 875 2546 946 pietatis
2603 873 2955 928 concordiam
3005 871 3284 936 reductos,
3324 872 3663 927 veneranda-

2084 983 2205 1027 rnm
2249 981 2645 1036 sacrarumque
2692 964 3110 1033 Scripturarum
3138 964 3507 1032 expositione,
3547 979 3656 1033 qua

2084 1066 2293 1114 rectum
2332 1058 2528 1128 dogma
2580 1056 2842 1119 innotuit,
2884 1055 3074 1110 eadem
3139 1057 3503 1111 conlirmasti.
3548 1055 3660 1111 lloc

2085 1159 2209 1210 tum,
2246 1165 2368 1219 quae
2395 1164 2561 1218 supra
2593 1164 2691 1202 nos
2721 1157 2825 1211 εει,
2860 1146 3140 1214 sapientiie
3174 1148 3275 1201 hac
3305 1153 3466 1200 aetate
3512 1155 3659 1201 recte

2084 1238 2314 1295 factum.
2347 1239 2471 1293 limo
2502 1240 2577 1293 tui
2617 1238 2670 1290 in
2701 1252 2800 1291 nos
2833 1237 3013 1292 collati
3045 1236 3298 1292 beneﬁcii
3330 1236 3655 1306 amplitudo.

2081 1334 2440 1397 Conlitemur,
2481 1332 2559 1385 uti
2608 1331 2862 1393 addecet,
2911 1330 3347 1384 misericordiam
3380 1346 3395 1396 ;
3428 1330 3659 1400 gratiam

2081 1439 2265 1480 coram
2324 1424 2582 1479 omnibus
2646 1422 2976 1491 sempiterne
3036 1421 3504 1491 praedicabimus,
3562 1437 3662 1490 pro

2082 1518 2283 1587 quibus
2328 1525 2382 1570 et
2416 1513 2745 1569 sacriﬁcium
2783 1512 2985 1572 laudis.
3038 1521 3094 1567 et
3134 1512 3435 1583 gratiarum
3491 1513 3663 1568 actio-

2084 1623 2186 1664 nes
2253 1618 2361 1663 tua:
2409 1605 2640 1660 bonitati
2686 1605 2892 1661 referre
2921 1604 3174 1674 cupimus
3228 1620 3328 1658 nos
3382 1603 3661 1674 equidetn,

2082 1701 2179 1757 sed
2228 1708 2452 1770 pr0pter
2490 1697 2566 1752 rei
2631 1696 3371 1766 nimiam-exsuperantiam
3434 1710 3663 1766 prorsus

2082 1794 2363 1851 cﬂetarum
2438 1794 2641 1848 virium
2719 1790 3011 1848 infirmitas
3090 1791 3359 1861 impedit,
3448 1798 3661 1845 tantum

2083 1887 2238 1941 abest
2267 1894 2325 1939 ut
2354 1884 2407 1939 id
2440 1886 2709 1956 condigne
2738 1866 3004 1940 concedat
3034 1898 3316 1954 peragere.
3363 1885 3505 1940 [line
3544 1883 3664 1954 ipse

2087 1986 2235 2033 tuam
2281 1976 2744 2046 magniﬁcentiam
2796 1974 3054 2030 laudibus
3078 1973 3342 2044 prosequi
3391 1974 3656 2037 mittens,

2084 2068 2315 2137 posthac
2364 2065 2434 2120 ad
2485 2074 2537 2120 te
2580 2064 3028 2120 ExcelsiSsimum
3074 2063 3529 2137 supplicationem
3582 2064 3659 2117 uti

2086 2173 2185 2223 par
2228 2167 2309 2213 est
2343 2157 2620 2220 exordiar,
2662 2166 2717 2211 et
2766 2156 3005 2225 primum
3034 2154 3255 2225 quidem
3305 2135 3515 2209 inlidei
3561 2154 3654 2209 do-

2083 2249 2360 2317 gmatibus
2432 2248 2806 2316 integerrimis
2845 2256 2901 2303 et
2951 2247 3218 2318 piissimis
3276 2246 3480 2302 nostris
3518 2246 3662 2316 regi-

2084 2340 2184 2396 bus
2231 2350 2285 2396 ct
2335 2341 2780 2410 imperatoribus,
2815 2355 3052 2410 quorum
3101 2340 3292 2395 studio
3326 2353 3542 2408 opeque
3582 2338 3662 2391 uti

2085 2433 2579 2488 fervidissimorum
2632 2442 2685 2489 et
2752 2433 3146 2488 ﬁdissimorum
3207 2432 3660 2487 administrorum

2082 2540 2248 2594 quam
2284 2525 2585 2579 maximum
2639 2527 2742 2579 hoc
2779 2540 2918 2594 opus
2951 2534 3102 2578 tuum
3139 2525 3449 2588 absolvisti,
3477 2526 3642 2578 atlvcr

2084 2632 2178 2670 sus
2213 2632 2406 2670 omnes
2456 2617 2663 2682 hostes,
2717 2627 2771 2669 et
2818 2616 3168 2685 potissimum
3216 2616 3416 2686 impios
3456 2616 3667 2684 Agarc-

2085 2721 2209 2768 nos,
2274 2705 2533 2760 victorias
2595 2704 2923 2769 luculentas,
2980 2714 3037 2758 et
3090 2719 3188 2773 per
3251 2720 3349 2760 eos
3403 2704 3642 2759 univcrs-

2084 2799 2219 2867 ipsis
2255 2797 2502 2865 subjecto
2532 2797 2733 2866 populo
2764 2806 3028 2864 perpetuo
3062 2792 3114 2850 in
3144 2796 3401 2851 omnibus
3428 2796 3661 2863 amplam

2085 2899 2451 2959 paratamque
2493 2902 2675 2957 pacem
2732 2888 2970 2941 concede
3003 2902 3068 2942 ac
3098 2886 3250 2942 defer
3285 2905 3297 2941 :
3328 2896 3441 2941 tum
3473 2900 3661 2957 pos'ea

2087 2979 2419 3049 probissimo
2475 2989 2580 3031 tuae
2617 2976 2801 3046 gregis
2847 2978 3081 3046 spiritali
3128 2978 3383 3047 praesenti
3432 2979 3657 3045 pastori.

2084 3073 2176 3140 qui
2227 3071 2417 3125 multis
2468 3071 2869 3125 certaminibus
2908 3086 2972 3125 ac
3027 3070 3219 3125 sedulo
3262 3069 3626 3138 multipliciqu

403 3158 676 3226 ἁγαθῶν,’
710 3160 784 3220 ὡς
830 3158 1037 3221 πάντας
1087 3159 1453 3225 ἐπαναγαγεῖν
1506 3155 1803 3226 δυνηθῆναι
1857 3157 1980 3216 τοὺς

2085 3162 2269 3217 studio
2316 3162 2368 3215 in
2433 3163 2695 3216 auxilium
2752 3162 2938 3231 operis
2994 3163 3166 3227 venit,
3226 3169 3376 3215 tuam
3432 3162 3641 3232 gratia“

406 3250 561 3320 ἡμῶν
583 3251 792 3315 ἐσάπαξ
826 3251 1284 3321 ἁποπηδήσαντας
1306 3266 1320 3280 ·
1354 3250 1501 3319 ἡμᾶς
1533 3248 1590 3300 δὲ
1620 3248 1879 3301 ἑκάστοτε
1906 3248 1982 3316 τῷ

405 3340 595 3412 ἀγαθῷ
627 3341 901 3411 Πνεύματί
930 3352 1023 3394 σου
1056 3340 1396 3409 καθοδηγῶν,
1432 3342 1571 3410 ὅπερ
1606 3339 1854 3407 φυσικῶς
1885 3339 1979 3390 καὶ

407 3433 633 3503 Πνεῦμα
657 3433 751 3487 τοῦ
782 3435 1103 3503 μονογενοῦς
1128 3435 1260 3488 Υξοῦ
1292 3450 1386 3485 σου
1416 3432 1625 3497 τελοῦν,
1652 3430 1747 3501 τὴν
1770 3430 1980 3483 οἱκείλν

405 3524 723 3595 θεοπρεπῶς
757 3524 991 3595 ὓπαρξιν
1038 3527 1131 3579 καὶ
1185 3523 1242 3589 ἐξ
1289 3521 1454 3577 αὑτοῦ
1505 3523 1789 3590 κέκτηται,
1841 3521 1979 3590 πρὸς

406 3615 645 3685 παντελῆ
709 3616 963 3680 διιθύνοις
1029 3618 1136 3671 τῶν
1196 3615 1304 3670 σῶν
1375 3614 1698 3685 θελημάτων
1768 3613 1977 3684 ἐκπλή-

410 3722 592 3774 ρωσιν.

475 4079 521 4113 ’⁸
545 4080 702 4136 Rotn.
748 4098 822 4148 xu,
852 4079 936 4136 55.

2086 3256 2306 3309 uberem
2361 3254 2786 3323 aﬂluentcmque
2838 3254 3090 3323 elargire,
3149 3255 3242 3322 qui
3296 3255 3433 3308 bona
3480 3259 3657 3307 Olllllin

2082 3346 2395 3415 dispensus,
2435 3358 2493 3399 ut
2529 3346 2701 3414 possit
2735 3346 3028 3399 universos
3060 3345 3154 3413 qui
3203 3360 3268 3398 ex
3319 3347 3478 3400 nobis
3523 3347 3659 3401 desi-

2090 3438 2315 3502 lierunt,
2361 3438 2432 3492 ab
2465 3453 2654 3492 errore
2701 3452 2990 3501 revocare;
3026 3451 3078 3492 ei
3127 3452 3228 3492 nos
3274 3436 3523 3509 quoridie
3568 3437 3663 3490 do-

2091 3547 2219 3586 cens
2275 3546 2339 3585 ac
2385 3546 2482 3600 per
2519 3530 2703 3584 omnia
2754 3530 2962 3585 ducens
2998 3530 3146 3584 bono
3171 3540 3266 3584 tuo
3300 3528 3536 3601 Spiritu,
3569 3530 3667 3598 qui

2090 3621 2418 3675 naturaliter
2468 3619 2711 3689 Spiritus
2761 3620 3030 3689 unigeniti
3079 3619 3202 3674 Filii
3244 3622 3323 3675 lui
3363 3621 3661 3680 exsistens,

2090 3711 2390 3780 propriam,
2430 3719 2490 3764 ut
2521 3711 2631 3764 Deo
2664 3710 2944 3772 convenit,
2980 3709 3360 3764 exsistentiam
3398 3708 3562 3763 etiam
3597 3723 3660 3762 δί

2090 3804 2209 3871 ipso
2256 3800 2516 3869 possidet,
2575 3801 2629 3854 in
2678 3801 2985 3857 absolutam
3050 3808 3266 3855 tuarum
3321 3802 3485 3856 volun
3515 3808 3665 3853 atum

2088 3894 2451 3963 expletionem
2484 3892 2677 3962 dirige.
