4072 6408
512 380 664 445 3279'

1524 390 1826 451 CONTRA
1869 395 2247 458 MAXMIUM
2288 400 2725 465 PLANUDEM.
2812 348 2829 365 Ι

3598 403 3716 468 1280

508 496 745 550 dicetur.
785 494 911 551 Post
951 496 1197 552 diversas
1228 513 1292 553 ac
1335 499 1670 568 multiplices
1705 501 1762 554 in
1812 518 1913 558 nos
1948 519 2079 557 con-

2182 506 2467 579 κρύπτειν,
2501 512 2594 564 καὶ
2624 513 2743 573 ταῖς
2774 511 2855 575 είς
2912 510 3069 565 τοῦτο
3115 512 3479 583 ἀπαρνήσεσιν
3522 513 3576 566 ὲν
3611 534 3717 582 ταις

508 588 910 648 demnationcs.
968 591 1058 658 qui
1097 601 1404 646 atramento
1428 607 1705 661 manuque
1738 594 1905 647 variis
1928 594 2079 649 hisce

508 690 706 730 vocum
732 678 1066 731 novitatibus
1088 692 1378 733 assensum
1409 680 1631 743 dedere,
1659 681 1726 735 ad
1758 682 2082 752 ignominio-

507 780 631 819 sum
664 766 872 835 lapsum
913 768 1182 824 cecidisse
1216 784 1275 824 se
1314 770 1444 826 fassi
1496 782 1660 836 sunt;
1706 772 1871 842 idque
1922 774 2080 842 plane

505 858 788 925 agnoverit
818 859 905 913 cui
930 859 980 914 id
1014 860 1071 913 in
1099 861 1286 915 animo
1304 873 1388 917 est
1431 863 1749 933 eﬂlagitare.
1801 864 1927 919 licet
1959 881 2083 919 rur—

506 962 600 1001 sus
635 947 939 1017 iterumque
970 949 1305 1014 dominatus,
1356 953 1564 1022 impetu
1592 953 1868 1023 populari,
1906 969 2082 1024 eoque

505 1038 799 1093 admodum
835 1041 1014 1095 valido
1038 1042 1232 1108 ascito,
1269 1043 1458 1098 eadem
1490 1044 1754 1099 adversus
1781 1060 1881 1099 nos
1914 1046 2083 1099 auda-

503 1137 622 1183 cter
640 1129 834 1199 jactet,
863 1140 918 1186 et
951 1133 1322 1189 correctiones
1352 1132 1644 1206 pr0ponat,
1706 1137 1835 1191 dum
1861 1152 1927 1191 ea
1984 1153 2081 1192 ce-

502 1220 617 1275 lare
646 1231 897 1291 conatur,
932 1231 988 1278 et
1019 1238 1208 1280 eorum
1238 1225 1573 1282 inﬁciatione
1595 1227 1649 1281 in
1667 1227 1941 1298 Apologiis
1969 1228 2083 1285 suis

502 1321 696 1367 contra
734 1329 838 1368 nos
871 1314 1054 1382 editis,
1077 1316 1143 1370 ad
1167 1316 1445 1386 proprium
1480 1317 1743 1373 vomitum
1772 1334 1879 1373 non
1901 1319 2084 1376 minus

503 1406 703 1460 reverti
742 1407 1216 1477 deprehendatur.
1244 1408 1618 1464 Nihilominus
1650 1409 1715 1464 ad
1755 1423 2079 1478 praesentem

502 1494 994 1568 interrogationem
1052 1498 1412 1568 responsione
1474 1498 1531 1551 in
1575 1500 1829 1568 pmsenti
1888 1499 2079 1565 dilata,

501 1602 629 1641 eum
669 1587 836 1644 variis
882 1588 1177 1658 multisque
1203 1588 1380 1644 modis
1410 1589 1512 1643 hoc
1545 1600 1934 1660 argumentum
1973 1590 2079 1645 Pa-

501 1684 648 1730 trum
683 1677 983 1733 enuntiatis
1012 1678 1419 1742 corroboretur,
1468 1693 1533 1733 ex
1581 1678 1704 1733 aliis
1760 1694 1881 1749 qua:
1931 1680 2081 1749 ipsos

498 1752 1222 1835 illuminantherumlumen
1247 1766 1687 1838 eonspiciamus:
1714 1767 1822 1822 «Ex
1850 1766 2008 1824 Patre
2025 1777 2081 1825 et

2181 600 2319 669 πρὸς
2348 604 2493 672 ἡμᾶς
2528 604 2843 669 ἀπολογίαις
2877 604 2968 657 ἐπὶ
3005 605 3093 657 τὸν
3117 603 3245 658 ἴδιον
3287 605 3474 675 ἔμετον
3514 607 3603 678 οὐχ
3627 603 3715 680 ἦτα

2178 707 2270 743 τον
2296 694 2643 762 ἐπιστρέφειν
2665 695 2961 766 ἑλέγχετκι.
3002 696 3189 765 Ὅμως
3231 696 3366 766 προς
3408 698 3500 761 τὴν
3536 697 3715 768 παροῦ-

2146 836 2149 839 δ
2183 794 2281 831 σαν
2302 780 2570 851 ἐρώτησιν
2590 784 2848 853 ἀφέμενοι
2878 784 2970 838 τοῦ
2994 784 3240 837 ἐντεῦθεν
3265 785 3354 838 ἐπὶ
3384 789 3450 857 τῇ
3478 788 3716 856 ἐκπορεύ-

2183 885 2266 921 σει
2298 870 2640 941 ἀποκρίσεως
2669 872 2879 938 θέσθαι,
2917 873 3239 944 πολυμερῶς
3264 875 3383 928 ἐπεὶ
3437 877 3527 928 καὶ
3571 878 3715 930 πολυ-

2180 959 2394 1027 τρόπως
2430 961 2497 1014 τὰ
2528 964 2624 1031 τῆς
2654 964 2961 1027 ὑποθέσεως
2989 965 3221 1033 δόγμασι
3263 965 3579 1033 κρατύνεται
3626 985 3718 1021 πα-

2180 1052 2391 1119 τρικοῖς
2453 1050 2517 1117 ἐξ
2566 1053 2740 1107 ἄλλων
2791 1055 2968 1119 αὐτοῖς
3018 1057 3570 1125 ἁπαστραπτομένων,
3620 1062 3719 1126 φῶς

2179 1138 2430 1209 ἀληθινὸν
2486 1144 2947 1213 κατοπτεῦσομεν.
2990 1164 3009 1198 ι
3047 1146 3142 1199 Ἐκ
3187 1147 3401 1212 Ila-cpe;
3432 1149 3519 1199 καὶ
3549 1147 3661 1201 Υίοῦ
3698 1168 3713 1199 ι

2190 1226 2449 1297 Ῥωμαῖοι
2486 1231 2736 1301 «Πνεῦμα
2758 1232 3023 1300 φάσκουσι
3045 1232 3105 1285 τὸ
3130 1232 3281 1300 ἅγιον
3303 1232 3713 1302 ἐκπορεύεσθαι.)

2181 1320 2453 1391 καὶχορδς
2480 1321 2509 1374 ὁ
2539 1321 2678 1385 θεῖος
2715 1323 2821 1375 τῶν
2857 1324 3140 1395 ἡμετέρων
3176 1322 3478 1376 θεσπεσίων
3536 1341 3719 1392 μυστα-

2180 1411 2377 1479 γωγῶν
2431 1414 2491 1465 ἐκ
2518 1414 2727 1481 Πατρδς
2780 1415 2871 1467 καὶ
2912 1415 3042 1469 Υίοῦ
3072 1418 3332 1485 πρόεισι,
3372 1416 3466 1468 καὶ
3511 1414 3719 1483 προχεῖ-

2180 1516 2298 1563 ται,
2336 1500 2428 1553 καὶ
2465 1500 2720 1570 πέφηνε,
2747 1503 2841 1554 καὶ
2870 1499 3135 1571 πηγάζει,
3179 1508 3274 1554 καὶ
3311 1501 3519 1563 λοιπαῖς
3566 1517 3720 1568 παρα-

2183 1589 2430 1659 πλησίοις
2465 1592 2794 1663 ρηματικαῖς
2818 1594 3022 1660 φωναῖς
3051 1594 3109 1644 ἐν
3143 1592 3347 1655 πάσαις
3369 1592 3593 1662 ἀτεχνῶς
3614 1593 3718 1654 ταῖς

2182 1678 2330 1748 σφῶν
2372 1680 2747 1745 θεοπνεύστοις
2802 1681 3117 1752 θεηγορίαις
3161 1682 3496 1752 διαπρύσίως
3544 1681 3720 1752 κηρύτ-

2179 1788 2352 1826 τουσι.
2390 1773 2496 1825 Καὶ
2525 1773 2688 1841 μηδὲν
2711 1771 2839 1827 ἄλλο
2869 1774 3018 1843 παρὰ
3038 1773 3098 1826 τὸ
3129 1773 3519 1844 ἐκπορεύεται
3561 1772 3718 1826 ταῖσδε

499 1854 666 1913 Filio:
686 1833 916 1914 Romani
938 1859 1126 1915 dicunt
1146 1833 1443 1930 «Spiritum
1460 1868 1708 1915 sanetum
1727 1860 2073 1927 procedere,»

2182 1861 2362 1932 λέγειν
2389 1833 2539 1917 αὐτοί
2568 1833 2890 1933 δῆασαφοῦσι
2933 1833 3263 1935 τρανότατα.
3282 1833 3302 1844 ⁷
3319 1865 3519 1918 Αὐτίκα.
3563 1864 3720 1917 τοίνυν

501 1958 559 2004 et
588 1949 808 2006 divinus
840 1951 1133 2007 universus
1161 1961 1475 2009 sanctorum
1514 1962 1827 2007 nostrorum
1853 1949 2080 2009 Patrum

501 2056 567 2095 ac
594 2042 793 2097 dueum
825 2043 1030 2103 chorus
1066 2058 1133 2097 ex
1156 2042 1320 2098 Patre
1365 2051 1421 2098 et
1463 2041 1602 2096 Filio
1636 2052 1693 2097 et
1722 2044 1989 2114 progredi,
2024 2052 2082 2098 et

501 2131 718 2199 eﬂ'undi,
762 2139 819 2184 et
850 2143 1132 2199 apparere,
1160 2140 1217 2185 et
1242 2131 1469 2197 exsilire,
1490 2139 1545 2185 et
1570 2131 1691 2185 aliis
1719 2148 1829 2187 non
1860 2132 2082 2187 absimi-

502 2221 650 2275 libus
681 2219 1018 2278 dictionibus
1057 2223 1108 2276 in
1133 2222 1387 2278 omnibus
1402 2224 1517 2279 suis
1560 2224 1938 2294 diviniloquis,
1969 2240 2024 2280 et
2050 2241 2078 2279 a

504 2309 617 2363 Deo
655 2309 935 2380 inspiratis
970 2312 1132 2367 dictis
1162 2313 1336 2383 palam
1361 2323 1657 2384 aperteque
1684 2314 2087 2385 deprmdicant,

502 2414 605 2454 nec
637 2400 781 2454 aliud
810 2412 1005 2477 praeter
1034 2402 1141 2458 hoc
1174 2402 1352 2473 ipsum
1400 2406 1678 2473 procedere
1727 2404 1823 2459 has
1855 2404 2078 2472 inferre,

503 2487 668 2543 iidem
698 2489 801 2560 ipsi
837 2506 1118 2561 perquam
1157 2494 1447 2563 perspicue
1496 2494 1768 2548 intonaut.
1832 2493 1899 2549 Et
1948 2507 2081 2550 ante

501 2582 638 2636 alios
677 2583 765 2637 eui
789 2584 860 2638 ab
880 2584 1290 2640 immortalitate
1323 2601 1523 2640 nomen
1553 2597 1659 2648 est,
1696 2587 1749 2641 in
1786 2587 2079 2657 colloquio,

501 2673 646 2742 quod
694 2673 808 2744 ipse
837 2675 1097 2740 instituit.
1133 2676 1440 2731 Orthodoxi
1481 2676 1933 2734 et'Maeedoniani
1969 2682 2081 2734 haec

501 2762 667 2819 habet
705 2781 723 2818 :
762 2782 781 2815 ι
815 2764 975 2820 Absit
1018 2775 1078 2821 ut
1106 2768 1212 2821 hoc
1275 2766 1453 2821 dicam
1510 2766 1807 2821 aseititium
1843 2784 1969 2823 €550
2025 2770 2080 2823 in

504 2856 741 2925 Spiritu.
795 2858 1012 2934 Etenim
1064 2874 1243 2927 neque
1285 2869 1558 2923 sanetum,
1591 2875 1768 2929 neque
1800 2861 2084 2933 incorru-p-

500 2948 675 3013 tibile,
739 2964 919 3019 neque
967 2950 1294 3016 immortale,
1368 2967 1549 3021 neque
1609 2952 1841 3018 bonum,
1903 2970 2083 3025 neque

500 3043 703 3113 aliquid
735 3044 900 3108 aliud,
933 3045 1080 3114 quod
1116 3043 1183 3099 de
1223 3045 1334 3101 Deo
1360 3045 1762 3112 consideratur,
1794 3049 1915 3104 dico
1944 3050 2082 3103 asci-

2181 1953 2210 2006 ὁ
2245 1955 2341 2021 μὲν
2372 1953 2469 2021 τῆς
2498 1953 2791 2018 ἀθανασίας
2818 1953 3123 2024 ἐπώνυμος,
3153 1957 3212 2010 ἐν
3353 1956 3574 2009 ποιεῖται
3625 1955 3721 2007 διι-

2180 2040 2323 2108 λὲξει
2368 2043 2675 2113 Ὀρθοδόξου
2706 2046 2798 2097 καὶ
2819 2043 3226 2100 Μακεδονιανοῦ
3250 2046 3375 2101 τάδε
3403 2045 3564 2114 φησί·
3600 2063 3617 2097 ι
3643 2045 3719 2114 Μὴ

2181 2134 2389 2203 γένοιτό
2443 2153 2533 2203 μοι
2594 2136 2767 2189 είπεῖν
2819 2137 3108 2207 ὲπίκτητόν
3156 2156 3209 2191 τι
3267 2138 3361 2190 ἐπὶ
3412 2137 3503 2189 τοῦ
3573 2136 3718 2189 Πνεύο

2185 2244 2371 2296 ματος.
2408 2227 2544 2282 Οῦτε
2566 2228 2674 2298 γὰρ
2701 2230 2761 2281 τὸ
2785 2228 2961 2297 ἅγιον,
2993 2228 3115 2284 οὔτε
3145 2231 3206 2283 τδ
3230 2230 3515 2298 ἄφθαρτον,
3539 2227 3646 2281 οὔτε
3672 2227 3721 2281 τὸ

2182 2318 2468 2384 ἀθάνατον,
2522 2320 2645 2374 οὔτε
2700 2320 2761 2375 τδ
2810 2321 3033 2389 ἀγαθὸν,
3065 2321 3188 2376 οὔτε
3238 2322 3365 2377 ἄλλο
3414 2322 3588 2376 τιτῶν
3614 2318 3720 2388 περὶ

2182 2407 2274 2462 τὸν
2329 2409 2459 2463 Θεὸν
2503 2410 2892 2481 θεωρουμένων
2937 2411 3082 2479 λέγω
3143 2406 3288 2465 εἶναι
3343 2410 3616 2478 ἐπίκτητον
3657 2407 3721 2477 τῷ

2183 2501 2321 2571 ἁγίῳ
2399 2499 2695 2571 Πνεῦματι,
2746 2502 2881 2557 ἀλλὰ
2943 2502 3101 2569 φύσει
3172 2502 3355 2571 ἅγιον,
3404 2502 3554 2571 φύσει
3611 2500 3724 2566 ἁγαο

2183 2592 2309 2656 θδν,
2369 2591 2527 2659 φύσει
2592 2592 2868 2663 ἄφθαρτον
2916 2593 2991 2655 ὡς
3040 2591 3272 2661 Πνεῦμα
3338 2592 3493 2656 Θεοῦ,
3556 2591 3641 2644 καὶ
3676 2588 3722 2652 ἐξ

2183 2681 2346 2735 αὑτοῦ
2382 2682 2646 2754 πηγάζον,
2681 2684 2855 2736 εἵτουν
2909 2682 3365 2754 ἐκπορευόμενον,
3423 2683 3501 2735 ἶν’
3548 2684 3605 2734 ὲκ
3643 2678 3721 2733 τοῦ

2184 2772 2399 2841 πρώτου
2463 2774 2570 2826 τῶν
2624 2774 2683 2827 ὲν
2737 2776 2850 2837 τοῖς
2906 2776 3307 2842 οίκουμενικοῖς
3339 2773 3718 2843 διαλαμψάντων

2186 2864 2479 2935 συνεδρίοις
2511 2866 2820 2936 ποιήσωμαι
2844 2866 2941 2935 τὴν
2970 2866 3166 2936 ἀρχήν.
3212 2866 3352 2919 Ἀλλ’
3375 2866 3449 2927 ὡς
3485 2865 3552 2933 μὴ
3585 2867 3722 2916 ἐπεκ-

2182 2955 2407 3007 τείνοιτο
2445 2955 2511 3007 τὰ
2539 2954 2630 3007 τοῦ
2671 2956 2850 3021 λόγου,
2879 2955 2986 3008 τῶν
3011 2955 3188 3009 ἄλλων
3216 2957 3504 3018 ἐκστάντες
3529 2956 3723 3006 ἐπιστα-

2184 3048 2352 3108 τικοῖς
2383 3046 2779 3115 ὲνατενίσωμεν
2816 3045 3112 3115 ὀφθαλμοῖς
3145 3048 3228 3109 εἰς
3257 3048 3291 3100 ἆ
3320 3063 3449 3116 φησι
3489 3044 3723 3116 Κύριλλος

502 3135 683 3188 litium
729 3151 850 3191 esse
898 3134 1125 3207 Spiritui
1179 3145 1394 3203 saneto,
1453 3138 1546 3192 sed
1587 3147 1783 3193 natura
1830 3151 2079 3203 sanctus,

2183 3139 2210 3189 ὁ
2242 3136 2499 3199 θεόπνους
2528 3140 2608 3199 εἰς
2639 3139 2795 3208 ῥῆσιν
2840 3138 2990 3207 ἱερὰν
3029 3137 3392 3208 εὐαγγελικὴν
3444 3138 3555 3206 τὴν,
3610 3153 3627 3186 ι
3662 3133 3725 3187 Τὸ

498 3237 696 3280 natura
723 3226 921 3292 bonus,
958 3237 1155 3282 natura
1188 3229 1618 3298 incorruptibilis
1669 3240 1772 3295 est,
1818 3241 2075 3301 tanquam

503 3320 599 3386 qui
644 3318 884 3390 Spiritus
907 3319 1000 3373 Dei
1031 3329 1139 3386 est,
1168 3330 1222 3375 et
1254 3336 1319 3375 ex
1344 3320 1462 3390 ipso
1502 3322 1704 3386 exsilit,
1755 3323 1807 3376 id
1835 3333 1918 3378 est
1950 3340 2079 3393 pro-

502 3411 674 3472 cedit,
710 3429 728 3462 ι
767 3419 826 3464 ut
870 3425 933 3464 ex
959 3410 1158 3479 primo,
1207 3410 1301 3479 qui
1332 3411 1382 3463 in
1458 3412 1855 3468 universaLbus
1881 3416 2079 3471 sessio-

501 3503 668 3558 nibus
686 3500 915 3555 illustris
938 3501 1156 3555 habitus
1183 3510 1287 3566 est,
1329 3501 1657 3571 principium
1708 3520 1940 3561 sumam.
1967 3506 2075 3562 Sed

501 3608 574 3648 ne
606 3593 780 3647 oratio
836 3591 1051 3661 longius
1107 3592 1475 3661 protrahatur,
1554 3592 1773 3648 omissis
1819 3595 1940 3652 aliis
1992 3607 2081 3651 at-

501 3694 689 3739 tentos
742 3682 970 3755 ﬁgamus
1008 3683 1198 3739 oculos
1236 3684 1303 3738 ad
1348 3699 1411 3737 ea
1470 3699 1591 3752 qua:
1629 3684 1815 3740 divino
1865 3686 2078 3744 adlatus

503 3778 699 3847 spiritu
734 3775 969 3847 Cyrillus
1006 3776 1217 3833 dicitiu
1279 3775 1668 3844 Evangelieum
1719 3793 1933 3833 sacrum
1991 3781 2079 3835 di-

500 3880 675 3932 ctum,
710 3885 728 3917 ι
757 3867 1016 3936 Spiritum
1038 3866 1300 3932 veritatis,
1334 3867 1423 3936 qui
1454 3882 1521 3921 ex
1551 3866 1711 3922 Patre
1737 3871 2072 3939 procedit’,»

504 3960 771 4021 clamans,
800 3959 957 4028 cujus
1005 3958 1149 4027 apud
1186 3972 1376 4013 omnes
1428 3959 1641 4027 publica
1707 3962 2079 4034 continuaque

504 4060 692 4103 contra
718 4064 819 4103 nos
847 4049 1099 4119 repetitio
1140 4059 1196 4104 et
1225 4048 1564 4107 conrnlcatio
1586 4060 1687 4105 est.
1744 4052 1842 4108 llic
1870 4055 2076 4109 etenim

505 4142 573 4195 de
613 4142 805 4196 eodem
858 4141 912 4194 in
940 4150 1095 4196 sexto
1144 4141 1213 4196 ad
1248 4140 1522 4198 llerntiam
1582 4144 1696 4200 suis
1751 4146 2080 4204 sublimibus

505 4232 708 4295 verbis,
738 4240 793 4285 et
826 4232 901 4285 uti
934 4231 1254 4302 magistrum
1274 4233 1464 4288 addeei
1486 4242 1526 4297 t,
1563 4234 1813 4290 decernit
1842 4254 1855 4291 :
1893 4257 1909 4288 ι
1938 4237 2077 4292 Num

508 4322 602 4377 tibi
657 4322 875 4377 allatum
917 4322 1201 4392 eloquium
1238 4325 1552 4388 tnnOtescit,
1608 4326 1870 4396 videsque
1904 4328 2087 4398 Spiri-~

508 4426 563 4469 tu
590 4433 620 4468 u
662 4416 907 4470 veritatis
938 4414 1277 4471 Paracletum
1322 4418 1711 4487 nuncupasse?
1764 4418 1905 4474 Dicit
1931 4420 2076 4473 enim

2143 3235 2148 3241 ‘
2189 3227 2411 3297 Πνεῦμα
2432 3229 2528 3298 τῆς
2556 3228 2833 3299 ἀληθείας,
2869 3227 2896 3280 ὃ
2928 3229 3076 3297 παρὰ
3109 3229 3201 3282 τοῦ
3231 3222 3729 3300 Πατρδςὲκπορεῦρ

2184 3336 2323 3380 εται,
2369 3338 2387 3370 ι
2428 3319 2726 3386 φνωνοῦσαν,
2774 3315 2841 3390 ἧς
2872 3320 2928 3372 τὸ
2981 3319 3343 3390 ἀπεριλάλητον
3377 3319 3466 3371 καὶ
3511 3318 3729 3385 ἀεικίνη-

2185 3428 2276 3464 τον
2313 3410 2434 3464 καθ’
2466 3411 2638 3482 ἡμῶν.
2681 3404 2850 3474 Οὗτος
2885 3412 2978 3464 καὶ
3026 3412 3134 3482 γὰρ
3167 3414 3298 3479 περὶ
3348 3411 3511 3481 αὐτῆς
3552 3410 3606 3461 ὲν
3656 3405 3723 3474 τῷ

2184 3502 2328 3572 ἕκτῳ
2358 3502 2463 3555 τῶν
2488 3502 2625 3572 πρὸς
2662 3503 2916 3573 Ἑρμείαν
2944 3502 3270 3573 ὑψηγορίαις
3301 3501 3449 3555 οὕτω
3500 3500 3724 3554 διδασκα-

2184 3594 2361 3657 λικαῖς
2388 3592 2750 3663 ἀποφαίνεται
2777 3610 2790 3624 ο
2822 3610 2841 3645 ι
2877 3586 3025 3663 Ἀρά
3051 3609 3133 3646 σοι
3172 3592 3343 3661 σαφὲς
3374 3595 3436 3647 τὸ
3463 3584 3721 3659 παροισθέν

2185 3687 2301 3740 ἐστι
2331 3686 2533 3755 λόγιον,
2561 3688 2657 3740 καὶ
2682 3685 3079 3756 προσδέδορκας
3114 3685 3198 3739 ὅτι
3228 3683 3450 3754 Πνεῦμα
3488 3683 3578 3752 μὲν
3611 3678 3731 3747 ἀληο

2185 3776 2334 3839 θείας
2357 3776 2608 3845 ὠνόμασε
2638 3778 2726 3829 τὸν
2753 3777 3129 3847 Παράκλητον,
3171 3776 3277 3845 ἔφη
3299 3792 3361 3845 γε
3384 3774 3486 3845 μὴν
3510 3770 3579 3833 ὡς
3607 3766 3723 3838 πρόο

2183 3884 2321 3920 εισιν
2344 3870 2408 3921 ἐκ
2448 3867 2680 3938 Πατρὸς,
2719 3867 2825 3921 ίδια
2854 3870 3031 3921 πάντα
3068 3866 3285 3930 δεικνὺς
3335 3863 3519 3919 ἑαυτοῦ
3556 3862 3617 3915 τὰ
3641 3857 3720 3911 τοῦ

2185 3959 2415 4029 Πατρός.
2447 3981 2469 4012 ι
2518 3959 2576 4013 '0
2604 3960 2763 4024 αὐτὸς
2796 3961 2854 4012 ἐν
2906 3959 2983 4031 τῷ
3039 3960 3189 4031 αὐτῷ
3218 3960 3354 4030 πρλις
3405 3957 3493 4011 τὸν
3546 3952 3727 4008 αὐτόν’Δ

2193 4067 2213 4102 ι
2246 4050 2442 4121 Συνίης
2468 4045 2561 4103 οῦν
2585 4049 2734 4113 ὅπως
2759 4048 2835 4114 ὡς
2867 4049 3000 4103 ἴδιον
3035 4050 3433 4119 ἐπαγγέλλεται
3465 4044 3725 4109 καταπέμο

2184 4142 2309 4212 ψειν
2326 4143 2456 4213 ἡμῖν
2481 4141 2540 4195 τὸ
2565 4141 2630 4196 ἐκ
2665 4141 2760 4195 τοῦ
2794 4142 3007 4213 Πατρός
3034 4159 3048 4208 ;
3084 4144 3181 4197 καὶ
3214 4142 3437 4213 Πνεῦμα
3466 4142 3556 4210 μὲν
3608 4134 3721 4201 ἀλη-

2188 4234 2341 4297 θείας
2380 4233 2666 4298 ἀποκαλεῖ,
2698 4231 3016 4304 προχεῖσθαί
3039 4247 3103 4302 γε
3135 4233 3245 4303 μὴν
3271 4232 3329 4299 ἐξ
3366 4230 3521 4285 αὑτοῦ
3559 4223 3719 4295 διωρί-

2186 4342 2317 4380 σατο
2350 4324 2441 4379 τοῦ
2466 4324 2698 4396 Πατρός.
2721 4325 2830 4378 Καὶ
2855 4323 2961 4394 μὴν
2995 4324 3077 4378 ὅτι
3106 4328 3199 4377 καὶ
3229 4322 3558 4395 μαρτυρήσει
3611 4314 3717 4384 περὶ

2187 4416 2352 4472 αὑτοῦ
2380 4418 2825 4490 προμεμήνυκεν.
2859 4435 2878 4469 ι
2913 4417 2976 4470 Et
3007 4415 3137 4485 γοῦν
3162 4416 3424 4486 Κύριλλος
3451 4415 3478 4466 ὁ
3504 4410 3717 4478 θεόφρων

509 4506 761 4577 progredi
790 4522 852 4560 ex
889 4506 1066 4570 Patre,
1124 4505 1303 4559 omnia
1334 4505 1436 4561 sibi
1462 4506 1680 4575 propria
1743 4522 1863 4576 qua:
1906 4507 2080 4562 Patris

2189 4509 2350 4567 αὐτὸν
2403 4510 2492 4562 τὸν
2552 4509 2780 4578 Σωτῆρα
2815 4507 3149 4579 μαρτύρεται
3200 4506 3361 4575 φάναι
3399 4503 3471 4567 ὡς
3513 4500 3716 4567 πρόεισι

509 4608 637 4654 sunt
669 4600 987 4653 ostendens.
1026 4616 1043 4649 ι
1076 4596 1219 4652 [dem
1246 4598 1445 4652 ibidem
1485 4598 1552 4652 ad
1584 4601 1835 4653 eumdem
1873 4617 1886 4649 :
1934 4618 1950 4650 ι
1989 4599 2084 4652 ln-

511 4689 709 4756 telligis
745 4688 927 4758 itaque
951 4703 1055 4757 qua
1108 4689 1325 4744 ratione
1370 4690 1448 4753 uti
1497 4690 1773 4760 proprium
1815 4689 2083 4760 promittit

505 4785 666 4838 nobis
704 4783 919 4839 mittere
939 4784 1033 4853 qui
1072 4799 1135 4837 ex
1192 4784 1349 4839 Patre
1395 4794 1518 4847 est,
1567 4791 1623 4838 et
1668 4783 1934 4855 Spiritum
1967 4787 2083 4856 qui-

507 4878 628 4927 dem
673 4873 919 4929 veritatis
953 4876 1211 4945 appellat.
1269 4875 1473 4930 ellundi
1506 4890 1637 4929 vero
1665 4890 1730 4928 ex
1776 4875 1892 4945 ipso
1926 4876 2082 4931 Patre

505 4967 770 5022 dclinivit.
831 4968 974 5033 Quin
1030 4969 1193 5022 etiam
1224 4968 1598 5022 testimonium
1638 4968 1706 5021 de
1742 4984 1802 5023 se
1842 4969 2079 5023 laturum

505 5060 908 5128 prt‘nuntiavit.
950 5078 967 5111 ι
1018 5060 1076 5115 Si
1135 5062 1314 5131 itaque
1364 5061 1601 5132 Cyrillus
1661 5060 1843 5116 divina
1899 5070 2081 5117 mente

507 5152 763 5219 praeditus
789 5154 1103 5221 testimonio
1126 5168 1225 5208 suo
1256 5154 1563 5213 confirmat.
1598 5154 1774 5223 ipsum
1837 5152 2083 5208 Salvato-

487 5258 620 5295 -rcm
656 5242 879 5307 dixisse,
920 5245 1301 5314 cum-progredi
1327 5255 1373 5298 et
1404 5245 1673 5315 profundi,
1708 5246 1849 5313 quod
1885 5245 1971 5299 ille
2001 5245 2084 5300 di-

504 5343 679 5397 xerat,
743 5336 994 5403 procedit,
1067 5336 1344 5406 quomodo
1399 5336 1669 5404 quispiam
1712 5335 2083 5401 aﬂirmaverit,

502 5424 650 5479 aliud
680 5435 736 5480 et
761 5426 934 5492 aliud,
977 5443 1100 5481 eum
1143 5428 1278 5482 sciat
1334 5427 1638 5482 secundum
1671 5441 1854 5507 veram
1886 5426 2086 5482 intelli-

502 5515 763 5587 gentiam,
821 5533 1214 5589 sacrorutnque
1248 5530 1475 5586 mystam
1530 5516 1801 5587 profundi,
1856 5526 1912 5570 et
1962 5535 2085 5585 pro-

504 5610 675 5681 gredi,
714 5621 767 5665 et
815 5614 1108 5680 procedere,
1164 5611 1234 5667 ita
1296 5609 1723 5683 pronuntiasse?
1764 5619 1851 5664 aut
1900 5613 2083 5683 potius

584 5787 603 5817 ⁸
631 5786 790 5845 Joan.
832 5808 920 5858 xv,
950 5793 1043 5848 ‘26.

2185 4598 2287 4652 καί
2320 4597 2649 4667 προχεῖται,
2681 4593 2761 4660 οἷς
2794 4597 3014 4667 εἴρηκεν
3050 4597 3451 4665 ἐκπορεύεται.
3476 4593 3583 4652 πῶς
3608 4584 3715 4640 ποτέ

2182 4707 2265 4753 τις
2288 4692 2405 4761 ὲρεί
2422 4688 2499 4752 ὦς
2525 4688 2652 4744 ἄλλο
2677 4689 2766 4743 καὶ
2783 4688 2910 4744 ἄλλο
2933 4687 3089 4752 είδὼς
3115 4688 3258 4742 κατὰ
3270 4687 3366 4757 τὴν
3391 4682 3627 4755 ἀλήθειαν
3638 4672 3713 4729 τοῦ

2183 4781 2302 4845 νοὸς
2330 4783 2357 4835 ὁ
2384 4781 2709 4851 ίερομύστης
2725 4780 2810 4833 ὅδε
2827 4780 2889 4834 τὸ
2906 4782 3163 4849 πρόεισι.
3191 4780 3286 4833 καὶ
3309 4774 3614 4846 προχεῖται,
3637 4766 3714 4821 καὶ

2184 4871 2565 4937 ἐκπορεύεται
2590 4869 2761 4934 οὕτως
2790 4870 3059 4942 ἐφησεν;ἢ
3086 4866 3500 4943 μᾶλλονόταῦτα
3518 4856 3713 4932 φθεγγάι

2188 4944 2347 5034 "avoc.
2373 4963 2490 5026 πῶς
2508 4963 2608 5016 οὐκ
2643 4963 3019 5030 ἀντικείμενος
3056 4962 3312 5035 ἐμφανῶς
3338 4961 3530 5015 ὲσείται
3559 4952 3626 5022 τῷ
3665 4962 3710 4999 τε

2186 5056 2430 5127 θωσὸφῳ
2463 5055 2836 5128 μυσταγωγεῖ),
2860 5057 2955 5111 καὶ
2970 5053 3378 5126 τολμηροτέρως
3405 5052 3492 5105 ἐπὶ
3532 5049 3590 5116 τῇ
3614 5036 3711 5097 κατ’

2186 5149 2349 5205 αὐτὸν
2364 5152 2602 5221 κυριακῇ
2625 5149 2903 5221 θεοστόμῳ
2925 5152 3077 5221 φωνῇ
3102 5167 3123 5216 -,
3144 5148 3326 5219 μέντοι
3352 5163 3415 5215 τε
3441 5138 3613 5209 καὶμὴ
3639 5133 3711 5187 οὒο

2190 5258 2297 5304 τως
2316 5241 2462 5313 ἔχειν
2474 5242 2523 5294 οί
2545 5241 2893 5306 ἁπεναντίας,
2907 5240 3030 5293 ἐπεὶ
3057 5238 3465 5311 μηχανήσασθαι
3477 5233 3620 5301 πόρον
3637 5224 3723 5284 εὗο.

2193 5336 2305 5403 ρείν
2341 5334 2442 5386 οὐκ
2465 5332 2643 5404 ἔσχον,
2677 5333 2758 5397 είς
2779 5332 2871 5386 τὸν
2901 5330 3011 5385 ἀπὸ
3046 5332 3251 5392 κοιλίας
3298 5324 3557 5383 κάνταῦθα
3581 5315 3708 5383 συνήο

2190 5427 2258 5495 θη
2292 5426 2445 5493 σφίσι
2472 5426 2570 5496 τῆς
2613 5424 2933 5495 ὁμωνυμίας
2963 5424 3164 5478 κανόνα
3213 5421 3491 5493 χωροῦσιν,
3522 5414 3602 5467 ἐπὶ
3626 5406 3712 5477 μὲν

2188 5516 2283 5571 τοῦ
2309 5517 2519 5589 lla-cpi);
2548 5519 2606 5570 ἐν
2630 5512 2712 5580 οἷς
2735 5516 2805 5581 ἐξ
2834 5514 3026 5571 αὑτοῦ
3057 5515 3118 5570 τδ
3155 5515 3344 5569 ταυτὸν
3392 5511 3478 5565 καὶ
3525 5500 3714 5568 σύνδρφ

2192 5628 2292 5681 μον
2347 5609 2445 5681 τῆς
2501 5607 2740 5674 διανοίας
2788 5611 2907 5674 ταῖς
2954 5606 3354 5680 διαληφθείσαις
3397 5600 3484 5657 καὶ
3530 5590 3705 5651 λοιπαῖς
