4072 6404
513 319 654 386 1Ξ83

1528 330 1831 393 CONTRA
1876 335 2257 397 MAXIMUM
2297 336 2740 401 PLANUDEM.

3617 339 3736 403 128$

512 442 678 497 riora.
737 440 1153 499 Generationem
1190 458 1317 499 vero
1356 444 1444 500 bic
1479 456 1534 501 et
1576 447 1646 500 ibi
1677 463 1771 516 per
1827 451 2077 505 eamdem

2193 454 2460 522 pivoswq,
2486 452 2556 509 ἵν’
2586 454 2757 519 οὕτως
2780 455 2941 520 εἴπω,
2969 453 3121 533 ᾒτῆς
3153 454 3286 526 πρὸς
3302 454 3501 525 sum
3525 452 3736 524 σχίσεωῖ

516 532 665 587 vorbi
709 532 1092 602 prolationem,
1156 541 1211 587 et
1245 534 1390 603 quod
1435 536 1507 589 ibi
1559 538 1714 601 dixit,
1756 540 2088 594 emissionem

516 622 602 675 bic
629 638 978 692 progressum,
1011 623 1158 677 hisce
1207 623 1439 689 duobus,
1494 643 1655 682 unam
1686 630 2093 697 processionem

519 713 862 781 signiﬁcavit.
911 714 970 767 In
1003 715 1373 772 Antirrltetico
1403 733 1532 772 vero
1567 721 1634 773 de
1672 718 1904 787 Spiritu,
1935 722 2092 776 emis-

517 805 732 866 sictt-‘m,
754 815 809 859 et
830 822 1185 876 progressum,
1227 819 1281 863 et
1310 813 1698 879 apparitionem
1732 815 2089 883 nuncupavit.

520 897 609 951 Sic
640 899 788 952 enim
843 901 1144 955 orationem
1205 903 1468 972 disponit,
1512 908 1688 974 .quasi
1747 908 2095 964 adversarius

514 990 832 1058 loqueretur
864 1007 880 1045 :
916 1010 935 1042 ι
972 991 1110 1057 Quid
1136 996 1314 1063 itaque
1338 1006 1419 1048 est
1449 996 1592 1065 quod
1648 998 1801 1053 deest
1834 997 2090 1069 Spiritui,

515 1095 583 1133 ne
615 1080 784 1133 Filius
829 1081 901 1135 sit
927 1081 949 1134 ?
979 1081 1190 1137 Etenim
1218 1084 1262 1138 si
1312 1085 1447 1139 nihil
1483 1086 1762 1153 deﬁceret,
1786 1088 1955 1144 Filius
1984 1090 2094 1143 uti-

512 1185 619 1240 que
640 1180 827 1239 esset;
872 1191 890 1225 ι
924 1182 1040 1228 tum
1067 1174 1254 1229 subdit
1310 1191 1326 1228 :
1385 1193 1404 1226 ι
1448 1176 1564 1231 Non
1590 1177 1783 1234 deesse
1812 1180 2044 1234 fatemur
2076 1197 2091 1235 :

515 1279 693 1333 neque
731 1266 878 1320 enim
930 1264 1075 1320 Deus
1132 1266 1485 1336 imperfectus
1539 1278 1643 1324 est.
1700 1269 2094 1325 Verumtamen

513 1357 897 1425 apparitionis,
937 1367 996 1412 ut
1042 1358 1113 1412 ita
1157 1358 1362 1420 dicam,
1417 1360 1502 1413 vel
1555 1362 1835 1416 relationis
1892 1374 2096 1416 mutua:

514 1447 836 1510 diversitas,
858 1449 1130 1504 diversam
1156 1466 1370 1519 quoque
1393 1451 1812 1520 appellationem
1844 1451 2042 1506 eﬂ'ecit.
2070 1470 2089 1503 ι

515 1535 804 1592 Manil’esto
832 1540 980 1592 enim
1010 1553 1076 1593 ex
1106 1540 1324 1594 diverso
1372 1542 1533 1596 modo
1570 1543 1928 1606 exsistentim,
1967 1558 2098 1612 pro-

514 1632 765 1686 cessione
799 1632 1021 1696 srilicnt,
1052 1649 1212 1701 quam
1242 1636 1631 1705 apparitionem
1672 1637 1762 1690 bic
1793 1646 2094 1713 nuncupat.

517 1721 754 1790 Spiritus
793 1720 958 1774 Filius
1003 1736 1108 1776 non
1146 1738 1268 1778 esse
1294 1725 1628 1794 agnoscitur,
1670 1736 1725 1780 et
1752 1726 1885 1781 bine
1915 1728 2097 1796 appel-

516 1813 784 1867 lationum
804 1812 1088 1868 diversitas
1123 1814 1412 1880 indicatur,
1439 1825 1495 1870 et
1526 1833 1680 1886 aeque
1709 1826 1873 1887 atque
1898 1818 2092 1873 fratres

511 1907 796 1975 conjungi.
840 1904 916 1958 uti
976 1907 1215 1961 lueretici
1272 1908 1567 1971 somniant,
1604 1910 1801 1978 rejicit.
1859 1909 2015 1965 Unde
2038 1920 2093 1965 et

521 1994 758 2048 Ecclesia
783 1997 966 2050 omnia
1016 1997 1127 2065 jam
1160 1998 1305 2052 dicta
1361 2015 1618 2069 sequens,
1679 2005 1979 2058 concinens
2033 2002 2092 2057 in

516 2088 758 2142 Canticis
778 2088 1026 2142 clamat:
1064 2107 1082 2139 ι
1121 2089 1340 2159 Absque
1370 2090 1659 2161 principio,
1698 2102 1752 2148 et
1790 2093 2096 2164 generatio-

515 2194 607 2243 ne,
644 2190 694 2233 et
715 2194 1025 2249 progressu,
1056 2180 1268 2235 Patrem
1295 2184 1464 2237 adoro
1484 2194 1859 2255 generantem,
1894 2185 2091 2240 Filium

516 2268 760 2338 gloriﬁco
804 2276 1144 2338 generatum,
1212 2272 1427 2341 hymnis
1464 2274 1791 2328 concelebro
1824 2272 2091 2343 Spiritum

517 2370 788 2425 sanctum,
810 2360 903 2431 qui
955 2377 1060 2416 una
1091 2378 1215 2416 curn
1254 2362 1412 2417 Patre
1429 2373 1487 2418 et
1520 2362 1656 2419 Filio
1688 2364 1878 2420 eluxit.
1917 2385 1936 2419 ι
1967 2366 2093 2421 Haec

517 2451 592 2506 ita
639 2465 764 2505 cum
792 2468 850 2507 se
877 2452 1136 2516 habeant,
1193 2462 1248 2508 et
1278 2455 1334 2508 in
1372 2445 1538 2510 rebus
1589 2456 1911 2527 theologicis
1975 2458 2095 2511 viro

518 2564 627 2603 neu
663 2548 1072 2603 contemnendo
1098 2548 1166 2603 de
1224 2550 1406 2604 verbis
1444 2562 1501 2604 et
1532 2549 1867 2615 nominibus,
1900 2566 2017 2621 qua.-
2041 2552 2095 2605 in

516 2641 720 2695 divinis
751 2642 1095 2712 dagmalibus
1120 2644 1462 2712 exponendis
1481 2659 1545 2699 ac
1565 2644 1914 2714 proferendis
1933 2661 2096 2699 usur-

514 2742 736 2802 pantur,
769 2734 1102 2787 decernente
1137 2751 1151 2786 :
1192 2752 1212 2785 ι
1249 2732 1437 2803 Neque
1470 2735 1615 2788 enim
1669 2735 1740 2790 de
1780 2736 2096 2793 nominibus

518 2823 939 2887 contendcnius,
966 2824 1262 2879 dummodo
1292 2824 1540 2879 eamdem
1557 2826 1881 2881 sententiain
1904 2843 2094 2883 eorum

518 2915 738 2985 syllabae
787 2915 1118 2984 exprimant,
1148 2935 1166 2967 ι
1230 2915 1610 2987 interrogatio,
1660 2919 1729 2973 de
1780 2934 1888 2988 qua
1948 2935 2095 2976 nunc

518 2998 714 3076 agitur,
740 3006 1011 3073 quomodo
1043 3005 1326 3069 subsistet,
1388 3006 1433 3060 si
1469 3022 1593 3077 qure
1629 3008 1718 3062 illa
1753 3011 2095 3077 processionis

520 3094 740 3148 nomine
773 3094 1032 3163 colligere
1049 3096 1352 3162 contendit,
1378 3096 1467 3151 illa
1498 3099 1710 3161 eadem,
1734 3109 1787 3153 et
1805 3101 2021 3170 eﬁ‘usion
2045 3116 2090 3165 ε,
2118 3121 2163 3179 c

519 3199 575 3243 ct
590 3202 915 3259 progressus,
931 3189 1309 3253 etemissiouis,
1330 3199 1386 3245 et
1415 3193 1761 3259 apparitionis
1776 3195 2093 3253 nominibus

518 3279 885 3347 colliguntur?
914 3278 1020 3333 Sed
1054 3294 1179 3334 cum
1213 3282 1266 3334 in
1298 3295 1499 3350 genere
1527 3283 1742 3349 quidem
1775 3284 2090 3349 refellimus,

517 3386 613 3441 per
644 3378 831 3440 partes
857 3372 1023 3425 etiam
1057 3388 1172 3426 rem
1215 3373 1615 3428 examinemus.
1650 3373 1938 3438 Processio,
1971 3393 2093 3446 qua:

516 3463 573 3517 in
616 3462 1043 3533 interrogatione
1072 3472 1178 3529 est,
1208 3463 1323 3518 sive
1352 3479 1675 3535 progressus,
1718 3476 1777 3520 ut
1819 3482 1920 3522 nos
1952 3468 2091 3523 dici-

519 3568 663 3617 mus,
686 3567 864 3621 neque
883 3555 1029 3607 enim
1050 3552 1119 3608 de
1144 3556 1416 3608 sententia
1436 3556 1691 3610 contendi
1706 3565 1815 3623 tur,
1840 3572 1905 3612 ex
1929 3556 2092 3614 Patre

515 3653 572 3700 et
603 3642 738 3698 Filio
768 3643 1007 3713 Spiritus
1041 3645 1237 3709 sancti,
1260 3646 1486 3715 simplex
1516 3655 1600 3700 est
1632 3662 1876 3719 unaque.
1904 3658 1959 3704 et
1979 3665 2091 3704 non

521 3738 745 3808 duplex,
779 3738 906 3792 licet
937 3738 1283 3809 interrogans
1332 3753 1455 3802 eam
1498 3739 1797 3808 simplicem
1828 3757 1948 3797 esse
1982 3759 2092 3797 non

517 3843 678 3897 posse
710 3842 776 3882 ex
802 3828 1018 3897 duplari
1049 3843 1280 3882 numero
1315 3828 1643 3899 redarguere
1690 3844 1942 3894 conetur,
1975 3846 2086 3887 ex-

514 3920 694 3990 emplo
728 3921 936 3974 numeri
965 3920 1032 3973 ad
1068 3919 1276 3973 dictum
1325 3934 1486 3974 suum
1517 3920 1952 3978 conﬁrmandum
1991 3938 2090 3978 as-

517 4020 759 4081 sumpto.
792 4009 1184 4065 Verumtamen
1233 4011 1287 4064 in
1333 4011 1655 4082 tbeologicis
1717 4029 1873 4069 mens
1938 4017 2089 4087 vigil,

516 4119 642 4158 eum
673 4103 924 4170 exemplo
958 4117 1122 4171 supra
1153 4117 1317 4157 omne
1359 4104 1690 4174 principium
1727 4105 1983 4162 Triadem
2032 4109 2091 4163 in

516 4211 576 4250 se
605 4195 717 4262 ipsa
740 4194 817 4247 uti
850 4193 1034 4256 habet,
1063 4195 1368 4264 exprimere
1403 4196 1574 4265 cupit,
1628 4198 1824 4253 clamat
1874 4217 1890 4255 :
1952 4220 1969 4251 ι
1996 4200 2091 4255 Li-

515 4293 604 4339 cet
636 4282 935 4339 similitudo
981 4284 1228 4353 quazdam
1276 4285 1604 4354 reperiatur,
1650 4288 1793 4355 quod
1839 4289 1960 4358 plus
2006 4299 2091 4344 est

516 4375 671 4446 fugit,
723 4375 1041 4444 relinquens
1090 4390 1177 4431 me
1208 4374 1351 4430 infra
1402 4388 1525 4431 cum
1580 4379 1851 4448 exemplo,
1901 4399 1920 4431 ι
1974 4389 2087 4435 tum

512 4468 775 4537 deinceps
815 4467 1007 4533 solem,
1038 4467 1247 4521 radimn
1288 4477 1341 4522 et
1389 4467 1594 4534 lumen,
1626 4470 2093 4536 oculum,l'ontem

515 4567 570 4613 et
616 4557 862 4618 lluvium.
906 4559 1122 4627 aliaque
1182 4559 1364 4614 tenuis
1411 4559 1786 4615 similitudinis
1844 4563 2091 4631 exempla

516 4649 792 4718 proponit.
826 4647 891 4702 Et
929 4634 1021 4717 qui
1056 4664 1222 4705 aurea
1255 4650 1436 4721 lingua
1469 4653 1727 4722 praeditus
1759 4664 1872 4718 est,
1903 4654 1953 4709 in
1989 4655 2094 4710 Ex-

517 4739 788 4810 positione
844 4739 1219 4804 Psalmorum,
1270 4759 1289 4792 ι
1337 4740 1532 4809 Radix,
1577 4745 1675 4807 ait,
1728 4746 1850 4799 lidei
1907 4745 2088 4810 Pater,

518 4846 702 4886 ramus
747 4831 1214 4886 immarcescibilis
1259 4832 1472 4899 Filius,
1519 4835 1728 4892 fructus
1766 4836 2092 4893 immortalis

516 4923 754 4994 Spiritus
796 4931 1040 4978 sanctus.
1074 4940 1093 4974 ι
1129 4923 1196 4978 Ει
1227 4939 1295 4980 ex
1329 4925 1530 4980 divinis
1557 4925 1808 4982 Patribus
1839 4928 1929 4982 alii
1976 4930 2092 4984 hac

392 5076 411 5083 ,
511 5017 726 5080 eadem,
765 5015 850 5071 vel
894 5015 995 5070 alia
1045 5015 1197 5071 bisee
1252 5033 1361 5072 non
1414 5017 1725 5082 dissimilia,
1760 5034 1831 5074 ne
1875 5020 2090 5089 singula

515 5123 833 5164 recenseam
862 5151 877 5175 ,
923 5110 1126 5180 quibus
1159 5109 1345 5164 divina
1392 5120 1573 5165 mente
1610 5112 1824 5182 praediti
1867 5112 2090 5178 Patres,

515 5201 589 5253 uti
619 5214 687 5255 ιι
713 5204 827 5255 sole
858 5217 953 5270 per
979 5202 1192 5255 radium
1224 5201 1434 5264 lumen,
1466 5218 1532 5256 ex
1566 5203 1723 5257 Patre
1760 5218 1859 5273 per
1893 5203 2088 5258 Filium

513 5289 747 5359 Spiritus
775 5292 1172 5359 apparitionem
1209 5292 1543 5360 exprimunt,
1578 5293 1652 5347 uti
1687 5311 1754 5347 ex
1792 5294 1953 5348 oculo
1984 5294 2089 5349 llu-

512 5380 659 5436 vium
687 5396 784 5449 per
807 5380 1037 5447 fontem,
1060 5382 1133 5436 uti
1164 5397 1226 5437 ex
1261 5381 1445 5436 radice
1468 5397 1564 5450 per
1589 5399 1799 5437 ramum
1822 5386 2084 5440 fructutn:

510 5474 594 5526 sic
624 5474 791 5527 etiam
838 5486 902 5527 ex
940 5474 1094 5528 radio
1142 5488 1439 5544 possumus
1486 5474 1693 5541 dicere,
1737 5491 1843 5530 nec
1874 5491 1985 5530 non
2024 5490 2089 5531 ex

514 5580 688 5627 ramo,
719 5572 775 5617 et
814 5579 879 5617 ex
919 5563 1090 5632 fonte,
1128 5571 1193 5621 de
1220 5581 1286 5620 eo
1315 5566 1461 5635 quod
1502 5568 1833 5636 exprimitur
1868 5582 1967 5636 per
1999 5564 2093 5621 Fi-

516 5657 648 5709 lium
681 5666 731 5709 et
764 5671 828 5709 ex
865 5655 1023 5721 Filio,
1060 5673 1183 5713 cum
1226 5662 1397 5715 amba:
1447 5661 1529 5715 bu:
1577 5660 1990 5730 prmpositiones
2035 5660 2091 5713 in

522 5746 755 5799 naturali
808 5761 1129 5816 progressus
1179 5752 1546 5820 mcdiatione,
1605 5754 1678 5807 uti
1762 5750 2088 5821 diviniloqui

2195 545 2472 615 διάφορον,
2504 546 2762 616 διάφορον
2806 545 2900 599 καὶ
2925 546 3024 615 τὴν
3058 546 3247 614 κλῆσιν
3308 545 3483 598 αὐτῶν
3521 545 3734 611 πεποίη-

2193 651 2310 689 κεν.
2342 654 2364 687 ν
2414 635 2707 706 Ἀριδήλως
2739 637 2848 707 γὰρ
2878 639 2940 689 ὲκ
2970 633 3064 689 τοῦ
3107 634 3364 705 διαφόρου
3413 635 3604 703 τρόπου
3658 631 3737 684 τοῦ

2195 727 2292 795 τῆς
2329 727 2640 797 ὑπάρξεως,
2663 726 2717 791 ὃς
2747 731 2780 798 ὴ
2820 728 3167 797 ὲκπὸρευσις,
3196 726 3264 795 ἢν
3295 726 3548 794 ἔκφανσιν
3573 724 3737 776 ἐνθάδε

2191 818 2369 879 καλεῖ,
2399 819 2473 888 μὴ
2515 818 2575 871 τὸ
2602 819 2825 887 Πνεῦμα
2861 818 2991 871 Υίον
3015 814 3152 872 εἶναι
3177 818 3519 887 γνωρίζεται,
3576 818 3658 868 καὶ
3687 816 3737 867 τὸ

2195 907 2300 961 τῶν
2330 909 2575 977 κλήσεων
2610 908 2860 963 ἐντεῦθεν
2892 908 3183 982 τρανοῦται
3234 906 3512 979 διάφορον,
3564 908 3650 960 καὶ
3687 906 3738 959 τὸ

2193 1000 2503 1071 ἀδελφικῶς
2538 1001 2974 1071 ἀμφωὴνῶσθαι
3020 1001 3163 1054 κατᾶ
3210 999 3340 1063 τοὺς
3400 997 3737 1069 αίρετίζοντας

2194 1092 2611 1160 ἀποπέμπεται.
2643 1091 2809 1146 Ὅθεν
2842 1097 2932 1146 καὶ
2965 1094 2998 1163 ὴ
3046 1091 3344 1160 Ἐκκλησία
3367 1092 3476 1153 τοῖς
3526 1090 3737 1160 ῥηθεῖσιν

2191 1181 2398 1236 ἅπασιν
2443 1183 2683 1256 ἑπομένη
2738 1184 3017 1254 ψάλλουσα
3058 1181 3377 1253 μελῳδικῶς
3439 1180 3732 1247 ἀνακράζει,

2200 1290 2220 1325 ι
2269 1275 2514 1343 ’Ᾱνάρχῳ
2566 1277 2661 1327 καὶ
2714 1276 2966 1347 γεννήσει
3022 1290 3082 1327 τε
3130 1273 3225 1326 καὶ
3289 1271 3496 1341 προόδῳ
3545 1270 3734 1338 Πατέρα

2195 1364 2489 1433 προσκυνῶ
2517 1364 2605 1418 τὸν
2630 1365 2992 1435 γεννήσαντα.
3028 1362 3159 1415 Υίδν
3201 1360 3409 1426 δοξάζω
3457 1360 3540 1412 τὸν
3569 1375 3736 1427 γεννη-

2194 1453 2378 1514 θέντα,
2410 1455 2564 1524 ὐμνῶ
2599 1454 2660 1507 τδ
2693 1453 3084 1523 συνεκλάμψαν
3116 1454 3296 1524 Πατρὶ
3329 1452 3425 1506 καὶ
3455 1450 3561 1520 Υίῷ
3586 1447 3732 1503 Πνεῦ-

2199 1563 2275 1616 μα
2297 1545 2474 1614 ἀγιον.
2511 1565 2529 1597 ι
2566 1547 2677 1600 Καὶ
2696 1546 2902 1599 τούτων
2925 1543 3099 1607 οὕτως
3118 1545 3372 1614 ἑχόντων,
3407 1542 3495 1595 τοῦ
3524 1540 3566 1593 τ’
3596 1540 3733 1609 ἀκρίς

2201 1654 2360 1708 μονος
2395 1640 2452 1691 ἐν
2480 1637 2785 1707 θεολογίαις
2813 1637 2905 1690 ἐπί
2955 1654 3014 1690 τε
3053 1634 3340 1708 ῥημάτων,
3375 1636 3469 1688 καὶ
3495 1634 3735 1703 ὀνομάτων

2199 1731 2258 1784 ἐν
2291 1732 2404 1793 τοῖς
2438 1734 2519 1791 είς
2543 1729 2603 1781 τδ
2627 1730 2781 1783 Θεῖον
2804 1728 3068 1798 δόγμασιν
3096 1718 3287 1789 ἀτελῶς
3321 1726 3415 1779 καὶ
3443 1726 3729 1793 φωνήμασιν

2197 1818 2655 1889 ἀποφαινομένου,
2690 1837 2707 1870 ι
2748 1818 2881 1871 Οὐδὲ
2907 1819 3012 1889 γὰρ
3045 1818 3174 1888 περὶ
3228 1815 3335 1868 τῶν
3361 1815 3621 1885 ὀνομάτων
3653 1811 3732 1875 Cu-

2194 1910 2604 1978 γομαχήσομεν,
2637 1908 2743 1970 ἕως
2772 1906 2838 1960 ἂν
2870 1908 2949 1968 εἰς
2978 1907 3077 1978 τὴν
3105 1907 3279 1978 αὐτὴν
3317 1907 3515 1961 ἔννοιαν
3554 1905 3603 1957 αἱ
3630 1902 3737 1955 συλ-

2194 2000 2358 2054 λαϐαὶ
2377 2001 2637 2070 φέρωσιν,
2651 2017 2669 2050 ι
2692 2001 2724 2068 ἡ
2745 1999 2876 2068 περί
2893 1995 2960 2069 ἧς
2977 1999 3173 2067 ὀλὸγος
3195 1998 3462 2070 ἐρώτησις
3483 1996 3626 2049 ποίαν
3642 1992 3735 2056 ἕξει

2194 2090 2292 2160 τὴν
2314 2091 2596 2154 σύστασιν,
2628 2091 2786 2160 εἴπερ
2801 2089 3109 2157 ἀσυνάγειν
3142 2087 3428 2157 ἐπείγεται
3450 2085 3558 2153 τὴν
3582 2082 3733 2137 ἐκπό-

2187 2195 2426 2251 ρευσιν,
2448 2180 2619 2235 ταῦτα
2635 2182 2728 2235 καλ⁵
2755 2181 2870 2248 apd
2872 2195 3054 2251 χυσις
3077 2181 3367 2251 συναγάγῃ
3387 2179 3479 2231 καὶ
3492 2174 3734 2245 πρόοδος,

2193 2272 2511 2340 ἕκπεμψις,
2568 2273 2887 2339 amanter;
2958 2287 3018 2324 τε
3077 2270 3172 2324 καὶ
3223 2269 3535 2339 ἕκςρανσις.
3600 2265 3733 2319 Ἀλλᾶ

2195 2361 2427 2415 καθόλου
2450 2365 2539 2414 τὸν
2566 2361 2783 2432 ἔλεγχον
2807 2361 3105 2430 στήσαντες
3148 2361 3247 2414 καὶ
3271 2360 3409 2414 κατὰ
3450 2359 3598 2427 μέρος
3621 2354 3733 2407 διέλ-

2199 2453 2400 2521 θωμεν.
2441 2451 2833 2519 Ἐκπόρει-σις
2867 2453 2898 2521 ἠ
2928 2448 3048 2502 κατ’
3080 2449 3376 2520 ἐρώτησιν,
3405 2448 3436 2518 ἢ
3462 2443 3730 2516 πρόοδος-ὴ

2197 2542 2322 2597 καθ’
2355 2542 2521 2611 ἡμᾶς,
2559 2539 2865 2611 ζυγομαχία
2887 2540 2994 2609 γὰρ
3027 2538 3261 2608 οὐδεμία
3284 2538 3420 2593 κατὰ
3448 2538 3679 2593 διάνοιαν,
3706 2533 3731 2602 ἦ

2197 2635 2262 2687 ὲκ
2296 2631 2510 2702 Πατρδς
2561 2632 2655 2686 καὶ
2693 2631 2819 2683 Υίοῦ
2870 2630 2964 2682 τοῦ
3024 2629 3180 2697 ἁγίου
3238 2629 3565 2699 Πνεῦματος,
3611 2624 3731 2690 ἁπλῆ

2196 2727 2311 2779 ιστι
2346 2726 2436 2778 καὶ
2461 2723 2658 2783 ἑνιαία.
2692 2726 2787 2776 καὶ
2829 2722 2889 2775 οὐ
2922 2721 3109 2789 διπλῆ.
3176 2722 3370 2788 Ὅμως
3395 2723 3422 2773 ὁ
3466 2717 3657 2788 ἐρωτῶν
3682 2713 3731 2765 τὸ

2201 2818 2276 2887 μὴ
2307 2810 2448 2868 εἷναι
2493 2814 2754 2868 δύνασθαι
2786 2814 2992 2867 ἁπλοῦν
3022 2814 3083 2865 ὲκ
3109 2812 3320 2877 δυάδος,
3350 2812 3427 2873 εἰς
3457 2803 3730 2877 ἀνατροπὴν

2195 2907 2488 2977 λαμϐάνει,
2522 2906 2933 2977 παραδείγματι
2955 2904 3032 2976 τῷ
3054 2904 3150 2958 τοῦ
3187 2902 3421 2974 ἀριθμοῦ
3460 2903 3535 2963 είς
3560 2898 3731 2951 πίστω-

2197 3016 2283 3053 σιν
2311 2999 2611 3071 χρώμενος.
2644 3001 2703 3053 Ὀ
2728 3000 2859 3070 γοῦν
2883 3002 2940 3054 ἐν
2967 2999 3220 3069 θεολογίᾳ
3244 2999 3508 3068 γρήγορος
3527 2993 3634 3055 νοῦς
3649 2988 3731 3058 τὴν

2197 3092 2531 3164 ὕπεράρχιον
2560 3093 2764 3163 Τριάδα
2798 3092 2966 3145 θέλων
3004 3092 3274 3145 είκονίσαι
3303 3090 3434 3161 πρὸς
3473 3084 3651 3153 ἑαυτὴν
3669 3082 3730 3144 ὡς

2196 3182 2332 3255 ἔχει,
2365 3184 2777 3255 πρεαναφωνῶν
2810 3184 3003 3254 φθάνει
3029 3200 3043 3215 ⁸
3075 3202 3093 3235 ‹
3126 3184 3251 3237 Κᾶν
3273 3182 3524 3253 ὁμοίωσίς
3549 3194 3623 3239 τις
3652 3171 3729 3226 εὖ·

2199 3276 2350 3347 Ρεθῇο
2384 3275 2579 3342 φεύγει
2610 3275 2670 3329 τὸ
2694 3275 2857 3328 πλέον
2885 3275 3021 3345 ἀφέν
3050 3292 3117 3344 με
3154 3276 3307 3330 κάτω
3339 3271 3472 3344 μετά
3488 3269 3570 3324 τοῦ
3612 3269 3729 3320 ὁποι

2193 3365 2504 3434 δείγματος,
2544 3383 2563 3417 ι
2625 3365 2719 3418 καὶ
2768 3366 3004 3436 καθεξῆς
3050 3365 3229 3436 ἥλιον,
3263 3366 3455 3418 ἀκτῖνα
3490 3361 3574 3414 καὶ
3603 3356 3725 3426 φῶςι

2193 3459 2496 3527 ὀφθαλμὸν,
2532 3460 2718 3530 πηγήν
2749 3477 2810 3513 τε
2844 3460 2939 3513 καὶ
2970 3460 3240 3530 ποταμὸν,
3272 3462 3364 3513 καὶ
3396 3456 3546 3511 λοιπὰ
3577 3467 3727 3522 παρα·

2195 3550 2508 3620 πλήσιατῆς
2526 3551 2777 3621 ἀμυδρᾶς
2793 3550 3113 3621 ὁμοιώσεως
3125 3553 3312 3623 τίθησι
3329 3546 3725 3621 παραδείγματα.

2197 3642 2264 3696 Ὅ
2295 3659 2353 3696 τε
2379 3642 2616 3712 χρυσοῦς
2646 3640 2748 3713 τὴν
2796 3643 3049 3711 γλῶσσαν
3082 3645 3140 3697 ὲν
3172 3643 3486 3716 ἑρμηνείαις
3506 3642 3611 3700 ταῖς
3638 3632 3727 3687 τῶν

2193 3733 2465 3804 Ψαλμῶν,
2500 3751 2518 3785 ι
2557 3733 2735 3799 Ῥίζα,
2770 3735 2930 3807 φησὶ,
2973 3734 3216 3799 πίστεως
3259 3737 3289 3789 δ
3343 3731 3540 3801 Πατὴρ,
3564 3723 3727 3784 κλάδος

2194 3827 2512 3897 ἀμάραντος
2541 3827 2569 3881 ὅ
2601 3826 2752 3890 Υῑὸς.
2784 3826 2999 3895 καρπὸς
3026 3827 3297 3889 ἀθάνατος
3324 3828 3385 3879 τὸ
3428 3820 3630 3888 Πνεῦμα
3675 3811 3725 3865 τὺ

2193 3917 2369 3988 ἀγιον.
2408 3936 2427 3970 ι
2458 3920 2569 3973 Καὶ
2598 3917 2707 3971 τῶν
2738 3917 3088 3989 θεοφορήτων
3137 3918 3293 3973 ἄλλοι
3324 3916 3391 3970 τὰ
3418 3914 3565 3976 αὐτὰ,
3588 3901 3725 3973 ἕτερά

2192 4030 2253 4065 τε
2280 4010 2486 4073 τούτοις
2525 4011 2883 4081 παρεμφερῆ,
2917 4008 3004 4063 ἶνα
3028 4008 3104 4081 μὴ
3129 4009 3495 4080 ἀπαριθμοίην
3524 4000 3726 4057 καθέκα-

2196 4120 2316 4165 στα,
2349 4102 2411 4165 ἐξ
2440 4096 2515 4155 ὢν
2549 4102 2600 4155 ol
2646 4101 2960 4171 θεόφρονες,
3016 4100 3091 4165 ῶς
3124 4103 3189 4155 ὲκ
3219 4094 3313 4155 τοῦ
3363 4099 3507 4170 ἡλίου
3538 4093 3615 4147 διὰ
3641 4088 3723 4157 τῆς

2194 4198 2413 4259 ἀκτῖνος
2439 4195 2499 4249 τὺ
2529 4193 2666 4262 φῶς,
2686 4195 2784 4264 τὴν
2812 4196 2874 4249 ὲκ
2904 4194 3121 4265 Πατρδς
3145 4193 3213 4247 δι’
3242 4192 3365 4248 Υίοῦ
3395 4191 3481 4243 τοῦ
3505 4182 3720 4250 Πνεῦμα·

2191 4303 2285 4351 τος
2313 4284 2675 4350 είκονίζουσιν
2706 4284 2992 4354 ἔκφανσιν,
3044 4284 3122 4349 ὡς
3146 4288 3210 4339 ὲκ
3240 4283 3333 4337 τοῦ
3363 4274 3618 4349 ὀφθαλμοῦ
3643 4271 3719 4369 τὸν

2199 4378 2448 4449 ποταμὸν
2492 4378 2580 4432 διὰ
2612 4376 2713 4447 τῆς
2761 4377 2965 4446 πηγῆς,
2999 4377 3077 4440 ὡς
3108 4378 3173 4429 ἐκ
3204 4377 3298 4447 τῆς
3351 4372 3497 4446 ῥίζης
3540 4369 3615 4420 aii
3640 4377 3716 4415 του

2127 4450 2170 4506 θ
2199 4471 2396 4526 κλάδου
2428 4470 2520 4524 τὸν
2565 4469 2780 4541 καρπόν
2799 4485 2814 4501 ο
2877 4469 3017 4523 ἀλλά
3067 4471 3163 4523 καὶ
3193 4471 3258 4522 ὲκ
3283 4468 3377 4538 τῆς
3405 4465 3599 4521 ἀκτῖνος
3622 4456 3715 4507 ἐστι

2194 4562 2395 4632 λέγειν,
2425 4564 2489 4614 ἐκ
2520 4561 2614 4615 τοῦ
2648 4561 2847 4615 κλάδου
2882 4577 2943 4614 τε
3002 4561 3098 4615 καὶ
3127 4565 3191 4615 ἑκ
3222 4560 3317 4629 τῆς
3354 4555 3542 4625 πηγῆς,
3568 4547 3646 4602 ἐπί
3668 4557 3713 4595 τε

2194 4656 2288 4710 τοῦ
2322 4652 2723 4723 είκονιζομένου
2753 4653 2821 4705 δι’
2848 4652 2980 4706 Υἱοῦ
3011 4669 3071 4705 τε
3100 4654 3192 4706 καὶ
3218 4652 3275 4719 ἐξ
3313 4647 3437 4703 Υίοῦ
3478 4639 3711 4709 ἑκατέρων

2194 4745 2335 4799 κατᾶ
2354 4745 2478 4805 τοὺς
2508 4743 2812 4813 θεηγὸρους
2847 4742 3161 4814 προθάσεων
3195 4744 3285 4794 ἐπὶ
3312 4743 3378 4810 τῇ
3415 4734 3593 4804 φυσικῇ
3625 4742 3709 4822 Et:

2196 4836 2371 4906 σιτείᾳ
2403 4834 2503 4903 τῆς
2536 4834 2768 4903 προόδου
2812 4833 2874 4886 τδ
2926 4833 3325 4902 ταυτοδύναμον
3367 4823 3601 4899 ιχουσῶν.
3623 4816 3708 4871 Tw

2198 4928 2384 4997 μέντοι
2413 4943 2477 4996 γε
2512 4927 2828 4997 ἐρωτῶντος
2858 4926 2988 4997 μήτ’
3020 4929 3079 4980 ὲν
3109 4926 3310 4990 ἄλλοις,
3342 4922 3459 4993 μήτ’
3494 4921 3545 4971 ἓν
3566 4925 3708 4981 77"?“

2192 5019 2450 5087 δείγμασι
2510 5021 2624 5081 τοῖς
2659 5020 2723 5070 ὲκ
2770 5017 2882 5071 τῶν
2924 5017 3110 5072 θεόθεν
3140 5015 3454 5089 προηγόρων
3475 5010 3562 5078 τῆς
3586 5003 3707 5089 εΰσεέ

2195 5112 2348 5175 σείας
2389 5108 2762 5181 ὲνασμενίζειν
2791 5088 3210 5181 βεϐουλημένου.
3234 5112 3343 5171 τοῖς
3367 5105 3410 5161 δ’
3429 5100 3612 5157 οίκοθεν
3630 5088 3702 5146 καὶ

2192 5201 2255 5253 τὸ
2291 5200 2555 5269 σφέτερον
2582 5198 2647 5270 δὴ
2675 5197 2835 5252 τοῦτο
2866 5199 3109 5269 δειχθείη
3141 5199 3216 5273 μὴ
3248 5197 3381 5268 πρὸς
3404 5181 3702 5279 uescina?“

2192 5290 2249 5343 δι
2281 5291 2379 5360 τῆς
2428 5288 2690 5359 ἀληθείας
2739 5288 3009 5359 ὑπάρχον,
3072 5289 3148 5350 ὡς
3202 5280 3345 5343 οὗτοι
3390 5274 3699 5371 (pm-0601063:

2195 5381 2494 5450 φανότατα.
2543 5377 2804 5449 Ἀριθμὸς
2847 5380 2946 5449 μὶν
2971 5381 3080 5449 γὰρ
3117 5375 3210 5432 τοῦ
3242 5370 3571 5445 διωρισμένου
3596 5371 3684 5450 παρ

2194 5468 2256 5528 οὗ
2285 5473 2553 5541 πέφυκεν,
2608 5472 2671 5524 οὐ
2729 5470 2826 5525 τοῦ
2862 5470 3142 5541 συνεχοῦς,
3191 5470 3283 5522 καὶ
3311 5463 3442 5519 κατά
3467 5447 3696 5541 diripiatth

2199 5537 2503 5636 μοναδικῶς
2527 5561 2799 5631 πρόεισιν,
2827 5560 2949 5631 οὐχὶ
2972 5537 3115 5614 κατὰ
3142 5558 3398 5617 σύνθεσιν,
3436 5553 3492 5603 ἐκ

2195 5658 2351 5718 δυὰς,
2381 5656 2478 5708 καὶ
2507 5658 2569 5709 ὲκ
2597 5654 2790 5716 δυάδος
2814 5654 2976 5723 τριὰς
3004 5652 3066 5706 οὐ
3097 5645 3509 5714 συντεθειμένης,
3537 5637 3693 5723 ἀλλ’ὲικ

2197 5717 2385 5812 “iga;
2416 5747 2491 5811 ὼς
2525 5748 2663 5817 πρὸς
2707 5717 2910 5816 μονάδα
2930 5745 3030 5817 τὴν
3062 5743 3166 5819 πρὸ
3198 5742 3379 5810 αὐτῆς,
3422 5734 3528 5806 ῆὲκ
3565 5717 3693 5795 μονά-
