4072 6396
368 401 526 468 1285

1591 375 1913 464 csonon
1956 397 2416 462 METocntm

3502 392 3637 455 1386

381 516 470 577 δος
505 515 593 568 δά
622 514 807 577 δυάδος
829 513 1025 585 ἁπλῆς.
1046 517 1199 572 Ἐπεί
1215 514 1309 575 οἷν
1328 520 1387 575 1b
1405 522 1561 575 Θεῖον
1584 522 1643 575 ἓν
1676 523 1773 575 καὶ
1790 524 1951 594 τριάς

2060 519 2241 573 Patres
2270 523 2609 577 asseverant,
2648 514 2834 566 eadem
2865 510 2913 566 vi
2958 510 3218 581 polleant.
3267 509 3477 565 Etenim
3510 528 3634 565 cum

384 606 635 669 ἐστι,καὶ
657 605 728 668 ὡς
765 606 862 674 μὲν
894 608 953 661 ἓν
995 610 1377 682 ἀπαράδεκτδν
1406 615 1524 667 ἐστι
1574 615 1669 667 καὶ
1697 612 1958 684 ἀριθμοῦ,

382 697 476 750 καὶ
511 696 835 765 μεσότητος,
860 700 954 751 καὶ
982 700 1212 767 τάξεως,
1247 703 1345 757 καὶ
1370 705 1480 757 τῶν
1527 703 1813 757 τοιούτων·
1855 702 1960 756 ποῦ

382 786 490 854 γὰρ
514 784 593 856 τῷ
623 784 705 839 ἑνὶ
741 786 816 855 τῷ
838 788 978 859 ὑπὲρ
1002 793 1110 844 πᾶν
1138 791 1197 845 ἓν
1230 792 1345 846 ὄντι
1364 794 1528 847 ποσὸν
1552 795 1642 847 καὶ
1675 795 1839 864 μέσον
1866 795 1963 846 καὶ

380 877 533 942 τάξις
561 880 618 930 ὲν
639 877 886 932 πλείοσιν
919 880 951 949 ἢ
989 883 1136 950 τρισὶ
1166 884 1519 955 τούλάχιστον
1543 886 1698 937 ταυτὶ
1731 883 1963 954 θεωρού-

387 983 520 1035 μενα
541 984 556 1029 ;
574 967 650 1045 ὡς
666 968 721 1021 δὲ
743 969 867 1038 τρία
888 970 1094 1024 τούτων
1120 974 1238 1027 ἐστί
1254 974 1528 1037 δεκτικὸν,
1550 975 1688 1044 πλὴν
1708 975 1803 1028 καὶ
1818 974 1961 1027 οῦτω

384 1059 731 1129 θεοπρεπῶς,
747 1062 838 1115 καί
871 1066 992 1126 ταῖς
1020 1066 1146 1136 περί
1163 1066 1301 1120 Θεοῦ
1330 1068 1686 1138 καταλλήλως
1705 1071 1958 1134 ἐννοίαις,

384 1154 480 1204 καί
521 1152 583 1204 1b
607 1152 701 1206 τοῦ
753 1154 986 1225 ἀριθμοῦ
1045 1157 1399 1229 παράδειγμα
1451 1160 1546 1215 τοῦ
1603 1162 1961 1231 διωρισμένου

372 1242 551 1311 ποσοῦ
568 1244 838 1315 τυγχάνον
868 1249 950 1308 εἰς
979 1247 1235 1305 εἰκασίαν
1262 1250 1780 1322 παραληφθήσεται,
1811 1252 1954 1306 καθὸ

382 1332 476 1384 καὶ
507 1333 541 1402 η
567 1333 739 1402 Τριὰς
774 1334 1096 1405 διορίζεται,
1118 1339 1237 1402 ταῖς
1263 1340 1407 1393 κατὰ
1432 1341 1533 1412 τὴν
1565 1342 1792 1412 πρόοδον
1831 1343 1963 1395 ὕπο-

383 1425 667 1486 στατικαῖς
699 1424 947 1495 ἰδιότησι.
1001 1428 1306 1497 Διαιρεῖται
1337 1431 1446 1500 γὰρ
1479 1432 1830 1504 άδιαιρέτως,
1866 1434 1960 1486 καὶ

380 1514 717 1568 συνάπτεται
750 1514 1098 1587 διῃρημένως
1118 1520 1194 1590 τῷ
1226 1522 1519 1593 παραδόξῳ
1550 1524 1647 1593 τῆς
1678 1522 1831 1586 θείας
1858 1541 1958 1593 με·

383 1603 756 1675 γαλειδτητος.
816 1606 923 1661 Τοῦ
971 1609 1164 1664 λοιποῦ
1223 1614 1461 1685 πρόσχες
1524 1616 1658 1683 πρδς
1718 1614 1854 1669 θεοῦ
1930 1618 1959 1671 δ

382 1695 677 1765 ἀκροατής.
701 1697 1046 1767 Προθέμενος
1069 1704 1096 1755 ὁ
1126 1704 1367 1773 ἐρωτῶν,
1388 1707 1465 1769 ὡς
1493 1707 1952 1779 διαπορούμενος,

383 1786 502 1850 πῶς
519 1790 581 1840 ὲκ
607 1789 705 1859 τῆς
720 1790 890 1844 ἀθλου
906 1791 1097 1857 δυάδος
1116 1793 1177 1847 τὸ
1194 1794 1251 1848 ἒν
1270 1791 1413 1851 εἶναι
1429 1798 1678 1864 δύναται,
1700 1802 1795 1853 καὶ
1817 1817 1958 1870 παρ·

2067 609 2430 677 interrogans,
2462 620 2639 673 neque
2706 603 2828 656 aliis
2865 618 3042 671 neque
3073 600 3355 666 exemplis,
3387 601 3479 669 qui
3513 616 3637 654 eum

2065 707 2486 766 prmcesscrunt,
2533 696 2841 749 divinorum
2895 692 3110 762 pietatis
3154 693 3502 762 principum,
3545 692 3639 746 sed

2065 789 2303 858 propriis
2333 787 2568 849 insistat,
2611 799 2801 840 eorum
2830 801 3047 854 quoque
3081 785 3224 839 dicta
3257 801 3364 838 non
3395 785 3462 849 ab
3491 785 3638 853 ipso,

2063 880 2159 934 sed
2197 896 2226 933 a
2262 880 2491 933 veritate
2525 878 2858 939 emanantia,
2894 877 2974 931 uti
3010 875 3085 930 illi
3128 877 3468 932 lucidissime
3500 877 3639 930 irra-

2062 973 2232 1037 diare,
2270 970 2751 1024 demonstrabitur.
2785 967 3055 1021 Numerus
3085 969 3232 1022 enim
3257 969 3417 1022 divisi
3446 976 3550 1033 est,
3575 985 3639 1023 ex
3685 982 3697 1011 -'

2060 1078 2171 1133 quo
2204 1061 2499 1124 enascitur,
2536 1074 2644 1114 non
2673 1058 2941 1122 continui,
2970 1069 3026 1112 et
3071 1061 3371 1114 secundum
3413 1060 3640 1114 divisio-

2062 1168 2187 1208 nem
2236 1151 2582 1223 singulariter
2616 1148 2892 1218 provenit,
2923 1165 3033 1203 non
3066 1150 3366 1205 secundum
3413 1167 3640 1221 compo-
3684 1190 3695 1243 ς

2061 1244 2337 1307 sitionem,
2371 1259 2436 1298 ex
2472 1243 2682 1296 unitate
2717 1242 2972 1305 dualitas,
3002 1253 3056 1296 et
3089 1259 3153 1296 ex
3184 1244 3444 1297 dualitate
3484 1245 3639 1305 trias,

2061 1351 2170 1390 non
2200 1350 2318 1404 qua:
2367 1341 2750 1403 componatur,
2786 1334 2881 1387 sed
2932 1349 2998 1388 ex
3044 1334 3303 1388 dualitate
3353 1335 3519 1389 veluti
3570 1337 3640 1390 ad

2060 1425 2327 1479 unitatem
2354 1467 2368 1490 ,
2398 1440 2518 1494 quae
2547 1432 2674 1478 ante
2704 1423 2875 1493 ipsam
2909 1432 3012 1487 est,
3048 1431 3142 1477 aut
3180 1438 3245 1478 ex
3290 1424 3499 1479 unitate
3543 1441 3642 1495 prr

2062 1516 2377 1571 dualitatem
2405 1515 2733 1587 simplicem.
2766 1514 2996 1581 Quando
3032 1515 3196 1587 igitur
3224 1516 3365 1571 Deus
3395 1533 3559 1571 unum
3587 1527 3642 1591 et

2056 1606 2275 1659 trinitas
2303 1616 2408 1669 est,
2436 1614 2492 1659 et
2544 1612 2604 1659 ut
2649 1620 2841 1669 unum,
2879 1620 3061 1675 neque
3094 1622 3387 1661 numerum
3410 1645 3426 1670 ,
3461 1622 3640 1672 neque

2059 1698 2321 1762 medium,
2365 1711 2544 1765 neque
2600 1696 2876 1762 ordinem,
2906 1713 3084 1767 neque
3143 1697 3341 1753 similia
3388 1684 3639 1768 suscipit.

2059 1788 2346 1845 Undenam
2394 1788 2541 1843 enim
2592 1788 2647 1843 in
2698 1804 2830 1855 uno,
2856 1789 3000 1860 quod
3043 1806 3207 1860 supra
3252 1806 3415 1846 omne
3466 1807 3635 1845 unum

382 1877 543 1941 ευθῦς
571 1880 668 1951 τὴν
694 1882 875 1937 αἰτίαν
902 1884 1203 1955 ἐπαγαγὼν
1231 1888 1328 1941 τοῦ
1360 1890 1437 1959 μὴ
1473 1890 1721 1952 δυνατὸν,
1752 1889 1831 1960 τῷ
1854 1890 1955 1961 τὴν

2060 1888 2159 1943 est,
2205 1889 2261 1935 et
2301 1880 2578 1951 quantitas
2619 1889 2674 1935 et
2708 1881 2949 1936 medium
2984 1891 3039 1938 et
3080 1883 3216 1938 ordo
3268 1883 3324 1937 in
3363 1884 3639 1954 pluribus,

387 1971 590 2041 μονάδα
605 1972 786 2026 αἰτίαν
797 1970 940 2029 εἶναι
955 1977 1049 2029 καί
1074 1979 1133 2031 οὐ
1151 1978 1342 2045 δυάδα,
1361 1980 1436 2044 ὠς
1455 1982 1654 2035 ἐθέλων
1672 1983 1761 2035 διὰ
1783 1983 1959 2053 μέσης

385 2062 709 2132 προτάσεως
732 2065 852 2135 τῆς,
873 2066 956 2120 δτι
982 2066 1042 2121 ἓν
1058 2068 1119 2122 1b
1152 2070 1436 2126 αἴτιονκαὶ
1452 2074 1513 2126 οὐ
1534 2072 1648 2139 δύο,
1665 2090 1730 2126 συ
1739 2076 1957 2145 μπερά-

386 2171 476 2208 ναι
498 2154 560 2208 τὺ
590 2155 664 2226 μὴ
696 2158 763 2211 ιιι
794 2157 903 2211 τῶν
932 2157 1028 2212 δύο
1063 2160 1124 2213 τδ
1149 2159 1209 2214 ἓν
1238 2157 1411 2216 ετναι·
1440 2164 1599 2219 τοῦτο
1621 2165 1730 2236 γάρ
1758 2166 1959 2237 ἀπῄτει

384 2244 448 2299 1b
482 2247 759 2315 προταθὲν
782 2250 843 2315 ιε
863 2250 1110 2321 ἀνάγκης
1132 2266 1148 2282 ³
1174 2255 1201 2307 ὁ
1222 2253 1278 2307 δὲ
1299 2253 1387 2309 διὰ
1414 2255 1524 2308 τῶν
1555 2256 1760 2325 μεταξὺ
1785 2256 1960 2324 λόγων

387 2335 521 2389 αὐτὸ
557 2336 760 2406 μᾶλλον
782 2342 1235 2409 κατασκευάσας,
1269 2343 1326 2396 ἐν
1344 2337 1432 2407 οἷς
1458 2361 1593 2414 φησι
1609 2361 1624 2376 ο
1661 2347 1827 2416 μονὰς
1852 2348 1960 2415 γὰρ

387 2427 467 2488 εἰς
491 2426 658 2480 δυάδα
682 2431 936 2496 κινεῖται,
963 2431 1326 2496 κάκεῖθενέἰς
1364 2432 1595 2502 Τριάδα,
1627 2431 1785 2487 τοῦτο
1813 2434 1868 2487 δὲ
1906 2436 1959 2488 τί

389 2517 539 2584 ἄλλο,
573 2518 714 2589 ἢδτι
744 2522 811 2575 ὲκ
857 2524 1085 2593 μονάδος
1110 2525 1274 2594 δυὰς,
1314 2526 1409 2580 καὶ
1435 2528 1500 2579 ὲκ
1530 2525 1721 2590 δυάδος
1777 2525 1959 2596 τριὰς,

389 2606 524 2678 ὅπερ
554 2609 616 2661 1b
664 2608 723 2662 εν
772 2611 914 2665 κατὰ
964 2612 1026 2666 1b
1051 2614 1409 2686 διωρισμένον
1447 2614 1543 2668 τοῦ
1597 2616 1857 2687 ἀριθμοῦ,
1884 2615 1962 2681 ὡς

389 2697 686 2770 nivatam;
715 2700 745 2754 δ
771 2703 865 2756 καὶ
886 2703 915 2756 δ
947 2704 1279 2774 περίπυστος
1313 2707 1371 2760 έν
1400 2706 1650 2779 θεολογίᾳ
1681 2707 1960 2778 συντίθησι

389 2789 650 2857 φάσκωνο
685 2808 706 2843 ι
765 2793 947 2856 Μονὰς
990 2795 1101 2863 γάρ
1132 2797 1213 2859 είς
1258 2797 1425 2850 δυάδα
1472 2798 1757 2867 κινηθεῖσα
1798 2799 1960 2869 μέχρι

391 2879 620 2950 Τριάδος
650 2880 781 2951 ιστη
801 2899 817 2913 ο
847 2900 867 2935 ι
903 2885 1235 2955 συνεπέρανε
1255 2885 1315 2939 1b
1343 2886 1419 2957 μὴ
1448 2887 1517 2940 τὰ
1531 2887 1623 2941 δύο
1643 2887 1793 2941 αίτια
1822 2885 1961 2942 εῖναι

388 2970 483 3024 τοῦ
513 2971 650 3037 ἑνὸς,
707 2973 843 3027 ἀλλὰ
889 2974 951 3027 τὸ
985 2972 1045 3027 ιν
1078 2976 1186 3029 τῶν
1212 2975 1327 3031 δύο.
1387 2978 1544 3031 Ἐστι
1573 2978 1629 3031 δὲ
1664 2979 1839 3032 αἴτιον
1867 2978 1958 3032 τοῦ

388 3059 765 3126 ἁνακολούθως
786 3062 948 3130 οὕτω,
977 3064 1073 3118 καὶ
1105 3064 1185 3136 μὴ
1213 3066 1355 3119 κατὰ
1377 3066 1437 3119 1b
1477 3066 1960 3137 προσληματισθὲν

389 3151 449 3205 τὸ
485 3153 856 3225 συμπέρασμα
892 3155 1103 3221 θέσθαι,
1159 3156 1222 3210 1b
1254 3157 1461 3211 οἴεσθαι
1510 3158 1604 3212 δύο
1648 3159 1796 3213 αίτια
1845 3160 1959 3211 εἰσο

390 3215 570 3313 άγειν,
602 3246 648 3298 εἰ
675 3215 828 3316 λέγει
858 3264 944 3311 τις
972 3250 1037 3302 ὲκ
1071 3215 1182 3302 τῶν
1205 3248 1381 3310 δύο,τὸ
1410 3249 1491 3307 ἐν.
1525 3250 1694 3304 Τοῦτο
1724 3252 1781 3304 δὲ
1805 3253 1961 3305 οὐδα-
1986 3215 2030 3278 C

391 3336 534 3406 μῶς.
572 3338 729 3392 Ἔστι
759 3339 861 3409 μὲν
891 3341 1004 3412 γὰρ
1044 3342 1109 3394 ἐκ
1132 3341 1325 3406 δυάδος
1354 3343 1413 3395 τδ
1440 3341 1518 3406 ἓν,
1546 3345 1611 3396 ὲκ
1646 3342 1740 3397 δύο
1760 3342 1962 3414 δηλαδή

391 3428 635 3499 μονάδων
664 3431 822 3501 τρίτη
853 3433 1043 3501 μονάς.
1083 3433 1145 3486 Εἰ
1177 3434 1274 3504 μὲν
1297 3430 1391 3489 οῦν
1423 3436 1490 3488 ἐκ
1522 3434 1616 3488 δύο
1644 3435 1963 3507 ἁντιδιῃρη-

390 3523 570 3595 μένων
599 3520 688 3594 ἦν,
718 3525 752 3596 ἥ
798 3526 1146 3598 διῃρημένων
1197 3525 1393 3591 οὕτως,
1442 3525 1516 3590 ὡς
1547 3526 1609 3579 1b
1668 3526 1853 3597 ἕτερον
1885 3526 1962 3597 μὴ

389 3617 496 3685 πρὸ
506 3636 521 3679 ;
549 3618 609 3671 1b
623 3618 715 3672 ἑτε
726 3636 816 3686 ρον
840 3618 1233 3690 ἀναφέρεσθαι,
1264 3621 1388 3690 μήτ’
1413 3621 1471 3688 ἐξ
1493 3620 1703 3673 ἑκείνου
1735 3619 1797 3673 τὸ
1821 3617 1959 3675 εἶναι

388 3704 555 3775 εχειν,
593 3709 728 3776 μήτε
758 3707 1029 3778 μεσότητα
1055 3708 1156 3776 τὴν
1184 3708 1329 3762 κατὰ
1355 3710 1451 3779 τὴν
1484 3708 1739 3779 πρόοδον·
1770 3702 1805 3784 ᾖ
1850 3709 1961 3779 γὰρ

389 3797 459 3853 ἂν
493 3794 561 3870 ἦν
580 3797 741 3861 οὕτω,
768 3799 863 3851 καὶ
892 3800 955 3851 1b
990 3798 1174 3870 τρίτον
1207 3799 1270 3853 οὐ
1303 3800 1505 3869 τρίτον,
1530 3799 1667 3853 ἀλλὰ
1709 3799 1960 3872 δεύτερον

390 3889 669 3960 ἑκατέρων
698 3888 850 3943 ενθεν
879 3889 982 3966 καῖ
1001 3887 1156 3944 ἔνθεν
1180 3888 1600 3962 θεωρουμένων,
1620 3892 1713 3945 καὶ
1735 3892 1796 3945 οὒ
1822 3893 1962 3947 κατὰ

388 3981 485 4051 τὴν
523 3981 649 4052 ἑξῆς
678 3981 1008 4051 τοπαράπαν
1037 3980 1359 4049 προέλευσιν
1379 3996 1394 4014 ο
1437 3982 1665 4047 εἰκότως
1713 3983 1781 4038 ἂν
1810 3985 1837 4037 ὁ
1860 3984 1963 4054 τῆς

386 4071 669 4142 δυαρχίας,
732 4071 827 4125 κα)⁸
882 4072 985 4142 τῆς
1029 4069 1225 4141 διπλῆς
1271 4070 1455 4134 αἰτίας
1481 4071 1637 4141 λόγος
1667 4073 1955 4145 εἰσήγετο·

386 4164 511 4216 ἐπεὶ
538 4164 596 4217 δέ
622 4160 797 4217 ταῦτα
825 4162 969 4216 κατὰ
996 4162 1056 4216 1b
1088 4161 1350 4230 ἔμπαλιν,
1386 4163 1480 4217 καὶ
1515 4164 1549 4235 η
1578 4164 1737 4237 τρίτη
1787 4166 1958 4237 μονὰς

256 4284 273 4295 .
383 4255 472 4309 διὰ
505 4255 603 4325 τῆς
640 4254 814 4325 μέσης
862 4252 1091 4325 μονάδος
1115 4254 1180 4307 ὲκ
1206 4252 1308 4323 τῆς
1342 4252 1566 4322 πρώτης
1596 4251 1691 4307 καὶ
1722 4253 1959 4326 ἀρχικῆς

385 4347 446 4401 τὸ
476 4342 616 4399 εῖναι
646 4344 886 4411 πλουτεῖ,
936 4344 1060 4399 ὅθεν
1107 4344 1205 4398 καὶ
1241 4345 1276 4416 ἠ
1308 4342 1448 4416 μέση
1483 4345 1691 4417 μονάς⁶
1748 4347 1960 4400 ὲκεῖθεν

384 4439 493 4508 ἄρα
525 4439 621 4492 καὶ
651 4437 751 4509 τὴν
780 4437 962 4493 αἰτίαν
997 4436 1169 4503 ἕλκει,
1198 4436 1461 4507 κάκείνην
1504 4437 1685 4509 ἀρχὴν
1712 4430 1823 4491 οἶδε
1862 4438 1957 4491 καὶ

2058 1980 2155 2026 aut
2183 1972 2356 2026 tribus
2386 1971 2672 2027 minimum
2716 1972 3193 2029 consideraveris?
3230 1974 3323 2030 Uti
3363 1990 3489 2029 vero
3536 1975 3639 2028 tria

2061 2059 2198 2125 haec,
2230 2058 2324 2114 sed
2358 2058 2545 2115 divino
2579 2059 2816 2129 quodam
2867 2062 3053 2127 modo,
3101 2072 3159 2119 et
3208 2065 3640 2135 cogitationibus

2059 2150 2171 2205 Deo
2212 2151 2331 2221 ipso
2369 2151 2763 2208 addeccutihus
2801 2153 3060 2219 admittit,
3094 2162 3151 2209 et
3182 2157 3494 2227 exemplum
3534 2174 3643 2211 nn-
3734 2202 3747 2208 -

2062 2242 2220 2306 meri,
2251 2242 2342 2312 qui
2383 2241 2767 2299 determinatae
2797 2246 3122 2313 quantitatis
3154 2255 3240 2301 est
3278 2247 3335 2301 in
3382 2247 3642 2303 similitu-

2059 2332 2242 2387 dinem
2287 2345 2617 2398 assumetur,
2668 2348 2792 2389 cum
2842 2344 2897 2388 et
2927 2334 3165 2391 Trinitas
3211 2337 3641 2407 proprietatibus

2058 2424 2360 2480 secundum
2391 2440 2742 2496 pregressum
2777 2425 3211 2494 determinetur;
3240 2444 3477 2498 namque
3501 2430 3642 2484 iudi-

2059 2515 2176 2571 vise
2204 2515 2486 2582 dividitur,
2526 2524 2580 2570 et
2613 2516 2788 2571 divise
2818 2514 3133 2593 admirabili
3167 2520 3366 2575 divinae
3393 2523 3641 2591 magniﬁ-

2060 2599 2261 2661 centia:
2300 2607 2463 2662 modo
2514 2608 2887 2679 coniungitur.
2935 2608 3157 2664 lntcrim
3197 2619 3406 2668 attento
3455 2614 3640 2669 animo

2061 2696 2137 2753 sis
2168 2712 2265 2767 per
2297 2698 2488 2762 Deum,
2517 2713 2548 2752 ο
2573 2699 2805 2754 auditor.
2831 2698 2967 2756 Cum
2998 2700 3345 2771 interrogans
3376 2703 3477 2757 sibi
3511 2720 3638 2773 pro-

2061 2790 2355 2860 posuisset,
2393 2790 2551 2860 quasi
2591 2791 2940 2857 addubitaus,
2966 2808 3070 2862 qua
3097 2796 3307 2849 ratione
3338 2811 3403 2849 ex
3445 2796 3642 2849 imma-

2063 2880 2260 2935 teriato
2298 2880 2511 2951 duplari
2558 2897 2787 2938 numero
2818 2900 2986 2939 unum
3037 2901 3162 2940 esse
3215 2888 3407 2956 possit,
3454 2898 3510 2943 et
3545 2905 3642 2959 per

2060 2986 2222 3041 quam
2251 2972 2435 3026 subito
2461 2988 2678 3027 causam
2713 2974 3013 3031 adnectens
3054 2976 3167 3029 ﬁeri
3217 2992 3327 3032 non
3375 2993 3551 3047 posse.
3584 2987 3643 3035 ut

2062 3062 2244 3117 unitas
2272 3077 2434 3117 causa
2467 3063 2559 3126 sit,
2593 3071 2776 3118 etnon
2806 3063 2986 3120 dualis
3011 3081 3294 3133 numerus,
3324 3069 3483 3137 quasi
3524 3071 3641 3124 vel-

2063 3152 2138 3208 let
2178 3168 2274 3223 per
2313 3152 2547 3208 mediam
2585 3154 3037 3224 propositionem,
3085 3173 3255 3211 unum
3288 3174 3486 3229 nempe
3518 3176 3642 3216 esse

2063 3261 2286 3301 causam
2330 3255 2386 3302 et
2426 3263 2535 3302 non
2567 3248 2699 3312 duo,
2735 3247 3062 3304 concludere
3096 3266 3265 3304 unum
3315 3267 3381 3305 ex
3426 3252 3641 3309 duobus

2063 3354 2172 3393 non
2201 3353 2361 3394 esse:
2395 3338 2497 3394 hoc
2525 3340 2797 3410 siquidem
2831 3338 2974 3410 quod
3001 3342 3283 3409 proposuit
3318 3345 3637 3400 necessario

2065 3430 2394 3499 requirebat,
2426 3430 2541 3501 ipse
2573 3431 2930 3486 nihilominus
2964 3447 3063 3502 per
3092 3431 3448 3502 interpositas
3472 3440 3638 3490 ratio-

2063 3536 2163 3577 nes
2191 3520 2244 3577 id
2272 3522 2447 3591 ipsum
2468 3524 2639 3593 magis
2661 3524 2972 3589 conﬁrmat,
2997 3540 3122 3578 cum
3156 3523 3230 3580 ait
3252 3524 3469 3582 :Unitas
3489 3528 3638 3583 enim

2064 3612 2117 3666 in
2156 3612 2472 3667 dualitatem
2508 3622 2778 3678 movetur,
2822 3614 3056 3683 indeque
3092 3616 3147 3670 in
3194 3617 3533 3681 trinitatem,
3583 3616 3640 3675 id

2064 3718 2195 3759 vero
2225 3703 2353 3772 quid
2380 3712 2464 3759 est
2490 3702 2634 3757 aliud
2665 3719 2827 3772 quam
2860 3719 2925 3758 ex
2959 3704 3165 3760 unitate
3192 3704 3447 3771 dualitas,
3485 3718 3540 3762 et
3568 3723 3639 3762 ex

2063 3795 2323 3851 dualitate
2353 3794 2592 3860 trinitas,
2622 3794 2766 3864 quod
2796 3804 2882 3850 est
2918 3811 3085 3850 unum
3127 3797 3427 3853 secundum
3458 3798 3641 3853 deter-

2063 3885 2328 3939 minatum
2365 3900 2671 3949 numerum,
2706 3891 2766 3939 ut
2798 3884 3155 3940 dicebamus?
3183 3893 3238 3941 et
3276 3886 3333 3941 in
3369 3886 3640 3958 theologia

2063 3975 2407 4048 praecelebris
2438 3976 2754 4042 concordat,
2786 3992 2912 4032 cum
2939 3978 3135 4047 inquit,
3195 3996 3215 4031 ι
3275 3977 3465 4035 Uuitas
3490 3980 3639 4034 enim

2064 4073 2118 4125 in
2142 4069 2456 4125 dualitatem
2492 4081 2663 4136 mota,
2697 4069 2751 4125 in
2774 4069 3040 4127 Trinitate
3065 4072 3337 4140 subsistit,
3362 4089 3383 4127 ι
3413 4075 3641 4128 conclu-

2062 4160 2155 4225 sit,
2187 4161 2296 4216 duo
2320 4160 2481 4218 unius
2502 4176 2725 4216 causam
2759 4178 2868 4217 non
2899 4178 3044 4228 esse,
3068 4165 3163 4218 sed
3191 4181 3357 4219 unum
3381 4164 3638 4222 duorum.

2061 4249 2238 4307 Causa
2260 4268 2391 4308 vero
2425 4262 2530 4318 est,
2554 4252 2691 4310 adeo
2720 4254 3203 4325 lnconsequenter,
3232 4264 3284 4311 ct
3308 4273 3419 4311 non
3445 4274 3645 4312 secun-

2061 4342 2190 4399 dum
2221 4342 2566 4413 propositum
2604 4342 2883 4414 problema
2914 4345 3323 4401 conclusionem
3359 4347 3637 4419 colligere,

2062 4434 2208 4505 quod
2231 4434 2505 4506 opinetur,
2533 4435 2669 4490 duas
2694 4449 2888 4490 causas
2911 4435 3282 4504 introducere,
3312 4440 3355 4493 si
3389 4440 3513 4508 quis
3555 4442 3641 4496 di-

384 4528 558 4601 ρίζαν,
588 4526 667 4591 ὡς
690 4526 819 4598 μίαν
844 4522 981 4581 εῖναι
1008 4526 1310 4595 διαφανῶς.
1342 4525 1574 4597 ἰδωμεν
1600 4527 1800 4582 οὐκοῦν
1834 4521 1953 4581 οἷά-

2062 4528 2222 4595 xerit,
2271 4542 2338 4582 ex
2377 4525 2591 4584 duobus
2637 4542 2806 4583 unum
2853 4542 2998 4584 esse.
3045 4528 3156 4584 Sed
3201 4529 3253 4583 id
3289 4530 3441 4585 nullo
3477 4532 3639 4588 modo

384 4640 490 4692 περ
512 4624 563 4677 οἱ
609 4622 718 4677 τῶν
755 4621 915 4676 θείων
938 4621 1273 4694 έκφάντορες
1300 4621 1363 4676 1b
1405 4621 1644 4695 πρῶτον,
1671 4622 1732 4677 1b
1767 4624 1953 4691 μέσον,

382 4716 443 4768 1b
469 4714 673 4785 τρίτον,
696 4714 756 4767 1b
780 4712 841 4772 ἐξ
871 4713 1075 4784 ἀμφοῖν
1125 4714 1220 4767 ἐπὶ
1245 4713 1355 4767 τῶν
1382 4713 1695 4786 θεαρχικῶν
1740 4714 1957 4785 λαμϐά-

384 4822 564 4869 νοντες
599 4804 951 4858 ὑποστάσεων
998 4804 1322 4873 θεολογικῶς
1369 4804 1771 4860 ἐκδιδάσκουσι.
1845 4806 1957 4861 Καὶ

385 4896 603 4965 πρῶτος
658 4894 822 4959 αὐτὸς
871 4894 903 4951 δ
948 4893 1049 4966 τὴν
1080 4894 1284 4965 μονάδα
1316 4897 1636 4967 κινηθεῖσαν
1670 4898 1751 4961 εἰς
1789 4897 1957 4952 δυάδα

387 4989 551 5059 μέχρι
578 4987 809 5060 Τριάδος
862 4986 1055 5057 στῆναι
1117 4986 1517 5058 φθεγξάμενος,
1577 4988 1608 5042 δ
1656 4991 1752 5043 καί
1780 4992 1808 5044 ὁ
1857 4992 1957 5063 τὴν

383 5081 651 5152 ἐρώτησιν
703 5081 1000 5151 προφέρων
1053 5080 1305 5149 φαίνεται
1364 5080 1723 5149 διαγγέλλων,
1782 5084 1841 5136 ἐν
1875 5079 1955 5147 ο⁷ς

383 5171 608 5242 ἡρωῖζει
634 5173 735 5235 τὰς
764 5171 900 5242 πρὸς
928 5171 1231 5241 παρθένους
1264 5171 1566 5244 ὑποθήκας,
1601 5171 1743 5225 οὕτω
1767 5172 1954 5240 φησίν·

388 5283 408 5317 ι
441 5261 534 5327 Εἰς
555 5262 690 5328 Θεὸς
732 5263 796 5316 ἔκ
833 5264 1061 5330 γενέταο
1086 5261 1155 5317 δι’
1177 5262 1339 5327 Υίέος
1371 5263 1500 5334 ἔστη
1520 5279 1534 5296 ο
1579 5282 1599 5316 ο
1647 5263 1784 5333 μετά
1812 5280 1954 5327 τινα,

387 5375 408 5408 ε
451 5352 768 5425 ἰσταμένης
828 5353 1083 5425 θεότητος
1132 5356 1215 5409 ἑνὶ
1243 5355 1498 5424 ⁸ιτεελέοισι
1545 5356 1777 5425 τελείης.
1814 5373 1834 5407 ι
1894 5356 1955 5407 ὐ

383 5448 649 5520 σύμφρων
671 5449 864 5501 τούτου
889 5450 986 5501 καὶ
1035 5446 1324 5518 ὁμώνυμος
1350 5448 1651 5501 Νυσσαέων
1692 5446 1954 5517 λαμπτὴρ

381 5539 441 5592 έν
471 5538 550 5609 τῷ
580 5540 707 5610 περί¹
744 5537 838 5591 τοῦ
871 5539 1029 5607 ἁγίου
1077 5540 1397 5609 Πνεῦματος
1444 5541 1586 5593 κατὰ
1617 5539 1956 5593 Μακεδονια-

379 5629 487 5683 νῶν
510 5628 653 5699 λόγῳ
676 5627 840 5697 φησίν
866 5645 881 5661 ’
930 5645 949 5679 ι
989 5627 1107 5697 Ἐφ’
1131 5622 1207 5683 ὧν
1237 5631 1346 5698 γὰρ
1401 5629 1434 5699 ή
1464 5628 1608 5682 κατὰ
1662 5628 1722 5681 1b
1752 5628 1954 5696 ἀγαθὸν

380 5720 631 5791 ένέργεια
664 5720 921 5789 οὐδεμίαν
966 5721 1285 5782 ἐλάττωσιν,
1337 5721 1370 5792 ἢ
1426 5720 1783 5790 παραλλαγὴν
1814 5720 1950 5789 ἔχει,

383 5811 500 5873 πῶς
533 5811 678 5866 ἐστιν
708 5811 927 5881 εὔλογον
954 5814 1050 5881 τὴν
1078 5812 1217 5867 κατὰ
1246 5814 1336 5866 τδν
1368 5812 1595 5885 aptos».
1619 5815 1769 5881 τάξιν
1801 5812 1953 5867 ἐλάτ-

2059 4628 2166 4684 est,
2197 4634 2435 4689 namque
2460 4627 2543 4674 est
2570 4634 2639 4675 ex
2671 4619 2935 4675 dualitate
2965 4636 3158 4684 unum.
3192 4636 3258 4676 ex
3294 4623 3508 4678 duabus
3536 4625 3642 4679 sci-

2062 4711 2189 4766 licet
2223 4711 2523 4766 unitatibus
2556 4712 2716 4766 tertia
2749 4711 2953 4767 unitas.
2982 4712 3149 4783 Igitur
3185 4713 3229 4767 si
3265 4730 3335 4769 ex
3362 4717 3577 4771 duobus
3609 4735 3641 4772 ιι

2059 4816 2119 4857 se
2148 4799 2438 4871 disiunctis
2468 4816 2613 4858 esset
2636 4811 2729 4858 aut
2771 4802 2848 4858 ita
2872 4802 3085 4868 divisis,
3117 4812 3177 4859 ut
3209 4822 3378 4861 unum
3409 4807 3474 4863 ad
3505 4809 3642 4863 alte-

2059 4908 2177 4947 rum
2207 4908 2319 4948 non
2348 4889 2664 4956 referretur,
2694 4908 2871 4963 neque
2905 4893 2974 4948 ah
3005 4894 3096 4949 illo
3124 4895 3433 4963 exsisteret,
3463 4914 3640 4967 neque

2060 4983 2299 5040 medium
2339 4993 2486 5039 esset
2513 4985 2566 5038 in
2603 4999 2916 5056 progressu,
2953 4985 3024 5051 si,
3066 4985 3313 5056 inquam,
3350 4988 3453 5042 hoc
3477 4989 3639 5043 modo

2060 5090 2121 5130 se
2148 5076 2394 5140 haberet,
2428 5083 2485 5130 et
2516 5075 2740 5130 tertium
2778 5091 2888 5130 non
2921 5076 3167 5143 tertium,
3204 5079 3298 5133 sed
3333 5079 3637 5133 secundum

2058 5167 2189 5221 hinc
2218 5176 2273 5221 et
2302 5166 2426 5221 hinc
2455 5165 2599 5221 inter
2626 5165 2787 5222 ambo
2816 5168 3281 5229 consideraretur,
3314 5178 3369 5223 et
3413 5184 3520 5224 non
3554 5186 3640 5225 se-

2057 5252 2295 5311 cundum
2328 5255 2489 5311 seriei
2521 5258 2914 5314 asservientem
2941 5260 3312 5329 egressionem
3339 5300 3355 5324 ,
3389 5276 3497 5316 non
3548 5262 3635 5316 in-

2056 5363 2295 5418 congrue
2338 5347 2570 5404 duorum
2614 5350 3032 5420 principiorum,
3083 5362 3138 5406 et
3175 5351 3409 5421 duplicis
3457 5369 3638 5409 causa:

2057 5440 2195 5495 ratio
2227 5440 2686 5498 introduceretur.
2714 5440 3105 5497 Verumtamen
3136 5459 3261 5499 cum
3298 5447 3413 5500 haec
3443 5462 3510 5501 ex
3542 5445 3638 5504 ad«

2057 5543 2218 5583 verso
2247 5543 2307 5584 se
2334 5529 2587 5592 habeant,
2620 5538 2674 5584 et
2715 5531 2871 5585 tertia
2910 5529 3091 5585 unitas
3121 5547 3221 5601 per
3247 5534 3482 5589 mediam
3512 5536 3638 5589 uui-

2057 5629 2219 5675 tatem
2251 5635 2316 5675 ex
2349 5625 2522 5690 prima
2553 5629 2609 5676 et
2642 5619 2927 5691 principali
2956 5622 3211 5690 monade,
3238 5624 3381 5693 quod
3416 5627 3490 5681 sit
3516 5634 3640 5696 p034

2056 5712 2252 5779 s’deat,
2289 5712 2415 5767 inde
2448 5727 2577 5782 ergo
2606 5719 2663 5767 et
2710 5710 2887 5765 media
2939 5713 3122 5768 unitas
3166 5729 3389 5771 causam
3443 5718 3635 5782 trahit,

2055 5809 2311 5879 illamque
2345 5804 2668 5877 principium
2701 5813 2862 5876 atque
2886 5804 3151 5875 originem
3181 5808 3261 5863 sui
3299 5810 3560 5882 agnoscit,
3580 5818 3636 5865 ut
