4072 6440
232 3965 264 3991 ν

379 335 513 399 Ῑῖὃθ

1344 333 1664 405 ‘CONTnA
1694 332 2065 399 MAXIMUM
2110 330 2541 394 PLANUDEM.

3470 332 3490 396 1
3502 335 3606 398 5390

373 460 512 525 θείη,
548 454 822 523 πανταχοῦ
874 455 981 507 τῶν
1020 454 1394 511 θεοττνεύττων
1441 457 1621 512 αὐτῶν
1679 457 1927 528 ῥημάτωι

2043 450 2191 504 ﬁrma
2236 458 2398 519 atque
2427 447 2637 503 stabilis
2681 457 2801 502 est:
2844 454 3071 518 utraque
3098 446 3243 502 enim
3278 445 3598 521 diviniloqni

371 547 847 613 κατεσπαρμένον,
877 549 905 599 ὁ
942 546 1184 616 θεοειδὴς
1239 548 1349 600 τῶν
1379 548 1679 634 Ιξὲυσσαέων
1730 548 1937 616 ποιμὴν

370 638 605 690 ἐνταῦθα
624 637 978 698 πιστώσαιτο,
1006 638 1142 707 πρὸς
1180 637 1462 692 Ἀὅλάῦιον
1484 638 1627 693 οὓτω
1649 637 1934 704 θεολογῶν

377 747 395 779 ι
434 728 507 780 Τὸ
538 727 960 796 ἀπαράλλακτον
985 728 1086 795 τῆς
1114 728 1329 794 φύσεως
1376 728 1786 796 ὁμολογοῦντες,
1839 726 1937 797 τὴν

373 819 514 872 κατά
543 819 604 870 τὸ
624 820 796 870 αἴτιον
812 819 905 871 καὶ
927 819 1169 872 αίτιατδν
1192 819 1455 890 διαφορὰν
1479 820 1578 871 οὐκ
1597 818 1933 888 ἀρνούμεθα,
1962 838 1967 844 ·

369 911 431 961 ἑν
458 902 503 975 ᾧ
538 911 682 978 μόνῳ
713 907 1087 977 διακρίνεσθαι
1110 910 1170 960 τὸ
1199 909 1388 975 ἕτερον
1421 909 1513 961 τοῦ
1549 909 1736 977 ἐτέρου
1766 926 1935 963 κατα-

369 1000 722 1066 λαμϐάνομεν
742 1014 759 1030 ο
792 999 868 1067 τῷ
895 998 955 1050 τὸ
987 999 1086 1066 μὲν
1107 998 1281 1052 αἴτιον
1303 996 1442 1052 εῖναι
1471 1001 1769 1065 πιστεύειν,
1806 1018 1825 1051 ι
1845 1000 1936 1052 τὸν

370 1089 592 1155 Πατέρα
624 1089 818 1154 λέγων,
850 1106 869 1139 ι
894 1087 1025 1140 τὸδὲ
1043 1090 1108 1141 ὲκ
1122 1089 1215 1141 τοῦ
1243 1089 1439 1154 αἰτίου,
1468 1106 1485 1139 ι
1508 1089 1607 1159 τὴν
1635 1088 1801 1142 δυάδα
1829 1088 1938 1142 τῶν

374 1180 683 1247 προσώπων
703 1176 835 1230 Υίοῦ
863 1178 959 1231 καὶ
984 1177 1322 1248 Πνεύματος,
1356 1178 1416 1243 ἐξ
1441 1177 1561 1241 ἐνὸς
1587 1178 1682 1231 τοῦ
1700 1178 1933 1249 Πατρόςο

368 1257 487 1322 ἕῖτα
506 1270 571 1322 δι’
597 1269 784 1339 ἑτέρου
822 1269 882 1321 τὸ
906 1269 1114 1339 ἕτερον,
1140 1269 1387 1337 ἐπάγων,
1413 1286 1433 1320 ι
1457 1269 1662 1323 καὶτοῦ
1684 1270 1743 1334 ἐξ
1759 1269 1936 1333 αἰτίας

366 1358 519 1421 ὄντος
546 1358 713 1427 ἀλλην
747 1358 909 1413 πάλιν
938 1359 1206 1429 διαφορὰν
1234 1359 1527 1428 ἐννοοῦμεν
1548 1378 1561 1391 ·
1600 1379 1619 1411 ι
1648 1361 1768 1414 κατ’
1800 1361 1936 1414 ἐπα·

366 1450 598 1521 νάληψιν
625 1446 783 1515 αὖθις
813 1451 1060 1520 φάσκων,
1083 1452 1153 1507 ἐκ
1183 1452 1291 1507 τοῦ
1324 1452 1460 1520 ἑνός
1482 1469 1497 1485 ο
1533 1448 1650 1507 εἶτα
1681 1453 1780 1524 τὴν
1816 1452 1935 1507 δια-

368 1543 561 1614 φοράν.
634 1559 653 1594 ι
693 1543 766 1597 Τὸ
803 1544 902 1613 μὲν
933 1542 1044 1615 γὰρ
1083 1544 1366 1614 προσεχῶς
1391 1546 1456 1598 ἐκ
1475 1544 1571 1597 τοῦ
1602 1545 1842 1615 πρώτου,
1874 1545 1935 1597 τὸ

365 1633 423 1687 δὲ
443 1634 533 1688 διὰ
556 1633 652 1687 τοῦ
688 1635 974 1704 προσεχῶς
1004 1636 1071 1688 ὲκ
1117 1637 1212 1688 τοῦ
1266 1636 1508 1706 πρώτου,
1551 1655 1570 1690 ι
1616 1638 1678 1690 τὸ
1709 1638 1936 1709 Πνεῦμα

362 1725 568 1795 δηλαδὴ
583 1724 670 1778 διὰ
691 1724 785 1779 τοῦ
816 1726 950 1778 Υἱοῦ
976 1726 1043 1779 ὲκ
1071 1726 1166 1780 τοῦ
1217 1727 1458 1798 πρώτου.
1516 1728 1628 1782 Καὶ
1674 1729 1931 1798 καθεξῆς,

371 1833 392 1868 ι
430 1814 595 1868 Ὥστε
623 1814 719 1869 καὶ
747 1817 808 1868 τὸ
839 1816 1129 1886 μονογενὲς
1169 1817 1536 1888 ἀναμφίόολον
1559 1820 1653 1872 ἐπὶ
1680 1818 1776 1874 τοῦ
1800 1820 1932 1885 Υίοῦ

369 1905 575 1976 μένειν,
596 1906 694 1958 καὶ
733 1905 794 1958 τδ
830 1907 894 1959 ὲκ
921 1906 1015 1960 τοῦ
1074 1907 1287 1977 Πατρδς
1316 1905 1455 1962 εἶναι
1495 1908 1558 1962 τδ
1588 1908 1813 1981 Πνεῦμα
1860 1911 1936 1982 μὴ

366 1997 754 2066 ἀμφιϐάλλειν,
787 1996 889 2067 τῆς
920 1999 1012 2052 τοῦ
1043 1998 1174 2052 Υἱοῦ
1226 1983 1507 2068 μεσιτείοῖς
1544 2002 1639 2054 καὶ
1667 2001 1846 2073 ἑαυτῷ
1874 2005 1937 2056 τὸ

369 2088 659 2157 μονογενὲς
678 2086 1077 2158 φυλαττούσης,
1107 2092 1202 2143 καὶ
1228 2092 1289 2144 τὸ
1319 2090 1546 2162 Πνεῦμα
1574 2092 1674 2161 τῆς
1697 2093 1939 2163 φυσικῆς

366 2176 502 2244 πρὸς
551 2175 641 2228 τὸν
689 2177 907 2247 Πατέρα
958 2178 1197 2247 σχέσεως
1239 2181 1316 2251 μὴ
1377 2181 1769 2251 ἁπειργούσης.
1812 2201 1832 2235 ι
1873 2184 1936 2236 Ei

365 2266 496 2332 γοῦν
525 2265 699 2319 ταῦτα
728 2266 883 2334 δῆλα,
913 2273 1007 2322 καὶ
1037 2269 1159 2324 λίαν
1182 2270 1442 2339 ἐμφανῶς
1470 2275 1519 2325 οἱ
1544 2273 1795 2343 θεηγόροι
1830 2293 1849 2324 ι
1874 2275 1936 2327 τὸ

366 2359 425 2411 ἓν
461 2358 520 2423 ἐξ
548 2360 774 2427 ἀμφοῖν,
808 2377 826 2411 ι
865 2361 961 2412 καὶ
1000 2378 1019 2412 ι
1059 2360 1118 2427 ἐξ
1149 2361 1268 2424 ἑνὸς
1295 2362 1465 2433 ἄμφω
1499 2383 1519 2416 ι
1573 2366 1758 2433 σαφῶς
1794 2366 1937 2420 διδά-

369 2465 579 2512 σκουσι,
633 2448 727 2502 καὶ
762 2450 1231 2521 πεπλατυσμένως
1261 2455 1379 2516 ταῖς
1428 2454 1579 2523 σφῶν
1618 2454 1935 2528 θεηγορίαις

365 2539 719 2609 κηρύττουσι,
749 2540 844 2593 καὶ
877 2539 977 2610 τῆς
1022 2541 1198 2611 αὐτῆς
1244 2545 1525 2615 σημασίας
1556 2546 1652 2599 καὶ
1695 2546 1934 2611 διανοίας

365 2629 757 2699 διασαφοῦντες
807 2629 1147 2698 θεσπίζουσι,
1200 2633 1255 2686 τί
1295 2635 1357 2688 τὺ
1402 2635 1613 2706 κέρδος,
1658 2639 1752 2692 καὶ
1784 2638 1929 2709 τίςὴ

364 2719 604 2788 ὠφέλεια
620 2721 1053 2792 παραλογισμοῖς
1070 2722 1180 2786 τοῖς
1208 2723 1316 2777 ἀπὸ
1337 2724 1546 2790 κοιλίας
1563 2726 1700 2796 πρὸς
1727 2727 1932 2800 ἄλληλα

363 2812 490 2866 τάδε
547 2811 822 2866 δεικνύναι
869 2813 1045 2866 θέλειν
1095 2816 1382 2886 μαχόμενα
1432 2818 1525 2871 καὶ
1552 2818 1620 2872 δι’
1650 2819 1840 2891 ἑτέρου
1870 2820 1933 2874 τὺ

362 2900 551 2971 ἕτερον
578 2903 849 2973 ἀναιρεῖν,
912 2906 1005 2957 καὶ
1031 2907 1151 2969 ταῖς
1190 2908 1472 2977 κειμέναις
1522 2914 1816 2982 πατρικαῖς
1844 2913 1933 2967 ἐν·

363 2993 555 3062 νοίαις,
577 2996 800 3059 καὶτοῖς
823 2998 1100 3069 κειμένοις
1118 3004 1409 3071 πατρικοῖς
1442 3003 1809 3076 θεσπίσμασιν
1841 3006 1934 3060 ἀν-

1961 1778 2008 1839 Β

2041 541 2399 606 tradiderunt,
2433 540 2506 593 uti
2541 554 2602 593 ex
2634 540 2898 593 ambobus
2924 556 3111 601 unum,
3144 556 3207 594 ex
3234 539 3391 595 Patre
3415 556 3607 612 nempe

2039 631 2371 701 per'Filium
2427 632 2714 701 Spiritum,
2747 632 2825 686 sic
2877 647 2942 686 ex
2999 647 3108 685 uno
3138 633 3267 697 duo,
3307 641 3362 688 et
3412 634 3604 688 horum

2040 739 2206 777 unum
2240 737 2338 792 per
2367 722 2531 783 aliud.
2567 738 2628 776 ex
2663 723 2820 777 Patre
2849 738 3047 791 nempe
3084 738 3180 792 per
3209 710 3406 777 Fili'iim
3436 723 3611 794 Spiri-

2042 825 2147 875 tus,
2188 815 2485 869 secundum
2518 814 2840 868 divisionem
2893 831 3251 885 personarum
3298 817 3603 871 divinarum

2039 904 2415 967 decernentes,
2446 903 2524 958 sic
2550 904 2709 958 etiam
2734 905 2877 974 quod
2912 905 2967 959 in
2994 905 3349 961 similitudine
3387 910 3600 961 numeri

2040 992 2428 1062 praescribitur,
2458 1008 2566 1047 non
2597 993 2921 1048 admittitur.
2956 992 3057 1061 Qui
3087 1010 3212 1050 vero
3243 997 3394 1059 illul,
3418 1013 3480 1051 cz
3505 1015 3605 1052 una

2038 1083 2164 1145 duo,
2193 1080 2339 1150 quod
2364 1082 2506 1149 apud
2542 1097 2736 1137 omnes
2766 1083 2819 1138 in
2870 1086 3124 1140 confesso
3175 1097 3281 1149 est,
3333 1098 3605 1148 astruunt.

2037 1172 2312 1241 quomodo
2340 1174 2468 1227 illud
2509 1174 2806 1228 secundum
2837 1176 3234 1232 distinctionem
3269 1179 3335 1234 de
3357 1196 3451 1234 sua
3476 1197 3599 1251 pro-

2036 1263 2152 1333 pria
2192 1263 2445 1334 imagine,
2474 1265 2621 1320 etiis
2648 1281 2876 1335 quarum
2929 1269 3107 1339 imago
3156 1279 3263 1333 est,
3314 1278 3605 1341 supcrsuh-

2038 1355 2384 1410 stantiahbus
2415 1358 2589 1411 tribus
2618 1361 2869 1427 personis
2898 1361 3220 1416 conﬁrmare
3248 1371 3525 1433 poterunt,
3551 1377 3608 1419 et

2037 1461 2145 1500 non
2179 1448 2358 1516 potius
2400 1450 2700 1504 secundum
2737 1450 3214 1521 compositionem,
3254 1470 3429 1524 neque
3474 1458 3601 1511 illud

2036 1552 2100 1590 ex
2132 1536 2288 1602 Filio,
2324 1554 2502 1608 neque
2543 1541 2673 1596 illud
2705 1556 2802 1612 per
2831 1542 3027 1597 Filium
3071 1545 3461 1614 acceptantes?
3497 1548 3601 1601 Sed

2038 1637 2097 1682 ut
2129 1629 2255 1683 illud
2286 1646 2351 1684 ex
2376 1647 2479 1685 uno
2508 1633 2632 1695 duo,
2670 1633 2871 1687 divinis
2903 1633 3123 1690 Patrum
3159 1637 3402 1706 scriptis,
3442 1638 3514 1692 ita
3544 1654 3603 1693 se

2040 1720 2263 1784 habere,
2298 1731 2358 1775 ut
2396 1723 2656 1790 diximus,
2682 1724 2995 1782 ﬁrmitatem
3026 1729 3293 1798 acquirat,
3326 1745 3448 1785 cum
3485 1732 3605 1787 ubi-

2038 1827 2143 1881 que
2173 1813 2227 1867 in
2255 1812 2456 1870 divinis
2487 1816 2803 1872 earumdem
2828 1820 3049 1889 scriptis
3076 1820 3485 1876 disseminatum
3511 1825 3603 1887 sit,

2035 1903 2256 1958 divinus
2284 1905 2648 1975 Nyssenorum
2681 1918 2866 1977 pastor
2897 1911 2963 1965 ad
2995 1911 3281 1968 Ablabium
3308 1912 3380 1968 ita
3412 1916 3606 1969 decer-

2038 2009 2175 2050 nens
2217 1997 2589 2052 corroboravit
2625 2017 2639 2053 :
2671 2017 2690 2050 ι
2728 2001 3124 2057 Immutabilem
3180 2014 3236 2058 et
3280 2020 3379 2074 per
3421 2008 3604 2061 omnia
3688 2018 3701 2026 ‘

2036 2085 2273 2141 similem
2318 2095 2567 2142 naturam
2617 2089 2965 2158 conﬁtentes,
3016 2094 3317 2149 discrimen
3344 2111 3520 2153 causae
3547 2106 3606 2153 ct

2036 2177 2264 2234 effectus
2294 2195 2401 2235 non
2434 2180 2763 2246 inﬁciamur,
2799 2183 2850 2239 in
2876 2200 2983 2254 quo
3015 2186 3188 2240 solum
3218 2187 3449 2260 disjungi
3475 2191 3605 2244 alte-

2037 2285 2156 2324 rum
2189 2271 2258 2326 ab
2280 2272 2459 2327 altero
2481 2274 2942 2343 deprehendimus
2972 2293 2985 2329 :
3016 2292 3142 2332 cum
3178 2280 3466 2335 credamus
3497 2282 3603 2335 hoc

2034 2360 2253 2429 quidem
2300 2376 2521 2418 causam
2569 2380 2713 2430 esse,
2763 2386 2782 2419 ι
2821 2365 3035 2422 Patrem
3085 2369 3339 2434 innuens,
3377 2371 3512 2426 illud
3542 2390 3606 2425 ea:

2034 2467 2217 2515 causa,
2240 2453 2376 2509 duas
2398 2469 2595 2526 nempe
2620 2473 2885 2526 personas
2907 2456 3028 2514 Filii
3062 2470 3116 2516 et
3146 2460 3379 2532 Spiritus
3404 2479 3469 2517 ex
3494 2480 3604 2518 uno

2032 2541 2199 2607 Patre
2235 2560 2250 2598 :
2292 2552 2405 2600 tum
2445 2547 2679 2603 alterum
2729 2550 2796 2605 ab
2842 2550 3050 2617 altero,
3106 2554 3438 2620 subducens,
3483 2574 3502 2607 ι
3547 2568 3605 2610 et

2034 2632 2179 2689 illius
2208 2636 2353 2704 quod
2398 2651 2467 2692 ex
2516 2653 2681 2694 causa
2728 2650 2831 2707 est,
2871 2642 3017 2697 aliud
3065 2660 3256 2700 rursus
3306 2646 3601 2703 discrimen

2033 2727 2584 2794 comprehendimus;
2629 2748 2647 2780 ι
2683 2732 2983 2788 secundum
3017 2735 3444 2805 resumptionan
3482 2755 3602 2793 rur-

2033 2828 2129 2870 sus
2187 2816 2480 2886 inquiens,
2536 2836 2601 2874 ea:
2649 2837 2774 2889 uno,
2824 2827 3168 2893 postmodum
3220 2824 3599 2885 dilferentiam.

2038 2925 2058 2958 ι
2098 2905 2342 2980 Namque
2370 2910 2470 2967 hoc
2500 2913 2719 2982 quidem
2752 2924 2835 2971 est
2869 2918 3182 2975 immediate
3212 2935 3241 2974 ιι
3273 2921 3469 2990 primo,
3499 2923 3599 2977 hoc

2033 3013 2165 3055 vero
2191 3016 2257 3056 ex
2306 3003 2565 3072 contigue
2613 3020 2644 3059 a
2691 3007 2889 3074 primo,
2931 3027 2949 3060 ›
2984 3008 3220 3079 Spiritus
3267 3027 3464 3082 nempe
3507 3030 3593 3085 pet

362 3085 706 3156 τιφέρεσθαι,
733 3088 827 3142 τοῦ
855 3104 915 3141 τε
943 3092 1340 3164 μεγαλωνύμου
1357 3093 1641 3150 Βασιλείου
1657 3099 1771 3162 τοῖς
1794 3098 1927 3169 πρὸς

2030 3088 2227 3146 Filium
2260 3107 2326 3147 ex
2357 3094 2556 3164 primo.
2599 3096 2664 3149 Et
2694 3097 2938 3167 sequitur
2969 3117 2982 3152 :
3017 3120 3036 3151 ι
3083 3100 3233 3157 Adeo
3261 3114 3320 3157 ut
3346 3106 3602 3176 unigeni-

375 3177 723 3249 Ἀμφιλόχιον
744 3183 1251 3253 μυσταγωγοῦντος,
1273 3204 1292 3239 ι
1315 3187 1382 3240 Ἠ
1405 3187 1514 3259 γὰρ
1539 3188 1606 3241 δι’
1622 3189 1754 3243 Υίοῦ
1773 3191 1925 3262 φωνὴ

359 3272 457 3347 τῆς
479 3272 963 3341 πρπαταρκτικῆς
984 3276 1163 3338 αἰτίας
1201 3276 1495 3346 ὁμολογίαν
1513 3277 1650 3349 ἔχει,
1674 3299 1691 3331 ι
1716 3280 1925 3335 καὶτοῦ

358 3362 634 3433 όμοψύχου
662 3363 873 3430 τούτου,
893 3367 987 3419 καὶ
1011 3368 1147 3436 πρὸς
1172 3367 1318 3422 ἅπαν
1344 3370 1645 3441 ὁμόφρονος
1667 3371 1921 3441 θεολόγου

360 3454 609 3525 βοῶντος,
649 3475 667 3508 ι
714 3454 776 3510 Ei
803 3459 895 3510 καὶ
930 3458 1066 3527 πρὸς
1091 3461 1191 3527 τὴν
1239 3461 1462 3532 πρώτην
1499 3464 1681 3517 αἰτίαν
1722 3466 1791 3519 τὰ
1831 3466 1925 3520 τοῦ

355 3544 717 3614 Μονογενοῦς,
756 3548 832 3611 ὡς
866 3550 959 3602 καὶ
984 3551 1051 3602 τὰ
1082 3550 1178 3603 τοῦ
1201 3551 1516 3619 Πνεῦματος
1530 3555 1917 3625 ἀναφέρεται,ι

358 3638 427 3691 ἵν’
458 3640 766 3709 ἀκροθιγῶς
799 3640 1024 3712 ἅψωμαι
1066 3643 1173 3697 τῶν
1212 3645 1294 3709 είς
1354 3645 1576 3716 ἔλεγχον
1599 3688 1614 3709 ,
1673 3647 1921 3718 διαρχίας

355 3728 588 3782 ἀτοπίαν
604 3730 812 3796 εἰσάγει
842 3729 902 3794 ἐξ
931 3724 1006 3783 ὧν
1035 3730 1356 3800 οἱπρόόολοι
1387 3732 1483 3801 τῆς
1512 3731 1792 3795 εὐσεϐείας
1825 3750 1925 3787 παι

355 3820 661 3890 ραδιδόασιν
683 3837 699 3885 ;
746 3820 884 3875 Ἀλλ’
905 3823 1227 3892 ἐρωτήσεως
1251 3823 1351 3892 τῆς
1376 3823 1519 3877 κατὰ
1560 3824 1621 3877 τὸ
1641 3824 1921 3895 διλήμμα-

338 3895 443 3964 ’τον
473 3915 534 3965 ὲκ
559 3912 653 3965 τοῦ
689 3912 807 3976 ἑνὸς
859 3914 1060 3983 μέρους
1080 3913 1340 3984 τοιαύτης
1378 3915 1771 3986 ἀναφανείσης,
1822 3917 1920 3969 καὶ

353 4004 462 4055 τῶν
511 4004 650 4074 πρὸς
685 4005 1034 4074 κατασκευὴν
1082 4004 1182 4073 τῆς
1230 4005 1431 4076 ἁπλῆς,
1480 4007 1576 4060 καὶ
1625 4005 1737 4060 τῶν
1779 4006 1920 4077 πρὸς

354 4098 598 4168 ἀποσόϐη
608 4113 690 4151 σιν
711 4098 1127 4168 ἐπιφερομένων
1149 4098 1285 4169 αὐτῇ
1309 4100 1658 4168 κακοσχόλως
1677 4100 1921 4170 ἀποφαν-

356 4188 581 4254 θέντων,
613 4188 831 4262 πάντως
862 4189 927 4241 ἐκ
954 4186 1119 4240 τῶνδε
1152 4188 1354 4258 μέρους
1375 4189 1438 4242 ἐκ
1468 4189 1693 4258 θατέρου
1718 4188 1787 4243 τά
1819 4190 1918 4258 τῆς

353 4280 549 4349 διπλῆς
575 4279 986 4349 ἀνατέτραπται
1006 4295 1022 4310 ο
1071 4279 1300 4332 τοιαῦτα
1327 4278 1435 4349 γὰρ
1467 4279 1576 4332 τῶν
1622 4278 1917 4334 ἀντιθέτων

353 4377 408 4426 at
448 4373 720 4440 συζυγίαι.
784 4374 855 4426 Τὸ
891 4371 1005 4443 φῶς
1042 4374 1071 4427 ὁ
1111 4370 1569 4442 εἰσοικισάμενος,
1613 4373 1674 4425 τὸ
1724 4373 1915 4434 σκότος

2031 3192 2145 3235 tum
2186 3181 2545 3239 indubitatum
2582 3198 2802 3241 maneat
2834 3188 2890 3241 in
2927 3188 3088 3255 Filio,
3112 3200 3166 3245 et
3192 3207 3258 3246 ex
3290 3189 3449 3250 Patre
3477 3211 3598 3251 esse

2028 3269 2314 3340 Spiritum,
2344 3271 2463 3329 Filii
2520 3277 2884 3345 mediatione,
2933 3281 3039 3334 sibi
3094 3282 3197 3350 ipsi
3255 3283 3592 3355 unigenitum

2029 3374 2410 3431 conservante,
2441 3376 2497 3422 et
2524 3367 2790 3437 Spiritum
2824 3387 2853 3424 a
2886 3373 3120 3427 naturali
3155 3374 3219 3428 ad
3246 3371 3465 3431 Patrem
3498 3379 3591 3432 ha-

2029 3455 2276 3512 bitudine
2301 3473 2409 3512 non
2435 3468 2679 3515 arcente.
2713 3479 2731 3511 ι
2762 3460 2816 3516 Si
2844 3462 3025 3533 itaque
3046 3463 3164 3519 haec
3186 3466 3361 3534 palam
3392 3476 3445 3522 et
3476 3478 3593 3538 pcr-

2030 3564 2193 3619 quam
2218 3550 2505 3620 perspicue
2529 3551 2872 3624 diviniloqui,
2909 3573 2929 3606 ι
2971 3571 3138 3609 unum
3168 3575 3188 3607 ι
3225 3557 3435 3612 scilicet
3479 3578 3502 3610 ι
3535 3577 3594 3614 ex

2027 3640 2345 3704 ambobus,»
2371 3651 2426 3695 et
2457 3660 2476 3692 ι
2501 3656 2567 3694 ex
2595 3656 2706 3695 uno
2730 3642 2889 3698 ambo
2913 3661 2935 3696 ι
2955 3646 3259 3709 enuntiant,
3287 3657 3342 3701 et
3370 3648 3594 3717 prolixis

2026 3728 2140 3783 suis
2173 3729 2375 3784 divinis
2408 3729 2757 3784 sermonibus
2786 3731 3103 3800 praedicant,
3122 3740 3178 3787 et
3208 3738 3451 3788 eamdem
3477 3753 3593 3790 esse

2024 3820 2341 3878 earumdem
2376 3819 2701 3874 sententiam
2727 3829 2779 3875 et
2805 3819 3167 3891 signiﬁcatum
3201 3823 3464 3879 divinitus
3495 3826 3593 3880 de-

2027 3913 2243 3977 ﬁniunt,
2277 3912 2399 3982 quis
2420 3928 2574 3979 usus,
2605 3924 2698 3969 aut
2718 3926 2840 3982 qua).
2870 3914 3076 3969 utilitas
3102 3914 3289 3978 fuerit,
3325 3921 3594 3986 peiwrsis

2024 4003 2537 4061 ratiocinationibus
2564 4019 2632 4060 ex
2662 4014 2857 4060 ventre
2902 4006 3046 4061 natis
3080 4006 3201 4062 haec
3251 4008 3356 4064 sibi
3404 4019 3594 4065 mutuo

2024 4113 2329 4171 repugnare
2365 4097 2743 4153 demonstrare
2792 4099 3144 4166 contendere,
3178 4107 3234 4155 et
3278 4115 3377 4170 per
3420 4118 3590 4156 unum

2023 4182 2167 4245 aliud
2195 4189 2501 4252 destruere,
2537 4195 2593 4243 et
2622 4189 2733 4258 jam
2783 4189 2982 4260 positis
3027 4190 3253 4245 Patrum
3305 4196 3593 4249 sententiis

2023 4282 2371 4351 decretisque
2402 4281 2704 4345 adversari,
2732 4295 2859 4336 cum
2886 4282 3064 4353 magni
3089 4285 3327 4339 nominis
3363 4284 3594 4340 Basilius

2022 4375 2091 4431 ad
2126 4373 2565 4446 Amphilochium
2593 4373 2788 4428 doceat
2817 4388 2834 4426 :
2866 4389 2889 4426 ι
2930 4374 3032 4429 Per
3063 4371 3260 4430 Filium
3302 4379 3448 4431 cnim
3489 4394 3594 4433 vox

349 4467 747 4531 ἁπετινάξατοο
798 4468 893 4521 καὶ
942 4469 971 4521 ὁ
1022 4466 1083 4520 τὸ
1135 4464 1339 4520 ἁπλοῦν
1379 4466 1821 4531 κατασκευάσας,
1853 4464 1915 4517 τὸ

2029 4464 2331 4536 original-ias
2375 4477 2554 4518 causa:
2599 4461 3001 4518 confessionem
3040 4463 3310 4529 continet,
3351 4482 3371 4515 ι
3408 4475 3463 4519 et
3494 4467 3588 4534 qui

346 4561 571 4612 διπλοῦν
595 4561 982 4631 ἀπεπέμψατο.
1019 4559 1164 4632 Πλὴν
1195 4561 1291 4612 καὶ
1317 4560 1494 4614 ἀλλων
1525 4556 1735 4611 πολλῶν
1766 4558 1914 4610 ἐνόν-

348 4670 455 4703 των
483 4654 617 4720 ἡμῖν
644 4653 739 4704 καὶ
780 4646 956 4720 λόγων
996 4654 1090 4704 καὶ
1121 4653 1432 4721 νοημάτων,
1476 4651 1596 4713 ταῖς
1627 4647 1739 4701 τῶν
1773 4649 1913 4719 ίερο-

348 4745 608 4811 κηρύκων
631 4745 1016 4814 ὲκφαντορίαις
1044 4743 1462 4813 ὲνηδρασμένων
1493 4744 1573 4805 είς
1595 4740 1911 4813 ἀπορρἀιο

351 4850 437 4884 σιν
471 4835 568 4902 τῆς
606 4833 828 4903 διπλόης
861 4833 941 4885 ἐνὶ
975 4834 1085 4885 τῶν
1114 4833 1180 4884 ὲκ
1213 4831 1419 4884 τούτων
1451 4832 1911 4902 παραδειγμάτων

350 4924 813 4994 ἀρκεσθησόμεθα
837 4926 915 4994 τῷ
941 4923 1035 4976 τοῦ
1081 4923 1257 4994 ἡλίου,
1291 4921 1391 4992 τῆς
1419 4924 1658 4985 ἀκτῖνος,
1696 4924 1789 4975 καὶ
1814 4920 1911 4974 τοῦ

352 5015 550 5083 φωτός.
586 5011 745 5069 Οὗτοι
777 5015 885 5086 γὰρ
920 5017 999 5079 είς
1024 5015 1321 5086 ἐμφέρειαν
1343 5012 1595 5083 ἀμυδρὰν
1621 5013 1728 5066 τῶν
1752 5014 1913 5080 θεαρ-

348 5107 524 5174 χικῶν
555 5106 905 5158 ὐποστάσεων
949 5105 1121 5159 ταῦτα
1164 5104 1553 5174 λαμϐάνοντες,
1597 5103 1673 5164 ὡς
1716 5102 1780 5154 ἐκ
1814 5103 1910 5154 τοῦ

353 5197 506 5266 ἡλίου
538 5197 632 5250 καὶ
654 5200 754 5266 τῆς
793 5198 1031 5260 ἀκτῖνος,
1073 5196 1242 5267 ἤγουν
1272 5196 1335 5248 ἐκ
1369 5194 1461 5247 τοῦ
1494 5192 1910 5261 πεφωτισμένον

352 5289 538 5341 δίσκου
578 5286 666 5340 διὰ
705 5288 807 5357 τῆς
841 5288 1059 5348 ἀκτῖνος
1088 5286 1149 5339 τὸ
1180 5285 1297 5354 φῶς
1342 5285 1464 5357 ἦτοι
1513 5283 1611 5355 τὴν
1637 5281 1913 5351 ἔκλαμψιν

354 5378 536 5448 ἁπλῆν
567 5377 920 5443 ἀναφαίνουσι
940 5392 955 5408 ⁸
990 5377 1074 5438 τίς
1095 5377 1257 5447 γὰρὴ
1285 5376 1478 5441 διπλόη
1504 5374 1668 5441 τῆσδε
1691 5390 1705 5438 ;
1740 5372 1915 5435 οὕτως

351 5463 414 5529 ἐξ
466 5464 693 5533 ἀμφοῖν,
733 5462 902 5533 ἤγουν
947 5464 1012 5516 ὲκ
1060 5464 1274 5533 Πατρδς
1316 5463 1384 5518 δι’
1415 5462 1547 5516 Υίοῦ
1590 5464 1652 5516 τὸ
1706 5463 1935 5533 Πνεῦμα

355 5553 730 5621 θεολογοῦντες
762 5556 942 5625 πάσης
970 5553 1192 5623 διπλόης
1226 5555 1628 5626 ὑπερκείμενον
1659 5557 1931 5627 παριστά.

353 5666 527 5703 νουσι.
577 5645 686 5701 Καί
728 5664 808 5701 τοι
853 5648 887 5715 ἡ
920 5647 1023 5717 τῆς
1059 5647 1398 5719 ὑπερθυσίςυ
1434 5647 1664 5720 Τριάδος
1692 5651 1931 5724 ἁπλότης

353 5742 494 5809 ὑπὲρ
525 5741 704 5794 πᾶσαν
733 5739 1011 5809 ἁπλότητα
1034 5781 1046 5798 ,
1085 5741 1159 5797 ὡς
1197 5745 1288 5794 καὶ
1329 5745 1355 5814 ἦ
1392 5745 1626 5815 ἁμέρεια
1654 5744 1792 5818 ὑπὲρ
1823 5748 1928 5801 πᾶο

616 5824 617 5827 “
669 5833 864 5893 Pyra.
911 5834 1026 5899 tia.
1081 5833 1293 5896 CVM.

2022 4558 2146 4612 unis
2183 4555 2382 4611 animis
2422 4570 2545 4610 cum
2605 4570 2673 4609 eo
2718 4555 2878 4617 vixit,
2909 4564 2964 4610 et
3000 4556 3053 4608 in
3090 4556 3349 4611 onmibus
3394 4559 3586 4613 eadem

2018 4647 2192 4704 tenuit
2222 4646 2550 4718 Theologus,
2582 4647 2775 4701 clamat
2814 4664 2828 4699 :
2866 4665 2884 4699 ι
2930 4645 3082 4701 Licet
3110 4650 3175 4702 ad
3208 4649 3435 4718 primam
3461 4667 3588 4703 eau-

2015 4752 2130 4792 sam
2162 4751 2283 4806 quaa
2324 4735 2620 4808 Unigeniti,
2654 4747 2708 4792 et
2736 4752 2799 4793 ea
2827 4753 2947 4807 quae
2976 4737 3212 4808 Spiritus
3245 4746 3393 4800 sunt,
3439 4740 3582 4793 refe-

2020 4839 2244 4896 rantur;
2288 4846 2306 4879 ι
2343 4836 2402 4882 ιιι
2432 4828 2629 4885 leviter
2658 4828 3038 4885 refutationem
3085 4829 3344 4903 attingam
3391 4844 3581 4885 eorum

2017 4920 2110 4991 qui
2135 4920 2368 4975 duorum
2397 4920 2792 4990 principiorum
2824 4921 3218 4976 absurditatem
3262 4921 3464 4976 inferre
3484 4936 3580 4977 co-

2019 5020 2245 5073 nantur,
2277 5024 2344 5065 ex
2372 5011 2441 5065 iis
2469 5026 2590 5079 qua:
2619 5011 2835 5080 pietatis
2879 5022 3307 5085 propugnatores
3349 5012 3586 5067 tradidc-
3636 5030 3647 5036 ο

2020 5100 2186 5156 runt?
2245 5099 2351 5156 Sed
2382 5116 2505 5155 cum
2539 5102 2961 5172 interrogatione
3014 5120 3110 5172 per
3141 5105 3395 5157 dilemma
3445 5101 3585 5158 facta

2016 5209 2082 5248 ex
2133 5208 2240 5248 una
2285 5178 2438 5263 parte
2476 5193 2529 5248 in
2562 5193 2709 5248 hunc
2733 5197 2954 5251 modum
2986 5196 3340 5264 redarguatur
3355 5195 3421 5249 ad
3454 5195 3589 5249 sim-

2015 5284 2173 5354 plicis
2204 5284 2602 5354 probationem.
2633 5296 2687 5340 et
2710 5286 3095 5340 refutationem
3124 5300 3312 5340 eorum
3336 5299 3453 5354 quae
3479 5286 3583 5355 ipsi

2017 5375 2180 5445 objici
2228 5383 2500 5444 poterant,
2551 5385 2756 5432 temere
2800 5379 3029 5432 adducta
3068 5377 3477 5448 dignoscantur.
3520 5378 3588 5431 Et

2017 5481 2246 5536 prorsus
2272 5467 2437 5535 hujus
2472 5478 2701 5539 utraque
2731 5484 2799 5523 ex
2825 5478 2976 5536 parte
3015 5469 3246 5538 duplicis
3284 5470 3586 5537 interroga-

2018 5558 2182 5614 tionis
2237 5560 2379 5614 dicta
2437 5562 2826 5615 subvertentur
2869 5578 2882 5613 :
2931 5560 3066 5615 tales
3121 5560 3391 5630 siquidem
3458 5568 3588 5615 sunt

2018 5651 2394 5718 oppositurum
2435 5650 2870 5721 conjugationes.
2907 5649 3009 5714 Qui
3041 5649 3210 5703 solem
3246 5646 3585 5713 introduxit,

2020 5744 2270 5799 tenebras
2297 5741 2601 5812 dissipavit,
2633 5753 2687 5796 et
2715 5744 2803 5812 qui
2840 5742 3062 5812 simplex
3095 5741 3364 5812 probavit,
3387 5740 3587 5809 duplex
3624 5729 3629 5734 ’

3137 5826 3215 5896 Μ
