4072 6462
586 362 735 426 1291

1809 361 2137 423 GEORGII
2180 361 2646 424 METOCHIT/E

3668 363 3781 427 12'2

604 478 856 534 removit.
888 476 1252 531 N'Jtilominus
1283 490 1406 531 cum
1433 482 1487 528 et
1516 475 1632 528 aliae
1659 474 1840 530 multa:
1864 478 2021 532 nobis
2044 494 2175 549 sup-

2288 496 2389 532 σαν
2419 478 2709 549 ἀμέρειαν.
2743 477 2913 529 Ὢσπε
2925 493 2954 547 ρ
2984 476 3039 529 δὲ
3070 476 3131 529 οὐ
3171 474 3414 544 μεριστὶς
3437 475 3463 527 ὁ
3492 474 3658 546 Πατὴρ
3681 478 3781 530 οὐδὲ

604 578 797 639 petant
822 578 875 623 et
906 569 1164 629 rationes,
1190 578 1241 620 et
1266 567 1517 621 notiones
1551 582 1831 621 sacrorum
1859 584 2170 638 praeconum

604 676 789 716 rerum
835 659 1260 734 Jeconditarum
1317 658 1761 712 enarrationibus
1815 661 2062 714 subnixae
2104 662 2171 714 ad

606 751 974 820 duplicitatem
1015 750 1153 802 banc
1181 748 1561 813 refellendam,
1595 765 1703 804 uno
1738 758 1947 806 tantum
1979 767 2043 805 ex
2077 752 2175 806 iis-

605 844 726 896 dem
763 843 1011 911 exemplo
1057 844 1228 912 petito
1262 842 1509 896 contenti
1556 824 1784 904 erimus.
1820 843 1947 896 solis
1980 859 2173 912 nempe

604 935 738 988 radii
780 943 835 987 et
888 934 1141 988 luminiss
1166 932 1228 986 Hi
1261 933 1526 1003 siquidem
1583 933 1638 987 in
1690 936 1883 989 exilem
1946 934 2174 989 Deitatis

601 1026 911 1096 printipum
962 1026 1326 1097 bypostaseon
1388 1026 1805 1082 similitudinem
1861 1028 1960 1081 ista
2012 1027 2174 1081 desu-

603 1128 837 1184 mentes,
869 1118 949 1171 uti
977 1133 1041 1172 ex
1078 1117 1193 1173 sole
1226 1127 1281 1171 et
1313 1116 1487 1181 radio,
1530 1133 1591 1172 et
1628 1118 1930 1173 illuminato
1978 1133 2176 1188 nempe

601 1208 732 1264 orbe
762 1188 867 1278 per‘
896 1208 1130 1271 radium,
1172 1207 1355 1262 lumen
1405 1209 1520 1263 sive
1569 1209 1910 1263 eﬂ‘nlsionem
1963 1209 2176 1278 simpli-

600 1315 716 1355 cem
740 1309 1202 1364 commonstrant;
1235 1316 1355 1369 qua:
1381 1303 1527 1355 enim
1554 1302 1719 1371 hujus
1745 1302 2068 1369 duplicitas?
2099 1302 2176 1356 sic

599 1408 665 1447 ex
700 1393 992 1457 ambobus,
1041 1408 1104 1447 ex
1137 1391 1299 1447 Patre
1332 1393 1601 1448 duntaxat
1645 1409 1743 1463 per
1777 1394 1970 1448 Filium
2003 1394 2177 1462 Spiri-

561 1528 567 1533 .
601 1493 715 1537 tum
751 1484 1128 1548 decernentes,
1160 1485 1304 1537 omni
1334 1484 1649 1554 duplicitate
1681 1485 2019 1554 superiorem
2046 1500 2175 1539 con-

599 1578 854 1630 stituunt.
888 1576 1039 1631 Licet
1070 1577 1610 1647 supersubStautialis
1655 1575 1886 1641 Triadis,
1908 1578 2172 1647 simplici-

600 1678 684 1720 tas
717 1684 883 1739 super
910 1684 1124 1722 omnem
1157 1669 1560 1740 simplicitatem
1592 1669 2173 1738 est,quemadmodum

2276 571 2549 635 σύνθετος,
2578 571 2659 624 ὅτι
2682 570 2772 623 τὸν
2795 568 2922 621 Υίὸν
2950 570 3135 639 γεννᾷ,
3160 568 3252 621 καὶ
3272 568 3330 620 τὸ
3352 568 3558 637 Πνεῦμα
3578 568 3778 638 προῧάλυ

2273 661 2448 724 λεται,
2503 660 2709 729 καίπερ
2754 659 2917 714 ἄλλου
2969 659 3064 712 καὶ
3109 658 3266 712 ἀλλου
3317 657 3674 727 θεωρουμένων
3704 659 3782 711 τοῦ

2271 750 2470 819 γεννᾷν
2501 751 2595 802 καὶ
2641 748 3067 817 προϐάλλεσθαι,
3105 749 3138 817 ἡ
3177 746 3229 800 δὲ
3281 745 3339 811 ἐξ
3384 749 3568 814 ἀμφοῖν
3596 747 3785 813 πρόοδος

2272 843 2305 910 ἡ
2333 842 2470 910 αὐτὴ
2504 841 2599 894 καὶ
2629 841 2752 909 μία,
2789 840 2871 894 ὅτι
2904 837 2980 911 μὴ
3009 838 3186 891 ταῦτα
3229 838 3365 909 μέρη
3403 837 3511 890 ἀλλ’
3547 837 3782 906 ἰδιότητες,

2272 932 2392 984 οὐδὲ
2420 932 2563 985 κατά
2589 948 2712 984 τινα
2740 931 2914 1002 τομὴν
2949 933 2980 999 ἡ
3013 932 3279 1000 ἐκατέρου
3314 929 3618 997 γνωρίζεται
3649 931 3781 998 πρόο-

2271 1019 2363 1083 δος
2382 1035 2395 1048 ·
2423 1019 2596 1085 οὕτως
2621 1020 2746 1074 οὔτε
2778 1022 2837 1074 τὸ
2862 1019 3087 1090 Πνεῦμα
3116 1018 3388 1090 μεριστὸν,
3410 1017 3526 1070 οῦτε
3556 1017 3781 1081 σύνθετον,

2272 1111 2354 1164 ὅτι
2395 1113 2460 1165 ἐκ
2495 1111 2705 1182 Πατρδς
2738 1111 2835 1165 καὶ
2860 1110 3016 1175 Υίοῦ,
3047 1110 3166 1164 οὐδὲ
3195 1110 3255 1162 τδ
3290 1109 3387 1179 μὲν
3411 1113 3472 1161 ἐκ
3501 1108 3587 1161 τοῦ
3612 1108 3784 1178 Πατρός

2272 1203 2408 1275 ἔχει,
2446 1205 2506 1257 τὸ
2534 1204 2588 1257 δὲ
2623 1207 2687 1258 ὲκ
2714 1203 2811 1258 τοῦ
2838 1188 2992 1269 Υίοῦ,
3026 1203 3165 1256 ἀλλὰ
3190 1202 3252 1255 τὸ
3283 1201 3502 1264 ἁπλοῦν,
3530 1202 3653 1270 ὅπερ
3671 1200 3784 1251 ὲστὶν

2276 1296 2342 1348 ἐκ
2376 1295 2470 1349 τοῦ
2513 1297 2727 1367 Πατρός
2753 1299 2871 1350 ἐστι
2911 1297 3006 1349 καὶ
3048 1295 3142 1347 τοῦ
3168 1294 3321 1361 Υίοῦ,
3350 1295 3406 1361 ἐξ
3436 1294 3626 1357 ἁπλῶν,
3649 1293 3781 1364 ἤγουν

2274 1385 2335 1451 ἐξ
2365 1387 2537 1442 ἁπλοῦ
2561 1387 2630 1441 δι’
2659 1386 2857 1453 ἁπλοῦ,
2890 1390 2985 1440 καὶ
3016 1387 3076 1451 ἐξ
3101 1389 3327 1456 ἀμερῶν
3355 1385 3566 1456 ἀμερὲς,
3590 1384 3669 1438 καὶ
3684 1387 3786 1453 ὁμο-
3814 1384 3818 1419 ἵ

2276 1483 2411 1549 φυὲς
2437 1480 2496 1546 ἐξ
2522 1480 2798 1550 ὁμοφυῶν.
2832 1482 2895 1534 0i
2935 1480 3036 1550 μὲν
3071 1476 3166 1533 οὖν
3195 1478 3255 1543 ἑξ
3284 1480 3400 1542 ἐνὸς
3430 1479 3603 1547 ἄμφω,
3637 1476 3784 1529 καὶτὸ

2275 1572 2332 1624 ἓν
2359 1573 2416 1639 ἐξ
2442 1574 2645 1643 ἀμφοῖν
2669 1575 2991 1640 φάσκοντες.
3013 1573 3090 1636 ὡς
3110 1573 3169 1625 τὸ
3191 1570 3333 1625 οὕτω
3357 1572 3542 1638 φωνεῖν
3559 1569 3790 1639 φθέγμασι

2275 1667 2562 1736 πατρικοῖς
2594 1664 2791 1735 ἔχομεν
2816 1665 3230 1736 στηριζόμενον,
3265 1663 3406 1717 οὓτω
3427 1666 3516 1716 καὶ
3540 1661 3790 1732 παραδείγ-

599 1767 655 1811 et
693 1758 1047 1814 individuilas
1077 1775 1246 1830 super
1267 1738 1498 1815 omnem
1531 1759 1995 1814 individuitatem.
2021 1759 2175 1813 Sicut

2282 1774 2416 1827 μασι
2443 1759 2557 1821 τοῖς
2588 1757 2768 1811 αὐτῶν
2812 1758 3223 1827 ὲδραιούμενον,
3260 1756 3322 1809 οὐ
3373 1758 3526 1825 μόνον
3559 1754 3628 1824 τῷ
3651 1738 3793 1822 προσ-

562 1892 565 1893 ν
598 1852 743 1906 enim
769 1851 930 1908 P..ter
957 1869 1131 1924 neque
1163 1854 1417 1909 dividuus
1453 1861 1559 1917 est,
1593 1867 1774 1922 neque
1804 1852 2167 1922 compositus,

2277 1849 2417 1918 εχῶς
2447 1849 2765 1920 τεθειμένῳ,
2821 1851 2894 1913 ὡς
2947 1850 3086 1919 πρὸς
3129 1850 3209 1920 τῷ
3264 1850 3345 1902 ἑνὶ
3372 1847 3524 1901 πλέον
3550 1848 3664 1913 δρῶ,
3701 1839 3791 1896 οἷον

590 1938 741 2013 ηειοά
770 1954 992 2015 generet
1023 1946 1221 2000 Filium
1245 1986 1259 2009 ,
1308 1955 1363 2001 et
1409 1944 1677 2015 Spiritum
1725 1943 2009 2015 producat,
2046 1942 2174 1996 licet

574 2037 743 2090 aliud
776 2053 1039 2107 generare
1065 2050 1116 2093 et
1153 2039 1454 2108 producere
1494 2038 1914 2102 consideratur,
1948 2051 2013 2090 ex
2052 2050 2174 2088 am-

565 2126 773 2183 tbobus
804 2127 933 2183 item
966 2144 1216 2201 egressus
1248 2129 1390 2184 idem
1433 2138 1519 2184 est
1566 2137 1622 2183 et
1668 2143 1811 2183 unus
1858 2127 2008 2197 quod
2056 2127 2175 2181 istae

599 2231 787 2287 partes
812 2235 921 2274 non
953 2230 1100 2282 sunt,
1130 2220 1223 2275 sed
1256 2210 1642 2290 proprietates,
1674 2232 1851 2288 neque
1873 2216 2173 2273 secundum

599 2310 834 2380 aliquam
884 2312 1207 2367 recisionem
1231 2351 1246 2376 ,
1282 2313 1565 2382 utriusque
1599 2325 1923 2381 progress-us
1971 2323 2174 2389 cogno-

602 2406 774 2458 scitur
810 2417 826 2456 :
860 2405 975 2472 pari
1024 2405 1235 2460 ratione
1267 2420 1447 2475 neque
1485 2404 1722 2475 Spiritus
1760 2403 2016 2457 dividuus
2057 2410 2172 2468 est,

599 2511 780 2566 neque
840 2496 1195 2565 compositus,
1254 2497 1401 2566 quod
1450 2512 1516 2549 ex
1567 2494 1727 2551 Patre
1789 2503 1845 2548 et
1892 2494 2047 2558 Filio,
2107 2507 2177 2548 ex

598 2589 939 2658 simplicibus
971 2597 1074 2655 est,
1112 2604 1310 2658 nempe
1339 2604 1404 2643 ex
1454 2589 1703 2657 simplice
1737 2601 1835 2657 per
1867 2585 2174 2654 simplicem

598 2682 850 2751 simplex,
900 2690 954 2735 et
986 2696 1051 2735 ex
1091 2679 1388 2735 individuis
1428 2677 1779 2743 individuus,
1828 2687 1883 2731 et
1928 2678 2173 2745 ejusdem

597 2783 806 2828 natura:
836 2788 960 2828 cum
992 2773 1057 2827 iis
1081 2774 1173 2842 qui
1203 2772 1450 2843 ejusdem
1478 2778 1695 2824 naturae
1715 2784 1838 2824 cum
1867 2768 1987 2838 ipso
2020 2776 2171 2823 sunt.

597 2866 700 2933 Qui
734 2868 919 2937 itaque
952 2880 1016 2919 ex
1055 2881 1166 2919 uno
1197 2865 1380 2928 ambo,
1410 2870 1465 2918 et
1493 2879 1562 2919 ex
1590 2863 1855 2918 ambobus
1884 2876 2053 2916 unum
2084 2876 2173 2916 as-

586 2964 825 3018 serunt,
870 2954 1327 3024 quemadmodum
1373 2955 1446 3008 ita
1504 2962 1694 3008 tenere
1746 2952 1907 3008 dictis
1953 2952 2174 3008 Patrum

576 3048 1006 3111 »eon[irmamur,
1040 3047 1118 3102 sic
1148 3062 1337 3102 eorum
1369 3061 1585 3117 quoque
1607 3046 1875 3115 exemplis
1912 3045 2172 3101 corrobo-
2221 3048 2229 3055 ’

572 3156 806 3205 ηνοιηιιν,
840 3155 948 3194 non
981 3148 1192 3194 tantum
1242 3142 1492 3211 proxime
1535 3140 1806 3210 apposito,
1860 3155 1971 3193 uno
2003 3139 2176 3209 siqui-

600 3236 747 3298 dem,
776 3232 871 3288 sed
905 3248 1026 3289 cum
1058 3232 1110 3288 id
1140 3232 1411 3287 sermonis
1440 3234 1611 3287 series
1641 3239 1799 3301 cOgat
1822 3231 1925 3285 alia
1954 3246 2174 3301 quoque

572 3327 818 3389 addam,
860 3326 1005 3396 quod
1048 3326 1153 3380 erit
1185 3324 1401 3387 radicis,
1433 3323 1591 3388 rami,
1619 3331 1673 3376 et
1704 3324 1948 3390 fructus;
1980 3337 2048 3378 ex
2088 3339 2177 3378 ra-

599 3417 721 3472 dice
754 3417 901 3471 enim
929 3417 1139 3473 fructus
1171 3432 1268 3487 per
1301 3431 1535 3483 ramum;
1565 3430 1752 3469 verum
1781 3430 1845 3469 ex
1872 3431 2025 3471 ramo
2047 3431 2174 3471 eum

599 3507 763 3561 etiam
794 3509 974 3563 dicere
998 3509 1132 3562 niliil
1181 3517 1349 3562 vetat.
1384 3508 1526 3562 Hinc
1555 3523 1622 3562 ex
1651 3508 1939 3574 ambobus,
1976 3524 2045 3563 ex
2077 3524 2170 3563 ra-

600 3600 720 3655 dice
752 3600 960 3655 scilicet
992 3616 1088 3670 per
1119 3616 1353 3656 ramum.
1400 3600 1664 3655 Similiter
1715 3609 1770 3654 et
1818 3600 1953 3655 illud
1986 3599 2129 3655 oculi
2156 3640 2173 3668 ,

598 3694 785 3758 lontis,
827 3704 881 3748 et
910 3692 1080 3748 ﬂuvii.
1113 3692 1215 3760 Qui
1246 3709 1409 3764 porro
1442 3694 1578 3748 illud
1604 3707 1669 3747 ex
1706 3693 1971 3748 ambobus
1996 3707 2174 3764 oppu—

601 3794 789 3855 gnant,
822 3786 897 3840 uti
929 3786 1107 3840 verbis
1153 3802 1217 3840 ac
1254 3786 1570 3841 nolionibus
1597 3801 1628 3840 e
1657 3796 1848 3840 ventre
1888 3788 2063 3842 enatis
2106 3788 2175 3842 ad

603 3878 704 3931 sibi
737 3878 1055 3947 complacita
1089 3877 1432 3944 deferuntur,
1474 3893 1585 3932 non
1623 3878 1946 3933 testimoniis
1972 3881 2175 3949 scripto

604 3968 849 4033 traditis,
899 3970 977 4024 sic
1016 3970 1083 4024 ad
1136 3985 1199 4023 ea
1250 3986 1372 4039 qua:
1421 3971 1485 4023 ad
1535 3970 1823 4039 imaginem
1875 3972 2177 4026 divinitatis

601 4059 862 4128 principis
908 4050 1127 4114 1‘riadis
1173 4060 1393 4115 Patrum
1441 4060 1601 4116 dictis
1644 4074 2016 4131 apponuntur,
2064 4080 2174 4118 non

579 4148 945 4203 .advertcntes
977 4152 1244 4215 animum,
1268 4152 1367 4206 viri
1396 4159 1558 4221 atque
1594 4152 1840 4207 mulieris
1875 4155 2080 4223 prolem
2108 4170 2176 4209 ex

597 4254 893 4306 congressu
923 4239 1164 4294 motibus
1194 4240 1359 4294 animi
1386 4241 1646 4306 obnoxio,
1677 4252 1730 4296 et
1757 4243 2173 4314 generationem

598 4328 740 4398 ignis
769 4344 833 4382 ex
860 4331 1095 4385 violenta
1127 4346 1190 4386 ac
1231 4330 1543 4388 vehementi
1574 4333 1888 4400 fricatione,
1919 4351 1985 4390 ex
2012 4337 2176 4391 rebus

598 4421 822 4476 alterius
864 4432 1084 4478 natura:
1128 4433 1293 4494 atque
1335 4427 1586 4479 essentia:
1624 4430 1765 4481 inter
1811 4442 1934 4482 sese
1985 4438 2176 4484 mutuo

2275 1939 2592 2009 ἑλκόμενος,
2625 1940 2764 1994 ἀλλά
2798 1944 2892 1995 καὶ
2926 1941 3003 2011 τῷ
3029 1942 3130 2011 τῆς
3162 1941 3347 2014 ῥίζης,
3373 1940 3466 1994 καὶ
3498 1937 3584 1992 τοῦ
3611 1936 3792 1999 κλάδον,

2274 2033 2495 2086 καὶτοῦ
2528 2032 2766 2102 καρποῦ.
2809 2035 2905 2088 Ἐκ
2951 2034 3052 2104 τῆς
3104 2033 3268 2105 ῥίζης
3308 2034 3417 2102 γάρ
3447 2034 3474 2086 ὁ
3516 2029 3699 2100 amp-uia;
3722 2027 3794 2080 διὰ

2273 2124 2367 2179 τοῦ
2404 2125 2621 2187 κλάδου,
2660 2126 2795 2180 ἀλλά
2824 2125 2918 2180 καὶ
2968 2127 3033 2178 ὲκ
3070 2126 3164 2179 τοῦ
3217 2125 3408 2179 κλάδου
3451 2123 3611 2191 λέγειν
3638 2119 3792 2173 τοῦτον

2275 2219 2747 2274 ἀκώλυτον.”Οθεν
2781 2220 2876 2273 καὶ
2908 2219 2966 2284 ἐξ
3000 2220 3228 2288 ἀμφοῖν,
3258 2220 3322 2272 ὲκ
3355 2220 3447 2289 τῆς
3472 2218 3610 2287 ῥίζης
3637 2214 3789 2285 δηλον-

2275 2312 2357 2365 ότι
2389 2312 2477 2365 διὰ
2503 2311 2599 2366 τοῦ
2634 2312 2853 2365 κλάδον.
2895 2311 3171 2375 Ὡσαύτως
3204 2312 3300 2364 καὶ
3329 2311 3390 2362 τὸ
3421 2309 3508 2362 τοῦ
3538 2306 3786 2378 ὀφθαλμοῦ,

2275 2404 2375 2472 τῆς
2406 2404 2590 2474 πηγῆς
2625 2405 2721 2457 καὶ
2768 2404 2862 2456 τοῦ
2895 2403 3164 2473 ποταμοῦ.
3214 2404 3278 2455 Οἱ
3306 2401 3362 2456 δὲ
3403 2402 3531 2472 πρὸς
3556 2403 3609 2454 τὺ
3634 2398 3787 2466 ἐξάμο

2277 2497 2399 2565 φοῖν
2453 2494 3011 2563 ἀντικαθιστάμενοι.
3071 2493 3147 2556 ὡς
3210 2496 3417 2565 ῥήμασι
3469 2492 3556 2546 καὶ
3599 2493 3784 2560 νοήμασι

2258 2584 2389 2662 ξτοῖς
2430 2584 2539 2639 ἀπὸ
2568 2585 2779 2648 κοιλίας
2823 2588 2962 2656 πρὸς
2991 2585 3051 2638 τδ
3085 2586 3236 2639 κατὰ
3280 2582 3530 2654 βούλησιν
3559 2583 3788 2654 φέρονται,

2276 2681 2336 2731 οὐ
2367 2680 2484 2742 ταῖς
2518 2680 2580 2731 ἐκ
2627 2678 2865 2749 Γραφῶν
2915 2680 3256 2749 μαρτυρίαις
3300 2677 3639 2743 ούδοπωσοῦν,
3680 2674 3792 2728 οὕτω

2275 2769 2384 2823 τῶν
2409 2771 2488 2833 είς
2511 2769 2695 2823 εἰκόνα
2722 2770 2821 2838 τῆς
2848 2770 3084 2840 ἀρχικῆς
3104 2770 3343 2839 Τριάδος
3364 2772 3686 2842 παραθέσεων
3712 2784 3796 2818 πα-

2275 2861 2481 2933 τρικῶν
2534 2862 2608 2932 μὴ
2657 2862 3138 2931 ἐπιστρεφόμενοι,
3198 2863 3545 2932 ἀποτέλεσμα
3589 2859 3795 2929 γυναικὸς

2278 2956 2373 3008 καὶ
2402 2954 2594 3025 ἀνδρὸς
2625 2955 2685 3019 ἐξ
2705 2955 2991 3023 ὲμπαθοῦς
3018 2955 3409 3021 συνελεύσεως,
3436 2957 3524 3010 καὶ
3551 2954 3697 3024 πυρὸς
3725 2952 3797 3018 γέ-

2277 3061 2426 3099 νεσιν
2452 3047 2513 3098 ὲκ
2545 3044 2727 3115 βιαίας
2767 3046 3151 3116 προστρίψεως
3184 3048 3489 3118 ἑτεροφυῶν
3514 3048 3636 3115 πρὸς
3666 3043 3796 3110 ἄλλη-

2277 3136 2344 3188 λα
2394 3139 2489 3190 καὶ
2516 3136 2897 3205 ὲτεροουσίων,
2926 3139 3023 3191 καὶ
3054 3139 3232 3210 πηλοῦ
3263 3139 3507 3194 σύνθεσιν
3528 3138 3580 3203 ἐξ
3604 3139 3796 3204 ἑτεροει-

2277 3229 2382 3284 δῶν
2401 3228 2666 3293 ὡσαύτως
2700 3231 2914 3285 οἴκοθεν
2958 3234 3418 3302 παρεισάγουσιν,
3447 3233 3518 3297 ὡς
3560 3231 3794 3301 ἐμφήναν-

2274 3338 2364 3385 τες
2389 3322 2563 3376 ταῦτα
2591 3323 2720 3386 τοὺς
2751 3323 3085 3388 ἀπεναντίας
3105 3326 3410 3395 λαμϐάνειν
3436 3327 3512 3389 είς
3543 3324 3794 3393 ἐμφέρειαν

2273 3415 2374 3484 τῆς
2400 3414 2459 3481 ἐξ
2492 3418 2695 3487 ἀμφοῖν
2734 3412 2964 3487 προόδου
2996 3418 3092 3472 τοῦ
3148 3420 3470 3490 Πνεύματος
3508 3417 3578 3489 τῷ
3615 3419 3792 3486 ἀπαρα-

2274 3505 2450 3576 δέκτῳ
2498 3507 2708 3561 τούτων
2762 3509 2824 3562 τὸ
2882 3510 3024 3564 κατά
3077 3513 3285 3566 σκοπὸν
3337 3509 3796 3567 κατασκευάσαντες

2274 3598 2674 3670 ἀπαρτίσωσιν,
2716 3598 2876 3655 ἅτινα
2908 3602 2981 3672 μή
3011 3603 3093 3657 τοί
3124 3620 3190 3670 γε
3236 3604 3373 3667 ὅλως
3397 3603 3554 3674 ἐρεῖν.
3591 3597 3794 3669 ῆγραφῇ

2275 3687 2479 3758 δοῦναι,
2530 3688 2664 3744 ἀλλά
2698 3694 2792 3745 καὶ
2836 3696 3016 3763 μόνως
3049 3695 3305 3765 ἐννοῆσαι
3362 3697 3537 3766 ψιλαῖς
3576 3690 3796 3748 ἐπινοίαις

2277 3782 2380 3837 κᾶν
2405 3783 2659 3854 δαίμονες
2685 3784 2934 3857 ἐφριξαν.
2980 3788 3039 3841 '0
3082 3791 3360 3861 γρήγορος
3391 3792 3565 3860 μέντοι
3593 3803 3649 3855 γε
3675 3780 3794 3843 νοῦς,

2277 3878 2311 3945 ἡ
2344 3876 2446 3944 τῆς
2496 3876 2775 3945 θεολογίας
2802 3879 3068 3951 ἀκρότης,
3120 3880 3181 3946 ἐξ
3223 3881 3532 3952 ὁμοιώσεὼν
3556 3895 3697 3933 τινων
3720 3879 3797 3942 τὴν

2278 3966 2652 4037 ὑπεράπειρον
2677 3968 2883 4038 Τριάδα
2906 3968 3144 4036 δεικνὺς,
3179 3991 3198 4023 ι
3233 3973 3470 4042 ἀμυδρὸν
3496 3970 3552 4023 τὸ
3572 3967 3795 4035 τῆςείκα-

2281 4058 2403 4124 σίας
2435 4059 2754 4131 δηλοῦσθαι,
2796 4079 2816 4112 a
2854 4063 2951 4116 καὶ
2983 4062 3063 4127 τὸ,
3099 4082 3118 4115 ι
3153 4065 3218 4118 τὸ
3250 4066 3408 4120 πλέον
3441 4063 3646 4135 φεύγειν
3675 4078 3692 4110 a
3722 4074 3801 4126 μευ

2277 4150 2602 4221 γαληγόρως
2665 4152 3027 4222 μαρτύρεται,
3084 4173 3103 4206 ‹
3141 4156 3237 4210 καὶ
3271 4158 3419 4210 κάτω
3472 4157 3639 4226 μένειν
3677 4150 3798 4220 ἡμᾶς

2277 4245 2372 4314 ὲᾷν
2429 4243 2567 4313 μετὰ
2621 4243 2717 4296 τοῦ
2771 4246 3175 4315 ύποδείγματος
3228 4268 3248 4301 a
3314 4248 3679 4316 ἀποφαίνεται,
3723 4238 3800 4293 καὶ

2276 4335 2449 4390 ταῦτα
2481 4336 2782 4407 ὁμοουσίων
2806 4337 2905 4391 καὶ
2940 4340 3201 4408 ὁμοφυῶν
3227 4339 3325 4404 τὰς
3361 4336 3667 4409 παραθέσεις
3686 4332 3798 4402 πρὸς

2278 4426 2521 4497 ἀλλήλας
2551 4427 2859 4498 τιθέμενος.
2920 4428 3079 4499 Ἔχει
3127 4431 3223 4484 καὶ
3276 4431 3385 4501 γὰρ
3422 4430 3584 4491 οὕτως
3628 4427 3685 4479 ὲκ
3720 4419 3796 4474 τοῦ

596 4513 939 4584 conjunctis,
972 4525 1029 4570 et
1060 4515 1157 4570 luti
1193 4517 1648 4587 compositionem
1679 4535 1741 4573 ex
1776 4519 1940 4575 rebus
1982 4530 2175 4574 natura

2283 4517 2435 4588 ἡλίου
2458 4532 2472 4546 ·
2530 4516 2631 4586 τῆς
2662 4519 2904 4582 ἀκτῖνος,
2937 4520 3037 4572 καὶ
3076 4520 3173 4573 τοῦ
3214 4522 3392 4589 φωτὸς
3439 4520 3497 4574 τὸ
3544 4516 3796 4587 ἀχώριστον

597 4606 833 4661 diversis
863 4609 1026 4663 simili
1069 4610 1232 4664 modo
1278 4626 1340 4665 ex
1375 4610 1613 4680 propriis
1646 4611 1976 4682 producunt,
2019 4614 2173 4684 quasi

595 4700 1038 4756 demonstrarent
1065 4702 1408 4757 adversarios
1436 4703 1489 4758 in
1517 4704 1932 4760 similitudinem
1964 4721 2029 4760 ex
2057 4722 2176 4760 am-

582 4792 770 4847 bobus
805 4791 1043 4862 Spiritus
1083 4809 1408 4866 progressus
1449 4796 1651 4850 similia
1703 4813 2002 4865 assumere,
2055 4816 2175 4870 qua:

584 4884 816 4953 quidem
850 4902 975 4961 cum
1009 4888 1344 4943 admittenda
1384 4888 1609 4942 minime
1654 4899 1802 4954 sunt,
1854 4891 1958 4944 illis
1993 4900 2175 4946 tamen

587 4993 825 5048 scopum
858 4994 1017 5032 suum
1069 4980 1514 5049 comprobantes,
1550 4983 1695 5049 quod
1725 4983 2036 5047 intendunt,
2073 4985 2177 5039 sibi

592 5072 851 5127 videntur
875 5072 1174 5135 absolvere,
1214 5087 1334 5141 quae
1368 5088 1480 5127 non
1511 5083 1720 5128 tantum
1752 5090 1882 5130 voce
1908 5077 2176 5145 proferre,

594 5170 711 5219 sive
743 5164 948 5232 scripto
981 5165 1212 5230 tradere,
1243 5164 1340 5220 sed
1368 5165 1450 5220 vel
1481 5168 1829 5223 solummodo
1862 5180 2046 5224 mente
2067 5171 2179 5242 agi-

596 5269 711 5312 tare
742 5257 1018 5311 dauuones
1051 5257 1154 5327 ipsi
1187 5258 1538 5313 horruerunt.
1568 5260 1720 5315 Mens
1756 5261 1976 5330 quidem
2002 5262 2177 5332 evigi-

597 5350 738 5411 laus,
790 5348 1075 5419 theologia:
1128 5364 1302 5418 apex,
1358 5353 1686 5422 quibusdam
1723 5354 2178 5408 similitudinibus

596 5455 763 5509 supra
816 5455 1036 5495 omnem
1111 5443 1438 5498 inﬁnitatem
1504 5446 1855 5500 constitutam
1923 5445 2177 5502 Triadem

503 5572 515 5589 ,
595 5524 955 5597 ostendens,~
994 5550 1011 5583 t
1050 5532 1490 5589 Similitudinum
1531 5535 1855 5590 tenuitatem
1896 5536 2120 5591 indicari
2157 5576 2172 5601 ,

546 5652 551 5657 ι
595 5636 650 5676 ct
697 5623 840 5691 quod
891 5624 1012 5693 plus
1059 5634 1142 5678 est
1186 5629 1397 5695 lugere,
1437 5647 1450 5674 ι
1490 5625 1697 5696 ingenti
1742 5642 1874 5681 voce
1920 5637 2177 5691 testatur,

603 5734 621 5765 ι
645 5725 696 5768 et
736 5714 875 5767 inira
905 5732 1005 5770 nos
1037 5733 1144 5771 una
1181 5733 1304 5792 cum
1332 5720 1580 5789 exemplo
1611 5736 1829 5775 manere
1854 5739 1872 5771 ι
1910 5723 2174 5786 decernit,

597 5805 727 5860 licet
763 5821 848 5861 res
880 5808 1129 5875 eiusdem
1156 5810 1298 5867 inter
1324 5827 1379 5867 se
1412 5823 1619 5869 naturae
1644 5824 1805 5885 atque
1835 5813 2086 5870 essentiae
2109 5816 2176 5871 ad

2280 4608 2529 4678 ἀλλήλων
2558 4610 2649 4663 ἀεὶ
2683 4612 3014 4680 σημαίνεται
3047 4612 3158 4665 τῶν
3190 4611 3496 4684 θεαρχικῶν
3517 4608 3792 4681 προσώπων,

2278 4704 2373 4756 καὶ
2400 4702 2462 4755 τὸ
2488 4702 2699 4767 ἀπαθὲς
2726 4704 2827 4774 τῆς
2871 4689 3126 4775 προόδου,
3174 4706 3273 4759 καὶ
3304 4705 3401 4774 τῆς
3429 4704 3726 4771 ὲκφάνσεως.
3756 4692 3795 4743 εἰ

2278 4801 2371 4852 καὶ
2410 4797 2564 4868 μὴτὸ
2584 4798 2694 4852 τῶν
2723 4798 2891 4870 τριῶν
2918 4799 3350 4854 ίδιοῦπόστατον.
3402 4798 3489 4853 Ἐν
3515 4798 3613 4866 γὰρ
3642 4794 3697 4861 τῇ
3720 4785 3791 4839 τοῦ

2279 4889 2698 4960 πεφωτισμένου
2732 4890 2918 4945 δίσκου
2943 4892 3244 4946 ὑποστάσει
3271 4893 3304 4961 ἡ
3332 4892 3484 4951 ἀκτὶς
3517 4887 3603 4941 καὶ
3628 4882 3678 4936 τὸ
3703 4877 3791 4946 φῶς

2280 4983 2520 5052 πέφυην
2569 4982 2938 5054 ὑφιστάμενα,
2990 4985 3084 5037 καὶ
3122 4983 3198 5055 μὴ
3240 4982 3368 5037 καθ’
3415 4982 3548 5035 αὐτὰ
3602 4968 3789 5032 ίδιοῦπό·

2282 5090 2486 5128 στατα·
2522 5078 2585 5129 ἐκ
2623 5073 2719 5128 τοῦ
2748 5074 3054 5146 ὀφθαλμοῦ,
3078 5079 3177 5146 τῆς
3203 5078 3405 5146 πηγῆς,
3433 5074 3525 5127 καὶ
3548 5068 3627 5123 τοῦ
3656 5077 3788 5119 ποτα-

2281 5172 2385 5242 μοῦ
2426 5172 2489 5226 τὸ
2537 5175 2890 5243 συνημμένον
2923 5174 3254 5243 ἐμφαίνεται
3311 5175 3405 5225 καὶ
3436 5170 3717 5239 ἀχώριστον.
3752 5153 3788 5204 ει

2278 5265 2373 5317 καὶ
2423 5264 2630 5317 τούτων
2682 5264 2918 5317 ἕκαστον
2960 5264 3039 5334 τῷ
3086 5265 3237 5334 τόπῳ
3280 5263 3601 5333 διακέκριται
3634 5249 3711 5303 καὶ

2280 5353 2448 5418 θέσει,
2492 5355 2659 5408 τόπον
2708 5355 2837 5407 ἴδιον
2867 5332 3132 5425 ἕχονήκαὶ
3167 5332 3307 5408 ἰδίαν
3349 5332 3679 5423 περιγραφὴνι
3707 5332 3787 5425 κᾷν

2278 5444 2420 5498 οὕτω
2444 5444 2505 5498 τὸ
2523 5446 2744 5515 συνεχὲς
2776 5445 3118 5499 ἀδιάπτωτον
3153 5445 3253 5498 Ἐκ
3277 5445 3373 5513 τῆς
3392 5442 3560 5512 ῥίζης,
3583 5431 3663 5485 τοῦ
3681 5422 3784 5481 κλά⁶

2278 5536 2371 5590 δου
2411 5537 2503 5588 καὶ
2537 5535 2634 5588 τοῦ
2667 5537 2884 5607 καρποῦ
2913 5538 2975 5588 τὸ
3013 5538 3431 5607 διακεκριμένον
3468 5531 3568 5585 τῶν
3590 5517 3785 5580 naremi-

2282 5646 2442 5694 σεων,
2490 5631 2538 5682 εί
2568 5630 2664 5683 καὶ
2716 5606 2908 5700 χρόνος
2953 5632 3012 5682 ὲν
3046 5606 3255 5692 τούτοις
3305 5623 3673 5699 μεσολαϐεῖται,
3715 5606 3784 5700 κξὶ

2282 5721 2543 5791 πλείωνὴ
2577 5721 2633 5773 ἐν
2672 5699 2911 5792 τῇηρέζῃ
2948 5720 3176 5791 δύναμις
3209 5721 3304 5773 καὶ
3339 5718 3568 5787 ἐνέργεια
3604 5699 3783 5792 ἧπεΡίν

2280 5807 2357 5880 τῷ
2386 5787 2563 5885 κλάδιρ
2602 5818 2695 5869 καὶ
2835 5787 3055 5887 καρπῷ,
3088 5787 3177 5870 Ἔν
3202 5812 3258 5867 δέ
3281 5829 3343 5883 γε
3371 5810 3434 5881 τῇ
3463 5804 3614 5873 σεπτῇ
3634 5787 3776 5867 Τριάᾶ

3944 5805 3956 5838 ι
