4072 6408
443 318 583 385 1293

1436 317 1732 377 CON'I'RA
1771 314 2148 375 MAXlMUM
2197 310 2636 374 l‘LANUDEM.

3539 306 3671 370 ΗΜ

445 434 542 502 μία
569 430 661 483 καὶ
694 431 726 500 ἡ
758 431 893 502 αὑτὴ
928 431 1155 500 δύναμις
1193 430 1287 484 καί
1309 429 1579 498 ἐνέργεια,
1611 431 1674 481 ὲκ
1703 429 1802 496 τῆς
1835 427 2002 497 μονά-

2112 425 2573 502 comparationem
2607 421 2926 477 adduceret.
2972 423 3081 478 Nec
3111 420 3257 476 enim
3298 421 3456 475 aliter
3497 437 3585 478 res
3615 437 3676 477 se

437 525 548 590 δος,
579 523 676 592 τῆς
700 524 889 587 δυάδος
928 524 1022 577 καὶ
1051 523 1152 592 τῆς
1195 523 1411 593 τριάδος
1443 523 1502 574 τὸ
1540 522 1647 574 τῶν
1695 519 2001 591 προσώπων

436 619 816 689 διωρισμένον,
851 619 957 672 κᾶν
985 619 1058 688 μὴ
1087 618 1212 670 καθ’
1240 618 1381 671 αὑτά
1401 616 1574 670 ταῦτα
1599 615 1734 686 μηδὲ
1769 612 2001 666 ἰδιοῦπό·

438 728 626 770 στατα,
682 711 798 763 ἀλλ’
850 709 1246 780 ὲννοηματικά,
1283 709 1378 761 καὶ
1409 711 1466 760 ἐν
1493 708 1674 769 ἄλλοις
1713 704 1998 775 θεωρητά’

436 801 464 854 δ
498 801 594 854 τοῦ
639 802 990 871 ἠρωτηκότος
1052 801 1405 870 παράδειγμα
1448 798 1664 862 δεκτόν,
1718 799 1765 849 εἰ
1800 797 1893 848 καὶ
1928 795 2002 866 μὴ

436 893 578 946 κατὰ
604 891 663 945 τὸ
689 893 839 962 αὐτῷ
860 891 1076 954 δοκοῦν,
1101 891 1149 943 εἰ
1183 892 1275 943 καὶ
1301 889 1370 942 δι’
1399 889 1558 942 ἄλλου
1589 887 1682 941 καὶ
1707 887 1866 941 ἄλλου
1894 886 2003 938 τῶν

436 985 854 1054 είκονισμάτων,
887 983 1014 1038 ἄλλο
1062 984 1160 1035 καὶ
1195 981 1325 1034 ἀλλο
1364 982 1470 1032 τῶν
1522 981 1579 1032 ὲν
1625 981 1689 1049 τῇ
1733 978 2004 1049 όμοουσίῳ

437 1076 628 1146 Τριάδι
681 1075 1079 1144 θεωρουμένων
1104 1071 1384 1143 δηλοῦται,
1415 1072 1449 1140 ἦ
1497 1070 1690 1123 καὶτὸ
1735 1069 1867 1122 αὐτὸ
1915 1068 2005 1122 διὰ

436 1167 718 1220 πλειόνων.
769 1165 906 1218 Οὐδὲ
943 1166 1050 1235 γὰρ
1088 1159 1200 1216 οἷόν
1266 1179 1324 1216 τε
1389 1162 1484 1215 τοῦ
1536 1161 1892 1228 εἰκαζομένου
1945 1159 2006 1212 τὸ

438 1259 683 1323 εἰκάζειν
708 1257 1042 1323 ἐξικνεῖσθαι
1071 1256 1140 1308 δι’
1168 1254 1314 1318 ὃὶωυ,
1353 1255 1428 1316 ώς
1459 1252 1624 1314 αὐτὸς
1646 1255 1675 1305 ό
1703 1251 1804 1320 τῆς
1829 1249 2007 1303 θεολο-

437 1351 562 1416 γίας
597 1347 888 1415 ἐπώνυμος
916 1349 972 1398 ἐν
1010 1345 1087 1414 τῷ
1112 1342 1262 1412 αὐτῷ
1291 1342 1436 1410 λόγῳ
1465 1341 1790 1411 διαγορεύει.
1815 1339 2005 1410 Ὅμως

437 1441 527 1493 διὰ
555 1443 776 1494 πάντων
797 1439 908 1491 τῶν
934 1436 1311 1508 προτεθέντων
1332 1434 1426 1488 καὶ
1453 1433 1657 1487 λοιπῶν
1689 1431 1944 1503 ἑμφερῶν
1967 1433 2004 1500 η

434 1532 586 1595 τάξις
636 1530 952 1600 τρανοῦται,
985 1529 1082 1580 καὶ
1129 1527 1336 1596 σχέσις,
1377 1527 1473 1579 καὶ
1515 1525 1576 1578 τὸ
1627 1525 1862 1595 πρῶτον,
1913 1524 2008 1576 καὶ

435 1625 628 1694 μέσον,
646 1624 740 1676 καὶ
761 1624 940 1691 τρίτον
968 1622 1064 1674 καὶ
1088 1621 1148 1674 τὸ
1169 1618 1242 1689 μὴ
1268 1619 1360 1672 δύο
1384 1619 1536 1672 αἴτια
1566 1613 1726 1679 εἶναι,
1756 1614 1880 1668 ἐπεὶ
1901 1631 2007 1668 κα-

435 1715 624 1785 θαρῶς
679 1718 830 1768 έστιν
884 1712 1331 1782 ἀνηγορευμένον
1383 1711 1518 1780 όρᾷν
1592 1707 1654 1773 ἐξ
1700 1707 1850 1779 ἡλίου
1907 1708 2006 1779 τὴν

439 1813 636 1864 ἀκτῖνα
667 1810 761 1862 καί
799 1791 940 1876 φῶς,
973 1807 1031 1871 ἐξ
1076 1806 1193 1868 ἐνὸς
1235 1805 1421 1872 ἀμφω,
1479 1801 1574 1857 καὶ
1611 1803 1774 1856 πάλιν
1807 1802 1864 1869 ἐξ
1898 1803 2008 1870 ἀμ-

441 1904 559 1972 φοῖν
584 1901 735 1970 ήλίου
763 1917 823 1951 τε
851 1901 946 1952 καὶ
978 1901 1194 1960 ἀκτῖνος
1238 1898 1299 1949 τὸ
1345 1896 1483 1965 φῶς,
1511 1896 1789 1963 ἑκατέρων
1831 1895 2011 1964 ῥητῶν

436 1992 503 2072 τὸ
524 1992 656 2045 αὐτὸ
681 1989 1128 2058 διαγγελλόντων,
1157 1990 1221 2041 ὲκ
1252 1986 1346 2040 τοῦ
1381 1987 1602 2056 πρώτου
1629 1985 1718 2039 διὰ
1753 1985 1918 2055 μέσου
1949 1985 2012 2038 τὸ

446 2084 664 2152 τρίτον⁶
694 2081 990 2136 κάντεῦθεν
1021 2081 1080 2133 τὸ
1111 2080 1169 2133 ἒν
1200 2080 1295 2132 καλ⁵
1323 2079 1550 2149 ἀρχικὸν
1575 2079 1746 2131 αἴτιον
1775 2078 1834 2129 τὸ
1855 2076 2011 2147 πρῶ-

443 2189 533 2224 τον
565 2170 712 2239 ἔχειν
748 2169 1178 2236 διασαφούντων,
1229 2167 1304 2229 ώς
1344 2168 1440 2219 καὶ
1486 2167 1578 2218 ἐπὶ
1609 2165 1711 2233 τῆς
1757 2163 1912 2234 ῥίζης
1951 2162 2012 2215 τὸ

444 2261 503 2316 ἓν
528 2263 626 2332 τῆς
652 2263 828 2323 αἰτίας
859 2262 1032 2330 αὐτῆς
1057 2261 1305 2329 ἐχούσης,
1341 2259 1440 2312 καὶ
1467 2259 1576 2310 τῶν
1607 2257 1670 2308 ἐκ
1701 2257 1861 2325 τῆσδε
1892 2253 2008 2316 δύο,

441 2354 536 2407 τοῦ
593 2356 781 2422 μέσου,
820 2355 914 2408 καὶ
941 2351 1008 2406 δι’
1034 2351 1198 2404 αὑτοῦ
1236 2349 1331 2402 τοῦ
1359 2351 1547 2418 τρίτου
1591 2350 1669 2408 εἰς
1713 2347 1902 2416 αὐτὴν,
1935 2346 2012 2408 ώς

443 2449 519 2507 εἰς
556 2445 734 2498 αὐτῶν
783 2445 939 2516 ῥίζαν
985 2442 1356 2512 ἀναγομένων,
1400 2443 1493 2495 καὶ
1529 2441 1620 2493 ἐπὶ
1651 2440 1746 2492 τοῦ
1776 2437 2009 2508 ἀριθμοῦ

442 2541 504 2591 ὲκ
535 2537 760 2605 μονάδος
791 2540 860 2589 τὰ
888 2536 1004 2601 δύο,
1037 2535 1134 2588 καὶ
1163 2537 1227 2587 ἐκ
1257 2535 1405 2587 δυοῖν
1428 2535 1488 2586 τὸ
1519 2533 1702 2602 τρίτον
1736 2533 1878 2588 κατὰ
1901 2531 2010 2586 διο-

441 2629 656 2700 ρισμὸν,
682 2629 949 2698 οῠμενουν
982 2628 1124 2681 κατά
1153 2627 1422 2692 σύνθεσιν,
1453 2625 1622 2696 ἤγουν
1653 2625 1751 2694 τῆς
1785 2624 2009 2695 πρώτης

444 2723 670 2793 μονάδος
713 2723 810 2793 τὴν
857 2721 1138 2792 δευτέραν,
1181 2722 1276 2774 καὶ
1322 2719 1390 2773 δι’
1437 2718 1611 2788 αὐτῆς
1650 2720 1749 2788 τὴν
1796 2719 2009 2788 τρίτην,

442 2816 770 2886 ἀμφοτέρων
803 2816 901 2883 τῆς
939 2815 1132 2885 μέσης,
1169 2815 1264 2867 καὶ
1299 2812 1366 2868 δι’
1397 2813 1566 2883 αὐτῆς
1596 2815 1693 2882 τῆς
1719 2813 1911 2882 τρίτης
1931 2813 2012 2876 είς

447 2911 651 2978 μονάδα
675 2909 774 2977 τὴν
799 2907 1044 2976 πρώτην,
1089 2911 1163 2969 ὡς
1191 2909 1272 2971 είς
1315 2905 1551 2976 ἀρχικὴν
1582 2905 2010 2975 ἀναφερομένων

446 3000 628 3053 αίιιαν
672 3000 766 3052 καὶ
806 2999 984 3068 ῥίζαν.
1015 2997 1179 3051 Ὅθεν
1211 3001 1239 3051 ὁ
1272 2997 1732 3066 θεολογικώτατος
1789 2995 2012 3066 Νύσσης

2105 513 2286 567 habet.
2324 513 2398 566 Ex
2426 497 2539 568 sole
2574 522 2625 567 et
2651 513 2806 567 radio
2833 523 2890 566 et
2913 511 3122 566 lumine
3144 551 3157 574 ,
3195 510 3493 566 divinitatis
3522 512 3674 582 prin-

2105 606 2286 674 cipum
2339 621 2694 675 personarum
2753 606 2895 660 inter
2941 619 3064 658 sese
3118 603 3417 658 indirisum
3461 619 3678 673 semper

2106 706 2456 761 connotatur,
2486 707 2541 752 et
2577 699 2781 768 absque
2813 699 2914 752 ulla
2954 697 3207 766 passione
3238 711 3560 766 progressus
3589 706 3676 749 at-

2104 803 2212 859 que
2265 787 2499 851 eﬂ‘ulsie,
2544 790 2645 844 etsi
2689 806 2798 844 non
2849 791 3009 844 trium
3062 789 3280 859 propria
3318 789 3676 859 bypostasis:

2106 894 2343 950 namque
2377 880 2666 934 illuminati
2697 882 2848 935 orbis
2881 882 3154 950 hypostasi
3188 882 3373 936 radius
3401 890 3458 934 et
3491 883 3674 934 lumen

2108 988 2234 1028 cum
2268 989 2364 1028 sua
2405 973 2524 1043 ipsa
2553 973 2854 1044 bypostasi,
2884 983 2940 1027 et
2967 988 3074 1028 non
3108 984 3358 1043 separata
3393 974 3448 1027 in
3483 975 3678 1043 seipsis

2108 1069 2381 1140 bypostasi
2409 1069 2712 1124 adhaerent.
2743 1067 2819 1123 Ex
2850 1069 3030 1135 oculo,
3064 1069 3234 1134 fonte,
3267 1070 3513 1126 et-lluvio
3541 1086 3678 1124 con-

2103 1159 2358 1229 iunctum
2406 1160 2876 1230 inseparabileque
2925 1172 3172 1231 appar-ct,
3205 1162 3334 1217 licet
3366 1163 3469 1218 hoc
3503 1177 3671 1216 unum

2106 1253 2364 1323 quodque
2392 1253 2512 1308 loco
2557 1253 2772 1321 situque
2800 1253 3119 1324 sejungatur
3139 1297 3152 1317 ,
3184 1254 3362 1309 locum
3397 1258 3673 1325 proprium

2109 1346 2318 1400 habens
2352 1345 2740 1415 propriamque
2781 1347 3254 1416 praescriptionem
3277 1389 3291 1412 ,
3329 1348 3435 1402 ctsi
3483 1363 3672 1402 eorum

2105 1436 2440 1490 continuitas
2461 1452 2739 1506 nunquam
2760 1437 3125 1508 intercipitur.
3151 1437 3225 1491 Ex
3248 1439 3447 1497 radice.
3473 1438 3676 1505 fructu,

2108 1537 2164 1582 et
2192 1543 2344 1583 ramo
2373 1529 2735 1599 bypostaseon
2779 1531 3070 1599 sejunctio,
3117 1530 3244 1586 licet
3288 1539 3501 1600 tempus
3541 1533 3681 1586 inter

2109 1616 2224 1671 haec
2255 1618 2494 1672 medium
2523 1619 2612 1679 sit,
2647 1628 2701 1672 et
2734 1619 2908 1686 major
2943 1621 2994 1674 in
3028 1620 3206 1674 radice
3253 1620 3404 1690 vigor
3433 1630 3486 1674 et
3515 1621 3678 1684 actio,

2109 1723 2272 1776 quam
2315 1708 2370 1762 in
2401 1723 2554 1766 ramo
2587 1718 2643 1764 et
2680 1708 2862 1763 fructu
2907 1710 3294 1780 conspiciatur.
3325 1712 3580 1766 Attamen
3623 1713 3678 1766 in

2114 1798 2418 1855 veneranda
2457 1799 2572 1868 ipsa
2609 1798 2806 1856 Triade
2851 1815 2956 1854 una
2997 1811 3052 1856 et
3099 1802 3291 1856 eadem
3344 1803 3574 1858 facultas
3625 1814 3682 1858 ct

2112 1888 2276 1954 actio,
2303 1905 2371 1944 ex
2407 1891 2634 1956 unitate,
2666 1900 2723 1946 et
2746 1892 3028 1958 dualitate,
3063 1904 3117 1949 et
3147 1895 3386 1950 trinitate
3421 1911 3683 1966 persona-

2113 1997 2234 2036 rum
2271 1983 2578 2047 distinctio,
2607 1985 2727 2042 licet
2777 2001 2954 2056 neque
3004 1988 3120 2056 ipsa
3171 2005 3268 2058 per
3296 2004 3379 2055 se,
3420 2006 3596 2060 neque
3626 1989 3682 2044 in

2114 2076 2336 2144 pr0pria
2368 2077 2666 2146 hypostasi,
2698 2079 2792 2136 sed
2825 2079 3103 2135 intellectu
3133 2090 3344 2136 tantum
3374 2091 3430 2138 et
3469 2084 3522 2136 in
3555 2083 3681 2138 aliis

2113 2167 2536 2231 c_onsiderentur
2561 2185 2574 2222 :
2602 2169 2748 2234 quod
2785 2170 3174 2240 interrogantis
3198 2174 3528 2242 exemplum,
3553 2175 3681 2230 licet

2114 2274 2222 2314 non
2254 2260 2330 2314 uti
2368 2261 2442 2314 illi
2484 2262 2827 2332 cumplacet,
2879 2265 3268 2320 assumendum
3307 2276 3410 2330 est,
3445 2267 3549 2323 nisi
3588 2285 3674 2337 per

2113 2350 2270 2404 aliam
2302 2361 2465 2420 atque
2493 2352 2651 2406 aliam
2687 2353 3101 2414 similitudinem
3148 2356 3295 2412 aliud
3343 2367 3397 2412 et
3433 2358 3579 2413 aliud
3615 2375 3678 2414 cx

2111 2441 2181 2496 iis
2230 2457 2351 2512 qua
2392 2446 2447 2498 in
2491 2443 2944 2501 consubstantiali
2995 2445 3261 2501 Trinitate
3304 2451 3678 2518 speculamur,

2112 2544 2208 2608 apt.
2249 2535 2390 2590 idem
2434 2551 2533 2604 per
2560 2535 2717 2605 plura
2761 2537 3116 2607 signiﬁcatur.
3157 2540 3348 2610 Neque
3374 2545 3530 2595 enim
3565 2543 3681 2596 ﬁeri

2113 2636 2311 2697 potest,
2342 2635 2402 2680 ut
2432 2628 2791 2684 assimilatum
2816 2628 2995 2684 modis
3017 2631 3271 2686 omnibus
3293 2631 3346 2686 id
3374 2635 3517 2703 quod
3543 2638 3685 2690 assi-

2115 2720 2268 2773 milat
2302 2726 2572 2786 exa'quel,
2618 2729 2679 2776 ut
2727 2720 2908 2784 idem,
2957 2722 3046 2776 cui
3085 2738 3115 2778 a
3157 2723 3428 2795 theol03ia
3482 2743 3686 2782 nomen

2107 2807 2218 2873 est,
2249 2807 2305 2863 in
2331 2810 2518 2866 eadem
2549 2809 2796 2870 oratione
2831 2814 3017 2869 tradit.
3048 2813 3418 2872 Nihilominus
3453 2819 3540 2876 bis
3561 2835 3684 2874 om-

2113 2899 2277 2955 nibus
2310 2899 2544 2970 aliisque
2575 2903 2849 2958 similibus
2875 2905 3146 2961 indicatur
3169 2916 3227 2962 et
3257 2909 3416 2974 ordo.
3450 2918 3505 2964 et
3537 2912 3678 2966 rela-

2115 2993 2215 3058 tio,
2259 3002 2315 3047 et
2355 2995 2620 3064 primum,
2655 3006 2711 3051 et
2756 2998 3026 3060 medium,
3058 3009 3115 3054 et
3154 3001 3408 3068 tertium,
3437 3012 3500 3059 et
3543 3003 3679 3060 duas

444 3092 538 3144 ἐπὶ
563 3095 664 3161 τῆς
697 3092 956 3143 ἁκτίστου
988 3090 1222 3162 Τριάδος
1252 3089 1428 3142 ταῦτα
1475 3089 1819 3159 διευκρινῶν,
1855 3089 2010 3159 εἰρηρ

2114 3097 2311 3138 causas
2341 3098 2451 3138 non
2483 3099 2626 3152 esse,
2657 3100 2782 3140 eum
2817 3088 2979 3157 plane
3007 3089 3292 3148 deﬁnitum
3315 3092 3408 3157 sit,
3440 3096 3680 3166 conSpici

442 3179 552 3243 κὼς
579 3197 658 3243 τε,
685 3179 759 3241 ὡς
788 3181 1050 3252 ἀνωτέρω
1076 3180 1448 3251 προύθέμεθα,
1481 3177 1694 3230 καὶτοῦ
1727 3177 1786 3242 ἐξ
1811 3176 2012 3244 αἰτίας,

447 3272 541 3326 καὶ
587 3273 872 3348 ἀμφότερα
908 3274 1158 3343 σημάνας
1192 3272 1432 3332 αἰτιατά,
1466 3271 1533 3324 δι’
1573 3271 1764 3340 ἑτέρου
1801 3270 1862 3322 τὸ
1895 3268 2016 3322 ἓτε-

449 3366 886 3441 ρονοὸιεσάφησε,
919 3369 1094 3436 φήσας
1118 3382 1133 3397 ·
1187 3383 1207 3415 ι
1243 3364 1316 3415 Τὸ
1358 3364 1458 3430 μὲν
1494 3363 1602 3431 γὰρ
1632 3360 1915 3431 προσεχῶς
1950 3361 2016 3413 ὲκ

447 3457 543 3510 τοῦ
578 3455 819 3527 πρώτου,
862 3474 881 3506 a
924 3455 1016 3507 τὸν
1057 3453 1184 3506 Υίδν
1209 3451 1434 3521 δηλαδὴ,
1461 3453 1741 3504 τουτέστιν
1771 3451 2012 3520 ἀμέσως·

449 3552 615 3620 ἄμφω
669 3551 778 3620 γὰρ
816 3549 900 3601 ἐπ’
935 3547 1100 3600 αὑτοῦ
1145 3545 1319 3599 ταῦτα
1379 3545 1844 3613 πεπλατυσμένως
1894 3546 2016 3606 ταῖς

451 3644 622 3712 ίεραῖς
651 3642 996 3710 συγγραφαῖς
1039 3640 1150 3692 τῶν
1186 3639 1447 3708 Πατέρων
1503 3637 1966 3708 ὲμπεριείληπται
1995 3651 2010 3667 ·

447 3736 506 3789 τὸ
535 3735 588 3786 δὲ
621 3733 706 3785 διὰ
731 3733 824 3784 τοῦ
849 3730 1133 3800 προσεχῶς
1167 3731 1233 3782 ὲκ
1279 3731 1372 3783 τοῦ
1421 3728 1640 3798 πρώτου
1674 3727 1902 3797 Πνεῦμα
1952 3726 2016 3780 τὸ

448 3827 610 3888 θεῖον,
647 3823 944 3878 κάντεῦθεν
993 3825 1216 3891 ἀμφοῖν,
1257 3821 1350 3876 τοῦ
1399 3823 1496 3890 μὲν
1546 3820 1788 3890 ἁμέσως,
1831 3818 1927 3872 τοῦ
1955 3819 2014 3874 δὲ

446 3919 534 3970 διὰ
566 3917 658 3969 τοῦ
697 3918 884 3985 μέσου,
940 3915 1271 3982 θεολογήσας
1323 3915 1452 3984 μίαν
1502 3914 1684 3968 αἰτίαν
1727 3913 1825 3984 τὴν
1855 3914 2016 3984 άρχι·

447 4011 572 4078 κήν,
610 4012 676 4079 ἣν
705 4012 754 4062 οἰ
789 4009 972 4062 λοιποὶ
1013 4008 1265 4079 θεηγόροι
1296 4007 1394 4076 μὲν
1421 4007 1736 4076 ήνωμένως,
1773 4001 1925 4068 οὗτος
1957 4005 2015 4058 δὲ

451 4101 852 4168 διαλελυμένως
891 4099 1113 4171 πρώτην
1164 4101 1342 4154 αἰτίαν
1371 4099 1680 4170 ὠνόμασαν.
1730 4099 1828 4162 ’ος
1881 4099 2016 4169 δῆτα

451 4191 547 4243 καὶ
577 4192 674 4258 τῆς
709 4190 806 4244 διὰ
855 4191 949 4243 καὶ
978 4190 1077 4258 τῆς
1099 4189 1174 4242 ἐκ
1202 4189 1261 4240 τὸ
1307 4188 1601 4258 σύνδρομον
1631 4188 1893 4258 ἐχουσῶν,
1921 4188 2015 4239 ἐπὶ

446 4282 542 4335 τοῦ
574 4282 740 4352 μέσου
773 4282 868 4336 καὶ
911 4281 1341 4348 ταυτοδύναμον,
1387 4279 1568 4344 καθὼς
1603 4281 1681 4341 είς
1709 4279 1909 4342 πλάτος
1955 4279 2013 4332 αἰ

451 4372 832 4442 ἰερογραφικαὶ
859 4371 966 4422 τῶν
999 4371 1340 4441 θεοφορήτων
1366 4369 1664 4439 μαρτυρίαι
1689 4368 2011 4436 παραδιδόα-

450 4477 555 4521 σιν,
591 4461 637 4511 εἰ
671 4462 766 4512 καὶ
807 4460 1065 4526 ἀμυδρῶς
1132 4454 1231 4514 ὦδε
1272 4459 1590 4529 διήγγελται
1621 4459 1720 4529 τὴν
1758 4457 1855 4512 διὰ
1885 4458 2010 4526 δογ-

450 4551 683 4617 ματίσας
719 4549 974 4614 ἐνταῦθα,
1008 4551 1106 4601 τὴν
1155 4549 1224 4602 ἐκ
1273 4551 1330 4602 tv
1362 4549 1562 4612 ἄλλοις,
1603 4552 1658 4602 ἐν
1691 4543 1772 4613 οἷς
1822 4565 2008 4616 φησιν,

455 4663 474 4695 ι
523 4645 586 4699 Ὀ
618 4646 715 4713 μὲν
743 4645 868 4704 Υἱὸς
901 4644 964 4695 ἐκ
997 4641 1092 4694 τοῦ
1124 4641 1338 4710 Πατρὶς
1377 4643 1527 4711 παρὰ
1555 4644 1652 4712 τῆς
1692 4641 1840 4704 θείας
1870 4642 2014 4710 Γρα-

454 4741 558 4811 φῆς
583 4736 948 4807 ὀνομάζεται·
977 4735 1038 4787 τὸ
1060 4734 1116 4786 δὲ
1147 4733 1372 4802 Πνεῦμα
1406 4736 1469 4786 ὲκ
1494 4733 1588 4786 τοῦ
1619 4733 1830 4802 Πατρὺς
1864 4732 2014 4799 λέγε-

451 4853 564 4895 ται,
599 4833 693 4885 καὶ
722 4835 784 4883 ὲκ
815 4829 908 4883 τοῦ
957 4827 1086 4882 Υἰοῦ
1136 4821 1276 4880 εἶναι
1305 4828 1838 4896 προσμαρτυρεῖται,
1874 4847 1892 4876 ι
1926 4843 2014 4878 τε-

451 4924 768 4992 θεολόγηκε.
804 4922 912 4974 Καὶ
956 4921 1017 4972 τὸ
1071 4918 1170 4988 μὲν
1221 4917 1438 4987 πρῶτον
1494 4918 1788 4985 κεφάλαιον
1841 4917 2012 4980 οὕτως

451 5018 571 5085 ἕχον
589 5017 861 5068 τεθέαται·
877 5010 972 5064 τοῦ
991 5008 1180 5063 λοιποῦ
1203 5008 1337 5062 δὲτὸ
1356 5008 1606 5077 δεύτερον
1625 5009 2013 5078 θεατέον,οὓτω

450 5108 590 5160 κατά
639 5107 788 5176 ῥῆμα
829 5103 1227 5173 διαλαμϐάνον
1273 5119 1291 5152 ι
1332 5102 1454 5155 Ἔτι
1491 5102 1521 5170 ἡ
1563 5102 1660 5169 μὲν
1687 5109 1855 5169 μονὰς
1884 5121 2015 5156 ταυ-

449 5198 667 5267 τότητός
715 5199 860 5248 έστιν
893 5194 1066 5259 αἰτία,
1124 5194 1156 5261 ἡ
1206 5192 1262 5246 δὲ
1297 5193 1429 5255 δυὰς
1473 5192 1815 5262 ἑτερότητος.
1850 5193 2012 5246 Ὅθεν

448 5291 541 5343 καὶ
569 5291 596 5341 ὁ
629 5289 754 5351 Υίὸς
787 5287 881 5357 καὶ
905 5286 966 5339 τὸ
1008 5285 1233 5353 Πνεῦμα
1258 5285 1331 5353 {eo
1365 5283 1540 5351 ἅγιον,
1575 5283 1648 5344 ῶς
1681 5283 1778 5352 μὲν
1809 5284 1867 5349 ἐξ
1896 5285 2014 5347 ἐνὸς

445 5379 540 5432 τοῦ
572 5380 785 5451 Πατρὸς
833 5378 984 5444 ὄντα,
1023 5378 1086 5430 τὸ
1130 5377 1325 5430 ταυτὸν
1364 5377 1460 5442 τῆς
1502 5376 1716 5444 φύσεως
1761 5376 2011 5446 ἀλλήλοις

449 5473 542 5526 καὶ
563 5473 638 5542 τῷ
665 5473 835 5541 llatth
864 5470 1100 5540 ἔχουσιν,
1125 5469 1201 5530 ώς
1232 5467 1290 5521 δὲ
1325 5468 1422 5521 δύο
1463 5469 1624 5522 πάλιν
1654 5468 1804 5533 ὄντα,
1847 5469 2014 5539 ’έτερά

451 5567 598 5618 ἐστιν
631 5564 882 5632 ἀλλήλοις
913 5566 1006 5615 καὶ
1037 5561 1318 5632 τῷΠατρὶ
1349 5562 1490 5615 κατὰ
1531 5563 1628 5624 τὰς
1658 5562 2007 5625 ὑποστάσεις,

447 5655 561 5710 ἀλλ’
592 5657 650 5708 οὐ
699 5657 797 5726 τὴν
829 5656 1007 5724 φύσιν.
1045 5657 1119 5709 Οὐ
1171 5658 1278 5725 γὰρ
1323 5657 1449 5727 ἐνῆν
1493 5655 1664 5708 ταυτά
1710 5655 2012 5724 τὴν-φύσιν

447 5749 578 5802 ὄντα
610 5750 705 5806 καὶ
727 5747 889 5819 ἕτερα
923 5749 1083 5801 πάλιν
1118 5748 1258 5800 κατὰ
1308 5745 1466 5815 φύσιν
1499 5741 1657 5801 εἶναι.
1696 5746 1756 5798 ΕΞ
1790 5746 1886 5817 μὲν
1920 5745 2012 5802 οὖν

2115 3188 2185 3228 ex
2218 3174 2332 3229 sole
2371 3176 2585 3231 radium
2633 3186 2689 3232 et
2725 3177 2957 3243 lumen.
3009 3197 3131 3238 cum
3173 3189 3403 3249 utraque
3447 3186 3588 3242 dicta
3632 3188 3684 3244 id

2115 3265 2378 3331 inferant,
2409 3283 2477 3324 ex
2525 3269 2703 3338 primo
2734 3286 2834 3340 per
2864 3273 3105 3328 medium
3151 3277 3406 3343 tertium;
3451 3277 3684 3348 indeque

2118 3370 2280 3409 unam
2313 3366 2369 3410 et
2399 3357 2714 3426 primariam
2752 3375 2972 3414 causam
3001 3361 3203 3430 primas
3224 3364 3472 3418 oblinere
3502 3367 3685 3420 deela-

2116 3457 2262 3514 rent,
2303 3449 2381 3502 uti
2422 3464 2643 3520 quoque
2687 3464 2754 3506 ex
2807 3452 2992 3508 radice
3036 3470 3199 3512 unam
3249 3471 3469 3512 causam
3519 3459 3571 3510 in
3629 3474 3687 3511 se

2115 3537 2455 3602 continente,
2480 3547 2544 3592 et
2584 3553 2651 3592 ex
2703 3541 2817 3609 ipsa
2848 3541 2977 3607 duo,
3024 3543 3262 3596 medium
3301 3553 3360 3597 et
3408 3560 3504 3613 per
3555 3546 3690 3600 illud

2119 3630 2338 3683 tertium
2374 3630 2424 3682 in
2459 3615 2657 3698 ipsam,
2685 3641 2944 3699 tanquam
2974 3649 3096 3703 qua:
3128 3633 3181 3687 in
3215 3650 3369 3688 suam
3401 3638 3683 3707 propriam
3739 3687 3744 3692 .

2116 3721 2356 3776 radicem
2387 3721 2716 3789 referantur,
2762 3732 2817 3776 et
2854 3725 2908 3777 in
2949 3741 3178 3779 tmtnero
3217 3742 3279 3780 ex
3321 3729 3526 3782 unitate
3551 3731 3686 3794 duo,

2109 3823 2172 3870 et
2217 3831 2282 3869 ex
2327 3813 2540 3869 duobus
2582 3815 2802 3868 tertium
2842 3817 3240 3886 segregatione,
3267 3833 3376 3871 non
3408 3820 3684 3890 composi-

2115 3904 2289 3969 tione,
2322 3919 2517 3971 nempe
2546 3918 2609 3958 ex
2652 3906 2827 3973 prima
2858 3906 3065 3960 unitate
3095 3908 3355 3972 secunda.
3387 3918 3441 3962 et
3465 3926 3565 3980 per
3597 3913 3685 3983 ip-

2115 4013 2232 4052 sam
2261 3998 2442 4064 tertia,
2489 4013 2614 4053 cum
2641 3999 2928 4053 ambarum
2958 3999 3134 4054 media
3165 4001 3235 4055 sit
3283 4009 3338 4055 et
3383 4000 3480 4071 per
3511 4003 3683 4072 ipsam

2117 4091 2274 4145 tertia
2308 4089 2362 4144 in
2404 4090 2634 4160 primam
2670 4093 2958 4157 unitatem,
2988 4091 3066 4146 uti
3098 4092 3409 4161 primariam
3438 4108 3682 4159 causam,

2106 4191 2171 4237 et
2202 4183 2468 4251 originem
2499 4173 2830 4238 relerantur.
2871 4182 3025 4240 Unde
3069 4183 3124 4236 in
3158 4185 3320 4239 rebus
3363 4185 3685 4256 theologicis

2117 4261 2650 4344 prmcellentissimus
2681 4272 2958 4344 Nyssenus
2991 4274 3105 4328 inec
3134 4277 3200 4328 de
3226 4278 3465 4332 increata
3486 4275 3686 4330 Triade

2119 4367 2441 4434 explanatis,
2489 4366 2808 4434 dit-easque,
2868 4377 2924 4421 ut
2968 4381 3130 4433 supra
3169 4369 3571 4434 adnotavimus,
3629 4379 3685 4425 et

2117 4457 2261 4512 illius
2285 4457 2429 4525 quod
2461 4471 2528 4510 ex
2556 4471 2718 4510 causa
2749 4465 2851 4518 est,
2886 4464 2944 4518 et~
2975 4465 3202 4524 utraque
3231 4466 3447 4510 causata
3476 4457 3686 4526 signiti-

2113 4565 2267 4614 cans,
2295 4549 2338 4604 si
2372 4565 2493 4618 quae
2526 4565 2588 4604 ex
2632 4564 2802 4604 causa
2853 4557 2980 4602 sunt
3003 4589 3016 4613 ,
3053 4558 3272 4604 causata
3319 4551 3684 4619 nuncupanda

2114 4643 2366 4706 veniunt,
2400 4656 2495 4710 per
2525 4641 2671 4700 aliud
2709 4640 2855 4694 aliud
2894 4640 3237 4710 signiﬁcavit,
3267 4641 3544 4695 scribenS'
3577 4642 3684 4696 (loc

2115 4736 2318 4803 quidem
2343 4738 2582 4789 continue
2604 4745 2682 4790 est
2709 4751 2773 4788 ex
2797 4717 2987 4805 primo,
3015 4735 3181 4789 Filius
3214 4750 3438 4804 nempe,
3469 4745 3525 4790 ct
3561 4736 3685 4790 abs-

2114 4844 2220 4898 que
2263 4830 2485 4893 tnedio;
2528 4842 2756 4897 utraque
2805 4829 2948 4882 enim
2990 4829 3122 4882 satis
3169 4828 3366 4882 diﬁuse
3412 4830 3466 4882 in
3512 4831 3682 4884 sacris

2115 4925 2526 4979 commentariis
2558 4922 2774 4976 Patrum
2805 4923 2871 4973 de
2904 4920 3091 4974 eodem
3132 4930 3351 4990 accepta
3393 4923 3682 4976 continen-

2115 5023 2225 5070 tur.
2255 5034 2274 5065 ι
2311 5015 2424 5070 Hoc
2459 5030 2588 5068 vero
2619 5029 2717 5084 per
2744 5013 2873 5068 illud
2907 5014 3050 5082 quod
3081 5014 3335 5068 continue
3358 5003 3447 5068 est
3477 5029 3540 5068 ex
3575 5014 3684 5084 pri-

2116 5123 2230 5169 mo,
2263 5125 2280 5158 ›
2308 5106 2548 5182 Spiritus
2580 5115 2824 5177 sanctus,
2859 5106 3090 5175 indeque
3123 5106 3304 5167 ambo,
3337 5105 3437 5158 hoc
3463 5106 3679 5172 quidem

2115 5197 2448 5270 immediate,
2478 5197 2608 5252 illud
2635 5212 2732 5264 per
2754 5197 2991 5252 medium
3017 5199 3337 5259 decernens,
3368 5214 3528 5252 unam
3553 5214 3684 5250 cau-

2115 5301 2230 5342 sam
2270 5288 2612 5357 primariam,
2645 5303 2808 5356 quam
2850 5288 2939 5341 alii
2972 5288 3289 5359 diviniloqui
3323 5288 3507 5344 Patres
3552 5305 3685 5343 con-

2110 5381 2364 5450 junctim,
2398 5381 2486 5433 hic
2507 5394 2634 5434 vero
2662 5381 2952 5448 separatim
2989 5381 3217 5448 primam
3252 5380 3469 5436 causam
3500 5382 3684 5452 appel-

2115 5471 2267 5526 lavit.
2304 5471 2404 5535 Qui
2439 5483 2698 5541 prmterea
2747 5474 3194 5540 praepositionum
3217 5488 3280 5525 ex
3311 5483 3361 5541 et
3395 5491 3486 5543 per
3520 5491 3682 5529 unam
3753 5455 3761 5461 1

2115 5565 2472 5632 eamdemque
2502 5579 2624 5618 cum
2654 5565 2832 5618 medio
2868 5563 3210 5633 applicantur
3237 5568 3604 5625 concordiam.
3628 5580 3683 5620 et

2113 5658 2348 5727 aequales
2381 5660 2543 5721 vires,
2574 5657 2647 5732 uti
2680 5657 2799 5710 l‘use
2828 5671 2982 5711 sacra
3012 5660 3214 5726 scripto
3247 5659 3510 5712 mandata
3534 5660 3678 5713 divi-

2115 5764 2308 5803 norum
2339 5751 2558 5806 Patrum
2587 5748 2897 5803 testimonia
2925 5748 3284 5815 tradiderunt,
3319 5749 3444 5804 licet
3475 5751 3680 5806 subob-
