4072 6410
530 297 689 359 1295

1758 288 2079 348 GEORGII
2135 286 2592 346 ME'l‘thili'l‘Ai

3640 284 3759 346 12Ξῦ

548 426 709 465 seure
744 407 829 462 hic
856 419 1247 477 rerappourta
1281 398 1610 464 enuntiavit,
1660 398 1711 451 in
1757 390 1879 451 aliis
1933 406 2113 449 tamen

2225 397 2331 467 άρα
2387 396 2445 461 ἐξ
2499 398 2636 459 ἐνὸς,
2698 394 2943 448 τουτέστι
2977 393 3143 463 μόνου
3175 393 3267 446 τοῦ
3327 396 3554 466 Πατρὸς,
3586 400 3667 451 καὶ
3711 403 3763 451 τὸ

544 518 612 558 ea:
664 495 969 568 usurpavit,
1003 510 1125 549 cum
1155 487 1286 547 dicit
1336 508 1350 543 :
1408 508 1426 542 ι
1465 488 1633 544 Filius
1666 489 1888 559 quidem
1922 502 1989 540 ex
2012 483 2121 539 Pa-

549 606 631 649 tre
657 608 686 647 α
713 590 897 647 divina
925 586 1207 656 Scriptura
1236 583 1462 639 dicitur.
1497 580 1738 652 Spiritus
1763 595 1898 635 vero
1933 594 1997 634 ex
2022 576 2124 630 Pa-

544 699 635 742 tre
674 685 896 750 dicitur,
937 692 993 736 et
1021 695 1086 735 ex
1123 678 1262 733 Filio
1287 693 1412 733 esse
1439 676 1759 733 astruitum
1795 672 1863 727 Et
1888 672 2120 753 primum
2166 704 2171 709 ς

549 780 768 852 quidem
796 782 961 847 caput
996 773 1067 827 ita
1100 787 1159 826 se
1191 770 1397 826 habere
1421 771 1832 839 conspeximus;
1856 779 2002 820 nunc
2032 778 2122 817 se-

549 873 788 928 cundum
820 863 1281 923 considerandum
1323 871 1430 926 est,
1479 860 1567 915 his
1618 858 1913 930 ipsissimis
1940 853 2123 910 verbis

548 967 856 1038 «expositum
884 978 899 1015 :
927 978 949 1013 α
983 963 1258 1014 Praeterea
1282 958 1463 1012 unitas
1492 953 1795 1011 identitatis
1824 964 1988 1006 causa
2014 957 2121 1014 est,

547 1061 780 1118 dualitas
797 1053 1154 1112 diversitatis.
1183 1050 1321 1106 Hinc
1346 1049 1516 1105 Filius
1538 1056 1593 1103 et
1616 1046 1852 1117 Spiritus
1876 1050 2121 1105 sanctus,

548 1154 624 1209 uti
663 1169 727 1208 ex
771 1164 880 1203 uno
908 1146 1076 1205 Patre
1101 1144 1455 1206 exsistentes,
1503 1140 1648 1194 inter
1692 1150 1815 1192 sese
1851 1134 1995 1189 idem
2026 1146 2126 1186 na-

547 1263 679 1301 turae.
713 1261 839 1300 cum
886 1244 1048 1299 Patre
1083 1237 1369 1310 possident
1413 1251 1428 1289 :

546 1350 674 1394 sunt
706 1342 844 1393 inter
873 1350 994 1391 sese
1025 1333 1127 1388 alia
1157 1338 1311 1394 sunt,
1337 1336 1439 1382 eta
1459 1325 1620 1380 Patre
1648 1337 1886 1394 quoque,
1915 1320 2013 1376 sed
2035 1335 2122 1375 se-

548 1429 786 1484 cundum
813 1426 1156 1498 ltypostases,
1181 1436 1293 1477 non
1320 1418 1625 1474 secundum
1646 1425 1922 1481 naturam;
1947 1427 2124 1483 neque

546 1527 692 1581 enim
734 1524 849 1580 ﬁeri
887 1530 1120 1593 poterat,
1151 1526 1210 1573 ut
1243 1532 1364 1587 qua:
1394 1514 1588 1570 eadem
1635 1520 1833 1565 natura
1864 1518 2013 1574 sunt,
2037 1508 2121 1563 di-

552 1633 704 1675 versa
731 1630 922 1672 rursus
952 1621 1145 1667 natura
1176 1615 1383 1664 essent.
1419 1606 1476 1659 Si
1510 1605 1696 1673 itaque
1720 1618 1786 1657 ex
1833 1616 1964 1666 uno,
2008 1599 2124 1655 solo

547 1714 758 1771 scilicet
801 1709 985 1766 Patre.
1029 1704 1271 1776 Spiritus
1317 1698 1691 1773 progreditur,
1732 1710 1875 1750 unus
1917 1695 2025 1749 erit
2067 1701 2124 1747 ct

549 1807 690 1860 idem
710 1817 831 1857 cum
849 1800 1063 1869 seipso;
1098 1796 1141 1850 si
1171 1801 1355 1849 autem
1381 1808 1447 1847 ex
1469 1789 1707 1851 duobus,
1731 1785 1895 1840 Patre
1924 1797 2122 1852 nempe
2153 1777 2197 1799 ”

547 1908 601 1951 et
636 1894 793 1959 Filio,
830 1890 967 1945 alius
1001 1887 1107 1942 erit
1140 1887 1257 1955 ipse
1282 1899 1311 1938 a
1342 1883 1543 1952 seipso,
1570 1889 1829 1948 tanquam
1863 1874 1955 1944 qui
1986 1874 2145 1928 alius‘

547 1999 630 2042 est
666 2002 695 2040 a
724 1984 921 2045 Patre,
966 1980 1107 2034 alius
1152 1993 1219 2032 ex
1267 1974 1429 2031 Filio.
1467 1968 1928 2040 Quandoquidem
1974 1965 2122 2021 enim

548 2078 696 2134 aliud
733 2085 835 2131 est.
866 2073 1047 2137 Pater,
1090 2069 1237 2124 aliud
1268 2082 1398 2121 vero
1427 2064 1599 2120 Filius
1625 2102 1641 2128 ,
1687 2074 1915 2116 necesse
1945 2065 2030 2112 est
2069 2061 2125 2110 et
2182 2117 2192 2127 ο

547 2169 808 2240 Spiritum
819 2193 833 2232 ,-
855 2166 955 2236 qui
974 2179 1041 2218 ex
1069 2163 1230 2217 Patre
1256 2172 1313 2215 et
1330 2158 1469 2213 Filio
1491 2165 1595 2218 est,
1621 2152 1768 2208 aliud
1789 2160 1953 2220 atque
1978 2147 2124 2203 aliud

548 2275 705 2318 essc.‘
726 2259 842 2315 Hoc
883 2272 1014 2313 vero
1047 2253 1346 2311 absurdum
1368 2258 1473 2306 est.
1502 2247 1709 2316 Quodsi
1739 2244 1866 2315 quis
1899 2241 2121 2305 dixerit,

551 2355 615 2410 l-Zt
639 2350 913 2424 quomodo
941 2363 1005 2404 ex
1037 2346 1142 2401 aiio
1187 2354 1353 2415 atque
1378 2342 1485 2398 alio
1514 2339 1673 2394 Patre
1695 2346 1981 2405 matreque
1997 2347 2126 2387 ena-

552 2459 637 2503 tus
656 2445 849 2508 foetus,
872 2455 983 2496 non
1008 2444 1093 2493 est
1116 2436 1262 2491 aliud
1284 2443 1454 2504 atque
1475 2430 1646 2497 aliud,
1678 2428 1773 2484 sed
1810 2424 2013 2482 unum?
2036 2438 2126 2477 rc-

550 2536 887 2607 spoudemus
927 2546 1037 2585 non
1072 2541 1195 2585 esse
1229 2522 1558 2596 simpliciter
1585 2535 1779 2584 unum,
1805 2516 1903 2572 sed
1942 2529 2009 2570 ex
2040 2526 2126 2567 se-

550 2630 696 2682 mine
732 2625 901 2697 patris
924 2631 993 2678 et
1026 2617 1386 2692 sanguinibus
1429 2607 2055 2678 matriscompositum.
2098 2620 2118 2655 ι

548 2722 681 2786 Quae.
703 2718 793 2773 hic
810 2729 1029 2787 quoque
1042 2720 1436 2784 proponuntur
1465 2702 1734 2761 mendacii
1761 2698 2126 2771 prehendun-

549 2824 639 2864 tur
686 2806 971 2863 manifesto
1020 2804 1208 2870 modo,
1252 2808 1464 2856 tantum
1512 2797 1670 2851 abest
1712 2803 1774 2849 ut
1819 2809 1948 2848 vera
1984 2792 2120 2847 sint.

548 2901 896 2956 Attendatur.
929 2897 1073 2951 Cum
1088 2872 1245 2950 enini
1263 2906 1361 2961 per
1380 2905 1447 2946 ea
1472 2897 1666 2944 auctor
1719 2885 2127 2956 pronuntiasset

553 2991 817 3045 unitatem
869 2985 1195 3051 identitatis,
1251 2981 1568 3038 dualitatem
1618 2976 1955 3032 diversitatis
2005 2986 2126 3029 esse

547 3096 771 3138 causam
798 3118 812 3143 ,
865 3064 1313 3149 probavissetque
1358 3069 1555 3124 Filium
1590 3077 1648 3123 et
1689 3065 1951 3138 Spiritum
1993 3077 2122 3118 san-
2150 3075 2194 3134 ο

547 3183 718 3237 ctum,
749 3170 894 3242 quod
925 3184 993 3224 ex
1039 3181 1151 3222 uno
1177 3164 1340 3219 Patre
1386 3160 1675 3223 exsistunt,
1725 3156 1869 3212 idem
1916 3163 2125 3210 natura:

551 3270 693 3320 inter
741 3278 867 3319 sese
904 3270 960 3317 et
1005 3275 1131 3316 cum
1178 3257 1341 3312 Patre
1390 3253 1695 3325 possidere,
1724 3250 1809 3305 uti
1844 3263 1974 3303 vero
2000 3247 2127 3302 duo

551 3370 738 3411 rursus
773 3355 916 3407 inter
949 3360 1092 3414 sese,
1128 3356 1186 3404 et
1232 3361 1362 3401 cum
1397 3345 1555 3399 Patre
1600 3339 1904 3395 secundum
1952 3337 2126 3406 hypo-

550 3459 726 3506 stases
751 3445 853 3499 alia
881 3456 1004 3497 esse
1031 3457 1046 3494 :
1072 3451 1187 3494 tum
1205 3438 1469 3506 deinceps
1494 3442 1552 3488 et
1579 3431 1744 3497 illius,
1766 3429 1912 3500 quod
1935 3436 2127 3482 contra

482 3566 503 3577 ο
550 3536 749 3607 opponi
797 3541 1031 3605 poterat,
1087 3530 1416 3587 solutionem
1466 3523 1808 3596 adjunxisset
1848 3537 1871 3575 .:
1912 3520 1986 3575 Et
2022 3534 2128 3573 non

409 3660 415 3669 -
516 3640 529 3665 ἠ
548 3632 834 3687 secundum
866 3636 1155 3681 naturam:
1186 3639 1346 3693 neque
1360 3623 1501 3676 enim
1528 3618 1644 3689 ﬁeri
1670 3624 1898 3687 poterat,
1932 3625 2128 3682 utqua:

549 3727 731 3780 rudem
782 3732 972 3778 natura
1016 3728 1159 3786 sunt,
1207 3718 1418 3772 diversa
1472 3728 1651 3769 rursus
1691 3721 1887 3765 natura
1938 3714 2127 3772 essent,

532 3826 736 3884 'ztpcl‘te
785 3816 1147 3876 demonstrat,
1198 3810 1301 3865 hac
1345 3807 1617 3862 divisione
1666 3817 1787 3858 sese
1834 3799 2125 3861 aﬂirmare,

551 3924 719 3963 unum
754 3906 906 3961 nullo
941 3904 1103 3960 modo
1133 3899 1466 3956 diversitatis
1490 3899 1711 3953 causam
1736 3909 1880 3949 esse.
1916 3891 1972 3946 ld
1999 3904 2129 3945 vero

550 4002 675 4054 ridei
704 4001 976 4053 universa:
1005 3991 1347 4049 fundamenti
1380 3989 1594 4045 eversio
1623 3996 1726 4043 est.
1757 3986 2002 4055 Namque
2027 3984 2129 4037 Ec-

549 4088 726 4144 clesiae
752 4098 809 4141 et
832 4084 1097 4140 doctrina:
1129 4080 1466 4152 principum,
1496 4090 1618 4147 quae
1659 4074 1884 4146 pietatis
1926 4071 2129 4126 funda-

553 4188 794 4233 mentum
831 4184 933 4242 est,
960 4174 1151 4245 Opinio
1180 4172 1270 4227 illa
1304 4180 1454 4227 certa
1484 4178 1648 4239 atque
1675 4166 1977 4221 indubitata
2013 4171 2119 4226 est,

540 4281 652 4326 -trta
682 4284 806 4326 esse
832 4283 953 4341 quae
982 4267 1308 4333 adorantur,
1338 4277 1572 4334 quorum
1608 4260 1864 4322 alterum,
1905 4258 2122 4311 Patrem

553 4366 789 4427 scilicet,
821 4379 888 4418 ex
916 4361 1070 4417 nullo
1100 4373 1254 4414 suam
1290 4355 1669 4413 easistentiam
1720 4366 1899 4422 neque
1947 4350 2127 4405 subsi-

1484 1233 1560 1288 uti
1601 1246 1735 1288 vero
1774 1244 1965 1284 rursus
2014 1227 2124 1283 duo
2151 1223 2171 1239 ‘

2229 486 2455 555 Πνεῦμα
2473 485 2826 556 προέρχεται,
2849 485 2907 537 ἓν
2931 485 3084 538 ἔσται
3109 484 3201 537 καὶ
3225 484 3421 538 ταυτὸν
3442 486 3568 539 αὐτὸ
3587 488 3758 556 ἑαυτῷο

2226 582 2277 633 εί
2309 581 2368 632 δὲ
2394 581 2457 633 ἐκ
2483 579 2598 644 δύο,
2622 578 2869 632 τουτέστι
2894 578 3106 648 Πατρὸς
3137 578 3411 642 καὶλίοῦ,
3433 578 3608 649 ἕτερον
3629 582 3760 637 ἔσται

2224 671 2356 723 αὐτὸ
2384 670 2608 734 ἑαυτοῦ,
2647 670 2721 732 ὡς
2756 669 2822 721 ἂν
2851 669 2979 722 ἄλλο
3015 669 3114 738 μὲν
3157 668 3216 722 ὃν
3247 670 3310 722 τὸ
3348 673 3412 723 ἑκ
3441 668 3530 722 τοῦ
3560 673 3758 744 Πατρὸς,

2223 762 2353 815 ἄλλο
2390 762 2446 814 δὲ
2477 761 2536 813 τὸ
2564 763 2628 814 ἐκ
2662 759 2756 813 τοῦ
2795 760 2947 814 Tini.
2993 759 3150 813 Ἐπεὶ
3179 762 3285 831 γὰρ
3320 761 3479 825 ἄλλος
3510 763 3645 832 μὲνό
3669 765 3756 817 Πα-

2221 859 2350 925 τὴρ,
2382 855 2539 917 ἄλλος
2566 854 2623 907 δὲ
2659 855 2689 906 ό
2720 854 2866 919 Υἱὸς,
2903 854 3119 923 ἀνάγκη
3151 854 3245 906 καὶ
3273 854 3333 908 τὸ
3365 857 3430 907 ἑκ
3457 855 3648 925 [ἰατρὸς
3682 857 3754 908 καὶ

2224 946 2356 1001 Υἱοῦ
2392 944 2618 1016 Πνεῦμα
2646 943 2776 999 ἄλλο
2806 946 2902 998 καὶ
2928 944 3061 999 άλλο
3091 939 3254 999 εἶναι.
3287 944 3456 998 Τοῦτο
3480 945 3535 999 δὲ
3566 946 3754 1001 ἄτοπον.

2223 1041 2288 1094 Ei
2307 1040 2364 1092 δὲ
2393 1039 2542 1107 λέγει
2558 1055 2664 1103 τις,
2685 1038 2792 1091 Καὶ
2814 1035 2931 1100 πῶς
2948 1036 3008 1090 τὸ
3031 1034 3272 1101 ἐξιάλλου
3289 1039 3382 1092 καὶ
3394 1038 3549 1091 ἄλλου
3574 1040 3657 1092 τοῦ
3675 1056 3758 1091 πα-

2221 1130 2350 1201 τρὸς
2372 1129 2586 1199 καὶτῆς
2607 1127 2813 1199 μητρὸς
2835 1127 3048 1193 τέκνον,
3082 1127 3183 1181 οὐκ
3210 1127 3341 1182 ἄλλο
3358 1130 3454 1181 καὶ
3464 1129 3594 1183 ἄλλο
3616 1132 3756 1195 ὲστ“.ν,

2222 1224 2360 1278 ἀλλὰ
2379 1222 2460 1288 ἒν;
2477 1220 2819 1292 ἑροῦμεν,ὅτι
2833 1220 2933 1290 οὐχ
2951 1220 3300 1285 ἁπλῶς-ἑστιν
3312 1219 3526 1288 ἓν,ἀλλὰ
3543 1221 3759 1275 σύνθετον

2223 1312 2288 1367 ἐκ
2313 1328 2373 1366 τε
2408 1310 2503 1365 τοῦ
2540 1308 2857 1379 σπέρματος
2897 1308 2993 1361 τοῦ
3038 1308 3247 1376 πατρὸς
3288 1310 3383 1360 καὶ
3419 1308 3524 1363 τῶν
3548 1312 3760 1378 αἱμάτων

2220 1406 2320 1475 τῆς
2350 1402 2580 1474 μητρός.
2621 1420 2640 1454 ι
2674 1399 2976 1456 Κάνταῦθα
3006 1399 3102 1454 τοῦ
3144 1400 3399 1469 ψεύδους,
3427 1400 3487 1454 οὐ
3532 1401 3623 1470 τῆς
3647 1402 3759 1470 ἁλη-

2222 1496 2373 1559 θείας
2404 1496 2472 1549 τά
2497 1495 2597 1565 τῆς
2621 1494 2965 1565 προτάσεως.
3018 1494 3366 1563 Προσεκτέον
3398 1496 3491 1547 καὶ
3528 1495 3646 1564 γάρ.
3690 1495 3764 1546 Ei-

2224 1589 2342 1645 πὼν
2365 1591 2394 1642 ό
2425 1588 2754 1659 συνθέμενος
2785 1587 2853 1642 δι’
2879 1586 3077 1657 αὐτῆς.
3108 1586 3185 1651 ὡς
3215 1590 3250 1657 ἡ
3281 1587 3381 1657 μὲν
3415 1588 3573 1659 μονὰς
3599 1588 3762 1640 ταυτό-

2222 1680 2385 1753 τητός
2425 1681 2576 1734 ἐστιν
2608 1680 2781 1742 αἰτία,
2815 1681 2848 1751 ή
2883 1680 2941 1733 δὲ
2972 1678 3104 1743 δυὰς
3140 1680 3483 1750 ἑτερότητος,
3510 1680 3596 1733 καὶ
3620 1696 3763 1732 κατα-

2226 1775 2522 1837 σκευάσας,
2578 1771 2655 1836 ὡς
2707 1772 2807 1842 μὲν
2857 1770 2918 1837 ἐξ
2969 1772 3090 1836 ἑνὸς
3143 1772 3281 1827 ὅντα
3314 1771 3411 1826 τοῦ
3446 1773 3639 1843 Πατρός
3683 1772 3762 1825 τὸν

2226 1865 2354 1919 Υἱδν
2387 1866 2482 1919 καὶ
2528 1865 2589 1918 τὸ
2637 1864 2863 1934 Πνεῦμα
2890 1866 2952 1917 τὸ
2996 1863 3176 1933 ἅγιον,
3206 1864 3273 1917 τὸ
3302 1864 3497 1919 ταυτὸν
3525 1864 3657 1935 ἔχειν
3680 1866 3762 1934 τῆς

2225 1958 2445 2028 φύσεως
2504 1957 2771 2029 ἀλλήλοις
2796 1957 2889 2011 καὶ
2918 1957 2997 2027 τῷ
3052 1956 3257 2027 ﬂat-pi,
3313 1955 3390 2020 ὡς
3432 1956 3603 2010 δὶδύο
3625 1956 3762 2011 πάλιν

2225 2049 2479 2119 ἀλλήλοις
2508 2047 2674 2120 ἔτερα
2731 2044 2874 2101 εἶναι
2908 2046 3005 2100 καὶ
3036 2046 3114 2118 τῷ
3157 2047 3343 2115 Πατρὶ
3370 2045 3506 2100 κατὰ
3530 2046 3618 2109 τὰς
3656 2030 3763 2097 dm-

2226 2144 2472 2207 στάσεις,
2506 2138 2628 2196 εἶτα
2657 2142 2754 2195 καὶ
2797 2140 2892 2195 τοῦ
2924 2139 3357 2204 ἀντιπίπτοντος
3405 2140 3551 2194 λύσιν
3582 2142 3761 2204 ἐπιγα-

2224 2233 2363 2303 γὼν,
2405 2253 2423 2286 ι
2467 2232 2612 2287 Ἀλλ’
2654 2233 2717 2287 οὑ
2744 2233 2846 2301 τὴν
2874 2232 3038 2301 φύσιν
3059 2248 3073 2262 ο
3119 2233 3181 2284 οὺ
3217 2232 3328 2302 γὰρ
3357 2232 3480 2302 ἐνῆν
3504 2231 3661 2285 ταυτὰ
3681 2230 3760 2300 τὴν

2225 2324 2388 2394 φύσιν
2412 2324 2541 2377 ὄντα
2592 2324 2686 2378 καὶ
2722 2322 2892 2392 ἔτερα
2938 2318 3104 2377 πάλιν
3155 2323 3303 2377 κατὰ
3356 2324 3512 2389 φύσιν
3565 2314 3753 2374 εἶναι’-ι

2224 2409 2465 2465 δείκνυσι
2493 2408 2753 2481 καθαρῶς
2791 2411 2857 2463 ἑκ
2882 2408 2978 2463 τοῦ
3004 2408 3221 2463 τοιοῦδε
3247 2409 3513 2482 μερισμοῦ
3540 2410 3754 2479 φάσκειν,

2229 2501 2306 2573 μὴ
2340 2502 2437 2554 καὶ
2465 2500 2566 2571 τῆς
2596 2501 2918 2572 ἑτερότητος
2948 2502 3124 2556 αἴτιον
3169 2499 3319 2555 εἶναι
3361 2502 3420 2556 τὸ
3450 2502 3526 2567 ἓν,
3555 2500 3755 2554 τοῦτοδὲ

2227 2592 2478 2663 θεμελίου
2507 2591 2607 2646 τοῦ
2632 2593 2731 2664 τῆς
2772 2595 3009 2657 πίστεως
3036 2593 3170 2664 ὅλης
3199 2595 3502 2665 ἀνατροπὴ.
3528 2593 3652 2658 Δόξα
3675 2594 3761 2661 γὰρ

2227 2686 2260 2756 ἠ
2294 2684 2521 2756 κειμένη
2552 2687 2652 2756 τῆς
2691 2684 3043 2757 Ἐκκλησίας,
3076 2689 3172 2740 καὶ
3195 2684 3540 2757 διδαγμάτων
3564 2685 3656 2739 τῶν
3676 2687 3756 2754 ἀρ-

2226 2777 2413 2849 χηγῶν
2439 2777 2543 2847 τῆς
2597 2777 2884 2842 εὐσεϐείας
2925 2780 2958 2851 ἡ
2989 2778 3171 2849 βάσις,
3204 2781 3342 2851 τρία
3376 2775 3596 2835 εἶναιτὰ
3620 2795 3759 2846 προσ-

2227 2870 2555 2940 κυνούμενα,
2588 2870 2687 2924 καὶ
2731 2870 2794 2924 τὸ
2848 2871 2947 2942 μὲν
2982 2870 3041 2925 ἓν
3097 2872 3189 2926 τὸν
3236 2873 3457 2945 Πατέρα
3482 2874 3542 2926 ὲκ
3570 2871 3761 2941 μηδενὸς

2229 2967 2370 3035 μήτε
2403 2962 2744 3030 οὑσιοῢσθαι,
2781 2965 2917 3036 μήτε
2966 2964 3329 3034 ὑφίστασθαι,
3361 2965 3476 3020 ἀλλ’
3499 2963 3724 3024 ἀναιτίως
3746 2976 3759 2990 θ

2229 3059 2293 3110 ὲκ
2324 3056 2423 3127 τῆς
2446 3054 2613 3111 αὑτοῦ
2641 3056 2699 3109 δὲ
2728 3056 2917 3119 οὐσίας
2945 3058 3015 3110 τα
3042 3057 3135 3110 δύο
3166 3059 3314 3113 κατὰ
3339 3061 3533 3130 τρόπον
3560 3055 3761 3126 ὑφεστά-

2228 3169 2317 3206 ναι
2351 3150 2579 3219 προόδου
2609 3150 2888 3220 διάφορον.
2929 3150 3079 3203 Καθδ
3125 3150 3230 3221 μὲν
3261 3151 3354 3205 οὖν
3396 3154 3459 3205 ἐκ
3482 3151 3575 3220 τῆς
3599 3146 3759 3207 οὐσίας

2226 3246 2391 3298 αὑτοῦ
2408 3245 2467 3298 τὸ
2485 3243 2681 3298 ταυτὸν
2700 3244 2870 3314 αὐτῆς
2884 3243 3110 3314 ,ἔχουσιν
3122 3244 3377 3316 ἀλλήλοις
3397 3243 3571 3313 καὶτῷ
3588 3242 3757 3310 Πατρὶ,

2227 3343 2371 3392 κατά
2417 3337 2475 3390 δὲ
2504 3336 2567 3389 τὸ
2610 3336 2871 3406 διάφορον
2907 3336 3007 3405 τῆς
3059 3336 3297 3406 προόδου
3330 3336 3427 3398 τὰς
3475 3334 3758 3403 ἑτερότητας

2226 3432 2544 3501 κέκτηνται.
2580 3429 2675 3483 Ἐκ
2696 3430 2886 3484 τούτου
2904 3430 3013 3499 γάρ
3038 3430 3097 3483 τὸ
3118 3430 3416 3501 ἀγέννητον
3458 3427 3755 3498 ὁμολογείτλι

2228 3523 2326 3577 καὶ
2345 3523 2589 3577 ἀναίτιον
2623 3522 2719 3576 τοῦ
2751 3522 2985 3594 Πατρὸς,
3030 3522 3126 3575 καὶ
3152 3523 3214 3574 τὸ
3255 3520 3315 3586 ἐξ
3342 3519 3505 3574 αὑτοῦ
3533 3515 3756 3587 γεννητὶν

2225 3617 2321 3669 τοῦ
2351 3614 2505 3682 Tini},
2537 3617 2633 3669 καὶ
2670 3615 2731 3670 τὸ
2760 3615 2854 3668 τοῦ
2891 3615 3215 3685 Πνεύματος
3258 3611 3702 3687 προσλητὸν,.καο⁹
3725 3608 3756 3661 ἃ.

2226 3710 2287 3763 τὺ
2323 3708 2523 3774 ἰδιάζον
2560 3708 2670 3762 τῶν
2700 3706 3076 3771 ὐποστάσεων,
3118 3710 3215 3762 καὶ
3244 3709 3306 3760 τὺ
3342 3709 3440 3775 τῆς
3473 3704 3753 3775 ἑτερότητος

2227 3800 2338 3854 τῶν
2366 3798 2555 3868 τριῶν.
2598 3799 2677 3852 Ei
2718 3796 2851 3866 γοῦν
2878 3801 2954 3852 οὲκ
2992 3798 3088 3852 τοῦ
3119 3799 3242 3863 ἑνὸς
3282 3801 3375 3852 καὶ
3406 3799 3466 3851 τὸ
3492 3796 3617 3865 πρὸς
3644 3790 3754 3846 αὐτὸ

2229 3893 2323 3946 καὶ
2348 3891 2487 3962 πρὸς
2518 3890 2723 3961 ἄλληλα
2754 3890 2822 3945 τὰ
2856 3890 2949 3944 δύο
2978 3892 3320 3957 ταυτιζεται,
3346 3894 3437 3946 καὶ
3465 3892 3522 3944 τὸ
3548 3886 3754 3945 ἄλλο-καὶ

2227 3988 2359 4042 ἄλλο
2386 3988 2481 4041 καὶ
2507 3987 2644 4055 πρὸς
2688 3984 2822 4039 αὐτὸ
2851 3985 2949 4038 καὶ
2992 3984 3131 4056 πρὸς
3158 3984 3366 4057 ἄλληλα
3394 3979 3546 4047 εἶναι,
3575 3981 3601 4033 ό
3625 3994 3755 4051 μερι-

2230 4079 2368 4149 σμὸς
2401 4079 2483 4143 τὸ,
2526 4096 2543 4128 ι
2571 4076 2637 4129 Ἦ
2671 4077 2774 4147 μὲν
2811 4076 2981 4145 μονὰς
3010 4076 3342 4146 ταυτότητός
3366 4078 3512 4127 ἐστιν
3542 4070 3689 4133 αἰτία,
3723 4066 3750 4135 ἡ

2229 4173 2289 4226 δὲ
2307 4172 2440 4233 δυὰς
2460 4171 2800 4242 ἑτερότητος
2816 4188 2834 4221 ι
2865 4169 2969 4222 ποῦ
2996 4167 3089 4222 τοῦ
3110 4168 3213 4238 τῆς
3232 4167 3556 4238 δογματικῆς
3582 4162 3753 4220 θέσεως

2231 4265 2508 4337 θεμελίου,
2541 4264 2645 4317 ποῦ
2698 4264 2995 4332 στήσεταις
3045 4260 3186 4315 Ἀλλ’
3217 4263 3246 4314 ό
3290 4258 3529 4331 ἁρρεπὴς
3558 4253 3631 4308 ὅδε
3669 4250 3752 4317 τῆς

2230 4357 2492 4428 ἀληθείας
2525 4356 2809 4424 διαιτητὴς
2840 4354 2903 4404 τὸ
2933 4351 3129 4420 ψεῦδος
3157 4353 3305 4415 ὅπως
3341 4350 3433 4403 καὶ
3473 4340 3750 4414 πρὸσφορᾶς

522 4454 802 4508 -είθίιιὶειιι
835 4449 1118 4521 consequi,
1151 4446 1249 4504 sed
1283 4447 1491 4516 absque
1518 4460 1684 4499 causa
1710 4457 1868 4507 esse;
1891 4458 1958 4498 ex
1981 4443 2126 4512 ejus-

2234 4448 2292 4515 ἑξ
2325 4448 2502 4516 αὐτῆς
2535 4446 2630 4500 τοῦ
2665 4445 2828 4513 λόγου
2858 4443 2989 4497 αὐτὸ
3016 4443 3182 4495 ἑαυτὸ
3229 4438 3545 4511 στηλιτεύων
3574 4437 3749 4488 ἀνακα-

546 4547 672 4599 dem
708 4548 838 4600 vero
865 4542 1100 4600 essentia
1128 4542 1261 4607 duo,
1298 4539 1393 4594 sed
1421 4538 1637 4594 diverso
1673 4550 1966 4608 progressu
1996 4535 2123 4590 sub-

544 4637 742 4691 sistere
767 4652 781 4688 :
807 4636 1061 4700 alterum,
1089 4647 1210 4704 qua:
1233 4646 1299 4686 ex
1331 4632 1571 4688 essentia
1601 4630 1958 4693 Patrisxsunt,
1982 4630 2126 4684 idem

538 4730 805 4785 essentia:
826 4729 972 4783 inter
994 4743 1053 4782 se
1078 4737 1280 4782 etcum
1314 4724 1475 4780 Patre
1496 4724 1799 4795 possidere,
1823 4722 2128 4777 secundum

552 4838 682 4878 vero
712 4835 1040 4892 progressus
1075 4818 1452 4876 diversitatem
1479 4857 1496 4881 ,
1531 4815 1906 4872 diversitatem
1931 4827 2128 4868 conse-

549 4916 768 4987 quicEx
798 4913 904 4969 hoc
923 4914 1069 4968 enim
1095 4911 1402 4983 ingenitum
1426 4908 1606 4963 Patris
1627 4910 1910 4974 astruitur,
1929 4913 1985 4959 et
2005 4905 2130 4960 abs-

552 5024 660 5079 que
689 5018 967 5075 causa,-et
989 5022 1055 5062 ex
1086 5005 1246 5060 Patre
1276 5001 1560 5074 generatio
1593 5000 1738 5064 Filii.
1763 5008 1818 5053 et
1845 4996 2131 5069 productio

555 5102 796 5171 Spiritus
827 5099 1033 5165 sancti,»
1053 5099 1256 5169 quibus
1282 5096 1641 5167 hypostaseon
1668 5091 2048 5163 proprietates,
2076 5098 2132 5145 et

563 5194 726 5248 trium
760 5192 1052 5247 diversitas
1078 5200 1475 5260 agnoscuntur.
1508 5186 1565 5242 Si
1608 5189 1791 5257 itaque
1823 5200 1888 5239 ex
1919 5199 2046 5247 uno,
2077 5190 2147 5237 et

555 5301 679 5341 cum
701 5284 810 5349 illo,
828 5294 883 5339 et
895 5284 1040 5338 inter
1056 5296 1178 5337 sese
1193 5281 1303 5337 duo
1318 5280 1509 5336 eadem
1529 5276 1909 5347 sunt,etaliud
1922 5274 2133 5332 etaliud

557 5388 613 5434 et
638 5393 762 5433 cum
793 5377 887 5432 iilo
918 5384 974 5430 et
1006 5376 1149 5430 inter
1175 5390 1295 5431 sese
1318 5381 1663 5444 separantur,
1696 5370 1852 5435 illud,
1880 5389 1898 5422 ι
1941 5369 2135 5443 Unitas

555 5471 775 5541 quidem
811 5470 1111 5525 identitatis
1137 5484 1300 5523 causa
1337 5478 1441 5530 est,
1475 5467 1711 5521 dualitas
1738 5463 2129 5526 diversitau's,n

551 5568 611 5618 in
635 5578 871 5633 quanam
898 5564 1211 5632 dogmatqu
1245 5570 1392 5616 certa
1419 5558 1673 5612 ﬁrmitate
1702 5565 1756 5609 et
1775 5554 2135 5609 fundamento

454 5696 459 5700 -
559 5654 816 5719 sistetur?
843 5655 950 5708 Sed
981 5664 1165 5708 rectus
1191 5652 1438 5707 veritatis
1468 5650 1716 5720 cognitor
1743 5650 1901 5718 plane
1929 5664 2147 5720 cogito-'

556 5744 668 5798 scit
702 5744 1068 5811 mendacium,
1101 5760 1209 5814 quo
1248 5743 1335 5799 vel
1370 5758 1431 5796 ex
1468 5742 1579 5795 sola
1611 5741 1914 5811 prolatione
1942 5744 2134 5797 verbo-

2230 4544 2447 4597 λύπτει.
2478 4541 2683 4594 ’1ὀύτου
2713 4555 2776 4608 γε
2824 4540 3046 4608 εῐρηκεν
3072 4537 3100 4589 ό
3138 4537 3345 4606 Πατὴρ,
3385 4532 3456 4595 ὡς
3498 4549 3516 4582 ι
3545 4531 3574 4599 ή
3608 4526 3745 4598 μονὰς

2226 4634 2562 4702 ταυτότητός
2605 4634 2753 4684 ἐστιν
2782 4630 2956 4688 αἰτία.
2992 4630 3025 4697 ἡ
3057 4628 3114 4680 δὲ
3144 4628 3276 4691 δυὰς
3306 4626 3621 4695 ἑτερότητος,
3651 4635 3665 4667 ι
3696 4618 3746 4664 ἐκ

2230 4731 2328 4798 τῆς
2358 4725 2654 4794 ἐπαγωγῆς
2689 4723 2895 4785 εὐθέως
2925 4722 2985 4773 τὸ
3011 4723 3206 4775 ταυτῖν
3255 4719 3352 4788 τῆς
3387 4719 3587 4786 φύσεως
3619 4721 3748 4762 κατε·

2234 4795 2468 4876 citatius:
2496 4818 2635 4889 πρὸς
2666 4817 2876 4887 ἄλληλα
2906 4817 3020 4877 τοῖς
3044 4816 3187 4877 δυσὶ,
3213 4812 3275 4867 τὸ
3304 4813 3369 4863 ὲκ
3393 4807 3482 4862 τοῦ
3512 4805 3618 4864 ἑνὸς
3636 4795 3748 4852 εἶναι

2232 4914 2330 4968 καὶ
2356 4911 2508 4981 αὗτῷ
2546 4888 2630 4979 7τῷ
2658 4908 2737 4961 ἐνί
2759 4924 2774 4939 ⁸
2807 4907 2882 4970 ὡς
2911 4908 2968 4960 δὲ
2995 4906 3090 4960 δύο
3122 4907 3291 4958 ὄντων
3323 4899 3447 4955 Υἱοῦ
3478 4897 3564 4951 καὶ
3606 4888 3746 4981 live?-

2236 5020 2432 5074 ματος,
2478 4976 2577 5072 τὴν
2601 4976 2927 5068 γὲτερότητα
2980 4994 3202 5059 ἑδειξεντ
3232 4992 3468 5061 ἀλλήλων
3508 4982 3632 5036 κατὰ
3670 4976 3747 5074 τὰς

2235 5091 2584 5153 ὑποστάσεις,
2611 5090 2709 5143 καὶ
2749 5087 2843 5141 τοῦ
2877 5087 2938 5152 ἑξ
2966 5081 3026 5139 οὗ
3057 5085 3232 5140 ταῦτα
3262 5084 3378 5147 ἑνὸς
3405 5078 3491 5134 τοῦ
3539 5066 3743 5138 Πατρό;’

2235 5182 2372 5237 ἀλλὰ
2396 5183 2492 5236 καὶ
2519 5182 2580 5234 τὸ
2609 5180 2806 5233 ταυτὸν
2841 5180 2939 5249 τῆς
2964 5177 3179 5246 φύσεως
3210 5178 3322 5238 τοῖς
3343 5172 3511 5244 τρισὶν
3541 5158 3743 5249 ἐντεῦθεν

2238 5273 2698 5343 συνελαυνόμενος
2737 5247 3114 5342 ὡμολόγησεν.
3148 5271 3216 5322 Ἢ
3263 5267 3437 5338 τοίνυν
3477 5260 3566 5327 τῆς
3589 5247 3738 5343 δυάδος

2224 5367 2332 5422 καὶ
2383 5364 2445 5417 τὸ
2467 5340 2636 5416 ταυτδ
2676 5340 2876 5415 καὶτὸ
2924 5361 3131 5431 ἕτερον,
3179 5360 3254 5423 ὡς
3287 5361 3319 5430 ἠ
3351 5356 3504 5424 ἐγγὺς
3529 5340 3741 5417 ὁμολογία

2235 5459 2535 5531 διατρανεῖ,
2587 5458 2621 5528 ἡ
2676 5456 2842 5526 μονὰς
2874 5454 2934 5508 τὸ
2965 5457 3163 5509 ταυτὸν
3211 5451 3461 5512 λαλοῦσα,
3498 5442 3586 5498 καὶ
3611 5436 3742 5531 Pili"

2234 5527 2389 5607 τοῦδε
2423 5551 2825 5621 ὲκφωνηθείσα,
2863 5551 2958 5603 καὶ
3011 5551 3154 5604 κατὰ
3194 5551 3290 5612 τὰς
3324 5543 3620 5599 ὑποστάσεις
3654 5527 3742 5591 ἕξει

2230 5648 2399 5701 τοῦτο
2434 5648 2528 5701 καί
2559 5648 2617 5699 οὐ
2650 5646 2821 5715 δήπου
2866 5645 2927 5696 τὸ
2955 5644 3165 5715 ἕτερον,
3217 5644 3291 5706 ὼς
3347 5639 3525 5706 ἰδίωμα
3568 5620 3739 5697 τηρηθῇ

2240 5739 2299 5792 τὸ
2352 5737 2451 5808 τῆς
2506 5736 2846 5806 διαιρέσεως,
2905 5734 3001 5787 καὶ
3068 5737 3126 5788 τὸ
3184 5734 3455 5801 δύσφημον
3507 5725 3612 5777 ὅσον
3660 5710 3740 5763 οὲκ
