4072 6444
316 566 347 591 ,ι
390 527 523 593 1297

1391 529 1687 589 CONTRA
1731 528 1781 585 Μ
1796 523 1985 584 Alei
1999 522 2045 581 U
2060 523 2107 579 .\'l
2153 518 2598 580 'PLANUDEML

3496 511 3679 573 15193“.

380 645 603 714 ἀφανὲς,
626 643 657 713 ἦ
682 643 838 714 εἴπερ
867 643 924 708 ἐξ
950 641 1186 710 ἅνᾶγκης
1221 642 1312 695 καὶ
1341 640 1479 708 αὕτη
1506 640 1641 710 πρὸς
1665 637 1742 704 τῷ
1763 633 1941 702 ταυτῴ

2049 645 2167 682 runt
2203 643 2323 683 sese
2358 628 2533 696 palam
2565 642 2628 680 ac
2653 623 2943 677 titanifrsto
2967 622 3215 676 infamet.
3243 621 3301 675 Et
3326 622 3489 694 huius
3506 639 3637 691 gra-

379 738 475 790 καὶ
501 738 602 804 τὴν
621 736 918 805 ἑτερότητα
945 735 1083 788 κατὰ
1112 734 1209 796 τὰς
1236 734 1563 794 ὑποστάσεις
1590 732 1803 799 φαίνειν
1824 729 1946 780 ἀνο-

383 826 678 899 μολογηθῇ,
714 826 809 879 καὶ
834 826 901 880 τὰ
932 824 1025 878 τοῦ
1051 824 1276 893 ψεύδους
1307 822 1448 876 οὕτω
1478 823 1573 888 τήν
1604 818 1947 886 ἀνακάλυψιν

375 920 537 991 λόιὸῃ,
592 917 919 988 ἀμφοτέροιν
974 917 1070 985 τῆς
1107 915 1331 985 μονάδος
1374 914 1477 967 xui:
1507 913 1604 982 τῆς
1654 911 1844 973 δυάδος
1887 910 1948 963 τό

375 1011 574 1064 ταυτὸν
621 1011 715 1062 καὶ
742 1008 803 1061 τὸ
847 1007 1036 1077 ἕτερον
1080 1004 1465 1073 δεικνυμένων,
1519 1002 1684 1055 πόσου
1732 1001 1947 1070 θαυμα-

379 1101 517 1171 σμοῦ
553 1101 652 1152 οὐκ
681 1098 939 1166 ἀξιωθείη
978 1100 1005 1150 ό
1030 1097 1277 1164 λογικαίς
1312 1097 1370 1148 ὲν
1405 1093 1733 1163 ἐπιστήμαις
1758 1092 1950 1144 τοσοῦ-

377 1210 489 1258 τος,
528 1195 589 1244 ὲκ
619 1190 836 1244 τοιῶνδε
868 1190 1186 1256 προτάσεων
1216 1185 1603 1256 συμπεραῖνων
1618 1184 1680 1237 τὸ
1714 1184 1947 1237 σπουδαο

378 1283 644 1352 ζόμενον;
709 1284 901 1351 Ὅμως
962 1279 1156 1348 ἐφεξῆς
1213 1279 1313 1348 τὴν
1376 1276 1521 1330 οὕτω
1582 1275 1945 1345 προταθεῖσαν

375 1374 642 1443 διαίρεσιν
663 1371 1020 1427 ἐπωαλαὸὼν
1050 1370 1254 1437 φάσκει
1276 1385 1290 1400 ο
1320 1387 1339 1420 ι
1370 1370 1431 1422 Ei
1465 1368 1564 1438 μὲν
1600 1367 1694 1422 οὖν
1719 1367 1779 1431 ἐξ
1801 1367 1942 1434 ὲνδς,

377 1463 621 1517 τουτέστι
657 1463 750 1515 τοῦ
798 1461 1034 1533 Πατρός,
1082 1462 1177 1514 καὶ
1217 1461 1279 1514 τὸ
1323 1459 1543 1529 Πνεῦμα
1590 1459 1943 1532 προέρχεται,

375 1555 434 1607 ἓν
469 1555 624 1607 ἔσται
652 1555 747 1607 καὶ
774 1555 973 1607 ταυτὸν
1000 1554 1129 1606 αὐτὸ
1164 1552 1364 1623 ἐαυτῷ.
1398 1571 1417 1603 ι
1454 1553 1526 1604 Τὸ
1553 1551 1610 1605 δὲ
1646 1552 1835 1622 ἕτερον
1865 1553 1948 1615 εἰς

375 1645 437 1695 τὸ
465 1644 530 1695 ὲκ
575 1642 683 1695 τῶν
714 1642 808 1696 δύο
850 1643 1102 1712 ταμιεύει
1134 1642 1276 1694 κατὰ
1305 1642 1365 1695 τὸ
1402 1641 1461 1708 ἐξ
1495 1641 1668 1711 ἀρχῆς
1713 1642 1943 1711 διερμη-

376 1732 547 1785 νεὺων
582 1732 657 1794 ὡς
716 1731 965 1801 βούλεται
990 1746 1005 1762 ο
1041 1730 1162 1785 καθ’
1198 1725 1273 1784 ὧν
1322 1732 1355 1801 ή
1384 1730 1479 1785 τοῦ
1526 1732 1707 1799 λέγειν
1754 1730 1943 1784 τούτου

380 1821 544 1891 ῥοπὴ,
580 1821 704 1887 δόξα
743 1821 799 1874 δέ
830 1814 895 1889 γέ
923 1824 956 1891 ὴ
988 1819 1193 1890 ἀληθὴς
1223 1822 1287 1873 ὲκ
1314 1820 1409 1874 τοῦ
1436 1821 1651 1891 Πατρὸς
1680 1821 1947 1892 προέρχε-

380 1913 502 1964 σθαι
550 1913 609 1964 τὸ
639 1912 860 1982 Πνεῦμα
897 1912 1353 1980 μυσταγωγοῦσα,
1403 1913 1497 1967 καὶ
1530 1913 1592 1966 τδ
1623 1914 1821 1968 ταυτὸν
1860 1916 1947 1967 ἑν-

376 2003 566 2056 τεῦθεν
596 2005 730 2072 πρὸς
754 2004 843 2057 τὸν
879 2004 1114 2072 Πατέρα,
1139 2005 1234 2057 καὶ
1261 2005 1323 2058 τὸ
1350 2005 1537 2076 ἕτερον
1563 2005 1707 2076 ἔχειν
1735 2007 1941 2078 ἀνακη-

381 2095 581 2163 ρύττει,
615 2095 752 2150 ἀλλὰ
783 2097 875 2150 καὶ
913 2098 972 2162 ἐξ
1012 2084 1220 2167 ἀμφοῖν
1252 2097 1578 2167 θεολογοῦσα
1611 2099 1818 2169 Πατρὸς
1850 2100 1946 2154 καὶ

379 2187 507 2241 Υἱοῦ
539 2188 638 2258 τὴν
669 2191 976 2259 ταυτότητα
1002 2190 1139 2259 πρὸς
1169 2191 1335 2260 ἄμφω
1365 2191 1459 2244 καὶ
1483 2191 1574 2243 τὸν
1604 2191 1823 2263 Πατέρα
1850 2192 1944 2245 καὶ

378 2277 675 2348 ἑτερότητα
716 2264 1101 2349 ’καταγγέλλεμ
1141 2281 1279 2336 Οὐδὲ
1326 2283 1431 2350 γὰρ
1467 2281 1597 2335 αὐτὸ
1643 2285 1939 2351 γεννήτωρ,

376 2367 489 2420 ἀλλ’
526 2368 645 2421 οὐδὲ
683 2369 945 2441 γέννημα.
986 2371 1046 2424 Ὅ
1076 2371 1132 2424 δὲ
1171 2373 1375 2426 τούτων
1409 2372 1800 2440 ἀφιστάμενος,
1832 2375 1940 2426 εἰσε-

378 2461 525 2527 ἀγων
556 2461 632 2523 δὲ,
662 2462 710 2514 εἰ
756 2452 820 2514 εκ
851 2460 963 2514 τῶν
987 2461 1082 2514 δύο
1128 2462 1190 2515 τὸ
1223 2462 1445 2531 Πνεῦμα
1492 2463 1725 2531 λέγοιτο,
1756 2467 1943 2535 ἕτερον

377 2552 507 2605 αὐτὸ
542 2550 735 2604 ἑαυτοῦ
764 2546 926 2616 εἶναι,
968 2553 1061 2606 καὶ
1093 2554 1373 2618 συνθέσεις
1403 2556 1483 2619 εἰς
1510 2554 1666 2611 τοῦτο
1690 2557 1941 2624 ἐπινοῶν,

377 2641 448 2705 ὡς
481 2642 607 2694 ἄλλο
636 2643 733 2708 μὲν
759 2643 824 2695 ὲκ
853 2643 946 2695 τοῦ
986 2645 1195 2714 Πατρός
1216 2644 1297 2711 ὃν,
1330 2645 1458 2699 ἄλλο
1485 2645 1541 2699 δὲ
1569 2649 1632 2700 ὲκ
1660 2647 1754 2701 τοῦ
1788 2648 1942 2715 Υἱοῦ,

379 2732 495 2794 πῶς
532 2732 592 2785 οὐ
633 2732 961 2801 καινολογῶν
1008 2736 1156 2787 ἐστιν
1184 2730 1266 2798 οἷς
1313 2736 1648 2806 φθέγγεται;
1682 2739 1742 2792 Ei
1782 2741 1890 2809 γὰρ
1915 2744 1944 2795 ό

380 2826 566 2894 Πατὴρ
612 2825 902 2896 ἀγέννητος
952 2825 1065 2891 ὣν,
1112 2829 1393 2898 γεννήτωρ
1438 2831 1556 2883 ἐστὶ
1604 2830 1701 2885 καὶ
1740 2833 1942 2903 προσο-

379 2916 523 2978 λεὺς,
553 2916 612 2968 τὸ
645 2916 742 2984 μὲν
768 2918 861 2969 τοῦ
892 2918 1044 2984 Tim},
1073 2920 1133 2971 τὸ
1155 2919 1212 2972 δὲ
1236 2920 1331 2973 τοῦ
1358 2920 1692 2992 Πνεύματος,
1723 2925 1818 2977 καὶ
1849 2924 1942 2979 τοῦ

381 3008 479 3070 μὲν
504 3006 632 3059 Υεοῦ
652 3009 955 3076 γεννήτωρ,
984 3011 1104 3079 οὐχὶ
1135 3011 1455 3082 προὸολεὺς,
1480 3012 1575 3067 τοῦ
1604 3014 1660 3068 δὲ
1693 3015 1947 3086 Πνεῦμα-

375 3113 467 3158 τος
499 3099 817 3168 προϐολεὺς,
840 3100 960 3169 οὐχὶ
998 3103 1296 3173 γεννήτωρ,
1331 3102 1520 3175 ἕτερον
1556 3105 1717 3168 αὐτὸς
1746 3107 1940 3161 ἑαυτοῦ

376 3193 405 3244 ὁ
462 3191 666 3261 Πατὴρ,
727 3192 820 3245 καὶ
859 3193 1110 3257 σύνθετος
1144 3194 1414 3253 ἐντεῦθεν.
1457 3194 1655 3256 Καίτοι
1679 3197 1713 3266 ή
1742 3195 1801 3263 ἐξ
1831 3197 1939 3265 ἀμ-

376 3285 498 3348 φοῖν
534 3282 629 3334 τοῦ
666 3282 983 3352 Πνεόματος
1024 3283 1247 3355 πρόοδος
1291 3284 1388 3353 μία
1415 3285 1507 3338 καὶ⁵
1540 3285 1573 3355 ή
1602 3284 1764 3355 αὑτὴ,
1793 3286 1854 3338 τὸ
1886 3286 1942 3338 δὲ
1973 3318 2016 3374 C

374 3373 693 3444 γεννητικὸν
730 3376 829 3428 καὶ
877 3374 1240 3445 προδλητικδν
1291 3375 1383 3429 τοῦ
1436 3374 1650 3447 Πατρδς
1678 3374 1810 3430 ἄλλο
1851 3378 1945 3431 καὶ

373 3466 522 3520 ἄλλο.
570 3466 710 3518 Ἀλλ’
761 3466 951 3539 ὥσπερ
984 3469 1042 3520 οὐ
1095 3467 1359 3538 μεριστδς,
1375 3467 1626 3522 ἐντεῦθεν
1669 3471 1699 3523 ό
1732 3468 1944 3539 Πατὴρ,

373 3558 496 3611 οὔτε
530 3559 637 3628 μὴν
667 3558 936 3622 σύνθετος,
971 3561 1051 3612 ὅτι
1090 3563 1164 3630 μή
1187 3559 1285 3629 τῆς
1308 3560 1560 3632 θεότητος
1579 3560 1754 3615 ταῦτα
1779 3561 1940 3631 μέρη,

300 3660 305 3663 ’
372 3649 495 3702 οὔτε
535 3650 600 3720 δή
638 3650 910 3716 σύνθεσις,
961 3654 1107 3722 ἁπλῆ
1132 3653 1302 3722 γὰρὴ
1356 3653 1545 3725 θεότης
1573 3654 1719 3726 ὑπὲρ
1760 3656 1942 3709 πᾶσαν

374 3743 650 3812 ἁπλότητα
695 3746 788 3795 καὶ
838 3745 1047 3813 ἀμερὴς
1092 3744 1233 3814 ὑπὲρ
1282 3747 1465 3799 πᾶσαν
1508 3746 1791 3816 ἀμέρειαν,
1825 3747 1941 3801 ἀλλ’

376 3835 639 3904 ἰδιότητες
670 3836 799 3904 περὶ
824 3836 994 3904 αὐτὴν
1024 3836 1395 3907 θεωρούμεναι
1418 3855 1433 3871 ο
1467 3837 1638 3901 οὕτως
1666 3839 1786 3892 οὐδὲ
1817 3841 1850 3911 ἡ
1880 3840 1941 3906 ἐξ

372 3926 576 3995 ἀμφοῖν
614 3925 709 3979 τοῦ
756 3926 1070 3996 Πνεύματος
1102 3927 1322 3998 πρόοδος
1369 3928 1643 3997 ἐξίστησιν
1672 3931 1805 3985 αὐτὸ
1843 3934 1938 4002 τῆς

370 4017 700 4085 ταυτότητος
735 4017 949 4082 ἑαυτοῦ,
981 4017 1013 4086 ἢ
1044 4018 1296 4072 σύνθετον
1336 4021 1684 4089 παριστάνει,
1720 4022 1835 4076 ἀλλ’
1874 4026 1939 4077 ὲκ

370 4105 583 4175 Πατρός
633 4107 748 4159 ἔστι
792 4111 885 4160 καὶ
925 4107 1077 4168 Υῐοῦ,
1112 4108 1144 4176 ἢ
1195 4106 1324 4176 γοῦν
1367 4109 1432 4161 ὲκ
1459 4110 1670 4179 Πατρδς
1707 4111 1775 4165 δι’
1807 4112 1937 4171 Υἱοῦ

370 4196 578 4249 ἁπλοῦν
632 4195 692 4260 ἐξ
749 4196 958 4262 ἁπλῶν,
1015 4198 1289 4252 τουτέστιν
1328 4199 1387 4265 ἐξ
1441 4200 1612 4254 ἁπλοῦ
1646 4201 1714 4255 δι’
1764 4203 1937 4256 ἁπλοῦ

370 4285 515 4339 κατὰ
533 4286 658 4350 τοὺς
691 4285 1005 4356 θεόφρονας.
1038 4288 1155 4340 Ἵνα
1184 4288 1240 4342 δὲ
1283 4289 1377 4343 καὶ
1420 4290 1771 4361 παράδειγμα
1796 4293 1857 4347 τὸ
1881 4295 1943 4359 ἐξ

370 4378 650 4445 ὲμπαθοῠς
680 4378 825 4431 δυοῖν
854 4381 1078 4448 προόδου
1105 4380 1203 4451 τὴν
1237 4381 1484 4435 σύνθεσιν
1507 4384 1938 4452 κατασκευάζον,

368 4468 444 4530 ὡς
466 4468 714 4524 ἐντεῦθεν
731 4471 1070 4542 ἀνατραπείη
1087 4472 1144 4524 τὸ
1164 4471 1437 4542 ἐξάμφοῖν
1456 4469 1671 4527 εἶναιτὸ
1694 4476 1937 4547 Πνεῦμα,
1956 4538 1965 4543 ν

368 4561 709 4631 καταργηθῇ,
744 4561 838 4614 καὶ
868 4561 928 4626 ἐξ
972 4563 1142 4630 αὐτῆς
1176 4563 1533 4630 ἀνεξετάστου
1560 4565 1620 4619 τὸ
1650 4582 1936 4638 κατηργηο

2051 723 2124 775 tia
2158 739 2177 772 ι
2211 721 2387 782 Pater,
2423 738 2443 768 ι
2479 717 2735 779 asseruit,
2768 737 2785 766 ι
2820 716 2896 769 uti
2932 716 3113 770 unitas
3150 715 3473 777 identitatis,
3502 714 3632 766 dua-

2050 813 2254 869 litatem
2285 830 2404 866 esse
2439 812 2490 865 di
2504 812 2776 867 versitatis
2808 825 3052 874 causam,
3092 829 3109 861 ι
3132 821 3185 864 et
3217 823 3279 863 ex
3312 807 3631 862 inductione

2048 905 2229 960 statim
2256 904 2396 957 idem
2423 914 2627 956 natura:
2657 902 2799 955 inter
2827 917 2946 956 sese
2975 901 3233 964 duorum,
3256 899 3400 969 quod
3427 915 3489 953 ex
3519 913 3632 952 uno

2048 1005 2194 1058 sunt,
2238 1003 2292 1049 et
2345 1011 2469 1048 cum
2509 995 2625 1061 ipso
2682 1010 2790 1046 uno
2840 992 3290 1062 probavittcum
3344 994 3471 1045 vero
3520 991 3647 1045 duos

2048 1088 2159 1142 sint
2208 1087 2377 1142 Filius
2424 1095 2480 1140 et
2525 1086 2783 1155 Spiritus,
2832 1085 2974 1139 inter
3025 1100 3120 1139 eos
3160 1084 3530 1139 diversitatem
3575 1096 3631 1137 ct

2047 1197 2196 1246 cum,
2231 1197 2297 1236 ex
2337 1197 2448 1251 quo
2492 1189 2643 1241 sunt.
2676 1179 2835 1233 Patre
2862 1179 3090 1243 scilicet,
3138 1178 3509 1233 diversitatem
3541 1193 3630 1232 se-
3692 1248 3697 1257 ε

2047 1271 2284 1326 cundum
2315 1271 2637 1342 hyposlascs
2676 1269 3094 1332 demonstravit,
3136 1270 3230 1323 sed
3261 1278 3316 1323 et
3354 1269 3497 1323 idem
3529 1285 3629 1323 na-

2053 1374 2188 1420 tura:
2222 1366 2275 1418 in
2310 1364 2486 1418 tribus
2514 1363 2641 1417 inde
2683 1372 2908 1417 coactus
2937 1361 3245 1416 allirmavit.
3290 1364 3399 1415 Aut
3440 1361 3626 1432 igitur.

2050 1473 2174 1512 cum
2204 1456 2438 1511 dualitas
2467 1465 2520 1510 et
2555 1455 2696 1508 idem
2722 1454 3108 1519 et~divcrsum,
3154 1463 3213 1508 ut
3250 1454 3494 1522 [roxinic
3518 1456 3628 1521 jam

2049 1548 2282 1602 confessi
2343 1563 2558 1609 sumus.
2593 1546 2886 1615 exprimat,
2948 1545 3129 1600 unitas
3173 1546 3276 1599 hoc
3326 1545 3466 1598 idem
3519 1547 3633 1599 clo-

2046 1654 2239 1709 quens,
2269 1648 2325 1694 et
2366 1640 2632 1694 hactenus
2680 1637 2887 1708 prolata
2913 1677 2928 1702 ,
2965 1636 3267 1691 secundum
3312 1636 3631 1708 hypostascs

2047 1730 2102 1788 id
2134 1731 2451 1802 possidebit,
2470 1730 2688 1785 ctnullo
2725 1731 2887 1785 modo
2918 1730 3218 1792 diversum,
3244 1730 3631 1798 utproprictas

2049 1824 2413 1880 distinctionis
2450 1823 2760 1878 conservari
2801 1822 2993 1891 possit,
3026 1830 3079 1876 et
3105 1837 3356 1887 quaenam
3386 1821 3509 1875 haec
3546 1821 3617 1874 sit

2051 1916 2409 1986 blasphemia,
2440 1916 2524 1971 cui
2571 1930 2680 1969 non
2717 1913 3049 1969 innotescit?
3104 1920 3202 1968 aut.
3235 1913 3278 1970 si
3321 1915 3630 1969 necessario

2049 2016 2103 2061 et
2127 2008 2300 2078 ipsam
2353 2022 2476 2062 cum
2516 2005 2802 2060 identitate
2831 2004 3204 2061 diversitatem
3235 2004 3402 2059 etiam
3432 2017 3632 2058 secun-

2048 2103 2178 2157 dum
2205 2101 2524 2171 bypostases
2538 2106 2970 2154 commonstrare
2996 2095 3310 2159 fatebimur,
3336 2103 3392 2151 et
3419 2095 3521 2150 hac
3544 2110 3631 2147 ra—

2051 2188 2201 2244 tione
2229 2189 2572 2244 mendacium
2602 2196 2792 2257 aperte
2812 2195 3079 2257 patescet,
3101 2201 3224 2241 cum
3241 2186 3403 2240 ambo
3429 2191 3484 2239 et
3504 2184 3629 2239 uni-

2049 2289 2132 2336 tas
2167 2290 2223 2336 et
2252 2280 2489 2336 dualitas
2531 2280 2672 2335 idem
2716 2279 3106 2348 diversumque
3138 2264 3460 2337 con'notent,
3493 2293 3631 2345 qua-

2048 2388 2177 2428 nam
2200 2372 2564 2427 admiratione
2593 2372 2791 2442 dignus
2817 2387 2926 2425 non
2980 2371 3164 2431 fuerit.
3200 2370 3294 2437 qui
3341 2376 3550 2424 tantmn
3576 2367 3631 2420 in

2047 2463 2329 2520 dialectica
2356 2462 2587 2518 scientia
2612 2462 2716 2517 sibi
2763 2461 3024 2523 vindicat,
3051 2469 3107 2515 et
3132 2459 3405 2515 similibus
3435 2474 3630 2528 propo-

2048 2552 2340 2609 sitionibus
2367 2550 2639 2605 intentum
2684 2550 3049 2620 comprobat?
3089 2548 3454 2604 Nihilominus
3480 2557 3632 2618 post-

2051 2644 2272 2698 modum
2314 2642 2393 2697 sic
2441 2643 2771 2711 propositam
2814 2642 3140 2696 divisionem
3172 2650 3428 2712 repetens
3460 2641 3578 2695 inﬁt
3615 2656 3629 2693 :

2055 2754 2073 2787 ι
2124 2734 2179 2788 Si
2214 2736 2395 2802 itaque
2418 2749 2484 2788 ex
2511 2749 2619 2789 uno
2642 2733 2800 2787 Patre
2819 2734 3056 2805 Spiritus
3084 2735 3454 2806 progreditur,
3488 2749 3632 2788 unus

2048 2828 2155 2881 erit
2190 2828 2441 2896 idemque
2476 2841 2604 2881 cum
2636 2841 2694 2880 se
2722 2826 2859 2895 ipso.
2897 2845 2917 2879 ι
2950 2827 3236 2883 Diversum
3281 2842 3412 2880 vero
3450 2834 3633 2880 servat

2050 2919 2106 2973 in
2134 2935 2221 2985 eo,
2247 2918 2394 2988 quod
2428 2932 2495 2972 ex
2529 2918 2744 2975 duobus
2787 2929 2891 2982 est,
2941 2919 3019 2973 uti
3060 2919 3114 2973 in
3142 2918 3417 2989 principio
3462 2917 3632 2972 inter-

2050 3020 2322 3080 pretatur,
2365 3024 2421 3064 et
2455 3020 2517 3065 ut
2537 3011 2639 3066 sibi
2689 3010 2920 3077 arridet,
2953 3021 3143 3066 contra
3181 3024 3320 3080 quos
3362 3011 3639 3065 sermonis

2051 3101 2198 3156 illius
2230 3104 2471 3172 impetus
2520 3102 2826 3169 confertur,
2875 3118 2983 3157 non
3024 3103 3277 3158 obstante
3309 3102 3454 3172 quod
3495 3116 3625 3156 seu-

2052 3193 2222 3248 tentia
2254 3207 2381 3248 vera
2409 3192 2499 3257 sit,
2528 3209 2649 3262 qua:
2677 3208 2744 3249 ex
2777 3193 2937 3257 Patre
2968 3193 3219 3264 progredi
3252 3194 3517 3265 Spiritum
3543 3196 3631 3248 in-

2052 3272 2232 3350 struii,
2258 3285 2511 3351 idemque
2543 3286 2670 3341 inde
2698 3301 2826 3356 erga
2860 3286 3078 3340 Patrem
3105 3286 3498 3356 diversumque
3529 3286 3630 3339 hac

2048 3377 2178 3431 bere
2208 3375 2486 3444 prsidicat,
2519 3375 2617 3431 sed
2640 3376 2805 3431 etiam
2820 3391 2895 3439 ex
2923 3376 3209 3439 ambobus,
3241 3376 3405 3429 Patre
3433 3392 3633 3447 nempe

2046 3477 2101 3522 et
2126 3466 2283 3531 Filio,
2306 3482 2649 3531 asseverans,
2683 3484 2813 3539 erga
2843 3478 3127 3539 utrosque.
3160 3478 3216 3523 et
3246 3466 3462 3523 Patrem
3485 3468 3630 3523 idem

2046 3560 2436 3630 diversumque
2498 3560 2804 3615 denuntiat.
2859 3560 3045 3630 Neque
3078 3559 3227 3614 enim
3268 3561 3382 3631 ipse
3422 3562 3652 3633 genitor

2045 3663 2152 3715 est,
2186 3667 2363 3721 neque
2393 3651 2582 3708 foetus.
2613 3653 2715 3717 Qui
2744 3667 2917 3725 porro
2943 3654 3009 3707 ab
3046 3652 3133 3707 bis
3176 3652 3402 3715 recedit.
3446 3662 3502 3706 et
3537 3654 3628 3707 in-

2047 3744 2307 3804 troducit.
2349 3743 2392 3796 si
2427 3758 2495 3796 ex
2523 3742 2794 3796 ambobus
2829 3741 3323 3812 Spiritusdicitur,
3350 3743 3627 3798 diversum
3725 3810 3732 3816 _

2044 3853 2074 3890 a
2095 3836 2276 3905 seipso
2293 3834 2548 3890 eumdem
2571 3848 2712 3899 esse,
2739 3843 2795 3890 et
2811 3833 3243 3904 compositiones
3273 3835 3327 3888 in
3351 3835 3455 3889 hoc
3480 3848 3631 3888 com-

2024 3927 2371 3988 .miniscitut‘,
2409 3926 2568 3996 quasi
2623 3927 2764 3981 alius
2795 3926 2916 3981 sita
2952 3926 3132 3989 Patre,
3167 3924 3308 3981 alios
3353 3942 3419 3980 ex
3456 3924 3617 3987 Filio,

2042 4019 2314 4089 quomodo
2338 4020 2427 4075 hic
2456 4020 2573 4075 suis
2598 4019 2948 4076 sermonibus
2979 4034 3067 4075 res
3106 4030 3287 4077 certas
3336 4019 3628 4089 ﬁrmasqu

2040 4127 2151 4166 non
2188 4109 2733 4179 innovatinamque
2756 4113 2800 4165 si
2850 4111 3009 4167 Pater
3061 4112 3341 4182 ingenitus
3371 4128 3495 4165 cum
3534 4111 3622 4167 sit.

2042 4203 2255 4271 genitor
2283 4211 2366 4256 est
2389 4209 2446 4257 et
2466 4203 2783 4272 productor,
2816 4204 2922 4261 hoc
2964 4204 3182 4273 quidem
3230 4202 3488 4274 Spiritus.
3535 4205 3626 4258 illo

2042 4289 2183 4352 Filii,
2216 4298 2273 4345 et
2315 4288 2436 4345 Filii
2476 4290 2699 4360 quidem
2736 4293 2952 4361 genitor
3002 4300 3107 4359 est,
3148 4309 3259 4346 non
3304 4294 3622 4371 productor.

2045 4383 2280 4453 Spiritus
2321 4398 2448 4439 vero
2485 4382 2781 4453 productor
2814 4392 2870 4439 et
2911 4400 3021 4438 non
3070 4386 3306 4455 genitor.
3352 4387 3495 4441 alius
3543 4396 3626 4441 ιιι-
3694 4435 3706 4445 .

2042 4489 2149 4546 que
2178 4474 2317 4529 alius
2345 4491 2377 4528 a
2412 4489 2472 4529 se
2500 4474 2618 4544 ipso
2657 4473 2818 4529 Pater
2840 4474 2965 4540 erit,
3000 4474 3234 4544 indeque
3260 4475 3425 4532 etiam
3467 4493 3623 4533 com-

2041 4568 2272 4638 positus.
2297 4566 2364 4621 Et
2404 4566 2765 4622 nihilominus
2806 4582 2873 4621 ex
2928 4579 3162 4636 utroque
3202 4567 3459 4638 Spiritus.
3498 4585 3624 4640 pro-

370 4650 527 4718 μένον
553 4650 676 4721 ἔχον
704 4652 806 4719 τῆς
831 4654 1133 4722 προφορᾶς,
1170 4655 1232 4706 ἐκ
1259 4654 1365 4708 τῶν
1395 4657 1502 4717 τοῖς
1529 4654 1803 4727 θεοφόροις
1831 4676 1933 4711 πα-

2043 4675 2260 4732 gressus
2304 4676 2445 4715 unus
2475 4658 2731 4729 idemque
2770 4668 2872 4723 est,
2901 4660 2997 4715 sed
3040 4660 3270 4716 facultas
3300 4663 3621 4731 generandi,

370 4743 737 4815 ραδεδομένων
765 4747 845 4807 εἰς
888 4747 1227 4800 ἀπεικόνισιν
1273 4749 1371 4816 τῆς
1417 4749 1730 4818 ἀρχιφὼτου
1771 4751 1936 4820 Τριά-

363 4833 453 4897 δος
498 4834 560 4887 τὸ
590 4834 682 4888 τοῦ
723 4835 873 4904 ἡλίου
926 4834 1255 4904 τελεώτερον
1291 4835 1359 4889 αὖ
1393 4837 1934 4912 ἅντιπαραθήσομεν,

368 4924 731 4989 συνωθοῦντος
789 4928 936 4997 ἡμᾶς
982 4928 1061 4990 εἰς
1091 4925 1248 4980 τοῦτο
1300 4929 1397 4980 καὶ
1447 4928 1609 4984 πάλιν
1657 4931 1751 4985 τοῦ
1807 4933 1936 5002 περὶ

362 5015 463 5079 τὰς
513 5017 685 5081 αὐτὰς
756 5019 1033 5082 συνθέσεις
1091 5018 1338 5097 τολμηρᾷ
1413 5021 1784 5092 στρεφομένου
1842 5026 1934 5079 καὶ

362 5105 582 5179 γλώσσῃ
629 5109 723 5162 καὶ
766 5109 994 5181 διανοίᾳ.
1040 5109 1133 5163 Ἐκ
1185 5109 1470 5183 τοῦ-ήλίου
1512 5113 1605 5165 καὶ
1643 5113 1740 5182 τῆς
1783 5117 1934 5169 ἀκτῖ-

364 5216 452 5261 νος
504 5201 566 5253 τδ
611 5200 728 5268 φῶς
773 5200 1062 5271 τρανοῦται
1092 5204 1184 5256 καὶ
1234 5204 1346 5261 τοῖς
1385 5202 1463 5272 μή
1495 5203 1663 5257 εἰδόσι
1725 5206 1933 5274 σχεδὸν,

363 5292 529 5359 ήγουν
559 5293 624 5344 ὲκ
647 5290 742 5344 τοῦ
770 5291 921 5358 ήλίου
948 5292 1036 5346 διὰ
1063 5293 1163 5362 τῆς
1186 5294 1399 5356 ἀκτῖνος
1430 5294 1464 5364 ή
1498 5292 1783 5365 ἔλλαμψις.
1818 5299 1931 5351 Καὶ

362 5383 465 5437 ποῦ
504 5384 665 5455 τῆσδε
703 5382 930 5454 διπλόης
974 5385 1077 5437 ποῦ
1114 5384 1390 5451 σύνθεσις;
1433 5385 1557 5439 Ὅτι
1606 5387 1742 5456 μηδὲ
1776 5386 1845 5441 τὰ
1873 5386 1935 5451 ἐξ

361 5469 438 5528 ὧν
470 5474 607 5545 αῦτη
659 5474 881 5546 διπλόην
913 5471 1074 5536 εἶδεν,
1128 5476 1160 5546 ἥ
1203 5477 1472 5540 σύνθεσιν,
1507 5477 1631 5529 οὔτε
1671 5478 1732 5530 τὸ
1774 5482 1831 5531 ὲν
1863 5482 1930 5549 τῇ

361 5570 539 5619 ἀκτῖνι
591 5568 728 5636 φῶς,
775 5568 899 5622 οὔτε
931 5569 990 5623 τὸ
1032 5572 1088 5621 ὲν
1127 5570 1203 5635 τῷ
1240 5569 1428 5637 δίσκῳ,
1478 5572 1571 5622 καὶ
1610 5571 1670 5622 οὐ
1727 5571 1929 5642 μᾶλλον

361 5660 437 5727 τῷ
469 5661 549 5712 ἑνὶ
576 5662 608 5730 ή
638 5660 895 5731 ἁπλότης,
927 5662 958 5731 ἢ
994 5666 1102 5723 τοῖς
1136 5662 1276 5716 δυσὶ.
1305 5664 1410 5715 Καὶ
1436 5663 1536 5714 ποῦ
1564 5664 1625 5714 τὸ
1643 5663 1704 5727 ἐξ
1729 5666 1929 5733 ἀμφοῖν

361 5749 500 5804 εἶναι
561 5751 856 5816 σύνθετονς
919 5753 1110 5807 Καίτοι
1149 5756 1180 5822 ἡ
1224 5755 1316 5806 ἐπὶ.
1369 5756 1468 5822 τῆς
1525 5755 1929 5827 εἰκονιζομένης

361 5842 684 5909 ὑπερτρώτου
708 5841 932 5909 Τριάδος
962 5843 1199 5911 ἁπλότης
1226 5843 1323 5912 τὴν
1351 5844 1642 5912 ὑπέρθεσιν
1665 5846 1928 5915 ἀσύγκριο

363 5948 447 5983 τον
478 5930 586 6001 ἔχει
622 5935 715 6001 τῆς
766 5935 821 5985 ἐν
854 5937 913 6004 τῇ
949 5934 1285 6007 εἰκονιζούοῃ
1327 5935 1514 6007 Τριάδι
1549 5935 1943 6009 θεωρουμένης.

2039 4762 2095 4808 et
2134 4750 2471 4822 producendi
2506 4749 2685 4806 Patris
2723 4749 2827 4805 alia
2870 4759 2924 4806 et
2961 4753 3089 4807 alia.
3127 4751 3235 4808 Sed
3269 4754 3625 4823 quemadmo-

2038 4842 2167 4897 dum
2200 4851 2487 4911 propterea
2534 4838 2885 4897 Pater’nullo
2917 4843 3080 4896 modo
3106 4842 3158 4897 in
3187 4852 3374 4911 partes
3417 4844 3623 4900 scindi.

2040 4944 2144 5010 tur,
2173 4948 2353 5003 neque
2388 4932 2770 5004 compositioni
2814 4934 3126 5002 subjicitur,
3150 4937 3293 5006 quod
3325 4936 3421 4992 illa
3448 4937 3621 4992 deita-

2042 5029 2109 5081 tis
2140 5035 2322 5094 partes
2338 5025 2562 5080 minime
2577 5036 2729 5093 sunt,
2754 5035 2809 5080 et
2838 5039 3240 5096 consequenter
3262 5044 3441 5100 neque
3471 5046 3622 5087 com-

2037 5118 2258 5187 positio,
2291 5116 2517 5186 simplex
2545 5118 2693 5171 euim
2739 5134 2903 5187 supra
2955 5134 3172 5176 omnem
3216 5121 3618 5193 simplicitatem

2038 5209 2219 5263 Deitas
2254 5217 2360 5269 est,
2391 5216 2448 5262 et
2477 5222 2641 5275 supra
2673 5225 2889 5265 omnem
2924 5212 3304 5271 indivisionem
3359 5214 3646 5280 indivisa,‘

2035 5298 2127 5352 sed
2150 5298 2506 5367 prOprietates
2524 5298 2669 5354 circa
2693 5300 2864 5370 ipsam
2892 5303 3283 5360 consideratur:
3314 5308 3429 5373 pari
3457 5313 3618 5362 modo

2036 5406 2216 5459 neque
2241 5391 2333 5458 qui
2358 5406 2421 5444 ex
2465 5390 2677 5447 duobus
2706 5402 2792 5447 est
2836 5409 3156 5462 progressus
3185 5396 3425 5466 Spiritus
3455 5402 3524 5456 ab
3549 5402 3618 5457 il-

2025 5483 2137 5536 lim
2159 5482 2444 5538 idcutitate
2466 5498 2588 5537 eum
2613 5485 2937 5543 exterminat
2962 5493 3069 5547 aut
3090 5489 3453 5556 compositum
3480 5506 3615 5546 cou-

2030 5574 2227 5638 stituit,
2268 5576 2363 5629 sed
2404 5589 2469 5629 ex
2520 5575 2680 5630 Patre
2727 5587 2831 5639 est,
2887 5584 2961 5629 ct.
2994 5592 3060 5631 ex
3110 5576 3269 5645 Filio,
3325 5595 3389 5635 ex
3458 5581 3617 5636 Patre

2030 5682 2229 5737 nempe
2265 5682 2361 5737 per
2392 5667 2591 5725 Filium
2637 5669 2865 5737 simplex
2903 5685 2967 5724 ex
3004 5671 3362 5741 simplicibus,
3386 5690 3450 5730 cx
3473 5675 3613 5729 sim-

2030 5758 2157 5829 plici
2213 5760 2436 5816 scilicet.
2470 5777 2567 5832 per
2614 5762 2867 5831 simplex.
2924 5771 2985 5818 ut
3032 5765 3342 5823 divinorum
3386 5766 3617 5826 Patrum

2029 5852 2434 5909 sententiatest.
2472 5850 2541 5907 Ut
2564 5869 2691 5909 vero
2720 5857 3031 5926 exemplum
3057 5858 3203 5927 quod
3234 5874 3301 5915 ex
3326 5860 3612 5919 aﬂ‘ectibus

2030 5941 2267 5997 obnoxio
2314 5960 2646 6018 congressu,
2693 5947 3096 6018 progressionis
3157 5951 3611 6027 compositionem
