4072 6406
554 425 689 491 1303

1749 441 2075 503 GEORGII
2115 442 2169 503 Μ
2183 444 2573 506 ΕΤΟαΗίΤιΕ

3655 441 3775 510 1304

542 540 902 608 exprimatur,
936 551 1174 597 attamen
1207 545 1335 599 illud
1373 567 1383 599 :
1422 546 1530 617 Ego
1560 558 1607 600 et
1651 548 1814 604 Pater
1842 568 2003 604 unum
2036 569 2121 605 su-

2229 553 2350 607 νοῦν
2380 555 2664 624 εἰληφότες
2708 555 2802 608 ἐπὶ
2830 555 3090 609 συστάσει
3131 555 3224 609 τοῦ
3252 557 3638 627 σκοπουμένθυ,
3665 558 3773 614 οὔτε

542 646 682 690 mus.
717 630 773 685 id
805 632 947 687 idem
994 643 1315 691 conuolare.
1367 638 1463 693 llic
1493 655 1624 694 vero
1656 657 1778 710 qua:
1830 645 2130 699 necessitas

541 731 648 789 est,
671 722 854 778 dicere
879 723 1141 793 Spiritum
1166 740 1233 780 ex
1266 726 1401 783 Filio
1433 729 1753 798 procedere,
1775 733 1923 800 quod
1960 734 2011 786 in
2047 735 2132 788 di-

542 816 664 869 vina
699 813 980 885 Scriptura
1015 832 1122 871 non
1157 820 1459 888 reperitur?
1487 823 1765 892 quodnam
1803 824 1858 878 in
1897 825 2001 879 hoc
2037 840 2130 893 pe-

543 907 772 960 riculum
800 908 946 964 subit
963 910 1123 965 nobis
1147 911 1340 966 tradita
1383 913 1657 984 theologia
1673 913 1874 971 ?Plane
1895 917 2129 975 nullum.

540 997 800 1063 Quinimo
833 1015 901 1054 ex
930 1002 1208 1057 additione
1251 1004 1415 1058 simili
1449 1006 1618 1060 multa
1651 1015 1989 1061 enascuntur
2034 1011 2129 1063 ali-

540 1088 727 1151 surda,
788 1105 983 1163 nempe
1020 1091 1219 1162 duplex
1253 1093 1609 1165 principium,
1660 1106 1714 1152 et
1766 1098 2129 1166 compositum

541 1179 710 1234 videri
743 1180 1032 1251 Spiritum,
1059 1196 1114 1238 et
1145 1185 1434 1239 innumera
1464 1202 1634 1258 prope
1669 1187 1793 1243 alia.
1838 1207 1858 1241 ι
1885 1188 2127 1244 Primum

541 1274 760 1342 quidem
815 1277 869 1331 in
920 1279 972 1332 id
1023 1280 1169 1349 quod
1217 1280 1480 1337 adversus
1516 1297 1612 1338 eos
1654 1284 1808 1349 dicit,
1853 1300 1962 1339 non
2008 1300 2129 1340 esse

538 1365 812 1422 ali‘crenda
847 1369 948 1422 alia
981 1379 1176 1439 pra-ter
1198 1385 1261 1425 ea
1288 1386 1411 1441 quae
1440 1372 1496 1427 in
1522 1372 1724 1429 divinis
1758 1374 1959 1429 litteris
1990 1390 2127 1429 con-

540 1457 806 1521 tinentur,
845 1459 888 1512 si
918 1460 1306 1529 respondeant,
1329 1463 1493 1517 etiam
1516 1464 2004 1520 consubstantialis
2034 1481 2128 1520 vo-

537 1562 657 1601 cem
698 1549 844 1603 nulla
873 1565 997 1605 cum
1029 1551 1100 1606 sit
1141 1552 1197 1606 in
1231 1552 1431 1608 divinis
1462 1554 1681 1621 litteris,
1718 1563 1901 1610 tamen
1939 1555 2130 1611 Patres

536 1652 655 1691 eam
708 1639 763 1691 in
810 1638 1065 1709 Symbolo
1115 1643 1458 1712 apposuisse,
1515 1644 1723 1698 nullum
1762 1660 1827 1699 ex
1872 1644 2129 1703 omnibus

537 1730 762 1795 nostris,
807 1732 901 1801 qui
942 1747 1044 1787 nos
1093 1744 1492 1803 praecesserunt
1526 1745 1588 1790 et
1627 1736 1871 1791 motibus
1893 1737 2128 1807 pr0priis

536 1824 688 1878 ducti
717 1838 877 1878 suum
911 1825 1156 1879 studium
1179 1827 1246 1881 de
1275 1828 1648 1884 ecclesiastica
1681 1829 1889 1883 unitate
1924 1829 2128 1899 scripto

2234 645 2342 697 τῶν
2367 645 2436 699 δι’
2475 644 2570 710 οὒς
2615 646 2791 700 ταῦτα
2838 647 3307 718 όποιουσδήτινας,
3358 649 3546 717 ἐφόσον
3589 650 3777 719 ἔφθασα

2233 734 2460 801 γνῶναι,
2489 735 2982 807 προϐαλλομένους,
3013 734 3109 789 οὔθ
3139 739 3171 806 ἡ
3181 737 3296 807 μῶν
3320 753 3439 790 τινα
3459 738 3562 792 τῶν
3586 740 3775 810 εὐαριθο

2234 828 2423 897 μήτων
2475 827 2813 900 ὁπουδήποτε
2879 831 2990 883 τῶν
3029 830 3316 901 ἡμετέρων
3350 831 3524 900 λόγων
3559 834 3770 902 είσενεγ-

2232 920 2416 982 κόντα,
2448 918 2571 971 καθ’
2606 913 2682 971 ὧν
2729 917 3102 990 ὑπερεξετάθη
3130 919 3228 988 τῆς
3269 919 3463 982 κακίας
3483 922 3511 973 ὁ
3540 918 3769 989 κολοφὼν.

2232 1010 2357 1074 Πῶς
2395 1009 2504 1078 γὰρ
2540 1011 2606 1064 ἂν
2654 1011 2864 1081 μυρίων
2908 1010 3229 1081 αὐτόχρημα
3272 1010 3655 1081 προκειμένων,
3679 1012 3770 1064 τῶν

2236 1117 2257 1151 ι
2292 1102 2356 1152 ἐκ
2398 1101 2614 1171 Πατρὸς
2647 1101 2743 1153 κα)⁸
2775 1100 2909 1153 Υίοῦ
2945 1119 2964 1152 ι
2996 1101 3054 1153 ἐν
3085 1101 3331 1164 ἀπάσαις
3364 1099 3530 1161 θείαις
3563 1100 3770 1171 Γραφαῖς

2228 1191 2338 1246 τῶν
2370 1192 2622 1262 θεολογίςι¹
2651 1191 3098 1263 διαπρεψάντων,
3128 1193 3228 1248 καὶ
3257 1192 3368 1245 τῶν
3400 1212 3419 1245 ι
3454 1193 3514 1258 ἐξ
3556 1193 3675 1246 Υἱοῦ
3694 1194 3766 1246 καὶ

2231 1285 2297 1338 δι’
2328 1283 2460 1338 Υίοῦ
2499 1303 2518 1336 ι
2551 1284 2983 1355 διατρανούντων
3009 1283 3238 1354 Πνεῦμα
3281 1285 3345 1338 τὸ
3371 1284 3543 1352 ἅγιον.
3570 1285 3628 1337 Et
3655 1282 3703 1335 δὲ
3721 1282 3769 1336 τὸ

2231 1375 2667 1443 ἐκπορεύεσθαι
2716 1374 3089 1446 λαμϐάνουσιν
3133 1377 3214 1439 είς
3264 1375 3553 1439 ἀντίθεσιν,
3600 1375 3767 1439 ταύτην

2230 1468 2632 1539 ἀποτρέπουσιν
2661 1468 2920 1538 ἐμφανῶς
2948 1468 2985 1540 ἦ
3015 1485 3075 1522 τε
3101 1468 3393 1539 προσεχῶς
3417 1467 3621 1521 τεθεῖσα
3641 1468 3770 1537 ῥῆσις

2244 1559 2563 1628 Ἐπιφανίου
2613 1557 2710 1612 τοῦ
2767 1560 3193 1631 οὐρανόφρονος,
3233 1562 3266 1632 ἡ
3316 1559 3381 1614 τδ
3425 1558 3554 1613 αὐτὸ
3591 1556 3770 1628 καὶμὴ

2230 1653 2358 1708 ἀλλο
2392 1654 2536 1706 κατὰ
2584 1653 2861 1724 σημασίαν
2908 1654 3259 1726 παριστῶσα,
3287 1655 3347 1707 τὸ
3388 1673 3408 1705 ι
3446 1652 3770 1723 ἐκπορευόμε-

2231 1756 2320 1791 νον
2346 1740 2412 1791 lx
2437 1736 2533 1792 τοῦ
2572 1740 2805 1811 Πατρὸς,
2829 1761 2848 1792 ο
2882 1741 2998 1808 καὶ,
3035 1759 3055 1793 ι
3099 1740 3315 1795 Ἐκιτοῦ
3348 1740 3479 1809 ἐμοῦ
3508 1741 3764 1811 lippam,»

2231 1831 2417 1885 λοιπαί
2463 1848 2519 1884 τε
2546 1833 2659 1885 τῶν
2694 1832 2976 1904 θεηγόρων
3025 1836 3089 1903 τῇ
3124 1835 3222 1887 τοῦ
3266 1836 3483 1905 πρώτου
3515 1832 3770 1901 κεφαλαίου

536 1916 935 1987 consignarunt
976 1917 1065 1986 (ex
1114 1918 1200 1974 his
1239 1919 1385 1973 enim
1423 1920 1668 1975 nonnulli
1713 1920 1787 1975 ita
1834 1920 2037 1986 affecti,
2077 1931 2121 1976 el

2233 1920 2520 1988 ἐπισκέψει
2570 1920 2975 1991 διειλημμέναι,
3024 1922 3122 1976 καὶ⁸
3178 1923 3378 1992 φωνῶν
3431 1923 3676 1993 διαφόρων
3723 1923 3770 1975 ἐν

535 2007 807 2078 praecipue
826 2010 919 2077 qui
940 2010 1433 2075 commendationis
1452 2010 1595 2067 fama
1611 2012 1910 2068 laudabiles
1930 2013 2126 2082 fuere),

538 2102 643 2154 hoc
689 2099 1147 2154 consubstantiale
1184 2101 1251 2156 ad
1296 2103 1579 2173 proprium
1620 2106 1958 2175 propositum
1990 2120 2128 2160 con-

535 2191 890 2259 ﬁrmandum,
926 2193 983 2246 in
1018 2192 1160 2248 hanc
1208 2196 1541 2250 sententiam
1580 2198 1857 2268 accepisse
1890 2216 1903 2252 :
1949 2213 2129 2270 neque

539 2288 593 2340 in
624 2301 858 2355 quorum
900 2287 1143 2343 favorem
1191 2289 1389 2344 similia
1432 2289 1763 2351 aﬂ‘eruntur.
1811 2293 2127 2364 quicunque

537 2378 617 2433 illi
675 2378 811 2444 sint,
847 2389 1116 2449 quantum
1160 2383 1280 2452 ipse
1331 2386 1705 2455 cognowrim,
1750 2388 2124 2456 proposuisse,

537 2486 718 2543 neque
760 2487 827 2527 ex
872 2475 1074 2529 nOStris
1120 2490 1449 2546 quemquam
1500 2477 1593 2547 qui
1640 2478 1800 2533 facile
1846 2481 2126 2534 numerari

542 2572 789 2635 possunt,
811 2574 867 2621 et
883 2567 1148 2623 adversus
1173 2568 1311 2639 quOs
1341 2571 1711 2639 improbitatis
1730 2586 1945 2627 summa
1969 2573 2128 2643 longe

538 2659 754 2728 lateque
800 2659 975 2716 elfusa
1025 2672 1129 2726 est,
1183 2664 1300 2717 suis
1334 2664 1746 2721 commentariis
1791 2665 2123 2720 insinuasse.

539 2754 652 2816 Qua
680 2751 826 2805 enim
879 2753 1089 2809 ratione
1142 2771 1266 2810 cum
1318 2739 1574 2811 sexcenta
1627 2757 2018 2827 propemodum
2058 2757 2127 2812 ad

540 2857 734 2897 manus
768 2843 898 2908 sint,
921 2858 1040 2914 qua:
1067 2861 1133 2899 ea:
1165 2843 1328 2900 Patre
1361 2856 1410 2900 et
1440 2845 1586 2901 Filio
1618 2847 1673 2901 in
1695 2848 1951 2903 omnibus
1984 2846 2127 2902 divi-

537 2935 625 2987 nis
664 2935 885 3003 scriptis
915 2936 1077 2991 rebus
1104 2938 1423 3009 theologicis
1454 2939 1796 3010 exponendis
1832 2939 2124 2996 illustrium

539 3020 764 3077 Patrum
794 3040 1005 3081 necnon
1026 3042 1091 3080 ex
1111 3025 1256 3082 Filio
1280 3038 1326 3081 et
1350 3044 1441 3097 per
1463 3029 1666 3083 Filium
1688 3040 1877 3100 aperte
1898 3031 2124 3086 edicunt

538 3112 802 3188 Spiritum
829 3118 1124 3173 sanctum?
1148 3118 1305 3187 Quod
1331 3120 1376 3176 si
1407 3121 1688 3190 procedere
1716 3131 1908 3179 contra
1945 3106 2119 3192 oppo-

538 3214 697 3273 nunt,
740 3209 915 3278 palam
956 3211 1359 3281 appositionem
1401 3222 1681 3280 evertunt,
1720 3223 1835 3270 tum
1872 3212 2119 3284 proxime

538 3301 777 3368 positum
822 3301 1027 3357 dictum
1053 3304 1264 3359 caelesti
1304 3315 1491 3361 mente
1539 3305 1753 3376 prwditi
1802 3303 2115 3377 Epiphanii,

537 3390 684 3458 quod
707 3390 959 3446 eumdem
996 3407 1099 3448 nec
1119 3391 1289 3449 alium
1328 3394 1534 3449 inferre
1557 3395 1917 3466 signiﬁcatum
1953 3412 1972 3446 ι
2000 3408 2125 3463 pro-

538 3479 736 3535 cedere
773 3496 838 3536 ex
870 3483 1052 3549 Patre,
1089 3503 1109 3535 ι
1143 3495 1196 3539 ct
1243 3504 1262 3536 ι
1299 3484 1373 3539 De
1395 3500 1517 3539 meo
1538 3485 1769 3555 accipiet
1800 3503 1818 3535 ι
1846 3484 2119 3548 decernit,

541 3582 655 3625 tum
690 3572 911 3643 reliquae
935 3574 1241 3630 divinorum
1273 3575 1491 3631 Patrum
1518 3577 1574 3631 in
1597 3577 1755 3647 primi
1783 3577 1980 3647 capitis
2001 3591 2125 3631 exa-

542 3663 688 3718 mine
725 3663 955 3722 laudatae
985 3682 1148 3724 voces
1174 3669 1292 3723 aliae
1328 3682 1449 3738 qua:
1481 3687 1500 3720 ι
1538 3685 1603 3724 ex
1631 3667 1793 3725 Patre
1827 3676 1881 3724 et
1917 3667 2054 3723 Filio
2097 3687 2113 3719 ι

539 3757 813 3822 intonant,
884 3768 939 3814 et
993 3760 1063 3815 ad
1114 3760 1168 3814 id
1220 3761 1398 3832 ipsum
1461 3761 1631 3833 magis
1675 3762 1963 3831 perspicue
2023 3762 2119 3815 de-

472 3844 479 3849 ’
537 3850 855 3905 clarandqu
930 3863 1356 3919 concurrerunt,
1406 3869 1507 3908 nec
1568 3867 1679 3907 non
1737 3853 1933 3918 etiam,
2000 3867 2121 3920 qua:

538 3942 708 3998 Deum
742 3942 923 4014 ipsum
950 3945 1189 4001 Verbum
1223 3956 1493 4002 testantur
1513 3946 1569 4000 in
1598 3947 1784 4002 divino
1826 3944 2121 4016 Evangelia

541 4033 764 4097 dixisse,
795 4034 1132 4105 progreditur
1160 4043 1217 4090 et
1251 4036 1552 4105 eﬁ'unditur,
1579 4037 1723 4108 quod
1751 4036 1882 4091 illud
1903 4036 2120 4090 dixerat

542 4126 797 4194 procedit,
831 4135 886 4180 et
917 4128 1136 4182 tandem
1168 4143 1291 4198 qua:
1317 4144 1421 4183 nos
1452 4128 1509 4184 in
1544 4130 1838 4195 similibus,
1884 4143 2117 4197 quorum

543 4217 766 4290 syllaba:
814 4217 1064 4274 eamdem
1102 4222 1430 4274 sententiam
1466 4219 1731 4285 tinniunt,
1756 4219 1969 4275 divinos
2020 4234 2120 4273 no-

548 4321 700 4364 stros
729 4310 918 4364 Patres
951 4311 1259 4377 audientes,
1288 4311 1344 4366 in
1376 4311 1618 4366 medium
1655 4312 1959 4375 attulimus,
1985 4326 2123 4365 con-

543 4402 881 4458 tentionibus
912 4418 1042 4458 vero
1072 4403 1262 4470 dediti,
1294 4414 1348 4459 et
1377 4403 1811 4459 dissensionibus
1838 4402 2120 4457 studentes

541 4494 648 4549 illis
673 4509 780 4549 non
824 4496 1144 4558 suadentur,
1184 4496 1278 4551 sed
1311 4495 1487 4566 palam
1521 4495 1901 4551 adversantur.
1963 4494 2118 4549 Post-

2231 2017 2346 2078 τοῖς
2374 2015 2437 2067 ἐκ
2470 2014 2686 2084 Πατρδς
2709 2015 2803 2066 καὶ
2830 2013 2960 2067 Υίοῦ
2994 2014 3390 2084 φωνονμένων,
3417 2015 3506 2069 καὶ
3530 2014 3587 2067 τὸ
3605 2011 3769 2067 ταυτὸν

2231 2108 2309 2170 είς
2328 2105 2637 2175 συνδρομὴν
2656 2105 2955 2175 σαφηνείας
2977 2105 3354 2175 δεικνύμεναι.
3378 2106 3468 2158 καὶ
3496 2106 3548 2157 αἱ
3568 2103 3766 2156 τὸνθεδν

2230 2196 2403 2264 Λόγον
2463 2192 2626 2247 αὑτὸν
2687 2194 2765 2263 τῷ
2823 2193 2952 2264 θείῳ
3020 2195 3404 2266 μαρτυροῦσαι
3465 2192 3763 2262 Εὖαγγελὶῳ,

2230 2287 2508 2355 πρόεισιν
2541 2286 2739 2349 εἰπεῖν,
2777 2285 2871 2339 καὶ
2903 2284 3243 2353 προχεῖται,
3286 2283 3368 2350 οἷς
3419 2287 3646 2356 εῐρηκεν,
3687 2284 3763 2336 ἐκ.
3858 2346 3863 2355 .

2229 2376 2563 2444 πορεύεται,
2625 2377 2719 2428 καὶ
2756 2373 2910 2436 τέλος
2955 2369 3038 2438 οἷς
3076 2376 3241 2446 ἡμεῖς
3276 2378 3336 2429 ἐν
3368 2377 3588 2440 τούτοις,
3613 2368 3678 2428 ὧν
3701 2373 3762 2435 είς

2227 2468 2328 2538 τὴν
2358 2467 2526 2538 αὐτὴν
2549 2467 2757 2520 ἔννοιαν
2782 2469 2839 2521 ei
2892 2467 3153 2522 συλλαϐαὶ
3185 2468 3433 2538 φέρουσι,
3488 2465 3759 2536 στέργοντες

2233 2560 2308 2631 μὴ
2340 2557 2695 2628 ζυγομαχεῖν,
2726 2558 3044 2630 πειθόμενοι
3089 2561 3206 2623 τοῖς
3246 2559 3582 2630 θεοφορήτοις
3606 2553 3761 2624 ἐσμέν.

2229 2652 2293 2704 Ui.
2321 2650 2368 2702 δ’
2408 2650 2466 2701 ἐν
2527 2649 2704 2703 τοῖσδε
2753 2649 2816 2702 τὸ
2864 2650 3204 2725 ζυγομαχεῖν
3255 2651 3517 2722 ᾑρημένοι
3557 2645 3762 2710 ἀπειθεῖς

2228 2742 2412 2804 αὐτοῖς
2448 2742 2705 2813 ὁρῶνται,
2760 2744 2853 2796 καὶ
2889 2728 3227 2815 περιφανῶς⁵
3269 2741 3759 2810 ἀντικαθιστάμενοι.

2231 2836 2463 2889 Ἔπειτα
2495 2835 2717 2888 κάκεῖνό
2745 2836 3071 2907 θεωρητέον,
3095 2836 3171 2898 ὡς
3200 2839 3228 2890 ὁ
3251 2836 3345 2890 τοῦ
3371 2835 3648 2906 κεφαλαίου
3664 2848 3764 2901 γεν-

2229 2928 2411 2998 νήτωρ
2430 2926 2773 2997 ὁμολογήσας
2802 2930 2866 2981 ἐκ
2910 2929 3006 2982 τοῦ
3040 2930 3452 3000 ταυτοδυνάμου
3477 2928 3582 2982 τῶν
3604 2923 3762 2995 φωνῶν

2227 3019 2328 3088 τῆς
2394 3017 2546 3080 θείας
2598 3018 2824 3087 Γραφῆς
2875 3020 3217 3090 παραδοῦναι
3282 3022 3405 3084 τοὺς
3455 3019 3678 3088 Πατέρας
3712 3016 3766 3068 τὸ

2228 3109 2556 3178 ὀμοούσιον
2586 3109 2680 3163 καὶ
2702 3109 2778 3172 ὡς
2799 3109 2890 3162 τὸν
2919 3112 2982 3162 ἐκ
3009 3113 3106 3181 τῆς
3127 3112 3189 3163 Ἀ
3201 3114 3472 3182 ρειανικῆς
3500 3110 3650 3179 ζάλης
3673 3108 3766 3159 xiv-

2228 3201 2385 3255 δυνον
2410 3200 2760 3272 ἀναιροῦντες
2819 3201 3275 3272 παραδεδώκασι,
3310 3204 3404 3256 καὶ
3434 3204 3501 3255 τὰ
3524 3201 3615 3270 τῆς
3643 3198 3763 3268 Γρα-

2228 3296 2335 3363 φῆς
2369 3294 2462 3346 καὶ
2490 3295 2555 3345 ἐκ
2601 3294 2700 3361 τῆς
2755 3293 3002 3362 Γραφῆς.
3059 3295 3151 3362 ἀφ’
3207 3290 3286 3350 ὧν
3332 3295 3429 3366 ὅση
3466 3311 3544 3357 τις
3575 3289 3762 3362 ngam

2228 3388 2596 3455 συγκρότησις
2628 3386 2785 3457 δήλη.
2813 3381 2949 3439 Εἶτα
2979 3389 3160 3442 καὶτὰ
3182 3390 3292 3443 ἀπὸ
3332 3388 3534 3450 κοιλίας
3560 3385 3760 3451 ἐπάγειο

2233 3498 2252 3530 ι
2290 3478 2556 3532 Ἐνταῦθα
2580 3478 2637 3533 δὲ
2665 3481 2749 3542 τίς
2790 3480 2821 3550 ἠ
2852 3479 3098 3550 ἀνάγκης
3135 3500 3154 3532 ι
3217 3481 3314 3535 καὶ
3354 3481 3422 3534 τά
3471 3478 3606 3547 ἑξῆς.
3643 3474 3760 3542 Πρὸς

2225 3570 2354 3640 γοῦν
2377 3570 2517 3623 αὐτὰ
2542 3569 2770 3623 πλείστα
2800 3571 2940 3640 ἔχων
2970 3572 3138 3641 ἐρεῖν,
3187 3567 3303 3625 οἷον
3331 3570 3565 3625 κίνδυνον
3591 3564 3757 3623 κακίας

2226 3661 2323 3715 καὶ
2350 3661 2412 3725 ἐξ
2442 3656 2613 3732 αὐτῆς
2646 3663 2745 3731 τῆς
2804 3681 2825 3714 ι
2864 3665 2957 3716 καὶ
2991 3665 3056 3716 ἐκ
3075 3662 3168 3715 τοῦ
3202 3664 3331 3716 Υίοῦ
3384 3661 3476 3715 καὶ⁵
3504 3659 3566 3714 δι’
3594 3654 3706 3710 Υίοῦ
3736 3670 3751 3703 ι

2227 3754 2504 3823 θεολογίας
2545 3756 2595 3806 oi.
2630 3756 2785 3809 αὐτοὶ
2818 3755 3064 3825 Ιικτέρες
3105 3755 3643 3826 ἀποδιοπομποῦντες,
3680 3748 3756 3800 καὶ

2225 3846 2275 3896 οἱ
2317 3843 2553 3914 καθεξῆς
2598 3847 2657 3898 ἐν
2693 3846 2815 3907 ταῖς
2869 3846 3238 3915 παγκοσμίοις
3297 3845 3617 3899 συνελεύσεσι
3656 3840 3754 3892 δια-

2223 3936 2553 4006 λάμψαντες,
2585 3937 2861 4006 διαφανῶς
2896 3941 3333 4012 ἐνοπτρίζονται,
3355 3967 3367 3977 ·
3393 3939 3634 4009 εἵργομαι
3676 3930 3752 3983 διά

2227 4034 2476 4106 βραχέων
2503 4035 2669 4105 φάναι
2701 4037 3056 4107 προθέμενος.
3095 4038 3158 4091 Et
3189 4039 3283 4091 xci.
3311 4036 3452 4089 οὕτω
3474 4034 3533 4104 δὴ
3575 4029 3641 4099 μὴ
3671 4025 3751 4093 τῆς

2226 4126 2536 4197 προθέσεως
2566 4126 2863 4192 διαπίπτω,
2891 4131 2954 4181 ἐκ
2999 4127 3109 4182 τῶν
3144 4131 3225 4191 είς
3264 4129 3466 4180 ἕκαστα
3502 4119 3587 4174 τοῦ
3610 4114 3752 4184 ζητή-

2228 4235 2396 4286 ματος
2423 4218 2815 4290 πολυαρίθμων
2848 4220 3019 4274 ὄντων
3066 4220 3364 4290 ἑλκόμενος
3396 4216 3509 4270 κατ’
3536 4212 3747 4277 ἀνάγκην

2223 4311 2340 4363 ἔνια
2378 4310 2819 4381 παρατίθεσθαι,
2862 4310 3164 4366 κάντεῦθεν
3216 4307 3461 4364 ὁπωσοῦν
3505 4295 3748 4373 ὲμπλατύ-

2224 4402 2434 4468 νεσθαι,
2470 4403 2619 4473 ὅμως
2642 4404 2708 4458 ἐκ
2758 4403 2870 4458 τῶν
2902 4404 2996 4457 τοῦ
3032 4403 3302 4473 σύνεγγυς
3328 4395 3677 4465 διαληφθέντος
3699 4386 3748 4449 ἐξ

2222 4493 2485 4561 ὀνόματος
2513 4493 2657 4548 θείου
2689 4496 2922 4564 Πατρὸς,
2942 4495 2976 4565 ἦ
3006 4495 3100 4548 καί
3127 4512 3289 4547 τινων
3311 4493 3426 4547 κατ’
3449 4486 3596 4542 αὑτὸν
3620 4483 3747 4534 tots-

541 4584 763 4639 modum
788 4585 923 4640 illud
983 4601 1202 4656 quoque
1260 4586 1718 4641 considerandum
1766 4595 1868 4651 est,
1925 4586 2118 4656 capitis

2229 4588 2480 4654 νωμένως
2502 4585 2929 4657 ληφθησομένων
2960 4590 3263 4658 φανήσεται
3284 4587 3344 4640 τὸ
3361 4583 3645 4652 λεγόμενον.
3665 4567 3746 4623 Οὔ·

539 4677 772 4748 hujusce
801 4686 1105 4744 auctorem,
1140 4694 1263 4733 cum
1290 4680 1468 4734 fassus
1498 4680 1592 4744 sit,
1616 4695 1682 4733 ex
1699 4679 1889 4734 eodem
1923 4695 2115 4734 vocum

536 4772 736 4827 divina:
768 4767 1069 4838 Scriptura;
1098 4772 1405 4843 signiﬁcatu
1440 4772 1629 4827 Patres
1676 4772 2117 4827 consubstantiab

541 4862 858 4925 tradidisse,
915 4871 972 4916 et
1035 4880 1102 4920 ex
1162 4865 1491 4919 Arianorum
1565 4874 1893 4934 tempestate
1974 4867 2117 4936 peri-

538 4956 719 5010 culurn
814 4956 1109 5011 inuoluens
1194 4956 1555 5024 depellentes,
1631 4971 1695 5009 ea
1749 4972 1872 5026 quae
1948 4965 2111 5010 erant

532 5035 836 5118 Scriptura:
865 5057 921 5103 et
945 5063 1011 5103 ex
1041 5047 1324 5117 Scriptura
1351 5049 1663 5103 decrevisse
1692 5066 1705 5113 ;
1738 5048 1821 5102 liis
1848 5056 2112 5117 quantum

536 5157 627 5196 res
664 5150 857 5197 nostra
920 5143 1298 5207 conﬁrmetur,
1354 5141 1561 5196 nemini
1612 5132 1953 5197 non’notum
2004 5151 2109 5197 est.

535 5234 675 5289 Tum
722 5235 980 5304 deinceps
1033 5252 1063 5288 e
1113 5246 1303 5289 ventre
1339 5236 1665 5307 deprompta
1701 5237 1901 5305 promit
1944 5252 1988 5289 ιι
2018 5234 2114 5289 llic

474 5394 487 5407 Ι
532 5342 668 5382 vero
700 5344 822 5398 quae
853 5327 1147 5382 necessitas
1194 5329 1319 5383 est?
1348 5348 1366 5378 ι
1394 5339 1451 5381 et
1505 5344 1627 5396 qua:
1675 5343 1997 5397 sequuntur.
2030 5329 2113 5381 Ad

533 5423 652 5474 haec
680 5435 804 5473 cum
847 5422 1015 5473 multa
1043 5429 1339 5490 suppetant
1368 5421 1572 5486 dicere,
1602 5436 1795 5490 nempe
1850 5421 2112 5489 improbi-

535 5513 664 5565 tatis
704 5512 1028 5580 periculum,
1069 5528 1132 5566 ex
1167 5512 1258 5565 illo
1289 5517 1452 5567 etiam
1486 5512 1914 5581 theologicorum
1943 5511 2115 5565 dicto-

536 5620 658 5659 rum
700 5622 792 5658 (εκ
826 5604 961 5658 Filio
992 5615 1043 5658 ct
1084 5620 1178 5675 per
1212 5605 1410 5659 Filium
1446 5623 1464 5654 ι
1504 5604 1666 5656 iidem
1698 5603 1889 5657 Patres
1927 5604 2113 5671 procul

535 5707 878 5763 amovcnlcs,
914 5709 965 5751 et
999 5700 1090 5766 qui
1124 5715 1217 5751 eos
1251 5697 1687 5751 subsecuti-sunt
1729 5696 1780 5748 in
1834 5697 2115 5749 universa-

536 5782 679 5839 libus
740 5788 1126 5854 congressibus
1185 5787 1622 5857 prmclarissimi,
1679 5786 1851 5840 instar
1906 5786 2110 5855 speculi

540 5880 818 5934 Ἄμμωνι
870 5884 998 5941 alios
1064 5886 1464 5949 illumina'uizt,
1534 5884 1825 5959 impedior,
1876 5898 1995 5943 cum
2056 5883 2113 5941 iu

2218 4696 2298 4729 τω
2338 4681 2432 4729 καὶ
2461 4676 2571 4747 γὰρ
2617 4678 2717 4747 τὴν
2748 4679 2921 4747 ἀγχοῦ
2945 4679 3272 4750 τεθειμένην
3325 4678 3498 4747 ῥῆσιν,
3528 4668 3652 4723 οὕτω
3678 4661 3742 4713 τί·

2221 4770 2379 4840 θησιν
2409 4769 2661 4834 ἐντελῶς,
2725 4791 2743 4822 ι
2777 4771 3003 4842 Πνεῦμα
3049 4772 3204 4840 ἅγιον
3260 4773 3321 4824 οὐ
3355 4754 3738 4830 συνὰδελφον,οὗ

2220 4862 2619 4932 πατράδελφον,
2658 4863 2773 4915 αλλ’
2797 4864 2864 4917 ἐκ
2892 4863 2992 4933 τῆς
3026 4864 3202 4933 αὐτῆς
3228 4862 3413 4924 οὐσίας
3446 4853 3636 4922 Πατρὶς
3662 4844 3737 4897 καὶ

2221 4956 2372 5022 Υίοῦ,
2404 4973 2424 5007 ι
2459 4960 2555 5011 καὶ
2582 4956 2781 5027 ἐφεξῆς
2800 4958 2876 5022 ὡς
2907 4960 3306 5030 κατέστρωται.
3330 4955 3448 5010 Τῶν
3477 4951 3574 5021 γὰρ
3603 4945 3736 4997 Πνευο

2222 5054 2559 5121 ματομάχων
2600 5051 2946 5105 σπευδόντων
2988 5052 3267 5121 ἀποφῆναι
3302 5046 3496 5114 κτίσμα
3522 5041 3578 5094 τὸ
3592 5031 3732 5090 Πνεῦ-

2221 5162 2294 5213 μα
2316 5143 2377 5196 τὸ
2410 5144 2587 5212 ἆγιον,
2613 5144 2712 5197 καὶ⁵
2738 5144 3031 5213 λεγόντων,
3055 5144 3117 5197 Ei
3142 5146 3206 5197 ἐκ
3234 5142 3325 5195 τοῦ
3351 5135 3547 5207 Πατρδς
3575 5131 3726 5197 ἀμφωο

2215 5236 2311 5288 δύο
2340 5237 2581 5305 ἀδελφοὶ,
2611 5239 2703 5289 καὶ⁵
2727 5236 2823 5289 δύο
2845 5236 2988 5302 Υἱοὶ,
3013 5235 3107 5290 καὶ
3138 5235 3255 5299 πῶς
3287 5226 3604 5298 Μονογενήςς
3646 5231 3727 5287 μα’

2217 5330 2425 5401 νονουχί
2448 5345 2611 5399 φησιν
2639 5329 2668 5381 ὁ
2689 5328 2831 5391 θεῖος
2865 5329 3245 5399 μυσταγωγὸς,
3268 5325 3443 5386 Οὕτως
3461 5325 3520 5377 ἐκ
3539 5314 3617 5371 τοῦ
3636 5310 3724 5401 [Ιαῇ

2213 5426 2344 5494 τρδς
2379 5400 2565 5495 ἄμφω,
2591 5423 2665 5485 ὡς
2694 5423 2870 5487 καὶὲξ
2913 5424 3106 5493 ἐτέρου
3150 5420 3287 5478 εἶναι
3333 5420 3392 5473 τδ
3444 5418 3625 5484 ἕτερον·
3651 5400 3727 5503 “fl

2215 5515 2407 5567 τούτου
2457 5531 2564 5585 περ
2610 5516 2693 5577 είς
2731 5515 3085 5584 κατασκευὴν
3136 5512 3398 5583 λαμϐάνει
3442 5506 3539 5560 τῶν
3572 5503 3625 5553 ἐκ
3646 5505 3723 5558 της

2219 5606 2553 5674 θεοφθόγγου
2585 5607 2870 5676 Κυριακῆς
2919 5609 3103 5678 φωνῆς
3157 5608 3364 5677 ῥήσεων
3408 5586 3723 5665 εὐαγγςλικῶν

2216 5698 2278 5749 τὸ
2307 5697 2480 5749 διττὸν
2503 5698 2621 5762 τῆς,
2642 5697 2738 5752 Ἐκ
2750 5698 2844 5751 τοῦ
2873 5699 3086 5765 [ἰατρὸς
3099 5695 3462 5766 ἐκπορεύεται,
3481 5680 3717 5767 λεγοιξσηςο

2220 5791 2312 5843 καὶ
2335 5789 2455 5860 τῆς,
2492 5809 2510 5841 ι
2540 5791 2635 5843 Ἐκ
2667 5790 2762 5843 τοῦ
2793 5791 2929 5860 ἐμοῦ
2983 5792 3231 5862 λήψεται,
3270 5806 3289 5839 ι
3346 5787 3437 5855 τῆς
3476 5774 3623 5841 αὗτῆς
3650 5770 3719 5871 ένς

2218 5883 2365 5953 νοξας
2399 5883 2684 5959 παριστῶν
2733 5885 3021 5961 ἑκατέρας,
3075 5886 3165 5943 καὶ
3211 5882 3267 5938 τὸ
3299 5874 3610 5941 συνᾶδελφονι
3646 5874 3719 5913 καί
