4072 6396
336 425 476 493 1305

1352 435 1651 499 CONTRA
1714 438 1981 499 MAXIM
1995 438 2102 501 UM
2166 441 2607 505 PLANUDEM.

3466 430 3601 498 1306

330 540 709 612 πατράδελφον
751 541 1000 597 ἐντεῦθεν
1031 544 1421 616 ἅπορῤαπίζει,
1455 547 1549 598 καὶ
1583 546 1643 599 rb
1674 562 1903 615 μονογε-

2021 547 2202 600 animo
2233 549 2305 602 sit
2338 547 2594 604 brevibus
2642 562 2727 602 me
2758 546 3041 617 expedire,
3076 544 3203 599 licet
3257 543 3360 599 hac
3393 545 3603 601 ratione

333 633 419 695 νὲς
443 632 689 703 συνιστᾷ,
723 633 819 687 καὶ
848 634 910 688 τὸ
933 635 994 701 ἐξ
1027 637 1231 706 ἀμφοῖν
1273 636 1571 709 διαρρήδην
1599 637 1913 709 ἀνακηρύτ-

2023 654 2055 695 a
2087 641 2370 710 proposito
2401 640 2537 696 mihi
2560 655 2726 710 scopo
2759 639 3026 701 decidant,
3059 637 3186 692 dum
3224 636 3292 692 ad
3346 634 3604 706 quaestio-

328 741 416 780 τει
435 741 450 757 ο
479 724 561 779 διὸ
589 727 693 779 καὶ
720 726 862 798 μετά
895 746 1019 784 τινα
1040 731 1295 801 ἐπιφέρει
1330 731 1509 800 λέγων
1532 747 1547 761 ο
1583 749 1603 783 ι
1628 730 1774 785 Ἀλλ’
1801 732 1915 802 ὲρεῖ

2032 732 2121 787 uis
2152 732 2391 803 singula,
2419 749 2539 804 quae
2584 733 2699 789 fere
2751 733 3037 787 innumera
3066 739 3215 795 sunt,
3272 727 3604 783 necessitate

328 833 434 884 τις,
468 818 678 874 Οὐκοῦν
708 838 886 893 φαμεν
912 822 1006 878 δύο
1029 820 1171 879 εἶναι
1220 825 1405 892 Υἰοὺς,
1453 828 1547 881 καὶ
1590 825 1711 892 πῶς
1740 828 1915 882 Μονο-

331 910 529 981 γενήςς
577 911 859 983 Μενοῦνγε
916 917 979 971 σὺ
1018 918 1099 982 τίς
1153 915 1205 973 εἴ
1241 921 1270 973 ό
1324 919 1805 990 ἀντιλογιζόμενος
1835 918 1914 989 τῷ

333 1000 486 1071 Θεῷς
535 1004 599 1058 Et
644 1006 756 1075 γὰρ
801 1007 895 1061 τὸν
956 1009 1078 1064 Υίδν
1132 1012 1291 1066 καλεῖ
1325 1014 1417 1066 τὸν
1450 1012 1508 1079 ιε
1543 1011 1732 1077 αὐτοῦ,
1764 1013 1827 1066 rb
1856 1012 1916 1066 δὲ

333 1093 488 1162 ἅγιον
527 1096 752 1166 Πνεῦμα
778 1099 841 1153 τὸ
873 1102 1005 1172 παρ’
1040 1103 1391 1175 ἀμφοτέρων.
1422 1123 1441 1156 ι
1474 1104 1585 1160 Καὶ
1630 1107 1659 1159 ὁ
1691 1104 1915 1172 Νύσσης

332 1184 516 1249 ἐνθεθς
577 1188 841 1260 ἱεράρχης
893 1193 965 1245 τὰ
1019 1195 1161 1249 αὐτὰ
1205 1195 1451 1250 διδάσκει
1503 1197 1562 1249 ἐν
1611 1193 1693 1260 οἷς
1720 1199 1786 1251 ὲκ
1816 1196 1913 1250 τοῦ

331 1275 551 1348 πρώτου
585 1280 680 1333 καὶ
713 1280 814 1350 τῆς
860 1282 1043 1348 αἰτίας
1100 1284 1192 1339 τὸν
1229 1286 1328 1355 μὲν
1360 1285 1489 1338 Υίὸν
1521 1286 1830 1357 προσεχῶς,
1853 1287 1916 1339 τδ

331 1366 390 1420 δὲ
423 1367 648 1440 Πνεῦμα
689 1371 779 1426 διὰ
810 1373 904 1426 τοῦ
956 1375 1243 1446 προσεχῶς
1273 1376 1616 1445 δογματίζει,
1674 1376 1762 1431 διὰ
1815 1375 1914 1430 τοῦ

334 1460 764 1532 Υίοῦιδηλονότι,
799 1466 1204 1536 ἐπάγωνέξῆς,
1243 1489 1260 1521 ι
1307 1470 1471 1524 Ὥστε
1523 1470 1707 1524 καὶτὸ
1759 1487 1914 1541 μονο-

332 1550 491 1618 γενὲς
514 1553 888 1624 ἀναμφίόολον
925 1559 1017 1612 ἐπὶ
1067 1562 1164 1612 τοῦ
1212 1561 1343 1615 Υίοῦ
1383 1562 1589 1633 μένειν,
1619 1563 1716 1616 καὶ
1743 1563 1803 1617 τὸ
1850 1565 1915 1618 ἐκ

320 1641 425 1694 τοῦ
459 1643 675 1715 Πατρὸς
709 1642 851 1701 εἶναι
881 1649 941 1703 τὸ
970 1650 1198 1722 Πνεῦμα
1234 1653 1310 1723 μὴ
1360 1654 1758 1724 ἁμφιϐάλλειν,
1813 1657 1913 1726 τῆς

268 1725 291 1747 ⁸
331 1732 426 1786 τοῦ
449 1732 579 1788 Υίοῦ
615 1739 896 1807 μεσιτείας
928 1740 1020 1795 καλ⁵
1059 1742 1239 1813 ἑαυτῷ
1287 1744 1349 1797 τὸ
1388 1744 1679 1812 μονογενὲς
1711 1725 1915 1814 φυλατ-

2017 824 2251 895 quadam
2307 840 2473 897 cogor
2528 824 2790 881 nonnulla
2854 821 3235 878 tantummodo
3294 832 3602 889 apponere.

2019 917 2251 986 indeque
2281 917 2779 988 quomodocunque
2843 914 3138 991 prolixiore
3195 912 3274 967 uti
3325 925 3604 966 sermone.

2016 1009 2392 1064 Nihilominus
2453 1025 2519 1064 ex
2567 1009 2678 1080 jam
2745 1022 2915 1077 prope
2970 1007 3038 1062 de
3096 1004 3322 1059 nomine
3380 1001 3606 1057 laudato

2018 1100 2207 1158 divino
2253 1100 2436 1168 Patre,
2496 1109 2592 1155 aut
2643 1100 2969 1170 quibusdam
3022 1098 3092 1152 ad
3124 1106 3363 1152 mentem
3426 1094 3604 1165 ipsius

2017 1186 2259 1250 breviter
2289 1193 2578 1249 laudandis
2610 1194 2814 1248 dictum
2848 1188 3599 1259 mauifcstabitur.gNaumue

2019 1286 2101 1342 sic
2149 1301 2262 1342 non
2295 1285 2468 1340 multo
2499 1296 2627 1340 ante
2665 1284 2959 1340 recitatum
3000 1283 3208 1337 dictum
3267 1280 3339 1334 ita
3397 1279 3535 1347 proli
3561 1286 3608 1330 rt

2017 1377 2293 1449 integrum
2340 1395 2356 1433 :
2394 1396 2414 1430 ι
2457 1377 2697 1448 Spiritus
2756 1385 2984 1432 sanctus
3039 1390 3148 1428 non
3195 1374 3364 1427 frater
3398 1372 3606 1433 fratris,

2017 1485 2126 1525 non
2159 1471 2338 1527 Patris
2378 1470 2568 1534 frater,
2605 1469 2704 1524 sed
2738 1486 2801 1524 ex
2838 1470 2956 1539 ipsa
3017 1466 3260 1522 essentia
3315 1463 3494 1517 Patris
3553 1468 3611 1515 t-t

2024 1561 2165 1628 Filii,
2206 1581 2227 1615 ι
2258 1572 2312 1618 et
2355 1577 2476 1633 qua;
2523 1568 2851 1629 sequuntur,
2882 1559 2961 1613 uti
2996 1573 3165 1628 supra
3211 1555 3418 1625 digesta
3457 1562 3606 1608 sunt.

2019 1653 2156 1710 Cum
2187 1653 2334 1710 enim
2373 1652 2611 1724 Spiritus
2667 1653 2853 1709 hostes
2885 1649 3311 1710 contenderent,
3343 1644 3610 1714 Spiritum

2019 1754 2270 1799 sanctum
2329 1753 2641 1801 creaturam
2714 1743 3118 1806 demonstrare,
3196 1738 3554 1804 dicerentque
3592 1734 3637 1787 ι

328 1823 552 1895 ⁸εούσης,
578 1827 674 1880 καὶ
700 1827 762 1881 τὸ
781 1830 1006 1900 Πνεῦμα
1023 1833 1123 1901 τῆς
1146 1835 1286 1904 πρὸς
1306 1836 1399 1889 τὸν
1424 1837 1641 1906 Πατέρα
1669 1839 1905 1908 σχέσεως

2021 1836 2071 1891 Si
2107 1852 2174 1892 ex
2201 1835 2362 1891 Patre
2417 1846 2669 1906 uterque,
2728 1835 2837 1891 duo
2865 1833 3060 1888 fratres
3117 1838 3175 1887 et
3223 1829 3332 1884 duo
3387 1826 3505 1890 filii,
3557 1831 3614 1879 et

335 1915 410 1987 μὴ
435 1916 828 1992 ἀπειργούσης.
863 1940 882 1973 ι
924 1923 985 1977 Et
1017 1924 1192 1979 ταῦτα
1219 1927 1280 1979 τὸ
1315 1926 1535 1997 βέϐαιον
1564 1929 1786 1999 ἔσχηκε,
1805 1922 1910 1984 ποῦ

332 2006 391 2059 τὸ
417 2010 811 2081 συνιστάμενον
841 2013 954 2079 ἕξει
986 2017 1128 2069 κατὰ
1152 2023 1284 2080 τοὺς
1315 2018 1418 2089 τῆς
1446 2020 1731 2084 εὐσεϐείας
1778 2039 1913 2094 προ-

332 2097 542 2166 6όλους,
572 2104 666 2157 καὶ
702 2106 862 2176 μὴτὸ
909 2109 1097 2177 σφίσιν
1143 2111 1478 2183 ἀντίρροπον
1506 2113 1566 2166 τὸ
1598 2115 1699 2184 μὲν
1715 2114 1915 2183 όμοού-

334 2202 449 2242 σιον
473 2189 708 2245 τιθεῖναι
757 2193 957 2263 λέγειν.
991 2196 1241 2252 κίνδυνον
1293 2199 1579 2269 ἁφανίζον,
1634 2202 1728 2255 τοῦ
1763 2202 1917 2271 λέγε-

332 2279 564 2335 σθαιτὸν
599 2281 734 2341 Υίὸν
758 2285 1018 2341 ἐλάττονα
1058 2287 1153 2342 τοῦ
1185 2292 1419 2361 Πατρδς,
1454 2291 1694 2347 ἐνταῦθα
1719 2294 1775 2346 δὲ
1805 2313 1913 2364 μη-

331 2370 457 2426 δένα
484 2374 730 2431 κίνδυνον
753 2379 1086 2457 ἀντεπάγειν
1128 2383 1396 2455 ὑπάρχειν
1432 2386 1531 2457 τῆς
1560 2385 1621 2451 ἐξ
1662 2387 1791 2440 Υἱιῦ
1820 2388 1915 2441 καὶ

333 2463 401 2517 δι’
432 2465 563 2519 Υίοῦ
591 2455 871 2538 θεολογίας
889 2472 1169 2541 ἀπούσης;
1197 2476 1289 2543 αφ’
1324 2471 1393 2548 ἧς
1413 2455 1763 2543 ἀνίστασθαι,
1818 2480 1914 2533 καὶ

340 2558 543 2627 μᾶλλον
570 2562 903 2618 ἀνακύπτειν
938 2566 1112 2637 μυρία
1137 2569 1205 2622 τὰ
1224 2569 1422 2635 ἄτοπα,
1449 2570 1608 2641 εῖπερ
1634 2572 1708 2635 ὡς
1733 2575 1915 2628 ἐκεῖσε

334 2652 401 2704 τὸ
427 2655 756 2722 όμοούσιον
789 2661 871 2722 είς
902 2661 1240 2733 ἀποσόϐησιν
1268 2667 1468 2738 ἐρρέθη
1496 2671 1611 2731 τοῖς
1662 2670 1912 2739 Πατράσι

334 2742 445 2796 τῶν
476 2744 946 2818 βλασφημούντων
979 2754 1059 2816 είς
1101 2754 1192 2807 τὸν
1245 2755 1398 2821 Υίὸν,
1432 2756 1608 2823 οὕτως
1638 2759 1826 2815 ἐνθάδε
1853 2761 1915 2815 τὸ

343 2851 363 2886 ι
395 2835 456 2901 ἐξ
510 2837 641 2893 Υίοῦ
682 2859 742 2894 τε
773 2845 866 2895 καὶ
914 2844 982 2898 δι’
1021 2846 1149 2900 Υἱοῦ
1192 2866 1211 2900 ι
1265 2850 1345 2912 είς
1383 2852 1771 2922 καταστροφὴν
1812 2856 1914 2925 τῆς

335 2927 714 2999 γλωσσαλγίας
739 2932 1068 3007 ὲθεολογήἿη
1104 2941 1216 3001 τοῖς
1262 2939 1541 3012 θεοφόροις
1568 2943 1675 2997 τῶν
1707 2944 1915 3014 δυσφη-

339 3020 586 3090 μούντων
615 3024 696 3085 είς
731 3024 791 3079 τὸ
823 3025 1049 3099 Πνεῦμα
1068 3029 1128 3081 τὸ
1157 3028 1333 3098 ἅγιον.
1384 3032 1493 3086 Ποῦ
1517 3033 1575 3086 δὲ
1606 3034 1700 3087 καὶ
1728 3036 1910 3106 παρὰ-

2015 1929 2293 1999 quomodo
2335 1927 2698 1998 uuigenitus?
2731 1934 2943 1982 tantum
2972 1940 3085 1980 non
3143 1922 3366 1979 divinus
3415 1920 3613 1975 doctor

2017 2020 2346 2091 inquitzEa
2378 2021 2594 2075 ratione
2639 2029 2874 2089 uterque
2924 2034 2991 2071 ex
3051 2015 3213 2070 Patre
3264 2021 3371 2078 est,
3431 2019 3494 2066 ut
3543 2026 3609 2065 ex

2016 2114 2123 2169 alio
2191 2113 2333 2167 alius
2402 2112 2509 2179 sit,
2576 2121 2631 2166 et
2689 2111 2758 2165 ad
2829 2110 2934 2164 hoc
2992 2104 3467 2177 comprobandum
3543 2116 3611 2155 ex

2020 2205 2207 2260 divina
2239 2203 2459 2258 Domini
2522 2217 2658 2258 voce
2712 2202 2915 2269 duplex
2968 2199 3175 2276 dictum
3226 2195 3613 2261 Erangclirum

2014 2298 2266 2362 assumit,
2299 2297 2442 2367 quod
2471 2311 2541 2351 ex
2565 2295 2724 2351 Patre
2780 2293 3079 2363 procedere
3107 2288 3325 2355 asserit,
3356 2296 3413 2342 et
3468 2286 3615 2357 quod

2021 2406 2041 2440 ι
2070 2387 2147 2442 Ex
2177 2402 2301 2442 meo
2355 2387 2612 2456 accipiet,
2643 2404 2662 2438 ›
2701 2385 2952 2456 ejusdem
2976 2397 3099 2437 esse
3125 2380 3417 2436 sententiae
3468 2387 3614 2431 utra-

2014 2495 2119 2550 que
2142 2479 2497 2540 conlirmans,
2534 2478 2773 2546 indeque
2795 2486 2852 2531 et
2875 2474 3057 2529 fratris
3073 2473 3317 2537 fratrem,
3349 2480 3403 2525 et
3448 2470 3617 2540 patris

2015 2572 2240 2628 fratrem
2265 2573 2423 2643 longe
2448 2572 2620 2642 pellit,
2643 2580 2699 2627 et
2724 2569 3075 2641 Unigenitum
3099 2568 3441 2631 corroborat,
3464 2572 3518 2618 et
3540 2579 3609 2617 ex

2015 2673 2251 2733 utroque
2278 2662 2455 2732 palam
2485 2661 2841 2732 depraadicat,
2879 2659 3112 2729 ideoque
3144 2672 3256 2711 non
3289 2664 3415 2725 post
3438 2652 3613 2708 multa

2014 2754 2301 2825 subiungit
2335 2754 2523 2808 dicens
2555 2772 2568 2807 :
2601 2771 2620 2804 ι
2656 2750 2764 2806 Sed
2815 2751 3013 2804 dixerit
3038 2748 3331 2819 quispiam,
3367 2745 3615 2801 Dicimus

2015 2860 2146 2917 ergo
2184 2845 2323 2899 duos
2355 2843 2496 2899 ﬁlios
2525 2857 2675 2912 esse,
2712 2851 2769 2896 et
2800 2841 3079 2911 quomodo
3144 2839 3462 2910 unigenitus
3488 2837 3514 2891 τ
3547 2836 3618 2891 At

2017 2947 2071 2993 tu
2115 2936 2238 3006 quis
2291 2951 2371 2999 es,
2393 2936 2483 3007 qui
2513 2936 2623 2990 Deo
2649 2933 3014 2990 contradicis?
3044 2932 3262 2987 Etenim
3311 2931 3361 2985 si
3420 2930 3618 2984 Filium

2012 3036 2172 3083 vocat
2194 3027 2284 3097 qui
2313 3042 2380 3082 ex
2402 3026 2522 3096 ipso
2556 3035 2657 3092 est,
2686 3024 2950 3095 Spiritum
2978 3039 3106 3079 vero
3131 3032 3405 3089 sanctum,
3437 3022 3524 3091 qui
3549 3022 3618 3075 ab

335 3111 486 3175 baut;
514 3114 546 3184 ἡ
575 3132 595 3166 ι
626 3116 689 3168 ὲκ
709 3116 922 3188 Πατρὸς
948 3120 1111 3189 μόνου
1145 3139 1183 3185 »ν
1205 3124 1298 3175 νέα
1333 3122 1643 3191 νομοθεσία,
1676 3128 1768 3180 καὶ
1788 3126 1910 3196 οὐχὶ

2021 3120 2286 3189 utrisque.
2321 3138 2339 3171 ι
2363 3118 2562 3173 Eadem
2591 3127 2645 3171 et
2668 3117 2888 3171 divinus
2909 3115 3198 3170 hierarcha
3217 3114 3498 3185 Nyssenus
3517 3114 3616 3167 do-

339 3203 540 3273 μᾶλλον
557 3207 669 3271 τοῖς
691 3206 855 3272 θείοις
887 3208 1229 3277 διδασκάλοις
1252 3214 1683 3286 ἁντιπαράταξις
1707 3235 1721 3285 ;
1746 3217 1909 3274 Ἀλλὰ

334 3299 428 3351 καὶ
460 3299 493 3369 ὴ
517 3299 651 3370 πρὸς
670 3300 812 3355 τοῦτ’
837 3302 966 3356 αὐτὸ
993 3305 1054 3357 τὸ
1090 3305 1189 3375 μὲν
1211 3306 1380 3377 μηδὲν
1411 3307 1743 3379 λυμαντικὸν
1768 3307 1911 3367 εἶναι

333 3386 434 3458 τῆς
456 3393 519 3442 ὲκ
541 3388 632 3443 τοῦ
670 3390 799 3444 Υίοῦ
831 3392 1110 3462 θεολογίας
1155 3396 1634 3469 ἀποπεμπομένης
1664 3399 1908 3469 φωνοῦν-

332 3497 445 3545 τος,
477 3483 636 3536 ὲνίων
661 3483 717 3537 δὲ
742 3485 839 3554 τῆς
871 3486 1044 3556 αὐτῆς
1080 3489 1279 3558 μοίρας
1308 3490 1756 3561 παραδιασθῆναι
1783 3496 1913 3558 τοὺς

334 3573 523 3642 ἁγίους
553 3576 719 3645 φάναι
753 3581 957 3649 ταύτην
998 3581 1267 3649 λεγόντων
1306 3584 1386 3647 είς
1430 3583 1696 3653 αἱρέσεων
1733 3586 1910 3658 ἀπορ-

336 3667 581 3738 ράπισιν,
614 3670 709 3722 καὶ
755 3668 836 3723 δεῖ
869 3673 1258 3744 παρατρέχειν,
1315 3676 1411 3730 καὶ
1446 3676 1522 3747 μὴ
1569 3680 1848 3750 κατέχειν,
1877 3681 1910 3751 ἡ

334 3759 470 3831 πρὸς
494 3759 638 3814 τοῦτ’
664 3761 796 3815 αὐτὸ
821 3763 994 3816 τοῖσδε
1024 3764 1299 3835 δευτέροις
1324 3768 1591 3837 ἀπολογία
1619 3771 1759 3824 κατὰ
1789 3790 1914 3825 κχι-

338 3852 465 3921 ροὺς
500 3853 765 3924 ἡμετέρα,
822 3855 916 3907 καὶ
966 3854 1045 3922 τῷ
1091 3856 1263 3928 ἑτέρῳ
1320 3858 1378 3912 δὲ
1425 3859 1540 3926 νῦν,
1587 3862 1719 3932 ὡςή
1749 3863 1913 3934 τῆσδε

338 3944 642 4015 παρόρασις
665 3947 760 3998 καὶ
787 3946 1183 4018 ἀθέτησιςτῶν
1216 3951 1274 4018 ἐξ
1305 3952 1477 4022 αὐτῆς
1508 3954 1913 4026 ἀπωθουμένων

2025 3220 2135 3272 cet.
2164 3212 2295 3266 dum
2313 3226 2377 3264 ex
2399 3209 2578 3280 primo
2594 3217 2651 3265 et
2673 3223 2837 3262 causa
2863 3206 3060 3261 Filium
3087 3206 3306 3275 quidem
3333 3206 3613 3276 contigue,

2027 3303 2295 3374 Spiritum
2321 3316 2452 3357 ve.o
2470 3316 2565 3371 per
2589 3300 2743 3363 illud,
2767 3299 2913 3368 quod
2933 3299 3189 3369 contigue
3215 3307 3320 3364 est,
3347 3297 3617 3360 decernit,

2026 3411 2123 3467 per
2155 3394 2354 3449 Filium
2403 3393 2633 3458 scil'cet,
2672 3392 2916 3447 subdens
2959 3391 3142 3446 illico:
3177 3409 3195 3442 ι
3235 3389 3308 3445 Ut
3331 3396 3385 3445 et
3428 3389 3619 3458 unige-
3709 3379 3720 3391 ’

2025 3487 2203 3542 nitum
2233 3484 2604 3541 indubitatum
2637 3484 2692 3539 in
2724 3483 2861 3540 Filio
2884 3485 2976 3548 sit,
2997 3491 3079 3556 ,ει
3121 3481 3391 3552 Spiritum
3426 3496 3493 3534 ex
3517 3480 3618 3534 Pa-

2026 3587 2110 3633 tre
2129 3593 2249 3633 esse
2279 3576 2500 3632 minime
2540 3576 2841 3639 dubitetur,
2875 3576 2996 3631 Filii
3045 3574 3399 3639 mediatione,
3430 3581 3486 3627 et
3508 3571 3617 3626 sibi

2029 3670 2132 3740 ipsi
2163 3669 2509 3739 unigenitum
2532 3674 2920 3731 conservante,
2945 3679 2999 3722 et
3018 3666 3282 3737 Spiritum
3299 3682 3327 3720 a
3349 3666 3617 3721 relatione

2028 3762 2095 3815 ad
2121 3758 2336 3815 Patrem
2377 3774 2483 3812 non
2539 3766 2780 3813 arcente.
2811 3778 2828 3811 ι
2864 3756 2990 3813 Hinc
3023 3759 3067 3812 si
3112 3757 3265 3811 firma
3298 3773 3363 3811 ac
3399 3756 3633 3811 stabilia-

2029 3863 2179 3918 sunt,
2205 3853 2425 3908 ubinam
2448 3850 2711 3908 subsistet
2728 3852 2990 3907 adversus
3007 3849 3226 3920 pietatis
3243 3857 3612 3917 propugnato-

2028 3962 2118 4005 res
2140 3945 2284 4017 quod
2313 3945 2562 4011 aﬂ‘ertur,
2600 3954 2657 4000 et
2684 3960 2795 3999 non
2833 3944 3054 4010 penitus
3081 3941 3317 4003 decidet.
3378 3940 3616 3994 consub-

337 4034 602 4106 αἱρέσεων
643 4036 937 4091 ἀνανέωσις
968 4039 1121 4093 ἔσται
1142 4040 1282 4093 κατά
1308 4043 1489 4096 πᾶσαν
1516 4042 1765 4115 ἀνάγκην
1820 4048 1916 4100 καὶ

336 4129 719 4198 ἀναγόρευσιςο
736 4130 850 4192 πῶς
883 4132 950 4201 τῇ
976 4131 1073 4201 τῆς
1094 4130 1349 4201 ἀληθείας
1380 4134 1643 4204 ἁπλότητι
1665 4112 1740 4199 ὡς
1773 4154 1916 4192 στοι-
1952 4112 1963 4165 ἶ

338 4219 508 4293 χοῦσα
537 4222 658 4292 οὐχὶ
691 4222 750 4274 τὸ
787 4221 1086 4292 κατάδηλον
1113 4225 1470 4295 ὲπιφέρεται;
1505 4228 1649 4297 Πρὸς
1670 4228 1727 4282 δέ
1758 4246 1820 4298 γε
1843 4231 1912 4284 τὸ

2037 4037 2291 4095 stautiale
2339 4038 2561 4106 quidem
2613 4037 2919 4106 appositum
2952 4034 3254 4106 periculum
3327 4032 3613 4100 repellere,

2031 4149 2104 4190 ne
2129 4134 2344 4189 dicatur
2364 4131 2533 4187 Filius
2551 4134 2733 4185 minor
2755 4129 2917 4183 Patre
2941 4145 2956 4194 ;
3009 4129 3100 4182 hic
3124 4141 3254 4181 vero
3275 4124 3483 4178 nullum
3517 4124 3618 4177 im-

2029 4224 2241 4279 minere
2267 4223 2570 4294 periculum
2602 4220 2767 4277 dictis
2799 4218 3123 4289 thenlogicis
3158 4231 3225 4271 ex
3253 4215 3393 4270 Filio
3422 4225 3480 4271 et
3518 4231 3616 4285 per

338 4315 637 4370 σύνθετον
660 4314 752 4368 καὶ
782 4315 848 4368 τὸ
872 4313 985 4384 τῆς
1010 4315 1304 4386 διαρχίας,
1331 4318 1365 4373 ἃ.
1389 4320 1481 4372 καὶ
1502 4320 1639 4390 τῷδε
1661 4323 1915 4393 παρενεί-

2028 4316 2223 4372 Filium
2256 4328 2412 4369 esse:
2442 4329 2505 4368 ex
2539 4312 2738 4383 quibus
2772 4316 3063 4381 assurgunt
3095 4308 3205 4362 imo
3228 4308 3410 4376 potius
3432 4321 3615 4360 emer-

345 4424 423 4482 ρει
454 4405 528 4476 τῷ
554 4407 855 4479 κεφαλαίῳ,
887 4409 980 4461 καὶ
1007 4409 1240 4480 καθεξῆς
1264 4411 1298 4464 ἆ
1332 4428 1466 4482 φησι
1500 4430 1520 4465 ι
1552 4412 1663 4466 τῶν
1691 4415 1912 4469 ἀτόπων

2032 4418 2168 4480 gunt
2203 4409 2493 4462 innumera
2554 4407 2814 4473 absurda,
2851 4406 2896 4460 si
2938 4404 3018 4459 uti
3051 4401 3125 4457 ibi
3167 4398 3615 4454 consubstantiale

329 4467 566 4564 ἕπεσθαι
609 4467 778 4568 μυρία
803 4467 851 4551 ἰ’
899 4500 1042 4553 κατὰ
1105 4467 1460 4572 παραλειφιν,
1511 4503 1634 4557 ἐπεὶ
1673 4467 1795 4559 καθ’

2026 4467 2342 4555 aPatribus
2385 4499 2726 4553 insinuatum
2781 4505 2866 4552 est
2903 4494 2973 4551 ad
3029 4492 3359 4548 refellendos
3389 4506 3485 4545 eos
3519 4490 3613 4558 qui

340 4588 447 4658 ἄρα
468 4588 809 4658 ἐπινενόηται
831 4587 1098 4659 πρότερον
1121 4590 1263 4643 κατὰ
1290 4592 1397 4643 τῶν
1428 4590 1688 4663 Πατέρων
1718 4593 1918 4647 ἐναπο-

336 4681 594 4747 τείνεται,
631 4679 680 4734 οἳ
714 4679 772 4733 τὸ
807 4681 940 4734 αὐτὸ
984 4684 1077 4734 καὶ
1106 4681 1179 4751 μὴ
1215 4681 1344 4737 ἄλλο
1374 4682 1456 4750 τὸ,
1491 4702 1509 4735 ι
1555 4683 1650 4738 Ἐκ
1677 4685 1772 4738 τοῦ
1805 4688 1918 4740 Πα-

337 4771 464 4842 τρὸς
493 4772 906 4842 ὲκπορεύεται,›
938 4771 1140 4835 καὶτὸ,
1172 4790 1192 4824 ι
1221 4773 1319 4827 Ἐκ
1348 4773 1442 4827 τοῦ
1472 4776 1606 4846 ἐμοῦ
1628 4777 1914 4848 λήψεται,›

338 4866 480 4918 κατὰ
542 4863 782 4917 διάνοιαν
833 4864 1249 4935 δογματίζουσι,
1307 4867 1400 4919 καὶ
1437 4867 1540 4922 ὅσα
1599 4872 1700 4941 τῆς
1746 4872 1919 4943 αὐτῆς

339 4957 618 5026 θεολογίας
647 4958 904 5028 ἀνωτέρω
943 4960 1200 5030 καθαρῶς
1224 4958 1603 5029 διειλήφαμεν,
1652 4965 1746 5017 καὶ
1776 4964 1919 5037 ὑπὲρ

338 5049 523 5104 αὐτῶν
552 5050 712 5119 ἡμεῖς
746 5049 805 5115 ἐξ
840 5048 1017 5104 αὐτῶν
1041 5050 1181 5102 κατὰ
1210 5050 1273 5103 τὸ
1302 5051 1421 5102 ἐνὸν
1443 5051 1919 5125 ἀπολελογήμεθα,

340 5138 523 5202 αὐτοῖς
556 5139 876 5208 ἀρκούμεθα
900 5138 1133 5204 τούτοις,
1172 5142 1266 5194 καὶ
1302 5139 1351 5192 εἰ
1387 5139 1652 5210 μυριάκις
1697 5141 1922 5209 ἐπινοη-

341 5230 484 5284 θεῖεν
511 5230 703 5301 μυρία,
742 5230 801 5295 ἐξ
828 5230 1008 5284 αὐτῶν
1038 5231 1065 5282 ό
1099 5230 1364 5299 ἀπόλογος
1387 5230 1592 5287 ἔσεται.

2028 4590 2085 4646 in
2143 4592 2342 4645 Filium
2401 4589 2888 4660 blasphemabant,
2948 4587 3060 4657 pari
3121 4585 3284 4640 modo
3341 4583 3430 4637 hic
3461 4590 3516 4636 et
3549 4597 3615 4635 ea:

2040 4683 2183 4739 Filio
2213 4693 2268 4740 et
2306 4702 2400 4756 per
2432 4683 2659 4747 Filium,
2718 4682 2783 4736 ad
2821 4697 3010 4736 eorum
3043 4680 3432 4750 loquacitatem
3464 4696 3616 4735 com-

2027 4779 2377 4849 pescendam,
2425 4779 2515 4849 qui
2557 4778 2939 4848 blasphemaut
2977 4777 3029 4832 in
3062 4777 3330 4846 Spiritum
3361 4785 3611 4832 sanctum

2020 4873 2279 4928 traditum
2310 4882 2412 4927 est.
2448 4871 2550 4928 Ubi
2589 4882 2718 4926 vero
2752 4870 2972 4926 traditio
2994 4881 3100 4933 cst,
3134 4888 3255 4941 quae
3294 4895 3312 4923 ι
3347 4887 3413 4926 ex
3454 4870 3614 4923 Patre

2020 4967 2137 5022 solo
2181 4985 2200 5018 ι
2242 4982 2436 5022 recens
2466 4967 2518 5019 in
2551 4965 2877 5036 theologiam
2938 4964 3250 5020 introducta
3307 4965 3619 5020 decernat?

2023 5057 2222 5113 Annon
2255 5057 2355 5112 ista
2414 5059 2597 5127 potius
2659 5067 2744 5113 est
2798 5057 3069 5114 adversus
3123 5057 3339 5112 divinos
3394 5065 3618 5109 nostros

2030 5148 2286 5202 doctores
2315 5163 2379 5201 ex
2400 5142 2648 5203 'adverso
2676 5148 3008 5203 instructio?
3042 5146 3148 5202 Sed
3175 5147 3239 5200 ad
3267 5148 3370 5201 hoc
3401 5145 3610 5215 ipsum,

2021 5236 2161 5291 nihil
2210 5252 2453 5304 nemper
2507 5251 2573 5291 ex
2638 5237 2824 5292 Filio»
2885 5238 3088 5293 dictum
3134 5235 3497 5305 theologicum
3562 5233 3612 5288 si

343 5325 670 5379 amandetur
719 5323 904 5379 damni
932 5322 1166 5420 'inferre
1225 5324 1418 5381 eodem
1464 5325 1759 5391 clamante,
1821 5326 1944 5382 aliis
1983 5344 2115 5384 vero
2142 5329 2386 5398 ejusdem
2452 5330 2619 5386 sortis
2657 5329 2976 5385 hominibus
3013 5328 3328 5383 dicentibus
3390 5335 3615 5381 coactos

341 5431 562 5478 sanctos
584 5422 670 5477 illa
700 5423 1107 5493 pronuntiasse,
1168 5425 1235 5477 ad
1311 5422 1637 5479 refellendas
1689 5425 1949 5491 hzereses,
1989 5425 2397 5497 haec,inquam,
2443 5425 2785 5497 negligenda,
2855 5440 2957 5502 nec
2987 5424 3095 5478 illis
3143 5422 3388 5477 animum
3441 5422 3611 5490 ligen-

341 5514 472 5569 dum
526 5529 669 5578 esse,
696 5525 884 5570 nostra
937 5515 1180 5570 secunda
1240 5516 1497 5588 Apologia
1556 5530 1657 5570 suo
1709 5515 1912 5571 dictata
1949 5529 2214 5588 tempore,
2245 5528 2301 5573 et
2364 5518 2473 5573 alio
2519 5532 2739 5587 quoque
2800 5516 2980 5586 capite
3028 5531 3179 5571 nunc
3222 5515 3370 5570 illius
3403 5513 3614 5583 neglec-

345 5619 455 5672 tus,
484 5615 540 5661 et
562 5608 887 5675 improbatio
917 5624 1104 5663 earum
1139 5608 1412 5663 luerosum
1479 5600 1600 5677 quae
1646 5625 1742 5677 per
1814 5608 1987 5677 ipsam
2028 5609 2424 5680 improbantur,
2496 5608 2814 5664 necessario
2893 5614 3120 5667 omnino
3200 5610 3611 5666 innovationcm

343 5717 489 5763 esse,
525 5710 582 5754 et
610 5701 822 5771 plenam
877 5701 1325 5765 declarationem,
1381 5699 1656 5770 quomodo
1706 5716 1828 5756 cum
1892 5698 2139 5755 veritatis
2197 5700 2533 5771 simplicitati
2570 5703 2887 5765 concordet,
2924 5718 3033 5756 non
3073 5703 3327 5758 o-rnibus
3362 5703 3611 5755 innotes-

343 5796 456 5848 cit'.’
504 5795 582 5846 Αςι
618 5795 959 5847 (τοιηίοδξιιιηι
1028 5810 1155 5847 vero
1189 5803 1244 5848 et
1289 5794 1393 5847 duo
1447 5793 1728 5862 principia,
1770 5807 1890 5861 quae
1936 5790 2064 5846 huic
2120 5808 2338 5862 quoque
2371 5794 2534 5864 capiti
2600 5793 2865 5864 implicat,
2908 5807 2960 5849 et
3024 5804 3237 5848 διϊιτιιιι
3291 5793 3433 5847 serie
3490 5807 3612 5860 qum

347 5892 423 5950 ait
462 5907 483 5943 ι
520 5890 805 5949 innumera
838 5887 1095 5957 consequi
1149 5888 1423 5952 absurda,
1459 5906 1474 5937 ›
1518 5901 1613 5941 uec
1652 5886 1739 5942 illa
1772 5896 2183 5951 commemoret,
2214 5903 2335 5940 cum
2402 5886 2663 5943 adversus
2732 5887 2920 5945 Patres
2970 5890 3020 5941 iu
3085 5906 3221 5958 quos
3287 5898 3442 5943 antra
3479 5903 3615 5944 cett-
