4072 6440
346 460 494 528 1309

1309 467 1615 530 CONTRA
1668 469 2104 535 MANUELEM
2166 475 2647 537 CRETENSEM.

3476 471 3613 537 1310

346 582 567 652 στέραις
597 581 668 635 τὰ
707 582 835 636 καθ’
859 582 1006 653 ἡμᾶς
1034 582 1456 654 ἐδραιώσασθαι,
1481 585 1578 639 καὶ
1605 586 1757 648 τέλος
1792 588 1919 649 τοὺς

2025 590 2183 643 saria:
2216 590 2563 659 responsioni
2601 588 2944 651 renuntient,
2992 596 3047 643 ct
3090 587 3469 644 severioribus
3500 591 3615 641 exi-

346 676 646 741 σφετέρους
690 676 1090 747 ἁνομολογῆσαι
1132 677 1222 729 τὸν
1264 678 1321 727 ἐν
1375 679 1490 740 τοῖς
1531 677 1695 741 θείοις
1733 677 1925 730 ἔπεσιν

344 767 579 822 ὄλισθον.
623 767 805 822 Ἱκανὰ
833 768 1007 821 ταῦτα
1048 769 1145 837 τῆς
1181 770 1333 837 σιρῶν
1389 770 1673 839 ἀλογίστου
1727 771 1926 841 μανίας

345 861 426 923 είς
461 859 752 929 τράνωσιν,
807 861 902 912 καὶ
946 862 1044 929 τῆς
1082 860 1401 922 τοῦἰεῦθέος
1451 863 1783 926 ἐκπτώσεως
1844 866 1926 926 είς

346 951 711 1017 παράστασιν,
739 951 786 1002 τί
827 949 919 1002 καὶ
944 949 1261 1014 δυναστείας
1296 951 1516 1020 σπουδὴ.
1552 953 1643 1005 καὶ
1683 952 1926 1022 πλήθους

344 1043 515 1111 ὁρμὴ,
555 1045 646 1094 καὶ
679 1044 711 1112 ἡ
737 1041 860 1095 καθ’
893 1036 968 1095 ὧν
987 1044 1050 1094 ἐκ
1076 1042 1397 1111 προλήψεως
1428 1045 1527 1113 τῆς
1553 1044 1750 1108 κακίας
1784 1044 1926 1115 ῥοπὴ

346 1136 719 1204 παρατρέχειν
744 1135 882 1188 αὐτὰ
911 1135 1004 1187 καὶ
1048 1124 1542 1203 παραποκρύπτειν
1570 1135 1921 1203 θρασύνεται.

346 1227 457 1280 Καὶ
480 1227 685 1279 τούτων
713 1225 856 1279 οὔτω
884 1226 1199 1296 προδάντων
1214 1229 1326 1289 τοῖς
1348 1229 1753 1298 ἁπαραμίλλοις
1781 1229 1926 1283 ἐκεί-

344 1334 456 1382 νοις
477 1319 636 1385 λόγου
664 1319 836 1372 σθένει
864 1320 959 1371 καὶ
979 1319 1305 1389 περιφανείᾳ
1328 1320 1510 1391 λοιπῇ,
1544 1323 1637 1374 καὶ
1661 1322 1768 1377 τῶν
1797 1324 1926 1391 ἐφε-
1970 1373 1981 1381 _

348 1410 441 1480 ξῆς
462 1414 559 1482 τῆς
592 1412 764 1482 αὐτῆς
806 1415 1113 1483 συμμορίας
1158 1412 1481 1480 φθασάντων
1537 1417 1757 1483 γραφὰς
1797 1431 1925 1466 συν-

348 1504 534 1558 θέσθαι
560 1508 700 1558 κατὰ
722 1505 819 1576 τῆς
862 1507 1232 1575 ὑποκειμένης
1266 1508 1346 1570 εἰς
1383 1508 1571 1577 κοινὴν
1598 1509 1926 1578 καταφορὰν

348 1599 734 1668 πραγματείας
769 1597 1062 1651 σπουδαῖον
1087 1598 1475 1669 ἡγησαμένων,
1508 1599 1584 1670 μὴ
1637 1602 1925 1668 ἐμφανεῖς,

346 1689 462 1742 ἀλλ’
479 1690 825 1761 ἀπορρήτους
852 1692 982 1760 ἡμῖν
1010 1690 1287 1758 γενέσθαι,
1308 1689 1452 1744 κατὰ
1479 1692 1570 1743 τὸν
1594 1691 1779 1761 ὅμοιον
1805 1691 1927 1759 τρό-

345 1798 447 1834 πον
475 1783 587 1845 τοῖς
616 1784 913 1850 πρωγοίς,
947 1782 1137 1852 ἐπειδὴ
1181 1782 1287 1834 τῶν
1314 1783 1793 1851 μεταγενεστέρων
1818 1799 1923 1836 κα-

341 1874 641 1943 ταρῤήσεις
684 1873 872 1943 αὐτῆς,
919 1873 1249 1966 χρόνοςὶγὰρ
1275 1874 1303 1926 δ
1336 1873 1545 1926 ἐκεῖθεν
1572 1877 1631 1935 ἐς
1659 1872 1820 1943 δεῦρο
1841 1876 1924 1936 είς

2029 679 2116 733 liis
2152 687 2207 733 et
2250 680 2543 735 tutioribus
2589 680 2856 734 custodiis
2908 694 2995 733 res
3059 686 3281 733 nostras
3326 681 3611 732 constabi-

2029 769 2187 829 liant.
2215 778 2270 824 et
2297 786 2457 824 suum
2495 772 2550 824 in
2581 771 2766 826 verbis
2797 770 2995 824 divinis
3027 785 3277 825 errorem
3304 770 3613 826 confitean-

2029 869 2138 915 tur.
2170 860 2315 916 Satis
2343 863 2458 916 hate
2489 871 2617 916 sunt
2653 863 2718 916 ad
2745 878 2932 915 eorum
2963 863 3309 916 temerariam
3340 862 3613 915 insaniam

2028 954 2402 1014 retegendam,
2436 963 2491 1008 et
2525 972 2551 1006 a
2590 964 2742 1008 recto
2772 954 2982 1023 lapsum
3014 955 3446 1013 ostendendum,
3505 952 3612 1007 etsi

2029 1047 2351 1101 dominatus
2376 1047 2549 1108 lavor,
2601 1056 2658 1100 et
2690 1046 3059 1101 multitudinis
3116 1046 3378 1114 impetus,
3429 1055 3483 1097 et
3519 1059 3614 1096 eo-

2028 1154 2175 1201 rum,
2224 1139 2313 1204 qui
2351 1138 2700 1205 improbitate
2735 1140 3099 1206 prmoccupati
3125 1148 3274 1196 sunt,
3311 1136 3612 1206 propensio

2029 1229 2260 1284 reticere
2328 1229 2444 1283 haec
2499 1230 2690 1283 eadem
2752 1230 2909 1283 etin
2971 1230 3211 1283 tenebris
3273 1230 3614 1283 abscondere

2028 1336 2388 1390 praesumunt.
2427 1321 2522 1374 His
2548 1320 2619 1374 ita
2659 1321 2920 1388 peractis,
2959 1330 3014 1374 et
3049 1322 3098 1373 vi
3125 1322 3448 1385 dicendi,,et
3480 1320 3613 1374 reli—

2027 1426 2136 1480 quo
2177 1412 2449 1480 superbiae
2480 1411 2623 1465 fastu
2654 1411 3112 1479 incomparabiles
3145 1412 3266 1475 \iri,
3306 1422 3362 1466 ct
3397 1414 3488 1481 qui
3520 1428 3613 1465 eos

2028 1502 2084 1556 in
2117 1504 2306 1557 eadem
2335 1513 2481 1556 secta
2513 1503 2795 1557 subsecuti
2834 1512 2983 1565 sunt,
3013 1502 3066 1555 in
3097 1502 3275 1556 simile
3321 1517 3615 1571 argumen-

2029 1603 2143 1649 tum
2182 1595 2562 1649 universorum
2597 1595 2871 1649 machinis
2917 1595 3229 1662 expositum
3278 1594 3482 1662 scripta
3518 1609 3617 1661 pu-

2027 1687 2328 1750 blicarunt,
2363 1697 2803 1756 accuraruntqne
2843 1685 3112 1746 studiose,
3151 1701 3222 1739 ne
3247 1686 3403 1739 nobis
3450 1685 3614 1738 iuno.

2030 1790 2329 1846 tescerent,
2365 1783 2462 1836 sed
2494 1783 2732 1835 laterent
2763 1781 2818 1833 in
2847 1780 3067 1842 abditis,
3113 1779 3306 1833 eodem
3340 1781 3457 1848 ipso
3490 1796 3612 1832 ιιιο-

2029 1874 2121 1938 do,
2167 1891 2277 1943 quo
2304 1883 2359 1928 et
2390 1873 2559 1929 duces
2610 1871 2931 1927 eorumdem
2978 1870 3300 1932 eﬂ'ecerant,
3360 1871 3453 1925 sed
3483 1886 3610 1925 cum

340 1962 469 2025 ὅλας
520 1963 658 2016 ἑτῶν
704 1963 938 2026 δεκάδας
970 1948 1279 2029 ἐκτέταται,
1344 1965 1495 2034 σχεῖν
1543 1963 1915 2034 ἠδυνήθημεν,

2030 1968 2247 2023 tandem
2279 1967 2735 2038 subsequentium
2765 1966 3042 2020 contraria
3096 1965 3316 2033 scripta.
3344 1964 3411 2018 ab
3438 1979 3506 2018 eo
3537 1964 3610 2018 si-

337 2056 451 2110 δεῖν
478 2055 736 2127 ᾠήθημεν
764 2056 1187 2125 ἐπισκέψασθαι,
1214 2059 1361 2119 ὅπως
1388 2050 1547 2109 αὗται
1576 2059 1643 2127 τῇ
1672 2058 1814 2111 κατὰ
1839 2057 1928 2112 κέ·

339 2146 520 2201 λευσιν
548 2150 658 2218 ἄρα
688 2147 1024 2218 Δεσποτικὴν
1049 2148 1160 2202 τῶν
1197 2150 1429 2218 Γραφῶν
1460 2149 1751 2220 ἐρευνήσει
1786 2167 1926 2219 συμ..
1960 2151 1967 2157 ’

340 2241 618 2311 φέρονταιι
666 2242 776 2294 Καὶ
823 2242 1297 2312 προηγησαμένης
1329 2243 1523 2312 ἐτέρας
1552 2241 1652 2315 τὴν
1699 2260 1925 2313 προκει-

342 2334 510 2404 μένην
538 2333 696 2402 τήνδε
722 2333 982 2404 δευτέραν
1009 2334 1251 2403 ἀθρῆσαι
1273 2335 1658 2405 διανοούμεθα,
1688 2337 1747 2390 ἐν
1775 2330 1920 2411 ᾗπερ

337 2426 367 2479 ὸ
394 2422 600 2495 ταύτην
625 2425 920 2493 ἐκθέμενος
955 2424 1192 2493 διάλεξιν
1245 2426 1586 2496 συντίθησιν,
1619 2427 1697 2490 ὡς
1730 2427 1918 2496 φαίνε-

336 2535 451 2579 ται,
485 2518 857 2586 ποιησάμενος
915 2519 1054 2581 μετά
1096 2534 1241 2580 τινος
1295 2517 1401 2570 τῶν
1426 2518 1523 2573 τοῦ
1579 2520 1779 2589 μέρους
1816 2519 1919 2588 τῆς

348 2610 666 2677 Ῥωμαῖκῆς
716 2609 1064 2679 Ἐκκλησίας,
1101 2608 1335 2681 πρώτως
1394 2610 1495 2680 μὲν
1520 2613 1579 2678 ἐξ
1609 2611 1797 2682 ἀρχῶν
1826 2614 1920 2665 καὶ

336 2703 744 2773 προϐλημάτων
798 2704 1202 2774 συνισταμένην
1232 2704 1341 2756 τῶν
1386 2706 1494 2757 ἀπὸ
1522 2704 1765 2767 διανοίας
1811 2705 1920 2775 ἀμ-

337 2797 476 2863 φοῖν,
523 2795 619 2848 καὶ
671 2793 731 2846 οὐ
790 2793 962 2863 δήπου
999 2792 1110 2846 τῶν
1151 2795 1258 2847 ἀπὸ
1283 2798 1385 2864 τῆς
1435 2796 1689 2866 Γραφῆςο
1724 2795 1917 2849 ἔπειτα

335 2885 393 2938 δὲ
408 2887 479 2955 si:
505 2889 614 2939 πᾶν
633 2886 741 2938 τῶν
757 2886 999 2956 ἐλέγχων
1020 2884 1080 2950 ἐξ
1095 2887 1289 2956 αὐτῆς,
1305 2888 1379 2950 ὡς
1401 2889 1594 2952 οἴεται,
1612 2889 1922 2958 συμπεραί-

333 2992 438 3029 νων
465 2977 812 3047 παρίστησιν.
840 2977 994 3030 Ἐπεὶ
1025 2977 1155 3045 γοῦν
1176 2980 1308 3048 ἡμῖν
1339 2980 1640 3050 ἀναγκαῖον
1674 2982 1920 3034 ἁπαντα-

332 3069 431 3140 χοῦ
463 3069 525 3123 τὸ
551 3058 673 3122 τῶν’
691 3070 849 3123 θείων
878 3071 1159 3141 ἐξέχεσθαι
1188 3073 1404 3142 ῥήσεων
1427 3073 1486 3126 ἐν
1506 3091 1565 3127 τε
1602 3077 1715 3137 τοῖς
1742 3075 1919 3145 ἀρχῆς

333 3164 431 3216 ἀπ’
465 3163 664 3233 ἄκρας,
698 3163 758 3216 ἓν
781 3181 841 3217 τε
863 3166 974 3221 τοῖς
1006 3165 1217 3232 μέσοις.
1243 3165 1300 3217 ἐν
1324 3182 1383 3217 τε
1413 3169 1526 3227 τοῖς
1556 3167 1917 3230 τελευταίοις,

322 3257 392 3308 ἐν
428 3256 835 3326 προϐλήμασιν,
884 3257 941 3309 ἐν
966 3257 1261 3325 διαλόγοις,
1302 3260 1360 3310 ἐν
1392 3260 1805 3331 ἀντιρῤήσεσιν,
1859 3265 1916 3315 ἐν

2026 2060 2246 2129 quidem
2285 2068 2536 2128 tempore
2569 2059 2796 2127 integrat
2820 2071 3092 2110 annorum
3120 2056 3355 2110 decedes
3382 2062 3610 2123 [ιι-αξιοι·-

2026 2152 2196 2221 lapsae
2249 2160 2404 2215 sunt,
2480 2150 2730 2205 obtinere
2789 2149 3087 2220 potuimus,
3148 2148 3609 2202 considerandum

2024 2244 2186 2299 nobis
2207 2259 2332 2298 esse
2366 2243 2765 2313 reputavimus,
2793 2257 2925 2295 num
2979 2240 3069 2293 illa
3116 2240 3417 2295 secundum
3470 2256 3611 2308 prae-

2023 2344 2244 2405 ceptum
2285 2336 2630 2389 Dominicum
2672 2350 2800 2390 cum
2837 2332 3261 2403 investigatione
3290 2331 3612 2401 Scriptura-

2022 2443 2143 2481 rum
2175 2427 2537 2482 concordant.
2598 2424 2664 2481 Et
2706 2441 2831 2481 cum
2874 2425 2987 2493 jam
3053 2425 3158 2478 alia
3204 2424 3608 2493 praecesserint,

2021 2518 2143 2573 haec
2173 2519 2434 2583 secunda,
2491 2533 2615 2587 qua:
2648 2533 2760 2587 prae
2786 2517 3041 2573 manibus
3092 2527 3242 2579 sunt,
3294 2519 3611 2572 examinare

2021 2613 2240 2666 animus
2293 2618 2402 2674 est,
2465 2609 2521 2664 in
2577 2610 2781 2679 quibus
2850 2608 3090 2679 scriptor
3145 2609 3482 2678 colloquium
3547 2616 3608 2661 nt

2020 2703 2235 2758 videtur
2319 2702 2601 2770 componit
2670 2716 2796 2756 eum
2859 2702 2978 2755 viro
3025 2716 3132 2755 una
3170 2716 3295 2755 cum
3361 2700 3608 2754 Romana

2020 2794 2264 2850 Ecclesia
2282 2794 2575 2858 sentiente,
2594 2793 2831 2861 primum
2853 2792 3073 2861 quidem
3106 2792 3394 2862 principiis
3410 2803 3466 2846 et
3485 2807 3610 2857 pro-

2020 2886 2352 2941 blematibus
2384 2900 2450 2939 ex
2486 2880 2769 2953 utriusque
2796 2885 3089 2948 sententia,
3127 2892 3184 2937 et
3215 2898 3321 2936 non
3362 2897 3430 2936 ex
3461 2881 3613 2935 Scri-

2019 2989 2179 3051 ptura
2208 2978 2416 3048 petitis,
2462 2976 2813 3047 postmodum
2871 2975 2983 3029 vim
3026 2983 3081 3028 et
3134 2990 3403 3029 summam
3446 2988 3613 3039 argu-

2021 3079 2332 3125 mentorum
2367 3085 2437 3124 ex
2472 3068 2688 3128 eadem,
2719 3076 2779 3122 ut
2819 3067 2922 3121 sibi
2968 3065 3206 3129 videtur,
3269 3063 3611 3121 concludens

2020 3163 2300 3233 proponit.
2335 3161 2469 3217 Cum
2502 3163 2684 3230 itaque
2710 3158 2874 3213 nobis
2900 3158 3282 3213 necessarium
3332 3157 3407 3212 sit
3473 3156 3608 3211 locis

2023 3254 2078 3309 in
2109 3254 2368 3309 omnibus
2415 3253 2620 3310 divinis
2664 3251 2902 3321 eloquiis
2949 3250 3349 3312 adluxerescere,
3408 3248 3607 3302 tumin

333 3351 521 3414 ἄλλαις
547 3352 829 3404 ἐπιθέσεσιν
856 3352 1233 3421 οίαισδὴτισιν,
1265 3353 1438 3416 ἄλλως
1464 3372 1524 3407 τε
1556 3360 1651 3407 καί
1685 3355 1795 3409 τῶν
1817 3356 1917 3427 τὴν

2022 3348 2253 3418 primis,
2329 3355 2445 3402 tum
2506 3347 2562 3400 in
2626 3346 2855 3412 mediis,
2915 3353 3028 3399 tum
3084 3342 3138 3397 in
3172 3343 3499 3412 postremis,
3552 3340 3609 3394 in

334 3445 716 3514 ἐπενεχθεῖσαν
748 3446 1031 3501 διάστασιν
1090 3448 1468 3514 κρατυνόντων
1522 3446 1682 3501 θείων
1709 3448 1911 3516 λογίων

334 3539 693 3608 παρατροπὴν
722 3540 802 3601 εἰς
830 3539 1010 3592 αἰτίαν
1047 3539 1525 3610 προϐαλλομένων.
1562 3540 1910 3611 παρορατέον

331 3634 457 3694 τοὺς
484 3632 592 3698 ἔξω
618 3630 785 3684 τῶνδε
813 3632 1292 3703 προδληματικοὺς
1325 3632 1663 3703 φερομένους
1693 3633 1908 3700 λόγους,

332 3720 408 3783 ὡς
435 3721 923 3787 ἁποδιισταμένους
969 3720 1063 3774 τοῦ
1097 3723 1339 3783 δέοντος-
1375 3720 1467 3784 οὓς
1514 3722 1572 3774 δὲ
1604 3723 1702 3785 τῆς
1741 3722 1909 3774 διενέο

333 3810 467 3877 ξεως
492 3813 578 3866 ὅδε
630 3812 952 3884 ξυλλήπτωρ
974 3813 1034 3876 ἐξ
1064 3812 1224 3883 ἱερῶν
1260 3814 1529 3882 προφέρει
1560 3812 1756 3880 λογίων
1789 3813 1912 3876 ἐξε-

331 3905 580 3969 ταστέον,
617 3903 693 3968 ὡς
743 3898 856 3957 οἷόν
894 3920 976 3967 τε,
1023 3896 1098 3957 ὧν
1151 3903 1305 3956 ἐνθεν
1361 3905 1425 3975 δὴ
1461 3904 1559 3960 καὶ
1611 3905 1914 3974 ποιήσομαι

258 4028 275 4049 χ
330 3995 429 4067 τὴν
458 3998 654 4067 ἀρχὴν,
676 3996 808 4051 ἔνθα
830 4000 974 4052 κατὰ
999 3997 1144 4062 λέξιν
1168 3995 1311 4051 οὕτω
1333 3995 1615 4063 διέξεισιν.

2020 3438 2475 3509 problematibus,
2510 3437 2566 3491 in
2603 3436 2858 3506 dialogis,
2908 3435 2962 3489 in
2988 3433 3434 3494 refutationibus.
3469 3432 3607 3486 etin

2019 3535 2142 3590 aliis
2171 3511 2595 3603 quibuscu'nque
2649 3530 3109 3601 expositionibus,
3170 3540 3228 3584 et
3259 3527 3607 3599 potiSsimum

2023 3642 2147 3682 cum
2178 3627 2271 3696 qui
2297 3628 2410 3695 jam
2455 3626 2664 3679 illatum
2694 3623 2988 3678 dissidium
3020 3622 3232 3685 fovent,
3291 3622 3607 3677 divinorum

2022 3718 2363 3788 eloquiorum
2395 3715 2852 3785 improbationem
2903 3730 3125 3769 causam
3189 3714 3361 3769 fuisse
3401 3729 3610 3784 propo-

2022 3820 2180 3872 nant,
2218 3809 2532 3879 negligendi
2565 3818 2695 3863 sunt
2725 3806 2933 3863 deforis
2963 3807 3292 3861 accedentes
3321 3819 3608 3859 sermones

2022 3902 2425 3973 problematici,
2459 3910 2719 3969 tanquam
2751 3900 2843 3969 qui
2874 3913 2906 3954 a
2938 3899 3136 3953 decoro
3186 3897 3605 3967 disjunctissimi

2023 4003 2174 4057 sunt,
2196 4009 2335 4062 quos
2363 4008 2494 4048 vero
2528 3992 2742 4048 dissidii
2776 3992 2867 4046 hic
2913 4000 3287 4062 propugnator
3342 4005 3407 4045 ett
3436 3991 3609 4046 sacris

1880 4152 1927 4163 ΔΑ
2022 4085 2257 4155 eloquiis
2282 4085 2515 4156 profert.
2554 4095 2614 4142 ut
2641 4084 2758 4140 ﬁeri
2784 4093 2982 4155 poti-st,
3018 4084 3428 4147 examinentur,
3456 4084 3608 4153 prin-

408 4268 472 4338 β’,
515 4286 536 4320 t
565 4268 916 4323 Ἀποστέλλει
943 4287 1026 4333 τις
1054 4269 1260 4337 δοῦλον,
1312 4271 1344 4341 ἢ
1379 4273 1516 4337 υἱὸν,
1546 4272 1579 4343 ἢ
1616 4272 1668 4325 τὶ
1698 4272 1907 4342 ἕτερον,

332 4360 462 4431 παρ’
491 4359 651 4415 ἄλλου
676 4360 832 4415 τοῦτο
858 4362 1057 4426 λαϐὼν,
1084 4363 1116 4433 ἢ
1145 4364 1240 4416 καὶ
1271 4364 1432 4428 αὐτὸς
1454 4364 1622 4433 ἐχωψ
1647 4366 1743 4418 καὶ
1773 4368 1910 4419 ἀπο-

332 4453 641 4507 στέλλουσιν
692 4454 751 4517 ᾳί
804 4455 1026 4519 ἀκτῖνες
1087 4456 1183 4510 τοῦ
1218 4457 1376 4526 ἡλίου
1407 4457 1602 4527 μέχρις
1646 4458 1811 4527 ἡμῶν
1846 4459 1908 4514 τὸ

330 4546 465 4613 φῶς,
492 4547 644 4616 παρὰ
676 4546 770 4600 τοῦ
797 4548 950 4618 ἡλίου
978 4549 1221 4617 δηλονότι
1244 4550 1375 4604 αὐτὸ
1413 4549 1654 4619 ἔχουσαι.
1702 4552 1826 4603 Ἐπὶ
1846 4551 1906 4604 δὲ

328 4639 425 4707 τῆς
450 4640 702 4709 θεότητος
754 4640 786 4707 ἡ
824 4640 1047 4693 εὐδοκία
1082 4642 1177 4695 τοῦ
1201 4642 1412 4711 [ἰατρὸς
1440 4643 1584 4696 κατὰ
1608 4643 1698 4697 τὸν
1733 4644 1909 4698 μέγαν

2021 4178 2335 4249 cipiumque
2367 4176 2586 4243 iactatu,
2614 4177 2707 4232 ubi
2754 4178 2844 4231 ille
2876 4177 2959 4232 sic
3003 4177 3300 4246 eloquitur.

2104 4290 2125 4324 ς
2172 4271 2337 4326 Mittit
2366 4273 2490 4340 quis
2516 4286 2765 4335 servum,
2801 4280 2894 4325 aut
2937 4272 3135 4335 lilium,
3188 4278 3284 4324 aut
3325 4268 3607 4340 quidpiam

2021 4364 2196 4430 aliud,
2226 4366 2296 4420 ab
2326 4364 2438 4419 alio
2471 4363 2601 4419 illud
2643 4363 2946 4433 accipiens,
3000 4364 3087 4418 vel
3112 4364 3228 4433 ipse
3297 4379 3364 4417 ex
3414 4378 3476 4417 se
3506 4363 3609 4416 ha-

2023 4459 2182 4522 bens,
2214 4469 2271 4513 et
2310 4461 2538 4513 mittunt
2570 4459 2707 4512 radii
2743 4458 2877 4514 solis
2922 4456 2991 4511 ad
3026 4472 3127 4511 nos
3159 4458 3369 4518 lumen,
3412 4471 3443 4510 a
3490 4456 3613 4510 sole

2021 4566 2223 4619 nempe
2255 4550 2385 4605 illud
2419 4550 2706 4605 habentes.
2760 4549 2819 4603 In
2873 4548 3075 4603 divinis
3118 4562 3252 4603 vero
3289 4547 3609 4615 beneplaci-

2022 4651 2137 4699 tum
2168 4644 2371 4707 Patris,
2420 4644 2498 4697 uti
2561 4658 2793 4714 magnus
2826 4640 3126 4712 Gregorius
3168 4642 3389 4703 scribit,
3417 4635 3618 4693 missio

329 4732 631 4803 Γρηγόριον
660 4733 931 4802 ἀποστολὴ
957 4734 1172 4796 λέγεται
1202 4735 1296 4789 τοῦ
1328 4737 1485 4793 Υῐοῦ.
1512 4738 1649 4807 Φησὶ
1684 4738 1816 4808 γὰρ,
1849 4738 1910 4791 Ei

2022 4735 2220 4790 dicitur
2254 4735 2412 4801 Filii;
2465 4750 2702 4805 namque
2729 4734 2853 4788 ait:
2891 4733 3098 4799 Quodsi
3143 4742 3205 4788 ut
3260 4732 3429 4797 Deus,
3470 4732 3616 4801 (ιυὶὰ
3674 4743 3678 4746 ’

327 4824 385 4877 δὲ
415 4828 509 4879 καὶ
537 4824 612 4889 ὡς
641 4825 796 4888 Θεὸν,
827 4825 881 4879 τί
912 4826 1110 4893 τοῦτο;
1148 4827 1265 4899 Τὴν
1283 4829 1536 4883 εὐδοκίαν
1568 4829 1662 4883 τοῦ
1698 4832 1911 4901 Πατρδς

328 4912 633 4984 ἀποστολὴν
659 4911 799 4969 εἶναι
833 4916 1077 4985 νόμισον.
1126 4919 1235 4970 Καὶ
1283 4919 1313 4985 ἡ
1344 4918 1437 4970 τοῦ
1495 4918 1630 4971 Υίοῦ
1665 4919 1914 4989 δηλονότι

327 5004 547 5059 εὐδοκία
576 5007 851 5075 ἀποστολὴ
884 5008 1103 5075 λέγεται
1133 5007 1228 5062 τοῦ
1287 5009 1627 5078 Πνεῦματος.
1675 5010 1823 5082 Ἑρεῑ
1854 5010 1912 5063 δέ

326 5112 431 5160 τις,
458 5098 612 5150 Διατί
664 5098 739 5168 μὴ
766 5099 862 5152 καὶ
887 5100 916 5152 ὀ
946 5100 1074 5163 Υἱὸς
1106 5101 1325 5167 λέγεται
1369 5102 1795 5156 ἀποστέλλεσθαι
1825 5104 1914 5156 διὰ

326 5188 421 5241 τοῦ
449 5190 801 5259 Πνεῦματος;
837 5194 946 5246 Καὶ
981 5193 1089 5265 μὴν
1110 5193 1261 5262 παρὰ
1288 5194 1366 5264 τῷ
1400 5194 1600 5265 Ἡσαΐᾳ
1625 5195 1725 5247 καὶ
1756 5197 1915 5248 τοῦτο

327 5278 561 5344 λέγεται.
616 5281 756 5350 Φησὶ
812 5283 921 5351 γὰρ
955 5283 1165 5346 ἐκεῖνος
1198 5283 1271 5348 ὡς
1323 5285 1433 5337 ἀπὸ
1466 5284 1762 5355 προσώπου
1815 5284 1913 5337 τοῦ

327 5370 456 5424 Υἱοῦ
482 5390 495 5402 ’
538 5372 685 5441 Ἐγὼ
707 5373 922 5442 Κύριος
953 5376 1107 5429 κατὰ
1140 5377 1354 5443 καιρὸν
1374 5375 1627 5441 συνάξω
1658 5378 1905 5442 αὐτούς.

324 5464 570 5533 Πνεῦμα
618 5467 840 5534 Κυρίου
866 5466 961 5519 ἐπ’
996 5467 1121 5532 ἐμὲ,
1168 5463 1241 5523 οὗ
1284 5467 1501 5523 ἕνεκεν
1557 5467 1766 5537 ἐχρισέ
1790 5484 1867 5537 με
1890 5485 1904 5500 ·

322 5562 829 5630 εὐαγγελίσασθαι
884 5562 1147 5631 πτωχοῖς
1186 5563 1542 5618 ἀπέσταλκέ
1585 5581 1682 5631 με,
1729 5563 1906 5618 trioa-

322 5657 463 5708 σθαι
486 5655 627 5715 τοὺς
650 5657 1199 5725 συντετριμμένους
1222 5655 1337 5723 τὴν
1362 5657 1638 5724 καρδίαν.
1666 5657 1726 5708 El.
1756 5657 1812 5709 δέ
1825 5673 1908 5718 τις
1954 5710 1957 5713 _

311 5744 470 5818 ⁴λέγει
498 5746 586 5800 διὰ
617 5748 714 5816 τὴν
740 5748 920 5818 σάρκα
950 5748 1110 5801 τοῦτο
1140 5747 1317 5812 οὕτως
1353 5749 1627 5819 εἰρῆσθαι,
1667 5752 1728 5803 οη)
1761 5750 1909 5803 δοκεῖ

321 5838 578 5908 ἀσφαλῶς
612 5840 812 5906 λέγειν.
872 5841 946 5895 Τὸ
1003 5844 1113 5912 γὰρ
1150 5842 1265 5911 ἐγὼ
1301 5844 1521 5911 Κύριος
1571 5846 1638 5912 τῇ
1698 5844 1910 5917 ᾗεὸτητι

394 5938 413 5967 ν
448 5940 522 5989 λεδ·
585 5951 663 6002 tu,
709 5936 760 5990 ὃ.
839 5940 856 5967 ²
889 5938 989 5992 lsu.
1021 5953 1126 5991 in.
1178 5940 1234 6005 l;
1270 5940 1398 5992 Luc.
1441 5956 1512 6006 tv,
1553 5940 1612 5994 18

2015 4827 2122 4882 hoc
2157 4826 2369 4881 fuerit?
2429 4825 2842 4893 Beneplacitum
2906 4824 3087 4879 Patris
3120 4823 3439 4878 missionem
3486 4837 3622 4878 esse
3656 4876 3661 4881 ν

2016 4930 2236 4991 reputa,
2260 4934 2317 4977 et
2348 4921 2468 4976 Filii
2500 4935 2700 4990 nempe
2735 4919 3141 4989 beueplacitum
3179 4918 3369 4972 missio
3398 4918 3618 4973 dicitur

2022 5017 2286 5087 Spiritus.
2322 5015 2464 5069 Dicit
2499 5029 2668 5084 porro
2696 5011 2969 5083 quispiam
3006 5027 3023 5065 :
3052 5010 3237 5077 Quare
3267 5025 3376 5064 non
3425 5018 3485 5064 et
3516 5010 3613 5063 Fi-

2016 5106 2123 5160 lius
2163 5106 2363 5159 dicitur
2409 5105 2551 5158 mitti
2587 5120 2683 5172 per
2741 5102 3053 5173 Spiritum?
3110 5104 3182 5154 At
3241 5099 3345 5155 hoc
3384 5100 3620 5168 quidem

2018 5200 2162 5268 apud
2225 5198 2418 5253 Isaiam
2470 5198 2724 5251 habetur.
2796 5197 2888 5251 Ait
2928 5194 3205 5263 siquidem
3256 5194 3346 5261 ille
3409 5194 3486 5247 uti
3540 5210 3606 5248 ex

2023 5302 2257 5355 persona
2291 5285 2416 5340 Filii
2453 5284 2617 5356 t-Ego
2667 5284 2949 5347 Dominus,
2997 5300 3116 5336 cum
3173 5293 3377 5350 tempus
3425 5284 3611 5354 fuerit,

2023 5379 2345 5451 congregabo
2375 5379 2585 5449 ipsos‘.
2630 5378 2865 5446 Spiritus
2920 5375 3135 5430 Domini
3162 5392 3320 5447 super
3385 5392 3485 5437 me,
3547 5392 3611 5430 eo

2015 5474 2154 5543 quod
2201 5473 2407 5525 tinxerit
2436 5488 2551 5535 me;
2573 5472 2644 5524 ad
2678 5469 3105 5524 annuntiaudum
3157 5469 3477 5538 pauperibus
3511 5468 3619 5521 mi-

2014 5566 2082 5618 sit
2115 5581 2218 5628 me,
2246 5574 2301 5618 ut
2338 5565 2577 5618 mederer
2607 5565 2846 5617 contritis
2872 5562 3030 5616 corde
3055 5562 3096 5615 ³.
3130 5561 3336 5627 Quodsi
3367 5563 3490 5631 quis
3527 5562 3611 5615 di-

2014 5659 2158 5711 xerit
2179 5657 2231 5712 id
2265 5667 2490 5727 propter
2521 5671 2742 5712 carnem
2770 5653 2980 5709 dictum
3018 5654 3210 5721 fuisse,
3241 5670 3350 5709 non
3386 5654 3613 5708 videtur

2016 5749 2069 5803 id
2117 5749 2323 5818 absque
2353 5764 2543 5803 errore
2564 5762 2834 5803 asserere.
2871 5746 3012 5802 Illud
3046 5748 3216 5811 enim,
3276 5746 3388 5818 Ego
3416 5747 3610 5801 Danai-

2024 5860 2143 5908 nus,
2195 5842 2417 5898 deitatis
2451 5841 2735 5911 proprium
2766 5850 2876 5906 est,
2906 5842 2989 5895 vel
3046 5842 3240 5897 saltem
3279 5828 3522 5910 utrique,
3548 5851 3608 5895 et
