4072 6404
319 328 454 392 1313

1292 324 1590 386 CONTRA
1623 315 2052 381 MANUELEM
2100 314 2556 375 CRETENSEM

3426 306 3574 372 1314

311 448 590 515 ἡμετέραν
623 442 822 513 σάρκα.
859 460 876 493 ι
914 441 1020 495 Καὶ
1052 440 1225 493 ταῦτα
1276 439 1375 510 μὲν
1399 440 1449 491 οῖ
1478 438 1766 507 θεόφρονες
1790 450 1805 467 ο
1844 436 1891 486 οἱ

2001 438 2373 499 penetrantes.
2405 443 2528 481 cum
2556 426 2748 482 dicunt
2780 425 2943 489 mitti,
2976 421 3337 495 suppeditari,
3374 431 3429 475 et
3455 421 3577 475 dari

309 540 369 592 δὲ
396 538 490 591 νῦν
509 537 720 591 τούτων
752 535 952 605 μᾶλλον
981 537 1062 598 είς
1089 534 1157 588 τά
1182 533 1320 604 βάθη
1344 534 1442 602 τῆς
1476 531 1754 598 θεολογίας
1783 530 1897 582 είσ-

308 630 520 693 δύντες,
559 626 986 682 ἀποστέλλεσθαι
1013 628 1107 679 καὶ
1133 626 1512 698 χορηγεῖσθαι,
1532 625 1628 678 καὶ
1655 621 1898 676 δίδοσθαι

314 717 468 789 παρὰ
492 715 588 769 τοῦ
622 715 755 769 Υίοῦ
789 715 851 769 τὸ
878 713 1104 785 Πνεῦμα
1149 714 1475 783 φωνοῦντες,
1517 712 1576 765 τὸ
1612 712 1687 781 μὴ
1714 710 1773 775 ἐξ
1795 710 1896 763 αὐ-

310 813 430 877 τοῦ,
463 810 600 865 ἀλλά
624 811 686 865 τὸ
739 812 803 865 ὲκ
845 811 942 865 τοῦ
975 812 1188 882 Πατρρς
1228 811 1389 881 μόνου
1445 810 1560 881 μετ’
1602 809 1769 877 δγκου
1804 809 1899 862 καὶ

311 902 650 972 θρασύτητος
701 903 1117 972 ἀποφαίνονται.
1157 901 1216 956 '0
1247 903 1305 956 δὲ
1345 903 1445 972 τὴν
1476 900 1778 971 ἀποστολὴν
1804 898 1896 953 οὔ·

302 1011 411 1056 τως
435 991 601 1047 οὖσαν
623 993 876 1047 εὐδοκίαν
907 993 1247 1063 ὁμολογήσας
1271 994 1352 1056 εἰς
1377 994 1655 1062 ἀναίρεσιν
1674 993 1774 1061 τὴν
1799 989 1894 1045 τοῦ

304 1084 363 1147 ἐξ
390 1082 556 1136 αὐτου
584 1084 921 1153 καινοτέροις
947 1079 1022 1137 ὧν
1050 1084 1325 1152 φθάνομεν
1354 1082 1673 1153 ἀκηκοέναι,
1710 1082 1803 1134 καὶ
1832 1081 1894 1134 τὺ

312 1173 536 1244 Πνεῦμα
602 1175 695 1228 τὸν
751 1175 880 1228 Υίὸν
928 1174 1281 1229 ἀποστέλλειν
1342 1172 1671 1243 διαγορεύει,
1728 1172 1891 1243 ῥῆσιν

326 1265 551 1318 Ἦσαῖου
579 1266 674 1319 τοῦ
709 1269 767 1319 ὲν
813 1266 1122 1339 προφήταις
1162 1264 1677 1336 μεγαλοφωνοτάτου
1703 1281 1890 1334 παρα-

309 1355 498 1420 τιθεὶς,
519 1354 596 1419 ὡς
617 1356 682 1408 ἐκ
704 1355 998 1427 προσώπου
1016 1357 1332 1425 φάσκουσαν
1352 1358 1448 1409 τοῦ
1478 1355 1605 1408 Υίοῢ
1629 1372 1644 1386 ·
1684 1354 1888 1408 ιῐΙνεῦ-

309 1464 385 1515 μα
418 1447 625 1517 Κυρίου
657 1450 745 1502 ἐπ’
776 1449 899 1517 ἐμὲ,
929 1440 993 1502 οὗ
1027 1447 1191 1501 ’ἑνεκα
1234 1446 1418 1518 ἐχρισέ
1450 1462 1540 1518 με.
1590 1445 1888 1514 Εὐαγγελί-

310 1543 772 1604 σασθαιπτωνοῖς
802 1540 1114 1594 ἀπέσταλκε
1151 1556 1238 1594 με.
1276 1558 1297 1592 ι

377 1730 448 1790 γ’.
482 1720 612 1775 Εἶτα
637 1722 728 1774 τὸν
756 1722 981 1793 ἐροῦντα
1024 1723 1113 1775 διὰ
1151 1721 1252 1793 τὴν
1292 1721 1470 1789 σάρκα
1517 1719 1691 1784 οὕτως
1728 1719 1902 1789 είρῆο·

311 1813 436 1866 σθαι
465 1812 774 1877 ἀποσοϐῶν,
802 1813 897 1864 καὶ
931 1808 1005 1883 μὴ
1035 1812 1217 1881 λέγειν
1247 1811 1505 1881 ἀσφαλῶς
1529 1810 1885 1879 διαγγέλλων,

308 1904 538 1958 ἀτοπίαν
570 1904 766 1973 δφεξῆς
796 1904 1126 1974 ὲπισυνείρει
1169 1906 1234 1974 τῇ
1274 1903 1475 1973 ἀτοπίᾳ
1518 1903 1612 1955 καὶ
1648 1900 1746 1970 τὴν
1781 1899 1897 1953 ἐτέ-

313 2013 413 2067 ραν
436 1996 523 2051 διὰ
544 1999 643 2065 τῆς
692 1995 883 2066 ἑτέρας
932 1993 1353 2059 κατασκευάζει.
1410 1993 1485 2046 Τὸ
1515 1993 1623 2062 γὰρ
1678 2009 1697 2043 ι
1751 1991 1893 2060 Ἐγὼ

310 2086 514 2158 Κύριος
552 2105 570 2137 ι
604 2086 847 2153 ιπάγων,
880 2104 900 2138 ι
935 2087 1003 2155 τῇ
1043 2084 1261 2154 θεότητι
1312 2084 1599 2153 προσήκει,
1629 2101 1647 2134 ι
1709 2083 1893 2150 φησὶν,

315 2198 333 2230 ι
362 2179 395 2249 ἢ
426 2177 643 2241 πάντως
665 2176 745 2247 τῷ
774 2177 1190 2248 συναμφοτέρῳ.
1226 2195 1246 2228 ι
1285 2176 1347 2229 Ei
1375 2177 1473 2246 μὲν
1499 2170 1614 2243 οὖν,
1638 2174 1713 2237 ὡς
1741 2168 1897 2236 οὗτος

308 2269 562 2323 ἐνταυθοῖ
588 2268 1016 2334 διαὸεὸαιοῦται,
1046 2268 1145 2338 τῆς
1169 2268 1477 2367 Gemitu/pia;
1520 2268 1576 2319 αι
1622 2267 1717 2319 τοῦ
1762 2263 1893 2318 Υἱοῦ

310 2363 488 2432 φωναὶ
515 2362 618 2433 τῆς
642 2364 793 2433 ἱερᾶς
826 2362 864 2414 Γ
871 2365 1073 2432 ραφῆς,
1104 2364 1162 2414 ὲν
1190 2356 1277 2424 αἷς
1299 2356 1349 2414 οἶ
1378 2361 1523 2427 λόγοι
1553 2361 1621 2412 τὰ
1651 2360 1778 2428 περὶ
1798 2358 1895 2412 αὑ-

307 2453 404 2506 τοῦ
425 2451 520 2507 τοῦ
544 2451 895 2523 θεανθρὼπου
925 2453 1099 2521 Λόγου
1156 2450 1502 2522 mmmam
1546 2451 1638 2504 καὶ
1687 2450 1894 2517 κατάγ-

307 2543 579 2610 γέλλουσι,
608 2544 749 2597 κατὰ
775 2543 873 2613 τὴν
896 2542 1123 2612 θεότητα
1154 2542 1459 2612 πανταχόσε
1506 2541 1893 2613 ληφθήσονται,

264 2660 269 2671 ι
312 2638 405 2685 καλ⁵
433 2634 634 2703 ἥκιστα
662 2633 806 2686 κατά
831 2635 930 2703 τὴν
961 2634 1140 2704 σάρκα
1171 2634 1265 2686 καὶ
1292 2633 1355 2685 τὺ
1401 2632 1766 2704 ἀνθρώπινον,
1799 2634 1897 2704 μέ-

310 2739 383 2790 γα
436 2721 715 2791 βοήσουσι,
774 2723 868 2775 καὶ
922 2721 1430 2793 κραταιωθήσονται
1479 2723 1540 2775 τὸ
1570 2723 1811 2793 παθητὸν
1848 2724 1896 2777 οἱ

311 2814 718 2885 προσάπτοντες
742 2817 808 2884 τῇ
851 2812 1087 2882 θεότητι,
1116 2812 1218 2881 τῆς
1263 2813 1588 2885 Ἑκκλησίας
1642 2814 1897 2885 συχνοτέ-

313 2921 422 2972 ρως
451 2904 510 2956 ὲν
533 2904 653 2965 ταῖς
677 2903 849 2973 ἱεραῖς
883 2902 1171 2974 μελῳδίαις
1194 2906 1323 2975 περὶ
1348 2904 1455 2960 τῶν
1494 2904 1761 2958 Ἰουδαίων
1787 2906 1897 2960 τῶν

310 2994 675 3064 κυριοκτόνων
700 2994 913 3063 τρανῶς
950 2993 1316 3066 μελῳδούσης,
1343 2996 1424 3049 ετι
1471 3013 1531 3049 τε
1564 2995 1894 3067 ψαλλούσηςο

316 3104 338 3137 ‹
368 3084 661 3156 Θεορῤύτῳ
716 3086 914 3155 αἵματι
972 3085 1285 3153 κενωθέντι,
1341 3086 1580 3141 δέσποτα
1601 3086 1824 3160 Χριστέ.
1870 3106 1890 3141 ι

313 3178 379 3232 Ei
407 3177 499 3233 οὖν
526 3176 699 3241 οὕτως
725 3177 785 3230 αῖ
811 3178 1011 3232 τοιαίδε
1038 3179 1213 3247 φωναὶ
1261 3178 1647 3250 ληφθήσονται,
1684 3178 1769 3241 τίς
1806 3178 1895 3233 λό·

311 3286 408 3339 γος
432 3267 531 3335 τὴν
560 3269 784 3335 τοσήνδε
825 3267 1211 3339 Θεοπασχιτῶν
1258 3269 1569 3340 δυσφημίαν
1619 3269 1898 3340 ἀναχαιτί-

314 3377 490 3425 σειεν;
521 3359 663 3413 Ἀλλ’
686 3360 934 3430 οὐδαμῶς
955 3362 1081 3414 οὔτε
1106 3363 1167 3414 τὸ
1201 3362 1415 3430 Κύριος
1455 3364 1513 3415 ὲν
1565 3366 1674 3424 τοῖς
1724 3366 1898 3417 τοιού-

309 3470 446 3517 τοις,
481 3452 606 3506 οὔτε
638 3451 698 3506 τὸ
737 3454 883 3519 Θεὸς
925 3453 1059 3508 αὐτὸ
1082 3454 1224 3508 κατά
1252 3457 1352 3526 τὴν
1383 3456 1608 3526 θεότητα
1663 3457 1893 3518 διδόασι,

311 3542 448 3598 καθὸ
497 3542 555 3596 δέ
608 3559 674 3610 γε
717 3542 779 3596 τὸ
835 3542 1077 3613 παθητὸν
1104 3543 1244 3597 κατὰ
1280 3543 1379 3613 τὴν
1430 3542 1608 3613 σάρκα
1647 3543 1893 3611 δηλονότι

310 3635 549 3691 νοεῖσθαι
572 3651 632 3689 τι
666 3636 759 3688 καὶ
800 3630 1194 3705 λαμϐάνεσθαι.
1245 3636 1305 3688 Εἰ
1344 3635 1400 3687 δέ
1452 3652 1533 3697 τις
1580 3635 1730 3707 εἴπῃ,
1763 3636 1838 3697 ὡς
1868 3636 1895 3687 ό

310 3728 443 3798 περὶ
470 3724 765 3796 θεορρύτου
793 3723 1027 3795 αἵματος
1079 3723 1408 3784 κενωθέντος
1469 3724 1606 3795 πρὸς
1657 3724 1892 3795 Χριστὸν

308 3820 714 3892 ἀναφερόμενος
747 3816 910 3888 ὕμνος
936 3814 1131 3884 ἑφεξῆς
1155 3832 1318 3887 φησιν
1349 3832 1362 3846 ·
1390 3835 1408 3867 ι
1452 3816 1547 3868 Ἐκ
1564 3816 1660 3884 σῆς
1691 3817 1894 3886 ἀχράν-

308 3929 406 3964 του
466 3911 708 3981 πλευρᾶς
760 3909 855 3962 καὶ
907 3907 1194 3972 ζωοποιοῦ,
1237 3927 1256 3960 ι
1317 3907 1574 3961 σύστασιν
1603 3908 1711 3960 τῶν
1761 3909 1892 3978 παρ’

311 4001 468 4071 ἡμῶν
489 4002 605 4070 ἐρεῖ
635 4001 831 4068 λόγων,
847 4000 947 4055 οὐκ
975 4000 1309 4061 ἐναντίωσιν,
1336 3998 1423 4052 διὰ
1450 3998 1547 4069 τὴν
1575 3997 1893 4069 σωματικὴν

307 4093 556 4162 διαρτίαν
591 4089 763 4146 ταῦτα
802 4091 1065 4161 λεγόντων
1109 4092 1209 4144 οὐκ
1264 4090 1436 4153 ἄλλως
1500 4108 1634 4154 πως.
1688 4091 1751 4144 Εἰ
1798 4091 1892 4144 δ’ὁ

309 4183 405 4238 τοῦ
433 4182 704 4251 ἀντιδόξου
752 4183 913 4253 λόγου
952 4183 1271 4255 βουλόμενος
1321 4184 1706 4255 ὑπερηγορεῖν,
1747 4184 1892 4246 τίνος

312 4274 421 4345 γὰρ
450 4275 613 4329 ἄλλου
639 4275 1070 4347 ἀντιπαραθήσει
1094 4291 1111 4342 ;
1141 4276 1215 4339 ὼς
1248 4275 1378 4329 ενθα
1407 4291 1422 4305 ·
1462 4295 1482 4327 ι
1526 4277 1749 4347 Πνεῦμα
1778 4279 1893 4329 Κυ-

312 4366 431 4438 ρίου
457 4367 543 4422 ὲπ’
577 4367 701 4439 ἐμὲ,
730 4360 792 4421 οὗ
822 4368 1009 4422 ἕνεκεν
1042 4368 1228 4440 ἕχρισέ
1285 4385 1377 4437 με,
1430 4369 1525 4422 καὶ
1577 4367 1889 4422 ἀπέσταλκέ

2001 518 2265 588 Spiritum
2296 533 2327 570 a
2360 517 2522 579 Filio,
2552 532 2658 571 non
2701 532 2770 571 ex
2817 516 2956 586 ipso,
3004 515 3099 570 sed
3143 528 3212 569 ex
3252 514 3413 566 Patre
3463 510 3580 564 solo

2001 603 2325 682 arroganter
2365 619 2422 666 et
2462 608 2758 665 admodum
2807 610 3066 665 audacter
3121 607 3446 662 decernunt.
3485 602 3583 656 Hic

1999 719 2131 758 vero
2152 704 2245 773 qui
2277 703 2598 758 missionem
2637 702 2741 756 hoc
2775 705 2937 757 modo
2965 716 3023 757 se
3060 700 3355 754 habentem
3402 697 3578 750 bene-

1998 793 2258 864 placitum
2289 808 2412 849 esse
2441 792 2620 848 fassus
2652 800 2757 858 est,
2791 793 2859 847 ad
2903 791 3295 848 destruendum
3342 786 3475 842 illud
3515 799 3583 838 ea:

1998 901 2121 955 quo,
2155 899 2305 939 nunc
2333 883 2651 947 novissime,
2698 898 2877 953 neque
2920 884 3067 937 enim
3110 881 3312 937 similia
3352 875 3579 933 audivi-

1999 990 2143 1037 mus.
2173 984 2229 1029 et
2256 973 2454 1028 Filium
2492 973 2560 1027 ab
2604 973 2723 1043 ipso
2771 972 2979 1043 Spiritu
3024 972 3172 1027 mitti
3219 967 3579 1041 pronuntiat,

2002 1065 2208 1120 dictum
2260 1064 2413 1119 Isaiae
2466 1063 2609 1118 inter
2659 1063 2977 1132 prophetas,
3029 1061 3183 1118 vocis
3228 1061 3579 1115 vehementia

2000 1154 2405 1227 praeclarissimi
2449 1154 2777 1225 produceus,
2825 1153 2906 1207 uti
2935 1169 3001 1207 ex
3026 1168 3262 1222 persona
3291 1151 3412 1205 Filii
3446 1165 3577 1221 pro-

1999 1247 2314 1304 nuntiatum
2348 1262 2364 1299 :
2409 1265 2427 1299 ι
2463 1245 2702 1316 Spiritus
2731 1245 2947 1299 Domini
2977 1261 3143 1316 super
3190 1261 3298 1309 me,
3326 1260 3391 1300 eo
3427 1245 3578 1313 quod

2001 1341 2216 1394 unxerit
2270 1353 2393 1403 me,
2443 1338 2510 1392 ad
2562 1336 3002 1406 annuntiandum
3049 1336 3384 1407 pauperibus
3426 1335 3583 1390 misit

2001 1446 2109 1486 me.

2057 1709 2112 1763 5.
2148 1707 2497 1764 Postmodum
2527 1717 2865 1765 asserentem
2903 1707 2958 1763 id
2984 1715 3204 1778 preptcr
3232 1723 3453 1762 carnem
3503 1709 3582 1763 tli-

1999 1810 2150 1857 ctum
2194 1800 2365 1856 fuiSse
2400 1800 2679 1866 refellens,
2743 1801 2908 1870 idque
2961 1815 3073 1855 non
3123 1800 3338 1867 absque
3394 1814 3582 1853 errore

1979 1892 2349 1961 ‘pronuntiari
2386 1892 2744 1957 contendens,
2801 1893 3055 1947 absurdis
3085 1890 3316 1946 absurda
3347 1891 3580 1960 compli-

1999 1991 2109 2046 cat,
2145 1990 2201 2036 et
2249 1982 2354 2037 alia
2412 1997 2512 2053 per
2565 1982 2670 2055 alia
2722 1982 3033 2059 conﬁrmat.
3088 1982 3357 2052 Namque,
3411 1998 3431 2031 ι
3468 1980 3580 2052 Ego

1998 2071 2283 2138 Dominus,
2321 2092 2339 2124 ι
2380 2072 2646 2137 aﬁ'erens,
2689 2093 2707 2125 ι
2746 2073 2948 2129 Deitati
2987 2074 3268 2145 proprium
3317 2080 3421 2133 est,
3477 2072 3578 2139 ait,

2005 2164 2088 2219 vel
2133 2165 2324 2220 saltem
2380 2167 2617 2237 utrique.
2661 2183 2679 2217 ι
2722 2163 2778 2221 Si
2836 2168 3039 2237 itaque,
3099 2177 3159 2221 ut
3206 2166 3325 2234 ipse
3381 2167 3485 2218 hoc
3524 2164 3581 2217 in

2005 2258 2125 2313 loco
2147 2257 2493 2323 determinat,
2556 2274 2718 2313 voces
2772 2258 2971 2315 divina:
3001 2252 3319 2328 'Scripturae
3353 2258 3420 2313 de
3455 2257 3579 2310 dei-

2003 2357 2113 2403 tale
2139 2346 2287 2413 Filii,
2317 2364 2439 2418 quae
2472 2349 2539 2404 de
2572 2348 2750 2406 Verbo
2798 2349 2909 2404 Deo
2939 2359 2993 2404 et
3032 2349 3254 2404 homine
3285 2350 3581 2419 loquuntur

1999 2450 2055 2496 et
2081 2450 2334 2505 tractant,
2362 2443 2428 2497 de
2456 2442 2657 2497 deitate
2678 2451 2979 2508 omnes,.et
3006 2442 3158 2496 nullo
3194 2443 3356 2497 modo
3381 2443 3448 2496 de
3475 2444 3578 2496 hu-

1998 2536 2263 2588 manitate
2292 2544 2347 2588 et
2372 2549 2538 2589 carne
2562 2534 2921 2604 actipientur,
2958 2550 3212 2606 magnum
3241 2535 3575 2599 clamabunt,

2002 2635 2057 2681 et
2081 2626 2532 2681 conslabilientur
2563 2626 2872 2696 passionem
2903 2627 3171 2682 divinitati
3200 2627 3577 2697 appingentes,

2001 2732 2126 2773 cum
2154 2718 2400 2773 Ecclesia
2427 2718 2729 2787 saepissime
2753 2718 2807 2773 in
2829 2719 3236 2773 saeriscantieis
3265 2718 3332 2771 de
3362 2716 3578 2772 Domini

2008 2809 2300 2881 parricidis
2328 2808 2534 2865 Iudaeis
2586 2810 2761 2880 palam
2798 2811 3078 2878 concinat,
3111 2820 3167 2867 et
3192 2812 3261 2866 ad
3296 2812 3413 2867 hazc
3443 2822 3579 2864 tem-

2003 2913 2135 2968 pora
2167 2909 2326 2953 canat
2362 2918 2376 2951 :
2415 2917 2433 2951 ι
2472 2898 2548 2953 Ex
2583 2899 2691 2954 Deo
2713 2897 2943 2955 afﬂuens
2961 2900 3181 2970 sanguis
3203 2902 3326 2956 eum
3348 2915 3575 2956 evacua-

2001 2997 2089 3044 tus
2117 2998 2285 3057 esset,
2327 2990 2552 3046 Domine
2610 2990 2851 3046 Christe.
2894 3010 2911 3043 ι
2964 2990 3024 3046 Si
3056 2991 3162 3047 hoc
3193 2992 3373 3062 itaque
3417 2992 3577 3047 modo

1999 3079 2264 3136 dictiones
2293 3082 2502 3137 similes
2574 3081 2976 3155 intelligantur,
3031 3099 3152 3153 qua:
3206 3085 3344 3139 ratio
3374 3094 3578 3140 tantam

2003 3172 2535 3243 Theopaschitarum
2565 3173 2958 3245 blasphemiam
2997 3176 3308 3232 coercebit?
3339 3174 3571 3231 Verum-

2000 3269 2181 3316 tamen
2213 3262 2364 3317 nullo
2399 3263 2564 3319 modo
2609 3279 2789 3334 neque
2811 3264 2868 3325 in
2894 3265 2982 3320 his
3016 3282 3117 3322 vox
3153 3268 3427 3333 Dominus,
3465 3285 3578 3323 ne-

2001 3368 2108 3423 que
2147 3351 2284 3407 Deus
2319 3353 2496 3424 ipsum
2526 3358 2833 3412 secundum
2860 3358 3227 3424 divinitatem,
3253 3360 3347 3414 sed
3369 3375 3573 3415 secun-

1999 3446 2127 3500 dum
2162 3446 2562 3516 passionem-in
2598 3464 2786 3516 carne,
2841 3450 3068 3522 intelligi
3104 3453 3387 3524 accipique
3446 3470 3579 3508 con-

1999 3537 2221 3592 cedunt.
2263 3538 2419 3604 Quod
2452 3540 2497 3593 si
2532 3540 2656 3609 quis
2687 3542 2889 3598 dixerit
2917 3543 3201 3614 hymnum,
3251 3545 3306 3599 in
3343 3561 3453 3616 quo
3500 3545 3569 3600 de

1996 3636 2265 3680 evacuate
2291 3642 2358 3680 ex
2390 3626 2499 3682 Deo
2537 3629 2715 3686 effuso
2737 3633 2998 3702 sanguine
3032 3644 3365 3698 continetur,
3407 3644 3460 3690 et
3493 3652 3577 3689 re-

1995 3715 2170 3771 fertur
2198 3718 2264 3773 ad
2286 3717 2567 3773 Christum
2596 3723 2943 3790 postmodum
2975 3724 3286 3779 insinuare:
3331 3746 3347 3777 ι
3387 3728 3461 3781 Ex
3486 3736 3577 3781 tuo

1996 3808 2349 3866 immaculato
2424 3820 2480 3865 et
2511 3811 2726 3868 viviﬁco
2762 3813 2953 3879 latere,
2979 3833 2999 3866 ›
3062 3826 3248 3889 nostra
3285 3818 3446 3873 verba
3479 3834 3575 3889 po-

1998 3902 2105 3956 tius
2169 3902 2539 3968 contirmabit,
2598 3911 2809 3959 tantum
2859 3906 3014 3984 abest
3057 3887 3399 3972 utdestrnat,
3453 3887 3576 3981 quae

1994 4004 2219 4065 propter
2275 4010 2599 4065 corpoream
2633 3999 3108 4068 compositionem,
3161 4012 3217 4057 et
3273 4003 3380 4057 alio
3410 4004 3576 4059 modo

1999 4086 2105 4141 ista
2137 4086 2441 4142 insinuant.
2474 4085 2682 4154 Quodsi
2720 4093 3011 4147 contrariae
3044 4094 3269 4157 rationis
3297 4094 3576 4151 defensio-

1993 4192 2122 4232 nem
2146 4178 2431 4250 suscipere
2476 4181 2727 4251 cupiens,
2756 4184 2884 4254 quid
2914 4185 3062 4239 enim
3093 4188 3244 4241 aliud
3277 4188 3397 4244 loco
3431 4189 3574 4244 illius

1996 4273 2265 4341 reponet?
2299 4273 2356 4327 in
2382 4273 2523 4329 illis:
2566 4293 2585 4326 ι
2620 4274 2858 4345 Spiritus
2885 4276 3097 4333 Domini
3136 4296 3303 4350 super
3366 4298 3474 4347 me,
3506 4300 3573 4337 eo

1993 4362 2139 4432 quod
2175 4364 2331 4418 unxit
2363 4380 2470 4427 me,
2502 4375 2558 4419 et
2580 4367 2727 4422 misit
2759 4384 2865 4432 me,
2902 4386 2920 4420 ι
2956 4385 3065 4423 non
3101 4372 3365 4426 rationem
3394 4390 3572 4429 causae

314 4479 406 4530 με,
436 4479 459 4513 θ
497 4461 596 4531 οὐχ
632 4462 661 4514 ό
685 4459 840 4530 λόγος
874 4459 1036 4531 τῆσδε
1066 4461 1166 4530 τῆς
1190 4459 1371 4523 αἰτίας
1410 4460 1527 4513 ἐστὶ
1556 4459 1886 4529 τεθειμένος,

1996 4454 2166 4510 fuisse
2204 4458 2534 4526 appositam,
2583 4460 2678 4513 sed
2743 4461 2993 4516 absolute
3042 4463 3249 4517 dictum
3297 4466 3569 4535 prolatmn

310 4553 426 4608 ἀλλ’
448 4552 777 4625 ἀπορρήτως
806 4553 841 4624 ἡ
866 4553 1023 4625 ῥῆσις
1052 4552 1388 4623 διήγγελται,
1418 4552 1517 4624 ἔχῃ
1548 4551 1615 4606 ἂν
1663 4553 1883 4619 εἰδέναι,

309 4648 360 4699 εί
389 4646 690 4709 κελεύσεως
718 4644 1030 4715 ἐφάψασθαι
1076 4644 1177 4713 τῆς
1222 4646 1556 4717 Δεσποτικῆς
1607 4645 1735 4717 περὶ
1785 4646 1885 4715 τῆς

313 4737 593 4808 Γραφικῆς
623 4735 849 4808 ἐρεύνης
870 4735 1007 4798 ὅλως
1035 4737 1323 4807 αίρήσεται
1356 4754 1370 4769 ·
1409 4738 1484 4801 ὡς
1504 4739 1562 4789 ὲν
1591 4740 1701 4801 τοῖς
1736 4739 1888 4790 πλεί-

271 4874 282 4882 .
306 4847 417 4893 οσι,
443 4830 537 4883 καὶ
570 4827 755 4898 σχεδὸν
781 4827 942 4894 ὅλοις,
970 4828 1029 4881 έν
1057 4822 1137 4889 οἷς
1175 4829 1206 4898 ὴ
1247 4828 1592 4897 κυριοκτονία
1643 4831 1737 4883 καὶ
1766 4829 1887 4883 θεο-

310 4923 498 4976 κτονία
525 4918 812 4991 τολμητῶν
839 4920 946 4973 τῶν
976 4919 1307 4990 παρανόμων
1341 4921 1784 4990 ἀναγορεύονται,
1810 4924 1886 4994 μὴ

313 5016 667 5084 φωνουμένης
729 5011 827 5081 τῆς
856 5010 1190 5081 δηλωθείσης
1251 5010 1431 5073 αἰτίας
1482 5014 1888 5083 ἀνακηρύττον-

312 5115 402 5152 ται
432 5114 448 5129 ο
482 5100 576 5151 καὶ
597 5099 697 5151 οὐκ
728 5097 876 5151 ἔστιν
897 5097 1069 5162 ἄλλως
1100 5098 1181 5151 ὅτι
1227 5098 1301 5169 μὴ
1356 5099 1477 5153 κατ’
1541 5102 1713 5171 αὐτὴν
1774 5103 1886 5172 ἔχει

310 5191 581 5257 τράνωσιν
609 5187 770 5239 τάσδε
800 5186 1036 5251 διανοίας
1063 5187 1156 5240 τοῦ
1180 5188 1603 5260 ὀρθορῤήμονος.
1633 5191 1726 5254 Ei;
1756 5193 1886 5259 γοῦν

313 5281 578 5332 πίστωσιν
603 5276 709 5330 τῶν
732 5276 873 5330 οὕτω
901 5276 1198 5348 τιθεμένων
1224 5297 1281 5333 τε
1310 5282 1404 5333 καὶ
1460 5281 1885 5351 λαμὸανομένων

315 5370 476 5440 μόνος
523 5368 900 5440 παραληφθεὶς
938 5371 1160 5440 ἀρκέσει
1216 5374 1437 5442 Κοσμᾶς
1489 5373 1588 5444 τῆς
1660 5375 1887 5446 Ἐκκλη-

313 5462 433 5524 σίας
455 5462 654 5531 κόσμος
682 5461 1118 5533 όθεοκόσμητος,
1168 5464 1227 5517 ὲν
1269 5468 1380 5528 τοῖς
1436 5467 1544 5518 τῶν
1603 5468 1884 5538 σωτηρίων

313 5553 498 5605 παθῶν
522 5544 712 5621 ὕμνοις
736 5553 830 5608 ἕνα
859 5555 1045 5608 τοῦτον
1073 5557 1311 5625 ὑφαίνων
1342 5559 1669 5629 μελῳδικῶς·
1696 5579 1712 5610 ι
1739 5562 1884 5614 ’0λέ-

312 5644 459 5711 Opto;
494 5646 688 5715 σπείρα
735 5644 1038 5712 θεοστυγῶν
1093 5651 1540 5720 πονηρευομένων
1589 5652 1883 5706 θεοκτόνων

311 5731 620 5802 συναγιιιγὴ,
652 5734 872 5805 ἐπέστη,
903 5735 1125 5806 Χριστὲ,
1164 5740 1267 5806 σοί,
1300 5741 1391 5794 καὶ
1420 5742 1491 5805 ὡς
1523 5742 1706 5796 ἄδικον
1730 5737 1879 5797 εἷλκε

1994 4546 2186 4613 fuisse,
2220 4549 2437 4613 dixerit,
2463 4551 2586 4619 jure
2619 4554 2843 4622 poterit,
2900 4555 3196 4611 dummodo
3240 4568 3570 4626 praeceptum

1996 4639 2336 4697 Dominicum
2360 4641 2428 4696 de
2452 4630 2761 4699 si'rutandis
2784 4647 3081 4715 Scripturis
3122 4664 3344 4718 prorsus
3366 4652 3570 4722 ample-

1996 4728 2227 4783 xabitur
2263 4730 2314 4782 in
2340 4731 2536 4800 potiori
2574 4744 2744 4803 parte,
2794 4736 3040 4805 quinimo
3092 4738 3144 4791 in
3177 4741 3457 4803 omnibus,
3515 4743 3570 4796 in

1993 4822 2193 4892 quibus
2221 4823 2289 4878 ab
2341 4825 2521 4894 impiis
2547 4840 2612 4879 ac
2635 4829 2942 4882 temerariis
2975 4829 3189 4884 Domini
3223 4830 3427 4903 Deique
3463 4849 3570 4888 ca:-

1993 4917 2089 4971 des
2119 4926 2412 4986 procurata
2474 4920 2818 4988 proponitur,
2877 4937 3145 4993 nusquam
3199 4924 3365 4981 dieta'
3408 4943 3605 4987 causa.

1992 5009 2261 5079 explicata
2288 5011 2540 5080 proponi,
2596 5027 2699 5065 nec
2725 5012 2832 5066 alio
2857 5014 3019 5068 modo
3049 5031 3210 5084 quam
3248 5016 3350 5070 hoc
3379 5016 3572 5070 ortho-

1993 5102 2116 5156 duxi
2178 5103 2460 5171 st-riptoris
2487 5104 2813 5159 sententiam
2858 5107 3150 5162 insinuari.
3201 5109 3281 5163 Ad
3309 5113 3571 5165 corrobo-

1995 5194 2165 5248 randa
2202 5195 2383 5263 itaque
2418 5211 2540 5264 quae
2568 5197 2648 5250 sic
2680 5211 3063 5268 proponuntur
3092 5209 3149 5254 ct
3194 5201 3565 5271 accipiuntur,

1992 5300 2134 5338 unus
2167 5284 2219 5337 in
2272 5285 2509 5339 medimn
2565 5288 2832 5343 adductus
2876 5291 3150 5345 suffecerit
3182 5293 3434 5359 Cosmas,
3464 5294 3566 5350 Ec-

1991 5376 2169 5432 clesia:
2226 5388 2607 5432 ornamentum
2635 5391 2689 5435 et
2740 5396 2769 5435 a
2801 5381 2910 5436 Deo
2941 5394 3192 5449 ornatus,
3239 5385 3292 5438 in
3345 5386 3567 5459 hymnis

1958 5470 2058 5541 .de
2087 5471 2315 5526 salutari
2354 5472 2609 5541 passione
2646 5490 2675 5528 a
2716 5492 2776 5529 se
2814 5475 2997 5541 editis,
3043 5476 3169 5531 dum
3203 5478 3349 5532 inter
3372 5493 3467 5533 eos
3497 5481 3564 5535 ad

1990 5564 2298 5617 canendum
2321 5580 2488 5618 unum
2526 5565 2627 5620 hoc
2662 5567 2822 5619 modo
2843 5568 3256 5623 concinnaverit
3277 5587 3291 5623 :
3312 5589 3329 5621 ι
3354 5571 3566 5627 Cohors

1990 5655 2101 5709 Deo
2136 5672 2450 5723 exosorum,
2521 5659 2956 5728 malignantium,
3023 5662 3117 5715 Dei
3169 5665 3564 5733 parricidarum

1991 5749 2337 5819 congregatio
2385 5752 2690 5819 supnt'stitit
2738 5753 2858 5820 tibi,
2893 5754 3131 5825 Christe,
3156 5769 3208 5813 et
3242 5769 3299 5814 ul
3336 5758 3561 5828 impium
