4072 6400
346 306 513 404 ~1317

1354 350 1666 410 CONI‘RA-
1708 351 2141 411 MANUELEM
2197 348 2682 409 CRE'I‘ENSEM.

3500 347 3636 412 1318

376 448 774 520 θρωποπρεπεϊ
822 453 1229 520 συγκαταδάσει
1283 456 1514 527 Κυρίου.
1586 477 1604 509 ι
1667 459 1740 510 Τὸ
1794 459 1954 512 αὐτὸν

2059 459 2149 525 qui
2187 459 2242 510 in
2274 440 2471 513 caelum
2520 454 2790 516 ascendit,
2826 456 3039 518 edocet,
3073 456 3148 509 uti
3200 456 3348 511 illius
3401 473 3635 513 concors

371 540 622 610 χρίεσθαι
644 540 721 609 τῷ
748 540 1017 612 θεαρχικῷ
1048 544 1349 613 Πνεύματι,
1374 548 1471 600 καὶ
1497 548 1836 616 ἀγιάζεσθαι,
1861 553 1954 603 καὶ

374 630 824 685 ἀποστέλλεσθαι.
859 633 1207 700 ἁρμοζόντως
1241 639 1333 691 καὶ
1381 638 1410 690 6
1448 639 1842 709 οὺρανοδάμων
1866 641 1954 692 ὅδε

266 782 278 791 ⁸
378 719 754 784 μυσταγωγεῖ,
788 719 863 780 ὡς
903 723 931 772 6
957 721 1149 774 τούτου
1182 725 1448 795 σύμφρων
1473 730 1500 780 6
1535 731 1822 796 σύνεγγυς.
1842 730 1954 799 Τῆς

372 806 481 875 γὰρ
519 806 691 875 αὐτῆς
720 809 806 878 ἐφ’
829 801 890 862 οὗ
921 811 1138 880 λέγεται
1162 815 1334 870 ταῦτα
1362 818 1794 886 διατρανώσεως.
1827 821 1952 875 Ἐπὶ

368 897 423 949 δέ
446 914 506 966 γε
534 899 628 952 τοῦ
654 901 969 972 Πνεύματος
997 907 1026 958 6
1051 907 1150 974 μὲν
1166 909 1441 980 ἑκατέρων
1460 913 1763 982 ἀποστολὴν
1785 915 1952 967 αὐτοῦ

370 991 465 1041 καὶ
498 987 644 1042 δόσιν
670 992 821 1061 παρὰ
849 995 1053 1060 Κυρίου
1107 996 1402 1068 διατρανοῖ,
1450 1019 1471 1052 ί
1508 1004 1573 1073 τῇ
1613 1005 1712 1073 τῆς
1764 1004 1954 1072 θεῖκῆς

369 1078 530 1148 δόξης
569 1100 589 1133 ›
624 1085 766 1136 κατὰ
802 1086 956 1155 ῥῆμα
986 1087 1366 1161 μεγαλειότητι
1393 1107 1408 1121 ·
1439 1093 1468 1143 6
1510 1092 1567 1145 δὲ
1591 1096 1856 1164 χορηγίαν
1883 1098 1951 1167 τῇ

368 1173 507 1243 αὐτῇ
540 1174 747 1246 διανοίᾳ
777 1176 1111 1249 διαγορεύει.

440 1263 512 1332 δ’..
540 1264 703 1317 Ὅθεν
727 1269 754 1318 6
783 1268 876 1319 ἐπὶ
909 1271 1240 1350 καινοφωνίᾳ
1261 1276 1327 1344 τῇ
1348 1273 1447 1341 τῆς
1476 1275 1777 1345 ἀποστολῆς
1803 1278 1952 1347 παρὰ
2032 1326 2037 1329 ,

362 1353 483 1407 τῶν
513 1353 794 1427 θεηγόρων
831 1358 1003 1422 οὕτως
1038 1362 1478 1432 ἀπελαυνόμενος
1506 1367 1600 1418 καὶ
1632 1369 1723 1419 τοῦ
1760 1385 1951 1421 σκοπι-

373 1446 623 1513 μωτάτου
661 1448 855 1513 τέλους
910 1453 1401 1522 συναπελαύνεται,
1451 1456 1545 1510 τοῦ
1604 1459 1677 1528 μὴ
1719 1460 1776 1525 ἐξ
1820 1459 1950 1513 Υίοῦ

362 1536 625 1591 *σπεύδειν
680 1539 958 1595 δεικνύναι
1006 1544 1234 1610 Πνεῦμα
1286 1548 1344 1599 τὸ
1391 1548 1565 1616 ἆγιον,
1629 1546 1710 1610 οἷς
1756 1552 1947 1608 τούτου

373 1629 525 1698 παρὰ
551 1629 645 1682 τοῦ
664 1630 795 1684 Υίοῦ
822 1633 1284 1705 ἀποστελλομένου
1308 1640 1400 1692 καὶ
1421 1641 1583 1695 αὐτὸν
1609 1642 1808 1710 ὁμοίως
1828 1661 1952 1699 και-

2057 550 2306 617 proxime
2337 549 2646 618 appositus.
2708 545 2965 601 Eamdem
2991 563 3017 601 s
3040 549 3261 617 quidem
3301 548 3401 602 ista
3436 549 3502 602 de.
3527 566 3635 617 quo

2058 643 2423 712 praedicantur
2447 639 2845 708 expositionem
2891 639 3203 692 admittunt.
3246 638 3634 693 Verumtamen

2058 735 2127 789 de
2156 733 2388 802 Spiritu,
2438 747 2623 787 eorum
2656 732 2794 785 alter
2815 731 3130 785 missionem
3168 731 3313 784 illius
3353 741 3405 785 et
3466 733 3638 784 dona-

2061 824 2263 879 tionem
2292 840 2321 876 a
2345 821 2575 875 Domino
2593 821 2863 882 enuntiat,
2881 820 2986 873 illis
3008 835 3137 874 usus
3156 820 3359 877 verbis.
3391 839 3410 871 ι
3437 820 3637 874 divina:

2056 914 2245 985 gloriae
2311 913 2768 981 magnitudinem,
2808 929 2845 984 _i
2914 911 3054 966 alter
3131 911 3637 981 suppeditationem

2052 1006 2247 1061 eadem
2273 1006 2552 1060 sententia
2592 1003 2784 1058 tradit.

2138 1284 2197 1338 4.
2232 1280 2370 1336 Hinc
2401 1280 2491 1350 qui
2526 1280 2775 1334 novitate
2800 1280 2951 1335 vocis
2991 1280 3269 1336 missionis
3302 1282 3403 1335 hac
3428 1282 3641 1336 ratione

2052 1372 2322 1442 rejicitur,
2368 1388 2396 1426 a
2439 1374 2546 1426 fine
2573 1371 2738 1425 etiam
2771 1370 2883 1425 sibi
2934 1371 3173 1430 maxime
3211 1371 3491 1440 proposito
3544 1385 3639 1425 re-

2054 1466 2300 1537 pellitur,
2335 1465 2464 1519 dum
2515 1461 2777 1532 Spiritum
2810 1472 3056 1516 sanctum
3094 1476 3203 1515 non
3230 1476 3350 1514 esse
3375 1476 3441 1515 ex
3472 1462 3635 1525 Filio,

2052 1569 2106 1611 et
2139 1557 2332 1611 eadem
2367 1555 2487 1624 ipsa
2529 1556 2765 1619 ratione,
2824 1568 2928 1622 qua
2960 1568 2991 1606 a
3022 1552 3163 1606 Filio
3193 1552 3448 1610 mittitur,
3484 1551 3638 1605 illum

2059 1648 2313 1702 similiter
2340 1663 2368 1700 a
2404 1645 2607 1717 Spiritu
2642 1645 2784 1699 mitti
2819 1644 3089 1698 sermonis
3125 1643 3364 1696 novitate
3397 1642 3644 1697 deblate-

364 1720 599 1786 νολογεῖ,
633 1722 778 1775 κατὰ
822 1724 922 1776 τὸν
943 1726 1107 1779 αὑτὸν
1140 1727 1300 1795 λόγον
1332 1732 1482 1800 παρὰ
1512 1734 1605 1784 τοῦ
1637 1734 1776 1786 Πνεύ
1787 1753 1953 1803 ματος

2057 1749 2159 1795 rat.
2201 1740 2393 1810 Neque
2431 1748 2642 1794 tantum
2679 1737 2749 1792 ab
2800 1737 3031 1806 hujusce
3072 1734 3448 1791 conclusionis
3488 1733 3645 1788 novi-

373 1811 821 1868 ἀποστέλλεσθαι.
878 1817 992 1869 Kal.
1047 1819 1143 1888 οὐχ
1171 1820 1318 1882 ὅπως
1348 1825 1413 1892 τῇ
1468 1825 1780 1899 καινολογίᾳ
1826 1831 1951 1897 τῇδε

2057 1842 2171 1888 tote
2219 1803 2523 1902 repellitur,
2585 1828 2735 1884 seda
2776 1803 3000 1893 reliquis
3058 1827 3248 1889 etiam,
3291 1842 3411 1895 quae
3450 1840 3644 1879 conse-

373 1903 468 1954 τοῦ
499 1903 702 1956 τοιοῦδε
725 1908 1195 1978 συμπεράσματος
1228 1916 1786 1985 συναπορραπίζεται,
1817 1919 1952 1974 ἀλλὰ

360 1997 467 2047 ’καὶ
492 1996 550 2060 ἐξ
579 1990 656 2051 ὧν
707 1999 992 2068 ἑπομένως
1046 2004 1096 2057 οί
1145 2005 1312 2074 ἀγχοῦ
1355 2006 1737 2074 διαληφθέντες
1786 2012 1953 2081 ἄμφω

373 2084 615 2137 νοεῖσθαι
643 2085 868 2154 διδόασι,
901 2092 997 2142 καὶ
1025 2090 1083 2156 ἐξ
1108 2086 1182 2147 ὧν
1210 2096 1260 2146 οί
1292 2096 1469 2148 λοιποὶ
1492 2094 1694 2151 τούτων
1717 2102 1955 2173 ὁμόφρο-

374 2190 462 2238 νες
520 2177 767 2247 θεοφόροι
816 2180 1127 2253 διαρρήδην
1179 2185 1510 2255 θεολογοῦσι,
1570 2191 1810 2261 πέμπειν
1862 2196 1952 2249 τὸν

376 2266 502 2318 Υίδν
532 2267 626 2321 καὶ⁹
649 2269 845 2324 διδόναι
882 2273 975 2324 καὶ
1006 2280 1262 2344 χορηγεῖν
1294 2278 1516 2347 Πνεῦμα
1563 2282 1624 2335 τὸ
1679 2284 1738 2349 ἐξ
1787 2286 1951 2338 αὐτοῦ

278 2384 279 2387 η
373 2356 717 2427 θεοπρεπῶς,
747 2363 808 2415 οὐ
829 2363 890 2415 τὸ
914 2365 1197 2435 ἀλλότριον
1216 2368 1656 2439 δογματίζοντες,
1681 2376 1708 2427 δ
1730 2392 1790 2429 τε
1807 2378 1954 2445 Χρυ-

376 2446 616 2537 σολόγος,
656 2449 731 2509 ὡς
759 2455 1190 2521 προεκτέοειται,
1224 2460 1318 2511 καὶ
1351 2460 1526 2532 ἕτεροι
1553 2464 1648 2515 σὺν
1676 2467 1824 2537 αὐτῷ
1857 2471 1951 2522 καὶ

379 2536 614 2604 μάλιστα
647 2539 755 2594 τῶν
776 2543 871 2595 τοῦ
896 2544 1191 2615 Νεστορίου
1217 2543 1600 2619 λη’ρημάτωνό
1623 2536 1952 2628 καθαιρέτης

377 2628 642 2700 Κύριλλος
672 2635 699 2685 6
741 2632 1051 2702 θεσπέσιος,
1087 2641 1221 2708 μήτε
1248 2640 1309 2705 ἐξ
1339 2641 1491 2706 Υίοῦ,
1526 2647 1661 2715 μήτε
1716 2649 1784 2701 δι’
1819 2651 1950 2705 Υἰοῦ

376 2722 702 2815 ανεχομένου
738 2726 960 2798 Πνεῦμα
998 2729 1059 2782 τὸ
1090 2730 1242 2799 ἆγιον
1284 2738 1769 2807 καταγγέλλεσθαι,
1816 2743 1951 2815 πρὸς

376 2813 435 2865 ὃν
469 2815 498 2866 6
527 2817 699 2884 μέγας
726 2820 1154 2891 ἀντιφερόμενος
1182 2828 1487 2898 πανταχόσε
1532 2830 1796 2903 διελέγχει
1823 2813 1953 2889 καν-

374 2908 549 2961 ταῦθα
575 2909 718 2964 οὕτω
746 2911 820 2981 μὴ
839 2915 1183 2982 ἀνεχόμενον,
1218 2914 1338 2971 εἶτα
1382 2922 1658 2989 φάσκοντα
1681 2928 1740 2979 τὸ
1768 2928 1831 2981 ὲκ
1854 2929 1949 2982 τοῦ

379 2998 594 3069 Πατρὶς
624 3009 880 3073 χορηγεῖν
913 3005 1003 3058 τὸν
1041 3008 1321 3079 Μονογενῆ
1374 3014 1720 3084 λειτουργίαν
1749 3019 1953 3091 ὑπουρ-
1994 3050 2007 3057 κ

2056 1933 2291 1995 quenter
2340 1923 2504 1976 ambo
2549 1922 2659 1991 jam
2701 1920 2833 1974 dicti
2872 1906 3175 1980 insinuant,
3220 1927 3276 1972 et
3326 1932 3520 1971 omnes
3548 1915 3643 1969 alii

2055 2015 2230 2072 divini
2259 2015 2451 2068 Patres
2477 2014 2582 2068 illis
2613 2012 2917 2066 concordes
2942 2010 3118 2078 palam
3149 2008 3445 2074 definiunt,
3496 2005 3640 2061 mitti

2054 2123 2085 2163 α
2113 2106 2253 2161 Filio
2286 2114 2340 2159 et
2368 2104 2486 2160 dari
2517 2112 2571 2157 et
2598 2103 2939 2171 suppeditari
2973 2098 3265 2167 Spiritum,
3298 2100 3392 2166 qui
3428 2115 3492 2153 ex
3523 2098 3643 2167 ipso

2056 2207 2163 2260 est,
2203 2205 2264 2251 ut
2299 2196 2468 2250 Deum
2500 2194 2750 2255 addecet,
2779 2203 2833 2245 et
2860 2205 2970 2244 non
3028 2190 3267 2243 alienum
3301 2204 3330 2242 a
3384 2187 3518 2243 Filio
3543 2189 3641 2244 de-

2058 2296 2372 2351 cernentes,
2422 2295 2537 2340 tum
2576 2298 2742 2338 aurea
2793 2282 2976 2353 lingua
3034 2283 3318 2351 praeditus,
3377 2290 3438 2335 ut
3477 2296 3644 2351 supra

2060 2380 2368 2448 posuimus,
2431 2386 2542 2431 tum
2590 2390 2699 2429 una
2730 2389 2855 2429 cum
2909 2374 3001 2427 illo
3032 2373 3146 2434 alii,
3199 2382 3255 2428 et
3297 2372 3643 2443 potissimum

2064 2470 2400 2540 ineptiarum
2447 2468 2713 2534 Nestorii,
2767 2466 2861 2536 qui
2908 2481 3088 2536 neque
3136 2482 3201 2521 ex
3256 2464 3413 2529 Filio,
3459 2480 3644 2535 neque

2057 2577 2155 2631 per
2189 2560 2386 2615 Filium
2439 2559 2548 2613 dici
2598 2557 2864 2627 Spiritum
2915 2557 3238 2622 sustinebat,
3291 2571 3518 2610 erersor
3557 2555 3647 2609 dio-

2057 2654 2223 2707 vinus
2257 2651 2516 2722 Cyrillus,
2550 2651 2639 2705 cui
2681 2666 2741 2706 se
2773 2664 3076 2720 .0pponens
3123 2649 3327 2716 ubique
3364 2649 3645 2718 redarguit

2056 2745 2148 2799 hic
2183 2759 2404 2813 quoque
2441 2744 2514 2797 ita
2549 2742 2654 2797 dici
2686 2757 2799 2796 non
2830 2744 3221 2803 sustinentem,
3250 2751 3363 2795 tum
3402 2750 3643 2810 postmo-

2054 2841 2184 2895 dum
2214 2849 2575 2902 asserentem,
2615 2854 2741 2893 cum
2782 2838 2927 2908 quod
2971 2853 3038 2891 ex
3074 2837 3229 2891 Patre
3274 2845 3392 2890 erat
3450 2852 3642 2906 suppe-

2054 2934 2263 2988 ditabat
2293 2933 2632 3002 trnigcnitus,
2665 2930 2862 2986 servile
2914 2930 3282 2984 ministerium
3314 2930 3640 2998 adimplere,

2056 3035 2110 3082 et
2145 3027 2386 3081 alienum
2419 3024 2729 3095 porrigere.
2786 3024 2846 3077 In
2895 3023 3241 3093 expositione
3275 3022 3420 3076 enim
3455 3021 3638 3075 Evam-

378 3091 542 3189 γικὴν
565 3093 924 3189 α-ποπληροῦν
949 3096 1152 3164 λέγειν,
1191 3104 1282 3155 καὶ
1333 3103 1396 3157 τὸ
1448 3106 1731 3173 ἀλλότριον
1791 3128 1954 3182 χορη-

2060 3118 2187 3189 gelii
2229 3091 2459 3173 Joannis
2510 3091 2643 3171 illud
2676 3133 2690 3170 :
2726 3135 2743 3167 ι
2780 3114 2918 3169 Cum
2967 3091 3194 3168 venerit
3240 3110 3577 3179 Paracletus,
3618 3133 3637 3166 ι

375 3183 515 3275 γείν.
565 3184 657 3275 Ἑν
693 3186 802 3255 γὰρ
832 3187 1099 3275 ἑρμηνείᾳ⁵
1148 3192 1245 3245 τοῦ
1301 3196 1445 3249 κατὰ
1504 3197 1775 3271 Ἰωάννην,
1827 3208 1956 3275 περὶ

374 3272 472 3327 τοῦ
499 3313 513 3339 ,
552 3291 574 3327 ι
598 3273 777 3367 ῨὍταν
814 3274 907 3332 οὖν
929 3280 1058 3351 ἔλθῃ
1108 3284 1136 3336 ὁ
1181 3284 1539 3359 Παράκλητος
1575 3309 1595 3343 ι
1659 3272 1959 3367 διαλαμϐα-

380 3383 508 3431 νων,
550 3366 694 3421 οὕτω
735 3371 901 3441 φησίν
934 3388 949 3403 ο
987 3391 1006 3425 ι
1043 3374 1104 3427 Εί
1138 3376 1248 3447 γὰρ
1282 3378 1587 3452 ὑπουργίαν
1641 3366 1959 3460 διακονικὴν

378 3460 732 3551 ἀποπληροῦν
780 3465 957 3519 οἴεσθε
1005 3466 1096 3520 τὸν
1153 3468 1301 3533 Υίὺν,
1355 3474 1414 3527 τὸ
1472 3476 1750 3548 ἀλλότριον
1803 3482 1958 3551 ἡμῖν,

380 3550 630 3604 τουτέστι
681 3553 743 3606 τὸ
771 3557 923 3626 παρὰ
957 3556 1094 3611 Θεοῦ
1146 3563 1240 3614 καὶ
1273 3562 1505 3635 Πατρὸς,
1545 3550 1959 3640 κεχορηγηκότα

382 3642 538 3710 ἆγιον
566 3642 626 3696 δν
649 3647 790 3699 κατὰ
823 3652 986 3716 φύσιν
1010 3651 1255 3720 Πνεῦμα,
1309 3657 1369 3707 οὐ
1408 3658 1547 3711 κατὰ
1591 3659 1751 3728 φύσιν
1803 3664 1956 3730 ἅγιος

379 3734 408 3785 6
446 3735 591 3799 Υίδς,
628 3737 769 3790 κατὰ
804 3738 1020 3808 μέθεξιν
1048 3740 1104 3793 δὲ
1155 3740 1346 3814 ὥσπερ
1375 3746 1556 3816 ἡμεῖς.
1587 3767 1606 3800 ι
1658 3751 1957 3823 Ἀριδήλως

378 3827 711 3897 παρίστησιν
790 3832 817 3883 6
848 3833 993 3894 θεῖος
1047 3833 1234 3905 Πατὴρ
1294 3838 1359 3890 ἐκ
1397 3838 1492 3891 τοῦ
1528 3845 1958 3915 κεχορηγηκέναι

380 3916 637 3986 λέγεσθαι
670 3921 802 3988 ἡμῖν
840 3921 934 3975 τὸν
966 3923 1093 3977 Υίὸν
1115 3925 1174 3978 τὸ
1197 3929 1349 3996 παρὰ
1377 3930 1471 3983 τοῦ
1515 3932 1652 3986 Θεοῦ
1686 3937 1778 3989 καὶ
1842 3938 1956 3993 Παο

380 4009 506 4102 τρδς
528 4010 683 4102 ἄτιον
704 4012 764 4065 ὃν
790 4016 930 4068 κατὰ
962 4015 1122 4084 φύσιν
1153 4018 1396 4089 Πνεῦμα,
1427 4024 1488 4075 οὐ
1526 4025 1686 4093 μόνον
1712 4028 1960 4102 ὑπολαμ-

381 4100 638 4156 ϐάνεσθαι
669 4104 729 4156 τὸ
761 4105 1045 4176 ἀλλότριον
1076 4111 1172 4162 καὶ
1201 4113 1261 4163 τὸ
1288 4114 1384 4181 τῆς
1418 4113 1731 4188 διακονικῆς
1756 4100 1959 4192 ὑπουρ-

380 4194 504 4261 γίας
528 4194 623 4248 τοῦ
651 4199 1111 4269 κεχορηγηκότος,
1138 4203 1276 4257 ἀλλὰ
1306 4209 1481 4260 καὶτὸ
1511 4211 1585 4280 μὴ
1617 4215 1758 4265 κατά
1797 4215 1959 4282 φύσιν

379 4287 543 4339 αὐτὸν
593 4286 748 4356 ἅγιον
801 4285 941 4345 εἶναι
1009 4294 1360 4363 εἰσάγεσθαι,
1416 4303 1557 4357 κατὰ
1619 4305 1834 4373 μέθεξιν
1900 4310 1959 4363 δὲ

374 4376 568 4448 ὥσπερ
596 4381 780 4451 ἡμεῖς,
806 4382 882 4445 ὡς
908 4384 960 4435 οἱ
994 4385 1284 4440 ἀπόστολοι
1309 4389 1465 4460 δῆτα,
1494 4395 1542 4445 εὶ
1573 4396 1667 4446 καί
1690 4413 1833 4460 τινες
1852 4398 1957 4451 τῶν

2060 3226 2345 3281 exponens
2385 3210 2503 3265 haac
2543 3208 2708 3264 habet
2739 3225 2754 3262 :
2802 3226 2821 3258 ι
2849 3206 3064 3262 Etenim
3091 3207 3135 3261 si
3169 3206 3366 3261 servile
3394 3206 3646 3260 ministe-

2061 3306 2207 3359 rium
2239 3303 2541 3372 adimplere
2592 3301 2919 3375 existimatis
2953 3299 3174 3362 Filium,
3221 3299 3350 3352 dum
3391 3299 3636 3353 alienum

2060 3396 2239 3459 nobis,
2267 3396 2368 3450 hoc
2385 3393 2577 3464 estqui
2618 3408 2648 3447 a
2680 3392 2840 3447 Patre
2860 3393 2969 3445 Deo
2986 3398 3123 3455 erat,
3162 3398 3410 3443 sanctum
3448 3398 3641 3444 natura

2063 3489 2424 3547 exsistentem
2455 3482 2719 3554 spiritum
2762 3487 3025 3553 porrexit,
3059 3496 3170 3534 non
3200 3491 3396 3534 natura
3418 3489 3643 3535 sanctus

2061 3579 2234 3636 Filius
2259 3590 2363 3641 est,
2389 3579 2485 3633 sed
2517 3575 2932 3646 participatione
2971 3574 3049 3627 uti
3079 3589 3181 3627 nos
3203 3587 3414 3628 sumus.
3450 3592 3468 3622 ι
3495 3570 3640 3625 Divi-

2063 3689 2170 3728 nus
2204 3674 2295 3728 hic
2323 3671 2489 3725 Pater
2526 3669 2705 3738 palam
2763 3666 3007 3721 ostendit
3051 3681 3117 3719 ex
3162 3665 3469 3718 assertione
3532 3663 3643 3725 illa,

2061 3758 2260 3814 Filium
2292 3756 2453 3811 nobis
2485 3754 2889 3824 suppeditasse,
2929 3752 3022 3821 qui
3052 3767 3081 3806 a
3136 3753 3244 3805 Deo
3271 3760 3325 3805 et
3350 3752 3513 3806 Patre
3559 3760 3644 3806 est

2060 3860 2308 3907 sanctum
2338 3859 2537 3903 natura
2595 3864 2694 3902 sua
2722 3845 3008 3916 Spiritum,
3067 3860 3180 3898 non
3233 3854 3442 3898 tantum
3494 3844 3641 3899 illius

2060 3956 2383 4000 extraneum
2413 3940 2667 4006 intelligi,
2699 3948 2753 3993 et
2803 3939 3003 3993 servile
3030 3937 3394 3991 ministerium
3423 3938 3643 3991 traden-

2063 4034 2154 4101 tis,
2187 4037 2281 4092 sed
2317 4052 2421 4091 nec
2445 4047 2643 4090 natura
2674 4049 2772 4088 sua
2804 4042 3057 4088 sanctum
3093 4047 3236 4096 esse,
3295 4034 3389 4086 sed
3426 4030 3646 4099 partici-

2060 4129 2283 4200 patione
2312 4128 2390 4182 uti
2419 4143 2521 4182 nos
2549 4132 2765 4190 sumus“,
2816 4126 2971 4195 quasi
3008 4126 3161 4180 όίοςιε
3220 4120 3517 4194 apostolos,
3560 4123 3646 4177 vel

2061 4223 2363 4277 nonnullos
2402 4235 2568 4275 cruce
2612 4219 2860 4289 signatos
2900 4218 3178 4281 homines,
3212 4218 3295 4271 vel
3342 4217 3432 4271 ille
3477 4219 3644 4271 etiam

2063 4315 2182 4385 ipse
2208 4314 2300 4384 qui
2338 4316 2452 4367 haec
2484 4312 2725 4382 scripsit,
2762 4309 2974 4364 inferri.
3032 4309 3090 4364 ld
3155 4309 3325 4371 enim,
3366 4327 3384 4359 ι
3417 4310 3492 4364 uti
3542 4323 3645 4362 nos

2064 4382 2275 4471 sumus,
2319 4424 2339 4457 ι
2392 4406 2572 4458 innuit
2614 4401 3102 4472 :quandoquidem
3146 4409 3206 4465 _et
3283 4398 3447 4454 Verbi
3506 4415 3645 4468 prm-

381 4474 761 4564 σημειοφόρων
786 4475 1017 4546 ἀνδρῶν,
1045 4479 1141 4532 καὶ
1178 4480 1254 4543 ὼς
1283 4482 1446 4547 αὐτὸς
1493 4485 1522 4536 6
1550 4486 1721 4540 ταῦτα
1756 4489 1948 4556 λέγων.

2061 4514 2229 4553 cones
2275 4506 2331 4550 et
2380 4495 2636 4563 discipuli
2689 4468 3094 4564 elargiebantur
3125 4490 3418 4561 Spiritum,
3470 4491 3547 4543 uti
3584 4489 3640 4543 in

379 4562 550 4617 Τοῦτο
582 4566 691 4635 γὰρ
726 4565 806 4631 τὸ,
844 4584 864 4617 ι
907 4567 1094 4640 ὥσπερ
1124 4573 1304 4641 ἡμεῖς,
1345 4593 1364 4628 ι
1396 4576 1515 4629 ἐπεὶ
1550 4580 1644 4631 καὶ
1688 4580 1736 4633 οἱ
1773 4583 1952 4653 κήρυ-

380 4672 475 4719 κες
502 4657 598 4710 τοῦ
625 4656 788 4726 λόγου
811 4661 907 4712 καὶ
935 4661 1175 4733 μαθηταὶ
1195 4665 1402 4721 ἐδίδουν
1426 4669 1484 4723 τὸ
1532 4671 1775 4743 Πνεῦμα,
1837 4679 1956 4737 ταῖς

382 4747 651 4818 Ιίράξεσιν
675 4750 854 4803 αὐτῶν
879 4751 954 4814 ὠς
986 4753 1291 4825 ἐμφέρεται
1312 4799 1327 4822 ,
1360 4758 1502 4831 πλὴν
1530 4763 1631 4834 οὐχ
1685 4765 1759 4827 ὡς
1811 4766 1954 4835 διγιοι

375 4843 442 4909 τῇ
473 4841 652 4908 φύσει,
683 4845 749 4913 τῇ
783 4844 1001 4914 μεθέξει
1050 4845 1128 4912 δὲ,
1165 4850 1258 4903 καὶ
1282 4850 1357 4915 ὡς
1400 4853 1671 4925 ὑπηρέται
1701 4860 1794 4912 τοῦ
1825 4860 1959 4914 διδο-

316 4984 323 4991 ,
382 4933 565 4999 μένου.
631 4934 808 4998 Μόνος
860 4939 968 5008 γὰρ
1023 4937 1158 5002 Θεὸς
1225 4943 1370 4997 κατὰ
1401 4945 1562 5013 φύσιν
1616 4949 1692 5014 ὡς
1739 4950 1893 5022 ἅγιος
1929 4958 1957 5009 6

383 5025 527 5091 Υἱὸς,
567 5027 702 5081 καθὸ
732 5029 828 5083 καὶ
851 5029 1003 5098 Θεὸς,
1023 5030 1166 5088 οὓτω
1193 5037 1427 5109 χορηγὸς
1454 5041 1547 5093 τοῦ
1598 5045 1741 5098 κατὰ
1792 5049 1956 5116 φύσιν

381 5123 652 5195 ρύττεται.

448 5216 510 5277 ε’.
544 5220 769 5284 Τούτοις
824 5221 1117 5290 φθάνουσιν
1172 5226 1502 5296 ἀντεπάγειν
1555 5230 1605 5283 οἱ
1638 5232 1774 5302 πρὸς
1826 5235 1885 5287 ὃν
1906 5238 1956 5289 oi

378 5308 527 5376 λόγοι
559 5312 657 5381 τῆς
684 5314 994 5383 συμμορίας
1020 5315 1100 5381 τὸ,
1155 5336 1174 5369 ‹
1216 5317 1313 5372 Ἐκ
1341 5320 1552 5390 Πατρὸς
1583 5321 1832 5393 λέγοντες
1876 5328 1956 5380 δι-

378 5398 525 5453 δόναι
549 5402 643 5453 τὸν
688 5401 817 5454 Υίὺν
872 5405 930 5457 τὸ
966 5406 1212 5478 Πνεῦμα,
1242 5410 1303 5463 τὸ
1338 5413 1621 5483 όμοούσιον
1654 5414 1819 5471 αὐτοῦ
1851 5436 1957 5488 φα-

385 5509 482 5560 μεν
509 5495 629 5563 οὐχὶ
656 5495 716 5548 τὸ
741 5496 1043 5568 ἀλλότριον.
1082 5520 1101 5552 ι
1134 5504 1244 5556 Kal.
1273 5506 1335 5557 ού
1380 5508 1682 5579 συνορῶσιν
1735 5511 1811 5575 ὡς
1865 5514 1959 5565 ἀπ’

381 5583 546 5637 αὑτοῦ
576 5585 768 5640 τούτου
801 5594 1164 5663 συμπεραίνει
1207 5596 1268 5648 τὸ
1314 5598 1496 5666 σφίσιν
1546 5602 1961 5674 ἁπαρνούμενον

379 5674 408 5726 6
435 5676 502 5729 τὰ
528 5677 646 5729 θεῖα
673 5681 859 5747 πολὺς,
894 5683 989 5737 καὶ
1019 5684 1079 5737 τὸ
1115 5688 1400 5753 ὀμοούσιον
1445 5691 1660 5760 ἀναιρεῖ
1692 5695 1753 5747 τὸ
1791 5711 1962 5749 σπου·

380 5761 676 5837 ὃαξὸμενον
707 5770 909 5839 αὐτοῖς,
937 5775 999 5827 οὑ
1020 5776 1353 5847 συνίστησ.ν,
1393 5780 1482 5852 ,ὡς
1528 5781 1787 5854 ἀληθείας
1847 5785 1961 5855 ἔχει

2059 4589 2379 4643 εοτυιιιόθιιι
2414 4586 2642 4641 Actibus
2673 4586 2928 4650 refertur,
2968 4599 3080 4639 non
3137 4594 3317 4639 tamen
3351 4589 3409 4637 ut
3444 4590 3640 4636 natura

2055 4680 2255 4744 sancti,
2289 4680 2383 4734 sed
2411 4677 2853 4748 participatione,
2888 4684 3024 4732 etut
3055 4675 3283 4731 exhibiti
3307 4673 3657 4746 administri,

2057 4774 2218 4828 Solus
2244 4773 2394 4827 enim
2434 4772 2578 4827 Deus
2609 4781 2810 4825 natura
2840 4780 3060 4824 sanctus
3108 4768 3185 4821 uti
3217 4767 3409 4833 Filius,
3465 4777 3523 4821 ut
3548 4766 3643 4835 qui

2057 4866 2203 4921 Dens
2233 4875 2337 4931 est,
2367 4866 2441 4919 ita
2471 4873 2526 4918 et
2553 4866 2711 4918 dator
2738 4861 2996 4932 Spiritus,
3038 4861 3131 4931 qui
3161 4870 3360 4914 natura
3417 4868 3646 4914 sanctus

2057 4974 2114 5014 et
2141 4960 2284 5013 Deus
2311 4973 2438 5012 esse
2463 4957 2887 5026 depraedicatur.

1996 5050 2339 5120 δντοςίὰγίου
2398 5050 2712 5119 Πνεύματος
2753 5049 2848 5100 καὶ
2908 5045 3045 5100 Θεοῦ
3086 5045 3409 5115 κατὰφύσιν
3440 5046 3647 5112 ἀνακηο

2133 5236 2187 5290 5.
2225 5234 2323 5289 llis
2374 5232 2710 5304 respondent
2763 5232 2896 5287 socii
2928 5231 3093 5294 illius,
3125 5244 3286 5300 quem
3312 5240 3492 5282 nasura
3519 5244 3647 5282 ora-

2063 5326 2139 5383 tio
2194 5326 2463 5396 respicit:
2502 5344 2520 5377 ‹
2561 5327 2635 5380 Ex
2693 5322 2854 5379 Patre
2921 5324 3050 5378 dum
3124 5322 3356 5375 dicimus
3398 5320 3648 5374 exhiberi

2065 5416 2331 5488 Spiritum
2362 5434 2391 5472 a
2418 5415 2579 5485 Filio,
2627 5417 2803 5488 ipsius
2843 5415 3313 5471 consubstantiale
3367 5422 3660 5478 notamus,

2063 5524 2173 5563 non
2210 5518 2557 5564 extraneum.
2606 5528 2624 5561 ι
2667 5507 2733 5562 Ει
2759 5523 2869 5562 non
2908 5505 3275 5575 conspiciunt,
3331 5519 3395 5558 ex
3425 5504 3526 5559 hoc
3553 5520 3649 5558 eo-

2060 5600 2209 5666 dem,
2248 5600 2397 5669 quod
2430 5602 2530 5670 ipsi
2559 5604 2887 5670 pernegant,
2919 5597 2948 5651 a
2982 5596 3168 5651 divino
3205 5596 3309 5650 isto
3335 5596 3450 5648 viro
3482 5596 3646 5663 plane

2060 5690 2331 5758 concludi,
2390 5704 2443 5749 et
2495 5693 2772 5764 quodipsi
2820 5691 3113 5745 intendunt
3180 5687 3649 5744 consubstantiale

2060 5786 2261 5857 refelli,
2292 5804 2401 5843 non
2459 5786 2700 5859 probari,
2757 5795 2810 5840 et
2846 5785 2939 5857 _uti
2991 5785 3199 5841 veritati
3252 5783 3498 5839 innixum
3550 5789 3636 5836 est
