4072 6454
286 392 423 462 1325

1265 388 1564 450 CONTRA
1595 380 2028 450 MANUELEM
2062 374 2537 444 CRETENSEM.

3394 366 3529 435 13.36

282 510 312 561 ὁ
342 506 399 560 δὲ
429 504 581 567 Υἱὸς,
603 504 666 557 ὲκ
685 502 779 555 τοῦ
807 499 939 554 Θεοῦ
964 499 1060 561 ὦν,
1085 498 1268 551 οὐκέτι
1301 498 1397 550 καὶ
1425 496 1518 550 τοῦ
1541 496 1859 567 Πνεῦματος

1987 491 2250 563 Spiritus:
2294 502 2473 558 neque
2523 484 2671 540 enim
2719 502 2910 540 οοηιι-ει
2956 478 3188 537 vertitur
3237 478 3532 537 habitunlis

281 599 407 652 οὔτε
463 598 636 662 ἐστὶν,
676 594 801 648 οὐτε
839 595 1086 661 λέγεταιο
1143 592 1265 644 οὐδὲ
1296 590 1639 659 ἀντιστρέφει
1668 591 1701 658 ἡ
1736 604 1857 656 σχε-

1987 593 2061 637 sta
2098 581 2336 650 scquela.
2379 600 2398 631 ι
2436 578 2571 631 Cum
2601 592 2730 631 vero
2769 579 3173 644 subsequantur
3204 590 3364 644 quam
3412 576 3536 643 pluu

282 692 411 758 τικὴ
459 686 749 740 ἀκολουθία
796 686 956 753 αὐτη.
996 702 1015 735 ι
1094 681 1321 748 Ἐφεξῆς
1374 680 1431 732 δὲ
1461 680 1710 749 χρήσεων
1757 677 1859 729 οὐκ

283 780 483 845 ὀλίγων
518 777 694 829 οὐσῶν
729 776 953 844 ἑτέρων,
978 775 1036 826 αἳ
1066 774 1164 844 τὴν
1191 772 1361 843 αὐτὴν
1386 772 1621 825 διάνοιαν
1652 772 1718 820 ὲκ
1749 766 1860 819 τῶν

286 868 790 938 προεκτεθειμένων
823 865 1014 933 φωνῶν
1063 866 1520 933 παριστάνουσιν,
1556 859 1700 921 ἐνίας
1740 858 1862 909 σκέ-

285 959 412 1029 ψεσι
443 960 565 1019 ταῖς
617 956 930 1024 ἔμπροσθεν
987 956 1115 1016 ἴσως
1163 951 1617 1022 παραληψόμεθα,
1665 949 1859 1008 ἐῶντες

292 1050 521 1121 ἀρτίως,
555 1049 644 1101 ἵνα
684 1048 760 1116 μὴ
796 1047 889 1099 ἀπὶ
933 1048 1046 1108 τοῖς
1083 1046 1268 1106 αὐτοῖς
1298 1044 1388 1097 τὸν
1419 1043 1575 1109 λόγον
1613 1038 1865 1109 μηκύνω-

294 1162 414 1212 μεν,
449 1139 589 1209 πλὴν
620 1141 685 1192 ὲκ
722 1140 831 1190 τῶν
857 1137 1114 1207 ἀμυδρῶς
1163 1133 1557 1203 διειλημμένων
1580 1131 1641 1183 τὸ
1670 1147 1862 1183 ταυτο-

294 1237 530 1302 δύναμον
566 1231 674 1284 τῶν
721 1230 919 1296 λέξεων
956 1229 1337 1282 διαδείκνυτσι.
1392 1225 1552 1277 Ὅθεν
1574 1226 1602 1277 ὁ
1635 1219 1868 1291 χαριτὼ-

292 1341 457 1392 νυμος
499 1323 948 1391 Χρυσοορρήμων
1004 1321 1061 1370 ὲν
1092 1318 1170 1386 τῷ
1223 1318 1306 1377 είς
1359 1316 1457 1383 τὴν
1491 1313 1863 1382 Πεντηκοστὴν

295 1413 457 1467 αὐτοῦ
494 1413 638 1480 λόγῳ
663 1410 915 1473 διέξεισιν
939 1408 1138 1461 οὑτωσί
1161 1421 1174 1434 ·
1211 1426 1229 1459 ι
1264 1407 1359 1469 Τίς
1386 1406 1442 1458 δὲ
1463 1407 1496 1474 ή
1525 1404 1751 1470 δύναμις
1769 1401 1864 1454 τοῦ

293 1502 713 1571 ἑκπορεύεταις
739 1500 856 1553 ’Ὶνα
884 1501 943 1552 τὸ
974 1499 1075 1568 τῆς
1095 1499 1399 1566 γεννήσεως
1431 1497 1602 1564 ὄνομα
1625 1491 1866 1563 παρέλθῃ

295 1596 330 1664 ὴ
358 1591 571 1663 Γραφὴ,
609 1591 698 1643 ἵνα
730 1589 804 1660 μὴ
830 1589 959 1640 Υίὸν
1012 1588 1145 1640 αὐτὸ
1177 1586 1403 1653 καλέσῃ.
1452 1585 1598 1652 λέγει
1628 1583 1868 1650 Πνεῦμα

296 1686 487 1754 ἅγιον,
515 1683 546 1735 ὃ
578 1681 736 1750 παρὰ
771 1680 878 1733 τοῦ
920 1678 1147 1745 Πατρός
1206 1677 1624 1743 ἐκπορεύεται·
1660 1675 1869 1740 εἰσάγει

299 1777 430 1830 αὐτὸ
448 1772 899 1843 ἐκπορευόμενον,
920 1770 993 1832 ὼς
1019 1768 1160 1838 ὕδωρ
1186 1770 1292 1822 ἀπὸ
1312 1770 1492 1838 πηγῆς
1520 1766 1702 1837 βρύον,
1729 1766 1869 1817 κατὰ

1961 677 2097 729 rima
2126 675 2228 727 alia
2257 672 2592 732 testimonia,
2622 686 2742 739 qua:
2770 668 3002 723 similem
3044 669 3370 723 sententiam
3407 684 3530 719 ver-

1962 764 2045 818 bis
2075 779 2237 833 supra
2260 765 2370 833 jam
2396 761 2618 832 digestis
2642 759 2945 827 expositam
2984 758 3363 826 comprobent,
3397 773 3533 811 non-

1962 857 2110 909 nulla
2142 856 2210 908 ab
2244 855 2437 908 iisdem
2481 867 2592 906 non
2643 849 2926 904 dissimilia
2967 849 3276 911 aﬂ'eremus,
3323 849 3532 918 reliqua

1964 954 2378 1016 praetereuntes,
2430 959 2497 997 ne
2544 944 2734 996 eadem
2788 942 3088 1010 repetendo
3118 954 3429 996 sermonem
3476 941 3532 993 in

1963 1038 2184 1107 longum
2214 1036 2618 1105 protrahamus,
2646 1037 2772 1090 licet
2794 1050 2861 1088 ex
2893 1048 3057 1103 supra
3092 1035 3329 1087 tenuiter
3357 1032 3536 1087 addu-

1964 1128 2068 1182 ctis
2101 1128 2402 1182 dictionum
2430 1142 2588 1195 pares
2631 1126 2773 1179 vires
2802 1127 3262 1180 demonstrentur.
3299 1124 3439 1177 llinc
3468 1140 3531 1178 ex

1966 1220 2133 1289 gratia
2172 1218 2277 1271 sibi
2326 1232 2527 1270 nomen
2602 1217 2883 1270 vindicans
2946 1217 3369 1286 Chrysostomus
3412 1233 3536 1273 ora:

1969 1309 2117 1361 tione
2147 1308 2199 1360 in
2235 1308 2593 1360 Pentecosten
2629 1306 2742 1359 haec
2789 1306 2992 1359 habet:
3023 1324 3041 1355 ι
3076 1305 3207 1370 Qum
3240 1317 3421 1359 autem
3457 1306 3536 1360 vis

1967 1396 2055 1451 est'
2075 1396 2225 1451 verbi
2260 1399 2531 1465 procedit?
2562 1396 2631 1451 Ut
2664 1396 3042 1465 generationis
3074 1414 3271 1451 nomen
3307 1411 3536 1463 praeter-

1970 1489 2095 1543 iret'
2121 1489 2424 1557 Scriptura,
2474 1505 2543 1542 ne
2589 1488 2785 1545 Filium
2838 1490 2990 1543 illum
3044 1498 3288 1555 vocaret,
3363 1491 3541 1544 dicit:

1970 1577 2229 1645 Spiritum
2250 1588 2512 1643 sanctum,
2537 1581 2625 1648 qui
2655 1596 2717 1633 ea:
2758 1580 2918 1633 Patre
2952 1582 3207 1649 procedit.
3240 1581 3544 1635 lntroducit

1972 1669 2147 1738 ipsum
2189 1673 2594 1738 procedentem,
2625 1679 2682 1723 ut
2714 1688 2909 1740 aquam
2934 1688 2964 1725 e
2994 1673 3147 1727 fonte
3179 1675 3545 1733 exsil;t-nt0in,

1972 1759 2132 1812 sicuti
2180 1759 2384 1813 dictum
2424 1770 2507 1815 est
2537 1764 2601 1815 de
2632 1764 2923 1830 paradiso:
2961 1762 3180 1819 Flavius
3217 1766 3449 1832 procedit
3484 1780 3549 1817 ea:

302 1866 360 1918 τὸ
392 1840 681 1933 εἰρημένον
715 1840 840 1929 περὶ
865 1858 956 1911 τοῦ
991 1859 1342 1926 παραδείσου.
1378 1876 1397 1907 t
1427 1859 1671 1923 Ποταμὸς
1697 1856 1753 1907 δὲ
1772 1858 1869 1907 ὲκ-

1987 1853 2125 1906 Eden
2153 1855 2200 1906 ο.
2228 1852 2504 1918 Procedit,
2535 1864 2592 1910 et
2630 1858 2811 1912 exsilit
2846 1859 3035 1913 dicens
3067 1860 3288 1914 divinus
3320 1862 3407 1915 bic
3430 1878 3547 1931 my-

306 1954 599 2024 πορεύεται
651 1952 710 2018 ἐξ
783 1951 965 2018 Ἐδέμ.
1002 1968 1020 1999 ι
1075 1948 1464 2018 Ἐκπορεύεται
1500 1949 1596 1999 καί
1632 1946 1868 2015 πηγάζει

302 2044 540 2116 εἰρηκὼς
588 2043 617 2094 ὁ
671 2042 808 2103 θεῖος
840 2041 1205 2110 μυστολὲκτης
1242 2040 1339 2108 τὴν
1365 2037 1459 2090 τοῦ
1487 2039 1871 2105 ἐκπορεύεται

301 2138 556 2207 δύναμιν,
583 2136 656 2197 ὡς
689 2135 777 2185 ἵνα
813 2133 879 2184 δι’
911 2130 1076 2184 αὐτοῦ
1104 2131 1165 2182 τὸ
1218 2130 1316 2199 τῆς
1361 2129 1664 2197 γεννήσεως
1702 2126 1872 2197 ὄνομα

302 2235 337 2302 ή
366 2231 559 2299 Γραφὴ
586 2225 852 2297 παρέλθῃ,
879 2227 972 2277 καὶ
1025 2224 1097 2293 μὴ
1143 2223 1390 2291 γέννημα
1438 2221 1767 2293 παραστήσῃ
1810 2220 1873 2272 τὸ

308 2319 550 2388 Πνεῦμα,
582 2317 726 2383 ἅπερ
748 2315 798 2367 οἱ
829 2313 1061 2381 καθεξῆς
1083 2312 1337 2382 πρόϐολοι
1366 2312 1466 2379 τῆς
1491 2311 1768 2373 εὐσεϐείας
1792 2311 1872 2372 είς

305 2415 431 2481 ὅρον
461 2412 559 2478 τῆς
584 2406 779 2471 λέξεως
796 2406 1140 2474 ’ἁφιέρωσαν,
1170 2403 1329 2456 ἄλλον
1359 2403 1559 2472 τρόπον
1587 2402 1873 2473 ὑπάρξεως

308 2502 458 2572 παρὰ
491 2500 582 2552 τὸν
615 2501 712 2566 τῆς
742 2499 1069 2571 γεννήσεως,
1096 2499 1188 2549 καὶ
1213 2496 1466 2565 διάφορον
1490 2495 1690 2565 τρόπον
1718 2495 1876 2546 κοιλέ-

312 2610 523 2658 σαντες,
576 2592 723 2652 τέλος
757 2591 835 2651 εἰς
872 2589 1065 2641 ταυτὸν
1102 2589 1233 2641 αὐτὸ
1259 2588 1321 2640 τὸ
1347 2587 1736 2654 ἐκπορεύεται
1782 2587 1878 2639 καὶ

310 2685 556 2754 πηγάζει
582 2682 884 2745 συντάττει,
915 2679 989 2741 ὡς
1012 2681 1103 2733 καὶ
1133 2679 1298 2747 ἄμφω
1325 2680 1385 2730 τὸ
1414 2678 1509 2731 τοῦ
1540 2679 1739 2748 τρόπου
1763 2678 1880 2730 ἕτε-

313 2796 405 2849 ρον
440 2777 534 2844 τῆς
569 2768 853 2842 ὑπάρξεως
879 2771 1303 2841 παριστάνοντα.
1331 2771 1454 2822 Ὅτι
1479 2772 1538 2822 δὲ
1556 2774 1614 2823 τὸ
1633 2786 1714 2834 πη
1726 2768 1879 2838 γάζει

313 2872 407 2921 καὶ
438 2867 532 2920 ἐπὶ
559 2866 651 2919 τοῦ
690 2865 820 2918 Υἰοῦ
846 2867 901 2917 ὲν
931 2864 1147 2927 πολλοῖς
1184 2866 1275 2917 καὶ
1328 2864 1586 2927 πολλάκις
1625 2865 1659 2933 ἡ
1694 2864 1879 2933 Γραφὴ

313 2959 674 3031 διατρανοῦσα
705 2957 1052 3028 γνωρίζεται,
1089 2958 1246 3026 δῆλον
1277 2960 1369 3009 καὶ
1399 2963 1423 3010 ὁ
1473 2958 1580 3028 πρὸ
1608 2958 1703 3009 τοῦ
1734 2958 1881 3026 Χρυ-

317 3053 535 3121 σολόγου
566 3050 641 3120 τῷ
670 3050 867 3120 χρόνῳ,
899 3052 1011 3112 τοῖς
1043 3050 1097 3102 δὲ
1129 3049 1270 3101 κατὰ
1293 3049 1424 3101 Θεὸν
1454 3049 1635 3118 ἔργοις
1666 3049 1760 3100 καὶ
1792 3048 1880 3101 λόει

1971 1946 2261 1998 steriorum
2298 1947 2576 2013 collector,
2629 1949 2778 2002 verbi
2814 1950 3048 2019 procedit
3081 1951 3189 2005 vim
3229 1967 3350 2007 esse
3381 1952 3546 2006 dicti-

1973 2044 2070 2101 tat,
2120 2045 2181 2090 ut
2254 2053 2347 2106 per
2391 2039 2517 2092 illud
2572 2042 2924 2110 generationis
2994 2059 3193 2098 nomen
3247 2045 3555 2113 praeteriret

1977 2127 2258 2199 Scriptura
2282 2168 2297 2194 ,
2347 2141 2401 2183 et
2434 2145 2544 2185 non
2574 2132 2767 2186 Filiqu
2804 2133 3067 2201 Spiritum
3108 2137 3513 2192 demonstraret
3535 2178 3550 2202 ,

1976 2234 2097 2286 qua:
2139 2219 2488 2287 postmodum
2538 2221 2815 2276 subsecuti
2863 2223 3083 2291 pietatis
3117 2234 3553 2294 propugnatores

1954 2310 2237 2363 dictionis
2268 2309 2574 2366 ﬁnitionem
2606 2323 2938 2379 statuerunt,
2969 2315 3135 2369 alium
3161 2317 3308 2370 hunc
3331 2317 3552 2371 modum

1978 2401 2308 2455 exsistentia:
2333 2402 2401 2455 ab
2427 2416 2495 2456 eo
2525 2405 2615 2471 qui
2637 2406 3007 2473 generationis
3039 2416 3142 2472 cst,
3170 2422 3234 2461 ac
3265 2409 3547 2463 diversum

1980 2500 2383 2560 nuncupantes,
2409 2494 2626 2549 tandem
2677 2495 2732 2549 in
2760 2496 2953 2552 eodem
2985 2497 3106 2553 loco
3133 2499 3288 2568 ponit
3312 2500 3552 2569 procedit

1980 2593 2036 2637 et
2058 2584 2254 2649 exsilit,
2283 2595 2539 2653 tanquam
2569 2602 2690 2656 quas
2714 2589 2874 2643 ambo
2900 2590 3123 2644 modum
3157 2591 3435 2646 diversum
3460 2606 3552 2646 ex-

1984 2675 2248 2729 sistentiae
2298 2675 2559 2730 inferunt.
2614 2678 2847 2732 Exsilirc
2896 2694 3062 2748 porro
3107 2689 3159 2734 et
3206 2682 3273 2737 de
3322 2683 3461 2739 Filio
3497 2685 3556 2738 in

1934 2832 1937 2835 γ
1987 2769 2177 2821 multis
2203 2783 2267 2822 ac
2295 2769 2593 2838 saepissime
2629 2770 2971 2840 Scripturam
3001 2784 3262 2841 usurpare
3292 2777 3511 2845 agnosci
3538 2816 3556 2842 ,

1986 2863 2165 2931 palatii
2196 2862 2343 2925 facit,
2385 2862 2477 2930 qui
2506 2863 2901 2933 Chrysostomo
2927 2866 3188 2933 grandior
3218 2876 3397 2931 aetate,
3429 2884 3558 2938 erga

1986 2953 2156 3006 Deum
2190 2968 2319 3007 vero
2346 2954 2510 3009 rebus
2537 2955 2706 3023 gestis
2728 2965 2782 3009 et
2811 2957 3157 3010 sermonibus
3188 2973 3417 3013 concors
3449 2976 3562 3013 ma-

1989 3058 2128 3112 gnus
2163 3043 2653 3098 Alexandrinorum
2689 3055 2876 3114 pastor
2916 3048 3273 3115 Athanasius,
3312 3050 3366 3104 in
3397 3052 3564 3104 collo-

314 3163 430 3215 γοις
465 3145 786 3213 ὁμότροπος,
818 3145 845 3195 ό
892 3141 1002 3193 τῶν
1032 3140 1433 3219 Ἀλεξανδρέων
1466 3145 1635 3207 μέγας
1678 3141 1882 3211 ποιμὴν

1989 3132 2139 3199 quio,
2167 3134 2311 3201 quod
2349 3133 2442 3187 ille
2471 3135 2843 3198 concinnavit,
2874 3134 3178 3193 Orthodoxi
3207 3149 3262 3193 et
3313 3139 3566 3195 Macedo-

316 3236 633 3298 Ἀθανάσιος
691 3238 747 3287 ὲν
799 3227 1098 3307 ᾔποιετται
1154 3217 1387 3296 διαλέξει
1449 3232 1758 3303 ὐρθοδόξου
1795 3234 1887 3284 καὶ

318 3325 739 3387 Μακεδονιανοῦ,
792 3326 920 3395 περὶ
971 3323 1063 3376 τοῦ
1103 3322 1351 3393 πηγάζει
1385 3324 1511 3376 τάδε
1571 3323 1886 3391 συντίθησι·

326 3438 343 3472 ι
376 3421 467 3490 Μή
503 3436 592 3489 μοι
615 3419 822 3486 γένοιτο
850 3418 1025 3468 εἰπεῖν
1061 3415 1354 3484 ἐπίκτητόν
1384 3432 1437 3467 τι
1466 3415 1559 3467 ἐπὶ
1592 3415 1686 3467 τοῦ
1723 3416 1889 3468 1]νεύ-

326 3526 514 3579 ματος.
538 3506 676 3561 Οῦτε
704 3507 811 3577 γάρ
838 3505 898 3558 τὸ
925 3503 1100 3572 ἅγιον,
1133 3504 1256 3557 οὔτε
1287 3504 1346 3559 τὸ
1370 3505 1660 3574 ἄφθαρτον,
1686 3503 1809 3558 οὔτε
1829 3506 1890 3559 τὸ

329 3600 609 3663 ὰθάνατον,
649 3597 771 3650 οὐτε
801 3596 930 3650 ἄλλο
954 3614 1005 3648 τι
1036 3597 1144 3648 τῶν
1177 3602 1306 3666 περὶ
1340 3597 1472 3649 Θεὸν
1506 3597 1892 3666 θεωρουμέ.ων

322 3694 467 3761 ’λέγω
497 3689 632 3746 εἶναι
657 3690 946 3758 ἐπίκτητον
969 3687 1046 3757 τῷ
1078 3688 1218 3756 ἁγίῳ
1236 3688 1513 3757 Πνεῦματι
1532 3704 1545 3717 ο
1579 3688 1714 3740 ἀλλὰ
1735 3685 1893 3754 φύσει

328 3781 502 3848 ἅγιον,
560 3778 720 3847 φύσει
757 3776 981 3845 ἀγαθὸν,
1045 3777 1202 3843 φύσει
1247 3776 1522 3844 ἄφθαρτον
1572 3778 1645 3839 ὡς
1671 3776 1894 3845 Πνεῦμα

329 3873 460 3925 θεοῦ
485 3870 577 3925 καὶ
609 3869 669 3934 ἐξ
696 3868 859 3922 αὐτοῦ
883 3866 1149 3938 πηγάζον,
1180 3866 1355 3920 εἵτουν
1381 3868 1886 3937 ξὲκπορευόμενον.ι

326 3965 354 4017 ’ί
373 3963 447 4017 ὦν
474 3962 565 4017 οῦν
596 3961 1096 4031 ῐινευματομάχων,
1130 3959 1204 4022 ὡς
1231 3960 1299 4012 τὰ
1330 3959 1423 4012 τοῦ
1458 3960 1614 4027 λόγου
1644 3959 1732 4014 διὰ
1763 3959 1897 4030 βραο

331 4057 467 4126 χέων
490 4053 1082 4124 ἀνακεφαλαιώσωμεν,
1106 4052 1169 4105 ὲκ
1191 4050 1283 4104 τοῦ
1313 4051 1410 4123 τὴν
1433 4052 1601 4106 δυάδα
1627 4052 1736 4105 τῶν
1760 4054 1896 4106 ὐπο-

333 4150 568 4203 πτάσεὼν
596 4149 661 4200 ὲκ
692 4143 791 4218 τῆς
836 4149 1109 4217 πατρικῆς
1138 4145 1325 4209 οὐσίας
1351 4143 1724 4212 θεολογεῖσθαι
1747 4144 1898 4197 ἁδελ-

330 4242 493 4312 φικὴν
521 4240 912 4309 όμοουσιότητα
951 4236 1315 4306 συναγόντων,
1346 4239 1460 4302 καὶ,
1504 4235 1614 4289 Ποῦ
1644 4237 1704 4289 τὸ
1737 4253 1897 4307 μονο-

336 4336 514 4401 γενές;
582 4333 1198 4403 ἀντιπαρατιθεμὲνων,
1269 4332 1562 4386 κάντεῦθεν
1616 4333 1692 4395 ὡς
1741 4333 1899 4385 τοῦτο

335 4426 565 4495 τηροῖτο,
604 4422 680 4493 μὴ
709 4424 774 4477 ὲκ
800 4425 900 4494 τῆς
927 4424 1117 4486 οὐσίας
1150 4421 1291 4478 εἶναι
1332 4425 1432 4494 τῆς
1461 4424 1754 4494 πατρικῆς,
1782 4423 1899 4476 ἀλλ’

1992 3226 2178 3291 niani,
2228 3229 2296 3281 de
2348 3227 2506 3283 verbo
2560 3229 2773 3283 exsilire
2803 3232 2920 3286 haec
2962 3233 3152 3288 scribit
3199 3253 3214 3289 :
3256 3254 3275 3286 ‹
3315 3235 3471 3290 Absit
3508 3246 3565 3291 ut

1993 3318 2110 3386 ipse
2137 3319 2310 3374 dicam
2336 3321 2694 3375 adventitium
2727 3324 2857 3392 quid
2886 3338 3009 3379 esse
3034 3325 3091 3379 in
3117 3326 3324 3395 Spiritu
3348 3339 3563 3383 sancto.

1995 3408 2178 3479 Neque
2210 3411 2356 3467 enim
2386 3422 2657 3476 sanctum,
2707 3430 2886 3485 neque
2918 3417 3355 3487 incorruptibile,
3391 3435 3571 3489 neque

1996 3502 2323 3564 immortale,
2356 3518 2534 3572 neque
2558 3505 2705 3559 aliud
2732 3507 3012 3576 quidpiam
3045 3510 3188 3578 quod
3216 3511 3289 3566 de
3312 3513 3419 3565 Deo
3447 3528 3573 3566 con-

1994 3594 2288 3657 sideretur,
2346 3595 2470 3648 dico
2533 3611 2655 3650 esse
2738 3600 3100 3653 adventitium
3154 3600 3381 3670 Spiritui
3439 3618 3571 3657 san-

1996 3694 2122 3751 cto;
2153 3686 2249 3739 sed
2286 3697 2484 3740 natura
2514 3699 2761 3741 sanctum
2788 3729 2803 3753 ,
2853 3700 3049 3745 natura
3081 3694 3282 3746 Lonum
3308 3733 3322 3756 ,
3376 3705 3572 3749 natura

1997 3775 2487 3845 incorruptibilem,
2524 3778 2602 3830 uti
2631 3777 2895 3846 Spiritum
2929 3781 3056 3847 Dei,
3084 3792 3140 3836 et
3168 3799 3235 3836 ex
3270 3784 3389 3852 ipso
3421 3789 3569 3839 exsi-

1997 3866 2245 3930 lientem,
2274 3868 2387 3923 sive
2414 3869 2830 3937 procedentem.
2874 3890 2892 3922 ι
2929 3875 3063 3926 tium
3092 3874 3276 3943 itaque
3305 3874 3576 3931 Pneuma-

2001 3958 2274 4022 tomaclii,
2324 3966 2386 4012 ut
2421 3960 2729 4017 orationem
2761 3962 3104 4020 brevioribus
3143 3965 3394 4021 terminis
3439 3983 3575 4039 praes

1998 4051 2306 4115 cludamus,
2337 4053 2488 4121 quod
2520 4053 2721 4124 duplex
2760 4055 3070 4125 bypostasis
3100 4073 3166 4112 ex
3203 4059 3442 4114 essentia
3479 4076 3576 4130 pa-

1999 4151 2155 4198 terna
2186 4144 2404 4199 exsilire
2424 4146 2722 4210 diceretur,
2756 4147 3058 4204 fraternam
3083 4152 3573 4208 consubstantiali-

2001 4245 2165 4291 tatem
2186 4235 2529 4307 colligerent,
2547 4247 2850 4308 contraque
2879 4250 3226 4310 Opponerent
3241 4255 3572 4312 quaerentes,

2000 4326 2237 4383 Ubinam
2297 4327 2638 4398 unigenitum
2668 4329 2874 4383 fuerit?
2900 4330 3136 4399 indeque
3172 4344 3232 4386 ut
3265 4333 3320 4387 id
3350 4348 3577 4389 conser-
3659 4333 3686 4377 τ’

2002 4429 2241 4484 varetur,
2290 4436 2403 4476 non
2453 4436 2518 4476 ex
2570 4421 2808 4476 essentia
2845 4431 3098 4491 paterna,
3139 4424 3235 4479 sed
3272 4425 3329 4479 in
3363 4437 3580 4482 creatu-

340 4515 408 4575 :i;
432 4513 532 4581 τὴν
562 4517 738 4565 κτίσιν
761 4513 1109 4581 καταγόντων
1136 4513 1358 4582 Πνεῦμα
1385 4514 1447 4566 τὸ
1475 4512 1652 4581 ἅγιον,
1683 4514 1779 4566 καὶ
1792 4511 1884 4566 τῶι

2007 4530 2122 4567 ram
2158 4512 2425 4584 Spiritum
2466 4522 2716 4570 sanctum
2771 4515 3068 4581 deferrent,
3119 4526 3174 4571 et
3215 4533 3340 4572 cum
3389 4533 3420 4573 a
3466 4519 3580 4575 Deo

344 4603 741 4674 ὶεοπροὸλήτων
766 4602 1098 4656 διδασκάλων
1129 4604 1226 4674 τὴν
1253 4604 1586 4675 ἁποσόϐησιν
1618 4604 1778 4674 τῆσδε
1800 4603 1898 4672 τῆς

342 4697 640 4767 ἰυσφημίας
664 4694 1081 4767 παραδιδόντων,
1112 4696 1177 4749 ἐκ
1205 4695 1297 4748 τοῦ
1322 4698 1416 4749 τὸν
1444 4697 1545 4767 μὲν
1571 4698 1698 4751 Υἰὸν
1721 4699 1786 4750 ὲκ
1805 4697 1900 4749 τοῦ

340 4790 546 4859 Ηατρδς
574 4786 1018 4858 δογματίζεσθαι,
1063 4786 1125 4839 τὸ
1153 4786 1207 4838 δὲ
1238 4785 1464 4856 Πνεῦμα
1513 4790 1578 4841 ὲκ
1601 4787 1701 4859 τῆς
1730 4789 1901 4858 αὐτῆς

340 4879 658 4951 ὶμφοτέρων
687 4877 897 4943 οὐσίας,
951 4877 1044 4932 καὶ
1075 4877 1166 4930 οῦν
1198 4878 1264 4931 ἐκ
1289 4878 1383 4931 τοῦ
1438 4880 1645 4950 Πατρὸς
1670 4881 1759 4934 διά
1807 4881 1902 4935 τοῦ

340 4975 486 5040 Υἱοῦ,
517 4972 765 5027 ἐντεῦθέν
790 4988 851 5024 τε
883 4971 944 5025 τὸ
977 4971 1262 5040 μονογενὲς
1290 4970 1672 5039 ἀναμφιϐόλως
1722 4977 1906 5045 τηρεῖ-

338 5068 481 5133 σθαι,
514 5066 695 5120 καὶτὸ
726 5066 822 5134 τῆς
876 5064 1172 5133 ἁδελφικῆς
1218 5064 1486 5134 ὀμοφυῖας
1531 5064 1908 5135 ἀποῤῥαπίζε-

338 5163 484 5225 σθαι,
514 5160 594 5212 ἔτι
642 5175 700 5212 τε
747 5159 846 5227 τὴν
870 5157 1255 5226 ἐκπορεύεται
1306 5156 1450 5223 λέξιν
1479 5158 1903 5226 σαφηνιζόντων,

342 5252 411 5314 ὡς
429 5247 573 5304 τοῦτ’
608 5249 741 5303 αὐτὸ
774 5250 1148 5318 παρεστῶσαν,
1172 5248 1313 5303 οὕτω
1349 5251 1447 5320 μὲν
1483 5251 1547 5303 ἐκ
1569 5249 1664 5302 τοῦ
1697 5251 1909 5320 Πατρὸς

339 5347 429 5397 τὸν
454 5344 606 5410 Υἱὸν,
637 5341 780 5396 οὕτω
831 5342 890 5394 δὲ
944 5343 1004 5406 ἐξ
1032 5344 1234 5413 ἀμφοῖν
1262 5342 1323 5396 τὸ
1383 5343 1610 5413 Πνεῦμα
1643 5346 1911 5415 προέρχε-

342 5443 486 5502 σθαι,
526 5437 685 5491 τοῦτο
712 5437 820 5507 γὰρ
856 5439 884 5489 ὁ
904 5436 1061 5498 ἄλλος
1092 5437 1293 5507 τρόπος
1327 5439 1425 5507 τῆς
1470 5436 1781 5506 ὑπάρξεως,
1812 5435 1907 5488 καὶ

339 5515 615 5599 διάφορος,
635 5531 727 5580 καὶ
758 5529 840 5593 τὸ,
868 5546 887 5580 ι
933 5529 1029 5583 Ἐκ
1056 5529 1148 5581 τοῦ
1181 5528 1319 5598 ἐμοῦ
1352 5528 1606 5598 λήψεται,
1643 5549 1661 5581 ι
1686 5531 1780 5582 καὶ
1800 5529 1910 5581 λοι.

342 5625 451 5688 πὰς
481 5624 671 5692 ἐτέρας
701 5625 882 5691 φωνὰς
909 5622 1005 5692 τῆς
1037 5622 1203 5691 αὐτῆς
1244 5623 1502 5689 διανοίας,
1535 5621 1910 5693 διευκρινούνσ

416 5808 439 5842 ³
466 5806 599 5864 Gen.
622 5819 683 5862 ιι.
728 5805 795 5857 10

2008 4603 2247 4658 instituti
2275 4605 2521 4674 magistri
2541 4605 2937 4675 blasphemiam
2961 4607 3200 4663 similem
3221 4610 3579 4679 repellerent,

2010 4696 2155 4765 quod
2184 4694 2355 4750 Filius
2384 4712 2449 4750 ex
2483 4697 2662 4752 Patris
2693 4699 2929 4753 essentia
2960 4699 3373 4765 decerneretur,
3403 4699 3581 4771 Spiri'c

2011 4798 2099 4843 tus
2130 4803 2195 4843 ex
2224 4788 2415 4843 eadem
2447 4788 2732 4859 utriusque
2760 4790 3020 4856 essentia,
3049 4807 3351 4863 rursusque
3382 4810 3449 4850 ex
3478 4795 3585 4850 Pa-

2009 4895 2094 4937 tre
2140 4897 2236 4952 per
2278 4881 2513 4947 Filium,
2566 4881 2806 4949 indeque
2850 4883 3197 4954 unigenitum
3241 4887 3449 4956 absque
3481 4887 3589 4941 ulla

2014 4974 2358 5029 haesitatione
2396 4984 2841 5037 conservaretur,
2883 4984 2938 5030 et
2982 4976 3222 5032 fraterna
3253 4989 3588 5034 connatura-

2012 5065 2136 5120 litas
2178 5066 2544 5135 relegaretur;
2589 5078 2964 5138 praetereaque
3019 5070 3316 5125 dictionem
3353 5072 3590 5138 procedit

2013 5158 2526 5226 interpretarentur,
2567 5160 2669 5214 hoc
2700 5159 2843 5215 idem
2887 5156 3081 5216 notare
3101 5202 3117 5227 ,
3148 5163 3226 5217 sic
3252 5162 3474 5231 quidem
3522 5182 3590 5219 ex

2013 5247 2174 5301 Patre
2199 5248 2420 5310 Filium,
2455 5247 2535 5302 sic
2566 5248 2696 5303 item
2724 5266 2790 5304 ex
2821 5253 3091 5308 ambobus
3131 5253 3400 5324 Spiritum
3435 5271 3592 5326 egre-
3612 5300 3643 5325 ,

2015 5342 2108 5405 di;
2140 5340 2197 5394 id
2228 5340 2374 5393 enim
2404 5340 2545 5395 alius
2580 5343 2778 5396 modus
2808 5345 3147 5402 exsistentia:
3177 5355 3282 5412 est,
3324 5356 3379 5401 et
3407 5347 3592 5403 diver-

2015 5449 2130 5498 sus,
2161 5448 2375 5487 necnon
2407 5442 2464 5487 et
2503 5434 2659 5491 illud:
2699 5455 2717 5486 ι
2759 5435 2832 5490 De
2861 5452 2984 5491 meo
3015 5438 3270 5508 accipiet,
3319 5458 3338 5491 ι
3374 5449 3427 5496 et
3456 5441 3587 5495 reli-

2014 5542 2152 5597 quas
2173 5526 2309 5580 alias
2332 5527 2578 5596 ejusdem
2626 5529 2963 5600 signiﬁcatus
3000 5547 3186 5596 voces,
3225 5546 3589 5603 exponerent,

2017 5629 2073 5674 et
2104 5618 2297 5672 Filium
2339 5621 2489 5674 nullo
2518 5622 2680 5675 modo
2710 5620 2909 5675 servile
2938 5623 3302 5681 ministerium
3344 5628 3617 5693 exolcrc,
