4072 6460
231 496 364 562 1320

1233 501 1531 562 CONTRA
1565 501 1990 563 MANUELEM
2028 499 2505 563 CRETENSEM.

3352 497 3415 558 13
3455 493 3487 547 ll

226 613 527 668 κάντεῦθεν
563 613 621 668 τὸ
667 615 727 682 ἐξ
762 612 915 681 Υἱοῦ,
969 615 1004 685 ἢ
1032 613 1098 668 δι’
1125 612 1264 668 Υἱοῦ
1285 610 1426 668 εἶναι
1470 616 1534 668 τὸ
1573 612 1802 684 Πνεῦμα

1917 615 2166 684 majorem
2232 611 2548 681 accipient?
2599 610 2758 664 Certe
2825 618 3084 663 extremae
3138 607 3490 676 blasphemia:

225 706 413 757 τέλεον
440 704 660 758 ἀπωθοῦ
671 721 844 775 μενοι.
871 705 936 759 Et
962 706 1038 776 μὴ
1059 705 1170 777 γὰρ
1200 705 1263 760 τὺ
1289 704 1627 760 ἀπωθεῖσθαι
1657 702 1804 758 άπώο

231 811 435 860 σονται,
467 795 591 848 καθ’
621 798 802 850 ὁποῖον
828 796 935 866 ἄρα
963 796 1076 850 τῶν
1105 795 1523 867 σημαινομένων
1557 795 1663 848 τοῦ
1677 795 1806 863 μεί-

231 887 403 953 ζονος
429 889 562 943 αὐτὸ
588 887 871 958 λήψονται,
899 890 1144 960 κρημνὸν
1172 889 1270 959 οὐχ
1300 889 1517 953 ἕξουσιν
1547 887 1803 952 ἐξαλύξαι

225 981 322 1030 τὸν
355 979 454 1048 τῆς
498 979 808 1046 ἀκροτάτης
855 979 1169 1050 δυσφημίας
1217 979 1578 1032 οὐδοπωσοῦν.
1610 977 1804 1030 Καίτοι

230 1069 487 1140 καθαρῶς
522 1071 550 1122 6
573 1069 901 1141 ἱερομύστης
940 1087 961 1121 ι
1005 1071 1226 1138 μείζονα
1259 1069 1353 1122 τοῦ
1374 1069 1690 1137 Πνεῦματος
1713 1067 1806 1121 τὸν

231 1160 361 1212 Υἱδν
398 1179 416 1212 ι
452 1161 650 1232 φήσας,
672 1162 768 1214 καὶ
798 1163 912 1214 ἴσον
946 1159 1134 1231 εἴρηκε
1157 1159 1458 1230 παρευθύς.
1481 1160 1586 1213 Καὶ
1607 1157 1805 1227 ἐφεξῆς

231 1253 535 1320 ἐπήγαγεν,
565 1271 582 1304 ι
639 1252 841 1306 Ἑδίδου
866 1251 928 1304 τὸ
963 1252 1209 1321 Πνεῦμα,
1249 1251 1342 1304 καὶ
1369 1250 1578 1318 ἔλεγεν,
1615 1268 1635 1302 ‹
1657 1248 1806 1318 Ἐγὼ

232 1340 576 1404 ἀποστελῶ,
609 1361 628 1394 ι
667 1343 1072 1412 διαφανέστατα
1101 1343 1472 1411 παριστάνων,
1512 1342 1593 1395 ὅτι
1617 1340 1804 1410 ὥσπερ

231 1438 266 1507 ἡ
295 1437 596 1504 αὐτοσοφία
649 1421 740 1488 τὸν
771 1436 994 1504 Πατέρα
1044 1435 1266 1504 μείζονα
1313 1436 1406 1488 καὶ
1457 1433 1574 1485 ῐσον
1609 1431 1804 1486 ἑαυτοῦ

233 1526 420 1596 σαφῶς
452 1525 917 1596 ὲμυσταγώγησεν
947 1528 1006 1581 ὲν
1044 1525 1402 1594 Εὐαγγελίοις
1450 1525 1636 1587 εἰπὼν,
1674 1542 1692 1575 ι
1741 1524 1804 1576 '0

233 1616 426 1686 Πατήρ
454 1633 556 1685 μου
611 1615 816 1686 μείζων
865 1614 966 1686 μού
1015 1615 1165 1679 ἐστι,
1209 1633 1228 1666 ι
1265 1614 1359 1666 καὶ
1386 1613 1569 1673 πάλιν,
1604 1631 1625 1664 ι
1665 1611 1805 1680 Ἐγὼ

232 1709 330 1762 καὶ
359 1712 386 1761 6
417 1709 602 1778 Πατὴρ
632 1707 692 1761 ἓν
723 1709 891 1778 ἐσμεν
920 1726 936 1742 ο
983 1724 1004 1759 ι
1048 1705 1223 1769 οὕτως
1281 1706 1468 1760 ἐνθάδε
1523 1704 1702 1765 διδοὺς
1744 1704 1805 1756 τὸ

231 1798 460 1867 Πνεῦμα
497 1798 641 1852 κατὰ
667 1798 766 1868 τὴν
799 1797 1026 1867 θεότητα
1051 1797 1145 1849 κα)⁵
1175 1795 1547 1857 ἀποστέλλων,
1580 1795 1805 1863 μείζονα

229 1889 425 1943 τούτου
470 1890 567 1943 καὶ
615 1891 729 1944 ῐσον
759 1890 950 1943 ἑαυτὸν
981 1888 1252 1959 ἀριδήλως
1301 1889 1576 1957 ὲσήμανε⁹
1609 1887 1702 1938 καὶ
1730 1885 1804 1948 ὡς

229 1978 356 2032 ἐκεῖ
385 1981 444 2033 τὸ
483 1979 622 2044 τσον,
654 1980 798 2033 οὕτω
829 1978 1111 2032 κάνταῦθα
1160 1975 1304 2031 κατὰ
1348 1977 1407 2028 τδ
1457 1975 1558 2044 τῆς
1592 1977 1806 2045 φύσεως

233 2071 676 2142 ἀπαράλλακτον,
708 2071 771 2123 τὸ
821 2071 879 2124 δὲ
916 2071 1099 2140 μεῖζον
1127 2069 1247 2122 κατ’
1284 2067 1523 2137 ἰδιότητα
1573 2068 1695 2136 τὴν,
1726 2069 1808 2121 ὅτι

233 2180 344 2233 περ
371 2164 435 2216 ἐκ
467 2161 560 2216 τοῦ
593 2162 808 2231 Πατρδς
833 2163 862 2215 6
893 2161 1043 2226 Υἱὸς,
1083 2160 1199 2212 ἀλλ’
1254 2159 1354 2212 οὐκ
1387 2162 1449 2212 ὲκ
1481 2159 1674 2213 τούτου
1701 2160 1809 2212 Πα-

230 2255 360 2323 τὴρ,
384 2254 541 2306 τοῦτο
579 2253 690 2323 γᾴρ
723 2252 942 2321 ἰδιότης,
969 2251 1066 2304 καὶ
1091 2251 1193 2319 τὴν
1221 2251 1301 2302 ὅτι
1335 2267 1442 2320 περ
1474 2252 1538 2303 ἐκ
1564 2250 1658 2303 τοῦ
1683 2251 1809 2304 Υἱοῦ

233 2349 330 2400 καὶ⁸
356 2347 443 2400 διὰ
472 2345 566 2398 τοῦ
605 2343 732 2398 Υἱοῦ
767 2343 828 2396 τὸ
854 2341 1104 2415 Πνεῦμα,
1152 2341 1248 2393 καὶ
1279 2342 1400 2411 οὐχὶ
1431 2343 1492 2395 τὸ
1519 2343 1808 2399 ἀνάπαλιν.

235 2438 403 2492 ’θθεν
436 2436 512 2499 ὡς
543 2434 816 2504 ἀποστολὴ
863 2432 960 2486 τοῦ
994 2430 1123 2485 Υἱοῦ
1179 2434 1332 2503 παρὰ
1379 2432 1473 2486 τοῦ
1506 2434 1718 2503 Πατρδς
1748 2435 1808 2486 οὐ

235 2531 358 2584 καθ’
405 2529 575 2599 αὐτὴν
617 2529 818 2598 ἔχουσα
860 2527 921 2580 τὸ
963 2526 1159 2594 δηλοῦν
1198 2527 1298 2597 τὴν
1344 2525 1410 2579 ὲκ
1453 2525 1548 2577 τοῦ
1600 2527 1810 2596 Πατρὺς

237 2624 566 2692 ὑπέρχρσνον
591 2620 828 2689 ὓπαρξιν
850 2620 943 2673 τοῦ
978 2619 1108 2672 Υἱοῦ
1127 2619 1236 2672 τῶν
1265 2618 1538 2688 ὲγχρόνων
1561 2618 1638 2681 ὡς
1667 2617 1803 2672 οῦτα

237 2716 333 2768 καὶ
384 2715 522 2784 πρὸς
546 2713 646 2784 τὴν
681 2713 880 2766 κτίσιν.
926 2713 1020 2774 Ὦς
1045 2713 1090 2765 δ’
1122 2711 1362 2781 ἑπομένη
1399 2712 1524 2780 τῇδε
1552 2713 1618 2780 τῇ
1669 2712 1812 2780 ὑπὲρ

233 2806 453 2875 χρόνον,
484 2805 577 2858 καὶ
603 2805 756 2874 παρὰ
779 2804 940 2858 τοῦτό
971 2803 1274 2873 τεκμήριον
1306 2803 1478 2870 αὐτῆς
1507 2805 1808 2870 πεφυκυῖα,

234 2899 354 2967 ἔχει
387 2897 484 2966 μὲν
514 2895 576 2949 τὸ
605 2890 748 2949 εἶναι
782 2897 873 2950 καὶ
911 2895 1169 2960 λέγεσθαί
1201 2895 1306 2947 τοῦ
1346 2894 1482 2948 Υἱοῦ
1523 2895 1676 2966 παρὰ
1715 2895 1810 2948 τοῦ

235 2991 474 3060 Πατρδς,
503 2988 706 3059 ἥκιστα
734 2987 798 3040 δὲ
823 2986 915 3039 καὶ
959 2985 1052 3038 τοῦ
1092 2986 1304 3055 Πατρὺς
1334 2986 1487 3055 παρὰ
1513 2988 1607 3040 τοῦ
1643 2987 1774 3039 Υἱοῦ
1795 3001 1809 3015 ⁸

235 3080 413 3142 οὕτως
435 3081 709 3147 ἀποστολὴ
730 3077 827 3132 τοῦ
868 3077 1187 3147 Πνεῦματος
1221 3078 1371 3146 παρὰ
1391 3077 1483 3129 τοῦ
1515 3077 1645 3130 Υἱοῦ
1672 3078 1812 3131 κατὰ

237 3173 332 3226 τὸν
362 3173 524 3225 αὐτὸν
579 3171 738 3238 λόγον
790 3169 1140 3239 θεωρουμένη
1180 3168 1303 3222 ἔστι
1353 3186 1419 3221 τε
1466 3172 1562 3221 καὶ
1593 3168 1812 3236 λέγεται

1906 706 2266 777 praecipitium
2307 703 2547 774 eﬂ‘ugere
2582 702 2732 756 nullo
2763 703 2924 755 modo
2972 708 3252 771 poterunt.
3317 699 3382 752 Et
3407 709 3489 752 ta-

1908 809 2031 852 men
2060 799 2348 869 perspicue
2378 791 2707 866 llieromysta
2767 811 2788 846 ‹
2819 794 3082 862 majorem
3135 789 3340 861 Spiritu
3400 791 3487 844 Fi-

1908 896 2037 948 lium
2071 913 2090 945 »
2122 893 2332 958 dicens,
2364 891 2619 961 ter/uatem
2644 898 2901 959 perquam
2929 888 3108 942 subito
3135 886 3491 954 nuncupavit,

1906 997 1961 1040 et
2009 985 2351 1055 postmodum
2381 982 2684 1050 subiunxit,
2735 998 2754 1032 ‹
2798 977 3069 1033 Tradebat
3113 976 3376 1047 Spiritum
3435 986 3491 1030 et

1906 1078 2156 1131 dicebat:
2183 1076 2292 1144 Ego
2311 1076 2541 1135 mittam,
2573 1091 2591 1124 ι
2624 1070 3072 1126 manifestissime
3097 1071 3488 1138 comprobans,

1907 1169 1982 1220 uti
2017 1169 2132 1236 ipsa
2167 1166 2438 1234 Sapientia
2464 1163 2679 1218 Patrem
2723 1163 2980 1231 majorem
3015 1173 3066 1216 et
3099 1163 3364 1230 aequalem
3400 1161 3489 1214 sui

1905 1257 2084 1326 palam
2114 1256 2333 1310 edocmt
2379 1255 2432 1308 in
2466 1253 2785 1324 Evangeliis
2811 1253 3030 1307 dicens:
3087 1271 3105 1304 ι
3139 1253 3300 1306 Pater
3333 1265 3491 1304 meus

1906 1348 2081 1413 major
2107 1362 2194 1401 me
2217 1356 2336 1412 est;
2376 1358 2398 1398 ιῖ
2421 1349 2718 1413 rursusque
2746 1359 2761 1398 :
2800 1362 2818 1395 ι
2847 1343 2960 1413 Ego
3007 1353 3064 1398 et
3124 1341 3282 1397 Pater
3313 1357 3484 1394 unum

1905 1451 2117 1500 sumus,
2151 1455 2172 1487 ›
2205 1436 2280 1489 ita
2312 1443 2367 1489 et
2405 1436 2493 1488 hic
2526 1435 2790 1504 Spiritum
2842 1435 3128 1504 porrigens
3187 1435 3488 1488 secundum

1905 1527 2266 1591 divinitatem,
2299 1538 2354 1580 et
2391 1528 2612 1581 mittens
2675 1527 2939 1594 majorem
2991 1527 3084 1579 illo
3128 1536 3184 1580 et
3225 1528 3488 1594 aequalem

1906 1620 2256 1688 semetipsum
2285 1619 2442 1688 plane
2478 1619 2788 1672 enuntiavit
2839 1634 2852 1670 :
2898 1627 2955 1672 et
3013 1620 3091 1671 uti
3135 1617 3211 1670 ibi
3260 1618 3489 1684 aequale,

1907 1712 1984 1767 ita
2039 1721 2094 1766 et
2150 1713 2238 1766 hic
2279 1712 2580 1766 secundum
2634 1723 2844 1764 naturae
2897 1725 2994 1778 per
3051 1710 3233 1763 omnia
3292 1709 3490 1767 simile.

1906 1804 2082 1872 majus
2112 1817 2242 1858 vero
2267 1803 2570 1859 secundum
2603 1805 3011 1872 proprietatem,
3034 1801 3176 1870 quod
3203 1800 3377 1854 Filius
3426 1817 3492 1854 ex

1905 1895 2066 1949 Patre
2123 1905 2224 1958 est,
2265 1910 2376 1948 non
2427 1904 2608 1948 autem
2659 1909 2724 1948 ex
2771 1891 2907 1948 Filio
2947 1893 3132 1947 Pater.
3183 1894 3305 1947 Haec
3341 1894 3491 1947 enim

1909 1987 2214 2056 proprietas
2244 1995 2347 2044 est.
2373 2001 2477 2055 qua
2511 2000 2578 2040 ex
2619 1983 2757 2040 Filio
2795 1969 2977 2055 et‘per
3005 1985 3199 2039 Filium
3256 1985 3495 2054 Spiritus

1910 2087 2014 2141 est,
2071 2087 2126 2132 et
2177 2092 2286 2130 non
2343 2077 2458 2132 vice
2484 2092 2661 2132 versa.
2691 2073 2846 2133 Unde
2890 2077 3079 2132 missio
3112 2077 3231 2132 Filii
3266 2093 3293 2130 a
3334 2077 3496 2132 Patre

1913 2183 2019 2220 non
2048 2183 2112 2222 ex
2153 2167 2329 2236 seipSa
2361 2167 2543 2229 habet,
2586 2181 2764 2236 neque
2810 2167 3051 2221 ostendit
3101 2168 3493 2236 sempiternam

1911 2272 1978 2311 ex
2005 2257 2162 2312 Patre
2195 2257 2568 2313 exsistentiam
2595 2255 2739 2319 Filii,
2775 2271 2898 2311 cum
2933 2257 2986 2310 in
3020 2267 3268 2326 tempore
3315 2257 3386 2311 sit
3440 2268 3498 2312 et

1913 2349 1979 2402 ad
2007 2358 2308 2404 creaturas.
2344 2348 2430 2403 Uti
2470 2357 2601 2402 vero
2636 2349 2992 2416 consequitur
3019 2363 3137 2402 eam
3174 2363 3294 2418 qua:
3330 2363 3496 2417 supra

1911 2455 2086 2494 omne
2111 2449 2323 2510 tempus
2344 2449 2447 2506 est,
2483 2448 2539 2495 et
2566 2441 2863 2495 secundum
2901 2437 3031 2494 illud
3055 2455 3174 2495 eam
3199 2455 3321 2496 esse
3353 2441 3496 2495 indi-

1911 2531 2058 2584 cium
2088 2541 2192 2591 est,
2230 2532 2499 2600 habetque
2529 2531 2673 2599 quod
2698 2531 2768 2585 sit
2802 2541 2857 2586 et
2881 2531 3096 2586 dicatur
3129 2530 3249 2586 Filii
3306 2547 3338 2586 a
3393 2532 3499 2586 Pa-

1913 2635 2018 2684 tre,
2043 2623 2143 2676 sed
2167 2637 2273 2676 non
2310 2623 2440 2677 item
2479 2621 2652 2677 Patris
2677 2639 2702 2676 a
2731 2621 2886 2687 Filio,
2929 2624 3046 2693 pari
3111 2624 3272 2678 modo
3303 2625 3496 2679 missio

1913 2713 2148 2782 Spiritus
2178 2728 2206 2766 a
2238 2711 2377 2768 Filio
2399 2715 2696 2769 secundum
2723 2716 2967 2768 eamdem
2995 2715 3494 2770 considerationem

1913 2801 2116 2870 agnita,
2158 2812 2239 2856 est
2273 2802 2586 2872 diciturque
2620 2818 2649 2855 a
2679 2801 2839 2868 Filio,
2867 2811 2922 2856 at
2948 2817 3059 2856 non
3103 2804 3230 2856 item
3265 2819 3496 2873 prorsus

1913 2887 2091 2943 Filiia
2123 2888 2330 2959 Spiritu
2388 2891 2688 2945 secundum
2719 2891 3082 2947 divinitatem.
3137 2892 3202 2946 Et
3243 2896 3496 2948 eumdem

1912 2977 2278 3036 confessionis
2307 2983 2514 3052 apicem
2542 2984 2922 3048 Athanasium,
2942 2985 3060 3040 haec
3081 2985 3153 3039 ita
3187 3001 3245 3041 se
3269 2987 3490 3050 habere,

1911 3083 1973 3126 et;
1997 3073 2172 3139 majus
2231 3074 2308 3128 uti
2349 3077 2417 3130 de
2469 3075 2626 3130 Patre
2657 3083 2711 3131 et
2761 3075 2919 3141 Filio,
2977 3081 3049 3131 ita
3083 3091 3138 3133 et
3176 3080 3243 3133 de
3273 3075 3410 3134 Filio
3443 3091 3498 3134 et

1914 3163 2123 3233 Spiritu
2199 3166 2498 3220 secundum
2554 3167 2665 3237 jam
2740 3169 3044 3239 expositam
3104 3171 3506 3239 proprietatem

239 3267 393 3334 παρὰ
425 3262 697 3324 τσῦ-Υἱοῦ,
732 3261 845 3315 ἀλλ’
877 3263 938 3314 οὐ
982 3261 1156 3329 δήπου
1187 3263 1282 3313 τοῦ
1318 3261 1450 3313 Υἱοῦ
1487 3262 1813 3331 τοπαράπαν

1917 3257 2250 3320 decrevisse,
2280 3266 2333 3312 et
2363 3273 2428 3312 ex
2457 3259 2560 3312 hoc
2590 3259 2734 3314 dicto
2770 3271 2824 3314 et
2871 3275 2939 3314 ex
2965 3261 3084 3316 aliis
3142 3262 3389 3330 plurimis
3442 3265 3494 3316 in

241 3354 400 3423 παρὰ
443 3353 538 3407 τοῦ
561 3352 880 3422 Πγνεύματος
925 3351 1075 3403 κατὰ
1099 3350 1196 3420 τὴν
1231 3351 1481 3420 θεότητα.
1515 3353 1588 3404 Ὅ·
1611 3367 1673 3420 γε
1708 3351 1813 3420 μὴν

239 3447 408 3509 αὐτὸς
459 3449 488 3499 6
539 3445 640 3514 τῆς
689 3442 980 3514 ὁμολογίας
1035 3443 1306 3512 ὰκρὲμων’
1340 3443 1676 3507 Ἀθανάσιος,
1731 3444 1814 3496 ὅτι

237 3537 399 3590 ταῦθ’
433 3534 606 3597 οὕτως
639 3536 772 3603 ἔχει,
807 3535 903 3587 καὶ
933 3533 994 3588 τὸ
1015 3531 1216 3602 μεῖζον
1249 3533 1324 3597 ὡς
1365 3534 1700 3604 ἐπἰοΠατρδς
1723 3537 1816 3586 καὶ

239 3627 397 3687 Υἱοῦ,
441 3623 614 3689 οὕτως
646 3627 738 3678 ἐπὶ
767 3625 899 3678 Υἱοῦ
945 3627 1039 3678 καὶ
1075 3625 1394 3693 Ιινεύματος
1428 3626 1548 3678 κατ’
1579 3626 1816 3696 ἰδιότητα

237 3711 766 3788 τῆνιδιειλημμένην
795 3717 1166 3785 ἐθεολὸγησεν,
1193 3717 1256 3770 ἐκ
1276 3733 1335 3768 τε
1361 3709 1572 3785 pacem;
1587 3718 1814 3786 ταύτης,

241 3811 340 3866 καὶ
370 3811 464 3878 άφ³
504 3805 579 3863 ὧν
626 3812 692 3862 ἔίίν⁴
735 3809 1017 3869 πλείσταις
1057 3806 1226 3860 αὐτοῦ
1265 3806 1578 3876 θεηγορίαις
1627 3808 1816 3861 διασα-

243 3903 357 3970 φεῖ,
387 3893 626 3954 δείὲινυσι
654 3895 932 3966 καθαρῶς,
954 3897 1055 3948 νῦν
1077 3897 1132 3948 δὲ
1166 3896 1352 3964 μόνως
1380 3895 1438 3960 ἐξ
1460 3889 1534 3950 ὧν
1565 3913 1730 3966 φησιν
1760 3901 1817 3950 ὲν

241 3991 556 4052 ἐπιστολαῖς
575 3992 696 4052 ταῖς
718 3989 847 4058 πρὸς
869 3987 1190 4057 Σεραπίωνα
1214 3986 1552 4054 βεὸαιώσειε.
1579 3987 1817 4052 Ταύταις

242 4085 360 4154 γὰρ
399 4081 659 4153 εἰρηκὼς,
704 4099 722 4132 ι
767 4079 1040 4149 Τοιαύτην
1076 4079 1227 4144 τάξιν
1257 4079 1351 4130 καὶ
1404 4079 1568 4147 φύσιν
1606 4079 1820 4150 ἔχοντος

242 4177 342 4230 τοῦ
381 4175 694 4244 Πνεῦματπ
725 4171 984 4243 πρὸςτὺν
1031 4171 1179 4233 Υιδν,
1228 4169 1421 4221 ὁποίαν
1460 4170 1490 4220 6
1538 4170 1664 4232 Υἱὸς
1702 4170 1818 4240 ἔχει

246 4268 390 4334 πρὸς
445 4265 540 4318 τὸν
578 4264 827 4333 Πατέρα,
860 4282 878 4314 ι
915 4264 973 4315 ὲν
1025 4262 1216 4324 αὑταῖς
1264 4261 1418 4326 αὖθις
1468 4261 1816 4331 διαγορεύει·

251 4377 272 4412 ι
311 4359 445 4412 Οταν
492 4358 601 4428 γὰρ
653 4356 900 4424 ἔγνωμεν
955 4354 1191 4423 ἰδιότητα
1240 4354 1334 4406 τοῦ
1368 4353 1498 4406 Υἱοῦ
1545 4353 1682 4417 πρὸς
1729 4354 1821 4406 τὸν

247 4452 491 4522 Πατέρα,
522 4447 726 4518 ταύτην
757 4449 902 4518 ἔχειν
923 4445 985 4499 τὸ
1011 4445 1237 4516 Πνεῦμα
1271 4447 1408 4516 πρὸς
1434 4447 1527 4499 τὸν
1561 4447 1690 4498 Υἱὸν
1729 4447 1821 4498 εὑ-

252 4543 512 4613 Ρήσομεν.
549 4557 569 4590 ι
609 4537 720 4590 Καὶ
753 4537 949 4589 πᾶλινο
986 4554 1005 4587 t
1045 4536 1260 4606 Ὠσπερ
1286 4538 1394 4607 γὰρ
1425 4539 1483 4588 ὲν
1516 4536 1624 4607 ίδίεὲι
1654 4537 1820 4590 εἰκόνι

1917 3347 2032 3403 suis
2066 3347 2267 3404 divinis
2293 3351 2702 3406 commentariis
2736 3352 3002 3422 insparsis
3061 3355 3349 3427 perspicue
3404 3371 3498 3425 ap-

1917 3449 2092 3509 paret,
2127 3455 2273 3496 nunc
2317 3443 2643 3498 verosolum
2672 3457 2738 3499 ex
2777 3444 2847 3499 iis
2901 3459 3032 3518 quia
3072 3445 3123 3502 in
3158 3449 3403 3516 epistolis
3431 3453 3497 3503 ad

1919 3531 2271 3602 Serapionem
2323 3534 2614 3602 decernit;
2681 3551 2918 3610 namque
2972 3555 3095 3596 cum
3147 3542 3253 3595 illis
3302 3543 3496 3596 dicat:

1926 3640 1945 3674 ι
1986 3623 2248 3678 Eumdem
2277 3625 2536 3680 ordinem
2557 3635 2612 3682 et
2637 3639 2888 3684 naturam
2940 3643 3072 3685 cum
3099 3633 3294 3686 habeat
3329 3633 3500 3701 Spiri-

1920 3723 2008 3767 tus
2029 3729 2154 3785 erga
2181 3714 2398 3780 Filium,
2437 3735 2597 3785 quam
2631 3720 2796 3774 habet
2823 3721 2992 3775 Filius
3041 3722 3428 3791 erga‘Patrem,
3474 3742 3492 3773 ι

1919 3806 1974 3858 ἱιι
2006 3805 2196 3859 iisdem
2220 3804 2417 3861 iterum
2437 3819 2648 3878 repetat
2675 3826 2690 3865 :
2727 3829 2746 3861 ι
2768 3809 2943 3876 Quam
2976 3812 3122 3866 enim
3150 3815 3497 3884 agnoscimus

1921 3896 2308 3964 proprietatem
2338 3895 2460 3953 Filii
2517 3915 2645 3970 erga
2695 3900 2930 3964 Patrem,
2981 3903 3228 3957 eamdem
3293 3904 3496 3958 habere

1922 3986 2183 4055 Spiritum
2247 4003 2370 4058 erga
2437 3989 2643 4044 Filium.
2685 3992 3041 4062 reperiemus.
3088 4012 3105 4045 ι
3135 3991 3495 4065 Rursusque:

1927 4095 1945 4126 ι
1978 4075 2154 4132 Veluti
2181 4077 2234 4132 in
2267 4079 2486 4148 prepria
2527 4081 2761 4150 imagine
2809 4092 2902 4136 est
2943 4082 3115 4138 Filius
3157 4087 3210 4138 in
3265 4084 3495 4153 Spiritu,

1922 4183 2027 4221 non
2051 4169 2156 4223 alio
2187 4171 2351 4224 modo
2377 4181 2470 4225 estt
2488 4170 2652 4226 Pater
2682 4173 2747 4226 in-
2767 4171 2926 4228 Filio.
2963 4193 2981 4225 ι
3013 4173 3124 4231 Nec
3151 4185 3272 4244 post
3307 4177 3495 4230 multa:

1928 4279 1946 4312 ι
1986 4261 2165 4332 Imago
2217 4263 2337 4318 Filii
2391 4265 2593 4319 dicitur
2654 4274 2708 4321 et
2756 4277 2842 4321 est
2885 4267 3150 4335 Spiritus;
3184 4282 3321 4336 quos
3351 4270 3496 4323 enim

1922 4355 2176 4423 cognovit
2230 4362 2287 4409 et
2331 4356 2837 4418 praedetermlnavit‘
2892 4359 3205 4414 conformes
3249 4359 3500 4429 imaginis

1925 4441 2044 4496 Filii
2095 4443 2202 4497 sui.
2246 4462 2264 4495 ι
2311 4445 2378 4498 Et
2403 4446 2493 4515 qui
2530 4447 2791 4516 operibus
2845 4448 3066 4501 nomine
3105 4461 3214 4502 non
3273 4447 3502 4502 interior

1925 4545 2004 4588 est
2027 4535 2323 4605 Gregorius
2353 4536 2814 4608 Tliauinatungus,
2843 4539 2894 4592 in
2925 4554 3039 4593 suae
3065 4540 3384 4610 dogmatica:
3415 4557 3501 4595 re-

250 4633 402 4686 éat‘w
431 4633 458 4683 6
478 4630 608 4693 Υἱὸς
650 4632 707 4682 ὲν
733 4627 812 4698 τῷ
841 4626 1142 4696 Πνεῦματι,
1165 4626 1309 4680 οὕτω
1332 4631 1426 4682 καὶ
1458 4629 1487 4681 6
1521 4628 1710 4699 Πατὴρ
1756 4631 1814 4682 ὲν

1927 4626 2566 4695 velationisinitiutionei,
2627 4649 2654 4681 (-
2682 4629 2863 4709 Patris
2891 4628 3088 4700 imago,
3121 4631 3218 4694 ait,
3247 4630 3439 4695 Filius,
3473 4651 3492 4682 ι

247 4723 329 4794 τῷ
367 4723 503 4792 Υἱῷ.
546 4740 566 4773 ι
601 4720 712 4774 Καὶ
747 4720 886 4789 μετά
912 4735 1066 4772 τιναν’
1103 4737 1124 4768 ι
1166 4719 1472 4772 Εἰκὼντοῦ
1504 4721 1636 4774 Υἱοῦ
1667 4721 1823 4788 λέγε-

247 4832 344 4870 ται
376 4816 469 4867 καὶ
507 4813 628 4866 εστι
667 4812 728 4865 τὸ
763 4811 1014 4881 Πνεῦμα.
1063 4808 1168 4873 Οὓς
1197 4809 1307 4880 γὰρ
1359 4812 1502 4880 ἔγνω
1551 4811 1823 4883 προώρισε

253 4906 614 4976 συμμόρφους
645 4904 746 4973 τῆς
800 4902 1008 4962 εἰκόνος
1039 4900 1133 4953 τοῦ
1167 4900 1296 4953 Υἱοῦ
1335 4902 1521 4956 αὑτοῦ.
1576 4922 1595 4954 ι
1645 4906 1752 4957 Καὶ
1798 4907 1831 4958 6

252 4997 596 5069 φερωνυμῶν
627 4998 692 5048 ὲκ
724 4995 834 5049 τῶν
863 4994 1046 5064 ἔργων
1072 4993 1383 5063 Γρηγόριος.
1408 4995 1436 5046 6
1466 4994 1826 5066 Θαυμστουρ-

251 5091 351 5157 γὺς
401 5092 458 5141 ἐν
511 5091 582 5158 τῇ
634 5089 744 5155 τῆς.
780 5085 946 5139 αὑτοῦ
1001 5086 1338 5156 δογμτικῆς
1406 5085 1824 5154 Ἀποκαλύψεως

257 5182 478 5250 μυήσει,
525 5197 544 5230 ι
583 5177 688 5230 Τοῦ
727 5176 938 5245 Πατρὸς
988 5179 1172 5241 εἰκων,
1213 5194 1231 5228 ι
1273 5175 1458 5246 φησὶν,
1488 5194 1517 5228 ι·
1545 5178 1574 5228 6
1616 5175 1766 5239 Υἱὸς,
1801 5197 1820 5228 ι

252 5275 349 5327 καὶ
382 5273 519 5342 μετὰ
560 5268 756 5340 βραχὺ,
789 5288 807 5320 ‹
852 5268 1032 5322 Εξκὼν
1056 5267 1153 5321 τοῦ
1186 5267 1318 5320 Υἱοῦ
1352 5267 1413 5321 τὸ
1449 5266 1828 5337 Πνεῦμα,1τε-

251 5365 400 5418 λείου
429 5363 642 5416 τελεία⁹
678 5381 697 5412 ι
728 5361 821 5413 καὶ
864 5359 1134 5430 πολλαχοῦ
1166 5358 1328 5413 τοῦτο
1371 5359 1472 5428 τῆς
1504 5359 1656 5422 θείας
1687 5359 1829 5431 Γραέ

256 5457 386 5525 φῆς,
417 5475 435 5506 ι
471 5454 566 5509 τοῦ
593 5453 806 5523 Πατρὸς
831 5454 858 5504 6
884 5451 1034 5518 Υἱὸς,
1061 5453 1154 5504 καὶ
1173 5450 1418 5504 τοῦΥἱοῦ
1441 5452 1500 5504 τὸ
1528 5450 1776 5521 Πνεῦμα,
1801 5472 1820 5505 ι

255 5548 356 5602 καὶ
385 5547 446 5600 οὐ
485 5546 658 5615 δήπου
689 5545 783 5598 τοῦ
830 5543 960 5596 Υἱοῦ
988 5542 1153 5596 εἰκὼν
1187 5545 1214 5596 6
1246 5544 1454 5611 Πατὴρ,
1481 5543 1604 5596 οὑδὲ
1633 5561 1696 5611 γε
1734 5542 1828 5596 τοῦ

257 5637 574 5708 Πνεῦματος
608 5640 636 5690 6
659 5637 810 5700 Υἱὸς,
836 5638 928 5690 καὶ
967 5635 1142 5690 ταῦτα
1169 5634 1278 5687 τῶν
1311 5635 1480 5703 τριῶν
1522 5635 1711 5698 οὐσίας
1737 5633 1829 5689 οΰο

257 5747 361 5801 σης
395 5731 526 5800 μιᾶς
544 5745 560 5761 ·
595 5728 770 5781 καίτοι
797 5730 846 5781 ei
873 5728 958 5781 διὰ
985 5727 1188 5796 ταύτην
1221 5727 1440 5796 ἐλέγετο
1465 5727 1613 5789 τάδε,
1648 5727 1742 5779 καὶ
1768 5726 1830 5780 οὐ

255 5825 350 5878 διὰ
370 5822 468 5894 τὴν
495 5821 827 5893 λελεγμένην
877 5820 1116 5891 ἰδιότητα
1158 5821 1387 5890 προόδου
1426 5823 1523 5890 τῆς
1570 5820 1827 5887 φυσικῆς,

260 5917 569 5988 ἀδιαφόρως
612 5917 676 5971 ἂν
710 5914 936 5986 θατέρου
968 5914 1191 5984 θάτερον
1224 5912 1468 5966 ἐκαλεῖτο
1496 5911 1679 6000 εἰξὼν,
1715 5910 1829 5964 ἀλλ’

1925 4732 2028 4768 nec
2073 4717 2242 4772 multo
2298 4730 2422 4787 post
2459 4737 2472 4772 :
2512 4719 2742 4789 t-lmago
2778 4720 2912 4774 Filii
2952 4719 3214 4790 Spiritus,-
3274 4714 3500 4792 perfecti

1927 4811 2226 4880 perfecta.»
2283 4810 2352 4864 Et
2413 4810 2612 4880 passim
2663 4810 2720 4864 in
2767 4810 2971 4866 divinis
3004 4810 3225 4865 [Litteris
3283 4811 3500 4882 legitur,

1933 4919 1951 4953 ι
1993 4901 2166 4957 Patris
2199 4902 2466 4965 Filius,.et
2483 4900 2615 4955 Filii
2642 4900 2898 4970 Spiritus,
2942 4921 2960 4953 ι
3009 4903 3244 4957 nec‘ullo
3275 4903 3330 4956 in
3361 4903 3502 4967 loco,

1929 4991 2051 5046 Filii
2109 4991 2286 5062 imago
2340 4990 2503 5045 Pater
2541 4997 2646 5055 est,
2702 5003 2882 5058 neque
2938 4986 3175 5058 Spiritus
3211 4989 3352 5054 Filii,
3375 4989 3506 5043 licet

1931 5084 2126 5137 borum
2155 5085 2316 5136 trium
2352 5097 2458 5136 una
2489 5081 2725 5136 essentia
2757 5083 2848 5144 sit,
2880 5080 3129 5150 quamvis
3175 5081 3235 5134 si-
3257 5082 3324 5134 ob
3363 5081 3504 5136 hanc

1929 5175 2034 5229 ista
2055 5175 2464 5228 atii'rmarentur.
2484 5179 2668 5225 etnon
2703 5173 2771 5225 ob
2811 5173 2922 5240 jam
2951 5171 3150 5226 dictam
3204 5170 3506 5239 proprieta-

1930 5276 2039 5320 tem
2079 5264 3102 5335 naturalis'progressus,intllﬂerenter
3147 5263 3379 5316 alterum
3428 5263 3507 5316 al-

1932 5357 2101 5410 terius
2133 5356 2310 5426 imago
2341 5369 2773 5426 nuncuparetur.
2808 5357 3192 5412 Verumtamen
3240 5355 3355 5409 haec
3393 5371 3505 5410 non

1932 5455 2082 5510 sunt,
2120 5461 2296 5515 neque
2323 5446 2602 5500 dicuntur.
2633 5445 2818 5516 Imago
2848 5448 2992 5498 enim
3017 5442 3186 5496 Filius
3207 5453 3302 5497 est
3330 5443 3497 5508 illius,

1930 5556 1996 5593 ex
2063 5553 2170 5607 quo
2219 5547 2322 5603 est,
2377 5538 2554 5592 Patris
2609 5537 2876 5592 sententia
2933 5533 3176 5605 Gregorii
3228 5534 3280 5588 in
3338 5535 3507 5590 rebus

1934 5628 2254 5699 tbeologicis
2284 5628 2644 5699 magni.Cum
2676 5627 2822 5680 enim
2881 5639 3044 5695 supra
3100 5642 3219 5680 eam
3269 5634 3509 5682 consub-

1934 5720 2185 5776 stantiale
2238 5726 2531 5789 posuisset,
2566 5720 2746 5773 statim
2796 5718 3125 5773 subintulit:
3189 5737 3207 5769 ι
3251 5718 3316 5773 Et
3364 5722 3508 5790 quod

1935 5812 2042 5866 hoc
2072 5810 2200 5868 inde
2230 5821 2337 5875 est,
2367 5827 2478 5865 non
2515 5811 2642 5864 item
2674 5826 2740 5865 ex
2774 5810 2876 5865 hoc
2897 5811 3079 5878 Pater,
3107 5829 3125 5862 ›
3161 5811 3332 5883 ipsam
3365 5813 3509 5868 inter

1935 5926 1995 5966 se
2035 5907 2442 5982 congruentiam
2479 5905 2766 5978 adaptans,
2795 5912 3002 5978 cumet
3038 5906 3505 5965 consubstantis‘e
