4072 6406
647 426 784 497 1331

1892 432 2150 492 GEORG
2163 431 2204 490 ll

2325 432 2719 511 arcemus
3724 421 3837 488 1332

645 544 776 601 inde
810 544 900 607 sit,
932 543 1075 612 quod
1123 559 1189 597 ex
1243 545 1478 599 essentia
1535 542 1710 599 Patris
1768 544 1938 609 Filius
1978 545 2070 609 sit,
2116 558 2204 596 non

2328 543 2429 595 οὐκ
2462 542 2634 605 ἔστιν,
2672 540 2798 594 οὔτε
2824 539 3062 607 λέγεται.
3098 536 3274 592 Εἰκὼν
3301 536 3407 608 γάρ
3450 538 3476 591 6
3511 537 3629 602 Υἱὸς
3657 540 3835 597 ἑκείνου

646 633 776 695 item
799 650 865 688 ex
895 635 1128 688 essentia
1160 635 1231 689 ob
1258 637 1748 700 consubstantiale,
1800 637 1868 692 de
1900 653 2010 707 quo
2056 652 2218 703 supra

647 726 884 779 tenuiter
924 728 1397 793 pertractavimus,
1426 728 1570 795 quod
1622 728 1796 783 fusius
1842 728 1960 783 aliis
2016 729 2220 782 nostris

643 816 988 871 sermonibus
1022 817 1350 887 peregimus,
1374 829 1576 887 quanta
1608 820 1677 874 sit
1703 834 1889 875 eorum
1914 819 2221 872 absurditas

643 904 1017 965 ostendentes.
1050 908 1143 974 qui
1184 908 1488 967 secundum
1518 911 1809 964 alIirmant.
1862 908 2042 978 Imago
2064 908 2217 962 simi-

641 994 765 1051 liter
787 994 903 1049 Filii
946 995 1180 1067 Spiritus
1204 1008 1287 1052 est
1319 1009 1571 1070 tanquam
1598 1002 1689 1070 qui
1721 1019 1783 1058 ex
1813 1002 1952 1071 ipso.
2010 1015 2066 1060 et
2120 1016 2221 1072 per

643 1086 823 1155 ipsum
852 1092 1152 1144 secumlum
1184 1092 1434 1162 imaginis
1463 1094 1809 1152 traditionem
1834 1110 1938 1153 est.
2000 1100 2054 1155 Si
2088 1110 2218 1155 vero

642 1176 790 1232 illius
850 1194 915 1239 ex
955 1197 1087 1250 quo.
1147 1186 1291 1252 quod
1321 1199 1387 1239 ex
1420 1201 1485 1239 eo
1516 1196 1622 1250 est,
1667 1190 1967 1243 secundum
2000 1201 2217 1246 nostros

641 1254 858 1323 divinos
881 1270 1206 1341 interpretes
1230 1281 1286 1327 et
1318 1275 1484 1329 duces
1506 1276 1680 1347 imago
1709 1286 1812 1342 est,
1845 1281 1986 1349 quod
2021 1297 2087 1336 ex
2112 1283 2217 1337 hoc

639 1362 876 1429 quodam
905 1376 1014 1415 non
1046 1363 1228 1428 fuerit,
1255 1380 1434 1434 neque
1464 1371 1639 1437 imago
1665 1368 1809 1423 illius
1833 1369 1995 1426 fuerit
2020 1387 2085 1425 ex
2109 1387 2217 1440 quo

642 1467 754 1509 non
782 1460 886 1506 est.
915 1453 1315 1524 Proptereaque
1349 1473 1525 1527 neque
1551 1460 1713 1514 Pater
1758 1460 1934 1531 imago
1956 1462 2078 1515 Filii
2108 1474 2213 1526 est,

639 1542 785 1617 quod
822 1558 886 1596 ex
919 1543 1039 1612 ipso
1065 1561 1174 1599 non
1204 1557 1308 1608 est,
1342 1549 1436 1603 sed
1477 1551 1621 1617 quod
1654 1551 1771 1607 .hoc
1833 1552 1961 1608 inde
2000 1562 2104 1616 est,
2157 1564 2217 1609 ut

642 1633 1019 1704 theologorum
1068 1638 1250 1706 apices
1305 1639 1649 1706 decernunt,
1705 1645 2006 1699 secundum
2073 1645 2214 1703 hanc

640 1729 887 1780 eamdem
917 1728 1185 1787 rationem
1212 1728 1451 1799 Spiritus
1474 1733 1652 1805 imago
1679 1734 1850 1790 Filius
1887 1752 2061 1805 neque
2103 1746 2210 1800 est,

639 1833 819 1888 neque
870 1819 1090 1877 dicitur.
1160 1820 1266 1877 Sed
1324 1823 1443 1879 Filii
1471 1826 1691 1895 quidem
1720 1828 2074 1899 archetypum
2130 1839 2210 1883 est

636 1908 818 1974 Pater,
846 1911 1080 1981 Spiritus
1109 1929 1238 1969 vero
1260 1924 1579 1988 prototypus
1606 1929 1690 1973 est
1714 1920 1901 1974 Filius.
1936 1920 2091 1975 Unde
2119 1922 2210 1992 qui

634 2015 665 2059 a
700 2002 853 2055 miris
881 2002 1109 2059 edendis
1153 2021 1455 2076 cognomen
1505 2009 1608 2064 sibi
1643 2010 1940 2066 vindicavit
1992 2011 2216 2068 Neocaeo

584 2148 593 2159 κ
637 2095 896 2149 sariensis
955 2100 1219 2160 antistes.
1276 2104 1523 2156 oratione
1601 2103 1756 2172 cujus
1788 2152 1801 2159 κ
1829 2103 2155 2173 principium
2193 2119 2208 2157 :

642 2202 661 2233 ι
697 2184 1062 2243 lnimicissimi
1096 2198 1153 2245 et
1199 2190 1359 2245 alieni
1407 2192 1475 2246 ab
1520 2194 1815 2262 apostolica
1863 2193 2210 2250 confessione

634 2285 784 2343 sunt,
817 2280 910 2349 qui
943 2282 1139 2338 Filium
1165 2300 1233 2338 et
1257 2283 1324 2338 iis
1352 2300 1473 2354 qua:
1499 2301 1607 2341 non
1645 2297 1774 2343 sunt
1794 2299 2064 2352 asserunt,
2094 2310 2113 2343 ι
2138 2320 2209 2331 -

643 2387 663 2420 ο
696 2369 813 2432 Filii
834 2371 993 2432 Pater
1018 2375 1346 2445 principium
1377 2386 1480 2441 est,
1512 2378 1609 2443 ait,
1642 2379 1709 2433 ab
1727 2390 1930 2435 aeterno
1963 2397 2087 2435 eum
2113 2398 2211 2451 ge-

632 2476 855 2526 nerans,
893 2474 948 2520 et
979 2464 1242 2521 Dominus
1269 2476 1351 2522 est
1379 2477 1696 2539 prototypus
1731 2470 1984 2537 Spiritus.
2022 2490 2041 2525 ι
2081 2473 2209 2529 Hm’c

635 2554 945 2610 divinorum
978 2558 1357 2628 mysteriorum
1377 2559 1695 2614 collectures
1730 2563 2031 2616 secundum
2065 2565 2213 2617 ordi-

632 2659 758 2699 nem
795 2649 1245 2717 sempiternarum
1266 2648 1707 2704 exsistentiarum
1732 2651 2027 2707 divinitatis
2059 2655 2210 2722 prin-

542 2723 549 2729 ’
628 2737 807 2804 cipum
842 2738 1205 2809 bypostaseon
1239 2740 1537 2805 tradentes,
1568 2750 1656 2795 et:
1722 2760 1740 2793 ι
1777 2743 1865 2796 Uti
1884 2743 2054 2798 Filius
2080 2759 2206 2813 erga

628 2823 844 2887 Patrem
870 2844 928 2884 se
966 2830 1152 2892 habet,
1177 2830 1247 2883 ita
1276 2846 1404 2900 erga
1435 2831 1624 2885 Filium
1654 2832 1907 2902 Spiritus,
1939 2854 1957 2886 ι
2020 2847 2209 2906 aperte

627 2920 1004 2984 enuntiantes,
1056 2937 1377 2992 rursusque,
1431 2942 1451 2973 ι
1486 2924 1574 2980 Uti
1611 2925 1808 2991 Patris,
1854 2926 1927 2981 ita
1973 2938 2029 2982 et
2082 2929 2204 2985 Filii

630 3003 892 3075 Spiritum
926 3014 1223 3065 secundum
1246 3012 1559 3066 eorumdem
1587 3014 1654 3069 ad
1676 3030 1795 3069 esse
1826 3033 2203 3087 progressunn

629 3098 1013 3163 decernentes,
1041 3120 1060 3153 ι
1093 3118 1438 3158 communem
1468 3104 1640 3160 Patris
1666 3120 1723 3163 et
1754 3108 1895 3175 Filii,
1928 3112 2205 3180 proprium

626 3188 804 3244 Patris
834 3200 890 3246 et
918 3193 1044 3248 Filii
1082 3213 1101 3246 ι
1140 3195 1433 3251 admodum
1481 3199 1772 3267 perspicue.
1829 3202 2201 3269 enuntiantes,
2231 3232 2275 3291 ρ

623 3280 1181 3339 determinantillum-
1201 3301 1266 3339 ex
1291 3288 1581 3353 ambobus,
1611 3299 1708 3343 aut
1762 3307 1827 3345 ex
1885 3292 2045 3346 Patre
2107 3312 2202 3363 per

626 3370 851 3427 Filium.
886 3373 1025 3429 lliuc
1046 3383 1101 3430 et
1130 3375 1399 3431 Maximus
1426 3379 1771 3435 confessione
1805 3398 1903 3437 sua
1944 3401 2071 3439 vere
2098 3401 2203 3440 ce-

625 3461 976 3529 leberrimus,
1009 3466 1136 3531 dum
1163 3468 1388 3535 exponit
1413 3470 1543 3539 quid
1578 3471 1681 3527 sibi
1716 3474 1846 3528 velit
1888 3477 2031 3543 apud
2069 3493 2199 3546 pro-

630 3554 848 3620 phetam
879 3556 1197 3617 Zachariam
1229 3577 1456 3617 aureum
1503 3566 1911 3633 candelabrum,
1941 3580 1995 3625 et
2035 3587 2202 3641 super

624 3644 758 3705 illud
791 3663 957 3716 parva
989 3650 1197 3721 lampas
1237 3663 1290 3707 et
1342 3655 1611 3723 lucernae,
1673 3661 1849 3728 palam
1903 3674 2200 3734 aperteque

534 3800 540 3805 ,
622 3741 989 3810 pronuntiat:
1028 3762 1045 3794 ι
1078 3743 1316 3813 Spiritus
1342 3759 1567 3805 sanctus
1593 3754 2050 3820 quemadmodum
2102 3773 2201 3812 na-

622 3842 745 3888 tura
769 3836 1072 3891 secundum
1106 3840 1402 3894 essentiam
1429 3850 1515 3895 est
1551 3841 1647 3896 Dei
1668 3852 1724 3896 et
1759 3845 1957 3910 Patris,
2015 3849 2090 3903 ita
2145 3862 2199 3905 et

622 3923 747 3985 Filii
767 3928 1069 3982 secundum
1094 3931 1388 3986 essentiam
1428 3942 1534 3996 est,
1573 3952 1591 3984 ι
1628 3949 1729 3989 nec
1762 3936 1911 3992 aliud
1957 3939 2199 4010 interpo-

619 4032 762 4075 nens
787 4021 1159 4088 prosequitur,
1200 4041 1218 4075 ι
1245 4024 1523 4093 Tanquam
1551 4026 1645 4095 qui
1678 4043 1745 4081 ex
1801 4027 1961 4085 Patre
2012 4048 2197 4087 essen-

621 4100 825 4163 tialiter
850 4125 948 4179 per
980 4110 1174 4168 Filium
1207 4114 1447 4184 genitum
1468 4117 1653 4180 modo,
1695 4119 1787 4186 qui
1810 4121 1991 4177 verbis
2018 4124 2201 4192 expri-

618 4200 696 4261 mi
733 4217 837 4254 non
861 4212 1062 4283 potest,
1099 4206 1369 4272 procedit.
1407 4225 1427 4258 ι
1489 4206 1557 4263 Et
1596 4209 1819 4267 divinus
1851 4212 2083 4285 Cyrillus
2136 4219 2194 4273 in

618 4292 867 4350 dictum:
908 4313 927 4346 ι
956 4282 1079 4350 Vidi
1117 4296 1381 4367 Spiritum
1430 4300 1853 4360 descendentem
1894 4282 2064 4376 iquasi
2100 4326 2196 4364 eo-

617 4382 855 4439 lumbam
880 4386 947 4441 de
972 4388 1111 4443 caelo
1130 4389 1229 4453 ¹⁰,›
1253 4388 1398 4445 inter
1424 4392 1527 4447 alia
1556 4392 1713 4459 dicit,
1736 4394 1857 4451 «Uti
1880 4407 1966 4452 est
1993 4400 2192 4466 Patris,

617 4473 691 4553 ita
727 4491 944 4547 quoque
972 4487 1056 4533 est
1081 4478 1206 4534 Filii
1238 4480 1478 4551 Spiritus
1506 4495 1748 4542 sanctus.
1787 4507 1805 4541 ι
1841 4491 1904 4542 Et
1933 4490 1988 4545 in
2018 4492 2192 4549 illud:

2323 636 2381 700 ἐξ
2399 629 2569 704 οῦπέρ
2596 636 2710 687 ἐστι
2733 632 2826 687 τοῦ
2863 632 3098 702 Πατρὸς,
3135 630 3276 685 κατὰ
3302 630 3393 684 τὸν
3420 630 3576 685 πολὺν
3603 634 3653 685 ὲν
3684 634 3837 688 θεολο-

2322 726 2417 792 γία
2455 726 2780 796 Γρηγόριον.
2824 723 2950 784 Bel;
2981 723 3091 794 γάρ
3141 722 3200 776 τὺ
3241 722 3519 793 ὁμοούσιον
3563 725 3640 777 ἐπ’
3673 725 3835 795 αὐτῆς,

2322 817 2483 878 εὐθὺς
2514 818 2783 885 ἐπήγαγε,
2825 834 2844 866 ι
2885 813 2993 867 Καὶ
3026 815 3109 867 ὅτι
3149 812 3307 866 τοῦτο
3342 812 3563 877 ἐκεῖθεν,
3607 813 3706 867 ἀλλ’
3747 817 3834 870 οὐκ

2321 908 2384 961 ὲκ
2427 908 2619 962 τούτου
2654 907 2843 978 Πατὴρ
2893 926 2912 958 ι
2948 907 3009 959 τὸ
3040 906 3392 975 καταλλήλως
3443 905 3559 977 ἔχον
3608 907 3828 976 ἁρμόσας.

2333 999 2485 1057 Ἐπεὶ
2517 1000 2610 1051 καὶ
2648 1000 2708 1051 τδ
2744 998 3034 1068 ὀμοούσιον
3061 997 3308 1051 ἐντεῦθεν
3334 998 3439 1050 ἀπὸ
3468 997 3557 1051 τοῦ
3583 1003 3639 1051 ἐκ
3658 999 3741 1068 τῆς
3761 1001 3831 1053 οὐ·

2321 1093 2443 1153 σίας
2487 1089 2580 1143 τοῦ
2610 1090 2823 1160 Πατρδς
2854 1089 2943 1142 τὸν
2974 1090 3101 1143 Υίδν
3143 1084 3308 1151 εἶναι,
3350 1089 3440 1142 καὶ
3482 1090 3669 1162 ἥκιστα
3704 1090 3754 1143 rb
3782 1094 3830 1145 ἐκ

2318 1182 2415 1249 τῆς
2442 1181 2630 1242 οὐσίας
2669 1182 2759 1234 διά
2788 1180 2850 1233 τὸ
2876 1180 3188 1249 ὁμοούσιον,
3223 1180 3352 1248 περὶ
3382 1175 3441 1233 οῦ
3473 1179 3706 1251 ἀνωτέρω
3727 1183 3824 1235 διει-

2317 1268 2456 1341 λήφα
2470 1287 2567 1339 μεν
2594 1269 2872 1340 ἀμυδρῶς,
2904 1268 3142 1339 ἀλλαχοῦ
3175 1269 3233 1323 δὲ
3259 1268 3366 1322 τῶν
3400 1270 3667 1339 ἡμετέρων
3694 1270 3825 1338 λόγων

2316 1362 2650 1431 πλατύτερον
2676 1362 2776 1431 τὴν
2807 1361 3037 1415 ἀτοπίαν
3059 1364 3160 1430 ὅση
3194 1379 3279 1424 τις
3308 1361 3595 1431 δεδειχότες
3624 1363 3717 1414 τῶν
3736 1378 3830 1414 συν·

2320 1453 2590 1508 ιστώντων
2632 1453 2695 1506 τὸ
2720 1454 2995 1524 δεύτερον.
3027 1455 3207 1509 Εἱκὼν
3240 1454 3496 1515 ὡσαύτως
3536 1453 3618 1506 τοῦ
3644 1452 3754 1506 Υἱοῦ
3783 1454 3830 1505 τὸ

2316 1544 2562 1614 Πνεῦμα,
2595 1545 2670 1607 ὡς
2700 1547 2760 1610 ἐξ
2785 1546 2947 1599 αὐτοῦ
2981 1564 3038 1598 τε
3070 1546 3166 1600 καὶ
3196 1546 3267 1600 δι’
3297 1544 3460 1599 αὑτοῦ
3496 1546 3622 1598 κατὰ
3650 1544 3734 1613 τὴν
3752 1545 3832 1613 τῆς

2315 1636 2520 1699 εἰκόνος
2548 1638 2873 1706 παράδοσιν.
2912 1638 2972 1690 El
3005 1638 3060 1691 δὲ
3102 1637 3197 1690 τοῦ
3235 1636 3295 1702 ἐξ
3324 1632 3384 1691 οὗ
3417 1637 3474 1689 τὸ
3516 1639 3574 1701 ἐξ
3604 1634 3743 1688 αὐτοῦ
3770 1638 3835 1687 εἰ·

2315 1727 2426 1781 κὼν
2467 1729 2608 1785 κατὰ
2638 1730 2761 1792 τοὺς
2796 1729 2903 1782 τῶν
2936 1730 3097 1782 Οείων
3128 1729 3440 1799 ὐφηγητάς,
3471 1729 3526 1782 τὸ
3560 1729 3626 1799 μὴ
3654 1731 3709 1781 ὲκ
3727 1728 3831 1781 τοῦ·
3900 1796 3915 1811 ε

2312 1819 2367 1871 δέ
2387 1836 2528 1883 τινος
2555 1818 2637 1885 ὃν,
2666 1820 2774 1873 οὐδ’
2800 1822 2964 1874 είκὼν
2997 1821 3063 1873 ἂν
3094 1822 3178 1889 εἴη
3213 1820 3310 1874 τοῦ
3342 1821 3413 1891 μὴ
3442 1821 3499 1884 ἐξ
3525 1816 3580 1874 οὗ
3605 1822 3722 1872 ἐστι.
3752 1817 3831 1869 Διὰ

2312 1911 2473 1964 τοῦτο
2503 1911 2617 1964 οὔθ’
2642 1914 2669 1964 6
2710 1912 2899 1982 Πατὴρ
2930 1912 3095 1965 εἰκὼν
3123 1912 3222 1965 τοῦ
3252 1913 3406 1976 Υίοῦ,
3439 1912 3555 1964 ἐπεὶ
3586 1910 3652 1980 μὴ
3678 1908 3727 1973 ἐξ
3757 1908 3834 1960 αύ-

2310 2002 2428 2065 τιιῦ,
2451 2003 2563 2056 ἀλλ’
2591 2004 2673 2056 ὅτι
2698 2005 2855 2056 τοῦτο
2877 2005 3106 2067 ἐκείῡεν,
3136 2006 3216 2067 ὡς
3239 2005 3273 2075 ἡ
3300 2004 3411 2058 τῶν
3433 2003 3677 2069 θεολόγων
3698 2001 3831 2071 ἀκρό-

2310 2115 2431 2167 της,
2469 2097 2592 2151 οὔτε
2627 2102 2769 2151 κατᾶ
2799 2098 2892 2151 τὸν
2925 2099 3089 2152 αὑτὸν
3120 2100 3283 2167 λόγον
3334 2098 3427 2152 τοῦ
3460 2096 3746 2167 Πνεύματος
3773 2096 3832 2148 εί-

2311 2189 2424 2242 κὼν
2449 2191 2476 2241 6
2509 2189 2655 2252 Υἱὸς,
2678 2188 2792 2241 οὔτ’
2817 2191 2976 2252 εἰσὶν,
3011 2188 3136 2243 οὔτε
3161 2190 3437 2257 λέγονται.
3478 2188 3627 2241 Ἀλλά
3655 2186 3733 2240 τοῦ
3754 2187 3830 2252 μὲν

2314 2280 2448 2334 Υίοῦ
2479 2282 2795 2349 ἀρχέτυπον
2826 2284 2854 2330 6
2885 2281 3096 2351 Πατὴρ,
3122 2280 3220 2334 τοῦ
3243 2283 3301 2334 δὲ
3333 2280 3632 2350 Πνεύματος
3658 2276 3828 2345 πρωτόο

2309 2391 2478 2437 τυπος
2504 2376 2532 2426 6
2561 2375 2712 2437 Υἱός.
2742 2375 2904 2429 ὈΘεν
2938 2375 2966 2425 6
2988 2378 3099 2437 τοῖς
3130 2374 3384 2444 Θαύμασι
3409 2372 3699 2443 φερώνυμος
3724 2370 3824 2422 Neo-

2311 2468 2638 2537 καισαρείας
2678 2467 2881 2536 ποιμὴν
2911 2469 2968 2520 ὲν
2995 2466 3143 2536 λόγῳ
3167 2461 3235 2521 οῦ
3264 2470 3297 2536 ἠ
3343 2466 3505 2539 ἁρχὴ,
3543 2485 3560 2516 ι
3602 2463 3818 2532 Ἔχϐιστοι

2310 2564 2405 2611 καὶ
2431 2559 2701 2627 ἀλλότριοι
2724 2560 2825 2628 τῆς
2849 2559 3218 2627 ἅποστολικῆς
3248 2560 3536 2629 ὁμολογίας
3562 2558 3609 2610 οἱ
3634 2557 3711 2610 τὸν
3727 2553 3822 2606 Υίδν

2308 2651 2369 2715 ἐξ
2399 2653 2499 2705 οὐκ
2533 2652 2703 2704 ὄντων
2727 2651 2998 2720 λέγοντες,
3044 2671 3061 2703 ι
3092 2682 3157 2692 -
3197 2669 3220 2704 ε
3267 2652 3460 2722 Ἀρχὴ,
3499 2671 3516 2703 ι
3549 2650 3683 2719 φησὶ,
3710 2666 3726 2698 ι
3750 2643 3823 2697 τοῦ

2310 2744 2445 2797 Υἰοῦ
2472 2746 2499 2797 6
2539 2745 2746 2814 Πατὴρ,
2790 2742 2977 2804 άῖδίως
3015 2744 3180 2796 αὐτὸν
3226 2747 3509 2814 γεννήσας.
3540 2744 3626 2794 καὶ
3655 2736 3825 2808 πρωτό-

2309 2851 2372 2887 τυ
2385 2852 2479 2897 πος
2502 2834 2600 2888 τοῦ
2649 2831 2969 2903 Πνεῦματος
2992 2835 3020 2886 ὁ
3048 2832 3281 2903 Κύριος.
3324 2852 3343 2885 ι
3392 2833 3571 2887 Ταῦτά
3595 2847 3651 2899 γε
3680 2829 3766 2899 μὴν
3784 2825 3823 2878 οἱ

2311 2925 2600 2994 θεόληπτοι
2635 2923 2994 2993 μυστολέκται
3030 2926 3173 2977 κατὰ
3216 2925 3317 2996 τὴν
3363 2924 3510 2988 τάξιν
3551 2923 3648 2974 τῶν
3679 2918 3823 2972 ἀϊδίων

2310 3018 2597 3085 ύπάρξεων
2622 3017 2732 3070 τῶν
2755 3015 3449 3085 θεαρχικῶνκὺποστάσεων
3471 3011 3819 3085 παραδιδόντες,

2310 3111 2423 3172 καὶ,
2454 3127 2473 3159 ι
2495 3109 2581 3170 Ὠς
2608 3108 2637 3158 6
2663 3106 2790 3170 Υἱὸς
2811 3106 2924 3176 ἔχει
2949 3106 3087 3177 πρὸς
3110 3108 3207 3159 τὸν
3232 3107 3470 3177 Πατέρα,
3481 3104 3610 3157 οὕτω
3624 3100 3739 3169 πρὸς
3753 3097 3817 3149 τὸν

2309 3200 2439 3253 Υίὺν
2466 3200 2527 3252 τὸ
2552 3199 2797 3269 Πνεῦμα,
2842 3218 2860 3250 ι
2895 3198 3247 3267 τρανοῦντες,
3289 3201 3382 3252 καὶ
3412 3194 3580 3259 αὖθις,
3618 3194 3722 3256 «ὡς
3748 3187 3816 3243 τοῦ

2307 3292 2541 3359 Πατρδς,
2574 3288 2719 3345 οὕτω
2764 3291 2986 3345 καὶτοῦ
3034 3290 3167 3351 Υἱοῦ
3222 3294 3283 3346 τὸ
3333 3292 3548 3359 Πνεῦμα
3589 3287 3712 3341 κατὰ
3743 3281 3816 3351 τὴν

2303 3383 2483 3436 αὐτῶν
2515 3384 2597 3446 είς
2644 3384 2704 3436 τὸ
2733 3379 2873 3436 εἶναι
2902 3384 3134 3453 πρόοδον
3173 3402 3193 3436 ι
3254 3382 3644 3453 δογματίζουσι,
3679 3371 3817 3429 κοινὸν

2304 3474 2518 3545 ηατρδς
2558 3475 2651 3528 καὶ
2677 3474 2833 3538 Υίοῦ,
2869 3475 2999 3528 ἴδιον
3030 3475 3243 3543 Πατρδς
3277 3475 3370 3528 καὶ
3401 3472 3523 3527 Υίοῦ
3558 3462 3816 3533 θεολογοῦν-

2301 3582 2392 3623 τες
2424 3566 2699 3636 φανότατα
2732 3566 2841 3618 κάκ
2890 3564 3056 3617 τῶνδε
3101 3565 3529 3634 διευκρινοῦντες
3558 3561 3615 3617 τὸ
3646 3556 3697 3622 ἐξ
3733 3554 3816 3622 ἀμ-

2303 3660 2447 3723 φοῖν,
2474 3658 2506 3727 ἢ
2541 3659 2602 3710 τὸ
2635 3660 2699 3710 ἐκ
2727 3656 2943 3727 Πατρὸς
2969 3656 3039 3710 δι’
3074 3657 3229 3713 Υἰοῦ.
3256 3658 3417 3712 Ὀθεν
3440 3655 3668 3724 Μάξιμος
3696 3644 3814 3718 μὲνδ

2300 3751 2399 3819 τὴν
2433 3750 2723 3819 ὁμολογίαν
2751 3747 3049 3819 άγακλεὴς,
3091 3750 3151 3801 ὲν
3191 3744 3275 3812 οἷς
3314 3748 3612 3819 ἐρμηνεύει,
3648 3741 3693 3794 τί
3719 3734 3815 3807 βού-

2300 3840 2452 3894 λεται
2494 3840 2628 3907 δῆτα
2683 3839 2761 3909 τῷ
2807 3842 3058 3911 προφήτῃ
3108 3841 3358 3911 Ζαχαρία
3398 3841 3428 3909 ἠ
3463 3836 3623 3909 χρυσῆ
3659 3826 3813 3899 luxv“

2301 3932 2395 3985 καὶ
2417 3932 2479 3983 τὸ
2503 3932 2589 3984 ἐπ’
2620 3932 2756 4001 αὐτῇ
2783 3932 3112 4000 λαμπάδιον,
3138 3934 3236 3985 καὶ
3264 3935 3312 3985 οἱ
3340 3931 3537 4001 λύχνοι,
3564 3920 3813 3995 διαρρήδην

2299 4024 2689 4095 ἀνακηρύττει,
2738 4042 2756 4075 ι
2793 4024 2866 4077 Τὸ
2916 4023 3145 4093 Πνεῦμα
3187 4024 3250 4078 τὸ
3283 4025 3433 4093 ἆγιον
3472 4021 3643 4088 ὥσπερ
3680 4013 3809 4083 φύσει

2300 4116 2421 4169 κατ’
2452 4116 2640 4169 οὐσίαν
2672 4116 2906 4185 ὑπάρχει
2928 4115 3022 4168 τοῦ
3052 4115 3188 4171 Θεοῦ
3217 4116 3314 4170 καὶ
3342 4114 3562 4185 Πατρὸς,
3590 4108 3714 4165 οὕτω
3736 4102 3811 4156 καὶ

2298 4207 2392 4261 τοῦ
2429 4206 2559 4261 Υίοῦ
2594 4208 2713 4260 κατ’
2751 4206 2941 4261 οὐσίαν
2981 4208 3118 4273 ἐστὶ,
3155 4227 3175 4259 ι
3219 4207 3568 4277 συνημμένως
3604 4199 3807 4264 ἐπάγων.

2303 4317 2323 4350 ι
2377 4297 2463 4363 Ὧς
2491 4302 2555 4353 ὲκ
2581 4298 2676 4353 τοῦ
2705 4300 2920 4368 Πατρὸς
2942 4299 3220 4363 οὺσιωδῶς
3252 4298 3319 4352 δι’
3357 4297 3481 4351 Υίοῦ
3510 4289 3809 4364 γεννηθέντος

2296 4392 2592 4461 ἀφράστως
2621 4390 3071 4460 ἐκπορευόμενον.
3110 4409 3129 4441 ι
3169 4389 3435 4461 Κύριλλος
3456 4388 3499 4440 δ’
3519 4389 3544 4438 ὁ
3564 4380 3804 4481 θεσπέσιος

2297 4487 2377 4547 εἰς
2411 4484 2471 4536 τὸ
2493 4483 2654 4555 ῥητὸν
2680 4482 2761 4545 τὸ,
2791 4482 2875 4536 ὅτι
2908 4501 2928 4534 ι
2960 4482 3241 4550 Τεθέαμαι
3273 4480 3576 4549 τὸ⁸Πνεῦμα
3595 4467 3805 4528 καταϐαῖ-

622 4584 641 4616 ι
682 4567 747 4628 Et
773 4583 874 4637 ego
917 4571 1120 4641 rogabo
1140 4572 1380 4640 Patrem,
1412 4586 1466 4630 et
1494 4578 1661 4635 alium
1696 4578 2036 4637 Paraeletum
2094 4584 2193 4639 da-

2315 4594 2387 4629 νον
2415 4576 2549 4629 ὡσεὶ
2596 4576 2926 4646 περιστερὰν
2981 4576 3042 4641 ἐξ
3086 4575 3346 4646 οὐρανοῦ,
3384 4594 3403 4626 ι
3455 4566 3669 4641 εἰρηκὼς
3695 4558 3803 4631 πρδς

615 4655 700 4719 bit
717 4659 876 4722 vobis
900 4659 967 4726 “,
1000 4679 1020 4715 ι
1056 4663 1268 4727 scribit,
1328 4685 1347 4718 ι
1382 4665 1478 4721 Dei
1528 4679 1584 4724 et
1627 4668 1803 4726 Patris
1860 4675 2190 4729 naturalium

614 4747 884 4805 bonorum
907 4754 1279 4812 essentialiter
1300 4771 1423 4811 cum
1450 4756 1621 4814 Filius
1650 4762 1925 4831 particeps
1965 4764 2058 4827 sit,
2094 4765 2193 4819 ha-

615 4840 709 4901 bet
744 4841 1009 4911 Spiritum
1039 4859 1106 4901 eo
1134 4847 1257 4917 ipso
1288 4850 1472 4916 modo,
1507 4866 1618 4919 quo
1667 4868 1793 4908 eum
1836 4854 2038 4911 habere
2092 4857 2192 4913 Pa.-

617 4942 702 4987 ter
734 4934 1077 5007 intelligitur.
1130 4958 1150 4991 ι
1188 4939 1256 4994 Et
1295 4941 1350 4995 in
1387 4942 1457 4996 iis
1491 4958 1615 5012 quin
1664 4945 1732 5000 ad
1764 4945 2061 5003 Palladium
2092 4953 2192 5005 de-

615 5025 717 5090 dit,
756 5026 1072 5090 afﬁrmans:
1112 5049 1130 5082 ι
1161 5030 1434 5088 Mutabilis
1456 5049 1587 5091 vero
1625 5036 1776 5091 nullo
1802 5039 1967 5094 modo
2012 5040 2192 5110 Spiri-

611 5121 703 5173 tus
730 5125 847 5183 est;
877 5118 1074 5187 quodsi
1107 5120 1396 5175 mutationi
1443 5123 1714 5182 obnoxius
1745 5137 1848 5191 est,
1899 5130 1968 5183 ad
2017 5130 2191 5199 ipsam

610 5205 853 5267 divinam
886 5218 1136 5265 naturam
1163 5210 1493 5280 vituperatio
1525 5228 1788 5285 recurret,
1815 5220 1860 5274 si
1899 5231 1982 5276 est
2006 5222 2101 5277 Dei
2130 5232 2184 5278 et

611 5295 806 5364 Patris,
833 5309 1095 5370 praeterea
1116 5312 1172 5357 et
1200 5302 1344 5369 Filii,
1378 5324 1398 5356 ι
1427 5306 1576 5363 illico
1605 5310 1904 5382 subiungit,
1940 5332 1959 5364 ι
1987 5314 2184 5370 Essen-

611 5388 815 5445 tialiter
865 5407 929 5447 ex
972 5393 1255 5459 ambobus,
1296 5410 1362 5449 ex
1418 5394 1575 5452 Patre
1604 5401 1813 5456 scilicet
1857 5419 1954 5472 per
1982 5404 2180 5459 Filium

608 5479 816 5543 effusus
840 5480 1077 5551 Spiritus
1109 5494 1353 5542 sanctus.
1394 5506 1414 5539 ι
1454 5488 1600 5544 Idem
1637 5492 2007 5563 diviniloquus
2056 5512 2179 5551 cum

518 5636 523 5640 π
607 5571 731 5629 aliis
753 5572 957 5628 ditinis
1009 5574 1284 5643 Patribus,
1316 5598 1335 5631 ι
1376 5582 1659 5651 Proprium
1712 5583 1887 5640 Patris
1915 5587 2179 5657 Spiritum

609 5675 731 5724 esse
767 5665 983 5728 astruit,
1007 5668 1288 5736 proprium
1321 5671 1464 5736 Filii,
1500 5676 1780 5742 proprium
1802 5678 2108 5733 amborum.
2155 5700 2173 5732 ι

686 5843 727 5883 ’θ
759 5840 949 5912 Μδιιῠ.
988 5864 1073 5925 ιιι,
1108 5851 1193 5915 te,
1275 5855 1312 5886 ιι
1347 5853 1502 5910 ιοειη.
1532 5872 1639 5929 xiv,
1678 5859 1759 5919 t6.

2289 4671 2400 4731 τοῖς
2426 4669 2627 4734 ἄλλοις,
2658 4686 2678 4720 ι
2715 4669 2930 4737 Ὥσπερ
2962 4668 3070 4739 γάρ
3097 4667 3188 4721 τοῦ
3220 4667 3446 4740 Πατρδς,
3479 4663 3607 4757 οῦτω
3630 4655 3798 4757 ace-1.10:3

2290 4758 2421 4813 Υίοῦ
2450 4763 2564 4813 ὲστι
2592 4760 2654 4814 τὸ
2681 4759 2904 4829 Πνεῦμα
2930 4760 2991 4813 τὸ
3019 4760 3197 4829 ἅγιον,
3237 4779 3259 4812 ι
3299 4761 3375 4821 εἰς
3405 4775 3463 4811 τε
3494 4755 3568 4821 sb,
3612 4770 3631 4804 ι
3661 4749 3795 4811 Κάγὼ

2290 4852 2551 4920 ἐρωτήσω
2581 4852 2672 4905 τὸν
2709 4852 2948 4922 Πατέρα,
2982 4852 3079 4905 καὶ
3109 4852 3272 4906 ἄλλον
3311 4850 3645 4920 Παράκλητον
3667 4838 3793 4893 δώσει

2292 4945 2443 5011 ὑμῖν,
2482 4962 2500 4994 ι
2537 4943 2799 5012 φάμενος,
2831 4961 2850 4994 ι
2889 4943 3011 4996 Τῶν
3038 4943 3133 4997 τοῦ
3158 4942 3295 4997 Θεοῦ
3330 4943 3423 4997 καὶ
3450 4938 3640 5009 Πατρδς
3662 4945 3791 5001 φυσι·

2291 5036 2405 5088 κῶν
2453 5037 2672 5104 ἀγαθῶν
2712 5035 2987 5100 οὐσιωδῶς
3024 5036 3289 5107 ὑπάρχων
3331 5038 3359 5089 6
3406 5033 3526 5095 Υἱὸς
3565 5021 3789 5082 κοινωνὸς,

2290 5126 2404 5194 ἔχει
2431 5126 2491 5178 τὸ
2521 5125 2744 5195 Πνεῦμα
2770 5126 2912 5179 κατὰ
2943 5127 3132 5181 τοῦτον
3158 5132 3248 5181 τὸν
3276 5127 3488 5197 τρόπον,
3516 5117 3623 5173 καθ’
3654 5114 3789 5172 ὅνπερ

2291 5220 2357 5272 ἂν
2391 5224 2563 5274 νοοῖτο
2590 5221 2686 5274 καὶ
2712 5224 2739 5274 6
2782 5220 2994 5291 Πατὴρ,
3030 5240 3051 5272 ι
3105 5222 3208 5275 κάν
3233 5222 3344 5283 τοῖς
3374 5217 3505 5288 πρὸς
3546 5203 3789 5305 Παλλάδιογ

2285 5310 2428 5364 οὕτω
2461 5311 2810 5382 θεολογήσας,
2842 5313 3116 5382 «Τρεπτδν
3136 5312 3193 5365 δὲ
3221 5311 3283 5364 οῦ
3310 5309 3389 5363 τοί
3414 5324 3509 5361 που
3527 5304 3581 5357 τὸ
3610 5301 3787 5397 Πνεῦμα

2286 5409 2436 5462 ἐστιν
2456 5425 2471 5441 ο
2507 5408 2536 5478 ἢ
2571 5409 2728 5479 εἴπερ
2761 5408 2823 5460 τὸ
2852 5409 3152 5478 τρέπεσθαι
3173 5409 3337 5472 νοσεῖ,
3373 5403 3456 5457 ἐπ’
3477 5400 3629 5467 αὐτὴν
3653 5395 3675 5442 ’⁵
3697 5395 3787 5484 μσς

2292 5515 2389 5567 μσς
2415 5497 2514 5570 τὴν
2549 5499 2699 5551 θείαν
2731 5500 3127 5569 άναδραμεῖται
3164 5497 3343 5565 φύσιν.
3390 5494 3535 5561 εἶπερ
3576 5485 3672 5539 ἐστὶ
3705 5491 3781 5582 3?“

2286 5590 2421 5642 Θεοῦ
2455 5594 2546 5643 καὶ
2581 5590 2814 5660 Πατρδς,
2839 5591 2933 5643 καὶ
2966 5590 3073 5661 μὴν
3104 5591 3196 5643 καὶ
3216 5588 3310 5641 τοῦ
3331 5585 3473 5641 Υίοῦ.
3509 5601 3527 5633 ι
3549 5569 3780 5644 παρευθὺς

2286 5682 2642 5736 ὲπισυνάπτει
2694 5681 2778 5745 τὸ,
2818 5700 2837 5732 ι
2891 5681 3167 5743 ούσιωδῶς
3216 5680 3272 5746 ἐξ
3317 5678 3524 5750 ἀμφοῖν,
3557 5671 3699 5741 ἤγουν
3727 5661 3780 5713 εκ
