4072 6426
257 426 396 496 1333

1235 439 1532 497 CONTRA
1571 436 2003 498 MANUELEM‘
2030 440 2505 502 CRETENSEM.

3371 433 3511 497 133i

251 542 472 614 Πατρδς
500 542 568 596 δι’
604 520 736 597 Υίοῦ
772 543 1138 616 προχεόμενον
1189 545 1345 616 ἅγιον
1390 546 1638 617 Πνεῦμα.
1690 564 1711 598 ι
1765 546 1824 598 '0

1951 564 1985 601 n
2039 557 2195 604 sexto
2240 548 2427 619 itaque
2461 547 2530 602 ad
2557 545 2858 607 Hermiam,
2909 545 3065 614 quasi
3112 545 3293 614 ipsum
3340 543 3515 599 inter-

253 633 419 695 αὐτὸς
472 631 796 703 θεορρήμων
842 638 941 686 σὺν
1002 635 1211 698 λοιποῖς
1277 634 1388 690 τῶν
1456 635 1825 707 θεοφορήτων,

262 743 282 776 ι
319 723 450 778 ῐδιον
490 725 706 796 Πατρδς
753 725 815 778 τδ
845 726 1071 793 Πνεῦμα
1110 746 1130 780 ι
1157 728 1421 797 διδάσκει,
1458 750 1477 782 ι
1515 731 1644 784 ίδιον
1672 730 1826 796 Υίοῦ,

256 815 393 869 ίδιον
421 817 649 885 ἀμφοῖν.
690 835 711 869 ι
770 817 862 870 Ἐν
892 819 1024 886 γοῦν
1053 819 1199 892 ἕκτῳ
1233 821 1340 874 τῶν
1387 822 1525 894 πρὸς
1568 823 1829 893 Ἑρμείαν

255 906 336 968 ὡς
379 907 439 959 ἐν
467 907 736 976 ἐρωτήσει
776 906 914 978 πρὸς
956 910 1121 963 αὐτὸν
1162 911 1255 964 τὸν
1300 910 1460 982 λόγον
1508 913 1830 984 ποιούμενος

256 997 513 1061 διέξεισιν
544 998 746 1051 οὑτωσί
764 1015 778 1031 ·
809 1017 830 1051 ι
860 1001 1017 1065 Τίνος
1045 1003 1176 1057 ῐδιον
1205 1004 1399 1074 φῶμεν
1423 1006 1484 1059 τὺ
1517 1007 1744 1076 Πνεῦμα
1769 1008 1830 1061 τὸ

258 1087 415 1155 ἆγιον
446 1089 618 1157 εἶναις
653 1092 862 1165 πότερα
888 1093 952 1164 δὴ
984 1095 1147 1165 μόνου
1184 1096 1280 1150 τοῦ
1312 1097 1447 1150 Θεοῦ
1474 1100 1567 1151 καὶ
1596 1099 1830 1170 Πατρδς,

258 1181 293 1252 ἢ
348 1181 480 1249 γοῦν
510 1183 736 1237 καὶτοῦ
772 1186 927 1252 Υίοῦ,
979 1186 1014 1256 ἢ
1063 1186 1158 1240 καὶ
1193 1187 1300 1241 ἀνά
1349 1188 1516 1260 μέρος
1565 1190 1830 1263 ἐκατέρου

261 1276 357 1327 καὶ
393 1274 620 1344 ἀμφοῖν,
659 1276 735 1340 ὡς
766 1277 825 1330 ἐν
852 1278 917 1331 ἐκ
946 1278 1159 1347 Πατρδς
1183 1279 1252 1333 δι’
1277 1280 1406 1334 Υίοῦ
1438 1282 1527 1336 διά
1567 1283 1666 1353 τὴν
1695 1301 1832 1337 ταυ-

263 1365 469 1430 τότητα
499 1364 601 1433 τῆς
622 1367 811 1430 οὐσίας
833 1385 848 1431 ;
873 1387 892 1419 ι
913 1368 1002 1422 Ἐν
1033 1371 1354 1440 ἑρμηνείαις
1381 1372 1476 1426 τοῦ
1499 1374 1641 1427 κατὰ
1656 1373 1836 1428 Ἰωάν-

264 1470 360 1521 νην
391 1455 472 1516 είς
498 1456 560 1507 τὸ
593 1474 612 1507 ι
646 1457 875 1526 Πνεῦμα
924 1459 1027 1528 τῆς
1055 1461 1335 1531 ἀληθείας,
1373 1482 1394 1532 ρ
1448 1464 1594 1519 οῦτω
1636 1467 1834 1520 διασα-

266 1547 383 1607 φείσ
415 1562 435 1596 ι
485 1544 614 1598 Ἰδοὺ
642 1547 775 1618 γὰρ,
811 1548 921 1602 ἰδοὺ
967 1550 1195 1622 Πνεῦμα
1229 1555 1328 1621 τῆς
1367 1554 1649 1625 ἀληθείας,
1679 1574 1833 1611 τουτ-

267 1634 414 1686 έστιν
472 1635 668 1689 ἑαυτοῦ
730 1639 823 1691 τὸν
880 1641 1242 1713 Παράκλητον
1296 1645 1488 1713 είπὼν,
1540 1648 1693 1717 παρά
1739 1647 1835 1703 τοῦ

270 1727 484 1797 Πατρδς
511 1728 673 1782 αὐτὸν
702 1732 1106 1802 ἐκπορεύεσθαι
1137 1754 1322 1807 φησιν.
1351 1740 1568 1812 Ὠσπερ
1589 1741 1697 1811 γάρ
1722 1744 1838 1796 ἐστι

272 1817 498 1887 Πνεῦμα
529 1819 661 1874 ἴδιον
702 1822 796 1875 τοῦ
832 1824 985 1891 Υλίοῦ,
1019 1829 1266 1895 φυσικῶς
1293 1831 1353 1882 ὲν
1386 1831 1538 1900 αὐτῷ
1572 1849 1630 1885 τε
1659 1833 1839 1904 ὑπάρ-

269 1924 385 1976 χον,
418 1911 514 1962 καὶ
536 1910 604 1963 δι’
633 1911 799 1965 αὐτοῦ
828 1916 1035 1984 προϊὸν,
1071 1916 1214 1970 οὕτω
1239 1920 1335 1971 καὶ
1356 1918 1451 1973 τοῦ
1481 1922 1726 1992 Πατρός·
1758 1921 1840 1987 οἷς

270 1999 326 2052 δὲ
358 2001 420 2053 τὸ
453 2002 678 2071 Πνεῦμα
721 2008 924 2070 κοινὸν,
959 2008 1173 2074 τούτοις
1204 2012 1291 2080 εἴη
1326 2011 1499 2083 δήπου
1531 2014 1746 2076 πάντως
1776 2015 1843 2068 ἂν

273 2092 368 2143 καὶ
401 2092 473 2143 τὰ
527 2092 624 2162 τῆς
657 2094 846 2158 οὐσίας
882 2097 943 2149 οὐ
991 2099 1345 2170 διωρισμένα.
1387 2121 1406 2153 ι
1465 2103 1576 2155 Καὶ
1609 2103 1844 2173 ἀλλαχοῦ

274 2182 592 2245 πλειστάκις
640 2184 770 2239 ἴδιον
814 2187 1017 2257 ἀμφοῖν
1066 2191 1361 2261 ἡνωμένως
1407 2193 1501 2246 καὶ
1534 2194 1638 2247 άνά
1682 2195 1847 2263 μέρος

272 2271 597 2341 διαγορεύει.
638 2276 960 2353 Πνεύματος
989 2279 1034 2330 δ’
1069 2282 1097 2333 ὁ
1141 2282 1332 2352 Πατὴρ
1378 2282 1529 2346 ἴδιος,
1578 2285 1611 2355 ἢ
1653 2287 1678 2336 ό
1719 2285 1847 2348 Υἱὸς

270 2361 673 2431 ὁπουδηποτοῦν
689 2366 789 2419 οὐκ
808 2365 945 2422 ἔστι.
966 2369 1105 2423 Καθ’
1124 2370 1181 2423 ὃν
1206 2372 1315 2441 ἄρα
1330 2372 1506 2442 λόγον,
1529 2374 1636 2445 δνή
1660 2375 1842 2442 εἰκὼν,

274 2451 397 2505 καθ’
430 2453 489 2506 ὃν
520 2454 553 2523 ἡ
585 2455 892 2528 ἀποστολὴ,
925 2460 1008 2514 ὅτι
1035 2460 1111 2533 μὴ
1141 2462 1283 2515 κατὰ
1313 2463 1412 2528 τὴν
1435 2463 1501 2517 δι’
1514 2466 1674 2535 ,ἡμᾶς
1705 2468 1850 2519 οίκο-

274 2542 487 2611 νομίαν,
521 2546 647 2598 καθ’
677 2548 745 2618 ἢν
791 2549 826 2614 ἡ
874 2551 1108 2619 χορηγία
1136 2552 1231 2605 καὶ
1263 2553 1412 2616 δόσις
1438 2555 1531 2608 καὶ
1573 2556 1641 2610 τὰ
1670 2557 1845 2609 τοῖσδε

276 2633 555 2706 σύστοιχα,
590 2638 687 2691 καὶ
713 2639 789 2703 ὡς
820 2641 907 2692 ἐπ’
935 2642 1167 2705 ἐκείνοις
1213 2646 1623 2712 φωτοϐολεῖται,
1662 2647 1758 2699 καὶ
1786 2649 1848 2701 τὸ

272 2724 372 2794 τῆς
403 2727 781 2800 ἀντιστροφῆς
815 2730 965 2801 ἔχειν
1011 2734 1366 2804 παρείσδυσιν
1400 2738 1463 2789 ὲκ
1508 2737 1618 2790 τῶν
1663 2736 1847 2791 θεοσό-

273 2830 389 2880 (ξων
414 2819 817 2887 μυσταγωγῶν,
843 2822 957 2884 τοῖς
979 2823 1162 2887 αὐτοῖς
1178 2822 1350 2888 οὕτως
1375 2824 1610 2879 ἐνταῦθα
1636 2842 1848 2895 μυστα-

273 2910 535 2975 γωγεῖται
564 2910 640 2982 μὴ
671 2909 816 2963 τοῦτ’
840 2912 976 2966 αὐτὸ
1008 2915 1311 2982 πεφυκέναι
1343 2915 1846 2987 παρρησιάζεσθαι.

288 2995 349 3048 '0
385 2998 656 3068 σύνεγγυς
704 3001 885 3055 τοίνυν
948 3001 1130 3064 ἔνθεος
1185 3005 1530 3075 μυστηπόλος
1593 3005 1653 3058 τὸ
1716 3006 1848 3060 ι’διον

272 3084 421 3148 ὅπως
451 3087 545 3140 ἀπὶ
580 3089 683 3156 τῆς
714 3090 970 3162 θεότητος
1006 3092 1448 3162 διευλυτούμενόν
1476 3096 1593 3148 ἐστι
1621 3095 1847 3166 φράζων

274 3181 333 3233 ἐν
358 3178 435 3249 τῷ
455 3181 594 3253 πρὸς
620 3183 915 3255 Νεστόριον
945 3186 1112 3254 λόγῳ,
1133 3180 1245 3258 οὐή
1273 3187 1435 3258 ἀρχὴ,
1469 3205 1487 3239 ι
1519 3161 1846 3258 Καταφλυα-
1870 3161 1919 3226 c

278 3271 433 3343 ροῦσί
481 3291 647 3342 τινες,
677 3277 753 3340 ὡς
806 3277 1080 3347 μανθάνω,
1126 3280 1227 3350 τῆς
1267 3280 1404 3351 ἐμῆς
1439 3281 1783 3351 ὑπολήψεως,
1821 3301 1840 3335 ι

276 3367 476 3441 φησιν·
524 3385 545 3420 ι
588 3367 805 3439 ’Ὥσπερ
836 3368 944 3441 γὰρ
978 3368 1109 3425 ῐδιον
1138 3368 1430 3441 ἀνθρώπου
1460 3371 1554 3423 καὶ
1580 3373 1685 3444 μὴν
1716 3371 1851 3426 ἐκά-

277 3476 405 3512 στου
439 3459 547 3514 τῶν
575 3461 777 3530 ἑτέρων
823 3461 978 3526 ζώων
1008 3461 1071 3514 τὸ
1099 3462 1158 3527 ἐξ
1199 3462 1379 3517 αὐτοῦ
1402 3465 1545 3518 κατά
1573 3463 1733 3534 φύσιν
1754 3479 1851 3533 γε·

277 3553 633 3623 γεννημένον,
685 3552 859 3617 οὓτως
914 3554 1045 3608 ῐδιον
1092 3554 1230 3609 Θεοῦ
1286 3556 1346 3609 τὸ
1397 3558 1463 3609 ὲκ
1510 3558 1612 3625 τῆς
1662 3556 1850 3618 οὐσίας

279 3641 439 3697 νοοίτ’
462 3643 530 3696 ἂν
548 3637 686 3697 εἶναι
707 3644 801 3697 καὶ
824 3643 1059 3709 λέγοιτο.
1087 3663 1107 3697 ι
1136 3644 1411 3716 Πρόδηλον
1431 3641 1626 3699 οὐκοῦν
1645 3646 1728 3698 ὅτι
1748 3661 1848 3697 κα-

280 3736 391 3801 θὼς
417 3736 514 3790 τοῦ
553 3735 769 3807 Πατρδς
809 3736 940 3789 ίδιόν
973 3738 1090 3789 ἐστι
1116 3735 1177 3788 τὸ
1206 3737 1432 3807 Πνεῦμα
1474 3739 1537 3791 τὸ
1566 3738 1742 3806 ἆγιον.
1775 3737 1853 3800 ὡς

280 3827 345 3880 ὲκ
373 3825 474 3896 τῆς
505 3826 695 3889 οὐσίας
743 3826 910 3880 αὐτοῦ
943 3827 1036 3890 ὃν,
1083 3828 1225 3881 οὕτω
1258 3829 1353 3882 καὶ
1381 3827 1476 3881 τοῦ
1510 3829 1642 3881 Υίοῦ
1696 3829 1849 3894 ίδιον,

281 3918 356 3981 ὡς
385 3919 451 3970 ὲκ
485 3917 584 3987 τῆς
613 3917 807 3981 οὐσίας
831 3918 999 3972 αὐτοῦ
1041 3919 1311 3988 ὑπάρχον.
1354 3920 1464 3972 Καὶ
1495 3919 1654 3973 τοῦτο
1684 3936 1853 3988 φανε-

259 4008 469 4077 ,ροῦσιν
504 4011 537 4080 ἦ
568 4027 629 4063 τε
661 4010 975 4081 καθαρότης
1004 4011 1104 4081 τῆς
1134 4010 1536 4074 διευλυτὼσεως
1562 4011 1670 4066 τοῦ
1693 4011 1852 4066 ἰδίου

284 4100 436 4169 παρά
464 4099 559 4153 τοῦ
591 4099 760 4154 αὐτοῦ
801 4102 1067 4172 θεηγόρου
1113 4103 1208 4155 καὶ
1255 4102 1590 4172 παραδόσεις
1623 4104 1677 4155 αί
1709 4103 1855 4156 διδα-

284 4194 542 4246 σκαλικοὶ
592 4192 685 4246 τοῦ
720 4193 911 4258 αὐτοῦ,
962 4211 982 4245 ι
1024 4193 1235 4264 Ὠσπερ
1287 4196 1382 4248 τοῦ
1438 4196 1650 4266 Πατρὸς
1700 4195 1852 4261 ἴδιον,

1930 649 2166 711 rogaret,
2224 642 2300 695 ita
2357 655 2666 696 sermonem
2725 638 3023 694 concinnat
3061 655 3075 692 :
3118 636 3334 707 «Cujus
3381 652 3513 706 pro-

1929 733 2111 804 prium
2161 733 2411 787 dicemus
2471 730 2735 798 Spiritum
2781 738 3030 784 sanctum
3085 744 3228 795 esse,
3267 728 3515 783 soliusne

1930 823 2027 877 Dei
2066 831 2123 877 et
2163 820 2380 889 Patris,
2426 837 2567 875 anne
2615 821 2776 875 etiam
2830 829 2885 874 et
2940 818 3099 884 Filii,
3162 820 3247 874 vel
3293 834 3516 890 separa-

1932 913 2027 967 tim
2086 912 2393 980 utriusque,
2446 918 2501 965 et
2532 910 2841 973 amborum,
2905 918 3163 979 tanquam
3223 924 3391 963 unum
3445 924 3515 962 ex

1930 1006 2092 1060 Patre
2147 1019 2243 1073 per
2310 1002 2507 1056 Filium
2562 1002 2784 1071 propter
2835 1016 3009 1067 unum,
3060 1000 3356 1054 essentiae?
3396 1017 3414 1052 I
3455 999 3512 1052 In

1933 1095 2369 1165 expositionibus
2425 1096 2478 1149 in
2531 1093 2885 1164 Evangelium
2943 1091 3170 1148 Joannis
3220 1094 3276 1147 in
3334 1092 3510 1146 illud:

1939 1208 1958 1241 ι
1998 1187 2232 1256 Spiritus
2268 1186 2549 1248 Veritatis,
2591 1204 2611 1237 ι
2645 1185 2717 1238 ita
2775 1183 3013 1254 explicat
3047 1200 3062 1238 :
3100 1202 3119 1235 ι
3159 1184 3296 1238 Ecce
3341 1188 3512 1244 enim.

1934 1294 2060 1334 ecce
2081 1277 2319 1348 Spiritus
2348 1276 2613 1339 Veritatis,
2648 1274 2752 1330 hoc
2792 1287 2876 1329 est
2905 1276 2988 1329 sui
3035 1275 3228 1343 ipsius,
3264 1290 3387 1329 cum
3415 1275 3516 1328 Pa-

1937 1369 2200 1423 racletum
2219 1366 2469 1430 dixisset,
2494 1382 2528 1420 a
2548 1367 2706 1420 Patre
2726 1381 2849 1420 eum
2867 1365 3167 1435 procedere
3184 1366 3279 1417 ait.
3311 1365 3517 1430 ῥυείη-

1936 1457 2227 1512 admodum
2277 1456 2422 1510 enim
2468 1463 2551 1509 est
2608 1455 2845 1524 Spiritus
2880 1454 3133 1524 proprius
3184 1453 3324 1517 Filii,
3360 1463 3521 1506 natu-

1937 1544 2122 1598 raliter
2150 1543 2206 1597 in
2239 1543 2355 1612 ipso
2391 1543 2680 1608 exsistens,
2710 1554 2765 1596 et
2792 1558 2890 1612 per
2922 1543 3100 1612 ipsum
3135 1543 3515 1613 progrediens,

1939 1638 2011 1691 ita
2037 1645 2092 1690 et
2121 1636 2340 1702 Patris;
2377 1635 2574 1705 quibus
2601 1636 2747 1689 enim
2787 1634 3025 1704 Spiritus
3077 1634 3384 1688 communis
3415 1645 3518 1695 est,

1940 1728 2007 1782 iis
2039 1728 2199 1797 plane
2232 1742 2475 1798 prorsus,
2507 1743 2687 1793 neque
2706 1743 2826 1797 quae
2848 1728 3102 1782 essentiaa
3127 1736 3274 1790 sunt,
3310 1725 3519 1780 fuerint

1940 1829 2213 1890 separata.
2276 1839 2294 1872 ι
2350 1821 2416 1874 Ει
2467 1819 2595 1873 alibi
2645 1819 2846 1888 saepius
2895 1821 3175 1888 proprium
3234 1818 3520 1872 amborum

1943 1910 2298 1980 coniunctim,
2332 1918 2387 1965 et
2415 1910 2707 1979 separatim
2739 1910 2960 1964 fatetur.
2996 1910 3234 1979 Spiritus
3261 1923 3391 1963 vero
3416 1908 3521 1960 Pa-

1945 2010 2027 2055 ter
2060 2001 2311 2071 proprius
2347 2010 2442 2055 aut
2470 2000 2636 2055 Filius
2664 2001 2816 2057 nullo
2856 2001 2911 2054 in
2940 2001 3060 2056 loco
3088 2009 3198 2056 est.
3228 1998 3322 2053 Illa
3356 1999 3524 2069 igitur

1947 2094 2179 2158 ratione,
2208 2108 2311 2162 qua
2359 2093 2555 2163 imago,
2583 2108 2689 2162 qua
2726 2093 2937 2154 missio,
2967 2102 3093 2146 cu‘m
3126 2093 3194 2145 de
3216 2090 3524 2145 meonomia

1947 2192 2166 2253 propter
2186 2197 2288 2237 nos
2311 2196 2492 2238 sermo
2506 2192 2609 2247 est,
2632 2182 2931 2237 secundum
2953 2197 3117 2251 quam
3136 2180 3521 2250 suppeditatio,

1945 2286 1999 2328 et
2023 2275 2172 2329 datio
2190 2283 2242 2329 et
2261 2275 2347 2331 his
2373 2275 2574 2337 alIinia,
2598 2284 2654 2329 et
2676 2274 2752 2328 uti
2776 2275 2831 2327 in
2856 2274 2966 2328 illis
2988 2288 3150 2343 quam
3177 2270 3527 2343 perspicuum

1946 2365 2216 2429 clarescit,
2257 2366 2630 2420 conversionis
2662 2366 2842 2420 locum
2880 2380 3025 2423 esse.
3066 2363 3373 2418 divinorum
3411 2376 3524 2430 my-

1947 2464 2290 2526 stagogorum
2323 2457 2612 2527 sententia,
2665 2456 2983 2511 eorumdem
3018 2455 3106 2511 hic
3149 2470 3367 2525 quoque
3393 2453 3527 2508 edo-

1947 2560 2159 2609 cemur,
2187 2547 2289 2601 hoc
2320 2546 2497 2615 ipsum
2523 2560 2646 2602 esse
2678 2546 3020 2601 conﬁdenter
3045 2545 3211 2602 nimis
3235 2560 3344 2600 non
3375 2559 3525 2599 asse-

1949 2652 2094 2691 rere.
2138 2636 2388 2692 Proxime
2434 2638 2618 2707 itaque
2646 2638 2900 2693 laudatus
2941 2638 3162 2694 divinus
3196 2647 3368 2708 mySIa
3398 2652 3526 2705 pro-

1947 2730 2126 2798 prium
2173 2745 2282 2798 quo
2317 2729 2621 2799 signiﬁcatu
2676 2730 2729 2783 in
2778 2731 2980 2785 deitate
3017 2729 3395 2800 accipiendum
3432 2727 3524 2790 sit,

1947 2820 2244 2889 explicans,
2270 2824 2519 2876 oratione
2533 2822 2601 2877 ad
2624 2820 2958 2886 Nestorium,
2980 2824 3138 2893 cujus
3156 2820 3483 2893 principium
3512 2837 3526 2874 :

1952 2930 1973 2965 ι
2010 2911 2145 2966 Male
2184 2913 2404 2983 quidem
2442 2914 2742 2984 loquuntur
2768 2915 2835 2970 de
2870 2930 2988 2970 mea
3035 2914 3461 2977 existimatione,
3503 2932 3521 2965 ι
3602 2896 3619 2901 ”

1948 3005 2158 3067 scribit,
2192 3023 2211 3056 ι
2261 3005 2734 3071 Quemadmodum
2781 3008 2928 3062 enim
2980 3007 3231 3077 proprius
3266 3006 3525 3067 hominis.

1947 3111 2161 3151 necnon
2194 3106 2251 3151 et
2300 3097 2528 3151 aliorum
2574 3097 2909 3168 singulorum
2952 3097 3309 3153 animantium
3362 3096 3528 3155 fetus.

1949 3190 2039 3258 qui
2076 3205 2142 3243 ex
2172 3204 2238 3242 eo
2266 3197 2350 3244 est
2379 3188 2683 3243 secundum
2709 3197 2982 3254 naturam,
3018 3189 3098 3245 sic
3121 3187 3402 3259 proprium’
3435 3186 3529 3240 Dei

1951 3281 2288 3351 intelligetur
2338 3295 2480 3344 esse,
2526 3280 2864 3351 dit-etnrque,
2903 3281 3045 3350 quod
3072 3295 3137 3334 ex
3188 3279 3426 3334 essentia
3468 3279 3533 3331 il-

1951 3373 2056 3428 lius
2082 3374 2207 3429 erit.
2251 3391 2270 3426 ι
2319 3371 2664 3426 Manifestum
2715 3373 2897 3442 itaque
2926 3382 3031 3435 est,
3079 3372 3157 3426 uti
3194 3371 3372 3426 Patris
3402 3386 3529 3439 prn-

1952 3464 2104 3531 prius
2134 3471 2219 3516 est
2252 3460 2489 3531 Spiritus
2537 3469 2782 3525 sanctus,
2812 3460 2959 3531 quod
3005 3475 3071 3514 ex
3114 3460 3351 3516 essentia
3388 3459 3529 3512 illius

1954 3563 2057 3618 est,
2085 3554 2161 3608 ita
2191 3569 2313 3608 esse
2350 3569 2567 3622 quoque
2602 3553 2723 3607 Filii
2758 3554 3059 3623 proprium,
3088 3554 3164 3607 uti
3196 3567 3261 3605 ex
3290 3553 3531 3606 essentia
3567 3602 3571 3607 .

1951 3643 2098 3699 illius
2151 3643 2524 3697 exsistentem.
2578 3645 2804 3712 Hocque
2856 3645 3018 3714 plane
3061 3643 3365 3707 declarant,
3415 3653 3529 3696 tum

1952 3736 2163 3804 puritas
2191 3733 2525 3805 signiﬁcatus
2553 3735 2754 3805 proprii
2782 3734 2851 3789 ab
2881 3735 3002 3804 ipso
3052 3734 3388 3803 diviniloquo
3417 3742 3531 3788 tra-

1953 3826 2090 3889 dita,
2126 3834 2240 3880 tum
2271 3826 2557 3881 doctorum
2597 3827 2878 3882 enuntiata
2913 3826 2983 3882 de
3022 3827 3213 3881 eodem
3248 3844 3267 3876 ι
3305 3825 3384 3879 uti
3430 3828 3533 3878 Pa-

1958 3922 2056 3975 tris
2088 3918 2391 3989 proprium,
2421 3919 2496 3974 ita
2527 3927 2583 3974 et
2605 3917 2727 3973 Filii
2759 3932 2880 3973 esse
2917 3935 2936 3970 ι
2967 3915 3226 3972 essentia.
3259 3915 3401 3981 Quin
3423 3915 3532 3971 imo

1954 4020 2009 4065 et
2048 4010 2251 4080 reliqua
2294 4010 2400 4064 alia
2440 4011 2688 4080 ejusdem
2737 4009 2880 4065 dicta
2931 4023 3094 4078 supra
3140 4008 3369 4078 digesta,
3409 4023 3531 4077 qua:

1954 4119 2064 4159 non
2098 4118 2219 4157 esse
2247 4103 2484 4158 alienum
2526 4103 2789 4173 Spiritum
2814 4116 2845 4157 a
2875 4101 3029 4165 Filio,
3060 4100 3157 4156 sed
3202 4117 3268 4155 ex
3307 4099 3445 4168 ipso.
3479 4110 3536 4153 et

1957 4197 2242 4269 proprium
2276 4196 2447 4266 ipsius
2475 4212 2542 4252 ex
2565 4195 2784 4252 datione
2811 4204 2867 4250 et
2894 4194 3157 4250 missione
3185 4202 3371 4263 aperta
3401 4208 3534 4247 voce

189 4301 199 4308 τ
283 4281 539 4338 οὕτωκαὶ
565 4285 661 4338 τοῦ
679 4285 835 4349 Υίοῦ,
869 4305 887 4338 ι
909 4286 1326 4353 διαγγέλλουσαι
1350 4305 1363 4319 ⁸
1387 4288 1524 4341 ἀλλά
1543 4289 1637 4341 καὶ
1667 4288 1847 4343 λοιπαὶ

1957 4292 2198 4355 edicunt,
2239 4299 2292 4345 et
2332 4306 2482 4346 nunc
2511 4306 2577 4345 ex
2607 4292 2875 4359 proxime
2917 4288 3080 4342 allato
3108 4286 3259 4341 brevi
3287 4286 3534 4340 testimo-

286 4373 474 4425 τούτου
505 4374 694 4443 ῥήσεις
740 4375 795 4426 αί
826 4374 939 4428 ἀνω
983 4375 1294 4443 τεθειμέναι
1328 4375 1388 4428 τὸ
1441 4376 1516 4447 μὴ
1565 4377 1847 4449 ἀλλότριον

1960 4385 2051 4438 nio
2077 4383 2132 4437 in
2162 4383 2291 4437 illud
2323 4400 2337 4438 :
2370 4402 2391 4435 ι
2420 4380 2542 4437 Vidi
2574 4381 2838 4452 Spiritum
2860 4379 3301 4443 descendentem,
3338 4396 3356 4429 ι
3388 4375 3536 4445 quod

286 4464 419 4518 Υίοῦ
450 4466 697 4534 Πνεῦμα,
725 4464 859 4519 ἀλλὰ
883 4466 945 4519 τδ
975 4467 1034 4532 ἐξ
1067 4467 1234 4520 αὐτοῦ
1267 4467 1363 4520 και
1412 4443 1543 4520 ἴδιον
1575 4443 1747 4524 αὐτοῦ·
1789 4471 1847 4524 ix

1961 4475 2121 4545 paulo
2157 4482 2285 4528 ante
2321 4470 2665 4542 digessimus,
2708 4484 2857 4525 nunc
2886 4482 3102 4538 quoque
3135 4467 3224 4521 hic
3252 4481 3537 4536 apponens

286 4559 383 4628 τῆς
400 4557 599 4618 δόσεως
612 4574 671 4611 τε
701 4559 792 4611 καὶ
818 4559 1073 4629 πέμψεως
1089 4560 1349 4629 διατόρως
1363 4562 1847 4633 ἁνακηρύττουσαιζ

1959 4575 2061 4632 tes,
2097 4566 2227 4620 satis
2264 4564 2341 4619 rei
2373 4563 2654 4625 faciemus,
2690 4560 2835 4631 quod
2866 4561 3048 4615 verbis
3097 4559 3248 4614 hisce
3275 4558 3539 4628 exprimi-
3569 4584 3573 4587 -

288 4649 400 4702 Καὶ
417 4648 510 4703 νῦν
528 4650 627 4718 τῆς
646 4649 813 4718 ἐγγύς
829 4667 933 4703 που
952 4650 1341 4723 διαληφθείσης
1367 4654 1576 4723 ρήσεως
1596 4654 1847 4726 βραχείας

1959 4667 2046 4713 tur
2079 4675 2092 4712 :
2131 4677 2149 4719 ᾳ
2191 4655 2396 4710 Similis
2427 4655 2480 4708 in
2503 4654 2758 4709 omnibus
2792 4660 2873 4706 est
2900 4651 3104 4705 Christi
3143 4649 3444 4705 similitudo
3468 4651 3536 4704 ad

289 4745 366 4804 εἰς
394 4742 479 4805 τὸ,
502 4743 584 4796 ὅτι
611 4761 630 4795 ι
663 4742 941 4810 Τεθέαμαι
975 4743 1037 4794 τὸ
1069 4744 1292 4812 Πνεῦμα
1329 4746 1677 4811 καταϐαῖνον,
1710 4767 1727 4799 ι
1759 4749 1847 4819 τὴι

1959 4749 2237 4821 proprium
2288 4747 2459 4817 ipsius
2493 4755 2550 4800 et
2598 4746 2667 4800 ab
2696 4745 2816 4815 ipso
2860 4742 3144 4813 profusum
3184 4742 3468 4813 Spiritum,
3510 4760 3529 4794 ι

289 4832 461 4902 ἀγχοῦ
500 4833 756 4904 διηγορευ
766 4833 932 4902 μένην
958 4850 1017 4886 τε
1041 4835 1135 4886 καὶ
1152 4834 1402 4888 τεθεῖσαν
1419 4836 1653 4890 ἐνταῦθα
1671 4838 1847 4902 θέντες

1959 4842 2179 4896 omissis
2213 4839 2334 4892 aliis
2361 4854 2468 4892 non
2496 4836 2705 4908 paucis,
2729 4853 2848 4905 qua:
2876 4835 3190 4904 frequenter
3212 4845 3534 4890 occurrunt.

291 4929 352 4980 τὸ
385 4928 568 4981 ἱκανὸν
599 4927 817 4996 ἕξομεν,
849 4927 885 4998 ἢ
917 4925 1013 4980 καὶ
1056 4928 1175 4980 κατ’
1213 4927 1342 4991 ἔπος
1391 4927 1535 4980 οὕτω
1575 4930 1848 4997 διέξεισιν,
1890 4952 1909 4988 ι
1956 4931 2403 5004 Ἀπσράλλακτος
2440 4928 2595 5002 ἢτοῦ
2631 4928 2832 4999 Χριτοῦ
2864 4929 3119 4998 ὁμοιότης
3152 4929 3289 4999 πρὸς
3316 4928 3377 4981 τὸ
3406 4929 3537 4981 ἴδιον

295 5017 460 5072 αὐτοῦ
491 5020 585 5071 καὶ⁸
604 5017 736 5088 παρ’
766 5019 932 5072 αὐτοῦ
961 5018 1323 5088 προχεόμενον
1344 5017 1594 5088 Πνεῦμα,
1637 5039 1655 5072 ι
1693 5025 2144 5096 παραδραμόντες
2172 5026 2367 5097 ἐτέρας
2412 5025 2512 5077 οὐκ
2555 5021 2764 5089 ὀλίγας,
2793 5021 2928 5075 ἀλλὰ
2962 5024 3183 5093 συχνάς.

364 5113 428 5166 θ’.
462 5113 535 5166 Οὐ
567 5111 674 5183 μὴν
711 5112 848 5166 ἀλλὰ
895 5114 1114 5166 κάκεῖνο
1145 5111 1472 5183 θεωρητέον,
1521 5115 1627 5185 πρό
1655 5131 1719 5183 γε
1751 5116 1859 5169 τῶν

295 5202 654 5271 πεφθακότων
685 5202 1069 5273 ἐξετασθῆναι,
1104 5203 1231 5272 περὶ
1269 5205 1576 5278 ἀποστολῆς
1620 5204 1657 5259 ἃ.
1688 5222 1860 5275 φησιν

295 5299 321 5346 ό
351 5293 517 5363 ἄκρος
539 5293 744 5363 ταύτης
772 5293 1085 5364 ἐξεταστὴς,
1122 5293 1265 5347 οὕτω
1295 5295 1359 5364 δὴ
1380 5294 1593 5360 διεξιών
1612 5314 1624 5327 ο
1659 5316 1677 5348 ι
1702 5298 1860 5349 Ἀπο-

298 5383 508 5437 στέλλει
531 5402 613 5450 τις
639 5385 824 5438 δοῦλον
849 5387 882 5452 ἢ
909 5387 1024 5439 υἱὸν
1053 5387 1183 5457 παρ’
1214 5386 1376 5440 ἀλλου
1410 5388 1569 5441 τοῦτο
1590 5388 1791 5451 λαϐὼν,
1822 5388 1856 5459 ἢ

297 5475 391 5527 καὶ
423 5475 585 5539 αὐτὸς
625 5475 786 5545 ἔχων.
832 5476 1205 5546 Σκοπήσωμεν
1236 5477 1417 5530 τοίνυν
1463 5476 1583 5532 τίνα
1614 5479 1862 5540 θεσπίζει

296 5566 360 5618 τὸ
393 5567 592 5619 σεπτὸν
628 5568 959 5635 Εὐαγγέλιον
991 5569 1118 5636 περ)⁸
1153 5567 1433 5638 πέμψεως.
1484 5570 1739 5641 Ἰωάννης
1768 5570 1867 5640 μὲν

300 5659 334 5726 ὴ
381 5661 481 5724 τῆς
537 5657 817 5726 θεολογίας
871 5658 1153 5729 ἀκρώρεια
1186 5661 1262 5722 ὡς
1308 5662 1374 5713 ὲκ
1428 5661 1723 5730 προσώπου
1770 5659 1864 5713 τοῦ

301 5747 540 5817 Χριστοῦ
596 5752 832 5817 φάσκει·
887 5771 905 5804 ι
945 5752 1024 5803 Τὰ
1079 5752 1215 5822 ἔργα
1247 5751 1282 5806 ἃ
1313 5752 1422 5819 ἐγὼ
1465 5754 1624 5815 ποιῶ,
1661 5772 1867 5824 μαρτυ-

305 5844 391 5910 ρεῖ
425 5845 551 5916 περὶ
584 5845 738 5915 ἐμοῦ,
768 5847 846 5900 ὅτι
901 5848 928 5898 ὸ
991 5847 1179 5917 Πατήρ
1237 5863 1303 5916 με
1344 5845 1651 5913 ἀπέστειλε,
1712 5849 1805 5900 καὶ
1839 5848 1865 5899 ὀ

2037 5117 2093 5175 9.
2124 5118 2228 5172 Sed
2284 5117 2413 5173 illud
2458 5130 2675 5184 quoque
2726 5113 3183 5169 considerandum
3240 5122 3344 5176 est,
3392 5114 3537 5181 quod

1970 5219 2095 5263 ante
2136 5210 2250 5277 jam
2302 5207 2442 5261 dicta
2474 5206 2768 5261 examinari
2818 5207 3099 5270 debuerat,
3152 5206 3291 5273 quod
3343 5220 3538 5272 nempe

1970 5301 2038 5355 de
2067 5298 2324 5354 missione
2353 5298 2517 5352 tradit
2549 5312 2796 5351 summus
2822 5296 2969 5349 illius
3013 5294 3360 5364 dijudicator,
3394 5296 3539 5349 hunc

1969 5390 2024 5445 in
2075 5390 2293 5444 modum
2327 5389 2677 5444 edisserens:
2724 5406 2743 5439 ι
2782 5386 2944 5442 Mittit
2987 5386 3256 5456 quispiam
3317 5402 3538 5440 servum

1968 5490 2063 5535 aut
2086 5481 2359 5543 ﬁlium,ab
2380 5480 2486 5533 alio
2512 5479 2564 5534 id
2586 5479 2883 5548 accipiens,
2899 5486 2991 5531 aut
3014 5493 3042 5531 a
3075 5478 3253 5547 seipse
3274 5478 3499 5533 habens.
3517 5497 3534 5528 ι

1966 5571 2387 5626 Consideremus
2416 5572 2598 5640 itaque
2628 5586 2748 5639 qua:
2806 5568 2876 5624 de
2907 5567 3168 5623 missione
3198 5570 3539 5622 venrandnm
3572 5600 3584 5606 -

1967 5662 2318 5731 Evangelium
2368 5660 2634 5716 decernit.
2666 5659 2907 5714 Joannes
2964 5658 3245 5727 theologize
3294 5674 3540 5712 summus

1928 5790 1933 5794 -
1967 5770 2100 5824 apex
2157 5769 2221 5806 ex
2280 5768 2511 5821 persona
2551 5751 2751 5807 Christi
2806 5749 2937 5806 dicit
2970 5768 2984 5805 :
3024 5769 3042 5803 ι
3078 5753 3250 5820 Opera
3295 5765 3415 5819 quae
3441 5764 3540 5818 ego

1973 5845 2131 5912 facio,
2188 5842 2554 5900 testimonium
2605 5835 2894 5912 perhibent
2933 5842 2999 5897 de
3051 5858 3158 5907 me,
3195 5841 3337 5910 quod
3388 5838 3547 5895 Pater
