4072 6418
368 380 519 487 1m
600 374 609 379 ’

1348 416 1647 477 CONTRA
1686 417 2114 478 MANUELEM
2149 418 2625 480 CllETENSEM.

3484 409 3616 476 1338

367 536 521 604 παρά
550 531 643 588 τοῦ
699 530 831 586 Υἱοῦ
871 529 1027 585 τοῦτο
1064 527 1489 592 κατασκευάζει,
1521 529 1784 598 φάμενος,
1823 547 1841 579 ι
1875 529 1936 581 El

2059 529 2238 586 iil’esto
2277 532 2564 586 declarans
2596 530 2761 600 quod,
2792 529 2917 584 licet
2941 544 3009 585 ex
3050 528 3210 584 Patre
3244 527 3401 584 ambo
3429 528 3538 583 sint
3563 537 3619 582 et

366 626 587 694 γάρτις
617 621 842 691 Πνεῦμα
896 617 1133 690 Χριστοῦ
1182 619 1282 672 οὐκ
1312 619 1444 688 ἔχει,
1477 613 1760 677 οῦτοςούκ
1790 618 1933 671 ἐστιν

367 716 560 779 αὑτοῦ,
591 734 609 767 ι
641 714 737 768 καὶ
766 712 1128 783 συνημμένως
1169 709 1395 777 ἐπάγειν
1435 728 1453 760 ι
1496 707 1704 762 Οὐκοῦν
1741 708 1804 760 τὸ
1837 707 1936 777 μὲν

368 809 591 878 Πνεῦμα
612 811 676 861 ὲκ
694 807 789 860 τοῦ
812 805 945 861 Θεοῦ
974 804 1053 868 ὃν,
1078 805 1170 859 καὶ
1193 805 1429 875 Χριστοῦ
1462 804 1685 871 Πνεῦμὰ
1711 805 1882 868 ἐστιν,
1914 822 1932 854 ι

369 900 641 970 ἁριδήλως
675 897 1009 968 σαφηνίζων,
1040 898 1114 960 ὡς
1143 900 1199 951 εί
1231 895 1326 949 καὶ
1349 897 1413 948 ἐκ
1446 895 1539 948 τοῦ
1572 894 1783 965 Πατρδς
1808 896 1938 946 ἑκά-

368 1008 503 1061 τερα
540 991 570 1042 ὁ
598 991 721 1052 Υἱὸς
753 991 844 1042 καὶ
872 990 931 1041 ea
962 990 1205 1058 Πνεῦμα.
1234 989 1329 1041 καὶ
1359 987 1536 1040 κοινὸν
1567 988 1769 1054 ἀμφοῖν
1794 985 1857 1037 τὸ
1877 987 1941 1038 ἐκ

371 1082 463 1135 τοῦ
501 1083 734 1151 Πατρὶς,
772 1081 888 1135 ἀλλ’
920 1082 980 1133 οὐ
1010 1083 1190 1133 κοινὸν
1223 1082 1314 1135 καὶ
1342 1079 1402 1132 τὸ
1433 1077 1748 1146 ἐκθατέρου
1783 1078 1941 1130 θάτε-

377 1189 469 1241 ρον
504 1168 643 1224 εἶναι
706 1171 846 1223 κατὰ
895 1170 1053 1237 λόγον
1098 1172 1484 1237 ἀντιστροφῆς.
1547 1168 1683 1220 ἀλλὰ
1732 1167 1796 1221 τᾶ
1845 1167 1941 1227 μὲν

376 1263 604 1330 Πνεῦμα
649 1264 714 1314 ὲκ
753 1260 1013 1314 τοῦ-Θεοῦ
1050 1259 1130 1325 ὃν,
1166 1262 1445 1312 τουτέστιν
1475 1262 1537 1311 ἐκ
1571 1259 1664 1310 τοῦ
1709 1259 1940 1327 Πατρδς,

374 1355 472 1407 καὶ
523 1353 764 1424 Χριστοῦ
793 1353 1019 1422 Πνεῦμά
1066 1354 1203 1412 ἐστι.
1245 1351 1324 1403 διδ
1352 1354 1446 1405 καὶ
1475 1354 1538 1403 ὲκ
1569 1349 1679 1403 τοῦ·
1708 1349 1942 1419 Χριστοῦ

378 1447 519 1499 κατὰ
546 1446 646 1515 τὴν
677 1444 842 1498 αὑτοῦ
865 1444 960 1497 τοῦ
995 1444 1230 1513 μεγάλου
1266 1442 1549 1510 ἐγγυτάτω
1576 1440 1943 1510 κατασκευὴν,

376 1541 442 1591 ἐκ
471 1537 564 1590 τοῦ
598 1537 831 1606 Πνεῦμα
858 1534 1096 1605 Χριστοῦ
1124 1534 1511 1602 θεολογεῖσθαι,
1546 1535 1608 1586 τὸ
1635 1533 1730 1586 καὶ
1758 1536 1822 1587 ὲκ
1847 1533 1945 1605 ,τοῦ

378 1627 616 1700 Χριστοῦ
652 1624 1212 1700 εἶναιιτρανώσαντος,
1264 1645 1283 1678 ι
1329 1625 1389 1680 '0
1416 1627 1471 1680 δὲ
1506 1625 1656 1688 Υἱὸς,
1701 1644 1718 1677 ι
1756 1627 1945 1696 φησὶν,

387 1737 407 1772 ι
440 1721 503 1773 ἐκ
528 1719 620 1772 τοῦ
650 1719 782 1771 Θεοῦ
821 1718 917 1784 ὢν,
954 1718 1150 1771 κούκέτι
1203 1716 1304 1769 καὶ·
1338 1714 1433 1769 τοῦ
1481 1716 1797 1784 Πνεῦματος
1822 1714 1947 1769 οὔτε

381 1809 553 1871 ἔστιν.
584 1808 707 1862 οὔτε
728 1808 967 1877 λέγεται,
992 1809 1112 1861 οὐδὲ
1137 1808 1487 1877 ἀντιστρέφει
1514 1809 1545 1876 ἡ
1574 1806 1796 1877 σχετικὴ
1818 1809 1946 1861 ἀκο-

381 1902 573 1956 λουθία
607 1901 769 1971 αὕτη.
818 1919 839 1954 ι
876 1902 938 1954 ΕΞ
960 1901 1138 1955 τοίνυν
1159 1901 1235 1961 ὡς
1268 1899 1486 1965 Πνεῦμα
1518 1899 1756 1969 Χριστοῦ
1781 1898 1949 1951 Πνεῦ-

392 2013 560 2065 ματος
589 1993 846 2065 λεχθῆναι
869 1990 1495 2062 Χριστδςὰντιστρόφωῖ
1525 1992 1588 2042 ὲκ
1619 1991 1716 2059 τῆς
1735 1989 1950 2042 τοιᾶσδε

387 2084 546 2155 φύσει
571 2084 828 2153 σχετικῆς
855 2081 1178 2142 ἀκολουθίας
1199 2081 1258 2133 οὔ
1274 2072 1526 2139 δύναται,
1563 2076 1688 2138 πῶς
1707 2076 1766 2141 ἐξ
1784 2076 1954 2143 αὐτῆς

387 2180 463 2240 ὡς
487 2175 764 2245 ἀποστολὴ
814 2176 970 2243 παρά
1019 2171 1273 2240 Χριστοῦ.
1314 2170 1651 2237 Πνεύματος,
1682 2167 1953 2236 ἀποστολὴ

385 2271 539 2337 παρὰ
597 2264 910 2331 Πνεύματος
955 2262 1191 2331 ῥηθῆναι
1248 2258 1484 2326 Χριστοῦ
1532 2260 1672 2312 κατά
1728 2259 1818 2310 τὸν
1852 2259 1954 2324 τῆς

385 2359 639 2424 θεότητος
667 2358 823 2424 λόγον
850 2354 1219 2423 ἀντιστρόφως
1279 2352 1596 2419 δυνήσεταις
1658 2351 1772 2403 Οὐκ
1806 2350 1955 2402 ἔστιν

385 2449 636 2519 οὐδαμῶς
655 2448 814 2501 τοῦτο
837 2449 934 2516 τῆς
958 2444 1568 2513 θεοπνεύστουςΓραφῆς
1591 2442 1950 2513 ὁπουδήποτε.

389 2544 496 2596 Καί
527 2560 588 2611 γε
624 2542 684 2594 τὸ
714 2544 858 2599 τινος
882 2538 1174 2609 λεγόμενον
1196 2538 1556 2607 ἀντιστροφὴν
1587 2539 1649 2590 ὲκ
1679 2538 1777 2607 τῆς
1798 2553 1953 2605 φυσι-

387 2638 492 2707 κῆς
523 2637 758 2705 σχέσεως
778 2624 854 2704 μὴ
875 2631 1183 2707 δεχόμενον,
1201 2629 1259 2696 ἐξ
1277 2626 1441 2681 αὑτοῦ
1463 2630 1610 2680 ἐστιν
1625 2628 1955 2699 ἀναντιρρή-

386 2746 515 2792 τως,
566 2724 626 2780 οὗ
660 2731 913 2795 λέγεταιν
958 2720 1070 2777 οἷον
1118 2722 1187 2779 ,τὸ
1213 2718 1305 2776 τοῦ
1360 2718 1526 2788 φυτοῦ
1578 2719 1738 2782 ἄνθος
1763 2719 1954 2772 τούτου

386 2822 544 2882 ἄνθος
574 2818 885 2887 λεγόμενον,
914 2817 1009 2869 καὶ
1042 2816 1116 2884 μὴ
1145 2813 1280 2883 πρὸς
1303 2812 1434 2865 αὐτὸ
1459 2812 1956 2881 ἀντεστραμμένως

387 2913 533 2979 ἔχειν
563 2910 872 2977 νοούμενον,
915 2907 991 2969 ὡς
1037 2904 1229 2957 τούτου
1278 2904 1349 2956 τὸ·
1393 2904 1560 2971 φυτὸν
1593 2902 1862 2971 λελέχθαι,
1898 2902 1958 2966 ἐξ

389 3002 561 3057 αὑτοῦ
589 3007 732 3055 ἐστιν
751 2997 1219 3068 ὁμολογουμένως,
1247 2989 1307 3048 οῦ
1334 2995 1497 3065 ⁴ἄνθος
1516 2980 1757 3062 λέγεται.
1789 2995 1899 3047 Καὶ
1922 2996 1954 3063 ἠ

389 3092 483 3146 τοῦ
515 3092 686 3161 πυρὸς
726 3092 875 3154 ξέισις
928 3088 1002 3158 μὴ
1033 3087 1094 3141 τὸ
1148 3087 1248 3157 τῆς
1278 3086 1642 3155 ἀντιστροφῆς
1668 3083 1953 3154 δεχομένη,

2038 621 2204 676 Filius
2225 633 2279 677 et
2308 622 2564 692 Spiritus,
2599 633 2655 677 et
2680 621 2896 692 utrique
2930 635 3222 677 commune
3247 631 3330 674 est
3360 634 3423 674 ex
3458 617 3618 672 Patre

2041 728 2183 776 esse,
2219 724 2456 769 attamen
2486 729 2777 768 commune
2807 730 2918 768 non
2945 722 3032 768 est
3072 729 3139 768 ex
3182 713 3288 766 alio
3316 712 3465 767 aliud
3496 725 3617 766 esse

2041 807 2338 859 secundum
2358 805 2733 859 conversionis
2754 816 3024 868 naturam,
3049 805 3143 860 sed
3161 804 3402 874 Spiritus
3421 819 3487 858 ex
3508 803 3618 857 Deo

2039 913 2163 952 cum
2194 897 2283 963 sit,
2319 914 2383 952 ex
2416 897 2575 952 Patre
2636 913 2855 973 nempe,
2896 908 2953 953 et
2981 897 3179 951 Christi
3229 894 3465 966 Spiritus
3510 908 3617 958 est,

2041 990 2271 1058 ideoque
2300 1005 2361 1043 ex
2390 988 2608 1044 Christo
2635 990 2932 1044 secundum
2969 989 3148 1058 magni
3183 989 3413 1055 hujusce
3443 985 3620 1040 Patris

2042 1081 2441 1149 probationem,
2470 1080 2562 1149 qui
2618 1096 2684 1134 ex
2717 1095 2783 1134 eo
2823 1079 2967 1147 quod
3015 1079 3253 1148 Spiritus
3281 1078 3487 1133 Christi
3519 1076 3618 1131 de-

2043 1179 2322 1234 cernatur,
2357 1185 2423 1224 ex
2475 1170 2691 1224 Christo
2729 1171 2893 1223 etiam
2928 1184 3048 1225 esse
3093 1169 3388 1223 declaravit
3419 1187 3435 1225 :
3475 1188 3493 1219 ι
3534 1168 3622 1222 Fi-

2044 1261 2151 1315 lius
2185 1275 2334 1325 vero,
2376 1279 2395 1313 ι
2445 1260 2543 1326 ait,
2581 1279 2599 1311 ι
2636 1276 2701 1315 ex
2738 1262 2847 1315 Deo
2890 1277 3012 1314 cum
3051 1260 3139 1323 sit.
3175 1275 3281 1315 non
3330 1270 3414 1315 est
3445 1276 3623 1330 neque

2045 1351 2301 1422 Spiritus,
2349 1368 2526 1422 neque
2560 1353 2779 1417 dicitur,
2829 1360 2885 1405 et
2932 1351 3256 1405 correlativa
3307 1351 3420 1405 haec
3449 1355 3623 1406 series

2046 1459 2156 1496 non
2208 1443 2562 1498 convertitur.
2603 1462 2621 1495 ›
2661 1441 2715 1497 Si
2777 1444 2960 1514 itaque
3003 1445 3079 1498 uti
3127 1444 3366 1513 Spiritus
3394 1443 3624 1509 Christi,

2047 1535 2287 1588 vicissim
2352 1534 2588 1605 Spiritus
2635 1534 2908 1601 Christus,
2952 1552 3020 1591 ex
3076 1536 3242 1590 simili
3304 1537 3625 1609 correlatiVa

2050 1627 2194 1679 serie
2217 1625 2333 1680 dici
2349 1641 2458 1680 non
2488 1634 2688 1696 potest,
2733 1641 2842 1695 quo
2875 1627 3041 1682 modo
3069 1643 3137 1682 ex
3171 1627 3364 1682 eadem
3402 1628 3478 1682 uti
3507 1628 3630 1682 mis-

2050 1720 2133 1773 sio
2166 1717 2403 1788 Spiritus
2424 1738 2457 1773 a
2493 1719 2716 1774 Christo
2761 1718 2973 1786 missio,
3001 1720 3191 1775 missio
3214 1719 3415 1775 Christi
3445 1736 3473 1775 ε
3502 1721 3651 1790 Spi-_

2050 1809 2161 1863 ritu
2196 1810 2497 1864 secundum
2532 1810 2795 1864 rationem
2825 1809 3128 1866 divinitatis
3158 1813 3277 1865 vice
3327 1826 3481 1865 versa
3519 1810 3624 1865 dici

2054 1901 2289 1969 poterit?
2334 1901 2497 1955 Nullo
2543 1901 2595 1954 id
2648 1901 2701 1954 in
2741 1900 2861 1955 loco
2910 1901 3174 1956 divinitus
3231 1901 3622 1972 inspiratarum

2056 1991 2459 2060 Scripturarum
2483 1994 2776 2046 inveneris.
2807 1991 2958 2047 Licet
2980 1994 3124 2062 quod
3148 1994 3380 2063 alicujus
3402 1993 3624 2055 dicitur,

2054 2085 2198 2154 quod
2229 2094 2409 2138 tamen
2446 2085 2857 2139 conversionem
2907 2100 2972 2139 ex
3017 2086 3250 2140 naturali
3305 2086 3628 2141 habitudine

2054 2189 2163 2228 non
2196 2174 2468 2239 admittat,
2500 2174 2621 2228 sine
2652 2174 2759 2228 ulla
2790 2174 3131 2229 dubitatione
3153 2191 3220 2229 ex
3249 2190 3314 2230 eo
3335 2185 3439 2240 est,
3472 2176 3631 2241 cujus

2055 2266 2296 2320 dicitur:
2335 2268 2509 2335 qualis
2538 2274 2623 2322 est
2665 2267 2866 2336 planta:
2895 2265 3016 2329 llos,
3057 2266 3150 2336 qui
3191 2267 3335 2321 illius
3370 2265 3467 2320 ﬂ‘os
3497 2266 3633 2319 dici-

2055 2370 2163 2419 tur.
2198 2374 2298 2411 nec.
2336 2366 2514 2413 tamen
2546 2374 2671 2428 erga
2713 2359 2858 2413 illam
2903 2360 3261 2424 convertitur,
3295 2359 3368 2413 ita
3396 2368 3456 2413 ut
3484 2358 3632 2412 illius

2058 2450 2240 2519 planta
2263 2452 2493 2516 dicatur,
2527 2467 2592 2506 ex
2621 2466 2684 2504 ea
2720 2459 2805 2505 est
2838 2452 3083 2505 omnium
3112 2451 3321 2505 calculo
3345 2451 3503 2521 cujus
3535 2451 3633 2507 llos

2057 2543 2276 2599 dicitur.
2311 2545 2377 2598 Et
2411 2544 2549 2614 ignis
2578 2544 2742 2609 calor,
2775 2543 2868 2612 qui
2900 2544 3314 2598 conversionem
3346 2559 3456 2596 non
3490 2542 3634 2597 rcci-

2058 2633 2159 2704 pit.
2176 2633 2314 2687 adeo
2336 2645 2393 2688 ut
2418 2634 2559 2705 ignis
2586 2634 2797 2689 dicatur
2821 2632 3038 2698 caloris,
3062 2648 3123 2686 ex
3145 2647 3208 2687 eo
3230 2642 3334 2697 est,
3360 2633 3518 2703 cujus
3540 2649 3633 2687 ca-

2056 2727 2140 2780 lor
2172 2734 2535 2796 nuncupatur;
2558 2726 2649 2780 Sic
2679 2741 2740 2782 se
2770 2726 2935 2781 habet
2970 2736 3023 2781 et
3047 2726 3210 2781 fontis
3231 2742 3392 2793 aqua.
3421 2735 3476 2780 et
3506 2727 3637 2781 solis

2058 2817 2266 2881 lumen,
2311 2832 2432 2887 quae
2477 2817 2888 2871 conversionem
2930 2818 3204 2881 nesciunt,
3253 2833 3320 2871 cx
3367 2819 3435 2871 iis
3485 2827 3633 2878 sunt,

2058 2924 2291 2977 quorum
2333 2924 2452 2963 esse
2508 2909 2784 2975 dicuntur,
2818 2918 2871 2963 et
2922 2910 3024 2962 alia
3075 2910 3316 2976 similia;
3374 2917 3433 2963 ut
3471 2911 3638 2964 exiis

2060 3016 2181 3070 quae
2214 3009 2366 3068 sunt,
2398 3002 2489 3056 illa
2519 3018 2638 3071 quae
2666 3016 2830 3070 supra
2865 3017 2929 3056 ea
2968 3010 3117 3067 sunt,
3145 3002 3294 3057 tenui
3323 3001 3640 3056 similitudi-

2058 3095 2147 3147 nis
2177 3095 2412 3164 imagine
2439 3104 2891 3164 repraeseutemus
2920 3110 2935 3159 ;
2971 3103 3031 3148 ut
3075 3094 3310 3163 quodam
3338 3094 3393 3148 in
3417 3093 3537 3149 loco
3560 3094 3640 3146 vi-

389 3190 464 3247 ὠς
494 3187 557 3238 τὸ
575 3185 686 3254 πῦρ
710 3183 995 3236 καλεῖσθαι
1018 3183 1119 3247 τῆς
1140 3178 1364 3243 ζέσεως,
1388 3179 1447 3244 ἐξ
1466 3177 1628 3230 αὑτοῦ
1655 3179 1802 3230 ἐστιν
1822 3177 1950 3245 ἄρα,

2059 3185 2297 3255 gilantiae
2324 3185 2688 3256 cognominis.
2721 3195 2777 3239 et
2822 3185 3201 3255 theologorum
3229 3199 3366 3253 apex
3395 3183 3641 3238 doctoris

388 3274 449 3333 οῦ
476 3279 623 3342 ζέσις
663 3275 1114 3342 κατονομάζεται.
1145 3270 1424 3333 Ὡσαύτως
1466 3269 1578 3337 ἔχει
1634 3270 1726 3320 καὶ
1758 3267 1821 3320 τὸ
1855 3267 1952 3336 τῆς

389 3369 573 3438 πηγῆς
604 3366 768 3437 ὕδωρ,
794 3364 888 3418 καὶ
912 3363 973 3416 τὺ
1002 3362 1096 3416 τοῦ
1125 3362 1275 3433 ἡλίου
1304 3360 1420 3428 φῶς
1438 3375 1453 3392 ·
1484 3358 1853 3427 ἀντιστροφὴν
1882 3358 1957 3426 μὴ

389 3458 589 3520 εἰδότα,
628 3457 687 3521 ἐξ
722 3454 900 3509 αὐτῶν
930 3456 1068 3506 εἰσιν
1106 3445 1183 3505 ὧν
1209 3451 1318 3522 ἄρα
1351 3450 1620 3518 λέγονται.
1659 3449 1768 3502 Καὶ
1796 3449 1960 3500 λοιπά

391 3548 774 3619 παραπλήσια.
808 3546 884 3609 ὡς
910 3547 979 3599 ἂν
1004 3545 1071 3598 ὲκ
1093 3542 1202 3597 τῶν
1239 3542 1412 3596 ὄντων
1437 3541 1519 3595 τάκ
1544 3541 1684 3611 ὑπὲρ
1719 3542 1790 3592 τά
1824 3538 1959 3592 ὅντα

394 3641 514 3694 κατ’
568 3636 814 3707 ἀμυδρὰν
860 3636 1111 3698 εἰκασίας
1168 3633 1469 3704 ἐμφέρειαν
1511 3632 1957 3697 ὰνεικονίσωμεν,

393 3732 537 3787 καθά
567 3747 669 3784 που
694 3731 794 3798 τῆς
821 3728 1174 3798 γρηγόρσεως
1198 3728 1226 3778 ό
1246 3725 1554 3794 ἐπώνυμος,
1580 3726 1674 3779 καὶ
1696 3725 1961 3789 θεολόγων

395 3825 656 3895 ἀκρέμων
713 3816 1111 3879 διδασκαλικῶς
1170 3817 1552 3886 ἀποφαίνεται.
1605 3816 1727 3869 Τῶν
1756 3811 1851 3868 οῦν
1904 3818 1962 3868 ὲν

394 3921 516 3980 ταῖς
549 3914 867 3984 θεαρχικαϊς
893 3910 1223 3964 ὑποστάσεσι
1255 3909 1516 3981 πέμψεων
1567 3911 1630 3962 ὲκ
1654 3909 1764 3962 τῶν
1800 3910 1962 3978 ἱερῶν

396 4010 492 4064 τοῦ
520 4005 851 4076 Εὐαγγελίου
876 4003 1071 4072 λογίων
1097 4004 1157 4056 ὲν
1185 4001 1395 4064 τούτοις
1422 4001 1835 4071 θεωρουμένων,
1869 4001 1964 4053 καὶ

397 4100 880 4169 διευλυτουμένων,
911 4095 969 4162 ἐξ
995 4091 1069 4149 ὧν
1097 4095 1146 4147 οἱ
1169 4093 1587 4163 θεοφορούμενοι
1612 4093 1963 4160 φθέγγονται,

399 4196 493 4255 καὶ
522 4195 630 4247 τῶν
671 4194 728 4245 ἐν
757 4193 866 4251 τοῖς
889 4189 1279 4258 λειτουργικοίς
1313 4185 1844 4256 οινεύροισινοὲτέρως
1891 4185 1966 4246 ὡς

398 4281 972 4354 καθυπηρετουμένοις
1016 4278 1208 4347 ἀνήκει
1264 4278 1506 4340 κτιστοΐς
1558 4277 1654 4328 καὶ
1700 4277 1967 4346 περιγρα-

401 4380 576 4440 πτοῖς,
607 4377 637 4430 δ
667 4375 959 4444 διαιρέσεις
987 4367 1533 4424 ἁποστολῶν-οῐκοθεν
1552 4368 1644 4419 ἐπὶ
1673 4368 1765 4418 τοῦ
1798 4369 1966 4434 μέσου

401 4468 686 4538 παράγων,
727 4465 823 4517 καὶ
858 4465 1120 4532 φάσκων·
1174 4478 1195 4511 ι
1246 4458 1593 4513 Ἀποστέλλει
1637 4474 1720 4518 τις
1750 4458 1885 4521 υἱὸν,
1933 4458 1964 4528 ἢ

2061 3281 2114 3334 in
2145 3294 2349 3333 rnorem
2375 3278 2639 3333 decernit.
2669 3277 3019 3333 Missionibus
3053 3279 3232 3347 itaque
3262 3292 3382 3345 quae
3418 3276 3470 3330 in
3497 3258 3639 3331 divi-

2061 3371 2257 3427 nitatis
2299 3371 2641 3441 principibus
2685 3370 3068 3441 hypostasibus
3101 3368 3542 3430 considerantur,
3572 3384 3639 3423 cx

2060 3461 2391 3532 evangelicis
2414 3459 2605 3530 el0giis
2638 3458 2710 3512 ita
2744 3457 3029 3526 expositis,
3056 3465 3112 3511 et
3142 3471 3206 3509 ex
3241 3454 3399 3508 dictis
3425 3453 3641 3508 divino-

2060 3572 2181 3609 rum
2224 3555 2445 3608 Patrum
2492 3551 2837 3614 examinatis,
2875 3558 3081 3618 et‘quze
3130 3549 3185 3602 in
3235 3548 3643 3603 administrato-

2063 3646 2153 3699 riis
2182 3645 2484 3713 spiritibus,
2534 3643 2613 3696 uti
2660 3641 2997 3697 administris
3037 3640 3294 3709 congruit
3339 3641 3541 3694 creatis
3586 3647 3644 3692 et

2060 3736 2493 3805 circumscriptis
2519 3734 2627 3787 alio
2658 3742 2823 3801 atque
2848 3732 2955 3786 alio
2987 3731 3148 3785 modo
3181 3746 3239 3784 se
3273 3731 3474 3783 habere
3501 3730 3644 3798 diju-

2062 3828 2276 3890 dicatis,
2310 3827 2401 3894 qui
2453 3824 2772 3879 missionum
2821 3822 3162 3876 dilIerentias
3191 3836 3257 3875 ex
3311 3820 3547 3891 propriis
3586 3820 3640 3874 in

2067 3918 2302 3973 medium
2336 3916 2517 3978 aﬂ'crt,
2559 3916 2843 3984 dicitque:
2880 3933 2898 3966 ι
2934 3913 3097 3967 Mittit
3146 3912 3416 3983 quispiam
3472 3910 3641 3965 ﬁlium

2065 4021 2161 4066 aut
2214 4026 2456 4072 servum,
2485 4012 2567 4064 vel
2601 4008 2802 4063 aliquid
2840 4007 3006 4069 aiiud,
3040 4006 3108 4060 ab
3157 4007 3264 4060 alio
3313 4005 3443 4059 illud
3500 4004 3645 4059 acci-

2067 4105 2244 4174 piens,
2277 4106 2394 4159 sive
2436 4117 2501 4157 ex
2525 4101 2708 4171 seipso
2731 4102 2962 4167 habens,
3000 4121 3018 4152 ι
3062 4115 3187 4153 cum
3234 4099 3300 4153 ad
3338 4100 3450 4168 jam
3471 4096 3646 4152 dictas

2067 4197 2376 4250 divinarum
2424 4208 2780 4264 personarum
2826 4191 3117 4265 missiones
3174 4188 3494 4258 respiciens,
3530 4187 3649 4242 hmo

2067 4296 2342 4358 aggregat,
2385 4285 2452 4339 ad
2479 4285 2754 4352 quodnam
2805 4299 2870 4337 ex
2915 4282 3002 4336 his
3038 4290 3276 4335 mentem
3330 4280 3647 4347 intendens,

2069 4378 2265 4433 similia
2295 4377 2608 4446 complicat,
2655 4376 2970 4430 discernere
3008 4388 3113 4426 non
3159 4373 3335 4427 valeo.
3371 4372 3450 4425 Ad
3478 4385 3649 4426 unum

2071 4469 2216 4523 enim
2253 4468 2506 4537 idemque
2545 4465 2912 4536 respiciendo,
2942 4464 3046 4519 ista
3081 4463 3301 4517 videtur
3323 4476 3647 4531 congerere.

399 4532 583 4613 δοῦλον
617 4557 650 4625 ἡ
682 4573 733 4608 τι
782 4554 972 4622 ἓτερον
1015 4552 1149 4620 παρ’
1172 4549 1334 4606 ἄλλου
1350 4550 1516 4603 τοῦτο
1543 4549 1746 4615 λαϐὼν.
1780 4551 1817 4620 ἢ
1869 4549 1957 4602 καὶ

2071 4557 2129 4612 Si
2178 4558 2361 4627 itaque
2389 4532 2456 4612 ad
2505 4532 2738 4619 Patrem,
2771 4570 2998 4609 suorum
3049 4554 3322 4609 dictorum
3382 4553 3644 4622 primum,

401 4652 565 4713 αὐτὸς
619 4640 777 4719 ἐχωνζ
818 4665 838 4698 ι
882 4644 1069 4715 ἐπειδὴ
1123 4644 1263 4714 πρὸς
1288 4646 1386 4706 τὰς
1440 4641 1833 4711 διειλημμένας
1862 4642 1970 4694 τῶν

402 4744 602 4797 θεῖκῶν
630 4739 940 4813 προσώπων
975 4737 1212 4806 πέμψεις
1235 4736 1458 4805 ἀφορῶν
1487 4734 1660 4788 ταῦτα
1708 4735 1968 4805 συνείρει,

321 4872 329 4877 -
403 4836 542 4906 πρὸς
566 4837 716 4886 ποῖον
737 4832 944 4885 τούτων
968 4826 1384 4894 ἀποτεινόμενος
1409 4826 1718 4887 ὲπιπλέκει,
1739 4829 1972 4897 συνορᾷν

402 4928 505 4980 οὐκ
553 4926 683 4995 ἔχω.
717 4925 859 4995 Πρὸς
886 4922 982 4976 ἕνα
1017 4920 1126 4990 γὰρ
1164 4920 1256 4972 καὶ
1304 4921 1399 4973 τὸν
1425 4920 1588 4972 αὑτὸν
1619 4921 1970 4982 ἀποϐλέπων,

400 5018 543 5071 οὕτω
565 5018 818 5085 φαίνεται
850 5012 1141 5076 συντιθείς.
1165 5013 1227 5066 El
1247 5012 1350 5082 μὲν
1375 5008 1471 5066 οὖν
1485 5013 1620 5079 πρὸς
1635 5013 1725 5066 τὸν
1748 5014 1970 5084 Πατέρα

399 5111 510 5166 τῶν
535 5108 699 5165 αὐτοῦ
728 5108 924 5176 λόγων,
969 5109 998 5161 ὀ
1035 5105 1135 5176 μὲν
1181 5105 1397 5174 πρῶτος
1431 5106 1527 5157 καὶ
1558 5105 1783 5169 διπλοῦς
1810 5124 1972 5175 μερι-

403 5205 562 5274 σμὸς,
593 5205 642 5257 εί
670 5202 846 5255 καὶτὸ
870 5199 1141 5272 ἁρμόττον
1170 5200 1347 5270 τηρεῖ,
1378 5198 1496 5252 ἀλλ’
1523 5197 1621 5267 οὐχ
1642 5199 1670 5249 ὁ
1695 5198 1967 5267 δεύτερος.

403 5298 468 5353 Τί
518 5299 628 5369 γὰρ
662 5295 691 5348 ὃ
738 5296 949 5363 πέμπει
983 5293 1170 5361 Πατὴρ
1217 5291 1348 5360 παρ’
1378 5290 1542 5344 ἄλλου
1571 5288 1732 5343 τοῦτο
1751 5288 1969 5355 λαϐὠνς

403 5393 514 5446 Οὐκ
536 5391 682 5444 ἐστιν
710 5388 1017 5441 ὁπώσποτε.
1053 5386 1115 5438 El
1151 5384 1209 5438 δὲ
1241 5384 1377 5454 πρὸς
1402 5384 1493 5436 τὸν
1518 5382 1646 5435 Υἱὸν
1669 5382 1975 5441 τάνάπαλιν

402 5483 806 5542 ἀναδείκνυται,
845 5480 939 5531 καὶ
968 5478 1086 5530 τῶν
1112 5475 1400 5546 μερισμῶν
1438 5477 1466 5528 ὁ
1499 5475 1598 5544 μὲν
1628 5473 1881 5541 δεύτερος
1914 5474 1974 5526 τὸ

404 5574 744 5643 κατάλληλον
764 5574 918 5641 φέρει
946 5569 1089 5624 κατὰ
1109 5571 1208 5640 τὴν
1230 5566 1325 5621 τοῦ
1346 5567 1762 5637 συντεθειμένου
1790 5564 1972 5630 δόξαν,

2070 4650 2381 4720 duplexque
2422 4648 2637 4712 divisio,
2678 4649 2804 4703 licet
2846 4647 3182 4702 conveniens
3225 4653 3440 4707 servat,
3482 4645 3548 4699 ab
3581 4659 3647 4697 eo

2072 4752 2251 4797 tamen
2299 4743 2599 4798 secundum
2652 4742 2811 4810 longe
2840 4747 2945 4794 est.
2982 4738 3129 4802 Quid
3184 4737 3329 4791 enim
3370 4745 3473 4800 est,
3503 4738 3649 4805 quod

2072 4835 2252 4889 mittat
2296 4834 2463 4889 Pater
2519 4836 2587 4888 ab
2647 4834 2756 4886 alio
2801 4834 2855 4886 id
2913 4831 3227 4901 accipiens?
3258 4831 3376 4885 Hoc
3435 4831 3649 4889 nullum

2073 4943 2301 4997 usquam
2354 4936 2483 4982 est:
2519 4924 2565 4980 si
2600 4925 2666 4979 ad
2711 4923 2928 4988 Filium,
2965 4922 3309 4978 contrarium
3340 4921 3652 4991 deprehen-

2075 5019 2243 5084 ditur,
2289 5027 2346 5072 et
2386 5016 2718 5073 divisionum
2776 5015 3018 5070 secunda
3065 5029 3177 5069 non
3239 5016 3538 5081 incongrue
3592 5024 3653 5064 se

2076 5111 2256 5167 habet.
2280 5111 2323 5164 si
2354 5119 2593 5163 mentem
2621 5108 2860 5163 auctoris
2890 5107 3153 5176 respicias
3176 5142 3191 5165 .
3223 5105 3398 5172 prima
3427 5117 3534 5156 una
3564 5101 3651 5154 sui

2075 5212 2247 5273 parte.
2285 5216 2408 5255 cum
2438 5200 2634 5270 duplex
2675 5200 2766 5264 sit,
2796 5200 2954 5270 longe
2998 5213 3028 5250 a
3064 5195 3343 5265 proposito
3369 5193 3652 5262 disiungi-

2083 5304 2189 5348 tur.
2207 5292 2390 5362 Neque
2406 5293 2547 5347 enim
2570 5292 2781 5360 uspiam
2796 5302 2880 5345 est
2900 5290 3088 5344 missio
3107 5286 3230 5340 Filii
3245 5286 3314 5340 ab
3335 5284 3650 5355 Unigcnito.

2083 5383 2291 5450 Quodsi
2319 5385 2442 5452 quis
2470 5384 2671 5438 dixerit
2707 5384 2774 5438 ad
2809 5382 3026 5436 Patrem
3054 5374 3277 5449 quidem
3300 5377 3507 5432 referre
3536 5375 3654 5445 pri-

2084 5492 2248 5541 mam,
2273 5477 2339 5531 ad
2366 5476 2563 5532 Filium
2585 5491 2716 5531 vero
2741 5475 3057 5537 secundam,
3085 5470 3354 5526 sermonis
3378 5467 3655 5540 positione

2084 5582 2148 5622 ea
2192 5580 2373 5636 neque
2401 5567 2679 5623 cohaerere
2706 5579 2885 5637 neque
2911 5576 3215 5633 congruere
3241 5558 3613 5615 constabilict.

290 5719 311 5741 ,
403 5669 434 5721 δ
468 5666 527 5721 δὲ
556 5665 772 5738 πρῶτος
803 5668 885 5718 ὲνὶ
911 5664 989 5736 τῷ
1045 5665 1201 5735 μέρει
1231 5660 1454 5724 διπλοῦς
1485 5658 1562 5715 ὣν
1593 5659 1970 5732 ἠλλοτρίωται.
2015 5660 2091 5715 Οὒ
2118 5661 2226 5731 γὰρ
2281 5662 2455 5732 δήπου
2503 5661 2709 5730 πέμψις
2772 5657 2903 5712 Υἱοῦ
2961 5657 3113 5724 παρά
3164 5645 3259 5709 τοῦ
3307 5653 3650 5722 Μονογενοῦς

409 5759 682 5828 οὐδαμῶς.
716 5758 779 5811 Ei
800 5758 858 5811 δὲ
881 5758 1104 5824 τις-ἐρεῖ
1126 5756 1264 5827 πρὸς
1284 5754 1378 5809 τὸν
1404 5755 1621 5823 Πατέρα
1647 5753 1746 5823 μὲν
1773 5754 1983 5824 ἀφορᾷν
2021 5754 2114 5808 τὸν
2138 5754 2372 5825 πρῶτον,
2400 5753 2535 5822 πρὸς
2595 5752 2683 5806 τὸν
2713 5752 2840 5805 Υίδν
2869 5750 2925 5802 δὲ
2951 5750 3042 5804 τθιν
3070 5748 3341 5832 δεύτερον,
3383 5746 3444 5800 τὸ
3466 5745 3646 5817 ἀσύμτ

408 5852 571 5913 σατον
601 5852 835 5914 inmani
858 5871 935 5909 σει
973 5856 1038 5921 τῇ
1069 5853 1159 5903 τεῦ
1194 5853 1355 5919 λόγου
1389 5850 1531 5904 Θέσει
1563 5852 1653 5904 καὶ
1678 5850 2071 5905 ἀγινάοτητον.
