4072 6408
480 361 614 425 ῙἫί)

1698 382 2016 441 GEORGII
2058 381 2517 447 METOCHITE

3555 402 3672 465 13m

546 476 631 530 l0.
687 477 1053 536 Nihilominus
1094 486 1242 538 hisce
1290 488 1569 554 neglertis,
1627 491 1692 544 ad
1747 490 1891 559 quod
1947 491 2031 560 qui

2218 499 2270 548 ι’.
2314 494 2503 565 Ὅμως
2539 498 2677 554 αὑτὰ
2714 503 3050 570 παριδόντες,
3112 507 3203 559 καὶ
3235 509 3368 578 πρὸς
3395 509 3422 562 ὃ
3449 528 3678 566 κατεπει-

472 566 670 619 similia
706 570 905 624 ell‘atur
937 578 1278 629 contendens
1313 579 1584 644 decertat,
1626 581 1766 634 illud
1804 583 2039 650 probare

474 653 681 720 volens,
728 674 905 728 neque
956 680 1017 715 ex
1072 664 1229 725 Filio,
1289 684 1464 736 neque
1500 685 1597 737 per
1653 671 1849 724 Filium
1914 688 2039 727 esse

471 744 757 813 Spiritum,
794 752 1036 806 animum
1072 754 1439 823 intcndentcs,
1480 761 1567 813 hic
1597 777 1813 830 quoque
1845 765 2040 817 adver-

472 850 567 888 sus
634 838 810 927 ipsu\m
868 843 1189 912 argumenta
1249 864 1400 902 more
1474 862 1661 904 nostro
1724 854 2035 921 conquisita

470 936 986 1011 apponemus..Cum
1012 937 1156 991 enim
1183 939 1427 1001 dixisset,
1469 961 1484 991 ι
1518 945 1586 997 ab
1617 944 1722 997 alio
1740 947 2036 1013 accipiens,

470 1028 556 1075 vel
591 1037 617 1074 a
653 1023 835 1093 seipso
866 1028 1094 1089 habens,
1132 1047 1150 1079 ι
1189 1032 1340 1086 hisce
1359 1043 1550 1087 contra
1581 1037 1853 1091 subinfert
1882 1056 1894 1091 :
1920 1057 1937 1089 ι
1974 1039 2038 1092 Ει

470 1114 692 1167 mittunt
726 1119 929 1172 solares
984 1121 1119 1174 radii
1145 1124 1210 1175 ad
1244 1138 1345 1177 nos
1375 1125 1578 1187 iumcu,
1614 1142 1643 1180 a
1681 1129 1795 1181 sole
1840 1145 2039 1200 nempe

470 1203 599 1258 illud
633 1205 917 1263 habentes.
956 1229 974 1260 ι
1010 1211 1139 1267 Haec
1181 1230 1347 1287 porro
1386 1218 1454 1271 ad
1502 1216 1699 1272 Filium
1737 1223 2038 1289 respicien-

468 1304 574 1348 tem
631 1298 838 1364 dicere,
901 1301 1003 1356 hac
1063 1303 1386 1361 induetione
1425 1325 1587 1377 quam
1637 1312 1692 1364 in
1726 1317 2033 1383 exemplum

467 1383 646 1451 aﬂ‘ert,
706 1390 879 1456 palam
917 1403 1022 1448 est.
1080 1394 1295 1449 Etenim
1351 1398 1394 1451 si
1442 1400 1694 1469 accipere
1731 1402 1924 1459 Filium
1970 1406 2037 1459 ah

465 1477 594 1540 alio,
649 1479 751 1533 hoc
782 1491 863 1536 est
916 1484 1100 1550 Patre,
1150 1487 1415 1556 Spiritum
1467 1503 1718 1547 sanctum
1755 1511 2032 1562 asserens,

468 1571 771 1625 secundum
809 1574 1116 1630 divinarum
1164 1580 1576 1650 Scripturarum
1630 1585 2037 1656 interpretatio-

466 1673 565 1713 nes
624 1674 914 1728 assereret,
950 1682 1069 1735 quae
1127 1671 1392 1740 quidquid
1437 1689 1501 1728 ex
1545 1675 1683 1730 Filio
1714 1687 1769 1732 et
1797 1694 1893 1747 per
1944 1679 2036 1733 Fi-

466 1748 599 1803 lium
640 1752 862 1818 dicitur,
928 1766 1040 1811 tum
1105 1761 1172 1814 de
1223 1760 1465 1819 increata
1522 1777 1576 1821 et
1629 1771 2033 1837 supernatnrali

466 1842 701 1910 Spiritus
730 1843 1033 1914 hypostasi,
1072 1859 1184 1905 tum
1225 1854 1292 1908 de
1322 1871 1505 1909 rerum
1551 1857 1761 1912 factura
1793 1870 1847 1913 et
1876 1877 2034 1915 crea-

465 1933 612 1989 tione
672 1936 741 1990 ad
796 1937 1013 1994 Patrem
1046 1945 1278 2012 primam
1306 1962 1548 2011 causam,
1598 1960 1654 2004 et
1687 1951 1948 2016 radicem,
1980 1966 2033 2010 et

463 2024 823 2095 principalem
889 2039 943 2085 et
978 2033 1292 2100 primariam
1357 2038 1625 2105 referunt,
1659 2056 1785 2094 cum
1817 2056 1871 2097 et
1904 2043 2034 2099 inde

464 2115 658 2171 Filum
693 2120 872 2187 ipsum
906 2123 1208 2179 subsistere
1247 2128 1321 2180 uti
1367 2128 1537 2183 Deum
1570 2147 1667 2201 par
1702 2132 1791 2195 sit,
1827 2144 1882 2188 et
1906 2146 2037 2189 ante

466 2210 663 2263 saecula
702 2212 975 2274 intonaut.
1008 2219 1310 2271 secundum
1345 2236 1476 2276 vero
1526 2224 1777 2279 ordinem
1836 2229 2033 2297 sempi-

467 2300 609 2353 terni
659 2302 1023 2372 hyposrascon
1082 2324 1422 2377 progressus,
1458 2323 1512 2368 et
1544 2316 1670 2369 inde
1702 2334 1764 2371 ex
1803 2331 2034 2387 utroque

462 2395 839 2459 connaturale,
875 2400 1244 2456 essentialiter
1262 2405 1553 2472 exsistere,
1588 2424 1653 2462 ex
1678 2409 1842 2465 Patre
1878 2429 2034 2468 nem-

463 2498 535 2551 pe
569 2499 663 2551 per
732 2485 925 2541 Filium
968 2493 1231 2559 tradunt;
1275 2497 1318 2551 si
1373 2499 1446 2552 ita
1510 2503 1912 2584 pronuntiaret,
1951 2521 2034 2559 na:

464 2572 555 2625 ille
614 2587 897 2647 praecepta:
949 2582 1111 2635 nobis
1173 2572 1582 2654 Scripturarutu
1644 2594 2032 2661 perquisitioni

463 2664 775 2723 inhaereret.
828 2667 1219 2728 Verumtamen
1291 2692 1412 2732 cum
1471 2690 1703 2736 conatus
1754 2699 1881 2738 suos
1926 2688 2034 2740 alio

461 2768 767 2825 ctinvertat,
796 2770 849 2815 et
881 2763 1030 2817 hisce
1052 2767 1363 2834 oppositum
1387 2769 1664 2827 insinuet:
1700 2792 1717 2824 ι
1754 2772 1821 2828 Et
1846 2776 2032 2843 mittit,

460 2849 558 2911 ait,
615 2847 955 2905 Paracletum
992 2854 1318 2924 Unigenitus
1355 2872 1641 2931 acceptum
1696 2866 1763 2919 ab
1789 2868 1916 2931 alio,
1945 2884 2037 2923 ue-

462 2955 569 3008 qne
598 2957 661 2994 ex
699 2941 840 3010 ipso,
876 2960 1051 3014 neque
1083 2963 1181 3015 per
1214 2949 1392 3017 ipsum
1424 2955 1828 3020 ersistentem,»
1866 2975 1896 3013 a
1927 2975 2033 3028 quo

463 3046 594 3083 vero
624 3035 822 3103 accipit
851 3035 1030 3101 Patre,
1070 3040 1188 3093 solo
1222 3034 1440 3112 nempe,
1481 3045 1744 3114 Spiritum
1779 3064 2030 3129 commu-

2145 583 2373 649 γόμενος
2394 588 2420 638 6
2453 587 2627 642 ταῦτα
2652 592 2848 657 φωνῶν
2877 593 3193 667 ἁμιλλᾶται,
3238 601 3492 669 συστῆσαι
3533 602 3679 659 θέλων

2147 672 2273 740 μήτ’
2305 674 2362 738 ἐξ
2390 674 2544 738 Υίοῦ,
2585 682 2722 746 μήτε
2752 680 2818 732 δι’
2848 681 2975 734 Υίοῦ
3008 668 3067 735 rb
3097 685 3319 755 Πνεῦμα
3356 668 3674 756 σκοποῦντες,

2143 763 2536 833 παραθήσομεν
2580 770 2861 825 κάνταῦθα
2900 774 3026 835 τοὺς
3061 775 3319 844 ἐλέγχους
3344 778 3462 831 ὅθέν
3489 780 3676 833 εἰώθει⁹

2146 867 2265 918 μεν,
2292 850 2474 906 Εἰπὼν
2501 854 2632 923 γὰρ,
2679 876 2698 908 ‹
2738 859 2865 928 παρ’
2921 860 3083 914 ἀλλου
3113 862 3313 926 λαϐὼν,
3339 864 3371 933 ἥ
3420 865 3512 916 καὶ
3538 866 3676 929 αὑτῆς

2140 939 2302 1007 ἔχων,
2356 960 2375 993 ›
2416 942 2685 1015 σύντροχα
2738 949 2952 1012 τούτοις
2997 952 3228 1019 ἐπάγει·
3266 971 3286 1004 ί
3320 955 3421 1007 Καὶ
3446 956 3683 1009 ἀποστέλ-

2140 1031 2321 1086 λουσιν
2350 1035 2407 1087 αί
2439 1037 2657 1101 ἀκτῖνες
2709 1039 2804 1093 τοῦ
2844 1040 2994 1111 ἡλίου
3045 1044 3239 1112 μέχρις
3289 1045 3444 1114 ἡμῶν
3472 1048 3530 1100 rb
3556 1048 3680 1116 φῶς,

2140 1128 2291 1195 παρὰ
2339 1125 2434 1179 τοῦ
2490 1128 2640 1196 ἡλίου
2701 1129 2946 1199 δηλονότι
2977 1133 3112 1186 αὑτὸ
3139 1134 3385 1205 ἔχουσαι.
3425 1155 3445 1188 ι
3483 1139 3597 1192 Ὅτι
3631 1142 3683 1193 δὲ

2138 1218 2274 1284 προς
2293 1217 2382 1268 τὸν
2408 1217 2532 1271 Υίδν
2557 1223 2845 1291 ἀναφέρων
2871 1223 3046 1278 ταῦτά
3071 1243 3255 1296 φησιν,
3284 1227 3349 1280 ὲκ
3369 1229 3468 1297 τῆς
3488 1231 3684 1297 ἐπαγω-

2137 1310 2239 1376 γῆς
2268 1312 2425 1379 τῆσδε
2454 1310 2614 1380 δῆλόν
2650 1314 2767 1367 ἑστι
2800 1315 3002 1384 μᾶλλον
3028 1317 3130 1387 τῆς
3166 1317 3680 1391 Μραδειγματικῆς.

2139 1400 2199 1450 El
2234 1399 2415 1467 μέντοι
2465 1402 2525 1454 rb
2559 1402 2745 1456 λαϐεῖν
2779 1404 2869 1456 τὸν
2904 1405 3034 1459 Υίὸν
3082 1407 3217 1479 παρ’
3242 1409 3425 1473 ἄλλου,
3457 1414 3678 1465 τουτέστι

2136 1491 2229 1543 τοῦ
2258 1494 2487 1561 Πατρδς,
2512 1495 2732 1563 Πνεῦμα
2755 1497 2816 1550 rb
2843 1497 2986 1551 θεῖον
3007 1498 3205 1565 λέγων,
3229 1502 3370 1554 κατὰ
3396 1503 3488 1566 τὰς
3505 1502 3683 1571 ἐκφανι

2136 1584 2318 1651 τορία;
2361 1585 2593 1653 Γραφῶν
2617 1585 2725 1638 τῶν
2757 1588 2919 1640 θείων
2976 1590 3191 1659 ἑωρᾶτο
3228 1593 3473 1657 φάσκων,
3507 1594 3559 1646 αἳ
3588 1596 3679 1647 πᾶν

2137 1674 2165 1726 ὃ
2205 1691 2257 1726 τι
2286 1692 2393 1745 περ
2418 1676 2476 1739 ἐξ
2512 1676 2641 1729 Υίοῦ
2673 1677 2770 1731 καὶ
2805 1679 2875 1731 δι’
2907 1680 3036 1734 Υἱοῦ
3065 1682 3362 1751 λεγόμενον
3407 1684 3495 1737 ἐπί
3520 1701 3574 1736 τε
3594 1684 3680 1752 τῆς

2139 1767 2391 1821 ἀκτίστου
2418 1770 2511 1820 καὶ
2530 1769 2846 1839 ὑπερφυοῦς
2876 1772 2970 1825 τοῦ
2994 1773 3313 1841 Πνεὺματος
3337 1775 3681 1839 ὑποστάσεως,

2138 1856 2230 1910 ἐπί
2262 1862 2451 1933 τετῆς
2483 1861 2590 1914 τῶν
2613 1862 2784 1916 όντων
2836 1863 3202 1933 δημιουργίας
3234 1866 3331 1918 καὶ
3374 1866 3587 1928 κτίσεως
3614 1869 3683 1929 είς

2136 1951 2237 2017 τὴν
2290 1932 2514 2022 πρωτην
2548 1954 2728 2006 αἰτίαν
2764 1954 2856 2007 τὸν
2886 1932 3110 2025 Πατέρα
3135 1958 3236 2009 καὶ
3276 1956 3375 2028 τὴν
3403 1958 3570 2028 ῥίζαν,
3600 1961 3687 2011 καὶ

2137 2040 2198 2093 rb
2249 2044 2477 2113 ἀρχικὸν
2537 2045 2730 2110 αἴτιον,
2772 2051 2868 2100 καὶ
2923 2047 2986 2100 rb
3036 2049 3509 2119 προκαταρκτικὸν
3531 2049 3687 2103 αίτιον

2138 2134 2521 2204 ἀναφέρουσιν,
2555 2136 2677 2188 ἐπεὶ
2707 2137 2802 2191 καὶ
2830 2136 2960 2190 αὑτὸ
3013 2139 3074 2190 rb
3101 2138 3197 2191 τὸν
3252 2139 3380 2193 Υίδν
3414 2139 3685 2205 ὑφεστάναι

2138 2223 2458 2291 θεοπρεπῶς
2480 2226 2687 2280 ἐκεῖθεν
2715 2229 2810 2280 καὶ
2840 2231 3189 2297 προαιωνίως
3218 2230 3683 2301 ἀνακηρύττουσιν,

2138 2316 2279 2369 κατὰ
2307 2317 2363 2369 δὲ
2388 2318 2488 2385 τὴν
2519 2318 2673 2385 τάξιν
2701 2319 2801 2388 τῆς
2834 2320 3004 2374 ἀϊδίου
3051 2322 3289 2392 προόδου
3338 2324 3443 2377 τῶν
3468 2325 3684 2376 ὑποστά-

2140 2423 2298 2469 σεων,
2350 2409 2444 2460 καὶ
2472 2408 2571 2476 τὴν
2620 2410 2868 2462 ἐντεῦθεν
2894 2411 3074 2464 αὑτῶν
3101 2415 3386 2481 συμφυΐαν
3412 2413 3470 2478 ἐξ
3504 2415 3686 2483 ἀμφοῖν

2136 2497 2408 2560 οὑσιωδὼς
2440 2499 2727 2570 ὑπάρχειν,
2788 2501 2956 2571 ἤγουν
3008 2504 3072 2555 ὲκ
3125 2505 3342 2575 Πατρός
3366 2506 3432 2559 δι’
3472 2506 3591 2559 Υίοῦ
3634 2507 3685 2559 rb

2137 2591 2363 2661 Πνεῦμα
2387 2593 2776 2663 παραδιδόασιν
2795 2611 2808 2627 ·
2831 2597 2880 2647 εἰ
2900 2595 3041 2649 οὑτω
3064 2597 3403 2666 διαγγέλλων
3423 2601 3682 2669 ἐτύγχανε,

2135 2673 2234 2753 τῆς
2258 2684 2650 2753 ὲντεταλμένης
2681 2687 2963 2755 γραφικῆς
3003 2688 3235 2757 ἐρεύνης
3282 2689 3399 2752 ὅλος
3432 2688 3495 2761 ἦν
3523 2692 3681 2759 ἐξεχό-

2140 2791 2317 2841 μενος.
2362 2776 2512 2828 Ἐπεὶ
2547 2777 2604 2829 δὲ
2627 2776 2687 2829 rb
2718 2778 3157 2844 σπουδαζόμενοὺ
3202 2782 3345 2835 κατά
3371 2800 3431 2849 γε
3459 2784 3515 2834 τὸ
3539 2785 3679 2835 ἐναν-

2133 2866 2267 2931 τίον,
2307 2884 2325 2917 σ
2360 2868 2466 2920 Καὶ
2519 2867 2751 2935 πέμπει,
2799 2888 2818 2921 ι
2879 2872 3037 2938 φησὶ,
3104 2890 3124 2923 ι
3161 2876 3252 2926 τὸν
3302 2875 3684 2944 Παράκλητονὺ

2135 2959 2446 3027 Μονογενὴς
2490 2962 2623 3031 παρ’
2652 2960 2813 3015 ἄλλον
2845 2961 3047 3023 λαϐὼν,
3080 2963 3212 3032 μήτ’
3262 2964 3322 3030 ἐξ
3350 2964 3531 3030 αὑτοῦ,
3561 2964 3683 3033 μήτε

2135 3049 2202 3102 δι’
2230 3050 2393 3103 αὑτοῦ
2420 3051 2632 3114 ὑντα,,ι
2670 3054 2802 3123 παρ’
2849 3046 2910 3107 οὗ
2941 3053 2997 3106 δὲ
3028 3054 3300 3123 λαμϐάνει
3352 3057 3445 3109 τοῦ
3493 3056 3682 3125 Πατρὸς

467 3137 591 3176 nem
616 3139 738 3179 esse
762 3135 816 3179 et
836 3129 1115 3198 proprium
1136 3131 1215 3185 uti
1240 3131 1416 3189 Patris
1447 3135 1519 3189 ita
1539 3147 1593 3191 et
1622 3138 1767 3205 Filii,
1799 3156 2031 3210 quorum

2141 3142 2326 3210 μόνον,
2365 3142 2426 3196 rb
2454 3144 2551 3210 μὲν
2578 3143 2756 3197 κοινὸν
2789 3141 2927 3197 εἶναι
2956 3147 3051 3197 καὶ
3080 3145 3214 3198 ἴδιον
3244 3147 3321 3209 ὡς
3344 3146 3436 3199 τοῦ
3466 3147 3681 3215 Πατρδς,

468 3217 847 3285 acceptioncm
885 3231 938 3274 ct
970 3224 1391 3291 caplicalionem
1428 3242 1590 3297 supra
1626 3230 1785 3284 allata
1809 3231 2032 3288 Patrum

468 3309 612 3365 dicta
637 3315 1011 3379 manil’estant,
1034 3319 1208 3372 modis
1230 3321 1486 3377 omnibus
1513 3325 1736 3396 relegat,
1765 3331 2034 3385 utservile

469 3403 835 3457 ministerium
868 3408 1142 3475 complere
1173 3408 1369 3465 Filium
1404 3428 1629 3470 necesse
1665 3418 1755 3483 sit,
1794 3429 1848 3474 et
1898 3421 2031 3476 alic-

464 3509 596 3547 num
660 3495 728 3549 ab
781 3496 902 3566 ipso
959 3499 1227 3568 Spiritum
1291 3519 1436 3569 esse,
1500 3523 1731 3575 quorum
1789 3512 2032 3581 ineptum

461 3599 626 3652 aulue
682 3589 980 3645 absurdum
1038 3593 1244 3648 dictum
1289 3597 1432 3651 dicta
1495 3599 1783 3657 doctorum
1844 3616 2033 3675 aperte

462 3679 821 3749 redarguunt,
874 3683 1052 3752 palam
1104 3689 1453 3756 comprobat,
1514 3704 1569 3746 et
1624 3694 1711 3748 vix
1765 3694 2030 3765 Spiritum

460 3784 585 3824 esse
615 3769 754 3823 Filio
783 3773 1060 3838 concedit,
1097 3775 1228 3830 dum
1262 3779 1359 3842 ait,
1398 3798 1417 3831 ι
1452 3790 1549 3835 aut
1578 3783 1694 3852 ipse
1737 3785 1967 3852 habens,
2005 3807 2024 3838 ι

463 3877 575 3915 non
627 3880 781 3930 aequa
848 3874 1031 3922 tamen
1091 3868 1325 3933 ratione,
1386 3874 1481 3927 sed
1524 3875 1742 3932 diverso
1805 3883 2032 3937 morloa

460 3952 645 4020 Patre,
682 3954 815 4011 illud
852 3977 871 4009 ι
908 3975 971 4012 ex
1012 3958 1148 4014 Filio
1190 3980 1209 4013 ι
1245 3973 1297 4017 et
1337 3982 1356 4015 ι
1400 3981 1497 4034 per
1518 3966 1716 4023 Filium
1749 3988 1768 4021 ›
1807 3972 2033 4030 omnino

460 4049 785 4112 amandans,
813 4060 872 4105 ut
908 4051 1210 4122 ineptiebat
1237 4056 1522 4115 Nestorius
1557 4061 1725 4117 Deum
1761 4076 1816 4119 et
1849 4067 2032 4122 homi-

461 4155 585 4195 nem
615 4152 809 4196 natura
840 4143 1102 4209 Verbum,
1126 4148 1387 4227 deiterum
1422 4152 1697 4210 hominem
1725 4159 2028 4227 appellans,

459 4232 619 4301 cujus
644 4248 860 4303 quoque
890 4236 1015 4290 ﬁdei
1042 4225 1358 4308 Symbolum
1407 4246 1641 4312 propriae
1668 4225 1834 4302 sectae
1872 4225 2031 4321 rcpe;

463 4325 602 4377 ritur
660 4326 728 4378 ab
764 4327 957 4381 codem
1005 4331 1286 4389 traditum.
1351 4346 1412 4388 ut
1438 4337 1692 4391 cdicatur
1723 4340 1790 4394 ab
1840 4342 1906 4394 iis
1935 4342 2029 4411 qui

464 4413 530 4467 ad
566 4429 781 4469 sacrum
838 4417 1112 4474 lavacrum
1160 4422 1450 4487 accedunt,
1490 4444 1507 4476 r
1542 4442 1721 4498 neque
1766 4446 1831 4483 ex
1869 4429 2025 4492 Filio,

464 4521 643 4575 neque
695 4524 792 4575 per
853 4508 1075 4577 Filium,
1123 4530 1140 4562 ι
1181 4528 1381 4569 sonore
1442 4518 1709 4583 clamans,
1761 4523 2027 4577 adversus

463 4610 623 4663 quem
654 4599 994 4653 contendens
1027 4616 1056 4653 a
1092 4600 1202 4656 Deo
1243 4603 1580 4674 gloriﬁcatus
1611 4609 2026 4679 Cyrillushdum

461 4702 528 4739 ex
558 4685 697 4743 Filio
750 4688 1017 4760 Spiritum
1070 4695 1350 4762 profundi,
1403 4710 1632 4765 etesse,
1675 4711 1728 4756 et
1763 4705 2029 4761 exsistere

459 4776 721 4844 disputat,
755 4780 930 4849 palam
972 4792 1269 4853 aperteque
1298 4786 1589 4853 subinfert,
1629 4808 1647 4840 ι
1692 4791 1882 4845 eadem
1915 4793 2028 4862 ipsa

458 4869 692 4931 ratione,
724 4886 829 4939 qua
864 4888 891 4924 a
922 4873 1033 4928 Deo
1071 4885 1125 4928 et
1154 4875 1335 4932 Patre.
1376 4898 1396 4931 ι
1435 4878 1544 4934 Sed
1588 4882 1849 4952 neglectis
1876 4885 2030 4941 hisce

457 4974 579 5028 qua:
597 4959 831 5015 fusiores
859 4978 1142 5020 sermones
1177 4978 1504 5036 exposcunt,
1534 4969 1601 5024 ad
1630 4973 2027 5029 concedentem

458 5065 629 5113 nunc,
677 5069 697 5102 ι
735 5052 1000 5122 Spiritum
1030 5056 1194 5111 etiam
1214 5073 1243 5110 a
1274 5057 1412 5111 Filio
1442 5059 1651 5124 haberi,
1683 5063 1777 5116 sed
1811 5065 2027 5118 diversa

460 5145 673 5198 ratione
725 5160 756 5198 a
792 5144 973 5210 Patre,
1013 5165 1032 5197 ι
1071 5163 1136 5203 er
1197 5149 1467 5217 proxime,
1517 5160 1573 5206 ut
1624 5154 1885 5219 diximus,
1935 5171 2029 5211 su-

461 5248 668 5303 praque
707 5233 969 5305 appositis
1026 5237 1188 5293 dictis
1221 5239 1542 5311 theologicis
1576 5259 1745 5313 pauca
1780 5246 2027 5315 quaedam

459 5324 514 5378 in
579 5327 892 5380 memoriam
953 5329 1292 5396 redigantur,
1357 5348 1478 5401 quae
1526 5336 1685 5403 plane
1751 5337 2023 5393 clamant:

465 5434 485 5466 ι
531 5415 627 5471 Dei
661 5426 716 5471 et
747 5418 922 5473 Patris
956 5422 1288 5475 naturalium
1344 5424 1614 5478 bonorum
1663 5428 2028 5481 essentialiter

392 5560 395 5563 λ
458 5509 731 5563 exsistens
764 5508 934 5564 Filius
970 5513 1262 5582 particeps,
1327 5516 1492 5569 habet
1523 5517 1785 5585 Spiritum
1814 5535 1878 5571 eo
1910 5518 2028 5586 ipso

461 5603 646 5668 modo,
683 5620 790 5672 quo
841 5606 1162 5675 intelligitur
1221 5607 1382 5662 Pater
1438 5610 1660 5663 habere.
1701 5630 1717 5661 ι
1758 5610 2025 5665 Praeterea

460 5697 754 5766 mystagogi
812 5698 903 5765 qui
953 5700 1071 5753 bazc
1097 5702 1348 5768 explanat
1377 5720 1437 5754 ex
1477 5701 1544 5755 iis
1581 5719 1702 5769 quae
1752 5719 1913 5772 supra
1946 5714 2028 5755 at-

462 5783 705 5851 tulimus,
769 5805 934 5846 unum
999 5800 1126 5846 tunc
1186 5796 1517 5857 praeteritum
1579 5796 1819 5855 silrntio,
1880 5812 2025 5848 nunc

2137 3232 2279 3285 οὑτω
2308 3235 2403 3286 καὶ
2449 3235 2542 3286 τοῦ
2600 3235 2730 3288 Υίοῦ
2773 3238 2833 3287 rb
2883 3236 3127 3305 Πνεῦμα,
3162 3234 3239 3292 ὧν
3269 3238 3366 3309 τὴν
3398 3239 3553 3308 λῆψιν
3598 3239 3681 3290 καὶ

2136 3324 2502 3392 διευκρίνησιν
2536 3327 2590 3379 αί
2641 3327 2897 3396 ἀνωτέρω
2948 3327 3268 3396 τεθειμέναι
3311 3329 3562 3399 πατρικαὶ
3594 3328 3681 3397 ρή-

2139 3433 2252 3479 σεις
2289 3415 2660 3486 διατρανοῦσι,
2705 3417 3053 3471 παντάπασιν
3081 3420 3394 3482 ἀπελαύνει,
3427 3421 3487 3471 rb
3504 3420 3556 3471 δὲ
3580 3420 3680 3471 διαο
3716 3430 3723 3435 ’

2135 3507 2368 3578 κονικὴνΔ
2404 3508 2759 3575 ἀποπληροῦν
2787 3510 2878 3561 τὸν
2915 3508 3042 3562 Υίδν
3074 3512 3288 3578 χρείαν,
3330 3512 3420 3564 καὶ
3452 3510 3509 3562 rb
3540 3507 3680 3563 ἀλλό-

2134 3614 2284 3669 τριον
2316 3598 2483 3652 αὑτοῦ
2502 3599 2564 3651 rb
2600 3599 2823 3668 Πνεῦμα
2856 3601 3213 3664 καθεστάναι,
3236 3595 3311 3655 ὧν
3350 3602 3445 3673 τὴν
3473 3602 3678 3656 ἀτοπίαν

2134 3691 2214 3750 εἰς
2242 3689 2460 3762 ἔλεγχον
2491 3692 2547 3744 αί
2576 3692 2739 3744 αὑταὶ
2764 3691 3143 3746 διδασκαλικαὶ
3184 3693 3474 3765 φανεροῦσι
3505 3695 3678 3762 θεηγο-

2137 3782 2272 3854 ρίαι,
2301 3783 2615 3854 συνίστησιν
2644 3783 2914 3854 ἐναργῶς,
2956 3785 3111 3853 μόλις
3141 3786 3188 3838 δ’
3214 3787 3359 3858 ἔχειν
3390 3788 3447 3840 rb
3478 3787 3675 3855 Πνεῦμα

2134 3877 2229 3928 καὶ
2254 3874 2345 3927 τδν
2365 3875 2495 3929 Υίδν
2526 3878 2802 3948 συγχωρεῖ
2825 3875 3022 3943 λέγων,
3064 3895 3083 3930 ι
3109 3877 3143 3948 ἢ
3177 3879 3274 3931 καὶ
3303 3879 3461 3940 αὑτὸς
3486 3877 3609 3946 ἔχων
3629 3895 3670 3928 ·ι

2135 3967 2274 4038 πλὴν
2292 3967 2389 4039 οὐχ
2421 3968 2644 4036 ὁμοίως,
2671 3967 2805 4021 ἀλλά
2834 3969 2932 4021 καὶ
2960 3966 3104 4021 οὕτω
3129 3969 3209 4040 τῷ
3237 3970 3409 4040 Πατρὶ
3435 3968 3675 4038 ἀνομοίως

2130 4060 2192 4112 rb
2220 4059 2278 4123 ἐξ
2305 4059 2436 4112 Υίοῦ
2465 4059 2560 4114 καὶ
2584 4058 2652 4111 δι’
2676 4059 2810 4112 Υίοῦ
2835 4060 3071 4127 πάμπαν
3095 4060 3504 4133 ἀπορῤαπίζων.
3527 4058 3675 4112 κιθά-

2133 4168 2238 4220 περ
2269 4149 2529 4221 ὲληρώδει
2560 4151 2878 4221 Νεστόριος,
2904 4150 2994 4204 τδν
3022 4151 3187 4219 φύσει
3229 4152 3560 4223 θεὰνθρωπον
3586 4149 3675 4202 A6-

2131 4258 2227 4307 γον
2262 4242 2520 4311 θεοφόρον
2551 4240 2839 4310 ἄνθρωπον
2867 4241 3170 4311 ὀνομάζων,
3198 4234 3261 4295 οὗ
3298 4244 3390 4295 καὶ
3426 4240 3674 4309 Σύμϐολον

2131 4332 2355 4402 εὕρηται
2407 4333 2642 4395 πίστεως
2672 4333 2788 4394 τοῖς
2827 4332 2927 4401 τῆς
2985 4333 3194 4396 οίκείας
3228 4334 3530 4404 συμμορίας
3556 4331 3674 4401 πρὸς

2130 4422 2321 4475 τούτου
2352 4423 2790 4493 παραδεδομένον
2823 4423 3117 4492 κηρύττειν
3142 4423 3202 4476 ὲν
3226 4423 3304 4493 τῷ
3328 4425 3434 4477 τῶν
3466 4436 3675 4489 προσερ-

2065 4515 2106 4569 D
2135 4515 2378 4584 χομένων
2402 4514 2758 4583 βαπτίσματι,
2795 4531 2815 4564 ι
2856 4515 2993 4583 μήτε
3014 4511 3075 4577 ἐξ
3100 4513 3256 4575 Υίοῦ,
3275 4517 3409 4584 μήτε
3437 4514 3499 4566 δι’
3520 4514 3631 4565 Υίοῦ
3654 4528 3666 4543 ’

2133 4607 2398 4675 διατόρως
2440 4604 2796 4675 ἀναφωνοῦνο
2844 4604 2982 4674 πρὸς
3032 4603 3092 4656 δν
3145 4606 3243 4658 καὶ
3295 4608 3323 4658 6
3357 4603 3672 4667 θεοδὸξαπος

2132 4699 2545 4767 ἀποτεινόμενος
2580 4695 2866 4766 Κύριλλος,
2898 4698 2957 4748 ἐν
3001 4692 3081 4760 οἷς
3114 4695 3175 4760 ἐξ
3218 4696 3347 4749 Υίοῦ
3377 4698 3433 4748 rb
3472 4696 3670 4759 Πνεῦμα

2131 4791 2435 4861 προχεῖται,
2460 4792 2554 4842 καὶ
2581 4788 2718 4852 ἐστι,
2741 4790 2834 4840 καὶ
2861 4789 3098 4858 ὑπάρχει
3125 4789 3381 4855 θεολογεῖ,
3403 4784 3669 4882 διαρρηόην

2134 4881 2342 4951 συχνῶς
2371 4882 2642 4951 ἐπιφέρει,
2694 4898 2713 4930 ε
2754 4879 3008 4949 καθάπερ
3034 4879 3225 4948 ἀμέλει
3250 4879 3395 4947 παρά
3431 4876 3520 4930 τοῦ
3551 4876 3667 4927 Θεοῦ

2132 4975 2227 5027 καὶ
2285 4974 2514 5043 Πατρός.
2580 4991 2598 5024 ι
2662 4969 2827 5024 Ἀλλά
2895 4971 3101 5024 τούτων
3155 4972 3413 5039 ἀφέμενοι
3455 4968 3668 5025 πλάτους

2129 5065 2529 5135 ὑποιουδήτινος
2560 5063 2852 5132 δεομένων,
2886 5063 3022 5132 πρὸς
3047 5062 3138 5115 τὸν
3160 5062 3368 5114 διδόντα
3400 5061 3488 5114 νῦν
3508 5099 3523 5124 ,
3562 5076 3579 5109 ι
3619 5056 3667 5109 τὸ

2130 5155 2356 5226 Πνεῦμα
2387 5156 2481 5209 καὶ
2508 5156 2598 5208 τὸν
2626 5154 2751 5206 Υἰὸν
2782 5153 2955 5222 ἔχειν,
2993 5154 3190 5223 ἥκιστα
3226 5152 3283 5205 δέ
3318 5168 3379 5219 γε
3407 5151 3478 5213 ὡς
3512 5152 3537 5201 6
3568 5148 3665 5200 Πα-

2130 5248 2260 5317 τὴρ,
2293 5267 2310 5298 ι
2339 5248 2402 5299 ἐκ
2439 5248 2547 5299 τῶν
2578 5239 2653 5299 ὧν
2701 5244 2866 5312 ἐγγὺς
2894 5244 3128 5313 ἔφημεν,
3189 5241 3444 5310 ἀνωτέρω
3470 5238 3666 5307 τεθῆναι

2130 5341 2378 5419 χρήσεων
2411 5336 2733 5406 θεολογικῶν
2770 5336 2977 5407 βραχέα
3016 5335 3136 5388 τινὰ
3177 5329 3664 5429 παρατιθέαμεῖείξ

2131 5404 2457 5500 ἀνάμνησιν,
2488 5404 2622 5482 ἅττα
2659 5404 2854 5497 βοῶσιν
2880 5404 3226 5495 αὐτόχρημα,
3256 5444 3274 5477 ι
3300 5426 3342 5476 Τ
3345 5425 3418 5476 ὠν
3438 5422 3524 5475 τοῦ
3546 5418 3663 5473 Θέοῦ

2132 5525 2224 5575 καὶ
2255 5524 2465 5592 Πατρὸς
2503 5520 2751 5589 φυσικῶν
2782 5518 3004 5587 ἀγαθῶν
3052 5517 3597 5614 οὑσιωδῶς.ὑπάρχων
3626 5510 3664 5614 ,ὁ

2135 5613 2259 5675 Tib;
2290 5612 2563 5674 κοινωνὸς,
2595 5610 2706 5680 ἕχει
2735 5614 2795 5662 rb
2833 5608 3056 5677 Πνεῦμα
3080 5608 3221 5661 κατὰ
3254 5605 3435 5659 τοῦτον
3556 5603 3664 5697 196:-

2133 5721 2253 5768 πον,
2309 5701 2429 5756 καθ’
2477 5703 2537 5756 ὃν
2568 5702 2633 5755 ἂν
2663 5705 2834 5753 νοοῖτο
2866 5703 2958 5753 καὶ
2981 5702 3008 5752 6
3043 5699 3252 5767 Πατήρ.
3282 5716 3301 5749 ι
3360 5697 3473 5749 Ἔτι
3498 5693 3548 5745 δὲ
3580 5693 3660 5740 τοῦ

2132 5794 2301 5849 ταῦτα
2325 5794 2709 5864 διασαφοῦντος
2746 5790 3104 5863 μυσταγωγοῦ
3139 5791 3200 5844 ἐκ
3232 5790 3334 5844 τῶν
3362 5783 3432 5843 ὧν
3459 5779 3656 5853 παρελί-
