4072 6404
417 439 549 505 1341

1402 444 1704 507 CONTRA
1741 447 2171 510 MANUELEM
2208 449 2681 511 CRE‘I‘ENSEM.

3536 440 3674 506 1342

413 570 591 623 πομεν
629 554 687 606 ιν
716 554 945 625 κρήσεσι
972 556 1094 619 ταῖς
1110 556 1487 627 δηλωθείσαις,
1527 561 1658 630 μίαν
1691 563 1788 616 καὶ
1817 563 1974 629 τήνδε

2092 566 2414 629 inseramus,
2468 563 2653 618 verbis
2711 560 2865 615 hisce
2923 559 3235 615 dictatum:
3280 578 3297 610 ι
3327 557 3599 614 Liberans
3642 573 3673 610 a

416 642 813 713 παρενείρομεν
839 645 1055 715 χρῆσιν,
1086 644 1228 699 οὔτω
1262 645 1642 719 φθεγγομένην
1668 649 1948 716 αὐτολεξεί
1968 668 1982 683 ·

420 755 438 786 ι
484 734 757 789 ’Δπολύων
794 738 1072 808 ἁμαρτίας
1119 740 1211 793 τὸν
1240 740 1389 810 αὐτῷ
1444 744 1866 812 προσκείμενον,
1909 742 1987 813 τῷ

421 829 536 898 ἰδίῳ
572 828 755 883 λοιπὸν
802 832 1085 901 καταχρίει
1133 834 1433 904 Πνεῦματι,
1479 837 1620 904 ὅπερ
1658 838 1831 904 ἐνίησι
1887 838 1987 905 μὲν

416 922 576 982 αὐτὸς
598 921 672 985 ὡς
696 923 758 974 ὲκ
789 922 925 976 Θεοῦ
957 927 1171 995 [ἰατρὸς
1219 927 1415 994 Λόγος,
1442 928 1536 980 καὶ
1569 929 1627 994 ἐξ
1670 930 1806 993 ἰδίας
1851 932 1988 1000 ἡμῖν

417 1015 763 1084 ἀναπηγάζει
812 1015 1046 1083 φύσεως.
1101 1038 1121 1071 ι
1175 1020 1287 1091 Τὴν
1306 1020 1448 1074 οὕτω
1478 1021 1532 1074 δὲ
1567 1024 1988 1092 κηρυσσομένην

421 1106 698 1173 θεολογίαν
729 1110 822 1160 τὸν
864 1110 1277 1179 ἀπαρνούμενον
1305 1112 1365 1164 οὐ
1400 1113 1560 1179 μόνον
1582 1114 1658 1175 είς
1690 1113 1781 1169 τὸν
1816 1116 1991 1167 Moveo

421 1201 554 1266 γενῆ
588 1197 977 1267 δυσφημοῦντα
1009 1200 1277 1253 δείκνυσιν
1306 1205 1331 1254 ὁ
1358 1203 1519 1266 αὐτὸς
1543 1203 1827 1274 Θεηγόρος,
1854 1206 1988 1258 ἀλλὰ

418 1290 517 1351 τὰς
540 1289 711 1352 αὑτὰς
739 1292 832 1343 καὶ
849 1290 925 1359 τῷ
951 1291 1226 1361 Πνεύματι
1248 1294 1559 1363 δυσφημίας
1582 1296 1986 1363 προσάπτοντα.

421 1383 513 1436 Εἰς
534 1383 641 1450 γὰρ
660 1382 744 1443 τὸ,
769 1400 788 1432 ι
825 1383 1059 1448 Ἐκεῖνος
1082 1385 1390 1454 ὑπομνήσει
1417 1386 1561 1454 ὑμᾶς
1589 1386 1623 1441 ἂ
1644 1383 1796 1439 εἷπον
1820 1388 1983 1455 syth.)

418 1472 563 1525 οὕτω
586 1474 783 1543 φησίν
814 1493 833 1525 ι
871 1475 1081 1527 Οὐκοῦν
1116 1476 1190 1538 ὡς
1227 1477 1364 1538 εἰδδς
1394 1478 1461 1529 τὰ
1501 1479 1558 1529 ὲν
1588 1482 1653 1548 τῇ
1699 1479 1861 1548 βουλῇ
1896 1481 1988 1533 τοῦ

417 1564 757 1631 Μονογενοῦς
775 1566 948 1619 πάντα
969 1567 1098 1636 ὑμῖν
1130 1568 1420 1636 ἀναγγελεῖ
1446 1569 1505 1621 τὸ
1536 1570 1780 1639 Πνεῦμα,
1803 1572 1903 1624 οὐκ
1929 1576 1993 1624 ἐκ

420 1658 709 1725 μαθήσεως
732 1658 858 1726 ἔχον
876 1658 972 1727 τὴν
998 1659 1224 1729 εἴδησιν,
1255 1661 1340 1713 ἵνα
1366 1660 1440 1732 μὴ
1460 1662 1714 1731 φαίνηται
1737 1664 1989 1717 διακόνου

414 1749 568 1814 τάξιν
596 1749 971 1819 ἀποπληροῦν,
1006 1751 1119 1803 ἀλλ’
1145 1750 1219 1813 ὡς
1253 1752 1478 1819 Πνεῦμα
1503 1753 1693 1815 αὐτοῦ,
1723 1756 1817 1805 καὶ
1850 1754 1989 1816 εἰδδς

414 1839 751 1903 ἀδιαστάτως
788 1841 963 1894 πάντα
996 1844 1063 1894 τὰ
1095 1841 1153 1906 ἐξ
1186 1837 1245 1893 οῦ
1276 1845 1371 1895 καὶ
1394 1845 1451 1895 ὲν
1476 1836 1629 1911 ᾧπέρ
1659 1845 1826 1898 ἐστιν.
1867 1862 1885 1894 ι
1922 1844 1982 1896 El

413 1928 544 1997 γοῦν
602 1932 694 1983 καὶ
744 1934 1007 2003 ῥημάτων
1039 1936 1103 1987 ἐκ
1128 1936 1296 1988 τῶνδε
1340 1937 1439 2005 τῆς
1473 1936 1755 1997 εὐσεϐείας
1777 1938 1826 1988 οἱ
1855 1938 1985 2006 πρός

412 2018 555 2072 ϐολοι
586 2020 714 2087 τῶν,
755 2041 773 2074 ι
824 2023 1058 2085 Ἐκεῖνος
1106 2025 1249 2091 ὑμᾶς
1284 2024 1611 2092 ὑπομνήσει,
1640 2025 1845 2085 ἐκεῖνος
1886 2023 1983 2092 ἐμὲ

410 2109 644 2175 δοξάσει,
679 2131 698 2163 ι
731 2112 758 2163 ὁ
793 2114 1149 2185 Παράκλητος
1172 2116 1436 2185 δηλονότι,
1469 2116 1564 2167 καὶ
1592 2133 1612 2165 ι
1638 2116 1737 2168 ὅσα
1761 2114 1983 2168 ἀκούσει

409 2201 655 2270 λαλήσει,
694 2222 711 2254 ι
751 2205 814 2257 ὲκ
839 2206 935 2259 τοῦ
968 2206 1098 2259 Υίοῦ
1129 2206 1319 2259 τοῦτον
1354 2206 1760 2277 καθαρωτάτως
1790 2207 1986 2272 ἀναγο-

413 2294 651 2364 ρεύουσι.
685 2297 775 2373 καὶ
802 2298 849 2349 εί
884 2298 957 2366 μὴ
983 2297 1122 2361 τόδε,
1147 2299 1213 2350 τὰ
1253 2298 1352 2367 τῆς
1390 2298 1618 2360 ἀτοπίας
1650 2286 1987 2350 ἀκολουθεῖν

409 2383 827 2451 ἀποφαίνονται,
861 2385 1048 2457 ῶσπερ
1070 2388 1161 2439 ἐπὶ
1186 2388 1287 2458 τῆς
1318 2388 1578 2457 πέμψεως
1600 2388 1866 2457 ἐλέγομεν
1892 2389 1985 2441 καὶ

409 2473 510 2542 τῆς
534 2475 801 2544 χορηγίας
838 2477 933 2529 καὶ
970 2478 1189 2541 δόσεως,
1227 2476 1478 2547 καθάπερ
1539 2480 1603 2531 ὲκ
1656 2481 1861 2532 τούτων
1894 2479 1986 2531 καὶ

411 2566 519 2619 τῶν
556 2567 812 2621 τοιούτων
842 2570 941 2637 τὴν
972 2569 1095 2637 ἴσην
1122 2570 1416 2638 ἀναλογίαν
1437 2571 1528 2623 ὲπί
1550 2588 1608 2624 τε
1640 2571 1851 2641 Πατρδς
1891 2573 1987 2625 καὶ

414 2657 569 2721 Υίοῦ,
622 2660 714 2712 ὲπί
749 2678 809 2714 τε
844 2662 1054 2732 [ἰατρὸς
1091 2663 1185 2715 καὶ
1238 2663 1553 2733 Πνεῦματος
1609 2663 1880 2734 ἔγνωμεν,
1911 2664 1986 2727 ὡς

417 2751 762 2822 προείρηται,
819 2754 848 2806 ὁ
882 2754 1233 2825 παράδειγμα
1286 2755 1553 2825 παραθεὶς
1585 2755 1755 2825 ἣλιον,
1791 2757 1989 2809 ἀκτῖνα

416 2844 512 2895 καὶ
557 2843 692 2910 φῶς,
730 2844 806 2908 ὡς
838 2845 909 2899 ἂν
942 2846 1036 2898 καὶ
1066 2844 1223 2900 τοῦτο
1275 2845 1597 2917 Θεωρηθείη,
1634 2849 1728 2899 καὶ
1762 2848 1989 2916 φάσκων

416 2933 516 3003 τὴν
539 2936 731 2987 ἀκτῖνα
759 2934 889 3005 παρ’
912 2935 1073 2989 ἄλλου
1095 2936 1495 3006 λαμϐάνουσαν,
1525 2938 1690 3007 ἦγουν
1718 2936 1811 2988 τοῦ
1839 2937 1989 3005 ἡλίου

417 3025 479 3078 τὸ
506 3026 621 3094 φῶς
653 3029 912 3095 πέμπειν,
956 3029 1031 3100 μὴ
1082 3028 1142 3093 ἐξ
1170 3029 1341 3099 αὐτῆς
1369 3030 1401 3099 ἢ
1449 3029 1517 3082 δι’
1547 3030 1718 3099 αὐτῆς
1756 3029 1835 3087 ὃν,
1861 3031 1991 3082 κάν-

417 3118 606 3169 τεῦθεν
631 3119 912 3183 είκονίζων
949 3123 1260 3190 πέμπεσθαι
1284 3121 1437 3191 παρὰ
1461 3120 1556 3174 τοῦ
1586 3121 1715 3175 Υίοῦ
1740 3121 1801 3174 τὸ
1825 3120 1992 3174 Πνεῦο

421 3227 516 3280 μα,
554 3210 627 3282 μὴ
675 3210 735 3277 ἐξ
784 3213 968 3279 αὑτοῦ,
1025 3214 1156 3287 ηδε
1189 3214 1352 3269 αὐτοῦ
1406 3215 1671 3286 ὑπάρχον,
1709 3215 1825 3276 πῶς
1877 3208 1988 3267 κάκ

417 3303 580 3370 τῆσδε
610 3303 711 3373 τῆς
743 3306 1100 3373 παραθέσεως
1125 3307 1505 3369 συσκευάσεως
1534 3306 1672 3368 ὅλως
1706 3306 1819 3372 ἔξει
1848 3324 1989 3376 παρ-

417 3395 677 3458 είσδυσιν,
703 3395 838 3464 πρὸς
869 3396 1012 3466 ἅπερ
1040 3400 1087 3450 οί
1127 3397 1448 3468 θεοφόρητοι
1473 3398 1914 3468 δογματίζουσιν,
1957 3397 1989 3469 ἦ

420 3485 619 3555 μᾶλλον
639 3485 705 3549 ἃς
732 3486 790 3551 ἐξ
804 3481 877 3541 ὧν
906 3489 1253 3560 ἀπᾶρνείται,
1275 3490 1601 3558 συνάγουσιν
1627 3485 1994 3560 οῦτοιδυσφη·

420 3577 569 3644 μίας,
607 3575 725 3639 πῶς
775 3576 1059 3652 διαδρᾶναι
1103 3580 1428 3648 δυνήσεταις
1479 3582 1540 3633 Εἰ
1568 3580 1624 3633 δέ
1648 3597 1710 3648 γε
1748 3580 1857 3632 τῶν
1889 3598 1993 3633 πα·-

415 3668 623 3739 τρικῶν
657 3668 985 3738 θεολογικῶν
1021 3672 1170 3724 ὲπῶν
1193 3672 1567 3742 ἀφροντίστως
1605 3671 1766 3743 ἔχων,
1797 3671 1873 3735 ὡς
1899 3674 1991 3725 ὲκ-

418 3761 600 3830 φαίνει
623 3762 815 3816 ἑαυτὸν
849 3763 924 3833 μὴ
943 3762 1167 3831 Θέμενδν
1192 3763 1359 3815 τῶνδε
1386 3762 1602 3832 σκέψιν,
1626 3766 1701 3834 μὴ
1734 3764 1988 3833 βάσανον,

416 3853 668 3923 οὐδαμῶς
721 3854 1139 3924 ἐπιστρέφεται,
1188 3855 1365 3917 ἄλλως
1395 3857 1577 3925 μέντοι
1605 3855 1849 3925 λογικαίς
1886 3873 1993 3925 μα-

419 3941 679 4011 θημάτων
740 3944 1011 4006 παιδείαις
1052 3945 1443 4013 ὲνδιαπρέψας,
1494 3946 1662 3999 πόθεν
1711 3946 1837 4016 ἔσχε
1892 3947 1991 4016 τὴν

416 4033 647 4106 ἡλιακὴν
693 4035 886 4088 ἀκτῖνα
935 4036 1322 4107 λειτουργικῶς
1362 4038 1394 4107 ἥ
1450 4038 1759 4106 όργανικῶς
1785 4040 1865 4101 εἰς
1890 4040 1990 4109 τὴν

414 4125 510 4178 τοῦ
543 4125 723 4196 φωτὸς
771 4127 1067 4194 λαμϐάνειν
1103 4128 1429 4198 ἀποστολὴν,
1479 4128 1555 4190 ὡς
1612 4129 1687 4197 μὴ
1720 4128 1785 4181 δι’
1820 4129 1991 4199 αὐτῆς

413 4218 574 4271 τοῦτο
604 4214 769 4281 εἶναι,
801 4221 854 4272 et
879 4236 942 4286 γε
975 4222 1042 4272 τὰ
1074 4221 1201 4289 τρία
1231 4222 1257 4273 ὁ
1289 4221 1547 4289 δίσκος,ή
1582 4221 1761 4284 ἀκτὶς.
1806 4222 1900 4274 καὶ
1928 4222 1991 4275 τὸ

416 4311 552 4378 φῶς,
585 4310 806 4379 τρισσὸν
860 4311 1096 4381 ὑπάρχει
1140 4311 1254 4379 φῶς
1285 4313 1380 4364 καὶ
1408 4312 1729 4381 ἀμέριστον,
1758 4313 1854 4365 καὶ
1892 4315 1991 4383 μία

416 4398 748 4468 συνύπαρξις
777 4399 888 4452 τῶν
934 4401 1126 4469 τριῶν,
1174 4402 1266 4453 καὶ
1294 4399 1423 4470 μίαν
1448 4401 1713 4470 πληροῦσι
1742 4401 1924 4469 φύσιν,
1953 4402 1987 4475 ἢ

417 4488 823 4559 συμπληροῦσι,
849 4491 942 4542 καὶ
970 4490 1234 4559 διηνεκῶς
1276 4493 1335 4545 τὸ
1365 4494 1645 4564 ἡνωμένον
1679 4493 1865 4563 ἔχουσι
1897 4497 1989 4547 καὶ

2092 663 2318 722 peccato
2370 654 2474 709 sibi
2527 653 3028 716 adhaerescentem,
3061 650 3292 720 proprio
3321 648 3672 713 postmodum

2093 744 2305 813 inungit
2345 745 2576 814 Spiritu,
2612 760 2773 813 quem
2806 743 3003 797 emittit
3045 741 3162 811 ipse
3213 741 3460 811 quidem,
3498 742 3575 793 uti
3607 754 3675 792 ex

2090 835 2205 889 Deo
2247 836 2406 890 Patre
2463 834 2731 899 Verbum,
2767 844 2821 889 et
2875 851 2943 889 ex
2998 834 3219 903 propria
3277 833 3437 886 nobis
3472 842 3674 884 natura

2093 943 2245 981 more
2318 926 2486 981 fontis
2527 924 2784 982 eliundit.
2820 947 2839 979 ι
2881 927 3036 982 Hane
3091 928 3424 981 inculcatam
3460 925 3675 978 theolo-

2092 1019 2231 1088 giam
2257 1019 2617 1087 abnegantem
2677 1035 2790 1072 non
2827 1028 3040 1073 tantum
3072 1020 3124 1073 in
3157 1018 3516 1088 Unigenitum
3537 1018 3679 1070 blas-

2091 1109 2374 1177 phemum,
2430 1108 2523 1162 sed
2580 1108 2800 1163 easdem
2864 1124 3085 1178 queque
3147 1107 3520 1177 blasphemias
3571 1104 3677 1172 ipsi

2094 1200 2324 1267 Spiritui
2383 1200 2703 1270 appingere,
2763 1200 2983 1253 divinus
3052 1201 3157 1254 iste
3206 1199 3370 1253 Pater
3402 1196 3676 1252 ostendit.

2092 1289 2340 1358 Namque
2378 1291 2433 1342 in
2475 1289 2653 1343 illud:
2694 1308 2712 1340 ι
2749 1290 2870 1359 Ipse
2900 1300 3158 1359 suggeret
3193 1289 3348 1343 vobis
3406 1304 3527 1358 quze
3578 1302 3679 1357 ego

2093 1382 2228 1441 dixi,
2256 1400 2273 1431 ι
2303 1381 2374 1434 ita
2398 1382 2718 1450 pronuntiat
2745 1399 2756 1432 :
2792 1399 2808 1431 ι
2837 1380 3025 1449 Itaque
3043 1388 3302 1450 tanquam
3326 1380 3677 1444 benescieus,

2093 1487 2213 1540 qtne
2240 1473 2295 1525 in
2322 1472 2549 1525 οοιιειιίο
2571 1470 2847 1541 Unigeniti
2877 1480 3026 1532 sunt,
3049 1471 3233 1523 omnia
3266 1469 3423 1523 vobis
3451 1482 3676 1521 annun-

2097 1563 2255 1615 tiahit
2310 1562 2575 1631 Spiritus,
2640 1579 2749 1616 non
2802 1562 3115 1629 disciplina:
3158 1561 3368 1616 habens
3416 1559 3681 1629 cognitio-

2093 1670 2241 1715 nem,
2277 1669 2346 1708 ne
2402 1655 2650 1709 videatur
2715 1655 3024 1709 administri
3083 1653 3262 1708 locum
3297 1653 3545 1720 explere,
3583 1650 3678 1703 sed

2094 1758 2153 1801 ut
2189 1746 2426 1815 Spiritus
2458 1747 2653 1817 ipsius,
2713 1755 2769 1801 et
2800 1746 2983 1801 sciens
3021 1745 3468 1814 inseparabiliter
3495 1742 3678 1796 omnia

2094 1840 2237 1893 illius
2271 1854 2335 1892 ex
2388 1854 2498 1906 quo
2554 1848 2608 1893 et
2644 1840 2698 1892 in
2735 1855 2844 1908 quo
2902 1846 3007 1892 est.
3055 1856 3072 1888 ι
3110 1836 3165 1890 Si
3201 1838 3391 1905 itaque
3454 1835 3680 1904 pietatis

2088 1940 2521 2002 prOpngnatores
2563 1946 2629 1985 ex
2683 1931 2866 1985 verbis
2900 1931 3093 1985 hisce:
3133 1947 3151 1981 ι
3186 1929 3307 1997 Ipse
3355 1929 3510 1982 vobis
3544 1942 3681 1996 sug-

2088 2034 2263 2093 geret,
2318 2024 2406 2077 ille
2446 2041 2532 2076 me
2565 2022 2911 2093 gloriﬁcabit,
2952 2042 2970 2076 ι
3012 2022 3332 2076 Paracletus
3367 2020 3603 2082 scilicet,
3628 2028 3683 2072 et

2101 2133 2119 2165 ι
2163 2126 2505 2184 ηιιίεουηίιυο
2531 2116 2717 2170 audiet
2745 2116 3019 2185 loquetur,
3061 2135 3079 2167 ›
3116 2132 3181 2170 ex
3211 2114 3347 2167 Filio
3380 2112 3527 2165 hunc
3559 2126 3684 2165 esse

2089 2205 2708 2275 perSpicuelpraedicant,
2735 2216 2788 2259 et
2807 2206 2853 2258 si
2874 2205 2923 2258 id
2952 2220 3057 2257 non
3088 2203 3273 2257 fuerit.
3294 2203 3526 2256 absurda
3548 2218 3685 2256 con-

2088 2297 2240 2365 sequi
2261 2297 2590 2359 decernunt,
2625 2296 2702 2350 uti
2724 2298 2790 2351 de
2815 2297 3099 2360 missione,
3121 2306 3173 2348 et
3205 2294 3671 2364 suppeditatiouu,

2089 2397 2145 2440 et
2185 2387 2407 2440 datione
2439 2387 2783 2451 dicebamus,
2817 2396 2871 2441 et
2904 2405 2970 2442 ex
3006 2388 3092 2442 his
3129 2391 3194 2447 et!
3221 2387 3497 2444 similibus
3528 2402 3681 2440 eam-

2088 2480 2210 2533 dem
2254 2481 2662 2547 proportionem
2701 2479 2753 2531 in
2786 2479 2944 2534 Patre
2971 2489 3026 2534 et
3060 2478 3227 2543 Filio,
3264 2490 3320 2535 et
3354 2480 3407 2533 in
3430 2479 3589 2533 I’atre
3622 2487 3677 2532 et

2089 2570 2292 2638 Spiritu
2325 2572 2729 2639 cognoscimus,
2766 2581 2824 2625 ut
2876 2582 3034 2626 antea
3066 2573 3273 2627 dictum
3333 2581 3437 2637 est,
3495 2573 3588 2642 qui
3617 2571 3674 2624 in

2090 2659 2400 2729 exemplum
2440 2660 2665 2714 adducit
2695 2663 2886 2728 solem,
2931 2664 3168 2728 radium,
3229 2673 3284 2717 et
3345 2663 3560 2725 lumen,
3623 2674 3682 2715 ut

2091 2752 2142 2804 id
2172 2766 2387 2820 quoque
2413 2752 2470 2804 in
2502 2768 2728 2806 examen
2760 2753 3126 2822 proferamus,
3156 2754 3397 2825 dicitque
3464 2755 3679 2809 radium

2090 2843 2159 2897 ab
2198 2844 2305 2897 alio
2334 2843 2722 2913 accipientem,
2757 2844 2871 2899 sole
2915 2860 3141 2914 nempe,
3190 2845 3379 2900 lumen
3439 2845 3678 2908 mittere,

2091 2936 2237 3003 quod
2273 2952 2453 3005 neque
2486 2953 2550 2990 ex
2590 2937 2728 3007 ipso,
2755 2952 2935 3005 neque
2966 2953 3063 3005 per
3094 2940 3273 3007 ipsum
3298 2946 3401 3001 est,
3438 2936 3680 3004 indeque

2092 3027 2194 3079 sibi
2228 3026 2423 3097 ﬁgurat
2455 3026 2598 3081 mitti
2629 3043 2660 3080 a
2692 3026 2829 3081 Filio
2860 3027 3156 3098 Spiritum,
3195 3044 3375 3097 neque
3406 3043 3473 3082 ex
3533 3028 3678 3096 ipso,

2094 3134 2273 3186 neque
2316 3133 2415 3188 per
2475 3120 2652 3188 ipsum
2707 3119 3092 3183 exsistentem,
3158 3119 3434 3188 quomodo
3478 3134 3539 3171 ex
3579 3119 3679 3174 hac

2097 3213 2512 3281 comparatione
2577 3213 2643 3267 ad
2700 3229 2763 3267 ea
2817 3229 2938 3282 quae
2975 3213 3145 3265 divini
3181 3214 3373 3265 Patres
3405 3210 3679 3266 deﬁniunt

2097 3317 2403 3373 penetrare,
2457 3306 2573 3359 sive
2635 3308 2815 3374 potius
2844 3322 2909 3359 ex
2952 3306 3019 3358 iis
3049 3320 3170 3374 quae
3231 3304 3349 3374 ipse
3394 3312 3677 3373 pernegat.

2094 3396 2462 3465 blasphetnias
2520 3408 2740 3450 exortas
2796 3396 3038 3467 effugere
3068 3394 3326 3464 poterit?
3362 3394 3567 3459 Quodsi
3623 3395 3676 3447 in

2091 3490 2236 3543 dicta
2304 3489 2524 3543 Patrum
2593 3489 2899 3559 theologica
2978 3497 3221 3541 mentem
3282 3502 3511 3557 prorsus
3567 3501 3677 3539 non

2090 3581 2394 3651 applicans,
2445 3596 2680 3649 namque
2731 3596 2794 3633 ea
2833 3593 3012 3647 neque
3059 3578 3462 3642 considerasse,
3497 3592 3678 3644 neque

2089 3672 2427 3730 examinasse
2459 3672 2616 3741 plane
2651 3671 2983 3733 ostenditur,
3020 3670 3171 3723 nullo
3204 3670 3365 3723 modo
3418 3667 3676 3732 admittit,

2088 3764 2216 3818 licet
2247 3765 2300 3817 in
2318 3764 2509 3834 logicis
2527 3762 2829 3832 disciplinis
2858 3761 3161 3832 praecellat,
3191 3761 3467 3814 undenam
3490 3758 3679 3811 habuit

2088 3838 2322 3909 solarc‘m
2355 3854 2567 3908 radium
2602 3853 2916 3907 administri
2957 3853 3154 3915 instar,
3185 3858 3288 3904 aut
3318 3848 3678 3905 instrumenti

2090 3946 2144 4000 in
2167 3944 2483 4001 missionem
2505 3945 2730 4000 luminis
2760 3945 3053 4005 inservire,
3083 3944 3221 3997 adeo
3247 3951 3306 3995 ut
3332 3957 3429 4011 per
3461 3941 3676 3995 radium

2091 4040 2218 4093 illud
2246 4054 2357 4093 non
2393 4039 2487 4102 sit,
2534 4038 2580 4091 si
2632 4037 2735 4091 tria
2764 4036 2904 4102 haec,
2966 4036 3138 4100 orbis,
3164 4034 3369 4097 radius,
3405 4042 3459 4088 et
3488 4033 3676 4086 lumen

2091 4129 2293 4184 trinum
2317 4131 2501 4183 lumen
2520 4128 2737 4183 exsistit
2763 4138 2817 4183 et
2836 4127 3158 4194 indivisum,
3180 4137 3233 4181 et
3261 4140 3368 4179 una
3387 4133 3472 4179 est
3489 4139 3678 4179 eorum

2089 4221 2508 4285 coexsistentia,
2574 4230 2629 4274 et
2679 4236 2842 4273 unam
2877 4221 3039 4275 simul
3070 4219 3350 4287 complent
3401 4225 3677 4283 naturam,

2093 4330 2466 4387 perpetuoque
2516 4318 2948 4386 coniunguntur,
2984 4328 3041 4369 et
3091 4315 3409 4383 inseparata
3452 4328 3679 4383 perma-

2100 4418 2258 4473 nent,
2281 4409 2459 4462 donec
2492 4407 2733 4462 universi
2770 4406 2937 4477 hujus
2958 4406 3298 4460 constructio
3325 4403 3681 4474 perdurabit?

2092 4499 2344 4569 Namque
2376 4501 2420 4554 si
2453 4500 2598 4571 quod
2634 4516 2731 4569 per
2763 4500 2911 4554 aliud
2963 4499 3164 4553 dicitur
3198 4513 3261 4551 ex
3294 4497 3427 4562 alio,
3461 4506 3555 4549 aut
3586 4511 3683 4549 na-

418 4580 740 4650 άχώριστον,
770 4581 875 4644 ἕως
898 4582 966 4634 ἂν
999 4583 1208 4651 ἡτοῦδε
1255 4586 1352 4638 τοῦ
1385 4586 1584 4649 παντὸς
1621 4587 1759 4658 μένῃ
1793 4588 1988 4643 σύστα-

2100 4592 2351 4646 turaliter
2403 4600 2459 4645 et
2507 4592 2877 4645 essentialiter
2910 4590 3135 4651 dicitur,
3171 4597 3225 4643 et
3268 4589 3395 4641 inde
3428 4588 3496 4640 ad
3557 4602 3681 4641 esse

416 4688 534 4740 σις;
566 4674 631 4727 Et
659 4672 767 4744 γὰρ
792 4673 851 4727 τὸ
875 4674 964 4727 διά
996 4691 1141 4737 τινος
1172 4677 1468 4747 λεγόμενον
1489 4679 1554 4732 ἐκ
1586 4696 1730 4742 τινος
1758 4679 1791 4752 ἢ
1828 4696 1990 4748 φυσι-

416 4768 529 4832 κῶς
554 4769 773 4837 λέγεται
802 4772 897 4822 καὶ
922 4770 1217 4836 οὐσιωδῶς,
1249 4774 1346 4826 καὶ
1376 4775 1476 4843 τὴν
1529 4774 1784 4828 ἐντεῦθεν
1818 4778 1899 4838 εἰς
1929 4773 1991 4827 τὸ

414 4853 556 4911 εἶναι
577 4859 645 4912 δι’
671 4853 733 4913 οὗ
783 4859 1003 4929 λέγεται
1051 4860 1276 4913 πλουτεῖ
1304 4863 1576 4931 ’πρόοδον,
1611 4865 1643 4935 ἦ
1681 4866 1991 4943 ὀργανικῶς

416 4955 510 5004 καὶ
535 4952 912 5021 ὑπουργικῶς,
945 4952 1039 5005 καὶ
1069 4953 1272 5022 ἥκιστα
1301 4953 1369 5005 δι’
1388 4954 1553 5007 αὑτοῦ
1582 4956 1672 5007 τὸν
1702 4959 1801 5025 τῆς
1820 4957 1990 5027 ὑττάρ⁶

414 5042 550 5109 ξεως
599 5045 760 5110 λόγον
795 5045 973 5114 αὐχεῖ,
1016 5044 1267 5113 καθάπερ
1297 5046 1361 5097 ὲκ
1390 5046 1491 5113 τῆς
1521 5048 1706 5115 πηγῆς
1758 5048 1843 5099 διὰ
1893 5049 1985 5100 τοῦ

414 5137 652 5205 σωλῆνος
703 5137 764 5189 τὸ
806 5136 970 5208 ὕδωρ.
1010 5137 1273 5207 Οὐδαμῶς
1308 5143 1415 5209 γὰρ
1464 5131 1615 5198 οὗτος
1652 5139 1731 5201 εἰς
1758 5139 1857 5208 τὴν
1892 5140 1986 5191 τοῦ

415 5227 608 5291 ὕδατος
631 5229 868 5298 φυσικὴν
888 5229 1303 5299 λαμϐανόμενός
1322 5230 1471 5280 ἐστιν
1491 5228 1776 5294 ὀντότητα,
1829 5228 1989 5296 εἴπερ

412 5320 713 5391 ὲτεροφυὴς
749 5319 913 5371 αὑτοῦ
943 5320 1040 5372 καὶ
1090 5320 1449 5390 ἐτεροούσιος,
1489 5319 1572 5372 ὅτι
1608 5317 1683 5388 μὴ
1715 5318 1875 5386 μόνον
1910 5319 1990 5377 εἰς

412 5411 710 5480 ὀργανικὴν
747 5411 935 5464 τούτου
986 5410 1258 5464 διάϐασιν.
1315 5409 1378 5463 Εἰ
1406 5410 1461 5462 δέ
1502 5427 1585 5472 τις
1616 5411 1751 5479 φαίη
1778 5409 1867 5461 διὰ
1892 5411 1985 5460 τοῦ

413 5502 663 5568 ποταμοῦ
700 5503 761 5555 τὸ
784 5502 933 5570 ὕδωρ
963 5502 1194 5564 ἐκεῖθεν,
1241 5503 1273 5572 ἢ
1315 5504 1403 5556 διὰ
1430 5501 1529 5571 τῆς
1574 5502 1759 5571 πηγῆς
1801 5503 1864 5553 ἐκ
1894 5499 1987 5553 τοῦ

409 5593 718 5663 ὀφθαλμοῦ,
786 5596 1070 5666 ἀμφότερα
1097 5597 1203 5665 γὰρ
1247 5596 1649 5665 διαγγέλλεται.
1686 5595 1782 5665 τὴν
1817 5597 1896 5657 εἰς
1928 5593 1987 5646 τὸ

410 5681 551 5736 εἶναι
575 5684 663 5737 διὰ
692 5685 790 5752 τῆς
820 5685 1002 5755 πηγῆς
1052 5685 1084 5756 ἢ
1119 5686 1178 5751 ἐξ
1227 5686 1398 5754 αὐτῆς
1450 5687 1540 5740 διὰ
1572 5686 1668 5739 τοῦ
1718 5686 1985 5753 ποταμοῦ,

412 5774 692 5845 παρευθὺς
721 5776 835 5846 ἐδή)
848 5794 957 5830 ωσε
989 5778 1080 5831 τοῦ
1108 5768 1298 5842 ὕδατος
1325 5778 1601 5845 ἕκϐλυσιν,
1634 5778 1706 5842 ὡς
1729 5779 1989 5848 ὁμοφυῶν

412 5865 518 5926 τῶν
556 5868 723 5932 τριῶν
771 5869 960 5936 ὄντων,
1020 5872 1111 5925 καὶ
1144 5871 1285 5926 οὕτω
1334 5874 1606 5946 λαχόντων
1646 5872 1880 5945 φύσεως,
1926 5870 1986 5925 ek

2097 4697 2192 4752 per
2227 4683 2371 4750 quod
2400 4681 2602 4736 dicitur
2636 4697 2989 4751 progressum
3027 4682 3293 4751 possidet,
3326 4689 3420 4732 aut
3466 4680 3679 4749 instru-

2099 4773 2268 4825 menti
2324 4772 2507 4836 modo,
2565 4773 2648 4826 vel
2679 4770 2822 4825 servi
2886 4786 3060 4834 more,
3116 4781 3172 4824 et
3201 4770 3350 4822 nullo
3382 4768 3545 4823 modo
3584 4783 3680 4837 per

2095 4866 2276 4933 ipsum
2311 4865 2692 4918 cxsistentiam
2723 4865 2925 4918 habere
2959 4864 3244 4933 gloriatur,
3283 4861 3361 4915 uti
3394 4878 3460 4915 ex
3524 4860 3679 4915 fonte

2097 4970 2197 5023 per
2231 4954 2421 5008 tubum
2464 4970 2646 5024 aqua;
2685 4954 2839 5008 nullo
2900 4954 3170 5023 siquidem
3213 4954 3376 5007 modo
3425 4953 3478 5005 in
3515 4961 3679 5005 natu-

2096 5046 2265 5101 ralem
2326 5060 2481 5113 aqua:
2515 5044 2810 5098 essentiam
2846 5031 3136 5112 accipitur,
3206 5042 3249 5096 si
3288 5040 3521 5095 alterius
3585 5040 3678 5093 ille

2096 5145 2303 5188 naturae
2335 5145 2497 5202 atque
2528 5136 2779 5188 essentia:
2835 5144 2939 5199 est,
2988 5136 3090 5189 nisi
3128 5144 3333 5186 tantum
3371 5132 3437 5184 ad
3476 5132 3683 5184 instru-

2095 5224 2386 5278 mentalem
2440 5238 2594 5291 aquae
2653 5222 2966 5276 transitum.
3020 5220 3186 5286 Quod.
3229 5220 3272 5273 si
3305 5218 3431 5287 quis
3478 5217 3681 5271 dixerit

2098 5332 2196 5384 per
2235 5313 2458 5367 [luvium
2498 5314 2628 5369 inde
2686 5331 2881 5384 aquam
2945 5330 3091 5375 esse,
3157 5322 3251 5366 aut
3307 5328 3406 5383 per
3468 5310 3678 5364 fontem

2097 5424 2160 5461 ex
2194 5408 2374 5468 oculo,
2429 5406 2591 5460 ambo
2651 5407 2917 5475 siquidem
2957 5405 3402 5475 pronuntiantur,
3457 5403 3523 5456 ad
3557 5417 3680 5456 esse

2095 5515 2193 5569 per
2228 5500 2463 5559 fontem,
2502 5499 2618 5553 sive
2648 5514 2712 5551 ex
2745 5499 2861 5565 ipsa
2902 5514 2999 5567 per
3028 5498 3277 5563 ﬂuvium,
3314 5497 3463 5551 illico
3524 5509 3680 5563 aqua:

2093 5593 2487 5664 scaturiginem
2544 5593 2826 5655 indicavit,
2904 5608 3028 5645 eum
3084 5592 3200 5665 ha-c
3259 5592 3360 5644 tria
3421 5589 3673 5658 ejusdem

2096 5698 2305 5741 natura:
2352 5686 2484 5744 sint,
2518 5700 2750 5753 eamque
2806 5685 2999 5738 sortita
3042 5684 3153 5737 sint
3194 5692 3468 5746 naturam,
3514 5690 3572 5734 ut
3607 5695 3675 5735 ex

2096 5780 2273 5849 primo
2303 5795 2400 5849 per
2435 5778 2739 5831 secundum
2769 5776 2989 5830 tertium
3024 5776 3130 5842 sit;
3176 5777 3313 5841 haec,
3349 5775 3596 5843 inquam,
3625 5772 3672 5825 si

2094 5850 2167 5927 ita
2195 5888 2253 5927 se
2286 5870 2509 5935 habent,
2548 5885 2709 5942 quam
2744 5886 2806 5925 ex
2863 5869 3098 5923 naturali
3150 5870 3294 5923 serie
3324 5883 3503 5923 sermo
3536 5881 3671 5935 pro-
