4072 6440
571 399 671 461 347

1755 399 2076 458 GEORGII
2121 398 2580 459 METOCIHTA’.

3610 364 3721 483 litis

537 511 606 565 ad
635 510 926 565 universos
946 509 1240 561 adventum
1271 508 1614 577 recognoscit
1633 509 1852 563 divinus
1877 510 1965 563 hic
1993 528 2111 564 ma-

2229 529 2242 561 ι
2278 507 2387 563 Ἶίν
2410 527 2532 562 τινα
2568 508 2644 576 τῷ
2676 507 2912 576 Σωτῆρι,
2948 505 3042 559 καὶ
3067 505 3115 557 εἰ
3145 503 3347 555 πώλῶν
3377 504 3724 572 ἐνεπίμπλαντο

533 615 751 670 gnaque
772 615 905 654 voce
928 599 1189 668 praeditus
1225 613 1535 652 sermonem
1564 600 1885 668 praeripiens
1917 601 2112 654 dissol-

533 693 649 756 vit,
704 691 1012 758 refellitque
1061 689 1262 754 duliia,
1309 699 1366 742 et
1421 690 1783 758 oppositionis
1838 701 2113 745 momenta

533 782 851 836 manifestat
898 798 913 833 :
941 798 959 830 ι
988 779 1339 849 Supererant
1369 782 1612 848 quaedam
1640 782 1908 835 Salvatori
1934 799 2054 851 qute
2086 799 2113 835 a

535 874 985 944 discipulis,licet
1002 873 1203 941 alioqui
1223 872 1511 940 multiplici
1542 873 1787 927 doctrina
1822 874 2115 942 impleren-

539 976 647 1029 tur,
688 975 818 1019 tunc
857 976 1040 1019 tamen
1107 963 1314 1032 portari
1377 979 1540 1032 posse
1600 966 1855 1035 negabat.
1904 967 1975 1020 ob
2022 981 2115 1020 eas

534 1072 674 1124 quas
697 1055 969 1108 insinuavi
1008 1069 1223 1119 causas,
1255 1063 1420 1120 alque
1461 1054 1514 1107 id
1537 1063 1684 1107 certe
1734 1070 1798 1107 ea
1841 1054 1974 1123 ipsis
2021 1070 2117 1107 oc-

538 1147 801 1207 cultabat,
838 1158 1137 1213 rursusque
1164 1144 1382 1197 dicebat
1406 1143 1544 1204 fore,
1585 1154 1643 1198 ut
1671 1144 1740 1199 ab
1789 1144 2116 1199 adveniente

538 1236 748 1305 Spiritu
779 1235 963 1290 omnia
998 1236 1395 1297 edocerentur.
1430 1252 1449 1285 ι
1502 1232 1609 1289 Sed
1657 1244 1713 1289 et
1762 1236 2011 1289 Salvator
2061 1237 2118 1288 in

531 1332 644 1383 {ine
672 1328 1005 1382 saeculorum
1028 1342 1194 1382 carne
1224 1327 1511 1380 advenisse
1540 1327 1762 1390 dicitur,
1795 1336 1923 1379 etut
1953 1328 2119 1380 homo

537 1422 596 1475 in
629 1429 771 1474 terra
795 1419 1153 1473 consuevisse
1193 1435 1205 1468 :
1237 1419 1315 1471 uti
1351 1433 1483 1472 vero
1518 1418 1662 1472 Deus
1709 1427 1972 1486 perpetuo
2022 1418 2121 1471 ad-

536 1511 818 1575 veniebat,
844 1525 955 1564 non
976 1518 1195 1563 tantum
1227 1510 1373 1578 quod
1405 1510 1662 1563 omnibus
1698 1510 1835 1563 locis
1880 1512 2115 1575 adesset,

539 1602 636 1658 sed
691 1602 838 1670 quod
890 1601 1055 1654 etiam
1113 1600 1248 1654 locis
1308 1616 1372 1654 ac
1400 1601 1651 1670 personis
1676 1601 1864 1665 certis,
1912 1599 1992 1653 uti
2018 1600 2119 1653 ista

540 1711 738 1765 capere
780 1703 1056 1764 poterant,
1087 1703 1421 1764 appareret;
1463 1709 1588 1748 cum
1616 1704 1669 1748 et
1700 1690 2026 1748 Trinitatem
2064 1694 2120 1747 in

542 1787 903 1843 tabernaculo
940 1787 1285 1841 Abrahamus
1316 1802 1481 1842 verus
1516 1787 1662 1840 illius
1710 1802 1903 1840 servus
1939 1786 2121 1855 hospi-

2219 603 2577 670 μαθημάτων,
2610 600 2646 654 ἃ
2688 599 2762 669 μὴ
2804 598 3063 651 δύνασθαι
3115 595 3466 665 βασταχθῆναι
3512 597 3613 649 τότε
3635 602 3726 662 τοῖς

2218 692 2510 763 μαθηταῖς,
2536 692 2601 743 δι’
2630 690 2695 750 ἃς
2725 686 2876 742 εἷπον
2900 688 3030 749 ἴσως
3053 688 3252 749 αἰτίας,
3287 686 3375 736 καὶ
3391 684 3475 737 διὰ
3487 686 3624 740 τοῦτο
3642 705 3728 740 πι-

2218 783 2608 853 ρεκαλύπτετο,
2633 781 2725 833 καὶ
2753 779 2912 831 πάλιν
2950 779 3123 830 πάντα
3180 775 3570 844 διδαχθήσεσθαι
3610 777 3729 844 ὐμᾶς

2218 877 2322 929 ὑπὸ
2357 875 2451 928 τοῦ
2477 874 2787 942 Πνεῦματος
2813 872 3232 941 ὲνδημήσαντος,
3273 887 3291 919 ι
3314 869 3464 921 Ἀλλὰ
3491 870 3573 922 καὶ
3590 871 3614 922 6
3633 871 3726 922 Σω·

2218 967 2318 1035 τὴρ
2349 967 2428 1028 είς
2453 967 2519 1017 τὰ
2539 965 2668 1033 τέλη
2693 964 2799 1016 τῶν
2841 961 3053 1015 αἰώνων
3080 960 3376 1029 ἐνδημῆσαι
3428 962 3573 1031 σαρκὶ
3612 961 3733 1028 λέγει

2219 1070 2336 1117 ται,
2369 1054 2465 1105 καὶ
2490 1051 2566 1115 ὡς
2590 1051 2877 1120 ἄνθρωπος
2904 1047 3314 1117 ἀναστραφῆναι
3340 1050 3403 1116 τῇ
3426 1051 3510 1117 γῇ.
3547 1049 3730 1100 Καθοδὲ

2219 1144 2350 1206 Θεὸς
2376 1142 2621 1211 ἐνδημῶν
2646 1137 2715 1211 ἦν
2741 1141 2851 1204 ἀεὶ,
2882 1139 2942 1191 οὐ
2966 1140 3107 1190 κατὰ
3139 1140 3199 1191 τὸ
3231 1138 3493 1208 πανταχοῦ
3521 1142 3734 1206 παρεῖναι

2223 1236 2406 1303 μόνον.
2439 1232 2557 1287 ἀλλ’
2582 1234 2662 1286 ὃτι
2688 1232 2781 1286 καὶ
2804 1232 2991 1293 τόποις
3013 1230 3106 1282 καὶ
3127 1226 3433 1299 προσώποις
3457 1229 3736 1298 ὡρισμένοις

2218 1321 2288 1388 ἦν
2316 1325 2548 1378 καθόσον
2577 1322 2821 1394 χωρητδν
2838 1321 3225 1388 ὀπτανόμενος.
3266 1319 3413 1372 Ἐπεί
3441 1318 3526 1372 καί
3546 1320 3577 1388 ή
3600 1317 3735 1387 Τριὰς

2220 1422 2277 1472 ὲν
2308 1421 2482 1488 σκηνῇ
2515 1415 2780 1481 ξενίζεται
2806 1417 2873 1484 τῇ
2899 1414 2989 1465 τοῦ
3028 1413 3300 1481 Ἀϐραὰμ.
3324 1411 3448 1480 παρ’
3478 1411 3623 1465 αὐτοῦ
3664 1413 3734 1464 τοῦ

2221 1509 2450 1579 γνησίου
2469 1507 2673 1575 ταύτης
2694 1504 3045 1575 θεράποντος,
3078 1503 3174 1555 καὶ
3204 1505 3232 1555 6
3256 1504 3358 1556 ἀπε
3368 1502 3635 1571 ρίγραπτος
3655 1500 3738 1553 Λό-

2220 1616 2316 1666 γος
2338 1598 2428 1650 τοῦ
2453 1595 2589 1649 Θεοῦ
2613 1591 2814 1647 κατιὼν
2845 1594 2958 1656 τοῖς
2986 1592 3142 1644 παισὶ
3175 1590 3614 1660 συμπαρίσταται,
3639 1589 3741 1656 δρο-

2224 1690 2387 1751 σίςων
2407 1687 2591 1747 αὐτοῖς
2618 1685 2716 1755 τὴν
2744 1683 2995 1752 κάμινον.
3033 1684 3131 1735 ⁸ον
3164 1682 3261 1734 καὶ
3286 1684 3314 1734 ὁ
3358 1680 3594 1751 τύραννος
3634 1679 3740 1731 65m-

2227 1780 2335 1850 ρῶν
2361 1778 2738 1845 ἐξεπλήττετο,
2798 1776 2895 1828 καὶ
2934 1772 3071 1827 Θεοῦ
3107 1772 3238 1826 Υίὸν
3271 1768 3407 1826 εἶναι
3432 1771 3742 1837 ἀνωμολόγει,

540 1881 618 1935 tio
676 1880 947 1947 excipiat,
1004 1888 1061 1933 et
1122 1879 1653 1948 incircumscriptutn
1730 1877 1825 1932 Dei
1885 1877 2122 1933 Verbum

2229 1873 2319 1924 καί
2347 1873 2381 1941 ἡ
2434 1867 2729 1935 Ἐκκλησία
2764 1865 2971 1936 συχνῶς
3028 1863 3171 1919 οὕτω
3214 1863 3483 1931 ψάλλουσα
3535 1860 3743 1930 μελῳδεῖ.

540 1986 649 2024 una
673 1970 836 2024 simul
856 1985 980 2023 cum
1008 1971 1195 2039 pueris
1232 1981 1393 2034 astat,
1413 1971 1690 2024 fornacem
1741 1986 1868 2025 rore
1928 1986 2119 2041 asper-

542 2077 699 2130 gens,
728 2077 892 2129 quem
930 2070 1195 2132 tyrannus
1262 2061 1495 2115 intuitus
1535 2062 1864 2129 obstupebat
1920 2072 1977 2115 et
2022 2062 2119 2115 Dei

543 2150 739 2205 Filittm
774 2167 900 2205 esse
925 2154 1216 2212 fatebatur,
1245 2162 1299 2205 et
1352 2152 1594 2207 Ecclesia
1627 2153 1944 2219 frequenter
1975 2154 2123 2207 hunc

545 2242 600 2293 in
623 2242 842 2295 modum
880 2243 1145 2295 concinit.
1185 2242 1249 2294 Et
1275 2244 1343 2297 de
1368 2244 1473 2308 liis,
1494 2258 1619 2296 cum
1652 2243 1815 2295 multa
1848 2245 2123 2311 supersint

544 2334 794 2396 dicenda,
848 2335 966 2386 haec
1026 2334 1159 2387 satis
1206 2334 1347 2386 dicta
1400 2332 1529 2395 sint,
1577 2341 1630 2386 et
1676 2332 2019 2401 potissimum
2054 2333 2122 2387 de

546 2422 805 2477 missione
828 2422 1087 2490 Spiritus,
1112 2428 1272 2490 quam
1313 2424 1453 2476 male
1482 2433 1536 2476 ct
1585 2438 1747 2491 quam
1813 2422 2122 2491 perniciose

543 2528 605 2566 ea
633 2514 701 2567 ab
731 2512 1046 2567 adversario
1079 2514 1403 2582 accipiatur,
1451 2525 1505 2566 et
1569 2521 1701 2581 quot
1736 2521 1789 2565 et
1830 2512 2007 2580 qualia
2057 2516 2123 2565 de

2230 1964 2336 2015 Καὶ
2362 1961 2490 2028 περὶ
2526 1958 2627 2026 μὲν
2661 1957 2865 2011 τούτων
2894 1954 3165 2009 πλείστων
3219 1956 3299 2017 είς
3344 1954 3403 2006 τὸ
3441 1952 3603 2019 λέγειν
3644 1950 3749 2017 ἑξῆς

2226 2054 2394 2106 ὄντων
2427 2051 2545 2113 ἃλις
2570 2048 2759 2103 ἐνθάδε
2797 2067 2810 2079 ·
2846 2048 2880 2119 ἢ
2932 2048 3132 2117 μᾶλλον
3176 2040 3306 2114 περὶ
3359 2042 3634 2112 ἀποστολῆς
3671 2041 3750 2108 τῆς

2224 2144 2318 2194 τοῦ
2348 2141 2685 2210 Πνεύματος,
2711 2140 2857 2200 ὅπως
2883 2136 3021 2207 αὕτη
3052 2135 3130 2206 τῷ
3153 2134 3613 2203 ἁντιδιατιθεμένῳ
3654 2131 3751 2183 λίαν

2227 2234 2537 2303 ἐπισφαλῶς
2595 2233 2870 2299 εἴληπται,
2922 2232 3015 2284 καὶ
3069 2232 3172 2284 ὅσα
3220 2229 3314 2283 καὶ
3341 2224 3422 2283 οἷα
3450 2228 3566 2298 περὶ
3614 2226 3753 2291 αὐτῆς

2230 2328 2472 2395 Πατέρες
2522 2325 2570 2376 οἱ
2617 2321 3006 2392 θεοπρόϐλητοι
3052 2319 3379 2387 θεολογικῶς
3423 2316 3753 2389 παραδιδόντες

2226 2418 2558 2479 διδάσκουσι,
2610 2415 2704 2466 καὶ
2754 2413 2954 2476 ἱκανῶς
3012 2413 3231 2482 εἴρηταί
3283 2427 3345 2464 τε
3372 2412 3466 2463 καὶ
3489 2406 3756 2479 διηυκρίνη-

2226 2527 2336 2562 ται.

546 2620 612 2658 ea
656 2621 685 2657 a
736 2604 847 2659 Deo
914 2606 1152 2674 promou
1209 2606 1394 2660 Patres
1436 2607 1811 2678 theologorum
1867 2621 2020 2661 more
2109 2606 2388 2660 tradentes
2456 2601 2759 2666 instruunt,
2804 2598 3021 2655 abunde
3072 2598 3284 2655 dictum
3328 2613 3392 2653 ac
3448 2594 3754 2667 dijudicatum

548 2700 657 2745 est.
1258 2745 1264 2751 .

623 2780 711 2834 12.
766 2779 923 2835 Nunc
982 2797 1112 2836 vero
1139 2797 1234 2837 eos
1293 2783 1388 2850 qui
1439 2783 1717 2840 aChrist‘o
1740 2786 1914 2841 vocati
1970 2796 2121 2851 sunt,

548 2873 695 2942 quod
733 2872 923 2927 foederi
952 2888 1115 2927 aures
1146 2876 1438 2939 dederunt,
1487 2884 1543 2929 et
1575 2891 1764 2945 pacem
1825 2878 2122 2933 exosculati

551 2972 701 3025 sunt,
741 2964 1086 3019 adversarius
1114 2965 1416 3020 criminans
1443 2967 1581 3021 infra
1637 2970 1862 3025 scribit:
1907 2989 1926 3022 ι
1958 2971 2127 3025 Mani-

549 3057 1401 3125 festare,iuquiuut,effundere,
1461 3069 1517 3112 et
1573 3062 1869 3129 procedere
1924 3065 2124 3130 facere,

2303 2781 2389 2852 ιβ’.
2425 2781 2540 2835 Νῦν
2561 2781 2617 2834 δὲ
2649 2782 2772 2844 τοὺς
2792 2780 2901 2834 ἀπὸ
2930 2781 3168 2850 Χριστοῦ
3203 2782 3561 2852 κεκλημένους
3581 2776 3756 2844 τὸπρὺς

2232 2874 2513 2944 είρηναίας
2545 2872 2891 2941 καταλλαγὰς
2912 2874 3125 2927 ἀπιδεῖν
3184 2872 3499 2944 αἰτιώμενος
3518 2870 3716 2938 καθεξῆς
3737 2869 3759 2919 ὁ

2232 2965 2509 3028 ἁντίθετος
2539 2965 2736 3034 φάσκει
2769 2980 2783 2995 ·
2820 2954 2844 3016 ἓ
2889 2965 2962 3017 Τὸ
2991 2965 3340 3032 ἐμφανίζειν,
3372 2967 3520 3036 φασὶ,
3589 2963 3641 3015 τὸ
3688 2963 3759 3012 ὲκ·

2232 3061 2371 3128 χεῖν,
2402 3060 2495 3112 καὶ
2525 3058 2585 3110 τὸ
2612 3058 2933 3126 ἐκπορεύειν
2970 3059 3187 3111 ταυτὸν.
3226 3056 3397 3114 Ὅταν
3419 3054 3508 3110 οὖν
3535 3057 3562 3109 6
3586 3050 3757 3107 Δεσπό·

551 3146 694 3199 idem
728 3146 991 3201 est.Cum
1023 3148 1207 3216 itaque
1242 3147 1503 3203 Dominus
1551 3151 1712 3205 Jesus
1745 3154 1879 3208 dicit
1908 3170 1966 3209 se
2004 3171 2123 3209 ma-

2229 3167 2323 3219 της
2377 3150 2581 3219 Ἰησοῦς
2616 3150 2934 3219 ἐμφανίζειν
2975 3150 3171 3203 ἑαυτὸν
3193 3153 3307 3214 τοῖς
3364 3147 3680 3209 ἀποστόλοις,
3721 3143 3760 3195 οἱ

547 3236 932 3292 nifestaturum
963 3238 1264 3307 discipulis,
1295 3250 1351 3293 et
1381 3240 1459 3293 illi
1481 3240 1823 3305 addubitant,
1874 3260 2042 3312 quare
2066 3260 2124 3299 se

548 3330 660 3384 illis
707 3329 1162 3383 manifestaturus
1227 3341 1373 3384 esset
1404 3369 1419 3393 ,
1470 3341 1525 3385 ct
1598 3348 1706 3385 non
1772 3337 2017 3390 mundo?
2068 3338 2122 3391 Si

497 3473 505 3479 ,
549 3420 907 3474 manifestare
952 3420 1096 3474 idem
1135 3420 1323 3486 fuerit,
1359 3429 1414 3474 et
1448 3423 1748 3490 procedere
1798 3424 1978 3479 facere
2027 3440 2127 3479 ne-

550 3510 792 3566 cessario
821 3512 953 3580 ipsis
980 3511 1378 3576 asserentibus,
1433 3514 1790 3582 semetipsum
1830 3516 2125 3583 procedere

551 3601 730 3657 facere
778 3601 833 3655 in
888 3602 1009 3655 illos
1056 3602 1344 3670 promittit,
1385 3603 1530 3673 quod
1578 3605 1662 3658 vel
1709 3616 1892 3661 mente
1921 3608 2127 3677 agitare

549 3696 849 3750 absurdum
885 3704 968 3749 est
991 3704 1155 3763 atque
1184 3694 1435 3763 impium.
1466 3698 1533 3750 Et
1573 3712 1697 3751 cum
1746 3700 1889 3753 Deus
1948 3702 2126 3755 niani-

548 3785 750 3841 festare
773 3784 1130 3853 semetipsum
1159 3784 1328 3855 Moysi
1360 3788 1660 3841 secundum
1711 3789 1954 3856 eosdem,
1986 3792 2128 3861 seip-

548 3892 670 3929 sum
718 3875 1015 3945 procedere
1069 3874 1252 3929 facere
1311 3874 1452 3929 Deus
1500 3876 1672 3930 dicit:
1714 3878 1757 3931 si
1818 3882 2127 3934 necessario

548 3960 831 4037 effundere
859 3969 914 4013 et
944 3963 1244 4029 procedere
1260 3959 1443 4016 facere
1482 3963 1624 4017 idem
1660 3976 1810 4029 sunt,
1863 3968 1906 4020 si
1962 3968 2128 4039 igitur

452 4074 458 4080 -
548 4049 787 4119 Spiritus
810 4050 1020 4104 diceret
1044 4050 1353 4115 effundere,
1385 4052 1615 4107 haberet
1653 4055 1757 4109 hoc
1785 4072 2007 4111 causam
2038 4075 2129 4112 ve-

548 4142 856 4205 risimilem,
882 4142 1010 4197 licet
1036 4158 1146 4197 non
1176 4158 1381 4206 veram,
1409 4160 1559 4199 nunc
1597 4162 1728 4201 vero
1763 4165 1783 4197 ι
1819 4163 1886 4202 ex
1916 4150 2126 4219 Spiritu

554 4248 679 4288 meo
716 4251 736 4285 ι
776 4233 933 4289 dicit.
961 4234 1118 4300 Quod
1154 4236 1198 4290 si
1224 4235 1368 4289 idem
1397 4245 1482 4289 est
1513 4237 1726 4292 mittere
1749 4248 1805 4292 et
1833 4241 2128 4308 procedere

552 4324 753 4386 facere,
783 4321 1021 4392 Spiritus
1046 4333 1270 4379 sanctus
1285 4327 1427 4395 apud
1452 4324 1644 4379 lsaiam
1661 4326 1853 4381 Filium
1882 4329 2126 4391 mittens,

553 4416 849 4486 procedere
878 4414 1007 4471 facit
1030 4416 1233 4486 ipsum.
1272 4436 1292 4469 ι
1335 4417 1683 4488 Manifestaria
1711 4421 1893 4475 nullus
1928 4436 1994 4475 ex
2048 4422 2131 4476 di-

2229 3240 2286 3293 δὲ
2314 3239 2601 3310 ἀποροῦσι,
2633 3240 2775 3293 διατί
2807 3243 2988 3303 αὐτοῖς
3023 3242 3208 3310 μέλλει
3236 3241 3424 3295 ἑαυτὸν
3464 3236 3760 3309 ἐμφανίζειν,

2231 3333 2323 3385 καὶ
2354 3333 2473 3407 οὐχὶ
2496 3334 2573 3401 τῷ
2607 3333 2794 3401 κόσμῳ
2822 3349 2838 3397 ;
2869 3334 2917 3384 εί
2950 3334 3010 3385 τὸ
3035 3335 3359 3407 ἐμφανίζειν
3394 3332 3576 3387 ταυτόν
3602 3330 3666 3400 τῷ
3685 3331 3759 3381 ἐκ·

2233 3419 2506 3488 πορεύειν,
2542 3420 2598 3485 ἐξ
2632 3422 2875 3489 ἀνάγκης
2902 3420 3021 3473 κατ’
3044 3406 3246 3485 αὐτοὺς
3271 3422 3457 3475 ἑαυτὸν
3486 3417 3760 3489 ὲκπορεύειν

2232 3511 2415 3572 αὐτοῖς
2439 3512 2852 3578 ἐπαγγέλλεται,
2888 3511 2916 3563 ὃ
2951 3504 3014 3581 δὴ
3042 3515 3295 3581 ἐννοῆσαι
3318 3513 3516 3568 ἄτοπόν
3548 3514 3652 3565 ἐστι
3682 3511 3759 3561 καὶ

2232 3600 2444 3664 ἀσεϐές.
2480 3604 2586 3654 Καὶ
2607 3603 2696 3655 ὅτε
2726 3605 2754 3654 ὁ
2805 3602 2938 3665 Θεὸς
2975 3604 3299 3672 ἐμφανίζειν
3335 3605 3521 3658 ἑαυτὸν
3552 3618 3670 3672 φησι
3700 3598 3760 3667 τῷ

2233 3692 2457 3744 Μωῦσεῖ
2486 3693 2605 3745 κατ’
2632 3693 2855 3759 αὐτοὺς,
2901 3695 3095 3749 ἑαυτὸν
3150 3697 3471 3768 ὲκπορεύειν
3499 3698 3526 3750 6
3555 3695 3671 3754 Θεὸς
3695 3690 3763 3743 λέ·

2232 3800 2339 3851 γει.
2382 3803 2401 3835 ι
2445 3785 2555 3838 Καὶ
2580 3786 2671 3838 ὅτε
2697 3786 2894 3855 ἐκχεῶ,
2934 3805 2954 3839 ι
2987 3796 3176 3858 φησιν,
3237 3807 3259 3843 ε
3290 3790 3395 3844 ἀπὸ
3422 3787 3511 3841 τοῦ
3555 3783 3764 3852 Πνεῦμα.

2232 3873 2323 3937 τός
2354 3891 2454 3943 μου
2493 3876 2587 3929 ἐπὶ
2621 3877 2802 3929 πᾶσαν
2833 3877 3033 3947 σάρκα,
3071 3897 3090 3930 ι
3133 3879 3332 3933 ταυτὸν
3380 3877 3454 3948 τῷ
3485 3872 3762 3941 ὲκπορεύσω

2234 3965 2450 4025 πάντως
2473 3964 2643 4032 λέγει,
2676 3966 2724 4016 εἰ
2758 3964 2816 4030 ἐξ
2843 3966 3091 4036 ἀνάγκης
3115 3969 3177 4019 τὸ
3209 3969 3390 4040 ἐκχεῖν
3423 3964 3590 4019 καὶτὸ
3624 3964 3762 4015 ἐκπο-

2236 4053 2416 4123 ρεύειν
2447 4055 2662 4108 ταυτόν.
2691 4055 2751 4106 Εἰ
2783 4055 2883 4124 μὲν
2910 4052 3004 4109 οὖν
3030 4058 3092 4108 τὸ
3117 4057 3343 4125 Πνεῦμα
3384 4057 3562 4122 ἔλεγεν
3590 4052 3760 4119 ἐκχεῖν,

2233 4142 2381 4215 εἶχεν
2428 4145 2492 4199 ἄν
2535 4163 2657 4199 τινα
2697 4147 3051 4217 εὐπρόσωπον
3104 4149 3267 4216 λόγον
3289 4148 3463 4213 τοῦτο,
3510 4148 3555 4199 εί
3592 4138 3762 4209 καὶμὴ

2234 4238 2410 4307 ἀληθῆ
2432 4252 2444 4264 ·
2474 4240 2569 4291 νῦν
2589 4238 2645 4291 δὲ
2690 4256 2709 4289 ‹
2744 4240 2855 4292 ἀπὸ
2890 4240 2984 4293 τοῦ
3035 4240 3355 4312 Πνεὺματός
3382 4257 3500 4311 μου,
3536 4256 3554 4290 ι
3606 4235 3760 4303 φησίν.

2198 4376 2206 4385 .
2236 4331 2299 4382 Εί
2323 4329 2380 4382 δὲ
2410 4330 2503 4382 καὶ
2531 4330 2593 4381 τὸ
2628 4329 2982 4382 ἀποστέλλειν
3019 4332 3220 4385 ταυτὸν
3273 4330 3350 4400 τῷ
3380 4325 3673 4398 ἑκποριὺειν
3715 4323 3764 4372 τὸ

2238 4418 2462 4488 Πνεῦμα
2495 4420 2557 4471 τὸ
2588 4419 2744 4487 ἆγιον
2764 4421 2918 4490 παρὰ
2943 4420 3021 4491 τῷ
3047 4421 3254 4493 Ἡσαΐᾳ
3282 4422 3377 4476 τὸν
3405 4421 3520 4475 Υίὸν
3541 4411 3765 4472 ἀποστέλ-

550 4511 695 4565 vinis
740 4510 1012 4577 Patribus,
1070 4513 1201 4567 dum
1256 4529 1324 4568 ex
1384 4512 1547 4569 Patre
1579 4524 1635 4570 et
1693 4515 1855 4581 Filio,
1893 4516 2008 4571 sive
2029 4533 2124 4586 per

2229 4510 2357 4576 λων,
2401 4510 2691 4581 έκπορεύει
2760 4513 3003 4581 δηλονότι
3057 4515 3243 4568 αὐτόν.
3278 4532 3297 4566 ι
3366 4512 3438 4566 Τὸ
3470 4502 3766 4581 ἐμφανίζειν

551 4601 747 4657 Filium
787 4603 1053 4673 Spiritum
1086 4604 1326 4668 tradunt,
1364 4621 1658 4674 usurpasse
1687 4606 1991 4673 invenitur,
2030 4625 2129 4664 ne-

549 4711 659 4765 que
692 4711 758 4751 ex
789 4695 949 4750 nobis
976 4710 1087 4749 non
1111 4695 1303 4764 paucis
1330 4711 1584 4758 numero,
1648 4697 1745 4751 sed
1797 4713 1902 4753 nec
1948 4700 2027 4753 illi
2060 4700 2129 4754 ad

552 4801 693 4856 quos
723 4786 842 4856 ipse
885 4786 1218 4855 colloquium
1259 4787 1466 4856 dirigit,
1525 4788 1621 4842 sed
1666 4787 2013 4857 interpretis.
2070 4790 2159 4844 ut’

552 4889 708 4955 puto,
742 4893 928 4934 errore
957 4878 1158 4933 factum
1193 4891 1300 4941 est,
1340 4887 1397 4932 ut
1422 4879 1715 4949 φανεροῦν,
1765 4882 1910 4948 quod
1954 4884 2130 4935 mani-

526 4961 750 5029 ,festare
778 4977 885 5031 est,
909 4970 1005 5023 sed
1048 4982 1173 5021 raro
1209 4977 1529 5036 usurpatur,
1566 4983 1691 5022 cum
1715 4984 1827 5023 non
1860 4982 2006 5025 esset
2032 4971 2126 5040 qui

553 5071 700 5114 recte
718 5059 1190 5128 interpretaretur,
1226 5058 1619 5111 intruderetur.
1677 5060 1740 5112 Et
1791 5061 1938 5115 verbi
1986 5064 2127 5115 mitti

546 5147 915 5218 signiﬁcatum
942 5147 1076 5201 satis
1102 5160 1266 5214 supra
1307 5146 1635 5199 sententiam
1685 5147 1984 5201 adversarii
2037 5165 2126 5202 re—

548 5242 880 5308 darguentes
909 5236 1360 5293 examinavitnus.
1392 5235 1765 5291 Nihilominus
1819 5254 1884 5291 ex
1932 5242 1999 5293 iis
2029 5243 2127 5294 ab-

549 5333 754 5396 surdis,
793 5344 914 5400 quaa
945 5345 976 5383 a
1004 5329 1171 5384 verbo
1204 5328 1548 5397 manifestare
1580 5327 1698 5397 ipse
1741 5330 1955 5384 tidetur
2016 5335 2129 5387 col-

547 5423 740 5493 ligere,
801 5419 1046 5476 ostendit
1078 5419 1434 5488 semetipsum
1491 5418 1775 5474 universas
1801 5421 2070 5477 dictiones
2097 5439 2128 5476 a

545 5514 800 5569 Patribus
857 5513 915 5567 in
957 5512 1116 5569 dictis
1153 5526 1219 5564 ex
1265 5509 1426 5565 Patre
1459 5521 1513 5564 et
1566 5509 1723 5574 Filio,
1755 5512 1871 5566 sive
1902 5529 2001 5582 per
2036 5514 2127 5567 Fi-

543 5607 676 5662 lium
706 5604 1041 5669 enuntiatas,
1072 5619 1183 5657 non
1208 5602 1315 5656 alio
1340 5601 1645 5673 signiﬁcatu
1674 5602 1724 5654 iu
1762 5602 1895 5669 Deo,
1930 5613 1985 5658 et
2020 5605 2127 5661 alio

546 5711 741 5751 rursus
772 5695 896 5751 aliis
927 5696 982 5749 in
1015 5695 1170 5757 locis,
1203 5693 1300 5747 sed
1330 5694 1521 5749 eodem
1558 5703 1612 5746 et
1653 5709 1761 5747 uno
1790 5693 1843 5746 in
1872 5696 2127 5751 omnibus

539 5776 818 5853 .ccip‘ere,
874 5784 1019 5855 quod
1076 5786 1247 5852 magis
1306 5785 1483 5852 ipsum
1546 5783 1601 5835 in
1653 5782 1758 5834 alia
1809 5794 1970 5851 atque
2021 5786 2126 5840 alia

2228 4601 2352 4655 οὔτε
2380 4620 2464 4665 τις
2490 4605 2598 4656 τῶν
2628 4603 2928 4674 θεηγόρων,
2956 4606 3014 4658 ὲν
3050 4599 3134 4669 οἷς
3168 4610 3235 4662 ἐκ
3263 4607 3473 4677 Πατρός
3521 4604 3608 4658 καὶ
3638 4596 3763 4658 Υίοῦο

2229 4694 2263 4761 ἦ
2292 4686 2358 4746 δι’
2388 4693 2517 4747 Υίοῦ
2546 4695 2606 4746 τὸ
2636 4696 2860 4765 Πνεῦμα
2890 4696 3225 4766 θεολογοῦσι,
3272 4698 3556 4768 λαμϐάνων
3582 4693 3760 4765 ὁρᾶται,

2228 4784 2352 4839 οὕτε
2381 4802 2464 4848 τις
2492 4785 2599 4840 τῶν
2627 4786 2722 4840 τοῦ
2753 4788 3044 4842 πολλοστοῦ
3075 4789 3276 4859 μέρους
3307 4790 3481 4859 ἡμῶν,
3522 4786 3644 4839 ἀλλὰ
3682 4783 3771 4852 κὰτ

2232 4879 2427 4931 κείνων
2459 4880 2596 4948 πρὸς
2641 4878 2735 4942 οὓς
2768 4871 2925 4943 οὗτος
2977 4879 3125 4933 ἔθετο
3161 4882 3235 4934 τὰ
3278 4882 3377 4950 τῆς
3422 4879 3681 4940 διαλέξεως
3712 4873 3763 4921 ἐκ

2229 4965 2324 5018 τοῦ
2352 4967 2686 5038 διερμηνέως
2744 4965 2896 5037 οἶμαι
2920 4970 3076 5022 τοῦτο
3130 4969 3302 5036 δόξαι,
3354 4969 3605 5039 φανεροῦν
3660 4962 3763 5018 ἴσως

2232 5059 2518 5127 φαμένων,
2545 5061 2784 5123 σπανίως
2807 5061 3201 5131 εὑρισκομένου
3239 5061 3410 5115 ταῦτα
3433 5055 3761 5127 διερμηνεύειν

2232 5150 2437 5214 εἰδότος
2463 5152 2791 5221 εἰλικρινῶς,
2823 5153 2933 5204 Καὶ
2960 5154 3088 5219 περὶ
3114 5151 3211 5204 τοῦ
3267 5151 3652 5207 ἀποστέλλειν
3678 5146 3761 5210 ἀρ-

2232 5242 2470 5305 κοῦντως
2496 5243 2563 5295 τὰ
2594 5243 2727 5312 πρὸς
2750 5244 2972 5313 ἔλεγχον
2987 5244 3390 5314 διηυκρίνηται.
3426 5241 3602 5310 Ὅμως
3630 5235 3679 5298 ἐξ
3700 5226 3760 5283 ὧν

2231 5334 2603 5402 ἁτοπημάτων
2633 5336 2695 5386 ἐκ
2726 5333 2819 5387 τοῦ
2869 5334 3190 5404 ἐμφανίζειν
3254 5335 3498 5404 φαίνεται
3535 5330 3759 5392 συνάγωνγ

2231 5426 2559 5495 παρίστησιν
2594 5426 2787 5479 ἑαυτὸν
2822 5427 3132 5496 ῥηματικὰς
3160 5426 3379 5488 ἁπάσας
3430 5425 3619 5493 φωνᾶς,
3661 5419 3759 5472 ὅσαι

2230 5517 2344 5576 τοῖς
2395 5515 2673 5584 Πατράσιν
2717 5516 2773 5567 ὲν
2824 5517 2945 5578 ταῖς
2995 5517 3059 5569 ὲκ
3090 5516 3303 5585 Πατρὸς
3363 5517 3452 5571 καὶ
3478 5511 3616 5577 Υίοῦ,
3647 5508 3676 5581 ἢ
3707 5503 3760 5559 δι’

2231 5606 2361 5657 Υίοῦ
2402 5605 2703 5673 θεολογίαις
2736 5606 3090 5670 τρανοῦντας,
3121 5608 3198 5675 μὴ
3233 5608 3355 5661 καθ’
3380 5606 3560 5677 ἑτέραν
3608 5614 3760 5670 σημα-

2232 5698 2352 5751 σίαν
2374 5700 2466 5751 ἐπὶ
2497 5696 2655 5763 Θεοῦ,
2687 5698 2809 5752 καθ’
2842 5699 3037 5768 ἑτέραν
3065 5699 3111 5752 δ’
3139 5698 3299 5763 αὖθις
3336 5700 3613 5770 λαμϐάνειν
3660 5689 3759 5745 ἑτέ·

2234 5808 2393 5860 ρωσε,
2445 5791 2580 5844 ἀλλὰ
2620 5790 2760 5844 κατὰ
2795 5792 2921 5861 μίαν
2969 5793 3061 5846 καὶ
3105 5790 3207 5861 τὴν
3251 5792 3456 5860 αὑτήνο
3503 5789 3588 5842 καὶ
3631 5781 3759 5838 τοῦτο
