4072 6468
416 474 551 541 1319

1394 481 1699 542 CONTRA
1735 475 2163 540 MANUELEM
2204 452 2682 534 cnu'rENsizu.

3523 426 3660 535 231.0

342 652 347 657 θ
414 591 610 659 μᾶλλον
632 590 793 643 αὐτὸν
829 594 908 654 εἰς
939 593 1168 655 ἀτοπίας
1223 593 1466 661 ἐκφέρει,
1507 592 1603 644 καὶ
1666 589 1969 643 πλανᾶσθαι

2083 584 2308 636 absurda
2361 583 2599 644 deducit,
2646 591 2700 635 et
2731 583 2887 653 longe
2951 583 3168 653 lateque
3207 583 3456 638 aberrare
3504 584 3655 641 facit.

406 682 570 740 ποιεῖ,
604 680 728 749 οὐχὶ
754 679 818 733 τὸ
844 681 1203 749 ἐμφανίζειν,
1236 682 1352 752 ἤτοι
1405 683 1465 732 τὸ
1510 680 1835 749 φανεροῦν,
1880 677 1977 730 ἄλ-

405 770 512 833 λως
534 773 626 824 καὶ
645 772 818 835 ἄλλως
849 775 1157 842 νοούμενον.
1190 775 1252 827 El
1293 773 1507 842 γὰρμὼς
1550 773 1711 834 αὐτὸς
1766 756 1978 840 ἡγεῖται

407 865 503 915 καὶ
533 862 805 917 δείκνυσιν
838 864 928 917 ἐπὶ
954 864 1049 917 τοῦ
1084 865 1399 933 Πνεύματος
1433 865 1489 916 αἱ
1525 862 1767 935 ῥηθεῖσαι
1804 867 1980 930 φωναὶ

405 953 791 1023 ληφθήσονται,
833 956 964 1008 αὐτὸ
979 956 1040 1008 τὸ
1069 956 1453 1025 ἐκπορεύεται
1486 955 1674 1025 σχεδὸν
1704 955 1761 1007 ιν
1794 953 1978 1023 ἁπάσῃ

408 1045 600 1116 Γραφῇ
638 1048 846 1117 μυρίων
877 1047 1123 1099 δεκτικὸν
1146 1048 1389 1117 ὑπάρχον
1409 1045 1789 1107 διανοιῶν,-είς
1829 1046 1979 1096 ποῖον

407 1134 544 1199 εἶδος
570 1137 755 1190 τοῦτον
781 1139 840 1190 οὐ
869 1138 1148 1191 συνελάσει
1174 1136 1561 1207 βλασφημιῶνς
1589 1137 1668 1197 είς
1707 1130 1816 1188 οἷον
1866 1127 1927 1186 τό
1962 1149 1977 1163 ο

414 1247 432 1279 ι
469 1228 681 1298 Ὥσπερ
708 1228 967 1298 ἔκτρωμα
998 1229 1429 1298 ἐκπορευόμενον
1476 1229 1541 1281 ἐκ
1592 1226 1806 1297 μήτρας
1874 1243 1980 1294 μη-

403 1318 551 1388 τρὸς,
575 1337 595 1369 ι
630 1318 691 1371 τὸ
721 1321 779 1370 ἐν
819 1318 937 1371 Ἰὼὸ
966 1321 1291 1388 εἰρημένονς
1332 1320 1380 1370 εί
1412 1317 1471 1371 τὸ
1497 1318 1586 1369 ἐπὶ
1608 1317 1702 1368 τοῦ
1732 1316 1982 1384 Πνεῦμα-

402 1427 493 1472 τος
521 1409 902 1477 ἐκπορεύεται,
933 1411 1008 1473 ὡς
1036 1410 1193 1463 τοῦτο
1219 1411 1469 1480 λήψεται,
1504 1409 1647 1461 καθά
1681 1426 1845 1477 φησιν
1888 1411 1980 1462 ἐπὶ

401 1504 468 1573 τῇ
502 1500 593 1555 τοῦ
622 1502 963 1572 ἐμφανίζειν.
995 1503 1105 1555 Kal.
1136 1502 1293 1566 αὖθις
1332 1502 1393 1554 τὸ
1427 1502 1554 1570 περὶ
1596 1501 1688 1554 τοῦ
1743 1503 1980 1554 ἀντικει-

407 1594 568 1662 μένου
600 1607 613 1621 ·
641 1609 660 1643 ι
684 1593 778 1645 Ἐκ
802 1592 1066 1663 στόματος
1097 1594 1261 1646 αὐτοῦ
1287 1591 1675 1660 ἐκπορεύονται
1696 1590 1980 1661 λαμπάδες

402 1682 708 1750 καιόμεναι,
744 1683 809 1735 ἐκ
843 1682 1137 1753 μυκτήρων
1167 1683 1331 1735 αὑτοῦ
1383 1681 1741 1752 ἐκπορεύεται
1772 1682 1979 1740 καπνὸς

403 1771 633 1841 καμίνου
667 1774 957 1842 καιομένου
982 1775 1114 1843 πυρὶ
1143 1773 1449 1843 ἀνθράκων.
1465 1773 1669 1835 Φλὸξδὲ
1695 1774 1758 1825 ἐκ
1778 1775 1981 1842 στόμα-

404 1878 502 1923 τος
545 1862 712 1916 αὐτοῦ
761 1865 1139 1933 ἐκπορεύεται.
1177 1883 1196 1915 ι
1231 1865 1340 1918 Καὶ
1383 1864 1447 1917 τὺ
1488 1866 1546 1918 ἐν
1585 1865 1932 1932 Εὑαγγελίοις
1961 1882 1974 1896 ο

410 1973 428 2005 ι
468 1955 714 2008 Ἔσωθεν
765 1957 835 2008 ἐκ
863 1955 963 2024 τῆς
1012 1956 1237 2025 καρδίας
1278 1957 1387 2010 τῶν
1446 1955 1747 2026 ἀνθρώπων
1787 1958 1835 2009 οἱ
1862 1958 1977 2011 δια-

403 2045 655 2114 λογισμοὶ
679 2045 728 2098 οἱ
754 2038 919 2098 κακοὶ·
938 2046 1380 2115 ἐκπορεύονται.»
1408 2046 1519 2100 Kal.
1545 2045 1705 2099 πάλιν
1734 2062 1749 2076 ο
1775 2064 1792 2096 ι
1815 2047 1981 2098 Οὐδὲν

402 2136 551 2189 ἐστιν
583 2136 780 2198 ἔξωθεν
815 2136 907 2189 τοῦ
949 2136 1239 2206 ἀνθρώπου
1272 2137 1743 2208 εἰσπορευόμενον,
1778 2137 1805 2190 ὃ
1827 2138 1983 2191 δύνα-

402 2244 491 2279 ται
510 2228 766 2281 κοινῶσαι
790 2228 972 2293 αὑτὸν,
991 2227 1125 2280 ἀλλὰ
1146 2228 1215 2281 τὰ
1244 2230 1653 2298 ἐκπορευόμενα
1676 2231 1768 2284 ἀπ’
1791 2231 1978 2295 αὐτοῦ,

403 2319 588 2372 ἐκεῖνά
633 2323 739 2372 εἰσι
784 2321 853 2372 τὰ
893 2320 1177 2374 κοινοῦντα
1229 2322 1320 2374 τὸν
1369 2322 1675 2394 ἄνθρωπον.
1717 2341 1735 2374 ι
1768 2323 1876 2374 Καὶ
1902 2325 1981 2384 είς

402 2409 628 2479 ἄπειρον
640 2410 898 2489 Ῐάτεχνῶς
922 2412 955 2480 ὴ
983 2409 1073 2464 τοῦ
1099 2410 1483 2478 ἐκπορεύεται
1514 2411 1676 2481 λῆψις
1721 2411 1871 2481 παρὰ
1914 2414 1979 2481 τῇ

404 2500 525 2570 θείᾳ
553 2501 740 2572 Γραφῇ
769 2503 909 2555 κατὰ
946 2501 1179 2572 διάφορα
1216 2504 1614 2573 σημαινόμενα,
1650 2504 1746 2556 καὶ
1776 2503 1982 2555 τούτων

401 2590 557 2642 οὐδέν
587 2594 733 2642 ἐστιν
763 2592 919 2654 ὅλως,
973 2595 1037 2663 τῇ
1060 2592 1153 2646 τοῦ
1188 2593 1505 2662 Πνεύματος
1548 2594 1670 2664 ἔχον
1718 2592 1984 2665 ἐκπορεύ-

404 2697 485 2731 σει
503 2681 562 2731 τὸ
587 2681 1013 2756 ταυτοδύναμον,
1050 2685 1123 2753 μὴ
1155 2688 1249 2736 καὶ
1282 2686 1418 2755 μόνῃ
1444 2685 1574 2754 ψιλῇ
1612 2685 1827 2755 ἐπινοίᾳ
1857 2687 1981 2752 atq)-

401 2772 576 2841 δήτινι
606 2773 702 2824 τοῦ
722 2775 830 2826 τῶν
858 2776 1267 2845 Χριστωνύμων
1295 2777 1454 2831 τοῦτο
1509 2776 1741 2845 ληφθείη
1778 2777 1982 2845 συστή-

405 2880 574 2933 ματος
603 2879 618 2895 ο

344 2984 351 2990 -
401 2950 672 3021 λελέχθαι.
712 2951 851 3005 Ἀλλ’
881 2952 985 3019 ἔξω
1024 2953 1182 3007 τοῦτο
1213 2955 1314 3023 τῆς
1356 2955 1543 3025 θεϊκῆς
1598 2956 1981 3025 ἐκπορεύσεως

400 3046 498 3112 τῆς
534 3044 629 3097 τοῦ
652 3044 1022 3114 Πνεύματος·⁶
1060 3047 1182 3099 ἐπεὶ
1217 3048 1421 3109 καὶτὸ,
1453 3066 1471 3098 ι
1513 3047 1979 3117 Ἐκπορευομένου

400 3135 509 3188 ἀπὸ
547 3134 756 3206 Ἰεριχὼ
793 3154 812 3188 ›
850 3137 1099 3208 περὶτοῦ
1156 3136 1403 3205 Σωτῆρός
1428 3139 1543 3190 ἐστι
1589 3137 1878 3207 λεγόμενον
1924 3141 1980 3190 ἐν

663 2864 764 2917 κᾶν
801 2865 896 2917 ἐπὶ
923 2866 1163 2936 Χριστοῦ
1186 2867 1247 2919 τὸ
1273 2867 1596 2936 ἐμφανίζειν
1626 2867 1817 2919 ἑαυτὸν
1846 2870 1979 2936 φαίη
2018 2941 2027 2949 .

2085 690 2189 726 non
2254 676 2627 743 manifestare.
2688 683 2780 728 aut
2844 677 3143 744 patefacere
3193 677 3299 728 alio
3331 686 3493 744 atque
3548 678 3657 731 alio

2082 762 2385 832 signiﬁcatu
2429 763 2783 817 inzcileetum.
2812 762 2942 817 Nam
2974 765 3040 828 si,
3081 774 3139 818 ut
3192 765 3310 833 ipse
3363 766 3655 827 existimat.

2083 854 2451 923 ostenditque,
2483 855 2550 909 de
2581 855 2784 922 Spiritu
2814 864 3002 909 sancto
3039 871 3202 910 voces
3228 856 3402 910 allatae
3432 872 3657 911 Suman-

2085 952 2190 1007 tur,
2226 944 2401 1013 ipsum
2428 945 2660 1013 procedit
2690 945 2801 997 fere
2840 946 2892 997 in
2927 945 3182 998 universa
3239 943 3518 1015 Scriptura
3572 947 3659 999 in-

2083 1050 2341 1089 numeras
2371 1050 2539 1104 prope
2564 1037 2863 1090 sententias
2898 1045 3059 1105 atque
3100 1037 3410 1090 intellectus
3467 1037 3662 1091 admit-

2083 1134 2225 1190 tens,
2260 1126 2314 1179 in
2347 1141 2610 1194 quasnam
2645 1126 3012 1195 blasphemias
3066 1140 3176 1180 non
3230 1127 3562 1195 compellet?
3592 1126 3661 1181 E;
3726 1150 3739 1156 -

2081 1216 2318 1284 primum
2374 1217 2505 1270 illud
2552 1217 2694 1286 quod
2752 1218 2895 1286 apud
2952 1216 3144 1272 Jobum
3197 1218 3438 1288 legitur:
3505 1237 3524 1269 ι
3580 1219 3659 1272 uti

2082 1308 2302 1363 abortus
2335 1325 2365 1361 e
2395 1308 2554 1361 vulva
2603 1309 2792 1360 matris
2826 1310 3130 1377 procedens
3162 1310 3229 1371 ⁸ο,
3270 1327 3287 1359 ι
3329 1309 3376 1362 si
3408 1308 3658 1377 procedit

2081 1398 2149 1452 de
2187 1398 2392 1468 Spiritu
2427 1400 2695 1469 prolatum
2727 1400 2782 1453 in
2815 1399 3045 1454 similem
3082 1413 3306 1452 sensum
3339 1399 3658 1461 assumitur,

2083 1489 2162 1544 nti
2195 1491 2263 1545 de
2292 1507 2426 1545 voce
2446 1479 2725 1561 apparere
2752 1501 3050 1546 asseverat.
3092 1492 3159 1546 Et
3202 1508 3390 1546 rursus
3419 1493 3563 1562 quod
3593 1491 3661 1546 de

2081 1581 2321 1651 pessimo
2347 1584 2595 1638 daemone
2626 1584 2829 1637 dicitur
2857 1601 2870 1636 :
2909 1602 2928 1633 ι
2960 1584 3037 1637 Ex
3065 1599 3161 1638 ore
3189 1583 3332 1637 illius
3358 1584 3663 1652 procedunt

2080 1675 2355 1743 lampades
2386 1692 2649 1740 accensae,
2679 1692 2742 1730 ex
2773 1676 2998 1731 naribus
3032 1678 3153 1744 ejus
3180 1676 3430 1747 procedit
3473 1675 3658 1729 fumus

2081 1764 2341 1826 fornacis.
2373 1765 2498 1847 igqe
2539 1766 2842 1820 carbonum
2896 1781 3192 1820 succensae.
3227 1766 3466 1820 Flamma
3528 1779 3657 1817 vero

2082 1872 2149 1912 ex
2178 1874 2273 1912 ore
2303 1858 2446 1913 illius
2475 1859 2720 1928 procedit
2738 1859 2807 1912 '°.
2839 1878 2858 1911 ι
2897 1860 2964 1913 Et
2996 1859 3128 1914 illud
3193 1859 3247 1913 in
3310 1856 3654 1928 Evangeliis:

2093 1969 2110 2001 ι
2153 1949 2303 2006 Intus
2348 1967 2416 2005 ex
2478 1951 2642 2006 corde
2712 1951 3000 2006 hominum
3060 1951 3421 2022 cogitationes
3477 1964 3659 2019 pravae

2086 2043 2387 2110 procedunt
2415 2043 2502 2108 ἰς
2547 2062 2565 2093 ι
2599 2042 2877 2112 itemque:
2930 2062 2948 2095 ι
2987 2042 3130 2097 Nihil
3165 2043 3370 2098 deforis
3407 2043 3553 2095 intus
3604 2040 3658 2094 in

2088 2133 2366 2188 hominem
2380 2135 2648 2203 procedit,
2674 2137 2815 2204 quod
2849 2145 3029 2206 potest
3057 2136 3237 2205 ipsum
3274 2136 3538 2202 polluere,
3566 2135 3661 2191 sed

2084 2240 2205 2296 qua:
2248 2226 2547 2296 procedunt
2597 2241 2661 2279 ex
2721 2225 2861 2295 ipso,
2914 2226 3032 2296 ipsa
3076 2237 3204 2281 sunt
3250 2242 3370 2295 qua:
3418 2225 3666 2296 polluunt

2087 2319 2361 2372 hominem
2390 2321 2457 2372 ".
2495 2337 2514 2370 ›
2582 2322 2642 2373 Et
2695 2321 2982 2374 innumera
3024 2319 3183 2389 plane
3229 2328 3379 2381 sunt,
3415 2317 3483 2371 ad
3541 2333 3665 2387 qme

2085 2410 2395 2463 deuotanda
2427 2411 2644 2465 diverso
2683 2412 2990 2476 signiﬁcatu
3049 2410 3194 2483 apud
3229 2409 3466 2464 divinam
3518 2408 3667 2462 Scri-

2084 2508 2300 2568 pturam
2362 2500 2513 2552 verbi
2556 2501 2783 2564 hujusce
2828 2502 3063 2570 procedit
3115 2516 3246 2554 usus
3304 2499 3658 2553 assumitur:

2083 2605 2149 2643 ex
2175 2591 2371 2659 quibus
2393 2592 2599 2645 nullum
2629 2608 2852 2660 prorsus
2888 2593 3074 2651 fuerit,
3102 2592 3246 2661 quod
3281 2607 3407 2646 cum
3438 2608 3660 2661 proces-

2085 2686 2239 2734 sione
2271 2682 2511 2751 Spiritus
2546 2698 2700 2751 pares
2724 2684 2866 2737 vires
2894 2684 3191 2753 possideat,
3211 2699 3315 2737 nec
3361 2685 3472 2739 sola
3516 2685 3662 2738 nuda

2085 2773 2415 2842 cogitatione
2443 2774 2718 2844 quispiam
2756 2791 2823 2829 ex
2874 2776 3312 2830 Christianorum
3367 2790 3512 2832 coetu
3558 2793 3663 2830 un-

2084 2883 2247 2934 quam
2276 2868 2526 2938 accipiet,
2557 2869 2660 2923 etsi
2715 2871 3069 2925 manifestare
3101 2871 3342 2940 seipsum
3391 2872 3459 2925 de
3508 2869 3665 2925 Clu-i-

2064 2968 2169 3025 ,διο
2229 2955 2434 3009 dictum
2492 2973 2613 3011 esse
2662 2968 2887 3012 asserat.
2925 2959 3028 3013 Sed
3064 2961 3222 3030 longe
3261 2968 3524 3028 extraque
3561 2963 3664 3013 hoc

2084 3055 2168 3101 est
2205 3064 2235 3100 ε
2264 3047 2450 3101 divina
2484 3049 2833 3117 proet‘Ssione
2863 3049 3128 3119 Spiritus,
3169 3066 3291 3104 cum
3331 3061 3385 3105 et
3435 3051 3564 3104 illud
3596 3052 3664 3104 de

2086 3139 2365 3193 Salvatore
2400 3139 2457 3192 in
2507 3138 2814 3210 Evangvliis
2862 3142 3095 3205 dicatur,
3159 3159 3178 3192 ι
3215 3141 3547 3211 procedente
3595 3141 3662 3196 ab

401 3228 773 3297 Εὐαγγελίοις.
803 3230 910 3281 Καὶ
944 3229 1124 3294 πάλιν,
1166 3247 1185 3282 ι
1221 3229 1675 3300 Ἐκπορευομένῳ
1699 3230 1844 3298 αὐτῷ
1876 3229 1980 3282 ἀπὸ

2086 3231 2392 3286 Iericho".
2434 3252 2451 3283 ι
2488 3233 2827 3300 Rursusque,
2860 3252 2877 3285 ι
2918 3233 3308 3288 Proeedentem
3369 3235 3547 3304 ipsum
3596 3249 3661 3288 ex

412 3319 622 3391 Ἱεριχὼ
650 3320 1016 3392 ἠκολούθησεν
1060 3322 1215 3392 ὄχλος
1259 3321 1446 3384 πολύς.
1486 3339 1505 3372 ι
1572 3321 1734 3374 Ἀλλὰ
1790 3322 1980 3391 πόῤῥω

400 3411 573 3481 ταῦτα
595 3411 693 3479 τῆς
725 3411 991 3482 δηλούσης
1023 3412 1120 3483 τὴν
1157 3412 1328 3465 ἀΐδιον
1367 3415 1461 3466 καὶ
1516 3412 1774 3484 διάφορον
1805 3410 1982 3483 ῦπαρ-

402 3501 485 3569 ξιν
536 3503 635 3573 τῆς
663 3502 756 3557 τοῦ
809 3504 1122 3573 Πνεύματος
1159 3503 1557 3574 ἐκπορεύσεως.
1604 3504 1768 3557 Ὅθεν
1821 3508 1849 3558 ὁ
1882 3507 1980 3566 τὰς

402 3596 696 3664 νοουμένας
721 3595 905 3661 φωνὰς
930 3594 1106 3658 ἄλλως
1133 3595 1227 3648 ἐπὶ
1252 3597 1349 3666 τῆς
1381 3595 1571 3666 θεῖκῆς
1608 3597 1834 3665 προόδου
1866 3595 1983 3648 θεο-

404 3686 629 3756 πρεπῶς
650 3702 709 3737 τε
738 3687 831 3738 καὶ
862 3687 1231 3754 καταλλήλως,
1267 3688 1363 3739 καὶ
1401 3687 1579 3750 ἄλλως
1610 3687 1703 3739 ἐπὶ
1730 3685 1835 3738 τῶν
1890 3688 1977 3738 ἐκο

401 3780 490 3839 τὸς
516 3778 591 3849 μὴ
619 3775 763 3830 οὕτω
791 3775 1107 3847 λαμϐάνων,
1143 3777 1279 3832 ἀλλὰ
1314 3778 1647 3849 συνδρόμως,
1677 3780 1839 3842 αὐτὸς
1886 3781 1980 3831 καὶ

402 3869 495 3921 τοῦ
530 3868 711 3931 κακῶς
748 3868 1046 3938 λαμϐάνειν
1075 3871 1168 3922 καὶ
1206 3869 1300 3923 τοῦ
1346 3871 1529 3932 κακῶς
1590 3870 1979 3940 συμπεραίνειν

402 3961 575 4024 αἴτιος
606 3959 807 4031 ἐαυτῷ.
858 3960 922 4013 Ἡ
949 3962 1131 4029 μέντοι
1165 3963 1469 4032 φανέρωσις
1492 3962 1583 4014 ἐπὶ
1604 3961 1739 4015 Θεοῦ
1769 3959 1980 4030 λαμϐα-

401 4053 603 4123 νομένη
646 4054 726 4116 είς
760 4051 994 4122 ἀριθμὸν
1021 4052 1310 4123 θεωρεῖται
1338 4053 1734 4123 κατειλεγμένη
1765 4054 1870 4105 τῶν
1903 4051 1979 4122 μὴ

402 4145 525 4198 καθ’
561 4146 730 4208 αὐτὰς
769 4145 1120 4214 κεκτημένων
1142 4147 1209 4215 τῇ
1239 4145 1565 4216 ἐκπορεύσει
1611 4144 1673 4198 τὸ
1712 4145 1979 4215 ταυτοσή-

406 4253 626 4307 μαντον,
658 4236 797 4291 ἀλλά
824 4252 887 4303 γε
923 4236 989 4302 δὴ
1021 4237 1082 4289 τὸ
1112 4236 1400 4306 ἑπόμενον,
1434 4236 1656 4303 δόσεως,
1687 4236 1853 4304 φημὶ,
1887 4253 1978 4304 χο-

406 4330 624 4400 ρηγίας,
649 4330 744 4383 καὶ
771 4329 1054 4399 πέμψεως,
1088 4330 1216 4401 περὶ
1242 4321 1317 4381 ὧν
1354 4328 1465 4383 ἄνω
1514 4346 1615 4381 που
1646 4328 1833 4398 σαφῶς
1867 4328 1982 4397 διη-

402 4422 678 4491 γόρευται.
709 4420 921 4474 Οὐκοῦν
951 4422 1030 4484 είς
1079 4421 1140 4474 τὸ
1177 4421 1372 4474 ταυτὸν
1425 4419 1867 4473 ἐναπολέλειπται
1917 4419 1979 4472 τὸ

403 4512 618 4580 ἐκρεῖν.
1008 4540 1025 4546 -
1110 4542 1137 4560 .

2081 3324 2299 3378 Jericho
2324 3334 2507 3377 secuta
2536 3336 2615 3379 ist
2646 3327 2933 3379 multitudo
2965 3342 3155 3394 magna
3190 3327 3258 3379 “.
3292 3346 3309 3376 ι
3353 3327 3459 3381 Sed
3498 3344 3659 3395 quam

2082 3413 2401 3483 longissime
2452 3415 2658 3467 distant
2705 3414 2901 3467 similia
2958 3430 2987 3468 a
3045 3416 3394 3483 proccssione
3441 3425 3662 3468 notante

2082 3505 2470 3573 sempiternam
2529 3522 2591 3558 ac
2633 3505 2903 3557 diversam
2966 3503 3203 3581 Spiritus
3265 3506 3660 3558 exsistentiam.

2083 3595 2223 3649 llinc
2248 3595 2341 3664 qui
2368 3596 2540 3649 dictas
2575 3611 2738 3650 voces
2761 3596 2918 3649 aliter
2945 3596 3011 3649 de
3037 3596 3227 3650 divino
3251 3612 3564 3665 progressu,
3606 3608 3663 3649 ut

2085 3686 2252 3740 Deum
2289 3688 2513 3740 addecet
2542 3697 2597 3739 et
2623 3695 3009 3755 congruenter,
3043 3697 3097 3741 et
3132 3687 3290 3740 aliter
3320 3689 3388 3743 de
3421 3688 3663 3741 externis

2080 3775 2483 3847 pronuntiatas,
2544 3790 2652 3829 non
2700 3774 2779 3829 sic
2847 3775 3086 3845 accipit,
3139 3776 3233 3830 sed
3287 3776 3444 3844 quasi
3494 3793 3660 3830 unum

2082 3866 2411 3936 signiﬁcent,
2448 3868 2563 3936 ipse
2598 3867 2698 3920 sibi
2735 3882 2898 3921 causa
2930 3878 3031 3933 est,
3058 3869 3200 3937 quod
3223 3877 3277 3923 et
3329 3870 3464 3921 male
3514 3870 3663 3923 acci-

2082 3959 2216 4029 piat,
2247 3969 2301 4014 et
2331 3961 2473 4012 male
2518 3960 2824 4013 concludat.
2863 3959 3224 4014 Manil'estatio
3263 3960 3533 4030 siquidem
3593 3962 3662 4016 de

2084 4054 2195 4107 Deo
2250 4063 2472 4124 accepta
2499 4057 2555 4110 in
2596 4068 2784 4107 eorum
2841 4069 3068 4108 numero
3133 4053 3374 4123 ponitur,
3428 4069 3548 4123 quae
3597 4072 3663 4109 ex

2081 4147 2277 4217 seipsis
2321 4164 2432 4201 non
2481 4147 2763 4217 possident
2804 4148 3057 4200 eumdem
3117 4136 3244 4200 cuni
3311 4147 3661 4216 processione

2082 4239 2582 4308 signiﬁcatum,sed
2607 4238 2752 4292 illius
2779 4240 2924 4307 quod
2954 4239 3080 4293 inde
3102 4238 3369 4308 sequitur,
3397 4240 3657 4302 datianis,

2083 4336 2304 4404 inquam
2335 4375 2349 4400 ,
2398 4332 2875 4402 suppeditationis,
2917 4342 2971 4385 et
3015 4331 3311 4395 missionis,
3358 4332 3424 4387 de
3461 4333 3660 4402 quibus

2083 4442 2246 4496 supra
2270 4427 2428 4495 plene
2458 4440 2764 4479 sermonem
2810 4425 3127 4478 habuimus.
3180 4425 3290 4479 Nec
3335 4426 3441 4479 alio
3501 4427 3661 4480 modo

2083 4522 2150 4577 de
2178 4520 2345 4574 verbo
2374 4519 2572 4594 efﬂuere
2596 4517 3004 4573 edisserendum
3040 4526 3142 4573 est.

475 4570 564 4673 ιγ’.
602 4604 793 4675 Ἡμεῖς
827 4603 886 4658 δὲ
916 4604 1173 4667 πλείστας
1215 4604 1604 4675 παραθήσομεν
1656 4601 1829 4667 λέξεις
1882 4601 1975 4654 ἐπὶ¹

2086 4570 2378 4666 vigiles
2401 4570 2568 4680 'porro
2590 4570 3018 4680 quamplurimas
3037 4570 3306 4663 dictiones
3324 4624 3661 4679 apponemus

404 4697 539 4750 Θεοῦ
572 4697 846 4765 διαφανῶς
874 4696 954 4760 είς
975 4696 1109 4749 αὐτὸ
1130 4697 1289 4750 τοῦτο
1318 4694 1741 4766 συνερχομένας,
1775 4695 1849 4756 ὼς
1907 4694 1974 4748 ἂν

405 4789 486 4842 ἔτι
516 4790 718 4859 μᾶλλον
745 4787 1034 4858 γνωσθείη,
1064 4788 1138 4850 ὼς
1169 4788 1263 4841 καὶ
1296 4788 1355 4841 τὸ
1372 4787 1736 4857 ἐμφανίζειν,
1782 4789 1832 4841 εί
1885 4786 1976 4841 οῦ-

405 4898 512 4944 τως
534 4876 675 4950 εἶχεν
701 4879 1061 4950 ἐκφωνήσεως
1085 4879 1159 4940 ὡς
1184 4877 1365 4948 ἐτέθη,
1398 4880 1492 4931 καὶ
1537 4878 1611 4949 μὴ
1643 4878 1785 4933 οὕτω
1833 4895 1971 4940 πως,

407 4975 480 5037 ὡς
512 4972 825 5044 δεδήλωται,
843 4973 938 5025 καὶ
965 4969 1122 5023 τοῦτο
1148 4969 1472 5041 παραθεῖναι
1498 4970 1598 5022 οὐκ
1627 4971 1693 5024 ἂν
1745 4972 1975 5042 παρελίο

408 5083 602 5136 πομεν.
640 5065 793 5117 Ἔστι
826 5063 924 5135 μὲν
953 5062 1047 5116 οὖν
1065 5062 1175 5116 τῶν
1204 5063 1265 5116 τὸ
1298 5061 1701 5133 ταυτοδύναμον
1749 5081 1979 5134 τρανου-

411 5159 585 5230 μένων
604 5157 682 5226 τῷ
696 5157 1080 5225 ἐκπορεύεται
1111 5157 1172 5210 τὸ
1197 5156 1497 5226 πητάζειν,
1522 5157 1581 5208 τὸ
1599 5156 1975 5225 προχεῖσθαι,

407 5253 469 5304 τὸ
496 5251 755 5319 πρόεισι,
792 5248 853 5303 τὸ
879 5249 1233 5320 πεφηνέναι,
1259 5252 1342 5315 τὸ,
1396 5266 1415 5301 ι
1458 5251 1554 5303 Ἐκ
1579 5250 1672 5301 τοῦ
1710 5248 1847 5317 ἐμοῦ
1879 5250 1978 5318 λή-

406 5343 591 5413 ψυται,
626 5362 648 5397 ι
694 5344 787 5397 καὶ
824 5342 1008 5400 λοιπά.
1062 5343 1172 5398 Καὶ
1220 5342 1392 5398 ταῦτα
1436 5343 1533 5414 τῆς
1582 5343 1676 5394 ἐπὶ
1717 5342 1851 5395 Θεοῦ
1886 5343 1985 5411 μὲν

379 5434 624 5504 ρλήψεως
658 5432 855 5498 ἔξωθεν
888 5434 994 5487 τῶν
1029 5432 1354 5504 ὁμωνύμους
1383 5434 1687 5503 δεχομένων
1740 5432 1982 5494 διανοίας

410 5529 737 5599 ὑπάρχουσι,
769 5530 895 5599 μιᾶς
916 5529 973 5582 δέ
1000 5531 1095 5583 καὶ
1135 5529 1310 5599 ἁπλῆς
1356 5530 1453 5598 τῆς
1493 5530 1586 5581 ἐπὶ
1632 5527 1767 5580 Θεοῦ
1805 5543 1983 5596 σημα-

414 5621 533 5682 σίας
565 5621 894 5690 ἐμφαντικὰ,
923 5622 1174 5691 καθάπερ
1201 5623 1308 5691 ἄρα
1335 5620 1394 5674 τὸ
1412 5621 1816 5689 ἐκπορεύεται.
1874 5621 1982 5674 Καὶ

410 5711 470 5764 τὸ
494 5686 910 5784 μὲν-π-ηγάζειν,
950 5717 1031 5768 ὅτι
1053 5686 1251 5769 ταυτὸν
1287 5717 1435 5784 φωνῇ
1471 5686 1669 5785 τῇντῆς
1717 5713 2011 5784 ἐκπορεύκ

2083 4705 2151 4761 de
2174 4702 2284 4757 Deo
2306 4702 2606 4757 clarissime
2634 4701 2689 4759 in
2710 4701 2763 4756 id
2791 4700 2933 4754 idem
2958 4710 3371 4767 concurrentes,
3403 4711 3461 4756 ut
3492 4705 3662 4772 magis

2084 4813 2147 4852 ac
2193 4795 2364 4868 magis
2411 4796 2733 4861 innotescat,
2793 4794 2917 4847 ideo
2983 4810 3085 4849 nos
3145 4796 3249 4849 hoc
3300 4798 3661 4866 manifestare,

2081 4889 2226 4959 quod
2260 4902 2381 4946 non,
2418 4888 2489 4939 ita
2514 4899 2573 4939 se
2623 4885 2851 4938 haberet
2880 4885 3135 4952 prolatio,
3167 4887 3246 4939 uti
3281 4888 3453 4955 posita
3479 4898 3582 4951 est,
3612 4898 3666 4942 et

2082 4979 2176 5034 tali
2205 4979 2390 5039 modo.
2422 4985 2479 5031 ut
2499 4975 2802 5045 expositum
2823 4984 2927 5038 est,
2958 4991 3080 5029 cum
3106 4977 3225 5029 aliis
3248 4992 3355 5030 non
3377 4978 3662 5046 apposuis-

2085 5087 2163 5126 se.
2192 5069 2467 5123 Dictiones
2511 5068 2693 5136 itaque
2727 5082 2848 5137 quae
2885 5067 3137 5121 eumdem
3163 5084 3284 5122 cum
3316 5070 3664 5138 processime

2085 5162 2447 5230 signiﬁcatum
2481 5159 2801 5227 important,
2835 5167 2982 5222 sunt,
3011 5175 3282 5222 emanare,
3304 5160 3517 5229 effundi,
3544 5178 3663 5231 pro-

2089 5254 2263 5323 gredi,
2296 5252 2361 5320 et;
2383 5267 2665 5321 apparere,
2702 5266 2940 5324 necnon,
2979 5271 2997 5302 (
3024 5251 3097 5305 De
3126 5267 3247 5305 meo
3276 5252 3523 5318 accipiet,
3560 5272 3578 5302 ι
3605 5261 3665 5313 ,ει

2092 5348 2216 5399 alia.
2244 5342 2671 5410 lithachuidem
2686 5357 2810 5397 eum
2830 5343 2897 5397 de
2916 5344 2981 5398 iis
3006 5358 3126 5413 qua:
3148 5351 3300 5397 extra
3319 5343 3491 5397 Deum
3514 5355 3662 5410 sunt,

2094 5444 2451 5504 usurpantur,
2500 5435 2566 5488 ad
2610 5450 2672 5488 ea
2731 5450 2852 5504 quae
2910 5434 3267 5505 homonymos
3329 5434 3667 5507 signiﬁcatus

2090 5528 2387 5596 accipiunt,
2414 5524 2739 5589 elleruntur,
2763 5541 2887 5580 cum
2922 5526 2990 5579 de
3024 5525 3132 5577 Deo
3162 5541 3327 5577 unum
3361 5541 3423 5579 ac
3448 5526 3665 5593 simpli-

2089 5634 2206 5672 cem
2252 5617 2587 5687 eXprimunt.
2652 5617 2813 5670 sicuti
2878 5618 3042 5670 etiam
3090 5616 3217 5669 illud
3275 5608 3578 5686 procedere,
3611 5627 3666 5670 et

2088 5727 2340 5764 emanare
2374 5711 2593 5779 quidem
2619 5724 2730 5763 non
2762 5709 3038 5762 diversum
3082 5709 3211 5778 quid
3248 5727 3276 5762 a
3312 5699 3665 5776 processiune

484 5900 528 5932 “
557 5898 660 5956 Job
690 5914 919 5966 xxxvnt,
958 5899 1010 5954 8.
1087 5899 1130 5931 ²⁰
1161 5896 1263 5952 Job
1297 5912 1400 5963 xu,
1424 5896 1491 5950 10
1531 5938 1548 5963 ,
1579 5898 1665 5953 ll.
1760 5896 1803 5928 ¹¹
1828 5894 1980 5949 Μαι-οι

2083 5895 2236 5961 ι,21.
2315 5891 2533 5946 “Ibid.
2610 5857 3051 5952 υΜιιτωμιθ.
3128 5888 3402 5943 “Matth.
3451 5888 3653 5955 meo
