4072 6432
541 392 672 458 1351

1759 389 2086 450 GEORGII
2129 389 2592 449 ΜΕΤΟρΠιΤίΕ
2623 408 2627 413 ’

3614 394 3728 460 132

541 515 660 583 ipsa
686 522 878 566 notare
923 509 1089 565 ambo
1119 506 1361 579 ingentia
1413 505 1641 570 lumina,
1691 504 2119 560 immortalitatis

2224 519 2380 566 σεως,
2429 503 2596 573 ἅρῖφω
2644 503 2982 571 πεφθακότες
3039 503 3329 574 φωστῆρας
3382 508 3727 582 παρηγάγομεν

540 603 947 675 cognominem,
983 617 1197 655 necnon
1227 610 1284 655 et
1314 615 1378 654 ex
1410 598 1579 669 gratia
1617 613 1818 653 nomen
1849 598 1954 652 sibi
1992 598 2114 651 vin-

539 695 813 748 dicantem
842 692 1240 762 Chrysologum
1266 691 1471 761 ingenti
1498 704 1628 744 voce
1653 690 1932 743 edicentes
1949 702 2113 756 supra

539 769 886 839 adduximus.
941 785 1023 837 ’De
1054 782 1251 854 effundi
1278 791 1333 835 et
1369 780 1637 850 pregredi,
1692 789 1844 833 sexto
1881 778 1946 832 ad
1978 778 2115 832 Her-

543 874 705 928 miam
740 874 879 928 libro
911 889 941 927 a
978 873 1084 929 Deo
1113 874 1339 928 edoctus
1374 871 1609 941 Cyrillus
1653 871 1842 924 definit
1890 869 1943 923 in
1968 870 2116 923 hunc

542 965 766 1019 modum
793 981 807 1018 :
847 983 865 1015 ι
904 962 1043 1018 Num
1076 964 1174 1018 tibi
1202 973 1452 1033 apertum
1471 962 1790 1017 estallatum
1817 961 2110 1030 eloquium,

536 1067 595 1109 et
622 1056 830 1119 vidisti,
891 1055 1157 1125 Spiritum
1192 1056 1411 1124 quidem
1470 1054 1715 1108 veritatis
1764 1069 2114 1121 nuncupasse

541 1148 928 1203 Paracletum?
980 1149 1121 1203 dixit
1177 1149 1322 1203 enim
1360 1164 1484 1203 eum
1543 1149 1791 1217 progredi
1827 1164 1889 1201 ex
1931 1146 2111 1217 Patre,

540 1240 764 1309 propria
819 1240 922 1295 sibi
973 1240 1158 1293 omnia
1185 1255 1305 1307 qua:
1336 1238 1513 1291 Patris
1560 1247 1710 1298 sunt,
1740 1237 2054 1291 ostendens.
2091 1259 2107 1288 ι

539 1326 688 1382 Idem
717 1327 770 1381 in
807 1329 995 1382 eodem
1029 1330 1094 1382 ad
1119 1312 1421 1382 eumdem:
1454 1346 1471 1377 ι
1498 1326 1757 1396 lntelligis
1780 1329 1959 1395 itaque
1975 1343 2114 1394 quo-

540 1420 706 1473 modo
739 1419 816 1473 uti
843 1420 1125 1489 proprium
1161 1418 1322 1473 nobis
1348 1416 1565 1472 mittere
1598 1415 1858 1487 Spiritum
1887 1424 2115 1488 promit-

539 1508 606 1562 tit
634 1509 726 1578 qui
747 1525 812 1564 ex
868 1508 1032 1564 Patre
1063 1518 1170 1565 est.
1205 1510 1273 1563 Et
1303 1508 1565 1578 Spiritum
1603 1509 1825 1578 quidem
1869 1510 2113 1565 veritatis

538 1611 719 1655 vocat.
749 1600 969 1656 Eﬂ'undi
1001 1616 1131 1654 vero
1155 1616 1220 1654 ex
1255 1600 1376 1670 ipso
1404 1598 1566 1653 Patre
1594 1600 1857 1654 decrevit.
1882 1599 2113 1653 Necnon

539 1706 664 1744 eum
696 1692 763 1745 de
794 1692 913 1762 ipso
941 1691 1315 1746 testimonium
1345 1690 1746 1761 perhibiturum
1776 1691 2105 1761 praenuntitv

537 1783 635 1836 vit.
674 1801 692 1834 ι
745 1782 860 1850 Qua
914 1785 1125 1838 ratione
1155 1784 1245 1853 qui
1292 1784 1638 1852 manifestare
1701 1784 1952 1852 arripuit,
1997 1784 2113 1837 hate

536 1860 857 1942 praeteriit?’
871 1872 966 1928 Vel
992 1872 1267 1943 quomodo
1294 1883 1567 1943 praecepto
1600 1872 1881 1928 Dominico
1906 1875 1974 1928 de
1995 1890 2119 1943 per-

538 1966 877 2021 scrutatione
936 1965 1345 2037 Scripturarum
1399 1966 1849 2037 neglecto,'qu:e
1903 1980 2033 2020 casu
2086 1980 2117 2020 e

540 2057 723 2128 lingua
755 2058 1015 2113 excidunt
1048 2058 1116 2112 de
1146 2057 1386 2127 propriis
1416 2056 1729 2124 eloquitur?
1757 2056 1872 2120 Qua
1906 2056 2118 2110 ratione

537 2149 736 2203 horum
784 2159 838 2203 et
864 2149 1127 2203 similium
1182 2147 1239 2201 in
1270 2147 1564 2201 universali
1597 2162 1894 2217 congressu
1947 2147 2115 2201 duces

540 2241 595 2293 in
628 2240 984 2311 homonymas
1016 2239 1319 2294 sententias
1372 2239 1545 2293 adacti
1579 2248 1725 2303 sunt,
1771 2238 1860 2292 ubi
1892 2236 2114 2292 Patrum

539 2341 726 2385 vertex
786 2340 1020 2386 testatur
1078 2328 1418 2384 Salvatorem
1473 2331 1525 2383 in
1582 2329 1888 2399 Evangeliis
1938 2331 2113 2400 palam

539 2425 859 2478 enuntiasse
886 2423 1244 2493 profunditur,
1277 2430 1332 2475 et
1352 2422 1640 2492 egreditur,
1691 2423 1778 2476 ubi
1823 2422 1914 2476 ille
1937 2439 2116 2492 proce-

538 2512 616 2565 dit
651 2513 829 2568 fassus
849 2514 969 2568 est?
1000 2513 1106 2568 Sed
1157 2514 1259 2567 hoc
1288 2513 1636 2583 cogitationis
1664 2512 1897 2579 facinus,
1935 2514 2115 2583 aptius

539 2603 785 2657 stultitiae
833 2603 1041 2669 dixero,
1072 2607 1188 2673 ipse
1220 2603 1406 2657 divino
1457 2613 1593 2657 nutu
1626 2604 1783 2672 quasi
1804 2605 2114 2674 pr.1:vi.leiis

539 2697 816 2761 atnolitur,
859 2708 916 2752 et
963 2698 1258 2753 admodum
1300 2700 1605 2767 perspicue,
1651 2697 1778 2751 dum
1828 2697 2007 2767 Cyprii
2059 2707 2115 2751 et

538 2788 837 2844 Muzalonis
870 2791 937 2845 de
964 2789 1127 2844 Patre
1178 2791 1480 2861 procedere
1511 2799 1565 2843 et
1592 2788 1794 2844 (-ﬂ‘undi
1843 2790 1987 2843 idem
2035 2790 2115 2844 in-

539 2880 727 2934 dicare
759 2882 1136 2943 clamantium,
1165 2881 1233 2936 de
1259 2883 1398 2936 Filio
1447 2898 1579 2935 Vero
1611 2881 1788 2948 aliter,
1843 2898 1905 2936 os
1956 2884 2145 2939 obtur

541 2981 688 3028 rans,
710 2965 839 3021 illud
873 2985 891 3017 ι
930 2969 1120 3023 eadem
1147 2984 1251 3036 qua
1282 2981 1333 3023 et
1362 2986 1391 3022 a
1433 2970 1596 3023 Patre
1629 2972 1844 3025 ratione
1874 2991 1893 3023 ι
1921 2982 2113 3028 contra

539 3064 789 3128 opponit.
836 3060 1098 3115 Oratione
1139 3062 1405 3130 siquidem
1463 3063 1530 3117 ad
1592 3062 1905 3119 Nestorium
1957 3067 2113 3135 cujus

543 3152 909 3222 principium:
962 3173 981 3205 ι
1041 3154 1325 3209 Salvatore
1380 3163 1569 3210 nostro
1623 3157 1799 3224 palam
1847 3159 2107 3213 dicente:
2140 3174 2185 3233 ο

540 3243 644 3306 Qui
702 3245 873 3317 diligit
929 3257 1137 3315 patrem
1199 3256 1514 3300 et-matrem
1563 3262 1722 3314 super
1775 3264 1876 3311 me,
1904 3265 2005 3302 non
2038 3259 2114 3302 est

541 3336 826 3405 inediguus
864 3336 932 3399 ”,
1000 3354 1019 3386 ι
1082 3351 1194 3389 non
1241 3337 1346 3390 alia
1394 3337 1559 3389 verba
1619 3345 1847 3406 usurpat
1889 3353 1905 3389 :
1965 3356 1984 3386 ι
2028 3336 2117 3393 Li-

538 3434 629 3478 cet
681 3427 753 3479 sit
811 3425 1052 3494 Spiritus
1111 3426 1166 3479 in
1196 3426 1415 3495 propria
1475 3427 1755 3497 Itypostasi
1809 3435 1864 3480 et
1916 3441 2116 3481 ερρυη-

540 3518 670 3570 dum
729 3518 972 3585 scipsum
1026 3512 1388 3587 intelligatur,
1458 3534 1564 3588 qua
1613 3518 1852 3588 Spiritus
1906 3530 2010 3579 est.
2063 3530 2118 3575 et

545 3623 657 3661 non
683 3606 880 3672 Filius,
937 3609 1301 3666 nihilominus
1333 3628 1443 3666 non
1485 3625 1569 3667 est
1619 3613 1830 3669 alienus
1896 3614 1964 3668 ab
2012 3630 2113 3680 eo;

546 3700 784 3767 Spiritus
807 3702 951 3753 enim
988 3702 1247 3757 veritatis
1270 3704 1444 3760 dictus
1490 3715 1594 3763 est.
1629 3715 1687 3759 et
1724 3715 1811 3760 est
1865 3708 2117 3763 Christus

540 3792 772 3856 veritas,
798 3802 852 3846 et
877 3792 1175 3849 etl‘unditur
1217 3796 1286 3850 ab
1324 3797 1441 3866 ipso
1470 3799 1656 3852 eadem
1692 3814 1798 3864 qua
1821 3810 1874 3853 et
1905 3815 1935 3853 a
1960 3798 2120 3856 Patre

545 3882 783 3937 ratione.
819 3902 837 3934 ι
871 3882 978 3938 Sed
1004 3885 1355 3939 etalibilocis
1381 3885 1435 3939 in
1463 3888 1719 3943 omnibus
1736 3890 1942 3944 similes
1957 3907 2120 3947 voces

548 3987 843 4041 usurpans,
893 3991 912 4024 ι
954 3973 1454 4051 Quemadmodum,
1491 3995 1509 4027 ι
1550 3978 1649 4041 ait,
1674 3956 1707 4029 ἰ
1750 3980 1818 4033 de
1858 3981 1974 4049 ipso
2012 3980 2120 4036 Deo

547 4075 604 4117 et
628 4062 791 4118 Patre
828 4065 1175 4137 intelligitur.
1210 4066 1380 4122 iHinc
1440 4070 1798 4139 disjiciuntur
1859 4073 2120 4131 adversus

546 4156 833 4209 veritatem
904 4148 1172 4211 novorum
1225 4170 1663 4216 commentorum
1723 4163 2013 4231 machinae,
2067 4175 2124 4222 et

546 4247 730 4300 divina
764 4262 900 4301 voce
945 4249 1324 4318 conﬁrmatur,
1361 4253 1713 4319 eﬂ‘usionem,
1776 4264 1832 4311 et
1868 4272 2119 4328 progres-

549 4354 699 4404 sum,
736 4347 792 4393 et
840 4342 1254 4408 processionem
1297 4360 1466 4398 unum
1524 4345 1775 4416 idemque
1831 4362 1972 4403 esse.
2032 4347 2123 4405 Sic

549 4429 708 4498 plane
752 4429 1096 4485 confidenter
1128 4448 1285 4487 mens
1317 4433 1609 4504 theologia:
1663 4436 1900 4506 evigilis,
1948 4447 2004 4493 et
2052 4453 2118 4494 ex

2219 596 2344 658 τοὺς
2374 595 2660 664 μεγάλους,
2694 598 2780 649 τὸν
2809 596 3130 668 φερώνυμον
3172 596 3271 666 τῆς
3314 597 3603 664 ἀθανασίας,
3648 608 3727 656 καὶ

2215 687 2308 739 τδν
2334 687 2712 757 χαριτώνυμον
2751 688 3093 758 Χρυσολόγον
3137 690 3514 759 μεγαληγόρως
3553 695 3729 766 ἀνακη-

2222 779 2546 846 ρύττοντας·
2582 780 2708 849 περὶ
2734 782 2787 832 δὲ
2815 782 2907 833 τοῦ
2944 781 3316 850 προχεῖσθαι.
3387 784 3475 835 καὶ
3529 791 3730 854 πρόεισι

2215 867 2291 935 τῷ
2312 867 2453 938 ἕκτῳ
2471 866 2583 921 τῶν
2618 870 2751 935 πρὸς
2793 869 3052 940 Ἑρμείαν
3074 872 3329 940 θεόσοφος
3352 872 3596 944 Κύριλλος
3613 875 3728 931 οὓτω

2217 958 2486 1026 θεολογεῖ·
2529 980 2546 1011 ι
2581 954 2649 1012 Ἀ
2661 963 2728 1029 ρά
2752 979 2831 1013 σοι
2854 963 3024 1032 σαφὲς
3055 964 3115 1017 τὸ
3136 965 3421 1034 παροισθὲν
3443 967 3726 1035 ὲστιλόγιον,

2218 1050 2308 1100 καῖ
2334 1049 2732 1121 προσδέδορκας
2765 1054 2845 1105 ὅτι
2879 1054 3099 1124 Πνεῦμα
3129 1056 3226 1124 μὲν
3258 1034 3500 1125 ἀληθείας
3519 1034 3727 1128 ὠνόμασε

2214 1139 2306 1191 τδν
2339 1142 2691 1209 Παράκλητον
2722 1161 2736 1207 ;
2763 1138 3008 1212 Ἔφηγε
3042 1148 3170 1213 μὴν,
3205 1146 3279 1209 ὡς
3312 1147 3539 1216 πρὼισιν
3560 1146 3619 1199 ’ἐκ
3641 1150 3725 1201 [11-

2214 1230 2361 1296 τρδς,
2416 1231 2524 1283 ἴδια
2558 1232 2735 1283 πάντα
2778 1233 2994 1295 δεικνὺς
3038 1234 3231 1289 ἑαυτοῦ
3258 1235 3323 1289 τὰ
3350 1237 3439 1290 τοῦ
3476 1239 3676 1305 Πατρός.
3711 1258 3726 1291 ι

2224 1321 2284 1374 '0
2306 1324 2466 1385 αὐτὸς
2482 1324 2538 1374 ἐν
2564 1323 2641 1394 τῷ
2670 1324 2818 1395 αὐτῷ
2848 1327 2987 1396 πρὸς
3037 1329 3127 1380 τὸν
3148 1327 3311 1381 αὐτόν
3333 1345 3346 1359 ·
3399 1349 3417 1380 ι
3447 1329 3620 1399 Συνίης
3657 1329 3730 1383 οὖν

2212 1414 2361 1476 ὅπως
2384 1415 2456 1477 ὡς
2498 1415 2624 1467 ἴδιον
2652 1418 3029 1488 καταπέμψειν
3053 1421 3183 1489 ἡμῖν
3212 1420 3583 1489 ἐπαγγέλλεται
3610 1421 3662 1473 τὸ
3682 1424 3731 1472 ἐκ

2212 1505 2303 1558 τοῦ
2336 1504 2572 1577 Πατρός.
2614 1509 2728 1561 Καὶ
2774 1509 2996 1579 Πνεῦμα
3034 1511 3130 1578 μὲν
3175 1511 3427 1579 ἀληθείας
3474 1513 3729 1563 ἀποκαλεῖο

2213 1596 2531 1666 προχεῖσθαί
2564 1615 2626 1667 γε
2662 1601 2767 1671 μὴν
2794 1598 3035 1664 ἒξαῦτοῦ
3063 1601 3353 1671 διωρίσατο
3398 1602 3486 1654 τοῦ
3542 1603 3729 1673 Πατρίς.

2217 1689 2329 1742 Καὶ
2368 1690 2475 1758 μην
2505 1690 2585 1743 ὅτι
2613 1693 2955 1764 μαρτυρήσει
3004 1694 3133 1763 περὶ
3161 1690 3330 1747 αὑτοῦ
3360 1692 3684 1763 προεμήνυσε.
3714 1713 3728 1744 i

2218 1780 2341 1842 Πῶς
2370 1782 2396 1832 ὅ
2425 1780 2486 1832 τὸ
2529 1781 2851 1849 ὲμφανὶζειν
2885 1784 3142 1853 ἑλόμενος
3195 1785 3369 1838 ταῦτα
3405 1784 3736 1856 παρέδραμενς

2223 1869 2292 1921 Ἢ
2318 1868 2430 1932 πῶς
2448 1869 2734 1939 ὀλιγώρως
2751 1871 2889 1941 ἔχων
2911 1874 3140 1944 ἐρεύνης
3162 1875 3268 1944 τῆς
3290 1872 3391 1926 τῶν
3423 1871 3645 1945 Γραφῶν,
3662 1875 3739 1926 καὶ
3842 1864 3849 1870 ’

2222 1956 2420 2028 μᾶλλον
2455 1960 2702 2013 ἐντεῦθεν
2726 1962 2825 2031 τῆς
2845 1963 3183 2032 Δεσποτικῆς
3200 1966 3437 2033 ἐντολῆς,
3466 1966 3741 2034 τᾶτυχαως

2217 2049 2431 2102 οἴκοθεν
2456 2054 2522 2121 τῇ
2557 2051 2772 2124 γλώττῃ
2802 2055 3192 2125 προφερόμενοι
3221 2055 3543 2124 φθέγγεται;
3578 2052 3681 2113 Πῶς
3698 2051 3743 2105 δὲ

2219 2138 2405 2192 τούτου
2438 2144 2533 2194 καὶ
2560 2142 2666 2194 τῶν
2697 2144 2898 2213 ὁμοίων
2943 2145 2993 2196 oi
3041 2147 3285 2215 προαγοὶ
3337 2147 3416 2209 είς
3462 2147 3745 2215 ὁμωνυμιὼν

2217 2229 2601 2300 ἀπηνέχθησαν
2652 2234 2897 2297 ἐπινοίας
2962 2236 3313 2305 παγκοσμῖου
3381 2233 3739 2298 συνελεῦσεως,

2218 2319 2347 2374 ἔνθα
2370 2322 2626 2393 Πατέρων
2654 2326 2682 2377 ὁ
2712 2327 3005 2395 κορυφαῖος
3044 2328 3102 2379 ὲν
3151 2327 3501 2396 Εὐαγγελίοις
3539 2326 3622 2378 τὸν
3650 2325 3743 2377 Σωο

2216 2416 2368 2486 τῆρα’
2395 2416 2754 2487 μαρτύρεται,
2784 2418 3090 2487 προχεῖται
3120 2418 3291 2488 φάναι
3341 2414 3618 2488 διαρρήδην
3665 2414 3741 2466 καὶ

2217 2508 2511 2573 πρόεισιν,
2573 2501 2656 2571 οἷς
2714 2508 2936 2580 εἴρηκεν
2982 2508 3416 2577 ἐκπορεύεται;
3465 2505 3612 2560 Ἀλλὰ
3645 2502 3741 2556 τόδε

2216 2597 2471 2668 τόλμημα
2503 2601 2564 2653 τὸ
2592 2601 2689 2669 τῆς
2711 2600 2973 2664 ἐπινοίας,
3009 2601 3356 2671 οἰκειοτέρως
3405 2596 3451 2651 δ’
3501 2599 3655 2651 εἰπεῖν
3694 2596 3742 2645 τὸ

2216 2690 2312 2759 τῆς
2339 2690 2614 2757 ἀπονοίας,
2646 2693 2674 2743 ὀ
2704 2691 2864 2754 αὐτὸς
2895 2692 3153 2758 θεοφόρος
3186 2689 3321 2744 ὡσεί
3368 2708 3447 2752 τις
3497 2701 3745 2759 προηρατιι

2216 2780 2310 2842 κὸς
2344 2780 2733 2850 καταστρέφει,
2769 2781 2864 2832 καὶ
2890 2779 3033 2833 οὕτω
3060 2780 3398 2850 περιφανῶς,
3426 2774 3505 2841 οἷς
3549 2777 3746 2846 Κυπρίῳ

2216 2872 2307 2925 καὶ
2326 2871 2402 2942 τῷ
2424 2872 2766 2935 Μουξάλωνι,
2793 2873 2886 2925 ἐπὶ
2917 2873 3016 2942 μὲν
3046 2873 3139 2925 τοῦ
3180 2872 3394 2944 Harpe;
3418 2869 3475 2925 τὸ
3500 2873 3747 2939 ἐκπορεύο

2214 2981 2363 3028 stat,
2392 2966 2485 3017 ml
2508 2954 2817 3034 προχεῖται
2847 2965 2907 3017 τὸ
2932 2965 3063 3018 αὐτὸ
3093 2961 3241 3020 εἶναι
3268 2965 3548 3035 φωνοῦσιν.
3592 2966 3672 3016 ἐπὶ
3703 2960 3748 3013 δὲ

2214 3055 2309 3109 τοῦ
2354 3054 2485 3107 Υἱοῦ
2536 3055 2598 3108 τὸ
2646 3056 2822 3118 ἄλλως
2851 3055 2995 3108 κατά
3042 3057 3222 3124 στόμα
3279 3049 3670 3126 προσυπαντῶν,
3704 3050 3752 3101 τὸ

2214 3147 2410 3215 καθὼς
2464 3145 2823 3219 ἁντιτίθησιν.
2885 3145 2975 3202 Ἔν
3024 3146 3134 3216 γὰρ
3193 3147 3271 3219 τῷ
3324 3149 3457 3219 πρὸς
3497 3144 3752 3213 Νεστόριον

2214 3240 2357 3313 λόγῳ
2394 3229 2463 3294 ob
2511 3243 2544 3312 ἡ
2589 3240 2732 3312 ἀρχή
2760 3254 2777 3272 ⁶
2832 3258 2851 3293 ι
2883 3239 2990 3295 Τοῦ
3039 3238 3296 3313 Σωτῆρος
3339 3238 3493 3312 ἡμῶν
3540 3239 3754 3305 λέγοντος

2216 3333 2481 3402 ἐναργῶς,
2499 3333 2565 3386 '0
2587 3331 2785 3402 φιλῶν
2815 3333 3042 3401 πατέρα
3071 3334 3110 3403 ἢ
3128 3334 3358 3405 μητέρα
3374 3331 3518 3399 ὑπὲρ
3542 3328 3638 3399 ἐμὲ
3660 3327 3751 3381 οὐκ

2215 3422 2347 3478 ἔστι
2356 3442 2478 3492 μου
2490 3422 2567 3488 ἇξ
2572 3442 2682 3490 loc,
2708 3443 2728 3477 ι
2751 3425 2872 3479 κατ’
2887 3422 3013 3488 ἔπος
3033 3423 3209 3480 ταῦτά
3227 3440 3413 3496 φησιν’
3435 3443 3453 3475 ι
3480 3422 3543 3477 Ei
3561 3418 3645 3476 καὶ
3657 3418 3753 3472 ἔστι

2218 3519 2275 3569 τὸ
2293 3514 2519 3586 Πνεῦμα
2536 3519 2594 3570 ἐν
2617 3515 2915 3571 ὑποστάσει
2937 3515 3104 3587 ίδικῇ,
3122 3519 3223 3571 καὶ
3237 3518 3302 3588 δὴ
3321 3519 3413 3571 καὶ
3435 3516 3623 3571 νοεῖται
3650 3505 3751 3565 καθ’

2219 3590 2403 3673 tauro,
2422 3606 2557 3661 καθὸ
2579 3606 2809 3678 Πνεῦμα
2832 3608 2949 3663 ὲστι
2975 3610 3069 3662 καὶ
3087 3608 3188 3680 οὐχ
3205 3608 3357 3673 Υἱὸς,
3388 3606 3498 3662 ἀλλ’
3516 3606 3604 3661 οῦν
3629 3607 3753 3657 ἐστιν

2217 3698 2317 3751 οὐκ
2352 3696 2635 3768 ἀλλότριον
2673 3698 2862 3755 αὐτοῦ.
2917 3696 3144 3770 Πνεῦμα
3188 3700 3302 3771 γὰρ
3360 3696 3605 3770 ἀληθείας
3641 3692 3755 3747 ὠνό-

2222 3806 2450 3859 μασται,
2476 3790 2573 3843 xui.
2604 3788 2724 3843 ἐστι
2757 3790 2995 3862 Χριστὸς
3027 3794 3060 3863 ἡ
3104 3789 3361 3864 ἀλήθεια,
3390 3789 3482 3846 καὶ
3507 3787 3755 3859 προχεῖται

2220 3881 2352 3949 παρ’
2393 3880 2581 3949 αὐτοῦ,
2615 3881 2865 3955 καθάπερ
2912 3882 3104 3954 ἀμέλει
3149 3887 3248 3939 καὶ
3277 3888 3340 3940 ὲκ
3384 3882 3477 3938 τοῦ
3521 3878 3752 3950 Πατρός.»

2228 3970 2395 4025 Ἀλλὰ
2444 3973 2538 4026 καὶ
2591 3971 2827 4044 ἀλλαχοῦ
2884 3975 3199 4046 πανταχόσε
3247 3976 3451 4044 φωναῖς
3501 3972 3555 4027 ὲν
3601 3983 3757 4039 παρα-

2223 4063 2494 4134 πλησίοις,
2519 4066 2817 4137 ιΚαθάπερ
2842 4065 3054 4136 ἀμέλει,
3070 4089 3089 4120 ο
3112 4068 3336 4136 φάσκει,
3359 4083 3379 4118 ι
3402 4063 3493 4120 καὶ
3515 4063 3594 4118 ἐπ’
3617 4056 3754 4116 αὑτοῦ

2220 4157 2422 4209 νοεῖται
2464 4154 2557 4208 τοῦ
2587 4154 2723 4211 Θεοῦ
2763 4158 2857 4210 καὶ
2894 4155 3128 4228 Πατρός.
3158 4176 3178 4210 ι
3220 4156 3386 4210 Ὅθεν
3428 4152 3755 4210 ἀπελαύνεται

2224 4247 2326 4319 μὲν
2358 4248 2462 4319 τῆς
2481 4245 2739 4319 ἀληθείας
2767 4248 2829 4302 τὸ
2869 4246 2981 4303 τῶν
3026 4249 3460 4321 ὲπινενοημένων
3486 4241 3759 4315 ἐφευρεμά·

2219 4357 2330 4393 των
2376 4340 2707 4412 μηχάνημα,
2762 4337 3073 4411 βεϐαιοῦται
3101 4340 3160 4396 δὲ
3189 4338 3485 4414 θεοστιῖμου
3528 4335 3692 4409 φωνῆς
3726 4333 3752 4401 ἦ

2221 4432 2487 4501 ταυτότης
2537 4426 2678 4487 εἶναι
2724 4433 2828 4502 τῆς
2873 4432 3232 4504 προχύσεως,
3273 4434 3371 4490 καὶ
3402 4430 3634 4505 προόδου,
3673 4428 3751 4480 καὶ

546 4534 611 4572 ea
639 4518 740 4573 sibi
794 4535 994 4575 nomen
1054 4537 1341 4578 assumens
1385 4523 1583 4580 clamat
1618 4544 1632 4580 :
1672 4545 1690 4579 ι
1732 4525 1921 4599 Neque
1974 4530 2119 4587 enim

2224 4524 2624 4593 ὲκπορεύσεως,
2659 4507 3099 4595 παῤῥησιάζετάι
3131 4526 3189 4579 δὲ
3238 4528 3335 4580 καὶ
3374 4526 3470 4596 τῆς
3507 4518 3751 4586 θεολογίας

548 4625 652 4665 nos
683 4610 751 4665 de
808 4613 1128 4668 nominibus
1177 4619 1609 4685 conteudcinus,
1665 4620 1841 4678 donec
1877 4624 2122 4681 eamdem

545 4703 880 4756 sententiam
914 4704 1130 4775 syllaba
1159 4718 1573 4776 repraesentant.
1613 4730 1631 4760 ι
1672 4708 1994 4783 Rursusque
2038 4729 2127 4769 re-

549 4807 672 4845 rum
720 4794 1074 4851 invisibilinm
1153 4811 1432 4869 spectator
1497 4817 1727 4873 magnus
1788 4804 2122 4875 Dionysius:

552 4900 575 4932 ί
610 4885 652 4934 Δ
690 4885 904 4939 ratione
935 4886 1195 4954 alienum,
1216 4892 1557 4960 maximeque
1584 4894 1902 4959 absurdum,
1939 4915 1958 4947 ›
1980 4912 2128 4952 asse-

550 4987 702 5037 rens,
756 4992 774 5026 ι
815 4991 925 5030 non
984 4978 1090 5031 vim
1148 4981 1320 5048 ipsam
1384 4981 1620 5036 instituti
1669 4984 1971 5051 attendere,
2030 4988 2123 5041 sed

548 5064 751 5132 verba;
792 5081 969 5135 neque
995 5069 1101 5123 hoc
1131 5071 1417 5140 proprium
1452 5081 1537 5127 est
1576 5089 1767 5129 eorum
1803 5078 1893 5146 qui
1919 5093 2006 5132 res
2039 5079 2126 5133 di-

550 5155 709 5208 vinas
740 5156 1051 5224 intelligere
1086 5160 1336 5228 cupiunt,
1382 5160 1477 5215 sed
1526 5176 1695 5217 sonos
1740 5164 1909 5218 exiles
1943 5165 2128 5234 auspi-

548 5256 768 5311 cantur,
801 5248 1133 5315 eosdemque
1172 5249 1516 5305 extrinsecus
1555 5265 1689 5305 aure
1727 5262 1888 5308 tenus
1919 5254 2123 5309 admit-

547 5343 697 5403 tunt,
730 5354 747 5389 ι
814 5347 928 5392 tum
982 5343 1202 5394 demum
1254 5340 1477 5395 subdit:
1518 5360 1537 5393 ι
1576 5344 1744 5409 Quasi
1798 5358 1907 5399 non
1962 5346 2125 5402 liceat

548 5439 788 5497 quatuor
814 5446 912 5501 per
946 5431 1032 5487 bis
1063 5432 1171 5487 duo
1200 5433 1529 5502 signiﬁcare,
1564 5445 1660 5490 aut
1719 5436 1997 5505 simplices
2055 5439 2125 5491 li-

550 5535 686 5574 neas
728 5536 823 5591 per
854 5523 1029 5579 lineas
1058 5538 1256 5589 rectas,
1302 5536 1398 5580 aut
1436 5536 1745 5581 maternum
1796 5529 1974 5583 solum
2027 5544 2126 5599 per

550 5614 807 5679 patriam,
865 5624 960 5669 aut
1007 5617 1311 5684 quodlibet,
1360 5633 1457 5688 per
1497 5620 1550 5673 id
1601 5620 1745 5687 quod
1794 5620 1846 5672 in
1874 5620 2125 5690 pluribus

625 5794 669 5824 "
700 5793 882 5849 Matth.
922 5812 975 5862 ι,
1000 5796 1089 5851 57.

2226 4618 2256 4670 ὁ
2292 4620 2563 4687 γρήγορος
2593 4613 2720 4679 νοῦς
2741 4616 2837 4670 καὶ
2872 4616 3193 4689 φερώνυμος
3228 4616 3516 4690 κεκραγώς
3539 4630 3553 4645 ο
3589 4631 3606 4664 ι
3639 4608 3754 4664 Οὐδὲ

2227 4707 2336 4778 γὰρ
2368 4709 2494 4774 περὶ
2522 4706 2632 4761 τῶν
2660 4707 2938 4776 ὀνομάτων
2966 4690 3451 4780 ζυγομαχὴσομεν,
3481 4707 3581 4768 ἓως
3609 4700 3668 4756 ἄν
3692 4702 3755 4759 είς

2226 4798 2327 4869 τὴν
2365 4798 2535 4869 αὐτὴν
2564 4798 2773 4853 ἔννοιαν
2805 4800 2861 4852 αἱ
2895 4800 3163 4855 συλλαὸαὶ
3199 4792 3488 4872 φέρωσινίι
3525 4792 3671 4857 Αὖθίς
3706 4806 3754 4843 τε

2230 4892 2338 4945 τῶν
2374 4891 2620 4946 ἀθεάτων
2648 4894 2678 4945 ὁ
2706 4890 2907 4964 θεατὴς
2931 4895 2959 4947 ὁ
2987 4892 3154 4956 πολὺς
3183 4892 3459 4956 Διονύσιος
3479 4906 3495 4922 ⁸
3520 4908 3540 4943 ι
3560 4886 3757 4952 ’Δλογον

2230 4982 2324 5035 καὶ
2346 4982 2535 5037 σκαιὸν
2565 4984 2708 5037 πάνυ
2752 4979 3043 5039 ἀποκαλῶν
3099 4986 3160 5039 τὸ
3201 4982 3277 5057 μὴ
3330 4984 3396 5056 τῇ
3444 4980 3651 5049 δυνάμει
3678 4974 3754 5027 τοῦ

2229 5076 2433 5125 σκοποῦ
2471 5075 2779 5145 προσέχειν,
2814 5073 2949 5129 ἀλλὰ
2978 5075 3099 5140 ταῖς
3121 5073 3338 5141 λέξεσιν
3357 5091 3373 5107 ο
3409 5070 3503 5128 καὶ
3526 5072 3667 5125 τοῦτο
3693 5064 3755 5138 μὴ

2228 5164 2337 5215 τῶν
2365 5164 2432 5217 τὰ
2474 5163 2594 5217 θεῖα
2641 5168 2784 5218 νοεῖν
2810 5165 3103 5222 ἐθελόντων
3150 5162 3284 5220 ἴδιον
3325 5162 3464 5219 εῐναι
3483 5206 3497 5230 ,
3522 5161 3643 5215 ἀλλά
3665 5158 3754 5210 τῶν

2226 5252 2392 5323 ἧχους
2433 5254 2620 5322 ψιλοὺς
2675 5256 2794 5319 ταῖς
2851 5257 3045 5321 ἀκοαῖς
3089 5257 3507 5329 εἰσδεχομένων,
3541 5273 3560 5306 ο
3590 5250 3752 5348 ὲπάῖίι

2229 5345 2423 5413 λέγων’
2462 5365 2480 5399 ι
2533 5348 2713 5419 Ὀπερ
2746 5348 2848 5402 οὐκ
2877 5348 2997 5415 ἐξὸν
3040 5349 3131 5403 τὸν
3173 5350 3415 5421 τέσσαρα
3451 5344 3660 5418 ἀριθμὸν
3683 5341 3752 5394 διὰ

2228 5436 2322 5490 τοῦ
2352 5437 2432 5501 δὶς
2463 5437 2557 5491 δύο
2604 5440 2912 5510 σημαίνειν,
2967 5440 3001 5513 ἢ
3049 5441 3115 5495 τὰ
3142 5440 3507 5512 εὐθύγραμμα
3553 5435 3632 5489 διὰ
3665 5426 3753 5483 τῶν

2230 5530 2657 5604 ὁρθογράμμων,
2708 5535 2865 5606 ἢτὴν
2897 5538 3132 5607 μητρίδα
3177 5537 3268 5591 διὰ
3296 5540 3395 5606 τῆς
3432 5531 3687 5603 πατρίδος.
3725 5524 3751 5591 ἦ

2232 5625 2419 5695 ἕτερον
2450 5626 2556 5680 τῶν
2597 5620 2811 5693 πολλοῖς
2843 5629 3036 5702 μὲρεσι
3065 5630 3156 5685 τοῦ
3199 5631 3360 5700 λόγον
3406 5627 3558 5682 ταντδ
3584 5635 3753 5693 σημαι-
