4072 6402
298 401 435 468 1353

1282 403 1585 468 CONTRA
1623 401 2057 467 MANUELEM
2096 403 2576 466 CRETENSEM.

3399 403 3535 500 ist

293 521 512 576 νόντων.
552 537 571 572 ι
611 520 793 592 Ἀπερ
822 521 851 574 6
895 518 1163 590 σύνεγγυς
1194 520 1386 576 τούτου
1420 522 1863 595 προτεθειμένυς,

1976 520 2236 576 orationis
2264 520 2508 591 partibus
2553 517 2863 589 aaquivalet.
2906 536 2925 571 ι
2963 518 3086 575 llaec
3115 498 3210 590 qui
3264 528 3390 575 ante
3414 498 3547 576 deum

293 613 389 667 καὶ
417 612 554 684 πρὸς
588 611 734 667 ἅπαν
754 612 1033 685 όμόφρων,
1072 617 1131 667 ἐν
1168 613 1245 684 τῷ
1273 614 1406 685 περὶ
1431 614 1526 668 τοῦ
1548 613 1869 685 Πνεύματος

291 705 436 773 λόγῳ
483 705 622 776 πρὸς
668 705 762 759 τὸν
813 706 1058 758 ἐναντίον
1112 705 1419 775 μεθοδεύων
1468 704 1614 759 οὕτω
1657 704 1866 775 φησίν·

297 812 319 846 ι
349 795 410 848 Εἰ
441 794 498 847 δέ
544 811 641 848 σου
674 795 740 847 τὰ
781 794 862 858 δὶς
906 795 1070 848 πέντε
1112 794 1401 860 λέγοντος,
1436 795 1468 866 ἢ
1510 795 1572 849 16
1609 795 1691 858 6i;
1730 794 1872 848 ἐπτά

289 886 359 940 τὰ
393 886 526 939 δέκα
558 885 816 956 υυνῆγον,
853 886 887 956 ἢ
925 887 996 938 τὰ
1020 887 1521 958 τεσσαρεσκαίδεκα
1550 888 1615 939 ἐκ
1641 887 1748 940 τῶν
1779 886 1872 939 λε-

290 978 562 1048 γομένων,
598 973 708 1048 ἆρα
753 977 819 1032 ἀν
855 995 936 1032 σοι
979 979 1166 1049 ληρεῖν
1206 979 1536 1051 ἐνομίσθην;
1581 980 1674 1033 καὶ
1723 978 1869 1045 πῶς,

291 1066 364 1121 τά
398 1068 466 1120 σά
494 1066 671 1136 λέγων
694 1084 708 1135 ;
747 1086 766 1120 ι
798 1069 917 1121 Ἔτι
940 1086 1000 1122 τε
1019 1069 1271 1138 Μάξιμος
1298 1073 1326 1123 6
1349 1070 1441 1125 τὸν
1467 1069 1630 1140 ζῆλον
1656 1069 1753 1123 καὶ
1771 1067 1872 1141 τὴν

291 1159 581 1229 ὁμολογίαν
609 1158 1030 1230 ἀξιοθρύλλητος
1064 1162 1164 1232 βοᾷ
1187 1161 1472 1230 διατόρωςο
1508 1181 1528 1214 ι
1551 1161 1738 1225 Φωνάς
1773 1162 1872 1232 μὲν

293 1250 556 1314 πολλάκις
591 1252 718 1314 τοὺς
749 1252 1002 1321 Πατέρας
1035 1256 1406 1326 παραχωρεῖν,
1444 1254 1654 1316 ἐννοίας
1690 1252 1747 1306 δὲ
1777 1253 1870 1306 ού-

293 1341 490 1412 δαμοῦ,
513 1342 595 1394 ὅτι
622 1341 698 1413 μὴ
729 1343 786 1393 ἐν
809 1343 1073 1412 ῥήμασιν,
1101 1343 1217 1396 ἀλλ’
1250 1346 1307 1396 ἐν
1337 1343 1568 1406 ἐννοίαις
1590 1345 1689 1414 τῆς
1720 1345 1875 1397 εὐσε-

294 1435 448 1497 ϐείας
472 1435 532 1487 16
560 1437 701 1504 μέγα
732 1436 1055 1507 μυστήριον.
1090 1455 1109 1488 ι
1146 1439 1207 1489 Οί
1230 1436 1360 1505 γοῦν
1390 1436 1459 1490 τὰ
1480 1438 1574 1508 τῆς
1596 1436 1873 1507 διαμάχης

293 1527 402 1580 τῶν
450 1527 787 1596 Ἐκκλησιῶν
828 1527 885 1580 ἐν
918 1528 1275 1598 προσχήματι
1304 1527 1468 1598 ζήλου
1504 1528 1707 1598 μᾶλλον
1735 1546 1872 1597 κρα-

292 1619 543 1683 τύνοντες
567 1619 860 1689 ὁσημέραι,
896 1618 999 1672 ποῦ
1025 1620 1122 1691 τὴν
1147 1619 1314 1690 ἕδραν
1345 1620 1564 1690 ἔχουσιν
1591 1620 1871 1691 ἡδρασμέ-

293 1731 414 1783 νην,
440 1713 522 1766 ὅτι
554 1712 631 1783 μὴ
661 1711 915 1783 καθαρῶς
945 1713 1023 1774 είς
1046 1711 1312 1782 λαμπρὰν
1335 1712 1444 1765 τῶν
1472 1713 1873 1784 διειλημμένων

297 1806 564 1876 ῥημάτων
615 1821 674 1857 τε
721 1805 816 1858 καὶ
865 1802 1177 1876 προσώπων
1221 1805 1683 1875 ἀντιπαράταξιν;
1727 1805 1873 1876 Πλὴν

294 1896 602 1966 θεωρητέον
626 1896 721 1948 καὶ
739 1895 937 1959 λοιπὰς
965 1894 1325 1962 τῶνξ,λέξεων,
1353 1895 1409 1948 αῖ
1432 1896 1492 1949 16
1511 1896 1708 1949 ταυτὸν
1728 1912 1871 1965 παρ-

298 1986 488 2040 ιστῶσι
516 1986 595 2057 τῷ
645 1987 1029 2055 ἐκπορεύεται.
1062 1987 1196 2041 Οὐδὲ
1226 1986 1335 2057 γὰρ
1377 1988 1496 2041 δέον
1530 1987 1597 2051 ἃς
1632 1988 1876 2060 ἀπηριθ-

298 2078 554 2149 μήσαμεν
597 2076 785 2132 ἐνθάδε
837 2076 1259 2147 παραδραμεῖν,
1312 2079 1361 2130 εί
1417 2080 1509 2131 καὶ
1549 2082 1615 2133 ἐκ
1661 2080 1877 2136 πολλῶν

294 2171 485 2239 ὀλίγας
515 2171 646 2241 ἡμῖν
672 2170 789 2223 ἐστι
813 2170 874 2223 16
905 2170 1178 2237 παράγειν
1207 2170 1527 2239 μαρτυριῶν
1546 2170 1646 2225 καὶ¹
1671 2172 1875 2226 λοιπῶν

299 2267 526 2321 θέσεων.
557 2264 768 2321 Οὐκοῦν
793 2266 920 2336 περὶ
942 2263 1038 2318 τοῦ
1068 2265 1408 2334 πεφηνέναι
1428 2265 1537 2318 τῶν
1560 2267 1874 2335 κεφαλαίων

295 2361 355 2412 ἐν
380 2358 460 2411 ἐνὶ
485 2356 586 2429 τῷ,
616 2358 699 2411 ὅτι
729 2357 848 2410 θεία
887 2356 1051 2425 φύσις
1080 2357 1140 2410 τὸ
1162 2355 1389 2428 Πνεῦμα
1428 2357 1489 2411 τὸ
1536 2358 1691 2427 ἅγιον
1715 2360 1743 2412 6
1781 2375 1877 2429 με-

295 2451 560 2521 γαλόνους
603 2449 731 2503 τάδε
755 2448 1063 2518 διαγορεύει
1109 2448 1409 2512 Βασίλειοςο
1446 2466 1465 2501 ι
1500 2448 1729 2520 Πνεῦμα
1765 2450 1875 2522 γὰρ

294 2542 376 2612 τῷ
405 2541 571 2606 ζῶντι
612 2539 773 2610 Λόγῳ
815 2537 1248 2607 συντεταγμένον
1286 2539 1367 2601 είς
1398 2538 1459 2591 16
1487 2537 1872 2609 δημιουργεῖν,

240 2614 450 2699 ⁸ζῶσα
481 2630 713 2700 δύναμις
744 2631 838 2683 καὶ
880 2629 1002 2683 θεία
1047 2627 1210 2698 φύσις
1252 2629 1495 2701 ἄρῤητος
1530 2627 1590 2693 ἐξ
1629 2629 1873 2700 ἀρρήτου

299 2727 570 2795 στόματος
606 2724 904 2792 πεφηνυῖα.
940 2740 959 2774 ι
1005 2720 1066 2774 '0
1101 2720 1263 2783 αὐτὸς
1290 2721 1348 2772 ἐν
1384 2723 1450 2790 τῇ
1483 2719 1750 2790 ἑρμηνείᾳ
1780 2719 1873 2773 τοῦ

298 2815 377 2887 λβ¹
404 2813 644 2885 ψαλμοῦ·
682 2831 702 2866 ι
726 2812 815 2876 Ὦς
844 2808 939 2867 οῦν
967 2815 994 2866 6
1014 2810 1347 2881 δημιουργὸς
1366 2810 1543 2880 ’Λόγος
1567 2811 1873 2880 ἐστερέωσε

297 2907 389 2960 τὸν
420 2905 671 2975 οὐρανὸν,
708 2903 850 2957 οὕτω
878 2904 973 2956 καὶ
1000 2902 1060 2955 16
1094 2901 1320 2970 Πνεῦμα
1356 2901 1448 2955 τοῦ
1473 2899 1633 2967 Θεοῦ,
1661 2900 1690 2954 6
1721 2901 1873 2973 παρά

298 2996 393 3050 τοῦ
435 2995 644 3065 Πατρδς
670 2992 1045 3064 ἐκπορεύεται,
1087 2991 1364 3045 τουτέστιν
1394 2993 1458 3045 ἐκ
1481 2989 1575 3044 τοῦ
1606 2991 1876 3060 στόματος

302 3087 490 3143 αὐτοῦ.
518 3105 538 3139 ι
586 3085 654 3140 ⁸⁸0
702 3085 833 3154 γοῦν
881 3086 1061 3138 ἐκεῖσε
1101 3101 1119 3135 ι
1149 3083 1269 3137 θεία
1310 3083 1472 3153 φύσις
1522 3084 1581 3150 ἐξ
1626 3084 1871 3156 ἀρρήτου

1975 612 2227 685 proxime
2250 612 2539 684 appositus
2605 620 2709 678 est,
2765 621 2822 667 et
2862 611 2917 666 in
2954 612 3210 668 omnibus
3268 627 3395 667 eum
3437 613 3553 682 ipso

1975 704 2318 760 concordans
2367 703 2619 760 oratione
2651 702 2720 758 de
2783 701 3015 773 Spiritu,
3060 704 3116 758 in
3179 704 3553 759 adversarium

1975 793 2217 864 dirigens
2247 795 2398 850 hunc
2444 794 2498 849 in
2527 792 2750 850 modum
2787 794 3032 873 disponit
3065 810 3081 849 :
3125 814 3143 846 ι
3172 794 3328 860 Quod
3354 795 3419 858 si,
3460 794 3554 850 ubi

1975 894 2031 940 tu
2067 885 2274 943 dixeris
2318 885 2404 941 bis
2443 885 2688 956 quinque
2735 894 2833 941 aut
2885 886 2971 941 bis
3017 895 3252 956 septem,
3301 900 3402 958 ego
3458 886 3556 940 de-

1973 992 2116 1044 cem,
2148 988 2244 1033 aut
2267 977 2453 1048 decem
2485 987 2543 1033 et
2588 987 2822 1047 quatuor
2844 979 3152 1049 colligerem
3203 994 3271 1034 ex
3304 993 3552 1050 pronun-

1975 1071 2143 1137 tiatis,
2190 1080 2551 1141 reputarerne
2603 1071 2702 1126 tibi
2757 1071 2963 1126 insulse
3010 1071 3307 1142 inepteque
3364 1071 3556 1142 loqui?

1975 1160 2045 1216 Et
2094 1161 2372 1230 quomodo
2410 1159 2465 1215 id
2497 1159 2686 1224 fuerit,
2714 1175 2837 1214 cum
2866 1169 2960 1216 tua
2992 1161 3111 1230 ipse
3149 1162 3419 1216 recitem?
3462 1159 3559 1216 Sic

1975 1261 2032 1306 et
2059 1251 2330 1308 Maximus
2362 1252 2479 1308 zelo
2528 1262 2583 1308 et
2622 1252 2974 1309 confessione
3012 1254 3424 1309 laudatissimus
3471 1270 3559 1309 so-

1976 1357 2114 1398 nore
2141 1343 2344 1399 clamat
2385 1360 2399 1398 :
2452 1361 2470 1396 ι
2512 1343 2690 1399 Voces
2722 1358 3105 1414 saepenumero
3144 1345 3428 1415 deiloqnos
3456 1344 3559 1399 Pa-

1975 1449 2088 1496 tres
2116 1441 2442 1506 concedere,
2491 1440 2795 1495 sententias
2832 1440 2984 1496 nullo
3032 1441 3216 1504 modo,
3268 1440 3410 1511 quod
3444 1456 3559 1495 non

1976 1531 2031 1585 in
2057 1531 2263 1598 verbis,
2291 1532 2388 1588 sed
2432 1530 2723 1587 sententiis
2755 1531 2978 1601 pietatis
3028 1538 3310 1603 magnum.
3353 1542 3559 1603 myste-

1977 1623 2119 1678 rium
2145 1623 2382 1680 exsistit.
2422 1642 2443 1676 ι
2477 1623 2583 1690 Qui
2631 1624 2817 1693 itaque
2852 1622 3226 1678 Ecclesiarum
3267 1621 3556 1677 dissidium

1976 1715 2241 1771 simulato
2270 1715 2390 1771 zelo
2440 1704 2614 1787 magis
2644 1730 2709 1771 ac
2753 1716 2927 1785 magis
2948 1714 3181 1786 singulis
3210 1713 3407 1769 diebus
3427 1727 3559 1768 con-

1978 1805 2290 1870 stabiliunt,
2320 1805 2544 1861 ubinam
2597 1807 2792 1876 pedem
2825 1806 3041 1861 ﬁrmum
3074 1806 3297 1872 sistunt,
3323 1819 3558 1874 seseque

1979 1909 2207 1950 securos
2245 1895 2507 1961 reddunt,
2542 1896 2649 1952 nisi
2692 1897 2989 1968 perspicue
3038 1898 3094 1952 in
3128 1906 3321 1967 aperta
3360 1897 3559 1952 verbo-

1979 2002 2102 2041 rum
2133 2002 2299 2058 supra
2315 1988 2618 2059 positorum
2642 2004 2706 2044 ac
2726 1990 3559 2061 personarumioppugnatione?

1978 2077 2353 2135 Nihilominus
2380 2079 2501 2135 aliae
2532 2095 2750 2152 quoque
2779 2096 2944 2138 voces
2966 2083 3381 2137 considerandae
3407 2091 3558 2149 sunt,

1978 2185 2102 2240 qua
2152 2187 2265 2226 non
2297 2171 2447 2227 aliud
2481 2188 2646 2243 quam
2680 2172 2855 2243 ipsam
2909 2174 3321 2244 processionem
3347 2173 3560 2244 signiﬁ-

1978 2270 2131 2317 cant.
2172 2259 2359 2332 Neque
2392 2261 2540 2317 enim
2563 2278 2747 2333 operae
2772 2257 3010 2333 pretium
3049 2272 3136 2319 est
3175 2264 3310 2320 alias
3337 2278 3560 2318 enume-

1977 2361 2128 2408 ratas
2175 2353 2268 2410 hic
2313 2355 2618 2424 prmterire,
2672 2354 2805 2410 licet
2844 2369 2912 2410 ex
2965 2354 3152 2410 multis
3196 2369 3402 2427 paucas
3452 2356 3560 2411 huc

1977 2447 2175 2502 aﬂ'erre
2199 2447 2266 2503 ad
2301 2448 2708 2518 comprobanda
2741 2447 3143 2518 statuendaque
3172 2464 3294 2520 quae
3322 2449 3559 2504 dicimus

1977 2539 2194 2595 animus
2221 2539 2320 2594 sit.
2352 2540 2433 2594 De
2483 2556 2747 2610 apparere
2780 2540 2835 2594 in
2874 2556 2983 2596 uno
3014 2555 3083 2596 ex
3145 2542 3441 2613 capitibus,
3502 2543 3559 2598 in

1976 2645 2086 2700 quo
2119 2630 2317 2701 agitur,
2346 2631 2546 2686 divina:
2584 2640 2796 2687 natura:
2825 2646 2949 2688 esse
2980 2630 3247 2701 Spiritum
3279 2641 3557 2697 sanctum,

1976 2736 2172 2792 magna
2211 2732 2396 2777 mente
2425 2723 2686 2793 praeditus
2710 2722 2944 2779 Basilius
2968 2724 3086 2780 haec
3114 2724 3350 2780 scribit:
3383 2740 3404 2777 ι
3429 2723 3559 2795 Spi-

1976 2811 2115 2867 ritus
2140 2812 2287 2866 enim
2331 2827 2439 2866 una
2467 2827 2591 2866 cum
2648 2812 2870 2870 vivente
2908 2812 3091 2869 Verbo
3130 2814 3455 2879 collocatus,
3489 2812 3558 2868 ad

1976 2902 2272 2957 creandum
2303 2903 2497 2959 vivens
2531 2902 2766 2959 facultas
2791 2913 2846 2960 et
2876 2905 3086 2973 divina,
3134 2915 3331 2961 natura
3373 2905 3561 2960 inell‘a-

1976 2993 2101 3050 bilis
2113 3010 2177 3048 ex
2202 2994 2458 3049 ineliabili
2482 3010 2576 3050 ore
2597 3011 2888 3066 apparens.
2910 3015 2930 3050 ι
2951 2998 3100 3053 Idem
3131 2998 3187 3052 in
3212 2998 3560 3069 expositione
3588 2996 3599 3007 '

1978 3080 2179 3138 Psalmi
2227 3082 2492 3154 trigesimi
2529 3085 2756 3139 secundi
2821 3102 2836 3140 :
2897 3104 2917 3138 ι
2956 3086 3055 3143 Uti
3111 3089 3296 3156 itaque
3341 3097 3561 3144 creator

301 3183 572 3250 στόματος
621 3179 930 3248 πεφηνυῖα,
959 3195 977 3228 ι
1038 3176 1272 3230 ἐνταῦθα
1311 3178 1469 3231 τοῦτο
1510 3179 1720 3249 τρανῶς
1755 3196 1775 3230 ι
1811 3180 1874 3232 ἐκ

1978 3174 2219 3231 Verbum
2253 3176 2453 3231 caelum
2500 3176 2755 3244 ﬁrmavit,
2807 3178 2886 3234 sic
2936 3186 2991 3235 et
3028 3178 3270 3249 Spiritus
3320 3181 3557 3252 Dei,qui

300 3272 395 3326 τοῦ
432 3271 703 3341 στόματος
755 3267 1139 3338 ἐκπορεύεται.
1174 3285 1194 3320 ι
1245 3270 1356 3324 Καὶ
1411 3270 1529 3333 πῶς
1577 3272 1606 3322 ό
1656 3270 1878 3341 ὑψίνους

296 3363 505 3426 ταῦτα,
538 3363 588 3414 εί
620 3361 696 3430 μὴ
731 3360 789 3414 ἓν
818 3364 911 3414 καὶ
941 3361 1000 3413 τὸ
1030 3360 1163 3414 αὐτὸ
1210 3359 1355 3414 κατὰ
1389 3360 1513 3414 νοῦν
1539 3357 1680 3417 οἶδεν
1708 3362 1877 3431 ἄμφω

299 3454 361 3507 16
390 3449 727 3521 πεφηνέναι
754 3451 848 3505 καὶ
876 3452 1312 3519 ἐκπορεύεσθαι
1336 3467 1357 3515 ;
1394 3451 1519 3504 Ὅτι
1547 3451 1606 3504 δέ
1636 3452 1880 3504 πλεῖστοι

298 3543 411 3597 τῶν
471 3541 920 3614 θεοφορουμένων
975 3543 1147 3612 στόμα
1201 3541 1295 3594 τοῦ
1343 3541 1560 3611 Πατρός
1608 3542 1701 3595 τὸν
1749 3541 1876 3595 Υίδν

296 3633 748 3704 δογματίζουσιν,
772 3633 799 3684 6
825 3633 883 3684 ἐν
905 3632 1081 3699 ἁγίοις
1123 3632 1434 3701 Ἀντιοχέων
1465 3633 1689 3702 φωστὴρ
1721 3632 1878 3685 Ἀνα-

303 3728 521 3787 στάσιος
559 3724 720 3794 μόνος
756 3722 1134 3792 παραληφθεὶς
1165 3723 1563 3793 διευκρινήσειε
1595 3722 1872 3794 καθαρῶς.

303 3820 439 3889 Περὶ
465 3818 573 3887 γὰρ
600 3816 707 3869 τῶν
742 3814 865 3868 καθ’
897 3816 1044 3883 ἡμᾶς
1069 3814 1244 3884 ὀρθῶν
1260 3815 1360 3885 τῆς
1392 3814 1650 3884 ἀληθείας
1676 3816 1880 3885 δογμά-

298 3926 431 3972 των,
470 3907 668 3978 βίϐλων
707 3907 764 3958 δέ
794 3922 954 3958 τινων
994 3907 1028 3974 ἡ
1054 3906 1335 3974 ἐπιγραφὴ
1357 3905 1451 3959 τὸν
1482 3906 1650 3959 πολὺν
1681 3907 1739 3958 ἐν
1764 3909 1876 3971 τοῖς

298 4001 468 4063 θείοις
504 3999 737 4068 δόγμασι
765 3997 1040 4067 Θεόδωρον
1063 3997 1156 4049 τὸν
1192 3997 1286 4066 τῆς
1328 3996 1542 4051 Ῥαῖθοῦ
1575 3998 1879 4074 πρεσβύτε-

301 4110 399 4164 ρον
440 4093 574 4163 ἔχει,
606 4090 870 4157 θεολογῶν
902 4089 1045 4144 οὕτω
1091 4092 1225 4160 φησί
1261 4106 1276 4122 ο
1314 4108 1333 4141 ι
1379 4089 1486 4144 Τοῦ
1521 4091 1579 4144 δὲ
1621 4091 1875 4162 σώματος

301 4185 361 4240 16
390 4184 586 4254 ἰδίωμα
607 4181 888 4245 λαϐόντες,
908 4181 987 4244 ὡς
1019 4181 1374 4251 παράδειγμα
1397 4181 1493 4253 τὴν
1513 4182 1877 4253 ἀλληλουχίαν

302 4276 408 4329 τῶν
442 4274 602 4327 θείων
627 4273 985 4326 ὑποστάσεων
1032 4273 1482 4342 παρεστήσαμεν,
1512 4273 1602 4326 διὰ
1642 4275 1739 4344 τῆς
1766 4275 1877 4327 τῶν

305 4365 482 4436 μελῶν
519 4363 811 4430 ἀναλογίας
855 4380 915 4416 τε
958 4363 1052 4416 καὶ
1106 4363 1382 4426 είκασίας·
1416 4367 1590 4434 ταύτῃ
1629 4365 1738 4436 γὰρ
1780 4367 1878 4419 καὶ

300 4460 528 4530 Πνεῦμα
550 4457 821 4527 στόματος
850 4455 1033 4520 αὑτοῦ,
1067 4454 1308 4523 δηλονότι
1339 4455 1430 4508 τοῦ
1454 4454 1588 4508 Θεοῦ
1620 4457 1680 4507 τὸ
1706 4458 1875 4511 Πνεῦ-
1908 4489 1949 4544 D

306 4570 381 4621 μα
397 4551 457 4604 16
486 4551 639 4617 ἆγιον
662 4548 902 4616 λέγεται,
928 4547 1193 4615 στόματος
1211 4546 1363 4608 ὄντος
1389 4545 1483 4598 τοῦ
1511 4546 1872 4614 Μονογενοῦς.

302 4645 413 4699 Καὶ
469 4640 693 4711 Πνεῦμα
741 4639 905 4691 πάλιν
958 4637 1016 4702 ἐξ
1048 4638 1217 4691 αὑτοῦ
1274 4637 1726 4708 ἐκπορευόμενον,
1781 4642 1876 4694 καὶ

298 4734 765 4804 ἁποστελλόμενον
815 4731 876 4782 ού
929 4730 1091 4799 μόνον
1142 4731 1292 4799 παρά
1321 4731 1416 4782 τοῦ
1455 4732 1702 4803 Πατρός,
1739 4732 1874 4787 ἀλλὰ

298 4831 393 4882 καὶ
425 4826 576 4897 παρὰ
622 4823 716 4878 τοῦ
750 4821 937 4875 Υἱοῦ.»
985 4819 1044 4872 '0
1075 4821 1235 4884 αὐτὸς
1287 4822 1345 4874 ἐν
1378 4823 1456 4893 τῷ
1503 4826 1630 4894 περὶ
1680 4827 1877 4897 ἀπερι-

298 4922 545 4990 γράπτου
576 4916 813 4985 δευτέρῳ
847 4913 992 4981 λόγῳ
1031 4910 1216 4964 αὐτοῦ’
1252 4930 1273 4964 ‹
1302 4913 1446 4966 Νοῦν
1482 4913 1541 4965 δέ
1579 4932 1762 4986 φαμεν
1783 4917 1874 4969 τὸν

299 5014 521 5082 Πατέρα
568 5007 662 5061 τοῦ
699 5007 897 5074 Λόγου,
953 5002 1078 5056 νοῦν
1124 5005 1182 5061 ἐν
1235 4995 1279 5069 ᾧ
1320 5005 1514 5071 Λόγος,
1568 5004 1690 5073 μεθ’
1718 4999 1780 5057 οὗ
1814 5006 1875 5058 τὸ

302 5100 549 5169 Πνεῦμα,
597 5097 658 5151 τδ
689 5098 841 5164 ἅγιον
882 5093 1106 5160 Πνεῦμα
1140 5092 1408 5161 στόματος
1442 5091 1536 5145 τοῦ
1566 5093 1700 5146 Θεοῦ
1733 5094 1873 5165 χρη-

303 5191 528 5265 ματίζον
550 5207 566 5223 ·
620 5189 793 5258 στόμα
842 5187 950 5256 γὰρ
985 5185 1193 5253 Πατρός
1226 5186 1253 5237 6
1288 5185 1430 5246 Υἱός.
1462 5202 1482 5236 ο
1522 5184 1597 5236 Τό
1648 5200 1713 5252 γε
1764 5186 1873 5256 μὴν

306 5305 325 5337 ι
362 5285 458 5337 Ἐκ
488 5282 581 5337 τοῦ
606 5280 741 5351 ἐμοῦ
771 5277 1025 5350 λήψεται,
1050 5296 1070 5328 ο
1104 5276 1199 5329 καὶ
1229 5276 1290 5328 τὸ
1325 5294 1344 5327 ι
1381 5274 1477 5327 Ἐκ
1513 5274 1608 5328 τοῦ
1658 5276 1872 5345 Πατρός

299 5375 683 5449 ἐκπορεύεται,
720 5391 738 5424 ι
779 5372 815 5426 ἆ
855 5387 1018 5440 φησιν
1048 5369 1134 5439 ἐφ’
1163 5368 1362 5423 ἑαυτοῦ
1401 5386 1458 5422 τε
1494 5372 1590 5423 καὶ
1620 5370 1715 5424 τοῦ
1756 5371 1870 5423 Πα-

297 5472 426 5536 τρδῖ
477 5464 734 5537 περὶτοῦ
784 5463 1103 5532 Πνεύματος
1148 5462 1178 5513 6
1218 5459 1408 5536 Σωτὴρ
1457 5461 1867 5525 ἀποδεικτικαῖς

299 5559 597 5614 πιστώσεσι
654 5557 750 5610 καὶ
794 5555 1160 5616 κατασκευαῖς
1212 5553 1311 5622 τῆς
1365 5552 1535 5623 αὐτῆς
1567 5555 1866 5625 παρίστησι

297 5651 540 5714 διανοίας
583 5651 611 5704 6
645 5649 712 5703 τὰ
744 5648 868 5702 θεῖα
920 5645 1086 5710 πολὺς
1139 5644 1490 5714 Ἑπιφάνιος,
1520 5645 1702 5709 καθὼς
1754 5647 1868 5702 ἄνω

301 5739 786 5811 προδιειλήφαμεν.

1981 3281 2010 3320 a
2041 3264 2203 3319 Patre
2235 3264 2502 3335 procedit,
2561 3281 2625 3321 ex
2655 3280 2751 3322 ore
2781 3283 2979 3338 nempe
3009 3268 3178 3324 illius.
3220 3288 3239 3323 ι
3275 3269 3430 3337 Quod
3465 3271 3560 3342 igi-

1978 3370 2068 3416 tur
2098 3358 2171 3413 ibi
2209 3367 2294 3414 est
2345 3379 2364 3411 ‹
2400 3358 2583 3414 divina
2613 3369 2807 3415 natura
2858 3376 2926 3417 ex
2953 3362 3218 3419 ineﬂ‘abili
3240 3379 3339 3420 ore
3377 3380 3551 3435 appa-

1981 3467 2129 3517 rens,
2170 3469 2188 3502 ι
2230 3451 2323 3507 hic
2365 3450 2498 3506 illud
2554 3451 2845 3522 perspicue
2899 3472 2919 3505 ‹
2960 3469 3030 3510 ex
3081 3470 3178 3511 ore
3217 3456 3487 3527 procedit.
3527 3475 3553 3508 θ
3578 3493 3591 3501 .

1982 3541 2050 3597 Et
2086 3557 2193 3612 qua
2220 3543 2428 3597 ratione
2459 3542 2660 3597 similia
2689 3544 2903 3598 excelsa
2934 3555 3119 3601 mente
3154 3547 3417 3616 praeditus
3474 3547 3561 3602 in-

1979 3635 2245 3697 sinuaret,
2308 3633 2413 3688 nisi
2446 3634 2695 3689 eamdem
2734 3650 3013 3706 unamque
3053 3639 3384 3693 sententiam
3407 3639 3558 3695 illius

1981 3740 2235 3795 apparere
2263 3735 2319 3778 et
2345 3724 2490 3778 illius
2520 3723 2801 3794 procedere
2831 3724 3226 3796 dignosceret?
3256 3728 3556 3799 Plerosque

1977 3826 2159 3873 autem
2183 3831 2249 3871 ex
2289 3815 2491 3871 divinis
2544 3815 2802 3871 Patribus
2835 3832 2892 3870 οε
2948 3815 3130 3872 Patria
3174 3816 3377 3874 Filium
3428 3834 3557 3877 esse

1979 3907 2257 3972 deﬁnisse,
2292 3915 2517 3962 sanctus
2568 3908 3038 3965 Antiochenorum
3075 3910 3261 3966 lumen
3322 3912 3557 3969 Anasta-

1981 4000 2097 4056 sius
2129 4000 2278 4055 solus
2308 4000 2577 4054 adducrus
2609 4000 2953 4071 dijudicabit.
2978 4001 3166 4058 Palam
3197 4005 3345 4058 enim
3368 4000 3437 4060 de
3473 4020 3557 4059 re-

1977 4090 2081 4145 ctis
2112 4089 2414 4145 secundum
2444 4104 2546 4146 nos
2576 4091 2826 4146 verita-tis
2857 4091 3227 4164 dogmatibus,
3258 4094 3385 4150 licet
3419 4110 3557 4150 non-

1979 4181 2125 4235 nulla
2151 4181 2425 4236 volumina
2458 4181 2514 4235 in
2552 4182 2903 4254 dogmatibus
2934 4184 3301 4241 decernendis
3322 4188 3551 4256 parda-

1979 4272 2255 4327 rissimum
2284 4272 2638 4327 Theodorum
2694 4274 3038 4344 ltaythenum
3072 4275 3448 4347 presbyterum
3486 4278 3556 4332 ti-

1981 4365 2095 4419 tulo
2122 4365 2508 4435 praeseribant,
2539 4365 2923 4435 theologorum
2959 4381 3113 4422 more
3165 4383 3280 4422 rem
3342 4378 3555 4438 pertra-

1978 4466 2134 4511 ctans
2162 4468 2276 4511 haec
2309 4455 2502 4510 scribit
2537 4473 2550 4511 :
2592 4475 2612 4507 ι
2650 4456 2914 4526 Corporis
2973 4473 3103 4513 vero
3158 4460 3553 4529 proprietatem

1977 4552 2033 4605 in
2058 4551 2366 4620 exemplum
2397 4550 2751 4620 accipientes,
2788 4562 3037 4607 mutuam
3086 4554 3395 4609 divinarum
3453 4556 3555 4625 hy-

1976 4653 2271 4712 pnstaseon
2298 4642 2712 4708 cohaerentiam,
2755 4658 2851 4711 per
2898 4645 3268 4700 membrorum
3320 4660 3556 4716 propor-

1981 4735 2181 4787 tionem
2214 4741 2276 4785 -et
2331 4731 2784 4786 assimilationem
2832 4735 3372 4804 reprmsentavimus.
3417 4736 3556 4793 Hinc

1977 4834 2033 4878 et
2066 4822 2310 4892 Spiritus
2348 4823 2460 4878 oris
2491 4823 2657 4891 illius,
2698 4838 2900 4894 nempe
2931 4823 3029 4879 Dei
3061 4826 3302 4897 Spiritus
3327 4838 3555 4884 sanctus

1976 4915 2199 4978 dicitur,
2235 4914 2325 4969 cui
2371 4913 2695 4984 Unigenitus
2733 4930 2794 4969 os
2820 4923 2928 4979 est,
2974 4924 3030 4970 et
3064 4915 3304 4987 Spiritus
3364 4936 3555 4975 rursus

1977 5021 2042 5059 ex
2078 5006 2195 5075 ipso
2245 5007 2571 5075 procedens,
2636 5015 2690 5060 et
2714 5008 2918 5062 missus
2944 5022 3055 5061 non
3101 5010 3279 5064 solum
3306 5025 3336 5063 a
3368 5009 3550 5075 Patre,
3598 5066 3599 5069 η

1978 5099 2072 5154 Sed
2102 5100 2266 5152 etiam
2289 5113 2320 5150 a
2359 5098 2518 5152 Filio.
2556 5116 2576 5148 ι
2614 5098 2759 5152 Idem
2784 5099 3032 5155 oratione
3074 5102 3316 5157 secunda
3348 5103 3416 5157 de
3466 5106 3556 5157 in~
3592 5107 3599 5170 ζ

1977 5190 2389 5258 circumscripto
2432 5208 2496 5244 τι
2526 5188 2762 5245 Mentem
2821 5191 3056 5247 dicimus
3112 5190 3328 5248 Patrem
3360 5194 3548 5261 Verbi,

1976 5292 2216 5336 mentem
2266 5283 2324 5335 in
2358 5297 2466 5351 qua
2501 5280 2767 5351 Verbum,
2821 5300 2946 5339 cum
2977 5299 3086 5355 quo
3131 5283 3372 5356 Spiritus
3421 5272 3623 5356 san-,1-

1974 5387 2116 5435 cms,
2151 5372 2388 5444 Spiritus
2443 5375 2556 5429 oris
2589 5376 2684 5431 Dei
2736 5378 3040 5445 exsistens;
3070 5392 3132 5434 os
3177 5379 3325 5434 enim
3375 5338 3571 5465 Patrisf

1976 5463 2163 5519 Filius.
2188 5483 2206 5516 ι
2249 5464 2386 5521 Illud
2434 5481 2625 5536 porro,
2663 5485 2684 5519 ι
2718 5466 2796 5522 De
2835 5484 2958 5526 meo
2981 5471 3237 5542 accipiet,
3274 5491 3293 5525 ι
3332 5463 3570 5528 necnon‘

1971 5568 2029 5613 et
2053 5558 2209 5624 illud,
2260 5576 2279 5609 ι
2317 5557 2394 5612 15x
2429 5558 2585 5614 Patre
2612 5561 2884 5629 procedit,
2914 5580 2934 5614 ι
2987 5579 3109 5633 quae
3160 5567 3228 5621 de
3258 5564 3440 5634 seipso
3496 5565 3570 5627 etf

1972 5652 2179 5724 Spiritu
2213 5652 2420 5722 profert
2471 5650 2738 5717 Salvator,
2772 5669 2887 5709 rem
2915 5656 3279 5725 probantibus
3315 5657 3571 5712 demond

1970 5745 2326 5802 stratiOnibus
2354 5753 2410 5798 et
2451 5744 2787 5814 argumentis
2817 5747 3064 5805 eamdem
3102 5748 3433 5803 sententiam
3465 5747 3569 5814 ιιι-1

300 5838 441 5894 ferre
468 5835 523 5890 in
552 5834 714 5889 rebus
745 5831 948 5886 divinis
978 5831 1250 5884 maximus
1300 5827 1637 5901 Epiphanius
1671 5836 1983 5910 conﬁrmat,
2017 5852 2074 5896 ut
2100 5848 2259 5895 antea
2290 5836 2654 5894 ostendimus.

584 5929 859 5990 ernon.
893 5925 1010 5987 Gn.
1049 5921 1243 5985 CXLI.

3148 5930 3224 5994 43

3578 5892 3591 5993 ἐ
