4072 6398
398 368 533 430 135'!

1388 368 1689 429 CONTRA
1732 364 2161 425 MANUELEM
2205 363 2685 428 CRETENSEM.

3537 367 3672 431 13.38

394 479 542 547 τρὺς,
576 477 709 531 tam
742 475 905 529 αὑτοῦ
963 477 1058 528 καὶ
1098 476 1155 528 ὲν
1212 474 1383 545 αὐτῷ,
1442 477 1535 528 καὶ
1586 476 1647 540 ἐξ
1697 474 1862 529 αὑτοῦ
1911 476 1972 528 τι

2086 488 2252 529 :uram
2296 473 2464 528 Filius
2495 491 2509 541 ;
2542 483 2834 543 generatus
2856 474 3006 529 enim
3036 482 3119 531 est
3149 490 3214 531 ex
3247 476 3357 531 Deo
3390 488 3448 532 et
3488 479 3674 540 Patre,

395 568 624 638 Πνεῦμα
653 569 792 633 ἐστι,
824 567 1079 639 καθάπερ
1112 567 1303 638 ἀμέλει
1334 570 1426 620 καὶ
1456 567 1543 619 ἐπ’
1574 566 1740 621 αὐτοῦ
1773 569 1975 620 νοεῖται

395 659 487 715 τοῦ
527 660 663 713 Θεοῦ
705 662 797 712 καὶ
839 660 1072 729 Πατρός.
1108 679 1125 711 ι
1172 661 1246 714 Οὐ
1287 661 1446 730 μόνον
1497 660 1733 713 ἐνταῦθα
1767 660 1977 730 μαρτύ-

396 768 552 822 ρεται
606 753 902 823 προφανῶς
932 753 961 803 ὁ
996 754 1190 821 μέγας,
1223 753 1315 805 τὸν
1351 754 1476 805 Υίὶν
1506 752 1581 815 ὡς
1617 751 1709 804 τὸν
1756 752 1977 821 Πατέρα

390 841 452 894 τὸ
479 840 625 894 θεῖον
671 840 816 911 ἔχειν
851 841 1094 911 Πνεῦμα,
1130 843 1195 895 ἐκ
1240 842 1333 895 τοῦ
1380 843 1610 912 φάσκειν
1656 861 1676 895 ι
1704 842 1835 896 ἴδιον
1879 843 1976 896 τοῦ

392 933 523 985 Υἱοῦ
549 932 610 984 τὸ
637 933 887 1002 Πνεῦμα,
911 935 1070 1004 εἴπερ
1103 933 1234 988 ἴδιον
1264 935 1423 989 τοῦτο
1450 936 1546 989 καὶ
1570 935 1662 988 τοῦ
1700 935 1966 1004 Πατρὸς,›

390 1026 483 1077 καὶ
512 1027 695 1095 εἴπερ,
742 1024 816 1086 ὡς
856 1025 1078 1096 ἐρρέθη,
1139 1026 1233 1077 τοῦ
1294 1026 1454 1081 ἰδίου
1517 1026 1750 1080 καθόλου
1796 1026 2003 1094 σἀφὴςη

390 1115 694 1180 ἀνάπτυξις
752 1118 843 1169 ἐπὶ
894 1115 988 1168 τοῦ
1051 1116 1231 1187 Θεοῦ,
1289 1119 1350 1171 τὸ
1400 1120 1463 1170 ὲκ
1500 1119 1599 1187 τῆς
1636 1117 1826 1180 οὐσίας
1877 1115 1977 1185 δη-

391 1208 541 1275 λοῦν,
569 1209 648 1261 ἔτι
673 1226 733 1261 τε
762 1211 825 1262 ἐκ
852 1209 947 1262 τοῦ
982 1210 1184 1277 λέγειν,
1223 1230 1243 1263 ι
1271 1212 1336 1263 ἐκ
1359 1209 1453 1262 τοῦ
1490 1210 1622 1263 Υἱοῦ
1655 1210 1714 1263 τὸ
1748 1210 1973 1278 Πνεῦμα

392 1300 561 1363 ἐστιν,
577 1318 595 1349 ι
614 1297 748 1351 ἀλλὰ
762 1300 858 1351 καὶ
872 1299 1182 1352 τελευταῖον
1199 1300 1262 1351 ὲκ
1284 1299 1376 1353 τοῦ
1396 1301 1625 1367 ἐπάγειν
1647 1297 1963 1367 πλεονασμρ⁹

391 1391 839 1460 διευκρινήσεως,
881 1410 900 1443 ι
924 1387 1033 1461 οἷον
1062 1392 1317 1463 καθάπερ
1346 1393 1539 1460 ἀμέλει
1570 1392 1664 1445 καὶ
1697 1391 1785 1444 ἐπ’
1808 1391 1979 1445 αὐτοῦ

390 1484 594 1535 νοεῖται
619 1483 714 1535 τοῦ
732 1482 869 1535 Θεοῦ
895 1488 989 1536 καὶ
1016 1485 1248 1555 Πατρός.
1264 1504 1283 1537 ι
1306 1485 1499 1539 Καίτοι
1516 1483 1724 1536 τούτων
1741 1484 1980 1537 ἕκαστοι.ἲ

340 1639 349 1651 1
393 1575 492 1643 οὐχ
520 1576 669 1638 ὅπως
695 1576 857 1645 ὁμοῦ,
895 1576 1029 1630 ἀλλὰ
1061 1578 1156 1630 καὶ
1181 1580 1244 1648 τῇ
1273 1577 1374 1630 ἀνὰ
1412 1578 1578 1647 μέρος
1608 1576 1814 1647 θεωρίᾳ.
1840 1577 1970 1647 τράτι

395 1685 561 1722 νωσιν
587 1668 701 1740 ἔχει
731 1670 831 1738 τῆς
865 1671 1138 1740 σημασίας
1177 1671 1269 1724 τοῦ
1317 1669 1705 1741 ἐκπορεύεται.
1742 1671 1850 1722 Καὶ
1883 1660 1975 1722 τοῦ

394 1758 584 1813 λοιποῦ
612 1761 974 1828 σκεξάτωσαν
997 1763 1046 1814 οἱ
1071 1763 1169 1830 τῆς
1201 1762 1396 1831 μοίρας
1429 1761 1523 1815 τοῦ
1553 1760 1726 1825 οὕτως
1758 1759 1982 1831 ἐξηγου-

2087 562 2342 634 proprius
2396 562 2567 631 ipsius
2601 572 2653 616 et
2691 560 2747 614 in
2780 561 2899 631 ipso
2934 573 2988 617 et
3020 581 3087 618 ex
3138 565 3259 635 ipso
3295 564 3530 636 Spiritus
3572 581 3677 632 est,

2088 669 2198 707 non
2230 653 2332 707 alia
2360 654 2595 717 ratione,
2629 653 2724 708 sed
2757 670 2864 724 qua
2891 655 3211 727 intelligitur
3241 658 3331 713 ille
3356 675 3478 714 esse
3505 669 3561 715 et
3586 662 3678 716 Dei

2088 758 2143 802 et
2175 746 2381 802 Patris;
2410 767 2428 798 ι
2460 747 2575 802 Non
2620 757 2831 803 tantum
2872 750 2961 806 hic
2987 751 3187 806 astruit
3226 751 3405 822 palam
3448 769 3679 826 magnus

2086 837 2176 892 hic
2205 839 2309 901 vir,
2358 837 2557 893 Filium
2585 854 2739 909 mque
2783 855 2847 894 ac
2888 843 3101 898 Patrem
3162 843 3414 900 divinum
3470 847 3692 902 habere

2089 929 2377 1000 Spiritum,
2404 932 2530 986 dum
2557 932 2689 987 dicit
2728 950 2743 987 :
2779 952 2798 984 ι
2821 933 3109 1004 PrOprium
3141 935 3261 991 Filii
3308 936 3597 1008 Spiritum,
3631 941 3678 994 si

2087 1022 2343 1089 preprius
2376 1022 2467 1077 ille
2490 1032 2574 1077 est
2602 1022 2803 1084 Patris.
2863 1045 2882 1077 ι
2917 1028 3041 1092 etsi,
3077 1038 3136 1083 ut
3168 1029 3376 1084 dictum
3415 1043 3518 1096 est,
3558 1048 3681 1101 pro-

2084 1109 2192 1177 prii
2227 1109 2283 1163 in
2320 1111 2641 1166 universum
2682 1112 2843 1182 plane
2878 1116 3259 1184 interpretatio
3285 1115 3342 1170 in
3376 1116 3507 1180 Deo,
3545 1117 3681 1173 illud

2083 1214 2148 1255 ex
2176 1202 2428 1272 essentia:
2464 1203 2706 1269 indicat;
2744 1210 2871 1273 tum;
2907 1221 3127 1275 quoque
3176 1223 3303 1263 cum
3329 1210 3507 1265 dicit:
3544 1230 3562 1262 ι
3602 1212 3677 1265 Et

2080 1289 2223 1347 Filio
2260 1294 2495 1363 Spiritus
2525 1304 2628 1360 est,
2670 1312 2689 1345 ο
2728 1296 2821 1350 sed
2856 1306 2910 1350 et
2942 1300 3158 1354 tandem
3200 1317 3325 1355 cum
3352 1302 3682 1359 indueatdi-

2076 1385 2474 1456 ‘judicationem
2514 1386 2745 1453 addens,
2802 1406 2820 1439 ι
2874 1404 2983 1443 non
3015 1391 3121 1444 alia
3148 1392 3385 1459 ratione,
3449 1395 3544 1449 sed
3573 1412 3680 1465 qua

2086 1476 2407 1548 intelligitur
2430 1477 2520 1531 ille
2549 1493 2670 1533 esse
2705 1478 2802 1534 Dei
2846 1488 2900 1534 et
2934 1479 3128 1536 Patris.
3169 1502 3186 1534 ι
3222 1482 3291 1539 Ει
3320 1485 3681 1541 nihilominus

2084 1570 2515 1638 unumquodque
2549 1582 2615 1622 ex
2651 1569 2756 1635 his,
2778 1585 2894 1624 non
2934 1580 3145 1626 tantum
3172 1574 3337 1628 simul
3361 1575 3680 1646 conjuncta,

2084 1660 2347 1728 singulari
2392 1661 2829 1732 uniuscujusque
2875 1664 3322 1721 consideratione
3371 1671 3683 1739 processio-

2067 1765 2215 1805 mem
2241 1751 2615 1806 manifestam.
2642 1754 2864 1808 Interim
2890 1755 3227 1823 examinem,
3254 1761 3346 1828 qui
3381 1772 3568 1830 partes
3599 1780 3684 1817 se—

397 1854 581 1922 μένου,
613 1851 688 1916 ὠς
742 1852 1193 1922 προεκτέθειται,
1253 1856 1348 1919 τὸ,
1394 1872 1413 1904 ι
1453 1854 1662 1924 Ἐκχεῶ
1719 1852 1828 1906 ἀπὸ
1879 1851 1975 1905 τοῦ

2086 1851 2335 1913 quuntur
2377 1845 2572 1898 similis
2622 1847 3008 1915 expositionis,
3059 1857 3118 1902 ut
3160 1860 3322 1905 antea
3365 1854 3682 1923 appositum

395 1942 710 2010 Πνεύματός
743 1961 899 2009 pou,»
926 1945 1001 2015 πῆ
1025 1945 1274 2012 φέρεται,
1293 1945 1545 1999 καὶκατὰ
1575 1945 1739 1998 τίνων
1772 1945 1981 2013 φρυάτ-

394 2049 568 2088 τεται.
605 2034 720 2086 υύκ
772 2034 882 2106 ἄρα
918 2034 975 2086 δὲ
1011 2035 1071 2087 τὸ
1124 2035 1365 2104 ἐκχεῖν,
1430 2036 1524 2089 καὶ
1581 2035 1980 2105 προχεῖσθαι,

394 2125 489 2179 καὶ
511 2126 787 2193 ἔκχυσις,
819 2128 916 2181 καὶ
953 2127 1276 2195 πρόχυσις,
1325 2126 1421 2179 καὶ
1456 2128 1518 2179 τὸ
1548 2133 1984 2198 προχεόμενον,

393 2216 533 2268 ἀλλά
561 2232 623 2284 γε
673 2215 738 2285 δὴ
788 2218 882 2269 καὶ
927 2216 1129 2285 χύσις,
1173 2219 1264 2270 καὶ
1314 2215 1377 2269 τὸ
1430 2217 1748 2286 χεόμενον,
1802 2218 1985 2272 καὶτὸ

394 2308 639 2380 χέεσθαι
669 2310 769 2379 τὴν
796 2309 1031 2379 οὑσιώδη
1062 2308 1285 2381 δηλοῦσι
1309 2312 1403 2365 καὶ
1425 2312 1597 2364 ἀΐδιον
1627 2310 1863 2381 ὕπαρξιν
1893 2315 1987 2367 ἐπὶ

393 2403 502 2456 τῶν
534 2403 845 2474 θεαρχικῶν
881 2403 1232 2457 ὑποστάσεων
1261 2403 1673 2475 λαμϐανόμενα,
1698 2406 1795 2457 καὶ
1822 2406 1985 2458 τοῦτο

298 2492 309 2497 ”
397 2495 778 2565 μυσταγωγῶν
808 2499 836 2548 ὁ
866 2494 967 2565 τῆς
1000 2495 1282 2563 θεολογίας
1307 2497 1583 2567 γρήγορος
1613 2497 1985 2567 μυστολέκτης

395 2586 455 2637 ὲν
493 2584 572 2655 τῷ
622 2587 704 2648 είς
740 2586 809 2637 τὰ
848 2585 1105 2639 Γενέθλια
1160 2586 1306 2656 λόγῳ
1349 2586 1470 2658 βοᾷ*
1517 2607 1535 2638 ι
1570 2588 1710 2641 Θεοῦ
1757 2590 1815 2643 δὲ
1854 2591 1985 2643 ὅταν

394 2677 560 2740 εἴπω,
592 2678 736 2745 λέγω
767 2678 982 2747 Πατρὺς
1012 2679 1109 2731 καὶ
1144 2677 1277 2731 Υἱοῦ
1313 2680 1411 2732 καὶ
1441 2681 1601 2746 ἁγίου
1638 2680 1981 2751 Πνεύματος,

393 2768 517 2822 οὔτε
554 2770 694 2839 ὑπὲρ
723 2768 899 2822 ταῦτα
931 2770 1032 2840 τῆς
1062 2768 1319 2841 θεότητος
1341 2772 1633 2843 χεομένης,
1666 2772 1754 2826 ἴνα
1789 2775 1865 2843 μὴ
1893 2775 1987 2843 δῆ-

397 2878 499 2931 μον
532 2860 670 2914 θεῶν
699 2860 1108 2931 εἰσαγάγωμεν,
1142 2860 1267 2914 οὔτε
1299 2863 1449 2927 ἐντὸς
1477 2863 1686 2918 τούτων
1728 2865 1985 2935 ὁριζομέ-

394 2970 513 3023 νης,
546 2954 630 3006 ἴνα
653 2955 727 3023 μὴ
755 2955 947 3007 πενίαν
966 2954 1223 3023 θεότητος
1250 2956 1697 3025 κατακριθῶμεν.
1729 2975 1749 3009 ι
1778 2958 1851 3009 Τὸ
1873 2958 1983 3028 γὰρ

402 3061 421 3096 ι
454 3047 528 3116 μὴ
560 3046 699 3115 ὑπὲρ
728 3045 898 3099 ταῦτα
922 3046 1022 3116 τῆς
1054 3047 1305 3117 θεότητος
1338 3048 1627 3117 χεομένης,
1660 3067 1676 3098 ι
1702 3050 1763 3102 τὸ
1798 3051 1873 3119 μὴ
1904 3052 1985 3112 εἰς

396 3138 619 3190 πλείονα
640 3137 750 3189 τῶν
773 3137 1188 3208 ἁριθμηθέντων
1220 3138 1390 3209 τριῶν
1423 3138 1735 3208 προσώπων
1760 3142 1861 3211 τὴν
1883 3140 1984 3193 ’ὐπ-

2088 1942 2188 1997 est,
2211 1932 2265 1986 in
2289 1933 2423 1987 illud
2447 1951 2463 1989 :
2493 1952 2511 1985 ι
2540 1933 2828 1990 Eﬂ‘undam
2849 1952 2913 1992 ex
2932 1935 3139 2008 Spiritu
3166 1956 3309 2006 meo,
3335 1962 3352 1992 ι
3378 1960 3615 2013 quonam
3641 1948 3685 1999 is

2088 2034 2300 2095 agatur,
2330 2036 2385 2080 et
2408 2025 2675 2081 adversus
2715 2044 2851 2098 quos
2882 2030 3104 2085 fremat.
3144 2030 3262 2087 Non
3300 2034 3464 2104 igitur
3504 2037 3673 2105 eﬂim-

2100 2118 2246 2182 dere,
2277 2130 2329 2173 et
2354 2121 2624 2191 profundi,
2643 2131 2699 2176 et
2719 2122 2918 2192 effusio,
2942 2133 2997 2177 et
3018 2126 3278 2195 profusio,
3300 2136 3355 2179 et
3384 2131 3681 2201 profusum,

2088 2217 2144 2263 et
2161 2210 2325 2278 fusio,
2360 2219 2415 2264 et
2440 2211 2641 2280 fusum,
2675 2222 2728 2266 et
2753 2214 2925 2282 fundi,
2947 2229 3072 2268 cum
3099 2216 3164 2269 de
3194 2216 3502 2273 divinitatis
3520 2225 3675 2291 prin-

2088 2301 2304 2370 cipibus
2354 2302 2743 2372 bypostasibus
2801 2307 3195 2375 praedicantur,
3250 2313 3599 2370 essentialem
3631 2331 3686 2373 et

2095 2394 2494 2463 sempiternam
2571 2397 2949 2451 exsistentiam
2995 2400 3263 2456 iudicant.
3327 2403 3395 2457 Et
3443 2407 3548 2462 hoc
3600 2409 3687 2463 in-

2089 2494 2316 2541 struens
2346 2487 2781 2557 tltcolugicorum
2819 2492 3203 2560 mysteriorum
3242 2496 3368 2564 vigil
3396 2499 3682 2562 eollector.

2089 2583 2342 2633 oratione
2394 2579 2450 2632 in
2500 2578 2744 2635 Natalem
2787 2581 3003 2637 Domini
3049 2585 3300 2642 clamat:
3342 2608 3361 2640 ι
3398 2590 3495 2646 Dei
3551 2610 3685 2650 vero

2096 2685 2225 2726 cum
2258 2673 2475 2740 dixero,
2518 2672 2644 2729 dico
2670 2673 2845 2731 Patris
2875 2687 2929 2731 et
2952 2676 3073 2732 Filii
3106 2686 3161 2733 et
3192 2679 3429 2751 Spiritus
3477 2673 3679 2749 sancti.

2092 2781 2220 2820 cum
2251 2767 2395 2820 ultra
2427 2767 2544 2822 haec
2580 2767 2765 2825 Deitas
2810 2786 2918 2825 non
2951 2772 3288 2839 ell'undatur,
3324 2792 3394 2830 ne
3429 2780 3681 2835 multitu-

2089 2857 2276 2913 dinem
2302 2860 2527 2915 deorum
2556 2862 2995 2930 introducamus,
3019 2882 3200 2936 neque
3237 2869 3380 2925 inter
3426 2872 3542 2928 haec
3576 2875 3685 2928 eir-

2089 2951 2526 3018 cumscribatur,
2586 2968 2657 3007 ne
2702 2953 2931 3010 Deitatis
2990 2966 3372 3027 paupertatem
3425 2970 3683 3019 astruere

2087 3043 2538 3100 condemnemur.
2587 3065 2605 3097 ι
2659 3044 2906 3118 Namque
2942 3049 3097 3113 illud,
3144 3069 3164 3102 ι
3215 3067 3337 3106 cum
3387 3054 3525 3110 ultra
3569 3058 3686 3111 liae;

2092 3135 2272 3190 Deitas
2306 3151 2417 3191 non
2450 3136 2781 3203 clfundatur,
2823 3160 2841 3211 ρ
2883 3157 2992 3195 non
3033 3142 3089 3196 in
3117 3142 3254 3197 alias
3283 3144 3352 3198 ab
3388 3161 3683 3203 enumera-

395 3233 552 3303 αρξιν
575 3232 807 3301 ἐχούσης
828 3232 1181 3301 παρίστησιν.
1207 3232 1283 3284 Ού
1315 3233 1422 3302 γὰρ
1444 3251 1462 3283 ι
1495 3232 1657 3304 ῥύσιν
1681 3234 1929 3302 θεότητο;
1952 3254 1972 3287 ι

2086 3227 2152 3283 tis
2182 3228 2356 3283 tribus
2387 3232 2633 3298 personis
2663 3232 3039 3287 exsistentiaui
3071 3238 3293 3291 extendi
3319 3240 3679 3307 demonstrat.

397 3326 651 3393 ἐννοῆσαι
679 3325 780 3393 τὴν
833 3324 1039 3391 ταύτης
1087 3323 1246 3393 χύσιν
1272 3325 1537 3396 τολμήσει
1568 3344 1676 3391 τις,
1722 3326 1862 3380 ἀλλὰ
1890 3327 1981 3380 τὸν

382 3417 631 3485 ,μόνιμον
652 3414 903 3469 ἐντεῦθεν
930 3414 1194 3482 γνώσεται
1215 3417 1536 3486 πηγασμὺν,
1572 3417 1669 3470 καὶ
1695 3418 1794 3488 τὴν
1811 3418 1981 3471 ἀΐδιον

398 3506 633 3576 ὓπαρξιν
679 3507 778 3577 τὴν
827 3508 887 3559 ἐν
924 3508 1073 3578 τρισὶ
1126 3509 1445 3579 προσώποις
1485 3510 1851 3579 ὁριζομένην,
1903 3510 1983 3581 τῷ

398 3598 658 3666 γεννῶντι
700 3601 900 3669 Πατρὶ,
945 3598 1025 3665 τῷ
1064 3599 1392 3670 γεννωμένῳ
1425 3598 1561 3670 Υίῴ,
1608 3600 1705 3654 καὶ
1753 3600 1831 3670 τῷ
1885 3602 1980 3654 ὲκ-

396 3692 752 3763 πορευομένῳ
782 3691 1091 3762 Πνεύματι.

469 3792 551 3842 ιε’.
600 3787 689 3849 Ὠς
722 3786 787 3837 δὲ
824 3787 920 3839 καὶ
947 3786 1107 3839 τοῦτο
1138 3786 1468 3858 θεωρηθείη,
1521 3787 1833 3857 συμὸάλλον
1859 3789 1982 3859 οὐχὶ

399 3879 614 3951 μικρῶς
656 3879 749 3933 καὶ
786 3878 918 3950 πρὸς
974 3880 1072 3948 τὴν
1104 3880 1203 3949 τῆς
1243 3882 1575 3949 ταυτότητος
1618 3880 1729 3933 τῶν
1762 3883 1978 3951 φωνῶν,

397 3976 526 4043 περί
551 3968 618 4044 ἧς
652 3974 680 4025 ὁ
715 3971 895 4036 λόγος,
930 3972 1299 4040 φωταύγειαν,
1357 3971 1386 4024 ὁ
1428 3972 1490 4025 τὸ
1526 3974 1853 4043 ὲκπορεύειν
1895 3975 1982 4026 ὲν-

395 4067 572 4121 ταῦθα
605 4066 815 4135 συχνῶς
851 4065 1166 4135 προφέρων,
1197 4067 1243 4117 εἰ
1284 4070 1411 4135 περὶ
1436 4065 1690 4119 πλείστου
1719 4068 1834 4130 τοῖς
1867 4067 1981 4137 ῥή-

395 4177 582 4232 τορσιν
614 4158 770 4230 ἔσχεν
802 4157 1022 4220 εἰδέναι,
1078 4158 1228 4209 ποῖαι
1276 4158 1384 4210 τῶν
1424 4157 1624 4222 λέξεων
1654 4158 1839 4210 ταῖσδε
1870 4157 1981 4211 τῶν

396 4253 616 4307 ἐννοιῶν
647 4253 876 4323 φέρουσι
904 4252 966 4305 τὸ
998 4250 1357 4320 κατάλληλον,
1394 4252 1544 4304 ποῖαι
1570 4250 1627 4303 δὲ
1661 4252 1722 4304 τὸ
1749 4252 1975 4322 ἀπᾷδον,

300 4398 307 4407 ,
386 4346 470 4408 γὼς
506 4344 649 4414 ἔχειν
674 4346 795 4406 ταῖς
829 4345 926 4413 μὲν
951 4345 1081 4396 ὅπου
1107 4344 1185 4396 δεῖ
1216 4344 1479 4413 χρῆσθαι,
1508 4343 1618 4394 τῶν
1657 4343 1713 4395 δὲ
1743 4345 1975 4411 ἀρίστα-

397 4436 544 4503 σθαι,
600 4436 716 4498 πῶς
748 4436 871 4505 οὐχὶ
901 4437 1031 4505 περὶ
1078 4436 1325 4500 πλείονος
1374 4434 1482 4487 ἔδει
1518 4433 1703 4487 θέσθαι
1732 4435 1969 4504 μᾶλλον,

2087 3322 2277 3392 Neque
2310 3323 2457 3377 enim
2499 3343 2517 3374 ι
2548 3324 2750 3378 ﬂuxum
2785 3326 3014 3381 Deitatis
3052 3347 3069 3379 ι
3115 3329 3259 3383 illius
3293 3329 3497 3387 ﬂuxum
3529 3335 3682 3404 quis-

2087 3416 2233 3484 piam
2264 3416 2486 3471 audebit
2511 3421 2820 3488 concipere.
2855 3421 2951 3475 sed
2984 3422 3199 3476 (irinum
3231 3422 3359 3478 inde
3415 3430 3481 3480 a'c
3515 3431 3682 3482 stabi-

2085 3506 2193 3563 lem
2222 3508 2502 3576 ellluxum,
2533 3519 2588 3565 et
2611 3512 3000 3582 sempiternam
3033 3516 3414 3571 exsistentiam
3456 3535 3687 3591 cognos-

2085 3609 2173 3654 cet
2221 3600 2276 3655 in
2334 3602 2504 3657 tribus
2537 3605 2790 3672 personis
2818 3600 3121 3671 deﬁnitam,
3163 3607 3327 3664 Patre
3359 3624 3680 3681 generante,

2083 3693 2271 3762 genito
2304 3694 2462 3757 Filio,
2486 3704 2540 3748 et
2565 3697 2899 3764 procedente
2928 3696 3162 3767 Spiritu.

2161 3788 2243 3843 15.
2282 3784 2355 3840 Ut.
2404 3803 2534 3842 vero
2562 3787 2692 3841 illud
2732 3804 2953 3858 quoque
2992 3790 3358 3860 speculemur,
3414 3797 3682 3852 maximo—

2084 3892 2216 3958 pere
2251 3879 2568 3934 conducens
2613 3879 2680 3934 ad
2725 3894 2940 3946 vocum,
2974 3881 3043 3936 de
3073 3882 3274 3951 quibus
3326 3901 3474 3940 nunc
3514 3889 3682 3942 verba

2084 3971 2334 4037 facimus,
2366 3972 2809 4037 elucidationem,
2842 3972 2936 4042 qui
2963 3972 3397 4044 ὲκπορεύεινίιίο
3423 3974 3686 4048 frequen-

2086 4073 2170 4118 ter
2209 4062 2547 4124 circumfert,
2582 4063 2629 4118 si
2657 4064 2924 4118 attentius
2951 4066 3198 4120 animum
3239 4068 3590 4139 advertisset,
3624 4085 3684 4127 ut

2083 4155 2393 4211 addisceret
2423 4172 2669 4225 quamam
2714 4156 2982 4211 dictiones
3027 4157 3112 4213 his
3138 4162 3433 4216 sententiis
3466 4166 3685 4218 assimi-

2084 4251 2265 4302 lantur
2299 4248 2440 4316 apud
2473 4246 2742 4312 rhetores,
2778 4259 2830 4302 et
2866 4264 2986 4319 quae
3018 4250 3297 4306 diversum
3329 4253 3593 4321 tinniunt,
3627 4266 3684 4310 ut

2081 4351 2269 4410 posset
2312 4342 2396 4395 his
2435 4341 2679 4411 quidem,
2714 4342 2805 4396 ubi
2831 4359 2970 4412 opus
3002 4353 3107 4411 est,
3140 4344 3242 4412 uti,
3274 4345 3343 4400 ob
3367 4348 3485 4402 aliis
3512 4350 3685 4404 absti-

2081 4447 2234 4499 nere,
2259 4433 2533 4504 quomodo
2563 4450 2673 4487 non
2702 4435 2892 4503 majori
2923 4437 3229 4491 attentione
3253 4437 3682 4495 incumbendum

395 4530 543 4591 ὃπως
580 4528 637 4580 ὲν
667 4529 785 4589 ταῖς
825 4526 1127 4591 θεολογίαις
1162 4527 1468 4596 καθορᾶται
1499 4525 1658 4579 τοῦτο
1681 4528 1794 4588 τοῖς
1818 4525 1972 4597 θεορο

2086 4525 2160 4581 illi
2194 4536 2335 4591 erat,
2381 4540 2437 4582 ut
2463 4529 2516 4581 in
2548 4527 2712 4583 rebus
2745 4528 3065 4600 tlteologtcis
3107 4530 3212 4585 illae
3245 4532 3389 4601 apud
3424 4532 3683 4590 divinilo-

398 4623 633 4692 ρήμοσιν
660 4636 675 4685 ;
720 4619 851 4672 Ἰδοὺ
886 4621 997 4690 γὰρ
1028 4621 1087 4671 τὸ
1115 4620 1432 4690 ὲκπορεύει,
1463 4619 1560 4672 καὶ
1588 4619 1650 4671 τὸ
1679 4618 1980 4688 ὲκπορεῦον

396 4715 465 4767 τὰ
492 4711 609 4766 κατ’
637 4711 949 4781 ὲκφώνησιν
978 4712 1307 4780 ὲνεργητικὰ
1331 4712 1533 4783 ἣκιστα
1561 4712 1713 4780 παρά
1742 4728 1849 4765 τινι
1862 4710 1983 4791 τῶν

398 4807 454 4857 ὲν
483 4805 715 4874 δόγμασι
745 4801 1169 4871 διαλαμψὰντων
1196 4801 1428 4871 εὕρηται
1469 4804 1833 4874 ὁπουδήποτε,
1856 4800 1981 4854 οὔτε

402 4896 506 4966 μὴν
535 4895 595 4949 τὸ
625 4895 988 4964 ὲκπορευτής.
1027 4892 1194 4946 Ὅθεν
1225 4895 1252 4945 ὁ
1293 4893 1382 4943 τὸν
1423 4894 1583 4963 ζῆλον
1612 4897 1708 4947 καὶ
1745 4898 1845 4963 την
1893 4909 1983 4946 σο-

400 4990 527 5057 φίαν
547 4986 870 5057 φερώνυμος
899 4984 1177 5054 Μάξιμος,
1214 4984 1519 5053 Ἀνομοίου,
1552 4986 1721 5055 ἡγουν
1763 4988 1983 5056 ’Δρεια·

399 5080 582 5134 νιστοῦ
632 5081 774 5152 μετὰ
835 5077 1120 5149 ὀρθοδόξου
1176 5075 1414 5140 διάλεξιν
1485 5082 1979 5147 συγγραψάμενος,

398 5178 473 5241 ὡς
512 5177 619 5230 ἀπὸ
670 5176 764 5231 τοῦ
811 5175 1094 5246 ’Δνομοίου
1135 5174 1272 5242 φησὶ
1316 5173 1434 5225 κατ’
1467 5170 1770 5243 ὲρώτησινυ
1808 5192 1827 5224 ε
1867 5173 1982 5228 Οὐκ

402 5272 549 5325 ἔστιν
576 5267 669 5324 οῦν
697 5270 931 5339 διαφορὰ
960 5269 1173 5338 Harpe;
1201 5268 1296 5319 καὶ
1331 5266 1461 5320 Υἱοῦ
1495 5270 1588 5320 καὶ
1617 5267 1776 5335 ἁγίου
1812 5268 1983 5320 Πνεύ-

405 5382 610 5437 ματος;
641 5385 660 5416 ι
704 5365 794 5427 Ὠς
834 5365 942 5417 ἀπὸ
972 5363 1066 5417 τοῦ
1111 5362 1426 5431 Ὀρθοδόξου
1463 5378 1476 5393 ο
1500 5380 1520 5412 ι
1573 5362 1671 5414 Ἑν
1697 5363 1762 5432 τῇ
1815 5361 1979 5429 φύσει

399 5458 486 5524 οῦ,
517 5462 572 5513 ὲν
608 5457 688 5526 τῷ
716 5455 986 5527 θελήματι
1014 5454 1097 5521 οὒ,
1123 5457 1181 5507 ὲν
1207 5456 1285 5526 τῷ
1316 5456 1511 5526 γεννᾷν
1537 5455 1635 5509 καὶ
1661 5454 1977 5522 γεννᾶσθαι,

402 5553 497 5606 καὶ
543 5550 871 5619 ἐκπέμπειν,
933 5548 1030 5601 καὶ
1080 5546 1504 5618 ἐκπορεύεσθαι.
1539 5565 1558 5598 ι
1606 5547 1715 5602 Καὶ
1746 5546 1854 5599 ἀπὸ
1885 5547 1978 5600 τοῦ

414 5644 695 5714 Ἀνομςίου
723 5661 738 5676 ο
783 5661 803 5694 ι
836 5642 900 5693 Τί
926 5644 1043 5694 ἐστι
1089 5642 1286 5712 γεννᾷν
1323 5639 1353 5712 ἢ
1382 5639 1696 5706 γεννᾶσθαι,
1740 5639 1837 5692 καὶ
1873 5641 1977 5693 ὲκ-

405 5739 669 5806 πέμπειν,
698 5738 786 5789 καὶ
818 5736 1249 5807 ἑκπορεύεσθαι;
1286 5754 1303 5784 ι
1342 5733 1477 5787 Ἀπὸ
1502 5731 1595 5785 τοῦ
1639 5733 1977 5803 Ὀρθοδόξου,

412 5850 431 5881 ι
462 5832 583 5885 ὐτι
625 5830 726 5900 μὲν
768 5829 962 5899 Πατὴρ
996 5830 1183 5899 γεννᾷ,
1209 5828 1489 5881 τουτέστιν
1515 5825 1830 5896 ἐγέννησεν,
1862 5829 1889 5881 ὁ
1920 5827 1979 5881 δὲ

2089 4633 2227 4686 quos
2261 4618 2451 4672 Patres
2480 4619 2878 4673 assumuntur?
2908 4617 3153 4690 Namque
3198 4622 3330 4678 illud
3362 4626 3681 4696 ὲκπορεύει,

2088 4721 2143 4766 et
2174 4712 2499 4782 ὲκπορεῦον,
2551 4728 2674 4782 quae
2714 4713 3021 4768 secundum
3076 4715 3441 4784 prolationem
3503 4720 3681 4774 activa

2087 4815 2239 4869 sunt,
2269 4821 2538 4876 nusquam
2569 4809 2711 4878 apud
2735 4808 2967 4878 aliquem
2995 4808 3106 4863 ullo
3133 4808 3187 4862 in
3213 4809 3354 4873 loco,
3384 4812 3682 4868 dummodo

2089 4897 2178 4953 ille
2214 4902 2268 4952 in
2299 4898 2661 4954 decernendis
2686 4900 3033 4971 dogmatibus
3068 4901 3297 4973 insignis
3327 4904 3546 4960 habitus
3573 4915 3679 4969 est.

2086 4993 2387 5060 invenitur,
2412 5005 2468 5048 et
2502 4994 2675 5049 multo
2707 4997 2889 5051 minus
2913 4998 3280 5069 ὲκπορευτής.
3311 4996 3467 5053 Unde
3498 4999 3588 5068 qui
3614 5018 3682 5055 ex

2086 5087 2204 5140 zelo
2225 5101 2289 5140 ac
2316 5078 2582 5155 Sapientia
2619 5102 2820 5141 nomen
2854 5087 2961 5143 sibi
2989 5089 3352 5159 comparavit,
3383 5088 3679 5158 Maximus,

2085 5178 2359 5241 Anomcei,
2405 5178 2697 5234 Arianisue
2737 5195 2936 5251 nempe
2976 5195 3104 5236 cum
3152 5182 3460 5237 orthodoxo
3509 5184 3681 5238 collo-

2084 5270 2273 5340 quium
2305 5285 2664 5339 componens,
2707 5287 2773 5328 ex
2798 5264 3041 5343 persona
3084 5275 3360 5341 Anomoei,
3402 5279 3556 5347 quasi
3593 5279 3683 5333 ilte

2084 5363 2450 5434 interrogaret
2493 5382 2506 5419 :
2555 5382 2573 5415 ι
2623 5365 2743 5420 Non
2770 5377 2854 5422 est
2878 5367 3046 5436 igitur
3072 5367 3385 5423 diﬂ'erentia
3414 5369 3593 5427 Patris
3624 5381 3680 5426 et

2080 5455 2229 5524 Filii,
2271 5469 2327 5513 et
2349 5457 2588 5527 Spiritus
2634 5459 2853 5515 sancti?
2889 5460 3246 5516 Orthodoxus
3283 5479 3297 5513 :
3338 5482 3356 5513 ι
3392 5461 3453 5516 in
3484 5472 3681 5518 natura

2084 5560 2218 5612 non,
2244 5544 2301 5599 in
2322 5546 2605 5602 voluntate
2633 5563 2765 5612 non,
2796 5548 2891 5602 sed
2921 5548 2975 5602 in
3003 5565 3291 5618 generare,
3325 5561 3379 5606 ct
3400 5552 3677 5624 generari,

2084 5646 2141 5692 et
2169 5637 2443 5704 emittere,
2468 5646 2522 5691 et
2568 5638 3046 5708 procedere.Tum
3080 5641 3427 5700 Anomoeus:
3473 5665 3491 5697 ι
3534 5644 3678 5711 Quid

2084 5745 2171 5788 est
2198 5747 2477 5803 generare,
2518 5734 2631 5787 sive
2664 5732 2936 5800 generari,
2970 5743 3024 5788 et
3054 5734 3331 5799 emitertc,
3378 5744 3435 5790 et
3482 5753 3681 5806 proce-

2086 5827 2217 5883 dere
2235 5824 2288 5877 ’ίι
2315 5820 2631 5896 Respondet
2652 5823 3024 5883 Orthodoxus:
3050 5827 3237 5896 (Quod
3262 5826 3424 5883 Pater
3448 5829 3673 5899 quidem
