4072 6408
492 305 636 368 131.9

1713 309 2038 372 GEORGII
2082 311 2548 379 METOCHITzE

3608 327 3725 395 1360

494 431 743 495 generat,
795 422 899 478 hoc
940 432 1024 478 est
1076 426 1379 496 generavit.
1411 425 1578 481 Filius
1608 442 1737 482 vero
1764 437 2062 498 generatur1

2162 428 2310 494 ’Υίὸς
2342 436 2624 502 γεννᾶται,
2649 439 2900 494 τουτέστι
2935 442 3282 512 γεγέννηται.
3320 443 3430 496 Καὶ
3475 442 3552 497 ὅτι
3581 446 3720 510 αὐτὸς

494 518 601 570 hoc
661 526 745 570 est
802 516 1018 587 genitus
1060 528 1163 572 cst.
1217 517 1284 571 Et
1335 517 1479 587 quod
1512 519 1627 589 ipse
1671 518 1831 573 Pater
1874 521 2076 575 emittit

493 610 782 679 Spiritum,
831 618 887 663 et
909 608 1145 678 Spiritus
1172 608 1445 678 procedit,
1476 610 1581 664 hoc
1608 619 1694 664 cst
1725 613 2009 680 processit.
2048 630 2066 662 ι

487 699 802 770 Utrumque
846 713 1079 768 magnus
1112 703 1201 755 blc
1232 696 1580 772 'bomologcta
1624 702 1883 768 ostendit,
1926 702 2075 757 nullo

491 793 656 849 modo
699 807 822 847 esse
862 792 916 846 in
965 808 1067 848 usu
1097 794 1443 863 ὲκπορεύειν,
1507 807 1561 848 et
1593 794 1744 850 nullo
1798 797 1981 860 modo,
2025 797 2071 851 si

488 884 826 938 sententiam
884 892 1123 953 spectas,
1170 883 1277 941 hoc
1333 885 1453 954 ipso
1519 887 1703 941 minus
1764 886 2073 956 signiﬁcare

490 976 748 1030 emittere.
764 976 897 1031 Cum
916 977 1061 1030 enim
1086 992 1196 1030 non
1223 977 1415 1043 semel,
1432 978 1525 1032 sed
1547 978 1629 1032 bis
1644 988 1700 1033 et
1719 980 1914 1048 sapius
1935 994 2073 1049 opus

490 1077 636 1123 esset
654 1070 707 1120 in
727 1067 880 1123 brevi
897 1068 1002 1122 isto
1019 1068 1290 1138 colloquio
1308 1069 1367 1121 τὸ
1396 1069 1718 1140 ὲκπορεύειν
1741 1071 1943 1137 dicere,
1961 1087 2070 1126 nou

489 1161 691 1229 ipsum,
725 1160 819 1215 sed
851 1160 1032 1214 simile
1064 1169 1116 1215 et
1147 1162 1290 1229 quod
1320 1178 1429 1215 non
1460 1162 1620 1215 aliam
1639 1165 1966 1217 sententiam
1994 1164 2074 1218 in-

415 1246 422 1262 ²
489 1251 680 1311 terret,
702 1250 1217 1321 pronuntiavit.Qui
1246 1252 1371 1304 item
1393 1267 1423 1304 a
1443 1252 1596 1306 miris
1627 1252 1853 1307 edendis
1868 1268 2068 1307 nomen

486 1353 817 1398 consecutus
867 1353 950 1398 est
996 1342 1522 1397 Neocaasaricnsium
1575 1345 1820 1415 praesul,
1863 1343 2071 1416 Grego-

485 1432 751 1496 rius,lia:c
769 1430 886 1500 ipsa
918 1432 1086 1484 verba
1105 1429 1357 1484 eumdem
1379 1429 1740 1499 signiﬁcatum
1763 1432 2070 1501 exprimere

485 1523 804 1578 confirmat.
849 1520 1112 1577 Oratione
1163 1522 1434 1591 siquidem
1492 1522 1651 1592 cujus
1685 1521 1815 1577 illud
1863 1522 2069 1593 princi-

484 1616 638 1684 pium
672 1622 791 1668 est:
821 1633 838 1663 ι
862 1612 1247 1677 lnimicissimi,
1267 1621 1318 1668 et
1343 1615 1411 1669 ab
1441 1613 1734 1684 apostolica
1763 1613 2070 1669 confessio-

481 1722 554 1762 ne
584 1705 751 1760 alieni
771 1714 919 1767 sunt,
947 1706 1039 1775 qui
1065 1703 1261 1759 Filium
1291 1720 1356 1760 ex
1384 1707 1451 1760 iis
1471 1720 1592 1775 quae
1613 1721 1722 1760 non
1751 1717 1901 1773 sunt,
1934 1726 1952 1759 ι
1986 1708 2068 1762 sic

480 1799 662 1870 inquit
687 1818 701 1854 :
724 1799 1037 1870 «lngenitus
1054 1814 1178 1853 cum
1205 1798 1276 1853 sit
1306 1797 1486 1866 Pater,
1510 1810 1726 1870 genitus
1744 1815 1873 1855 vero
1898 1798 2068 1855 Filius

470 1910 554 1946 ex
590 1892 774 1955 Patre,
821 1879 1060 1960 Spiritus
1118 1905 1251 1945 vero
1276 1906 1342 1947 ex
1373 1893 1620 1947 essentia
1654 1890 1831 1947 Patris
1851 1908 1948 1963 per
1974 1892 2066 1948 Fi-

450 1985 614 2038 alium
636 1985 705 2039 ab
724 1993 931 2039 aeterno
964 1984 1221 2039 emissus.
1253 2003 1271 2035 ι
1299 1984 1465 2051 Quasi
1489 2002 1619 2042 vero
1638 1987 1808 2042 bocin
1833 1987 1980 2042 nulla
2007 2004 2067 2045 re

448 2116 449 2119 η
479 2078 724 2132 ὼίῐεντει
755 2094 785 2133 a
814 2079 1096 2147 processit,
1138 2088 1195 2133 ut
1227 2087 1470 2134 mentem
1520 2095 1675 2134 suam
1712 2082 2062 2150 exprimeret,

450 2168 879 2238 pronuntiavit.
920 2166 1178 2237 Ejusdem
1227 2168 1466 2224 nominis
1510 2170 1688 2236 alter,
1736 2168 2050 2241 Theologize

453 2269 673 2315 ~vertex
709 2274 820 2315 non
868 2268 1079 2314 tantum
1131 2260 1471 2323 nominibus,
1525 2263 1619 2316 sed
1660 2263 1845 2317 verbis
1894 2263 2062 2318 etiam

480 2352 536 2405 id
566 2352 710 2407 idem
760 2350 1079 2407 illustrabit.
1130 2351 1187 2406 ls
1222 2352 1291 2406 ad
1353 2351 1624 2407 Heronem
1667 2351 2065 2421 PhilosOpbum

478 2445 729 2499 oratione
765 2444 957 2500 scribit
991 2462 1005 2498 :
1042 2462 1060 2494 ι
1105 2443 1282 2498 Patris
1310 2445 1591 2515 proprium
1615 2458 1698 2500 est
1726 2448 2061 2519 ingenitura,

456 2535 602 2590 .Filii
646 2537 948 2608 generatio,
995 2535 1235 2606 Spiritus
1279 2538 1525 2592 emissio.
1564 2557 1583 2590 ι
1614 2539 1681 2593 Ει
1732 2541 1786 2593 in
1818 2541 2063 2597 secundo

479 2629 547 2682 de
602 2645 738 2698 pace
767 2646 780 2684 '.
812 2647 831 2681 ι
869 2629 947 2683 lta
998 2631 1290 2696 sentimus,
1341 2631 1438 2694 ait,
1470 2640 1526 2685 et
1568 2631 1644 2684 ita
1699 2640 1973 2699 tenemus,
2002 2642 2065 2688 ut

479 2722 754 2791 quomodo
776 2721 866 2776 illa
897 2737 958 2777 se
1002 2723 1240 2778 habeant
1279 2733 1422 2777 mter
1468 2739 1527 2778 se
1572 2725 1838 2779 relatione
1871 2735 1930 2779 et
1971 2741 2063 2780 or-

474 2816 624 2881 dine,
653 2816 753 2870 soli
788 2815 889 2886 ipsi
918 2814 1104 2870 Triadi
1161 2816 1530 2871 concedamus
1563 2818 1956 2887 cognitionem,
2007 2829 2064 2874 et

475 2908 675 2976 quibus
712 2907 829 2977 ipsa
860 2905 1019 2962 Trias
1054 2909 1376 2962 revelaverit
1408 2909 1723 2979 expurgatis
1770 2909 1886 2964 sive
1915 2926 2063 2965 nunc

477 3003 595 3055 sive
630 3001 1002 3072 postmodum.
1054 2998 1158 3069 Ipsi
1200 3015 1328 3054 vero
1368 3016 1530 3055 unam
1562 3010 1619 3055 el
1645 3003 1896 3057 eamdem
1933 3005 2061 3059 Dei-

2178 525 2207 575 ό
2240 525 2432 597 Πατὴρ
2471 529 2750 599 ἐκπέμπει
2791 533 2853 585 τὸ
2899 534 3149 604 Πνεῦμα,
3187 537 3362 588 καὶτὸ
3396 535 3606 607 Πνεῦμα
3640 541 3720 599 te-

2180 616 2496 685 πορεύεται,
2532 623 2816 676 τουτέστιν
2847 625 3274 695 ὲκπεπόρευται.
3311 646 3328 677 ι
3379 625 3655 697 Ἑκάτερον
3697 631 3721 682 ὁ

2179 710 2352 776 μέγας
2377 710 2652 767 δείκνυσιν
2682 714 3050 787 όμολογητὴς,
3076 718 3138 770 τὸ
3165 720 3637 789 μήτετοπαράπαν
3674 722 3722 771 ὲν

2175 800 2368 870 χρήσει
2401 802 2461 856 τὸ
2492 806 2817 876 ὲκπορεύειν
2845 804 3010 874 εἶναι,
3057 810 3152 863 καὶ
3196 810 3259 862 τὸ
3292 811 3550 881 μηδαμῶς
3577 812 3719 865 αὑτοῦ

2174 891 2540 949 τούτουνκατὰ
2591 898 2717 952 νοῦν
2761 901 2823 954 τὸ
2869 902 3207 972 ἐκπέμπειν
3250 904 3719 972 ἀπολιμπάνεσθαι.

2174 984 2388 1051 Δεῆσαν
2416 990 2509 1040 καὶ
2537 990 2647 1060 γὰρ
2664 992 2766 1062 οὐχ
2794 994 2965 1060 ama,
3001 995 3139 1049 ἀλλὰ
3167 997 3265 1049 καὶ
3294 997 3375 1057 δίς
3410 1000 3501 1049 καὶ
3543 998 3649 1066 τρὶς
3671 1000 3720 1050 ἐν

2176 1078 2426 1149 συντόμῳ
2454 1080 2690 1152 διαλόγῳ
2720 1085 2782 1137 τὸ
2805 1087 3129 1157 ὲκπορεύειν
3145 1091 3313 1159 ἐρεῖν,
3333 1089 3392 1142 οὒ
3414 1088 3588 1152 τοῦτο,
3605 1089 3722 1140 ἀλλὰ

2172 1166 2233 1217 τὸ
2260 1169 2477 1234 ταυτὸν,
2517 1173 2612 1225 καὶ
2641 1174 2743 1227 οὐκ
2787 1174 2919 1229 ἄλλο
2953 1179 3095 1232 κατὰ
3145 1178 3386 1233 διάνοιαν
3415 1178 3719 1250 ἑξεφώνησε.

2173 1254 2283 1307 Καὶ
2320 1260 2429 1322 τοῖς
2472 1259 2747 1332 θαύμασιν
2778 1265 2807 1317 ό
2840 1266 3164 1337 φερώνυμος
3216 1269 3420 1341 ποιμὴν
3464 1271 3567 1323 τῶν
3604 1273 3722 1324 Neo-

2173 1351 2487 1420 καισαρέων
2511 1352 2814 1426 Γρηγόριος
2846 1360 2906 1411 τὸ
2936 1361 3296 1426 ταυτίζεσθαι
3326 1363 3496 1418 ταῦτα
3527 1367 3719 1435 ῥήματα

2173 1437 2401 1508 βεϐαιοῖ.
2447 1444 2537 1497 Ἐν
2568 1447 2673 1517 γὰρ
2701 1448 2779 1519 τῷ
2811 1451 2977 1519 λόγῳ,
3014 1448 3075 1508 οῦ
3107 1455 3140 1524 ἡ
3170 1455 3319 1524 ἀρχὴ
3346 1492 3361 1519 ,
3415 1475 3434 1507 ι
3473 1457 3718 1524 Ἔχοιστοι

2172 1533 2267 1585 καὶ
2299 1529 2568 1607 ἀλλότριοι
2596 1540 2695 1609 τῆς
2718 1543 3086 1616 ἁποστολικῆς
3112 1547 3407 1617 ὁμολογίας
3432 1549 3481 1601 oi
3503 1550 3588 1602 τὸν
3614 1549 3718 1601 Υἱὸν

2171 1623 2232 1689 ἐξ
2264 1627 2362 1679 οὐκ
2395 1628 2564 1683 ὄντων
2596 1631 2868 1701 λέγοντες,
2902 1655 2920 1688 ι
2950 1637 3095 1691 οὕτω
3120 1642 3291 1710 φησίν
3316 1657 3330 1672 ·
3366 1660 3385 1694 ι
3431 1641 3715 1711 ’Δγεννήτου

2176 1716 2274 1786 μὲν
2312 1716 2463 1782 ὄντος
2489 1719 2585 1774 τοῦ
2616 1723 2827 1794 Πατρδς
2849 1767 2864 1794 ,
2902 1729 3261 1800 γεννηθέντος
3307 1732 3366 1785 δὲ
3397 1732 3488 1786 τοῦ
3521 1734 3636 1786 Υίοῦ
3665 1736 3718 1787 ἐκ

2097 1785 2143 1845 Β
2172 1805 2405 1876 Πατρὸς,
2434 1809 2530 1862 τοῦ
2561 1828 2619 1865 τε
2648 1785 2969 1883 Πνεῦματος
3000 1785 3065 1872 ιπέ
3083 1821 3181 1890 τῆς
3207 1785 3512 1886 οῦσίαςτοῦ
3537 1785 3718 1892 [ἰατρὸς

2168 1897 2237 1951 δι’
2273 1900 2401 1954 Υἱοῦ
2437 1902 2623 1969 ἀϊδίως
2652 1908 3118 1981 ὲκπεμφθέντος.»
3150 1914 3241 1980 Ὠς
3278 1919 3409 1985 γοῦν
3439 1917 3594 1988 μηδὲν
3617 1919 3718 1972 τόδε

2168 1989 2425 2081 διαφέρον
2473 1995 2569 2050 τοῦ
2623 1999 3097 2073 ἐκπορευθέντος
3127 2008 3209 2073 είς
3260 2009 3471 2074 ἑννοίας
3515 2010 3721 2081 δήλωσιν

2170 2079 2386 2150 εἴρηκε.
2404 2084 2610 2140 Τούτου
2628 2087 2684 2141 δὲ
2704 2092 2731 2142 ό
2754 2090 3070 2164 ὁμώνυμος,
3096 2097 3129 2165 ή
3154 2097 3258 2167 τῆς
3288 2079 3719 2171 θεολογίαξάκρόο

2168 2188 2287 2241 της,
2315 2175 2391 2239 ὡς
2433 2179 2527 2231 καὶ
2558 2182 2616 2233 ἐν
2644 2181 2929 2254 ὀνόμασιν,
2984 2188 3085 2258 ούχ
3120 2189 3275 2254 ὅπως
3325 2192 3386 2245 ὲν
3433 2184 3630 2263 ῥήμασι
3668 2193 3721 2244 τὸ

2166 2267 2364 2321 ταυτὸν
2392 2268 2701 2341 ὃιαυγάσοι,
2745 2277 2802 2331 ἐν
2838 2278 2942 2346 μὲν
2973 2280 3050 2352 τῷ
3100 2283 3240 2351 πρὸς
3277 2285 3501 2355 Ἥρωνα
3527 2285 3611 2339 τὸν
3641 2302 3718 2354 φι-

2165 2357 2391 2428 λόσοφον
2425 2363 2590 2436 λόγῳ,
2644 2386 2663 2420 ι
2691 2368 2904 2439 Πατρδς
2946 2372 3086 2442 μὲν,
3130 2392 3149 2425 ι
3211 2376 3382 2445 φησὶν
3409 2417 3425 2442 ,
3471 2394 3490 2429 ι
3518 2377 3639 2431 ῐδιον
3688 2378 3718 2448 ἠ

2166 2452 2484 2525 ἁγεννησία,
2520 2459 2651 2513 Υίοῦ
2685 2463 2740 2516 δὲ
2772 2465 2803 2533 ἠ
2834 2465 3112 2534 γέννησις,
3146 2468 3473 2539 Πνεύματος
3499 2471 3551 2524 δὲ
3584 2473 3613 2540 ἡ
3639 2471 3717 2524 ἔκ-

2166 2547 2399 2615 πεμψις,
2430 2566 2451 2602 ι
2482 2553 2539 2603 ὲν
2563 2552 2728 2624 δὲοτῷ
2754 2555 2993 2629 δευτέρῳ
3022 2559 3131 2612 τῶν
3155 2562 3488 2634 Εἰρηνικῶν,
3530 2582 3547 2616 ι
3582 2563 3717 2618 Οὕτω

2165 2639 2475 2709 φρονοῦμεν
2500 2681 2514 2705 ,
2544 2662 2561 2694 ι
2603 2646 2845 2715 φάσκει,
2882 2666 2902 2699 ι
2945 2652 3039 2704 καὶ
3089 2652 3270 2717 οὕτως
3318 2655 3548 2727 ἔχομεν,
3595 2656 3717 2711 ὥστε

2164 2730 2315 2793 ὅπως
2347 2733 2445 2799 μὲν
2489 2733 2601 2802 ἔχει
2647 2736 2821 2791 ταῦτα
2861 2740 2997 2810 πρὸς
3031 2741 3242 2814 ἄλληλα
3291 2748 3527 2819 σχέσεώς
3557 2766 3609 2802 τε
3641 2749 3718 2803 καὶ

2164 2823 2395 2888 τάξεως.
2444 2826 2580 2895 αὐτῇ
2627 2829 2767 2901 μόνῃ
2813 2834 2878 2900 τῇ
2915 2832 3107 2902 Τριὰδι
3160 2842 3473 2909 συγχωρεῖν
3519 2840 3718 2903 ειδέναι,

2165 2915 2257 3006 καὶ
2289 2909 2370 2977 οἷς
2429 2915 2495 2970 ἂν
2548 2919 2585 2988 ἡ
2627 2917 2799 2987 Τριὰς
2852 2924 3179 3000 ἀνακαλύψῃ
3220 2930 3642 3001 κεκαθαρμένοις
3688 2931 3717 3006 ἢ

2165 3004 2282 3069 νῦν,
2309 3006 2342 3076 ἦ
2375 3005 2627 3079 ὕστερον.
2675 3012 2842 3067 Αὐτοὶ
2873 3013 2930 3067 δὲ
2964 3017 3095 3085 μίαν
3118 3020 3212 3071 καὶ
3231 3020 3333 3090 τὴν
3358 3023 3523 3094 αὐτὴν
3544 3004 3719 3077 εἰδέναι

477 3093 606 3147 tatis
639 3102 916 3157 naturam,
935 3108 1055 3161 quae
1071 3092 1277 3161 absque
1296 3092 1586 3164 principio,
1608 3105 1664 3149 et
1680 3097 2057 3166 generatione,

2174 3097 2337 3164 φύσιν
2370 3098 2645 3171 θεότητος,
2680 3105 2927 3175 ἀνάρχῳ,
2968 3109 3062 3160 καὶ
3092 3113 3371 3185 γεννήσει,
3415 3092 3504 3167 καλ
3536 3115 3718 3185 προόδῳ

450 3194 530 3239 act
555 3197 851 3255 progressu
874 3183 1282 3253 cognoscimus.
1317 3203 1336 3237 ι
1358 3183 1516 3249 Quod
1540 3186 1612 3240 ibi
1631 3196 1713 3242 est
1734 3189 2058 3258 ingenitum,

451 3277 527 3333 id
556 3277 658 3332 hoc
680 3278 735 3332 in
760 3277 883 3332 loco
902 3284 987 3331 est
1007 3278 1198 3347 absque
1225 3279 1505 3346 principio,
1527 3280 1670 3347 quod
1702 3295 2059 3348 personarum

472 3369 713 3423 dualitas
748 3382 817 3422 ex
856 3367 1017 3423 Patre
1052 3377 1157 3431 est,
1188 3368 1316 3422 dum
1347 3369 1651 3423 secundum
1687 3370 1820 3426 illud
1854 3373 2060 3442 absque

454 3472 722 3527 tempore
744 3468 855 3511 tres
887 3457 1050 3510 simul
1085 3458 1291 3526 absque
1322 3457 1595 3527 principio
1634 3470 1781 3516 sunt.
1822 3463 1899 3517 lbi
1929 3480 2060 3519 vero

452 3559 528 3620 get
564 3549 653 3603 hic
700 3549 971 3619 generatio
1015 3549 1207 3603 eodem
1243 3550 1507 3604 vocabulo
1537 3567 1797 3620 expressa
1843 3563 1946 3609 est.
1996 3555 2060 3609 Et

453 3640 617 3711 μιμιοά
651 3639 725 3694 ibi
751 3640 962 3694 emissio
997 3682 1012 3705 ,
1041 3640 1130 3694 hic
1152 3650 1237 3695 est
1256 3657 1582 3712 progressus.
1607 3643 1666 3697 lu
1689 3644 1810 3699 aliis
1838 3662 2058 3718 quoque

474 3735 565 3788 hic
619 3735 736 3804 ipse
782 3741 837 3788 et
880 3733 971 3787 alii
1003 3730 1197 3788 Patres
1239 3733 1474 3805 theologi
1516 3735 1639 3791 aliis
1680 3737 1906 3793 vocibus
1946 3756 2055 3795 non

459 3825 619 3879 aliud
641 3825 709 3880 ab
730 3825 878 3879 hisce
901 3823 1333 3894 signiﬁcantibus
1364 3825 1523 3895 plane
1547 3840 1660 3880 rem
1688 3832 1936 3883 eamdem
1958 3848 2055 3885 ex-

472 3919 741 3985 primunt,
797 3929 935 3983 quas
966 3914 1253 3969 brevitatis
1304 3930 1469 3969 causa
1512 3916 1881 3986 praeterimus,
1930 3936 2054 3983 cum

471 4006 564 4061 alii
603 4005 774 4061 nostri
803 4020 1083 4060 sermones
1114 4005 1181 4060 de
1218 4005 1302 4059 bis
1330 4006 1519 4061 iisdem
1541 4018 1723 4077 agant.
1972 4066 1973 4069 η

456 4124 457 4133 ι
547 4099 631 4153 16.
664 4099 933 4166 Deinceps
976 4105 1097 4166 post
1135 4097 1297 4152 verba
1340 4097 1507 4164 illius,
1554 4115 1679 4154 cum
1729 4117 1839 4172 quo
1887 4107 2056 4162 cono.

471 4195 660 4263 quium
687 4193 1003 4256 concinnat,
1044 4191 1160 4246 haec
1193 4194 1420 4263 apponit
1465 4210 1480 4247 :
1526 4213 1544 4246 ι
1578 4196 2051 4260 Quemadmodum

471 4287 516 4340 si
551 4285 675 4356 quis
698 4285 862 4351 dicat,
895 4285 1088 4340 dextro
1113 4284 1236 4354 pedi
1258 4287 1431 4339 basim
1457 4284 1596 4352 ﬁeri,
1628 4304 1732 4342 non
1762 4290 1971 4345 addens
1998 4303 2053 4348 et

469 4381 714 4446 sinistro,
750 4378 1069 4449 imperfecte
1108 4377 1368 4448 loquitur,
1399 4385 1455 4433 et
1493 4382 1795 4437 secundum
1825 4396 2051 4441 senten-

469 4474 599 4526 tiam
651 4472 1023 4527 soloecismum
1068 4469 1219 4534 facit,
1274 4485 1383 4524 non
1430 4480 1707 4529 structura
1752 4492 1767 4531 :
1812 4478 1927 4546 pari
1966 4496 2055 4535 ra—
2086 4501 2133 4559 υ

473 4565 641 4629 tione,
681 4582 699 4614 ι
731 4564 929 4632 inquit,
973 4581 993 4614 ι
1033 4573 1090 4617 et
1115 4562 1205 4631 qui
1244 4562 1512 4633 Spiritum
1550 4576 1802 4621 sanctum
1833 4570 1965 4625 dicit
1993 4588 2058 4628 ex

469 4656 628 4709 Patre
651 4656 968 4725 procedere,
995 4669 1106 4708 non
1128 4654 1357 4718 addens,
1391 4655 1554 4710 etiam
1580 4673 1645 4711 ex
1671 4657 1832 4724 Filio,
1855 4661 2059 4733 imper-

469 4747 614 4802 fecte
648 4746 971 4818 pronuntiat
1001 4756 1076 4811 et,
1097 4746 1404 4802 secundum
1437 4750 1769 4804 sententiam
1802 4762 1968 4808 errat.
2000 4754 2056 4809 Si

467 4844 654 4913 itaque
675 4842 777 4897 hoc
800 4851 904 4905 est,
931 4841 1047 4910 ipse
1080 4841 1172 4894 Dei
1204 4839 1374 4894 Filius
1396 4841 1452 4895 in
1477 4839 1787 4913 Evangeliis
1816 4846 2010 4901 dicens
2037 4865 2055 4905 :

466 4937 598 4991 Cum
635 4935 831 4988 venerit
877 4930 1215 4995 Paracletus,
1249 4946 1401 5001 quem
1438 4947 1531 5003 ego
1574 4933 1782 4987 mittam
1835 4936 1973 4990 vobis
2021 4955 2055 4991 a

463 5030 649 5091 Patre,
683 5028 945 5096 Spiritum
976 5024 1237 5088 veritatis,
1274 5025 1365 5094 qui
1394 5042 1426 5079 a
1457 5024 1625 5079 Patre
1644 5028 1907 5096 procedit,
1943 5046 2055 5085 non

463 5122 693 5186 addens,
739 5129 789 5175 et
815 5136 882 5174 ea;
922 5134 1025 5182 me,
1063 5116 1384 5187 imperfecte
1421 5119 1724 5175 secundum
1775 5121 1921 5191 ipsos
1974 5123 2055 5179 lo-

463 5217 671 5286 quitur,
741 5223 798 5268 et
862 5212 1057 5270 vitiose
1102 5211 1405 5267 secundum
1455 5212 1781 5268 sententiam
1831 5215 2049 5272 labitur.

466 5307 575 5364 Sed
602 5307 760 5378 longe
784 5307 909 5359 sita
934 5304 1095 5361 nobis
1114 5304 1312 5360 similis
1328 5303 1694 5375 blasphemia.
1735 5307 1844 5361 Aut
1865 5317 2051 5363 ostcno

463 5400 597 5465 dite,
631 5398 913 5466 inquiunt,
940 5397 994 5451 in
1025 5396 1229 5451 divinis
1256 5394 1557 5467 Scripturis
1590 5395 1882 5462 affirmari,
1926 5398 2050 5467 Spi-

461 5492 629 5546 ritum
675 5490 840 5545 etiam
888 5503 955 5543 ex
991 5486 1131 5543 Filio
1158 5503 1272 5543 non
1316 5488 1629 5558 procedere,
1665 5491 1748 5543 vel
1783 5490 2053 5544 admittite

462 5584 629 5639 etiam
668 5580 839 5638 coacti
880 5580 1323 5647 afﬁrmationem,
1370 5596 1436 5636 ex
1476 5581 1594 5651 ipso
1632 5596 1832 5652 nempe
1860 5598 2051 5653 proce-

460 5675 618 5737 dere.
650 5672 756 5728 Sed
790 5676 897 5729 hoc
930 5675 1211 5743 sepbisma
1240 5683 1341 5728 est.
1374 5673 1563 5743 Neque
1599 5673 1746 5729 enim
1787 5673 1913 5744 quia
1938 5690 2048 5730 non

458 5772 643 5855 potest
676 5765 797 5837 quis
825 5782 889 5822 ex
934 5780 1088 5821 sacra
1116 5764 1403 5836 Scriptura
1444 5765 1818 5823 demonstrare
1846 5764 2047 5823 Filium

2171 3192 2609 3264 γνωριζομένην.
2646 3215 2664 3247 ι
2709 3197 2774 3250 Ὃ
2804 3197 2899 3252 οὖν
2948 3203 3064 3253 ἐκεῖ
3110 3203 3148 3268 ὴ
3188 3204 3550 3274 ἀγεννησία,
3580 3207 3720 3262 τοῦτο

2168 3281 2405 3335 ἐνταῦθα
2431 3287 2496 3336 τὸ
2535 3285 2829 3355 ἄναρχον,
2865 3293 3004 3344 κατὰ
3034 3292 3095 3343 τὸ
3126 3293 3190 3345 ὲκ
3219 3295 3437 3366 Πατρὸς
3466 3294 3597 3351 εἶναι
3632 3298 3718 3365 τὴν

2166 3373 2278 3426 τῶν
2330 3376 2637 3445 προσώπων
2677 3380 2864 3435 δυάδαο
2893 3383 3015 3437 ἐπεί
3044 3401 3107 3453 γε
3139 3395 3286 3443 κατὰ
3319 3389 3379 3443 τὸ
3424 3391 3635 3461 ἄχρονον
3659 3390 3717 3444 τὰ

2165 3467 2290 3534 τρία
2327 3471 2658 3542 συνάναρχα.
2710 3475 2951 3530 Κάκείσε
2997 3479 3053 3532 δὲ
3087 3482 3183 3534 καὶ
3210 3481 3403 3537 ἐνθάδε
3430 3487 3460 3554 ἡ
3491 3487 3715 3552 γέννησις

2165 3557 2254 3611 διὰ
2302 3561 2405 3631 τῆς
2453 3562 2624 3634 αὐτῆς
2647 3559 2944 3635 δεδήλωται
2979 3570 3204 3635 λέξεως.
3257 3576 3366 3629 Καὶ
3391 3575 3524 3646 ὅπερ
3564 3575 3600 3643 ἠ
3634 3575 3714 3628 ἐκ-

2118 3700 2125 3707 ,
2165 3655 2394 3721 πεμψις
2442 3655 2579 3721 ἐκεῖ,
2633 3658 2873 3715 ἐνταῦθα
2905 3664 2941 3729 ἡ
2978 3664 3262 3732 πρόοδος.
3305 3668 3393 3721 Ἐν
3424 3667 3711 3732 ἄλλοιςδὲό

2144 3744 2352 3808 .αύτὸ·,
2385 3746 2481 3797 καὶ
2507 3748 2692 3801 λοιποὶ
2729 3751 2841 3803 τῶν
2875 3753 3147 3822 θεολόγων
3185 3757 3478 3828 Πατέρων,
3505 3758 3587 3812 διὰ
3610 3775 3710 3826 φω-

2164 3834 2270 3886 νῶν
2300 3835 2504 3904 ἐτέρων
2545 3839 2607 3891 τὸ
2634 3841 2831 3895 ταυτὸν
2858 3845 3044 3898 ταῖσδε
3078 3850 3273 3916 σαφῶς
3317 3850 3627 3909 ἐκτίθενται.
3652 3848 3708 3912 ἃς

2162 3922 2250 3977 διὰ
2284 3926 2345 3977 τὸ
2376 3928 2549 3997 μῆκος
2570 3931 2772 4001 ἐῶμεν.
2808 3935 2993 3991 Ἀλλοι
3028 3939 3085 3991 δὲ
3117 3940 3228 3994 τῶν
3260 3943 3537 4013 ἡμετέρων
3560 3942 3709 4009 λόγων

2165 4020 2293 4084 περὶ
2318 4018 2482 4087 τῷνδε
2505 4020 2989 4092 διαλαμϐάνουσιν.

2236 4105 2331 4171 ις’.
2377 4108 2605 4182 Ἐφεξῆς
2638 4115 2731 4167 τοῦ
2768 4117 2888 4186 μεθ’
2942 4114 3005 4174 οῦ
3040 4124 3336 4195 πεποίηται
3366 4125 3462 4196 τὴν
3502 4121 3707 4187 διάλεξιν

2160 4198 2342 4268 τίθησι
2366 4203 2539 4256 ταῦτα
2557 4221 2570 4234 ·
2606 4207 2852 4279 (Ὠσπερ
2874 4210 3023 4274 εῐτις
3053 4214 3201 4281 λέγει
3233 4218 3333 4288 τὴν
3360 4219 3511 4285 βάσιν
3542 4220 3609 4286 τῳ
3633 4218 3708 4270 δε·

2162 4290 2258 4361 ξιῴ
2292 4294 2411 4346 ποδὶ
2449 4298 2715 4364 γίνεσθαι,
2771 4305 2846 4371 μὴ
2878 4305 3193 4373 προστιθεὶς
3227 4308 3417 4378 καὶτῷ
3451 4308 3703 4377 εὐωνύμῳ,

2158 4386 2364 4450 ἀτελῶς
2401 4388 2572 4457 λέγει,
2610 4394 2703 4444 καὶ
2726 4392 3014 4459 σολοικίζει
3044 4400 3188 4452 κατὰ
3220 4405 3310 4454 τὸν
3337 4402 3475 4473 νοῦν,
3504 4402 3558 4452 οὐ
3583 4403 3703 4452 κατὰ

2160 4478 2256 4547 τὴν
2310 4478 2584 4551 συνθήκην
2603 4496 2616 4512 ο
2645 4481 2841 4549 οὖτω,»
2883 4487 3038 4553 φασὶ,
3076 4507 3095 4539 r
3127 4490 3220 4543 καὶ
3241 4493 3288 4559 ό,
3312 4492 3383 4544 Τὸ
3415 4492 3621 4563 Πνεῦμα
3651 4489 3701 4540 τὸ

2162 4568 2336 4638 ἅγιον,
2364 4570 2556 4640 λέγων,
2578 4576 2640 4626 ἐκ
2669 4574 2763 4628 τοῦ
2788 4578 3000 4649 Πατρὸς
3019 4582 3397 4653 ἐκπορεύεται,
3415 4584 3486 4656 μὴ
3509 4600 3703 4656 προστιο

2162 4664 2272 4728 θεὶς
2312 4667 2404 4718 καὶ
2431 4667 2493 4720 ὲκ
2518 4667 2614 4721 τοῦ
2643 4668 2794 4735 Υἱοῦ,
2823 4672 3027 4737 ἀτελῶς
3060 4675 3208 4742 λέγει
3239 4680 3331 4730 καὶ
3373 4678 3543 4731 πταίει
3578 4675 3699 4728 κατὰ

2159 4764 2251 4809 τὸν
2276 4757 2425 4812 νοῦν.
2477 4760 2538 4812 El
2588 4755 2684 4813 οὖν
2727 4762 2908 4826 τοῦτο,
2943 4766 3104 4828 αὐτὸς
3150 4770 3177 4819 ό
3209 4769 3302 4821 τοῦ
3330 4768 3458 4822 Θεοῦ
3504 4768 3617 4830 Υἱὸς
3648 4768 3697 4817 ἐν

2158 4853 2267 4910 τοῖς
2301 4851 2649 4919 Εὐαγγελίοις
2687 4852 2881 4923 λέγων,
2941 4857 3123 4911 Ὅταν
3159 4858 3226 4913 δὲ
3263 4861 3410 4927 ἔλθῃ
3456 4863 3492 4915 ό
3526 4857 3698 4927 Παρά-

2158 4945 2404 5010 κλητος,
2463 4942 2536 4997 ὃν
2569 4944 2684 5014 ἐγὼ
2713 4947 2930 5016 πέμψω
2968 4950 3117 5018 ὑμῖν
3149 4951 3308 5018 παρὰ
3338 4951 3440 5005 τοῦ
3474 4946 3694 5016 Πατρός,

2156 5032 2223 5084 τὸ
2247 5032 2490 5102 Πνεῦμα
2520 5033 2629 5102 τῆς
2653 5035 2961 5105 ἀληθείας,
2993 5039 3026 5092 ὃ
3057 5043 3215 5110 παρὰ
3248 5041 3350 5095 τοῦ
3375 5040 3590 5107 Πατρός
3611 5039 3695 5090 ὲκ-

2156 5126 2494 5193 πορεύεται,
2524 5128 2599 5198 μὴ
2633 5131 2952 5198 προστιθεὶς
2990 5133 3084 5186 καὶ
3102 5135 3196 5199 εδ,
3228 5134 3365 5202 παρ’
3398 5132 3557 5202 ἐμοῦ,
3583 5132 3694 5183 ἀτε-

2155 5217 2263 5282 λῶς
2290 5221 2411 5273 κατ’
2441 5224 2639 5285 αὐτοὺς
2674 5223 2842 5291 λέγει,
2882 5229 2978 5279 καὶ
3005 5229 3145 5281 κατὰ
3195 5228 3319 5281 νοῦν
3348 5228 3542 5280 πταίει.
3575 5220 3694 5275 Ἀλλ’

2154 5311 2320 5379 ἀπείη
2351 5313 2505 5382 ἡμῶν
2540 5314 2679 5386 αὕτη
2727 5318 2760 5386 ή
2811 5317 3147 5390 βλασφημία.
3183 5320 3254 5373 Ἢ
3283 5321 3500 5386 δείξατε,
3530 5312 3691 5384 φασὶν.

2155 5402 2213 5453 ἐν
2246 5406 2311 5473 τῇ
2341 5403 2460 5475 θείὲι
2494 5405 2684 5481 Γραφῇ
2736 5409 3032 5479 λεγόμενον
3058 5451 3074 5475 ,
3124 5412 3204 5466 ὃτι
3235 5412 3335 5464 οὐκ
3366 5406 3692 5479 ἐκπορεύεται

2154 5495 2249 5546 καὶ
2275 5499 2338 5547 ἐκ
2359 5497 2454 5549 τοῦ
2478 5499 2610 5553 Υίοῦ
2644 5504 2704 5555 τὸ
2725 5502 2974 5573 Πνεῦμα,
3001 5503 3033 5573 ἢ
3066 5503 3423 5568 καταδέξασθε
3449 5503 3533 5553 καὶ
3550 5500 3689 5554 ἄκον-

2151 5602 2243 5649 τες
2292 5590 2392 5657 τὴν
2421 5586 2748 5659 κατάφασιν,
2799 5595 2880 5647 ὅτι
2914 5595 3010 5648 καὶ
3064 5595 3125 5661 ἐξ
3154 5595 3316 5648 αὐτοῦ
3343 5589 3684 5660 ἐκπορεύεται.

2154 5674 2325 5730 Τοῦτο
2351 5679 2406 5731 δέ
2458 5682 2575 5733 ἐστι
2612 5684 2875 5755 σόφισμα.
2919 5686 3054 5739 Οὐδὲ
3085 5688 3192 5759 γὰρ
3245 5683 3363 5738 ἐπεὶ
3395 5683 3466 5752 μὴ
3491 5681 3591 5752 ἔχει
3615 5691 3685 5738 τις

2151 5772 2208 5823 ἐν
2238 5771 2304 5842 τῇ
2341 5770 2461 5845 θείᾳ
2491 5773 2530 5825 Γ
2537 5773 2680 5849 ραφῇ
2710 5778 2803 5833 καὶ
2832 5780 2920 5835 τὶν
2951 5779 3077 5835 Υιὸν
3101 5772 3290 5844 δεῖξαι,
3320 5777 3397 5831 ὅτι
3427 5774 3484 5827 ού
3516 5769 3685 5841 γεννᾶο
