4072 6466
356 493 489 561 1361

1361 499 1669 565 CONTRA
1704 498 2139 561 MANUELEM
2180 499 2657 563 CRETENSEM.

3475 491 3494 553 1
3510 486 3635 551 362'

349 635 442 672 ται
473 616 577 671 ὑπὸ
623 618 717 672 τοῦ
751 619 1088 689 Πνευματος,
1119 620 1218 691 ἤδη
1256 619 1356 691 τὴν
1380 621 1693 689 κατάφασιν
1740 618 1935 688 ὁμολοέ

2061 629 2149 669 ton
2175 614 2425 686 generari
2451 630 2483 669 a
2511 614 2739 684 Spiritu.
2756 612 2869 683 jam
2891 608 3322 666 affirmationem
3349 605 3632 669 fatebitur,

351 711 533 781 γὴσει,
567 711 648 764 ὅτι
674 714 953 780 γεννᾶται.
985 713 1059 765 Τὸ
1092 713 1137 766 δ’
1168 713 1342 767 αἴτιον
1372 714 1453 767 ὅτι
1494 714 1622 768 ἀλλο
1656 713 1717 765 τὸ
1750 711 1825 781 μὴ
1858 709 1937 765 εἷ-

348 820 461 871 ναι,
486 806 582 856 καὶ
612 804 742 858 ἀλλο
769 807 831 860 τὸ
860 807 934 877 μὴ
962 806 1236 876 εἰρῆσθαι.
1269 807 1348 861 Ού
1376 809 1485 876 γὰρ
1521 807 1644 859 ἐπεὶ
1675 806 1750 875 μὴ
1780 805 1964 898 εἶ’ρτι·⁸

351 893 416 945 κέ
463 910 546 956 τις
586 897 828 965 σήμερον
855 896 966 950 τῶν
994 898 1123 968 παρ’
1163 899 1315 969 ἡμῖν,
1348 899 1431 952 ὅτι
1470 900 1573 951 οὐκ
1606 897 1936 968 ἀστράπτει,

352 985 833 1056 ἀναγκασθήσεταί
890 1005 976 1052 τις
1040 988 1225 1044 δοῦναι
1281 989 1380 1061 τὴν
1439 988 1752 1057 κατάφασιν
1782 1027 1796 1052 ,
1851 988 1934 1041 ὅτι

349 1078 676 1147 ἀστράπτει.
720 1079 911 1150 ’Πμεῖς
959 1077 1053 1135 οὖν
1078 1082 1128 1135 οί
1160 1083 1301 1153 ὑπὲρ
1332 1082 1431 1153 τῆς
1459 1084 1682 1154 εἰρήνης
1713 1082 1813 1149 τῆς
1838 1083 1934 1136 τοῦ

353 1168 492 1222 Θεοῦ
539 1171 869 1242 Ἐκκλησίας
920 1175 1304 1245 φθεγγόμενοι,
1331 1176 1405 1238 ὡς
1432 1173 1574 1231 οἶδεν
1602 1178 1629 1228 ὁ
1672 1179 1794 1240 ταῖς
1824 1175 1935 1230 τῶν

353 1261 658 1331 ἀνθρώπων
696 1266 947 1335 καρδίαις
975 1268 1294 1338 ἐμϐατεύων
1323 1270 1479 1335 Θεὸς,
1498 1269 1635 1339 πρὸς
1664 1271 1789 1330 τοὺς
1814 1268 1941 1323 τού-

354 1367 448 1402 του
474 1352 688 1419 λόγους,
715 1355 836 1424 οὐχὶ
865 1357 1000 1425 πρὸς
1031 1358 1312 1429 ἐκδίκησιν
1353 1340 1452 1412 τοῦ
1483 1360 1617 1429 πρὸς
1644 1360 1703 1414 ὃν
1729 1361 1879 1430 αύτῷ
1902 1363 1935 1432 ἡ

354 1441 647 1506 ἀντιδικία,
685 1446 888 1516 φαμὲν,
928 1448 1006 1512 ὡς
1052 1450 1112 1515 ἐξ
1159 1444 1234 1504 ὧν
1261 1440 1430 1522 ἀγχοῦ
1463 1453 1658 1521 λέγων,
1695 1453 1941 1508 δικαιοῦν

357 1533 550 1588 ἑαυτὸν
582 1534 774 1603 οἴεται,
829 1538 992 1609 τῆσδε
1022 1540 1123 1611 τῆς
1149 1543 1376 1613 οἰήσεως
1405 1546 1526 1616 ταῖς
1556 1547 1939 1616 ὲγκατεστρω-

359 1626 548 1693 μέναις
572 1627 684 1682 ἀνω
714 1631 905 1699 ρήσεσι
928 1632 1271 1702 θεολογικαῖς
1293 1635 1679 1700 ἀπελαύνεται,
1712 1638 1804 1690 καὶ
1833 1639 1939 1707 μά-

356 1729 506 1766 ταιον
539 1715 602 1767 τὸ
645 1719 747 1786 τῆς
777 1718 1051 1788 ἐπιφορᾶς
1100 1721 1201 1788 τῆς
1247 1721 1598 1793 βλασφημίας
1655 1724 1939 1794 ἐλέγχεται

356 1805 530 1859 καὶτὸ
559 1806 657 1877 τῆς
685 1808 975 1876 ὀγκὼσεως
1002 1811 1102 1881 τῆς
1135 1815 1200 1867 ὲκ
1226 1813 1319 1868 τοῦ
1350 1815 1710 1886 ἀπεύχεσθαι.
1737 1817 1942 1888 Κύριλο-

357 1899 447 1960 λος
488 1900 598 1968 γάρ
629 1903 656 1954 ὁ
681 1900 824 1965 θεῖος
856 1906 914 1957 ἐν
953 1906 1179 1969 ταύταις
1208 1908 1550 1978 διαπρυσίως
1578 1909 1940 1980 μαρτύρεται,

2040 720 2165 760 eum
2197 706 2471 776 generari.
2515 704 2696 761 Causa
2735 715 2839 762 est.
2874 703 3012 761 Nam
3043 703 3197 759 aliud
3249 712 3335 758 est
3368 717 3476 756 non
3509 715 3633 754 esse

2044 805 2099 850 et
2131 795 2277 849 aliud
2314 811 2423 849 non
2458 796 2590 851 dici.
2621 796 2808 866 Neque
2854 796 2999 852 enim
3031 796 3160 866 quia
3194 808 3360 847 nemo
3396 791 3538 845 ullus
3565 804 3637 842 ex.

2043 886 2249 942 nostris
2289 887 2473 942 dixit:
2518 886 2694 944 Hodie
2733 903 2847 943 non
2894 888 3153 958 fulgurat,
3211 897 3438 957 cogetur
3484 881 3636 952 quis-

2046 977 2194 1048 piam
2254 975 2676 1033 aflirmationem
2728 978 3054 1042 concedere,
3112 976 3406 1046 fulgurare.
3454 992 3474 1028 ι
3522 972 3636 1030 Nos

2042 1071 2249 1139 itaque,
2282 1071 2376 1141 qui
2410 1086 2509 1139 pro
2543 1070 2799 1126 Ecclesia:
2830 1070 2925 1125 Dei
2955 1085 3088 1140 pace
3128 1070 3295 1124 verba
3333 1068 3639 1136 interponi-

2043 1180 2185 1231 mus,
2226 1175 2288 1221 ut
2328 1167 2469 1221 bene
2502 1165 2658 1220 novit
2695 1165 2749 1219 in
2794 1164 2960 1219 corda
3003 1162 3290 1218 hominum
3341 1171 3640 1231 penetrans

2041 1260 2207 1324 Deus,
2234 1259 2303 1313 ad
2331 1259 2493 1329 hujus
2525 1274 2805 1313 sermones
2828 1274 2940 1312 non
2968 1259 3036 1312 ad
3065 1255 3456 1313 vindicandum
3484 1267 3635 1315 eum,

2040 1351 2129 1406 cui
2162 1351 2279 1421 ipse
2310 1352 2458 1406 litem
2496 1351 2688 1416 movit,
2737 1350 2998 1414 dicimus,
3037 1365 3104 1403 ex
3148 1348 3399 1417 proxime
3449 1343 3641 1409 dictis,

2039 1443 2241 1512 quibus
2268 1459 2423 1498 suam
2455 1458 2675 1498 causam
2703 1458 2763 1498 se
2796 1442 2964 1497 tutari
2991 1441 3285 1505 existimat,
3318 1439 3386 1495 ab
3410 1439 3512 1492 hac
3542 1452 3640 1493 sua

2040 1535 2299 1605 opinione
2350 1535 2683 1600 testimoniis
2708 1533 3044 1605 theologicis
3072 1548 3237 1603 supra
3275 1531 3507 1602 digestis
3553 1546 3643 1585 re-

2045 1626 2195 1697 pelli,
2223 1626 2537 1696 frustraque
2571 1626 2969 1697 blasphemiam
2996 1624 3260 1694 objicere,
3287 1632 3339 1678 et
3372 1631 3642 1676 tumorem

2042 1731 2112 1771 ex
2154 1716 2543 1785 deprecatione
2584 1725 2945 1772 enascentem
2987 1713 3356 1783 deprehendi.
3412 1711 3645 1766 Divinus

2043 1807 2190 1861 enim
2222 1808 2458 1879 Cyrillus
2494 1808 2547 1862 in
2582 1808 2687 1864 illis
2735 1807 2913 1878 palam
2956 1823 3057 1864 suo
3083 1806 3415 1862 testimonio.
3437 1804 3644 1860 conﬁr-

2046 1910 2181 1964 mat,
2214 1920 2232 1953 ι
2257 1900 2423 1956 Deum
2448 1902 2597 1956 etho
2622 1902 3149 1963 ninemasseruisse,
3192 1899 3397 1955 ell‘undi
3430 1910 3486 1954 et
3514 1912 3645 1968 pro-

364 2008 384 2039 ‹
424 1990 714 2061 Προχεῖται
749 1996 844 2048 καὶ
884 1992 1133 2067 πρόεισιν
1186 1999 1331 2070 ἐρεῖν
1348 1971 1450 2054 ’τὸν
1479 1971 1833 2074 θεάνθρωπον
1866 1971 1946 2057 είὲ

2061 1995 2204 2065 gredi
2256 1992 2521 2064 Spiritum
2574 1993 2839 2061 veritatis,
2875 1995 2969 2065 qui
3017 2010 3049 2049 a
3097 1992 3256 2049 Patre
3301 1991 3572 2063 procedit,
3618 2008 3638 2042 ι

361 2084 594 2150 ρηκότα,
648 2085 721 2137 Τὸ
750 2087 974 2158 Πνεῦμα
1011 2089 1114 2159 τῆς
1165 2090 1446 2160 ἀληθείας,
1477 2091 1507 2146 ὃ
1534 2094 1687 2165 παρά
1706 2095 1799 2147 τοῦ
1832 2096 1946 2149 Πα-

357 2175 487 2242 τρὸς
513 2175 896 2245 ἐκπορεύεται,
937 2199 958 2233 ι
992 2182 1342 2248 ταυτίζεσθαι
1385 2185 1605 2249 πάντως
1627 2183 1781 2250 εἰδὼς
1811 2187 1950 2240 τῶν-

361 2265 417 2316 δε
442 2264 553 2319 τῶν
572 2268 768 2337 φωνῶν
793 2270 855 2322 τὸ
874 2272 1109 2342 τριττὸν,
1128 2275 1219 2327 καὶ
1239 2274 1440 2345 ἥκιστα
1466 2277 1783 2332 διαλλάττον
1805 2280 1951 2338 κατά

362 2355 627 2413 διάνοιαν.
680 2358 741 2412 '0
777 2360 940 2425 αὐτὸς
968 2361 1026 2414 δὲ
1075 2365 1272 2431 κράζει
1314 2365 1750 2435 μεγαλοφώνως·
1791 2387 1809 2422 ι
1840 2371 1950 2423 Καὶ

304 2528 305 2533 1
363 2447 480 2500 ἔστι
538 2449 773 2520 Χριστὸς
802 2453 836 2522 ἡ
866 2453 1117 2524 ἀλήθεια,
1150 2457 1244 2510 καὶ
1280 2460 1563 2529 προχεῖται
1599 2461 1730 2532 παρ’
1759 2462 1948 2530 αὐτοῦ,

364 2539 619 2610 καθάπερ
644 2542 839 2612 ἀμέλει
865 2547 962 2600 καὶ
987 2548 1052 2600 ἐκ
1080 2549 1175 2600 τοῦ
1208 2548 1442 2620 Πατρός.
1469 2570 1488 2604 ι
1533 2552 1653 2606 Ἔτι
1683 2570 1742 2607 τε
1772 2555 1806 2625 ἡ
1845 2555 1949 2622 ἀγ-

363 2650 508 2704 κυρα
538 2634 649 2687 τῶν
686 2635 976 2706 δογμάτων
1008 2641 1065 2692 ἐν
1102 2639 1297 2706 αὐταῖς
1345 2643 1669 2713 Ἐπιφάνιος
1713 2649 1741 2700 ό
1777 2649 1949 2718 μέγας

366 2726 426 2779 τὺ
459 2728 592 2781 αὐτὸ
622 2729 820 2800 δηλοῦν
848 2735 1146 2805 παρίστησι
1186 2738 1507 2805 φανοτάτως
1538 2741 1598 2807 ἐξ
1633 2745 1952 2810 ἀναγκαίων

365 2822 745 2889 κατασκευῶν,
796 2824 872 2888 ὡς
912 2827 1006 2880 ἐπὶ
1057 2827 1151 2882 τοῦ
1193 2830 1426 2901 Πατρδς,
1484 2850 1503 2885 ι
1546 2835 1614 2886 Ὃ
1656 2836 1807 2906 παρα
1856 2837 1951 2890 τοῦ

366 2913 578 2982 Πατρὸς
607 2917 989 2987 ἐκπορεύεται,
1024 2939 1043 2972 ι
1085 2921 1261 2986 οὕτως
1291 2925 1382 2977 ἐπὶ
1411 2924 1508 2979 τοῦ
1541 2926 1673 2979 Υίοῦ
1700 2930 1784 2992 τὸ,
1817 2948 1838 2981 ι
1860 2929 1955 2983 Ἐκ

365 3005 458 3058 τοῦ
489 3006 624 3076 ἐμοῦ
654 3008 905 3079 λήψεται,
944 3031 963 3064 ι
995 3013 1139 3067 καθά
1196 3015 1639 3087 προδιήγγελται,
1699 3022 1845 3092 ἅπερ
1896 3025 1953 3075 ἐν

364 3100 444 3167 τῷ
475 3101 623 3171 αὐτῷ
653 3101 783 3171 θείῳ
815 3105 1137 3176 Εὑαγγελίῳ
1167 3108 1224 3161 ἐν
1254 3111 1325 3180 τῇ
1357 3110 1494 3180 αὐτῇ
1531 3114 1625 3164 καὶ
1661 3114 1760 3184 μιᾷ
1791 3130 1954 3185 περι-

366 3196 532 3265 κοπῇ,
565 3197 660 3249 καὶ
690 3196 814 3250 λίαν
842 3199 1141 3267 ἐγγύτατα.
1211 3202 1323 3255 Καὶ
1374 3202 1480 3256 ποῦ
1511 3205 1570 3258 τὸ
1606 3205 1701 3258 τοῦ
1738 3208 1954 3261 ἀντιθέ-

2049 2085 2302 2141 eumdem
2329 2101 2554 2155 prorsus
2577 2085 2945 2155 signiﬁcatum
2972 2087 3176 2141 habere
3202 2083 3382 2140 sciens
3403 2084 3510 2138 has
3534 2091 3646 2136 tres

2050 2189 2236 2238 voces,
2270 2184 2327 2230 et
2355 2175 2504 2230 nullo
2539 2175 2703 2231 modo
2739 2177 3044 2231 secundum
3082 2176 3412 2230 sententiam
3465 2174 3649 2229 diver-

2049 2279 2196 2324 sum.
2230 2267 2380 2322 Idem
2412 2283 2544 2323 vero
2577 2268 2776 2324 clamat
2809 2268 2917 2323 alta
2945 2282 3080 2325 voce
3107 2285 3121 2323 :
3150 2285 3168 2319 ι
3196 2267 3259 2323 Ει
3280 2276 3365 2322 est
3389 2266 3660 2322 Christus

2053 2359 2277 2427 veritas,
2309 2368 2364 2415 et
2387 2361 2456 2415 ab
2479 2359 2600 2430 ipso
2629 2361 2719 2415 illa
2750 2361 2870 2431 ipsa
2898 2361 3114 2415 ratione
3142 2375 3251 2430 qua
3271 2376 3301 2414 a
3326 2358 3488 2414 Patre
3520 2375 3648 2430 pros

2052 2452 2321 2509 funditur.
2357 2475 2377 2508 ›
2411 2454 2553 2508 Tum
2598 2463 2862 2526 prmterea
2893 2454 3213 2524 dogmatum
3251 2453 3486 2509 fulcrum
3530 2470 3650 2508 ma-

2052 2561 2193 2618 gnus
2246 2547 2611 2617 Epiphanius,
2659 2547 2715 2602 in
2763 2547 2957 2602 iisdem
3017 2547 3268 2601 eamdem
3317 2544 3652 2600 sententiam

2053 2639 2381 2697 clarissimis
2462 2640 2905 2711 necessariisque
2966 2639 3432 2695 concludentibus
3487 2654 3650 2708 argu—

2053 2732 2256 2787 mentis
2287 2733 2596 2795 coniirmat.
2626 2733 2703 2788 uti
2735 2733 2803 2789 de
2829 2733 2991 2788 Patre
3015 2732 3149 2787 illud
3184 2751 3197 2787 :
3233 2751 3251 2784 ι
3287 2729 3389 2798 Qui
3426 2746 3457 2784 a
3491 2730 3653 2785 Patre

2056 2827 2321 2898 procedit,
2360 2846 2379 2880 ι
2416 2828 2488 2883 ita
2516 2829 2581 2882 de
2617 2825 2752 2882 Filio
2788 2827 3047 2891 alterum,
3092 2845 3110 2878 ι
3148 2826 3217 2880 Et
3249 2825 3317 2878 de
3346 2838 3471 2878 meo
3506 2823 3654 2877 acci-

2054 2919 2190 2988 piet,
2230 2937 2249 2970 »
2279 2919 2445 2974 sicuti
2487 2919 2825 2975 declaratum
2861 2928 2967 2984 est,
3001 2933 3123 2987 qua:
3152 2919 3205 2970 in
3237 2917 3430 2971 eodem
3464 2924 3656 2969 sancto

2057 3012 2374 3084 Evangelio,
2423 3021 2478 3066 et
2514 3013 2569 3066 in
2608 3012 2798 3067 eadem
2842 3022 2895 3066 et
2928 3028 3034 3066 una
3079 3010 3353 3081 pericope,
3395 3017 3451 3063 et
3488 3025 3651 3078 quam

2057 3107 2306 3177 proxime
2328 3115 2698 3175 apponuntur.
2730 3106 2793 3160 Et
2819 3105 3043 3159 ubinam
3074 3113 3156 3159 est
3187 3103 3486 3159 adversarii
3520 3102 3655 3156 illud

2058 3182 2126 3254 de
2174 3202 2400 3254 Domino
2430 3216 2444 3254 :
2487 3218 2506 3251 ι
2533 3198 2649 3253 Non
2684 3198 2891 3253 addens
2926 3199 3057 3252 item
3091 3198 3223 3252 illud
3264 3214 3329 3251 ex
3372 3197 3501 3251 me?
3539 3217 3556 3249 ι
3592 3195 3659 3251 Et

364 3300 461 3337 του
484 3286 740 3356 περὶ-τοῦ
771 3289 1003 3362 Κυρίου,
1056 3292 1139 3356 τὸ,
1199 3311 1218 3344 ι
1248 3293 1341 3364 Μὴ
1390 3295 1704 3364 προστιθεὶς
1733 3300 1827 3352 καὶ
1873 3299 1955 3364 τὸ,

2068 3292 2186 3346 hinc
2218 3290 2438 3357 quidem
2476 3291 2593 3361 ipse
2632 3288 2944 3344 divinorum
2999 3288 3221 3342 Patrum
3254 3287 3653 3343 commentaria

367 3376 498 3447 παρ’
525 3378 698 3447 ἐμοῦ;
733 3397 752 3432 ι
793 3383 903 3435 Καὶ
935 3375 1090 3447 οὗτος
1114 3384 1309 3451 ταῦτα,
1340 3387 1373 3458 ἦ
1409 3388 1479 3442 τὰ
1511 3389 1618 3442 τῶν
1639 3390 1954 3462 θεολήπτων

366 3472 614 3525 ἐπελθεῖν
647 3473 784 3538 ὅλως
819 3477 894 3546 μὴ
924 3477 1185 3545 ἀξιώσας,
1240 3479 1315 3542 ὡς
1349 3482 1543 3535 ἑαυτὸν
1572 3485 1882 3553 ἀναφαίνει,
1918 3486 1952 3558 ἢ

366 3563 533 3618 τῶνδε
572 3565 776 3634 μᾶλλον
806 3571 873 3621 τά
899 3569 995 3640 τῆς
1038 3571 1237 3636 κακίας
1273 3574 1574 3644 προκρίνας
1604 3576 1702 3646 τῆς
1728 3578 1792 3629 ἐκ
1821 3595 1972 3649 προ-ρ

367 3653 599 3726 λήψεως.
644 3658 809 3711 Αὐτοὶ
865 3658 925 3713 δὲ
954 3663 1066 3725 τοῖς
1098 3662 1380 3732 θεοσόφοις
1413 3664 1717 3738 Ἐπιφανίῳ
1752 3685 1812 3721 τε
1861 3669 1957 3722 καὶ

372 3747 645 3818 Κυρίλλῳ,
660 3744 741 3813 οἷς
754 3751 882 3821 περὶ
900 3752 1019 3818 τοῦ,
1041 3771 1059 3804 ι
1084 3754 1181 3808 Ἐκ
1202 3755 1410 3825 Πατρδς
1426 3758 1807 3828 ἐκπορεύεται,
1823 3781 1841 3813 ι
1864 3764 1960 3816 καὶ

378 3853 397 3886 ι
438 3837 532 3891 Ἐκ
556 3839 648 3892 τοῦ
675 3840 811 3909 ἐμοῦ
848 3841 1133 3913 Imperat,»
1163 3846 1553 3915 παραδιδόντες
1584 3849 1956 3916 θεσπίζουσιν,

370 3926 688 3982 ἀκολουθεῖν
728 3930 787 3997 ἐξ
842 3932 1089 4001 ἀνάγκης
1118 3934 1393 4005 εἱλόμεθα,
1450 3938 1594 4009 ἥπερ
1628 3934 1710 4004 οἷς
1748 3942 1960 3996 οἴκοθεν

373 4019 695 4085 ἐφάλλονται
745 4024 873 4093 περὶ
904 4024 1087 4082 αὐτῶν
1114 4025 1495 4098 διερμηνεύειν
1530 4034 1624 4084 καὶ
1657 4035 1961 4103 ἀποφαίνε-

377 4112 525 4178 σθαι,
556 4113 587 4167 ὃ
633 4114 698 4184 δὴ
734 4119 828 4169 καὶ
861 4119 908 4170 οἱ
942 4117 1053 4171 τῶν
1099 4121 1420 4192 όμοφρὸνων
1466 4124 1655 4191 αὐτοῦ,
1691 4127 1723 4198 ἢ
1759 4129 1962 4198 μᾶλλον

379 4207 637 4276 ἑπόμενοι
674 4210 1094 4281 συνυϐρίζεσθαι
1124 4216 1236 4275 τοῖς
1277 4215 1524 4285 ῥηθεῖσιν
1551 4220 1878 4292 αίρούμεθα,
1912 4223 1962 4276 οἶ

376 4300 471 4350 καὶ⁵
497 4299 623 4369 ῖλεῳ
649 4295 781 4366 εἷεν,
812 4300 889 4363 ὡς
938 4302 1160 4370 εἰδότες,
1192 4302 1279 4360 οἷα
1313 4308 1433 4377 Θεῷ
1473 4309 1698 4375 ζῶντες,
1739 4313 1861 4366 ὅθεν
1894 4314 1964 4368 τά

375 4389 487 4443 τῶν
510 4389 808 4461 λοιδοριῶν.
844 4394 954 4448 Καὶ
996 4396 1220 4465 προσέτι
1252 4397 1329 4468 τῷ
1358 4402 1454 4470 τῆς
1485 4400 1763 4470 θεολογίας
1795 4404 1964 4475 ἀκρέ-

381 4501 504 4554 μονι
534 4486 747 4557 τρανῶς
780 4488 1223 4561 άποφαινομένῳ,
1272 4511 1291 4544 ι
1333 4492 1411 4563 μὴ
1440 4495 1567 4561 περὶ
1598 4495 1706 4548 τῶν
1761 4497 1965 4566 ὀνομά-

377 4592 485 4628 των
519 4575 875 4647 ζυγομαχεῖν,
931 4579 1036 4643 ἕως
1068 4581 1134 4635 ἂν
1191 4581 1274 4646 είς
1319 4587 1419 4655 τὴν
1448 4584 1618 4656 αὐτὴν
1651 4585 1861 4641 ἔννοιαν
1908 4590 1965 4642 αἱ

385 4669 652 4723 συλλαϐαὶ
684 4671 946 4749 φέρωσιν.
979 4690 999 4724 ι

455 4760 785 4826 ιζ’.”Επειτα
805 4764 899 4817 τοῦ
923 4765 1295 4836 διαλεχθέντος
1321 4770 1652 4840 ἀνατρέπων
1677 4773 1789 4837 1:5,:
1814 4773 1970 4827 Ἐπεὶ

380 4855 481 4907 οὐκ
509 4856 876 4926 ἐκπορεύεται
928 4859 990 4910 τὸ
1021 4856 1247 4928 Πνεῦμα
1293 4861 1358 4913 ἐκ
1389 4862 1487 4915 τοῦ
1528 4863 1682 4931 Υίοῦ,
1739 4864 1971 4937 εὓρηται

381 4949 659 5017 οὐδαμῶς,
690 4969 709 5002 ι
748 4953 781 5021 ἡ
817 4952 1126 5021 κατάφασις
1161 4953 1269 5024 ἀρα
1302 4953 1475 5018 ἔσται,
1507 4957 1836 5028 ἀντεπάγει,
1872 4960 1964 5012 σό-

384 5056 564 5110 φισμα
600 5042 760 5095 τοῦτο
817 5044 1021 5098 καλῶν.
1053 5046 1191 5099 Οὐδὲ
1219 5046 1330 5115 γὰρ
1362 5048 1484 5099 ἐπεὶ
1518 5048 1594 5119 μὴ
1628 5049 1742 5120 ἔχει
1793 5069 1881 5116 τις
1916 5057 1974 5107 ἐν

383 5135 450 5204 τῇ
487 5132 608 5206 θείᾳ⁵
639 5134 834 5208 Γραφῇ
864 5137 1033 5204 δεῖξαι
1063 5138 1156 5191 καὶ
1184 5138 1277 5192 τὸν
1323 5138 1452 5193 Υίὸν
1480 5140 1563 5193 δτι
1612 5141 1672 5194 οὐ
1713 5144 1972 5208 γεννᾶται

386 5226 490 5280 ὑπὸ
513 5228 610 5281 τοῦ
648 5228 991 5299 Πνεύματος,
1023 5231 1122 5302 ἤδη
1153 5232 1251 5305 τὴν
1279 5234 1589 5302 κατάφασιν
1615 5235 1972 5307 ὁμολογήσει,

384 5323 466 5377 ὅτι
497 5326 781 5393 γεννᾶται.
846 5325 911 5379 Ἦ
961 5327 1027 5380 ἐκ
1072 5327 1181 5382 τῶν
1226 5330 1429 5398 ὁμοίων
1481 5329 1619 5401 αῦτη
1654 5334 1977 5404 κατασκευὴ

387 5418 524 5487 πρὸς
576 5418 860 5489 ἀναίρεσιν
913 5420 1010 5474 τοῦ
1055 5421 1288 5492 ψεύδους
1345 5421 1485 5478 οὖσα
1545 5425 1640 5478 τὸν
1674 5427 1975 5498 ἐκθέμενον

385 5510 541 5579 τήνδε
566 5511 811 5581 σόφισμα
841 5510 1067 5579 λέγοντα
1121 5513 1348 5581 μᾶλλον,
1395 5516 1427 5586 ἢ
1462 5515 1793 5587 ἀναιροῦντα
1823 5517 1978 5587 σόφι-

388 5623 502 5675 σμα
526 5606 787 5659 δείκνυσι.
823 5605 1084 5660 Βούλεται
1129 5607 1235 5677 γὰρ
1271 5607 1332 5674 ἐξ
1360 5609 1534 5672 αὐτῆς
1583 5601 1739 5673 οὗτος
1771 5613 1974 5681 συστῆ-

388 5713 501 5762 σαι,
540 5697 622 5749 ὃτι
654 5696 845 5766 ὥσπερ
873 5698 935 5750 οὐ
981 5698 1240 5764 γεννᾶται
1265 5697 1293 5749 ὁ
1323 5697 1453 5761 Υίδς
1500 5702 1563 5750 ὲκ
1593 5697 1689 5749 τοῦ
1726 5698 1980 5768 Πνεύμα-

387 5803 481 5849 τος
534 5785 972 5856 ὁμολογούμενον
1011 5786 1092 5850 ὃν,
1140 5786 1362 5852 δείξεως
1409 5791 1468 5842 οὐ
1509 5789 1706 5853 δεῖται,
1761 5790 1857 5843 καὶ
1889 5789 1978 5842 διὰ

389 5873 549 5930 τοῦτο
577 5877 612 5946 ἡ
644 5875 955 5946 κατάφασις
1008 5878 1092 5930 ὃτι
1123 5874 1184 5942 ἐξ
1214 5876 1381 5931 αὐτοῦ
1419 5873 1699 5946 ’γεννᾶται
1730 5880 1937 5952 ψευδής
1962 5899 1977 5914 υ

393 5965 537 6020 οὕτω
589 5965 684 6023 καὶ
726 5967 808 6022 ὅτι
859 5969 957 6022 οὐκ
1007 5969 1368 6039 ἐκπορεύεται
1415 5970 1476 6024 τὸ
1510 5973 1737 6045 Πνεῦμα
1770 5975 1833 6028 ἐκ
1883 5973 1976 6026 τοῦ

2058 3400 2288 3455 prorsus
2322 3398 2654 3454 percurrere
2692 3380 3046 3452 dedignatus,
3080 3382 3161 3437 uti
3215 3397 3274 3436 se
3316 3379 3657 3452 percurrisse

2060 3485 2478 3541 commonstrat,
2521 3476 2608 3530 vel
2649 3476 2756 3530 illis
2805 3474 2986 3544 potius
3032 3473 3438 3544 improbitatem
3474 3471 3661 3527 animo

2061 3579 2570 3638 anteaconceptam
2604 3582 2950 3638 praeponens.
2979 3565 3092 3621 Nos
3116 3581 3277 3636 porro
3303 3580 3332 3619 a
3358 3563 3468 3619 Deo
3498 3565 3661 3620 edoc-

2062 3669 2147 3715 tos
2201 3660 2571 3730 Epiphanium
2630 3675 2694 3713 ac
2739 3659 3000 3728 Cyrillum
3050 3659 3106 3712 in
3148 3658 3373 3713 traditis
3420 3659 3490 3713 ab
3520 3659 3677 3728 ipsis

2060 3754 2408 3822 decretisque
2435 3754 2502 3807 de
2529 3752 2668 3808 illis:
2705 3770 2724 3804 ι
2758 3753 2836 3806 Ex
2867 3751 3025 3805 Patre
3054 3750 3413 3821 procedit,.et
3434 3751 3502 3806 de
3535 3768 3660 3807 meo

2061 3845 2310 3914 accipiet,
2346 3864 2362 3896 ι
2388 3846 2538 3913 sequi
2567 3843 2750 3914 potius
2770 3842 3176 3901 constituimus.
3212 3859 3379 3912 quam
3400 3859 3521 3912 quae
3553 3844 3658 3914 ipsi

2063 3937 2380 3992 desilientes
2421 3937 2853 4006 interpretantur
2887 3944 3052 4005 atque
3090 3933 3383 3998 definiunt,
3423 3937 3570 4005 quod
3606 3946 3671 3990 rt.

2063 4031 2310 4099 ejusdem
2330 4045 2453 4084 cum
2482 4031 2679 4084 eodem
2706 4028 2993 4084 sententiae
3013 4028 3111 4081 viri
3132 4028 3213 4082 vel
3232 4029 3414 4098 potius
3431 4029 3659 4083 assecla:

2065 4118 2216 4180 facti,
2258 4133 2363 4170 una
2388 4118 2546 4171 simul
2584 4134 2708 4171 cum
2743 4117 2907 4172 dictis
2943 4117 3203 4185 iniuriam
3243 4117 3353 4189 pati
3384 4119 3668 4190 eligimus,
3706 4120 3709 4125 ’

2065 4211 2155 4278 qui
2186 4209 2411 4279 pr0pitii
2438 4210 2828 4280 siuttanquam
2859 4211 2952 4279 qui
2995 4212 3192 4274 sciant,
3228 4226 3351 4266 cum
3375 4212 3499 4280 ;ipsi
3550 4210 3661 4266 Deo

2066 4303 2271 4370 vivant,
2300 4306 2446 4357 unde
2467 4303 2704 4358 convitia
2722 4304 3058 4358 exoriuntur.
3078 4304 3138 4357 Et
3156 4313 3421 4372 praeterea
3449 4305 3665 4360 theolo-

2067 4396 2168 4466 giae
2185 4397 2443 4452 verticem
2464 4396 2849 4451 decernentem
2870 4436 2886 4462 ,
2917 4414 2937 4449 ι
2971 4396 3040 4451 de
3059 4398 3378 4454 nominibus
3402 4414 3513 4453 non
3540 4414 3664 4455 esse

2068 4488 2546 4553 contendendum,
2581 4487 2883 4545 dummodo
2927 4489 2984 4544 in
3030 4491 3280 4547 eamdem
3329 4492 3668 4547 sententiam

2070 4580 2290 4649 syllaba:
2326 4580 2660 4636 referantur.
2695 4601 2715 4634 ι

2149 4768 2236 4822 l7.
2274 4766 2635 4823 Postmodum
2685 4784 2872 4825 secum
2919 4770 3287 4841 colloquentis
3337 4772 3428 4827 illa
3477 4773 3670 4828 redar-
3749 4795 3759 4800 -

2075 4877 2250 4931 gneus
2288 4877 2302 4915 :
2340 4879 2358 4913 ι
2388 4861 2869 4932 Quandoquidem,
2896 4879 3006 4918 non
3036 4864 3285 4934 procedit
3316 4864 3559 4934 Spiritus
3604 4883 3670 4921 ex

2076 4955 2242 5017 Filio,
2266 4971 2541 5027 nusquam
2567 4956 2900 5011 invenitur.»
2937 4955 3241 5013 Allirmatio
3287 4958 3453 5027 igitur
3483 4958 3668 5021 fuerit,

2078 5056 2267 5102 contra
2300 5048 2549 5117 opponit,
2586 5047 2866 5117 50pbisma
2899 5047 3032 5103 illud
3066 5049 3349 5119 appellans
3381 5067 3395 5103 :
3432 5068 3450 5100 ι
3484 5049 3674 5119 Neque

2077 5143 2225 5195 enim
2258 5141 2405 5209 quod
2440 5157 2553 5195 non
2581 5141 3065 5212 habeatquispiam
3092 5143 3146 5198 in
3168 5143 3354 5200 divina
3385 5142 3674 5214 Scriptura

2077 5233 2369 5285 ostendere
2401 5232 2566 5285 etiam
2597 5233 2795 5287 Filium
2829 5250 2940 5288 non
2965 5235 3222 5306 generari
3251 5251 3280 5291 ει
3303 5234 3536 5306 Spiritu,
3557 5236 3669 5305 jam

2080 5331 2135 5378 et
2167 5323 2587 5378 a‘ﬂirmationem
2614 5323 2881 5381 fatebitur
2909 5327 3192 5397 generari.
3223 5347 3243 5380 ι
3284 5328 3388 5383 lsta
3420 5329 3675 5398 probatio

2079 5414 2147 5469 ad
2169 5414 2566 5470 destruendum
2602 5417 2948 5471 mendacium
2969 5433 3039 5473 ex
3064 5418 3343 5474 similibus
3367 5431 3671 5491 assumpta,

2081 5506 2229 5561 illam
2263 5517 2631 5578 exponentem
2673 5510 2953 5581 sophisma
2978 5511 3166 5581 potius
3194 5513 3401 5579 dicere,
3436 5529 3545 5569 non
3578 5514 3679 5570 de-

2082 5613 2299 5657 struere
2319 5602 2625 5671 sophisma,
2671 5604 3237 5675 ostendit.1lntendit
3283 5607 3555 5677 siquidem
3605 5623 3677 5663 et

2082 5694 2202 5763 ipsa
2235 5693 2490 5763 probare,
2524 5694 2992 5772 quemadmodum
3023 5712 3135 5751 non
3170 5707 3468 5768 generatur
3503 5695 3685 5753 Filius

2084 5788 2369 5856 aSpiritu,
2407 5789 2550 5857 quod
2592 5804 2719 5843 cum
2766 5790 2822 5842 in
2867 5788 3137 5845 confessis
3180 5790 3274 5852 sit,
3326 5791 3678 5846 demonstra-

2088 5882 2236 5936 tione
2286 5896 2396 5935 non
2445 5890 2590 5951 eget,
2643 5891 3046 5952 proptereaque
3094 5881 3389 5936 alIirmatio
3440 5899 3505 5937 ex
3553 5884 3683 5953 ipso

2087 5974 2339 6044 generati
2369 5974 2601 6030 mendax
2631 5984 2733 6043 est,
2771 5974 2999 6046 parique
3037 5975 3219 6031 modo;
3249 5975 3500 6044 Spiritun
3563 5990 3677 6031 n30.

2598 6232 2633 6255 νη,
