4072 6404
307 363 450 427 1365
515 436 522 441 ,

1301 370 1610 434 CONTRA
1651 372 2084 434 MANUELEM
2123 373 2608 436 CRETENSEM.

3435 373 3572 436 I363

303 481 704 547 κατασκευάζει
732 483 914 553 πάλιν,
945 486 1013 558 ἢν
1037 485 1227 558 εἴρηκε
1255 487 1329 560 μὴ
1353 489 1608 558 εἰρῆσθαι
1635 489 1888 558 κατάφα-

2013 492 2118 559 1pse
2149 488 2472 559 implicitus,
2511 493 2572 542 ut
2604 486 3046 542 demonstratum
3075 489 3179 550 est,
3198 483 3461 538 cavillans
3494 485 3582 542 hic

305 593 408 640 σιν,
436 576 486 628 εί
529 579 626 631 καὶ
652 577 932 646 ἀπόφασις
962 581 1134 649 αὐτῆς
1167 581 1268 636 οὐκ
1321 581 1460 648 ἐστι,
1511 583 1793 636 τουτέστιν
1822 583 1884 636 06

303 668 645 733 συνίσταται,
685 688 704 722 ι
729 673 795 724 ὲκ
821 670 915 724 τοῦ
960 673 1033 742 μὴ
1067 673 1316 744 ἀνάγκην
1350 672 1489 729 εἶναι
1513 679 1776 746 σήμερον,
1802 677 1886 729 ὅτι

301 778 386 826 τις
406 763 506 814 οὐκ
527 760 750 832 ἔφησεν,
777 764 879 816 οὐκ
928 765 1253 836 ἀστράπτει,
1281 768 1382 837 τὴν
1412 767 1723 835 κατάφασιν
1751 769 1888 835 ὁμο·-

303 853 538 923 λογῆσαί
569 871 710 920 τινα,
746 857 828 910 ὅτι
859 857 1188 928 ἀστράπτει.
1221 877 1240 912 ι
1269 858 1442 913 Τοῦτο
1465 861 1522 914 δὲ
1555 859 1889 922 ἀπεναντίας

305 945 382 1015 τῷ
412 947 836 1020 παραδεδομένῳ
867 950 1054 1003 κανόνι
1105 951 1206 1021 τῆς
1239 952 1606 1020 ἀντιφάσεως,
1641 953 1700 1015 δς
1728 953 1889 1024 τήνδε

306 1037 448 1107 πρὸς
477 1039 539 1092 τὺ
567 1041 720 1106 αὐτὸ,
755 1041 850 1095 καὶ
898 1043 1041 1096 κατὰ
1069 1043 1129 1096 τὸ
1162 1043 1317 1106 αὐτὸ,
1345 1047 1438 1098 καὶ
1467 1043 1564 1098 τοῦ
1611 1045 1774 1099 αὐτοῦ
1802 1046 1892 1100 λέ-

305 1129 500 1198 γεσθαι
529 1131 892 1189 διατάττεται.
922 1134 980 1188 Ὀ
1001 1133 1056 1188 δὲ
1089 1135 1254 1199 πολὺς
1281 1130 1438 1200 οὗτος
1460 1138 1559 1207 τὴν
1580 1139 1892 1209 ἐπιστήμην

306 1223 404 1277 ἐπὶ
426 1223 696 1294 ἀορίστων
745 1227 847 1297 τήν
883 1243 943 1280 τε
979 1227 1256 1297 ἀπόφασιν
1281 1266 1296 1292 ,
1329 1229 1433 1300 τήν
1471 1246 1530 1282 τε
1583 1229 1891 1299 κατάφασιν

308 1315 625 1384 ἐποιήσατο.
655 1317 835 1388 Ὅπερ
867 1317 1085 1388 ἀξίωμα
1121 1320 1182 1372 τὸ
1204 1321 1306 1390 τῆς
1336 1321 1678 1390 ἀντιφάσεως
1705 1323 1766 1374 τὸ
1792 1322 1890 1393 τὴν

307 1406 568 1478 ἀλήθειαν
599 1408 832 1479 διαιρεῖν
861 1411 954 1463 καὶ
978 1411 1037 1464 τὸ
1059 1409 1255 1480 ψεῦδος
1272 1412 1526 1478 οὐδαμῶς
1548 1409 1657 1467 οἵδε
1679 1417 1891 1484 τηρεῖν.

249 1495 284 1540 δ
323 1495 479 1549 Ἐπεὶ
506 1496 591 1560 τὶς
623 1501 790 1564 νοσεῖ,
834 1499 918 1562 τις
947 1499 1008 1552 ού
1035 1503 1200 1568 νοσεῖ,
1249 1503 1334 1566 τις
1378 1503 1646 1570 ὑγιαίνει,
1677 1503 1762 1567 τὶς
1795 1504 1895 1574 οὐχ

313 1589 570 1656 ὑγιαίνει,
599 1590 698 1673 οὐχ
727 1590 911 1656 ἕξουσι
959 1592 1020 1646 τὸ
1071 1593 1282 1648 κωλύον
1327 1597 1420 1648 καὶ
1463 1594 1633 1665 ἄμφω
1664 1595 1896 1666 συναλη·

313 1683 512 1752 θεύειν,
547 1686 641 1738 καὶ
676 1686 841 1755 ἄμφω
884 1687 1309 1757 συμψεύδεσθαι.
1336 1689 1782 1759 Λαμϐανομένων
1836 1688 1894 1740 δὲ

311 1776 480 1830 τῶνδε
507 1775 602 1830 τοῦ
636 1779 860 1841 κανόνος
889 1780 1034 1834 κατὰ
1061 1781 1160 1852 τὴν
1188 1781 1517 1848 διασάφησιν
1540 1781 1599 1834 τὸ
1631 1781 1692 1832 ἓν
1733 1783 1814 1843 εἰς
1837 1779 1896 1832 τὸ

1999 595 2198 636 rursus
2230 580 2542 642 conﬁrmat,
2577 595 2742 650 quam
2771 579 3008 634 asseruit
3041 593 3146 633 non
3176 575 3346 632 fuisse
3381 577 3580 633 dictam

1995 671 2434 738 affirmationem,
2469 672 2597 727 licet
2626 672 2800 742 ipsius
2836 671 3054 742 negatio
3098 685 3208 725 non
3261 671 3445 736 adsit,
3479 671 3584 725 hoc

1997 771 2082 819 est
2116 779 2227 818 non
2259 763 2543 830 subsistat,
2585 782 2604 815 ι
2647 763 2790 834 quod
2825 763 2972 818 nullo
3003 763 3164 818 modo
3209 762 3584 818 necessarium

1997 856 2072 911 sit
2111 855 2274 910 hodie
2302 871 2444 920 esse,
2473 855 2616 925 quod
2645 855 2921 926 quispiam
2951 872 3062 910 non
3094 854 3316 919 dixerit,
3348 871 3454 908 non
3485 854 3590 908 [ιιι-

1997 957 2178 1020 gurat,
2215 947 2633 1004 afﬁrmationem
2661 949 2900 1019 aliquem
2933 947 3126 1015 fateri,
3159 963 3359 1018 nempe
3399 947 3586 1015 fulgu-

1997 1049 2102 1098 rat.
2135 1061 2154 1094 ι
2191 1040 2305 1096 Hoc
2353 1057 2518 1110 porro
2570 1056 2796 1112 prorsus
2845 1051 2931 1096 cst
2979 1041 3317 1096 contrarium
3384 1041 3586 1110 regulaa

2000 1133 2478 1198 contradictionis,
2525 1151 2649 1204 quae
2691 1149 2812 1190 eam
2863 1135 2930 1190 ad
2971 1135 3138 1202 idem,
3185 1143 3241 1188 et
3280 1134 3584 1188 secundum

2002 1227 2146 1282 idem
2182 1227 2336 1282 etde
2387 1227 2582 1282 eodem
2622 1227 2730 1282 dici
2782 1227 3050 1298 praecipit.
3103 1227 3170 1280 At
3219 1226 3328 1292 hic,
3383 1227 3475 1296 qui
3533 1227 3586 1278 iu

2001 1318 2246 1374 scientiis
2279 1319 2484 1373 multus
2513 1325 2622 1384 est,
2651 1319 2719 1374 de
2747 1319 3050 1374 indeﬂuitis
3077 1329 3239 1388 atque
3267 1318 3591 1372 iudetermi-

2002 1410 2148 1466 natis
2175 1419 2290 1465 tum
2317 1410 2762 1474 alﬁrmationem,
2788 1420 2918 1465 'tum
2953 1412 3300 1483 negationem
3331 1411 3586 1464 absolvit.

2002 1503 2159 1570 Quod
2197 1502 2420 1558 effatum
2453 1503 2909 1558 contradictionis
2946 1517 3128 1572 neque
3181 1502 3469 1558 veritatem
3506 1501 3592 1556 di-

2003 1597 2304 1667 stinguere,
2333 1606 2389 1650 et
2414 1596 2758 1651 mendacium
2790 1597 2940 1652 nullo
2973 1596 3134 1652 modo
3164 1612 3388 1652 servmre
3413 1597 3590 1658 novit.

2005 1690 2444 1762 quandoquidem
2479 1689 2676 1758 aliquis
2700 1698 2951 1760 mgrotat,
2979 1687 3180 1758 aliquis
3207 1705 3317 1743 non
3342 1697 3590 1758 aegrotat,

2007 1785 2202 1853 aliquis
2235 1783 2379 1838 bene
2409 1783 2573 1850 valet,
2608 1790 2664 1836 et
2693 1781 2891 1849 aliquis
2929 1796 3041 1835 non
3079 1782 3219 1836 bene
3257 1783 3436 1844 valet,
3471 1782 3595 1835 nul-

314 1867 374 1921 ὃν
397 1869 540 1940 ἥξει,
568 1872 630 1922 τὸ
659 1871 718 1924 δὲ
765 1871 952 1941 ἕτερον
981 1873 1060 1936 εἰς
1105 1873 1165 1925 τὸ
1219 1873 1296 1944 μὴ
1323 1873 1383 1924 ὃν
1413 1871 1902 1941 άπορραπισθήσε-

2013 1881 2114 1932 ium
2149 1876 2314 1932 fuerit
2361 1876 2816 1945 impedimentum
2865 1874 3000 1943 quin
3049 1875 3209 1928 ambo
3255 1873 3416 1928 simul
3467 1887 3592 1926 vera

313 1979 427 2016 ται.
465 1963 633 2016 Ὅθεν
671 1965 720 2016 εί
743 1964 843 2017 οὐκ
867 1965 1016 2018 ἔστιν
1051 1967 1116 2018 ἐκ
1141 1965 1235 2018 τοῦ
1267 1965 1397 2018 Υἱοῦ
1427 1967 1490 2018 τὸ
1523 1963 1772 2032 Πνεῦμα,
1798 1963 1901 2016 οὐκ

315 2055 677 2126 ἐκπορεύεται
705 2057 783 2120 ὡς
821 2059 984 2122 αὐτὸς
1021 2053 1300 2128 ὁμολογῶν
1339 2057 1557 2128 ὁρᾶται,
1605 2053 1904 2125 ληφθείσης

315 2147 414 2215 τῆς
447 2147 775 2216 ἀποφάσεως
798 2150 1006 2218 ταύτης
1032 2149 1107 2210 ὡς
1136 2151 1170 2219 ὴ
1224 2149 1526 2217 παράδοσις
1551 2146 1901 2217 ὡρισμένως,

315 2235 450 2306 οἷον,
471 2240 660 2298 Οὐδεὶς
680 2239 788 2292 τῶν
800 2241 973 2308 ἁγίων
997 2241 1153 2311 τήνδε
1183 2242 1370 2310 φησιν,
1395 2242 1426 2311 ἡ
1456 2241 1624 2309 αὐτῆς
1649 2237 1760 2305 ἔξει
1780 2235 1902 2290 κατ’

317 2333 482 2388 αὐτὸν
513 2332 572 2398 ἐξ
603 2333 855 2403 ἀνάγκης
881 2333 944 2386 τὸ
989 2329 1132 2386 εἶναι
1163 2333 1496 2398 κατάφασις,
1547 2330 1621 2400 μὴ
1657 2345 1901 2396 σοφιστι-

317 2425 456 2489 κῶς,
477 2422 594 2476 ἀλλ’
620 2423 697 2484 ὡς
718 2423 994 2493 παρεδόθη
1026 2422 1126 2493 τὴν
1157 2422 1322 2487 δεῖξιν
1349 2420 1720 2490 λαμϐάνοντα.
1756 2419 1817 2471 Ei
1841 2417 1897 2471 δὲ

315 2515 408 2569 τ·ιῦ
437 2515 513 2586 μὴ
552 2515 654 2585 τὴν
692 2515 838 2580 λέξιν
883 2513 1142 2583 λέγεσθαι
1195 2513 1479 2584 δράξεται,
1520 2511 1620 2582 τὴν
1673 2511 1900 2578 ἀλογίαν

317 2605 500 2676 ἑαυτῷ
539 2605 756 2670 συνάξει
806 2607 904 2660 καὶ
952 2605 1050 2674 τὴν
1103 2604 1405 2674 σκαιότητα
1454 2605 1562 2656 τῶν
1615 2601 1899 2672 θεηγόρων

315 2699 492 2756 ταῦτα
507 2701 933 2770 προσαπτόντων
963 2698 1302 2766 διαπρυσίως
1326 2698 1440 2759 τοῖς
1475 2699 1550 2766 μὴ
1579 2699 1644 2766 τῇ
1671 2696 1898 2764 δυνάμει

318 2791 606 2862 προσέχειν
630 2791 954 2862 ᾑρημένοις,
992 2791 1128 2860 μηδὲ
1157 2791 1224 2861 τῇ
1265 2789 1478 2858 διανοίᾳ
1528 2787 1639 2841 τῶν
1665 2785 1900 2858 λεγομέ-

315 2902 444 2950 νων,
476 2885 614 2938 ἁλλὰ
641 2887 759 2946 ταῖς
793 2883 1029 2950 λέξεσιν.
1092 2917 1098 2924 -

2002 1971 2134 2032 sint,
2160 1980 2216 2024 et
2251 1968 2413 2023 ambo
2461 1967 2620 2022 falsa.
2651 1966 2774 2022 llaec
2814 1968 2860 2021 si
2901 1967 3205 2021 secundum
3257 1965 3456 2035 regulae
3493 1979 3598 2018 ex-

2002 2059 2352 2130 plicationem
2403 2057 2788 2122 desumantur,
2825 2072 2998 2110 unum
3030 2054 3414 2127 comprobabit
3451 2053 3597 2108 eﬂ'e‘

2003 2162 2144 2216 ctus,
2177 2151 2328 2205 aliud
2358 2167 2488 2206 vero
2518 2151 2668 2205 nullo
2699 2151 2863 2205 modo
2893 2157 3094 2205 eventu
3122 2147 3592 2217 comprobabitur.

2005 2243 2146 2299 llinc
2173 2243 2218 2298 si
2243 2259 2352 2298 non
2381 2250 2464 2297 est
2493 2258 2559 2296 ex
2592 2241 2732 2296 Filio
2763 2241 3028 2312 Spiritus,
3061 2257 3172 2296 non
3210 2239 3464 2310 pmccdit
3486 2279 3500 2300 ,
3538 2249 3601 2293 ut

2007 2335 2123 2404 ipse
2161 2350 2269 2388 non
2303 2335 2516 2397 abnuit,
2549 2334 2592 2388 si
2627 2333 2931 2402 accipiatur
2965 2333 3182 2402 negatio
3223 2333 3327 2384 ista
3349 2371 3363 2393 ,
3401 2341 3458 2384 ut
3491 2341 3601 2384 tra-

2007 2426 2140 2480 ditio
2168 2435 2273 2486 est.
2300 2425 2680 2488 determinatc,
2712 2424 2864 2493 quasi
2895 2423 3126 2489 diceres,
3159 2422 3351 2476 Nullus
3382 2439 3448 2476 ex
3479 2437 3600 2476 san-

2007 2517 2112 2570 ctis
2147 2517 2290 2570 hanc
2317 2515 2470 2576 dicit.
2523 2515 2668 2569 illius
2715 2513 3016 2568 secundum
3067 2513 3440 2568 adversarium
3493 2528 3598 2568 ne—

2007 2607 2246 2660 cessario
2277 2606 2564 2662 adirmatio
2599 2605 2726 2666 erit.
2775 2620 2884 2660 non
2930 2603 3299 2674 sophistarum
3351 2602 3604 2672 captiun—

2007 2699 2167 2763 culis,
2203 2699 2335 2766 sed,
2373 2707 2436 2752 ut
2482 2699 2742 2752 traditum
2793 2707 2910 2761 est,
2959 2695 3338 2764 comprobata.
3388 2692 3600 2759 Quodsi

2008 2791 2465 2857 illud,dictionem
2490 2791 2632 2844 hanc
2663 2790 2870 2844 scilicet
2895 2803 3004 2842 non
3031 2787 3160 2852 dici,
3191 2785 3440 2856 arripiet,
3468 2785 3604 2838 stul-

2009 2885 2182 2938 titiam
2217 2883 2323 2937 sibi
2370 2883 2590 2950 colliget
2646 2899 2709 2936 ac
2753 2880 3090 2950 imperitiam
3141 2878 3456 2933 divinorum
3501 2875 3604 2930 Pa-

319 2986 486 3038 trum,
521 2977 614 3046 qui
682 2977 787 3030 ista
845 2975 1136 3047 perspicue
1171 2975 1480 3032 attribuunt
1551 2973 1984 3032 detrectantibus
2024 2985 2261 3030 mentem
2291 2975 2567 3046 applicare
2614 2975 2662 3027 vi
2707 2985 2758 3028 et
2806 2972 3097 3027 sententia:
3147 2971 3458 3034 dictorum,
3505 2968 3608 3024 sccl

319 3064 530 3125 tantum
561 3070 918 3126 dictionibus.

391 3164 482 3234 ιη’.
519 3165 711 3232 Ὅμως
738 3164 978 3232 ἐχόμενα
1009 3164 1119 3216 τῶν
1146 3161 1530 3232 ἐληλεγμένων
1573 3161 1740 3234 φησίν
1761 3177 1773 3194 ·
1817 3162 1912 3216 (ΕΞ
1937 3163 1983 3224 C

317 3258 374 3311 δέ
396 3276 478 3322 τις
505 3259 652 3326 λέγει
687 3260 762 3327 μὴ
797 3253 936 3310 εἶναι
957 3256 1020 3310 τδ
1041 3257 1142 3310 οὐκ
1172 3256 1534 3326 ἀστράπτειν,
1567 3255 1627 3320 ἐξ
1657 3255 1908 3325 ἀνάγκης

318 3352 502 3406 δίδωσι
535 3353 636 3422 τὴν
667 3351 998 3418 κατάφασιν.
1029 3368 1048 3401 ι
1079 3349 1312 3416 Δόκησ-ιν
1335 3348 1459 3412 δοὺς
1495 3351 1642 3418 ἐρεῖν
1695 3366 1748 3401 τι
1777 3334 1909 3418 περὶ

318 3441 422 3510 τῆς
468 3443 857 3510 καταφάσεως,
895 3442 959 3492 ὲκ
1011 3439 1422 3508 συναισθήσεως
1464 3433 1603 3502 οἷον,
1655 3436 1687 3506 ἢ
1733 3437 1908 3499 ἄλλως

323 3551 462 3596 πως,
527 3535 781 3601 φαίνεται
827 3537 928 3604 τὴν
961 3534 1348 3603 ἐκπορεύεται
1393 3533 1596 3603 μᾶλλον
1633 3533 1912 3599 ἀπόφασιν

321 3627 404 3680 ἔτι
434 3631 700 3695 συστῆσαι
735 3628 1081 3696 βουλόμενος.
1124 3628 1354 3694 Ἐπάγει
1393 3625 1502 3696 γάρ
1526 3643 1539 3656 ο
1579 3645 1596 3676 ι
1637 3627 1699 3678 Εἰ
1731 3625 1789 3678 δὲ
1813 3625 1908 3678 καὶ

320 3717 482 3772 τοῦτο
513 3717 740 3789 ζητοῦσι
773 3719 1016 3789 δειχθείη
1064 3722 1212 3786 παρά
1243 3721 1308 3788 τῇ
1333 3719 1454 3787 θεία
1484 3719 1698 3787 Γραφῇ,
1721 3719 1772 3770 τί
1797 3717 1913 3768 ἓτε-

325 3827 419 3880 ρον
466 3811 653 3870 αύτυῖς
690 3809 1075 3870 ὑπολείπεταιε
1119 3827 1136 3858 ι
1198 3809 1294 3860 καὶ
1349 3809 1654 3879 παρευθῡς,
1721 3826 1740 3858 ι
1781 3824 1912 3860 σκε·

325 3904 490 3955 πτὲον
522 3903 578 3955 δὲ
599 3900 766 3955 οὕτω.
792 3919 812 3954 ι
850 3902 960 3953 Καὶ
986 3900 1220 3970 καθεξῆς
1249 3901 1320 3954 τά
1355 3902 1490 3970 πρὶς
1529 3899 1791 3952 σύστασιν
1818 3898 1911 3953 τοῦ

327 3989 742 4057 σπουδάσματος
769 3989 912 4042 οὕτω
937 3989 1241 4058 συντίθησι·
1275 4007 1294 4041 ι
1330 3989 1522 4058 Πατὴρ
1547 3991 1574 4041 6
1599 3989 1794 4058 Πατὴρ
1829 3989 1916 4058 μό-

327 4098 436 4147 νος,
474 4083 570 4134 καὶ
609 4081 736 4134 οὗτε
763 4082 890 4144 Υίὸς
917 4080 1040 4135 οὔτε
1059 4083 1309 4152 Πνεῦμα.
1343 4084 1468 4146 Υἱὸς
1491 4086 1516 4136 6
1537 4083 1659 4144 Υἱὸς
1689 4083 1912 4152 ὁμοίως,

327 4177 424 4228 καὶ
451 4173 574 4227 οὔτε
601 4175 788 4244 Πατὴρ
821 4176 848 4227 6
876 4176 1057 4239 αὐτὸς,
1089 4174 1211 4227 οὔτε
1231 4175 1474 4244 Πνεῦμα.
1511 4175 1735 4244 Πνεῦμα
1760 4173 1918 4242 ἅγιον

328 4268 388 4319 τὸ
424 4267 666 4336 Πνεῦμα,
701 4269 792 4319 καὶ
821 4265 944 4319 οὔτε
987 4267 1179 4338 Πατὴρ
1205 4269 1266 4320 τὸ
1295 4267 1450 4332 αὐτὸ,
1479 4265 1604 4322 οὔτε
1664 4269 1809 4328 Υἱός.
1853 4268 1916 4320 ’0

335 4362 433 4430 μὲν
468 4359 561 4414 οὖν
594 4360 785 4430 [ἰατὴρ
807 4361 942 4414 καθὸ
973 4362 1138 4432 γεννᾷ
1160 4361 1308 4428 Υίδν,
1344 4360 1675 4430 ὀνομάζεται
1703 4360 1913 4431 Πατὴρ,

333 4451 466 4504 καθὸ
499 4451 556 4502 δὲ
585 4451 874 4522 ἑκπορεύει
895 4451 1138 4522 Πνεῦμα,
1167 4452 1350 4504 οὐκέτι
1385 4453 1600 4520 Πατὴρ,
1629 4451 1765 4503 ἀλλά
1793 4467 1920 4519 προ-

2090 3161 2176 3216 l8.
2215 3159 2582 3214 Nihilominus
2632 3157 3040 3226 subsequentur
3093 3154 3348 3209 refutatis
3383 3170 3410 3208 a
3445 3153 3608 3209 nobis

2009 3251 2253 3307 adnectit
2295 3269 2309 3304 :
2369 3271 2386 3303 ι
2428 3250 2636 3316 Quodsi
2672 3249 2796 3319 quis
2831 3248 2986 3312 dicit,
3014 3263 3121 3302 non
3155 3263 3276 3302 esse
3323 3246 3454 3301 illud
3491 3262 3602 3300 non

2011 3345 2308 3415 fulgurare,
2343 3342 2655 3397 necessario
2678 3341 2934 3396 euucedit
2957 3339 3396 3395 aﬂirmationem.
3415 3359 3432 3390 ι
3467 3338 3605 3394 Cum

2011 3436 2288 3490 videretur
2337 3436 2544 3504 aliquid
2593 3435 2792 3489 afferre
2823 3431 2892 3488 de
2927 3433 3314 3494 afﬁrmatione,
3343 3440 3605 3502 tanquam

2013 3527 2118 3602 sibi
2156 3527 2412 3582 conscius
2449 3525 2650 3590 factus,
2677 3527 2765 3580 vel
2795 3527 2895 3578 alia
2933 3524 3146 3578 ratione
3177 3523 3394 3578 videtur
3424 3525 3610 3593 potius

2012 3620 2159 3674 illius
2197 3618 2432 3686 procedit
2459 3621 2810 3688 negationem
2841 3617 3022 3670 adhuc
3050 3616 3408 3670 constabilire
3427 3657 3441 3679 ,
3475 3619 3601 3668 sub-

2015 3711 2184 3764 nectit
2221 3708 2539 3778 siquidem:
2585 3728 2602 3760 ι
2639 3708 2848 3774 Quodsi
2901 3707 3049 3776 quod
3094 3718 3373 3776 quaerunt.
3423 3715 3612 3761 esten;

2013 3803 2174 3856 detur
2201 3801 2256 3854 in
2288 3801 2378 3855 div
2402 3815 2468 3853 na
2504 3801 2806 3870 Scriptura,
2836 3799 2966 3868 quid
3002 3798 3137 3869 ipsis
3184 3798 3454 3868 reliquum
3491 3795 3614 3852 fue-

2018 3893 2124 3946 rit?
2163 3912 2181 3942 ι
2216 3892 2548 3961 Statimque,
2592 3910 2610 3942 ι
2647 3891 2755 3946 hoc
2789 3891 2952 3946 modo
2982 3905 3116 3944 vero
3148 3889 3560 3944 consideretur.
3589 3907 3607 3941 ι
3646 3898 3650 3902 ·

2019 3983 2086 4041 Ει
2115 3983 2464 4055 postmodum
2514 3993 2746 4038 conatus
2783 3995 2914 4036 suos
2959 3981 3027 4036 ad
3070 3982 3410 4051 pr0positum
3443 3981 3614 4036 stabi-

1973 4151 1978 4156 η
2019 4078 2262 4132 ιιειιιίιιιιι
2289 4075 2360 4130 ita
2397 4076 2659 4144 proponit
2697 4089 2710 4125 :
2751 4094 2768 4125 ι
2806 4073 2966 4128 l‘ater
3000 4073 3167 4128 Pater
3195 4071 3368 4134 solus,
3402 4079 3460 4124 et
3500 4078 3613 4124 non

2018 4169 2188 4224 Filius
2217 4183 2395 4238 neque
2431 4167 2668 4235 Spiritus
2704 4175 2948 4222 sanctus.
2979 4165 3152 4220 Filius
3194 4162 3366 4218 Filius
3408 4163 3612 4218 simili-

2032 4269 2136 4324 ter,
2169 4270 2226 4313 et
2259 4273 2371 4312 non
2405 4257 2586 4322 Pater,
2617 4271 2796 4326 neque
2828 4256 3088 4326 Spiritus.
3131 4255 3372 4325 Spiritus
3395 4263 3616 4308 sanctus

2023 4350 2285 4421 Spiritus,
2320 4358 2376 4403 et
2411 4363 2522 4404 non
2555 4358 2640 4402 est
2662 4347 2825 4402 Pater
2857 4348 2998 4424 ipse,
3031 4360 3210 4415 neque
3233 4344 3428 4398 Filius.
3453 4345 3618 4397 Pater

2023 4443 2190 4514 igitur
2220 4455 2330 4510 qua
2355 4447 2581 4510 generat
2602 4437 2801 4493 Filium
2831 4437 3015 4503 Pater,
3045 4455 3151 4508 qua
3183 4451 3319 4491 vero
3345 4435 3616 4506 Spiritum

331 4543 520 4606 ϐολεὺς
566 4544 915 4612 ὀνομάζεται.
948 4545 1136 4597 1Ἱῖιστιν
1165 4543 1258 4597 οὖν
1287 4546 1315 4598 6
1359 4545 1548 4615 Πατὴρ
1583 4545 1680 4598 καὶ
1727 4545 1910 4614 Πατὴρ

2025 4535 2321 4607 proci-dere
2357 4534 2520 4596 facit.
2557 4549 2666 4589 non
2699 4533 2934 4602 amplius
2973 4533 3159 4598 Pater,
3189 4530 3287 4585 sed
3319 4529 3619 4600 productor

331 4638 426 4688 καὶ
455 4633 774 4706 trp-060156;.
821 4637 932 4688 Ἑνὶ
981 4637 1034 4688 δε
1067 4637 1294 4705 ὀνόματι
1351 4636 1668 4705 συναπτικῷ
1716 4636 1922 4690 τούτων

331 4727 664 4793 ὀδομάζεται
695 4728 870 4798 πηγὴ,
907 4727 1049 4796 εἴγε
1096 4729 1290 4791 πιστὸς
1338 4730 1366 4780 6
1422 4730 1598 4798 μέγας
1647 4729 1926 4791 Διονύσιος

336 4819 480 4873 οὕτω
500 4821 716 4889 λέγων’·
748 4821 874 4874 ’Ὅτι
903 4821 1004 4888 μέν
1025 4823 1141 4872 ἐστι
1179 4821 1330 4891 πηγὴ
1365 4822 1624 4890 θεότητος
1653 4823 1680 4873 ὁ
1709 4821 1922 4892 Πατὴρ,

333 4915 362 4965 ὁ
389 4915 446 4966 δὲ
484 4914 604 4978 Υἱὸς
633 4917 726 4966 καὶ
763 4915 823 4968 τὸ
857 4913 1080 4983 Πνεῦμα
1123 4915 1221 4984 τῆς
1259 4915 1510 4980 θεογόνου
1569 4913 1845 4984 θεότητος,
1875 4917 1931 4968 εἰν

335 5006 480 5058 οἷτω
511 5004 616 5077 χρὴ
639 5008 829 5073 φάναι,
855 5005 1078 5076 βλαστοὶ
1111 5005 1388 5073 θεόφυιοι.
1413 5008 1510 5060 καὶ
1531 5001 1643 5059 οἷον
1667 5008 1803 5078 ἄνθη
1832 5009 1928 5061 καὶ

338 5098 638 5168 ὑπερούσια
663 5099 842 5166 φῶτα,
869 5100 1001 5169 πρὶς
1025 5099 1132 5151 τῶν
1162 5099 1326 5166 ἱερῶν
1352 5098 1549 5166 λογίων
1580 5101 1929 5169 παρειλήφα-

345 5207 466 5256 μεν.
501 5191 612 5243 Καὶ
642 5192 697 5241 ὲν
721 5191 924 5254 ἄλλοις.
967 5191 1120 5259 Μόνη
1149 5191 1301 5262 πηγὴ
1324 5193 1422 5260 τῆς
1455 5190 1782 5258 ὑπερουσίου
1811 5191 1932 5243 θεόσ-

343 5300 510 5351 τητος
540 5283 730 5354 Πατὴρ
751 5325 766 5347 ,
793 5286 894 5336 οὐκ
926 5284 1076 5346 ὄντος
1104 5283 1233 5336 Υἰόύ
1273 5283 1368 5336 τοῦ
1415 5283 1649 5352 Πατρδς.
1674 5281 1798 5334 οὐδὲ
1833 5282 1927 5334 τοῦ

345 5381 472 5434 Υὶοῦ
497 5383 737 5452 Πατρός.
773 5383 834 5435 Εἰ
873 5383 967 5435 οὖν
994 5384 1144 5452 πηγὴ
1185 5385 1283 5452 τῆς
1309 5383 1564 5452 θεότητος
1591 5383 1620 5432 ὁ
1658 5378 1928 5449 Πατὴρ,ή

341 5476 534 5544 θεότης
571 5474 626 5528 δὲ
655 5475 750 5538 τὰς
803 5477 1134 5538 ὑποστάσεις
1167 5479 1280 5528 ἑνοῖ
1319 5475 1648 5544 ἀσυγχύτως
1675 5515 1691 5541 ,
1727 5472 1935 5524 ταυτόν·

341 5570 463 5620 ἐστι
505 5569 657 5638 πηγὴ
691 5569 967 5638 θεότητος,
1005 5569 1194 5638 ὥσπερ
1225 5569 1274 5620 εί
1331 5567 1570 5636 ἐλέγετο,
1610 5566 1764 5634 πηγὴ
1797 5559 1928 5614 Υἱοῦ

344 5665 438 5713 καὶ
465 5661 798 5732 Πνεύματος,
837 5663 930 5716 καὶ
958 5665 1156 5716 ταυτὸν
1184 5661 1342 5714 πάλιν
1371 5659 1454 5725 τὸ,
1496 5658 1646 5728 πηγὴ
1686 5656 1814 5709 Υἱοῦ
1839 5657 1949 5708 καὶ·

350 5753 688 5822 Ιινεύματος,
725 5753 916 5824 ὥσπερ
968 5755 1020 5807 εἴ
1070 5771 1151 5811 τις
1189 5753 1358 5822 λέγει,
1411 5751 1602 5820 Πατὴρ
1657 5749 1789 5802 Tim}
1836 5750 1934 5803 ml.

349 5848 648 5920 7.9050136;
711 5849 1046 5919 Πνεύματο;.
1135 5845 1284 5918 Ἑρεῖ
1327 5847 1384 5898 δέ
1432 5863 1538 5908 τις,
1573 5843 1634 5897 Εἰ
1673 5845 1703 5914 ἡ
1743 5843 1940 5910 053m;-

2025 4631 2348 4702 appeliatur.
2394 4627 2490 4682 Est
2517 4627 2688 4697 igitur
2737 4625 2899 4680 Pater
2929 4637 2986 4680 et
3015 4623 3174 4679 Pater
3207 4634 3262 4678 et
3291 4623 3616 4694 productu'r,

2030 4739 2138 4779 uno
2168 4739 2296 4778 vero
2324 4721 2587 4786 nomine,
2616 4720 2762 4790 quod
2803 4720 2920 4774 haec
2943 4719 3054 4773 duo
3088 4717 3332 4788 colligat,
3378 4716 3522 4778 fons,
3572 4716 3621 4769 si

2027 4815 2135 4868 ﬁde
2163 4815 2359 4882 dignus
2389 4821 2476 4867 est
2506 4827 2736 4881 magnus
2781 4810 3070 4881 Dionysius
3102 4810 3174 4864 ita
3211 4809 3574 4879 pronuntians
3601 4827 3617 4864 :

2029 4908 2127 4962 Est
2175 4905 2398 4976 quidem
2448 4895 2574 4959 fons
2605 4903 2916 4958 Divinitatis
2949 4903 3133 4966 Pater,
3181 4900 3351 4956 Filius
3403 4915 3535 4956 vero
3563 4909 3620 4953 et

2033 4999 2270 5070 Spiritus
2316 4998 2562 5070 deigena:
2603 4997 2852 5059 Deitatis,
2898 4996 2945 5051 si
2989 4997 3064 5051 ita
3101 4997 3468 5064 eloquendum
3513 5004 3617 5056 est,

2031 5093 2237 5158 surculi
2267 5107 2298 5146 a
2333 5091 2445 5146 Deo
2486 5090 2736 5159 plantati,
2773 5097 2830 5144 et
2856 5089 3026 5142 veluti
3061 5087 3244 5152 ﬂores,
3277 5095 3333 5140 ct
3364 5099 3624 5152 superes.

2033 5185 2284 5240 sentialia
2340 5183 2548 5237 lumina
2595 5197 2624 5236 a
2666 5182 2840 5238 sacris
2890 5182 3125 5250 eloquiis
3177 5178 3508 5248 accepimus.
3558 5179 3624 5233 Et

2032 5279 2143 5332 alio
2171 5291 2388 5346 quoque
2422 5277 2582 5332 loco:
2619 5275 2782 5332 Solus
2811 5275 2936 5330 fons
2982 5272 3461 5343 superessentialis
3498 5270 3622 5326 Dei-

2035 5371 2160 5422 tatis
2198 5369 2375 5434 Pater,
2410 5383 2532 5422 cum
2564 5382 2676 5421 non
2705 5367 2777 5421 sit
2810 5366 2985 5420 Filius
3025 5365 3208 5428 Pater,
3253 5377 3434 5433 neque
3461 5360 3624 5414 Pater

2035 5463 2222 5517 Filius.
2265 5463 2320 5516 Si
2351 5476 2480 5532 ergo
2506 5460 2630 5514 fons
2662 5459 2889 5514 Deitatis
2923 5460 3104 5518 Pater,
3141 5457 3325 5512 Deitas
3357 5470 3490 5510 vero
3524 5454 3622 5524 hy-

2039 5567 2287 5628 postases
2327 5557 2447 5610 unit
2482 5554 2796 5614 inconfusc,
2837 5555 2941 5607 erit
2968 5551 3090 5607 fms
3119 5550 3438 5612 divinitatis,
3471 5563 3626 5616 aeque

2036 5668 2099 5706 ac
2131 5651 2176 5704 si
2207 5650 2430 5712 dixeris,
2457 5645 2604 5704 Fons
2627 5647 2744 5702 Filii
2775 5656 2832 5702 ct
2857 5646 3132 5716 Spiritus:
3165 5653 3219 5698 et
3243 5655 3455 5701 rursus,
3481 5640 3626 5693 Fons

2037 5743 2156 5799 Filii
2189 5753 2244 5796 et
2274 5743 2538 5810 Spiritus.
2564 5755 2721 5810 atque
2749 5753 2813 5793 ac
2861 5739 2905 5792 si
2951 5738 3178 5800 dixi-ris,
3232 5736 3392 5788 Pater
3419 5731 3540 5786 Filii
3572 5743 3630 5785 et

2039 5840 2336 5908 pt'OdUt‘lOI‘
2359 5835 2618 5904 Spiritus.
2657 5835 2872 5890 Dircret
2907 5833 3180 5899 quispiam
3213 5829 3474 5885 Deitatcm
3524 5828 3632 5898 ity-
