4072 6404
391 379 529 445 1269

1378 395 1680 457 CONTRA
1719 395 2155 460 MANUELEM
2192 400 2680 464 CRETENSEM.

3524 402 3662 468 1370

297 546 299 549 .
386 501 833 574 διαναστήσονται
879 507 1046 575 φάναι
1075 508 1328 581 λελέχθαι
1364 514 1457 568 τοῦ
1486 514 1619 568 Υἱοῦ
1650 514 1784 586 πρὸς
1806 515 1953 585 ἀφαίι

2072 515 2137 570 ad
2165 516 2569 573 excludendum
2592 518 2789 572 Filium
2816 534 2831 583 ;
2863 518 2942 573 uti
2980 519 3073 587 qui
3110 517 3310 587 saepius
3367 516 3664 585 multisque

390 609 560 662 ρεσιν,
609 592 685 658 ὡς
726 596 758 665 ἢ
821 597 1142 669 ἐλεγχθεῖσα
1199 603 1557 675 πολυτρόπως
1618 608 1970 676 τομογραφία

386 683 608 751 φάσκει,
639 687 672 756 ἡ
714 687 808 741 καὶ
838 689 1146 764 ’δυναστείᾳ
1168 695 1233 765 τῇ
1258 696 1402 764 πρὸς
1430 697 1531 767 τὴν
1573 698 1838 764 ἀλήθειαν
1867 717 1969 753 πε-

389 778 716 850 ριεπομένη,
760 781 883 836 τίνα
914 785 1117 855 ἑαυτῆς
1141 788 1355 843 ὄλισθον
1394 793 1494 844 οὐκ
1537 793 1871 860 ὲπάξουσιν;
1911 793 1969 848 ’0

385 868 496 921 τῶν
528 872 785 941 ἀρρήτων
825 875 1112 947 ὐφηγητὴς
1157 879 1251 933 καὶ
1283 881 1394 935 τῶν
1426 883 1674 938 ἀθεάτων
1725 886 1968 954 ἐπόπτης

390 960 559 1030 μόνην
586 963 769 1034 πηγὴν
806 966 997 1037 εἴρηκε
1025 970 1116 1025 τὸν
1148 971 1366 1043 Πατέρα
1389 990 1404 1005 ·
1425 977 1521 1028 καὶ
1547 977 1597 1029 εί
1631 978 1767 1048 πρὸς
1789 979 1973 1032 τοιαύ-

387 1071 508 1122 την,
545 1055 612 1125 ἢν
664 1051 811 1112 οὗτοι
858 1060 1305 1132 διισχυρίζονται.
1347 1068 1587 1125 διάνοιαν
1628 1069 1818 1139 ἔφησε,
1852 1071 1972 1137 πῶς

386 1146 437 1197 ol
487 1147 751 1217 ῥηθέντες
797 1151 1108 1222 τηλικοῦτοι
1153 1157 1439 1228 φωστῆρες
1484 1160 1583 1228 τῆς
1640 1162 1969 1231 Ἐκκλησίας

387 1237 571 1309 πηγὴν
601 1242 808 1295 καὶτὸν
836 1243 967 1298 Υίὸν
991 1245 1084 1299 τοῦ
1118 1247 1435 1318 Πνεύματος
1477 1252 1866 1322 ἐδογμάτισαν,
1890 1254 1969 1325 τῷ

384 1329 625 1399 τοσούτῳ
673 1333 976 1406 διαρρήδην
1005 1339 1358 1406 ἀπεναντίας,
1401 1333 1463 1394 οὗ
1493 1344 1622 1409 τοὺς
1676 1347 1972 1409 {egoeg-16-

384 1434 515 1484 γους
546 1422 642 1474 καὶ
687 1425 755 1476 τὰ
788 1428 1201 1497 συγγράμματα
1232 1431 1437 1486 τούτων
1482 1433 1548 1486 ὲκ
1594 1436 1967 1505 παραδόσεως,

384 1510 480 1561 καὶ
506 1509 615 1562 τῶν
637 1513 840 1580 ὁμοίων
865 1517 1125 1589 Πατέρων
1149 1521 1181 1590 ἡ
1213 1520 1308 1574 τοῦ
1332 1522 1466 1575 Θεοῦ
1505 1524 1801 1595 Ἐκκλησία
1826 1529 1969 1596 μετὰ

382 1601 453 1653 τὰ
487 1603 820 1659 ἀποστολικὰ
847 1607 966 1662 θεῖα
990 1611 1324 1682 κηρύγματα
1352 1615 1447 1668 καὶ
1474 1616 1784 1688 διδάγματα
1812 1622 1972 1674 κατέ-

381 1709 467 1763 χει
515 1697 610 1750 καὶ
655 1698 996 1764 ὲνσεϐίζεται
1023 1720 1037 1736 ·
1078 1708 1264 1759 καὶού
1320 1709 1481 1777 μόνον
1515 1710 1640 1774 τοὺς
1688 1713 1967 1779 τοιούτους

383 1787 518 1858 πρὸς
542 1790 634 1842 τὶν
659 1792 916 1848 τοσοῦτον
964 1796 1257 1869 πολεμίους
1291 1803 1671 1873 ἐμφαίνουσιν,
1704 1807 1839 1861 ἀλλὰ
1868 1808 1964 1863 καὶ

379 1880 516 1950 πρὸς
556 1882 786 1949 ἑαυτοὺς
831 1888 1111 1957 ἐμφανῶς.
1156 1892 1245 1945 Ἐν
1292 1895 1403 1965 γὰρ
1442 1895 1680 1968 δευτέρῳ
1712 1900 1963 1970 τμήματι

380 1972 563 2064 βίϐλου
596 1975 697 2045 τῆς
741 1980 1202 2052 ἐκκλησιαστικῆς
1244 1985 1508 2057 Ἱστορίας
1551 1992 1580 2043 6
1618 1990 1965 2064 Θεοδώρητος

376 2060 474 2131 τὴν
492 2065 626 2133 πρὸς
650 2067 775 2129 τοὺς
813 2069 1054 2140 Ἀφρους
1087 2072 1180 2125 τοῦ
1207 2074 1303 2144 τῆς
1334 2077 1635 2144 ἀθανασίας
1668 2060 1965 2154 ἐπωνύμου

375 2156 636 2228 περὶτῆς
684 2159 743 2210 ὲν
780 2160 1064 2233 Ἀριμήνῳ
1111 2166 1333 2220 συνόδου
1370 2172 1809 2241 καταστρωννύει
1838 2178 1964 2229 ὲπι-

375 2246 590 2317 στολὴν,
633 2251 690 2302 ὲν
774 2252 948 2305 ταῦτα
985 2253 1417 2325 διαλαμϐάνεται
1437 2276 1453 2293 ο
1492 2279 1511 2312 ι
1543 2262 1640 2325 Τίς
1663 2263 1721 2317 δὲ
1748 2265 1961 2330 τούτοις

374 2339 653 2394 συνελθεῖν
677 2342 924 2413 ἐθελήσει
957 2346 1265 2419 ἀνθρώποις
1299 2350 1437 2421 μηδὲ
1465 2354 1533 2407 τὰ
1578 2355 1790 2411 ἑαυτῶν
1819 2358 1960 2412 ἀπο-

371 2433 723 2504 δεχομένοις;
771 2438 837 2491 οι
879 2439 990 2511 γὰρ
1026 2441 1087 2494 ὲν
1134 2445 1256 2506 ταῖς
1298 2445 1507 2500 ἑαυτῶν
1535 2447 1668 2502 δέκα
1717 2466 1821 2503 που
1862 2452 1959 2505 καὶ

371 2525 558 2594 πλέον,
588 2529 732 2583 καθὰ
771 2532 1131 2604 προείπομεν,
1160 2537 1401 2602 συνόδοις
1424 2538 1616 2595 ἄλλοτε
1649 2542 1786 2598 ἄλλα
1813 2545 1957 2616 γρά-
1995 2597 2004 2608 ,

371 2637 587 2687 φοντες,
619 2622 768 2693 δῆλοί
815 2625 959 2680 εἰσιν
1000 2627 1239 2701 ἑκάστης
1273 2632 1430 2686 αὐτοὶ
1472 2637 1769 2707 κατήγοροι
1798 2639 1956 2705 γενό-

372 2730 549 2783 μενοι.
576 2715 854 2787 Πάσχουσι
880 2720 937 2772 δὲ
960 2723 1118 2777 τοῦτο
1144 2724 1281 2795 ὅπερ
1310 2726 1406 2779 καὶ¹
1441 2728 1492 2781 οἱ
1515 2729 1635 2782 τότε
1669 2730 1779 2785 τῶν
1817 2732 1954 2787 Ἰου-

368 2807 535 2862 δαίων
582 2812 936 2877 πβπόνθασιν.
990 2815 1080 2878 Ὠς
1131 2819 1237 2889 γὰρ
1272 2819 1473 2874 ἐκεῖνοι
1527 2822 1956 2892 καταλείψαντες

365 2900 466 2971 τὴν
497 2903 670 2973 μόνην
705 2906 888 2978 πηγὴν
918 2908 1012 2961 τοῦ
1039 2909 1244 2974 ζῶντος
1272 2910 1485 2978 ὕδατος,
1521 2917 1788 2986 ’Ὡρυξαν
1812 2920 1954 2976 ἑαυ-

364 2993 492 3060 τοῖς
522 2995 814 3064 λάκκους,
846 2998 904 3053 οἳ
931 3002 1004 3053 οὐ
1027 3000 1404 3070 δυνήσονται
1441 3007 1602 3077 ὕδωρ
1642 3013 1906 3080 συσχεῖν
1935 3030 1952 3045 ο

364 3087 677 3174 γέγραπται
709 3092 768 3145 δὲ
819 3094 972 3163 παρὰ
1019 3095 1100 3165 τῷ
1151 3099 1409 3172 προφήτῃ
1460 3100 1736 3174 Ἰερεμίαο
1777 3105 1952 3171 οὕτως

2071 609 2249 663 modis
2284 609 2557 665 refutatus
2591 620 2677 666 est
2712 620 2919 676 tomus,
2946 611 3232 666 dominatu
3263 625 3328 665 ac
3375 609 3665 681 tyrannide

2070 703 2324 760 suti'ultus
2353 705 2619 769 insinuat,
2651 722 2815 776 quem
2847 706 2950 761 sibi
2991 706 3202 775 lapsum
3235 720 3346 759 non
3376 703 3664 759 inferunt?

2071 795 2343 866 lnterpres
2374 814 2557 853 rerum
2591 798 2973 862 ineffabilium,
3007 809 3062 854 et
3111 797 3506 853 immortalium
3559 797 3660 849 in—

2071 879 2290 956 spector
2317 890 2491 944 solum
2524 891 2730 945 fontem
2766 890 2983 946 Patrem
3015 892 3380 960 nuncupavit,
3415 899 3472 945 et
3517 888 3560 943 si
3601 888 3656 940 in

2071 996 2236 1050 quam
2270 982 2370 1049 ipsi
2401 985 2740 1038 contendunt
2791 987 3125 1041 sententiam
3173 986 3332 1047 dixit.
3375 982 3656 1054 quomodo

2066 1070 2180 1140 jam
2222 1072 2449 1142 allegata
2504 1055 2666 1128 tanta:
2715 1078 3071 1132 auctoritatis
3133 1077 3393 1132 Ecclesia:
3451 1075 3664 1129 lumina

2072 1164 2278 1219 fontem
2306 1165 2470 1219 etiam
2503 1165 2742 1234 Spiritus
2776 1168 2975 1222 Filium
3007 1168 3394 1228 decreverunt,
3421 1180 3468 1219 Aa
3507 1173 3664 1217 tanto

2071 1256 2191 1311 viro
2220 1257 2397 1325 palam
2457 1257 2759 1324 discordes,
2813 1261 2974 1329 cujus
3028 1275 3219 1315 sacros
3263 1271 3550 1313 sermones
3604 1262 3661 1307 et

2070 1346 2529 1415 Commentarios,
2556 1365 2624 1404 ex
2657 1351 2978 1406 eorumdem
3013 1351 3327 1414 traditione,
3356 1358 3411 1402 et
3432 1346 3658 1401 Patrum

2070 1437 2330 1493 similium
2377 1439 2472 1494 Dei
2522 1441 2789 1507 Ecclesia,
2837 1452 2963 1514 post
3015 1440 3314 1512 apostolica
3362 1440 3662 1506 divinaque

2070 1528 2259 1594 effata,
2280 1539 2337 1585 et
2368 1533 2813 1601 praedicationem
2846 1543 3018 1600 tenet,
3059 1542 3113 1589 et
3144 1534 3302 1596 colit,
3349 1546 3529 1601 neque
3564 1545 3660 1585 so-

2071 1621 2183 1676 lum
2221 1622 2348 1676 huic
2374 1634 2480 1677 tam
2513 1640 2708 1695 magno
2748 1640 2870 1681 sese
2915 1626 3197 1682 adversari
3254 1626 3656 1685 demonstrant,

2069 1716 2164 1770 sed
2192 1724 2247 1770 et
2278 1715 2634 1785 sibimetipsis
2667 1717 3000 1788 perspicue?
3032 1718 3283 1786 Namque
3318 1716 3371 1770 in
3413 1713 3658 1770 secundo

2071 1815 2221 1862 tomo
2270 1806 2662 1863 Ecclesiastz’cw
2691 1809 2970 1873 Historiis,
3005 1809 3387 1866 Theodoretus
3428 1808 3659 1862 immor-

2069 1899 2294 1955 talitatis
2315 1901 2659 1971 cognominis
2702 1901 2771 1957 ad
2813 1901 2976 1956 Afros
3018 1903 3203 1957 datam
3255 1901 3544 1969 epistolam
3586 1900 3659 1953 de

2064 1992 2401 2047 Ariminensi
2451 1993 2664 2062 synodo
2694 1993 2907 2055 refert.
2960 1995 3017 2049 in
3071 2010 3178 2064 qua
3229 1993 3428 2048 similia
3477 1991 3657 2047 conti-

2065 2092 2272 2138 nentur
2310 2102 2324 2142 :
2360 2103 2378 2136 ι
2415 2083 2550 2151 Quis
2579 2100 2746 2155 porro
2773 2102 2963 2142 eorum
3012 2086 3300 2142 sententia!
3328 2085 3461 2139 velit
3491 2099 3655 2138 acce-

2064 2175 2216 2241 dere,
2244 2178 2339 2248 qui
2371 2191 2443 2233 ne
2469 2194 2569 2234 sua
2602 2179 2828 2249 quidem
2857 2181 3107 2236 instituta
3155 2179 3258 2248 ipsi
3309 2175 3655 2248 approbant?

2064 2267 2196 2323 Nam
2230 2270 2348 2340 qui,
2377 2271 2455 2325 uti
2485 2286 2653 2341 supra
2687 2272 2953 2338 diximus,
2999 2271 3240 2342 amplius
3279 2270 3472 2325 decem
3527 2268 3654 2322 tidei

2063 2358 2354 2429 formulas,
2405 2361 2514 2417 alio
2566 2377 2807 2433 namque
2854 2372 3102 2433 tempore
3141 2361 3303 2416 aliam
3349 2376 3414 2415 ac
3452 2374 3651 2415 novam

2061 2468 2282 2524 semper
2312 2455 2742 2525 componebant,
2784 2455 2839 2510 in
2873 2456 2994 2511 suis
3029 2454 3276 2511 conciliis
3303 2452 3656 2521 conscripse-

2059 2556 2209 2610 runt,
2239 2556 2430 2615 aperte
2461 2546 2849 2602 demonstrant
2897 2548 3109 2618 seipsos
3160 2545 3373 2616 singula
3414 2559 3514 2598 sua
3564 2558 3655 2597 re-

2060 2637 2405 2707 prehendere
2455 2639 2734 2694 concilia:
2801 2639 3060 2708 idemque
3124 2638 3249 2693 istis
3310 2635 3457 2707 quod
3516 2635 3647 2689 olim

2057 2726 2262 2782 Iudaeis
2291 2728 2661 2799 proditoribus
2689 2728 2909 2785 accidit.
2945 2727 3014 2784 Ut
3043 2727 3192 2783 enim
3228 2727 3303 2782 illi
3335 2727 3456 2782 solo
3495 2724 3653 2780 fonte

2057 2835 2213 2889 aqua:
2262 2819 2498 2876 viventis
2545 2822 2761 2886 relicto,
2826 2822 2903 2877 uti
2964 2822 3156 2877 scribit
3205 2818 3474 2875 Jeremias
3521 2834 3650 2885 pru-

2057 2913 2242 2983 pheta,
2282 2910 2458 2967 Lacus
2495 2913 2594 2968 sibi
2637 2915 2904 2983 foderunt,
2933 2916 3024 2984 qui
3055 2930 3158 2968 non
3190 2921 3407 2982 possunt
3453 2925 3657 2981 aquam

2058 3008 2329 3062 continere
2357 3010 2437 3063 "z
2470 3009 2548 3065 ita
2578 3010 2669 3063 isti
2711 3026 2894 3081 pugna
2927 3020 3118 3069 contra
3156 3007 3414 3081 generale
3453 3007 3648 3063 conci-

2055 3098 2189 3153 lium
2224 3110 2480 3170 suscepta
2531 3099 2635 3156 sibi
2669 3102 2839 3156 multa
2875 3102 3290 3157 constituerunt
3335 3099 3590 3154 concilia.
3622 3115 3644 3150 ι

363 3172 512 3233 οὗτοι
574 3182 872 3253 μαχόμενοι
919 3186 1058 3255 πρὸς
1114 3187 1215 3260 τὴν
1263 3172 1649 3265 οίκουμενικῆν
1673 3172 1948 3264 -σύνοδον,

2056 3191 2135 3247 En
2162 3202 2218 3248 et
2246 3193 2516 3248 adversus
2539 3195 2783 3263 seipsutn
2816 3208 3051 3265 magnus
3082 3194 3170 3249 hic
3205 3201 3479 3263 pugnator
3512 3191 3652 3247 irre-

364 3269 579 3340 ὤρυξαν
625 3272 841 3337 ἑαυτοῖς
880 3277 1134 3341 συνόδους
1180 3279 1403 3345 πολλάς.
1442 3302 1463 3336 ι
1504 3285 1643 3340 Ἰδοὺ
1676 3289 1772 3341 καὶ
1813 3292 1953 3360 πρὸς

363 3363 556 3418 ἑαυτὸν
580 3366 608 3418 6
644 3367 820 3435 μέγας
853 3370 1104 3441 μαχητὴς
1137 3371 1570 3441 ἀκατάλλακτος,
1602 3380 1656 3431 ετ
1682 3396 1747 3448 γε
1781 3381 1953 3454 μόνην

362 3455 547 3527 πηγὴν
583 3456 681 3510 τοῦ
708 3458 912 3523 ζῶντος
940 3460 1130 3528 ὓδατος
1162 3465 1256 3519 τὸν
1295 3468 1515 3541 Πατέρα
1561 3472 1818 3537 καλέσας.
1856 3477 1952 3530 καὶ

360 3548 534 3612 οὐδεὶς
555 3550 584 3602 6
606 3551 984 3640 ἀμφιϐαλλων,
998 3556 1087 3629 μὴ
1105 3558 1165 3610 τὸ
1184 3558 1293 3625 ζῶν
1315 3560 1461 3635 ὕδωρ
1482 3560 1703 3620 εἶναιτὸ
1722 3570 1952 3640 Πνεῦμα

360 3641 421 3694 τὸ
454 3641 611 3706 ἆγιον
639 3646 697 3698 ὲν
746 3639 828 3710 οἷς
857 3649 1226 3718 προεθέμεθα,
1269 3654 1452 3725 πηγὴν
1494 3657 1662 3711 αὑτοῦ
1702 3660 1794 3715 τὸν
1820 3639 1949 3717 Υίδν

360 3734 766 3822 προεσαφησεν.
824 3739 983 3793 Ἀλλὰ
1022 3742 1236 3807 τούτοις
1273 3746 1323 3799 οἳ
1353 3747 1527 3802 ταῦτα
1572 3754 1947 3822 παρεισάγουο

362 3840 470 3889 σιν,
496 3819 578 3889 οἷς
603 3826 954 3897 φθέγγονται,
988 3829 1150 3902 ζῆλον
1177 3835 1434 3907 ἀληθινὸν
1454 3840 1483 3893 6
1513 3819 1713 3914 ζηλῶν,
1737 3819 1943 3900 εἴσεται

363 3916 656 3988 πολεμίους
685 3919 894 3975 ἑαυτῶν
928 3925 1024 3977 καὶ
1070 3925 1181 3980 τῶν
1211 3927 1374 3984 θείων
1401 3934 1799 4004 μυσταγωγῶν,
1840 3936 1944 3992 οὐκ

362 4009 559 4073 αὐτοὺς
583 4010 784 4080 ἥκιστα
826 4014 951 4076 τοὺς
987 4013 1386 4085 θεοφωτίστους
1413 4022 1510 4075 καὶ
1536 4022 1786 4095 ζηλωτὰς
1812 4027 1943 4098 ὁμου

359 4101 557 4163 πνόους
605 4102 706 4174 τῆς
753 4105 1011 4173 πίστεως,
1056 4109 1107 4163 οἳ
1149 4110 1246 4165 τοῦ
1305 4113 1643 4185 Εὑαγγελίου
1697 4118 1943 4192 κήρυκες

357 4193 509 4257 ὄντες
559 4195 657 4250 καὶ
712 4197 952 4266 μαθηταὶ
991 4201 1087 4253 καὶ
1137 4201 1470 4272 διδάσκαλοι,
1521 4208 1649 4263 καθ’
1682 4210 1743 4266 ὃν
1784 4213 1944 4284 λόγον

360 4284 507 4339 ῐσασι
540 4286 772 4356 βοῶντες
803 4290 972 4344 αὐτοῦ
1013 4293 1078 4346 ὲκ
1105 4294 1401 4364 προσώπου
1427 4298 1520 4351 τοῦ
1560 4302 1770 4374 Κυρίου
1800 4308 1942 4377 πρὸς

356 4376 447 4429 τὸν
474 4377 603 4432 ἴδιον
644 4379 864 4449 Πατέρα
889 4397 902 4413 ⁸
935 4401 953 4434 ι
990 4383 1138 4456 Λῦτη
1175 4387 1325 4441 ἐστὶν
1372 4390 1404 4459 ἠ
1440 4391 1661 4458 αίὼνιος
1689 4394 1824 4467 ζωὴ,
1852 4399 1941 4454 ἵνα

355 4467 666 4535 γινώσκωσί
697 4489 755 4524 σε
786 4473 897 4539 τὸν,
928 4477 1089 4545 μόνον
1119 4477 1372 4549 ἀληθινὸν
1398 4482 1553 4548 Θεὸν,
1588 4502 1607 4537 ι
1659 4487 1719 4540 τὸ
1741 4489 1940 4557 μόνον

2056 3284 2440 3351 conciliabilis,
2482 3285 2528 3340 si
2561 3286 2740 3340 solum
2789 3284 2999 3340 fontem
3061 3300 3217 3355 aqua:
3263 3285 3399 3339 vivae
3430 3282 3646 3336 Patrem

2055 3389 2408 3444 nuncupatis,
2442 3384 2499 3430 et
2527 3377 2705 3444 {nemo
2754 3378 2918 3446 plane
2948 3376 3188 3440 haesitat,
3217 3390 3415 3445 aquam
3465 3362 3648 3428 vivam

2052 3482 2176 3523 esse
2218 3467 2482 3537 Spiritum
2540 3477 2814 3533 sanctum,
2842 3469 2896 3523 in
2925 3468 3038 3539 jam
3093 3485 3122 3524 a
3158 3468 3320 3524 nobis
3357 3467 3647 3538 appositis,

2051 3557 2261 3613 fontem
2302 3559 2452 3615 illius
2482 3560 2685 3615 Filium
2732 3560 3130 3617 manifestavit.
3166 3561 3274 3616 Sed
3303 3561 3402 3616 hos
3442 3560 3537 3630 qui
3568 3561 3650 3616 si-

2052 3650 2203 3704 milia
2231 3651 2413 3705 verbis
2447 3650 2637 3706 etl‘usis
2670 3652 2975 3718 insinuant,
3027 3654 3123 3722 qui
3162 3653 3283 3708 zelo
3333 3667 3463 3708 vero
3511 3667 3646 3707 con-

2049 3742 2269 3809 citatur,
2301 3743 2683 3812 sibimetipsis,
2731 3754 2789 3800 et
2819 3745 3027 3800 divinis
3073 3746 3408 3815 mystagogis
3449 3745 3649 3798 adver-

2048 3835 2182 3901 sari,
2210 3851 2322 3890 non
2354 3850 2539 3891 veroa
2574 3838 2687 3892 Deo
2724 3837 3088 3903 illuminatos,
3136 3846 3192 3892 et
3239 3838 3509 3892 zelatorrs
3549 3837 3651 3907 qui

2047 3927 2242 3983 eadem
2267 3927 2322 3982 in
2351 3928 2458 3983 ﬁde
2492 3930 2836 4000 conspirant,
2869 3939 3188 4002 cognoscet,
3215 3930 3258 3985 si
3286 3945 3413 3984 cum
3467 3929 3652 3983 Evan-

2046 4020 2174 4089 gelii
2204 4034 2483 4090 praecones
2516 4021 2648 4086 sint,
2681 4031 2739 4077 et
2765 4022 3049 4093 discipuli,
3077 4034 3132 4077 et
3173 4021 3445 4093 magistri,
3476 4021 3647 4075 modo

2045 4128 2156 4184 quo
2204 4114 2387 4169 sciunt
2426 4114 2851 4184 pronuntiantes
2900 4131 2976 4171 es
3020 4130 3251 4186 persona
3299 4115 3515 4169 Domini
3568 4116 3638 4169 ad

2045 4205 2328 4276 praprium
2352 4205 2606 4262 Patrem:
2642 4226 2661 4259 ι
2705 4206 2827 4262 Haec
2852 4216 2936 4263 est
2970 4209 3085 4263 vita.
3124 4216 3331 4263 aeterna
3356 4217 3417 4262 ut
3441 4223 3649 4277 cogno-

2043 4308 2202 4354 scant
2240 4306 2293 4353 te
2330 4315 2519 4355 verum
2548 4299 2723 4355 solum
2755 4300 2928 4369 Deum
2974 4301 3042 4363 ³⁸.
3094 4300 3227 4356 illud
3263 4301 3439 4355 solum
3489 4301 3651 4355 nullo

2043 4388 2207 4444 modo
2239 4405 2363 4444 vera
2409 4390 2613 4446 deitate
2662 4390 2862 4446 Filium
2911 4392 3166 4462 spoliare,
3196 4392 3291 4447 sed
3320 4392 3645 4462 primariam

2042 4490 2097 4536 et
2137 4483 2368 4551 primam
2388 4497 2632 4547 causam,
2650 4499 2813 4554 quam
2833 4485 2997 4540 Pater
3019 4485 3238 4556 proprie
3260 4485 3490 4542 sortitus
3531 4494 3646 4549 est,

352 4561 606 4631 οὐδαμῶς
628 4564 979 4636 ἀφαιρεῖσθαι
1006 4569 1106 4639 τὴν
1133 4572 1395 4645 ἀληθινὴν
1417 4560 1647 4648 θεότῆτα
1669 4548 1760 4633 τὸν
1781 4581 1931 4649 Υίδν,

2056 4574 2444 4643 iemonstrare,
2474 4577 2776 4631 secundum
2807 4578 3057 4632 eamdem
3088 4578 3357 4633 rationem
3413 4589 3645 4643 norunt,

351 4653 490 4745 αλλὰ
533 4655 634 4745 τὴν
665 4656 900 4745 ἀρχικὴν
930 4659 1024 4712 καὶ
1074 4660 1298 4734 πρώτην
1328 4666 1532 4731 αἰτίαν,
1572 4669 1641 4740 ἢν
1685 4672 1714 4725 6
1744 4672 1935 4745 Πατὴρ

352 4743 498 4807 ίδίως
521 4744 876 4814 ἐκληρώσατο
909 4755 1283 4820 παριστάνειν,
1309 4758 1453 4811 κατὰ
1479 4759 1571 4814 τὸν
1594 4761 1759 4816 αὐτὸν
1788 4743 1937 4818 οἴδα-

351 4850 436 4925 σιν
466 4836 576 4906 ἆρα
609 4836 788 4907 λόγον,
829 4841 923 4893 καὶ
949 4842 1011 4895 τὸ
1070 4842 1239 4912 μόνην
1268 4848 1451 4916 πηγὴν
1491 4851 1586 4904 τοῦ
1618 4853 1936 4925 Πνεύματος

348 4924 443 4979 τὸν
477 4927 694 4999 Πατέρα
739 4929 1132 4999 θεολογείσθαι,
1166 4935 1287 5006 οὐχ)⁵
1320 4938 1415 4989 καὶ
1456 4939 1547 4992 τὸν
1579 4941 1706 4998 Υίὺν
1746 4924 1809 4999 τὸ
1831 4965 1941 5018 πη-

349 5018 451 5109 γην
473 5014 615 5072 εἶναι
642 5021 739 5074 τοῦ
771 5022 1090 5093 Ηνεύματος
1130 5026 1505 5097 ἀφαιρεῖσθαι.
1537 5033 1662 5087 Ὅτι
1690 5038 1824 5109 μηδὲ
1855 5014 1937 5106 te},

352 5127 372 5162 ι
398 5099 543 5181 ’Περὶ
563 5110 665 5181 τῆς
697 5114 914 5185 ἡμέρας
937 5116 1171 5187 ἐκείνης,
1202 5118 1234 5190 ἢ
1262 5120 1362 5191 τῆς
1392 5121 1542 5193 ῶρας
1576 5099 1936 5200 οὐδε-ιςὀἷδεν,

346 5201 467 5256 οὐδὲ
492 5203 541 5256 oi
558 5204 801 5282 αγγελοι
824 5207 933 5262 τῶν
953 5209 1220 5280 οὐρανῶν,
1247 5215 1295 5266 εἰ
1328 5213 1403 5285 μὴ
1430 5215 1459 5266 6
1485 5216 1676 5289 Πατὴρ
1717 5221 1930 5299 μόνοςρ

346 5293 522 5384 ἄλλως
545 5296 579 5366 ἢ
610 5296 782 5361 οὕτως
807 5301 1047 5355 νοεῖσθαι
1080 5304 1643 5378 μεμυσταγώγηνται.
1668 5312 1738 5365 Ἢ
1766 5314 1828 5367 ού
1860 5293 1936 5384 μὴ

346 5383 523 5453 τοῦτο,
556 5388 640 5452 τίς
668 5391 749 5454 εἰς
786 5391 1045 5447 τοσοῦτον
1086 5395 1412 5467 ἐληλακέναι
1454 5399 1664 5470 τόλμης
1693 5383 1935 5475 φανήσεέ

346 5493 458 5541 ται,
510 5481 737 5550 ἄγνοιαν
784 5484 1081 5554 διαγνῶναι
1128 5487 1223 5541 τοῦ
1274 5491 1382 5563 πρὸ
1432 5492 1527 5546 τοῦ
1577 5496 1828 5561 γενέσθαι
1866 5498 1936 5552 τὰ

348 5570 508 5624 πάντ’
558 5574 795 5645 εἰδότος;
827 5578 948 5633 Ἔτι
999 5596 1056 5648 γε
1094 5580 1203 5653 μὴν
1244 5582 1344 5654 τῆς
1382 5584 1729 5656 αὐτοσοφίας,
1757 5590 1932 5659 Λόγου

286 5666 293 5671 ’
345 5676 406 5713 τε
444 5664 538 5720 τοῦ
580 5668 948 5726 ἐνυποστάτου
1007 5674 1264 5745 στέρησιν
1316 5676 1499 5746 λόγου,
1541 5681 1676 5734 Θεοῦ
1716 5682 1814 5754 τῆς
1843 5683 1935 5736 δυο

2041 4674 2252 4721 etcum
2285 4668 2436 4723 solus
2465 4667 2590 4722 fons
2640 4669 2881 4740 Spiritus
2941 4669 3105 4726 Pater
3143 4671 3485 4733 enuntiatur,
3524 4687 3644 4727 non

2045 4760 2160 4814 tolli
2194 4760 2328 4831 quin
2377 4770 2432 4817 et
2487 4761 2661 4817 Filius
2688 4763 2812 4818 fons
2865 4764 3109 4834 Spiritus
3139 4764 3231 4829 sit,
3268 4765 3417 4835 quod
3455 4780 3641 4834 neque

2047 4854 2180 4909 illud
2211 4873 2224 4909 :
2258 4875 2277 4908 ι
2313 4855 2390 4910 De
2412 4855 2504 4911 die
2529 4855 2618 4910 illa
2648 4866 2702 4911 et
2736 4857 2870 4911 hora
2900 4872 3068 4912 nemo
3100 4857 3271 4921 novit,
3312 4872 3493 4927 neque
3535 4873 3641 4911 alni-

2049 4947 2175 5017 geli,
2205 4947 2299 5018 qui
2330 4947 2388 5002 in
2446 4947 2588 5003 ccelo
2638 4956 2791 5013 sunt,
2832 4949 2938 5003 nisi
2985 4949 3151 5005 Pater
3171 4949 3323 5004 solus
3357 4951 3426 5029 "ﬂ,
3464 4967 3483 4999 ι
3531 4949 3641 5002 alio

2049 5038 2212 5093 modo
2251 5054 2414 5108 quam
2451 5039 2556 5095 isto
2609 5039 3029 5112 intelligendum
3074 5055 3198 5097 esse
3252 5042 3430 5096 edocti
3479 5051 3632 5095 sunt.

2047 5131 2205 5197 Quod
2235 5132 2280 5188 si
2303 5132 2355 5187 id
2384 5148 2494 5188 non
2530 5133 2719 5202 fuerit,
2753 5136 2883 5206 quis
2898 5136 2953 5190 in
2992 5145 3204 5190 tantum
3238 5135 3481 5190 audacia:
3511 5151 3639 5203 pro-

2046 5224 2303 5290 cesserit,
2334 5235 2397 5281 ut
2439 5236 2624 5282 notam
2674 5229 3000 5300 ignorantiae
3051 5228 3131 5283 illi
3160 5229 3251 5299 qui
3281 5239 3410 5284 ante
3469 5244 3639 5298 quam

2047 5317 2262 5382 tierent,
2304 5319 2490 5375 omnia
2520 5320 2706 5386 novit,
2745 5329 2801 5376 et
2846 5332 3109 5391 prasterea
3172 5321 3277 5393 ipsi
3323 5323 3632 5392 sapientia,

2044 5407 2341 5480 Verboque
2371 5427 2470 5482 per
2515 5395 3195 5471 se'subsistenti'rationis
3240 5415 3634 5484 privationem,

2045 5501 2288 5560 facultati
2328 5506 2726 5576 omnipotentis
2780 5507 2874 5562 Dei
2928 5507 3388 5573 imbecillitatem,
3437 5518 3492 5564 et
3529 5509 3636 5579 ipsi,

2048 5592 2183 5650 Vita:
2211 5597 2338 5652 vitae
2366 5598 2749 5668 indigentiam,
2777 5599 2926 5669 quod
2954 5600 3156 5657 similia
3187 5603 3257 5657 de
3290 5601 3474 5670 seipso
3519 5602 3629 5656 1)οο

2042 5687 2226 5746 minus
2253 5699 2465 5748 asserat
2486 5702 2693 5761 motus,
2711 5696 2997 5764 appingat,
3022 5710 3146 5751 cum
3172 5695 3260 5752 ille
3284 5695 3358 5752 ita
3373 5695 3594 5753 deﬁniat
3614 5710 3640 5752 ι

420 5847 467 5879 ’⁷
497 5847 701 5906 Ιειόιιι.
732 5870 790 5925 tt,
831 5855 912 5912 15.
995 5858 1038 5891 ³ο
1063 5855 1223 5915 Joan.
1253 5878 1384 5931 xm,
1415 5863 1468 5918 5.
1552 5866 1596 5897 ’τ
1633 5864 1825 5923 Matth.
1851 5881 2004 5937 nn,
2032 5870 2124 5929 56.
