  <div class='ocr_page' id='page_1' title='image "/cluster/home/n/w/nwhite01/storage/ocr_20150623/141/coo.31924054870468/690.png"; bbox 0 0 4072 6404; ppageno 0'>
   <div class='ocr_carea' id='block_1_1' title="bbox 344 439 481 504">
    <p class='ocr_par' dir='ltr' id='par_1_1' title="bbox 344 439 481 504">
     <span class='ocr_line' id='line_1_1' title="bbox 344 439 481 504; baseline -0.007 0"><span class='ocrx_word' id='word_1_1' title='bbox 344 439 481 504; x_wconf 73' lang='grc' dir='ltr'><strong>13Ἶ3</strong></span> 
     </span>
    </p>
   </div>
   <div class='ocr_carea' id='block_1_2' title="bbox 1333 430 2650 497">
    <p class='ocr_par' dir='ltr' id='par_1_2' title="bbox 1333 430 2650 497">
     <span class='ocr_line' id='line_1_2' title="bbox 1333 430 2650 497; baseline -0.005 0"><span class='ocrx_word' id='word_1_2' title='bbox 1333 436 1635 497; x_wconf 77' lang='lat' dir='ltr'><strong>CONTRA</strong></span> <span class='ocrx_word' id='word_1_3' title='bbox 1685 430 2127 493; x_wconf 83' lang='lat' dir='ltr'><strong>MANUELEM</strong></span> <span class='ocrx_word' id='word_1_4' title='bbox 2168 430 2650 493; x_wconf 69' lang='lat' dir='ltr'><strong>CRETENSEM.</strong></span> 
     </span>
    </p>
   </div>
   <div class='ocr_carea' id='block_1_3' title="bbox 3481 421 3620 484">
    <p class='ocr_par' dir='ltr' id='par_1_3' title="bbox 3481 421 3620 484">
     <span class='ocr_line' id='line_1_3' title="bbox 3481 421 3620 484; baseline -0.007 0"><span class='ocrx_word' id='word_1_5' title='bbox 3481 421 3620 484; x_wconf 61' lang='lat'><strong>137$</strong></span> 
     </span>
    </p>
   </div>
   <div class='ocr_carea' id='block_1_4' title="bbox 342 539 1931 623">
    <p class='ocr_par' dir='ltr' id='par_1_4' title="bbox 342 546 1927 623">
     <span class='ocr_line' id='line_1_4' title="bbox 342 546 1927 623; baseline -0.005 -18"><span class='ocrx_word' id='word_1_6' title='bbox 342 556 377 623; x_wconf 81' lang='grc' dir='ltr'>ἠ</span> <span class='ocrx_word' id='word_1_7' title='bbox 403 552 594 621; x_wconf 80' lang='grc' dir='ltr'><strong>μόνος</strong></span> <span class='ocrx_word' id='word_1_8' title='bbox 627 548 911 619; x_wconf 88' lang='grc' dir='ltr'>θεωρεῖται</span> <span class='ocrx_word' id='word_1_9' title='bbox 943 547 1116 619; x_wconf 81' lang='grc' dir='ltr'>φωνὴ,</span> <span class='ocrx_word' id='word_1_10' title='bbox 1145 547 1388 618; x_wconf 77' lang='grc' dir='ltr'>δηλονότι</span> <span class='ocrx_word' id='word_1_11' title='bbox 1422 548 1531 601; x_wconf 90' lang='grc' dir='ltr'><strong>τῶν</strong></span> <span class='ocrx_word' id='word_1_12' title='bbox 1555 548 1657 618; x_wconf 82' lang='grc' dir='ltr'><strong>τῆς</strong></span> <span class='ocrx_word' id='word_1_13' title='bbox 1700 546 1927 614; x_wconf 81' lang='grc' dir='ltr'>κτιστῆς</span> 
     </span>
    </p>
   </div>
   <div class='ocr_carea' id='block_1_5' title="bbox 2038 539 3618 623">
    <p class='ocr_par' dir='ltr' id='par_1_5' title="bbox 2038 539 3618 617">
     <span class='ocr_line' id='line_1_5' title="bbox 2038 539 3618 617; baseline -0.003 -20"><span class='ocrx_word' id='word_1_14' title='bbox 2038 543 2101 598; x_wconf 85' lang='lat' dir='ltr'><strong>ad</strong></span> <span class='ocrx_word' id='word_1_15' title='bbox 2136 543 2566 617; x_wconf 64' lang='lat' dir='ltr'><strong>discernendum</strong></span> <span class='ocrx_word' id='word_1_16' title='bbox 2597 539 2828 605; x_wconf 81' lang='lat' dir='ltr'><strong>assumi,</strong></span> <span class='ocrx_word' id='word_1_17' title='bbox 2856 554 2919 595; x_wconf 87' lang='lat' dir='ltr'><strong>ea</strong></span> <span class='ocrx_word' id='word_1_18' title='bbox 2942 553 3141 609; x_wconf 86' lang='lat' dir='ltr'><strong>nempe</strong></span> <span class='ocrx_word' id='word_1_19' title='bbox 3162 553 3284 607; x_wconf 72' lang='lat' dir='ltr'><strong>quae</strong></span> <span class='ocrx_word' id='word_1_20' title='bbox 3316 548 3495 592; x_wconf 86' lang='lat' dir='ltr'><strong>creata</strong></span> <span class='ocrx_word' id='word_1_21' title='bbox 3527 555 3618 593; x_wconf 89' lang='lat' dir='ltr'><strong>es-</strong></span> 
     </span>
    </p>
   </div>
   <div class='ocr_carea' id='block_1_6' title="bbox 341 638 1926 714">
    <p class='ocr_par' dir='ltr' id='par_1_6' title="bbox 341 638 1926 714">
     <span class='ocr_line' id='line_1_6' title="bbox 341 638 1926 714; baseline -0.004 -16"><span class='ocrx_word' id='word_1_22' title='bbox 341 646 535 709; x_wconf 72' lang='grc' dir='ltr'>οῦσίας</span> <span class='ocrx_word' id='word_1_23' title='bbox 581 642 694 698; x_wconf 88' lang='grc' dir='ltr'><strong>τῶν</strong></span> <span class='ocrx_word' id='word_1_24' title='bbox 734 641 1021 714; x_wconf 87' lang='grc' dir='ltr'>προσεχῶς</span> <span class='ocrx_word' id='word_1_25' title='bbox 1065 643 1185 712; x_wconf 77' lang='grc' dir='ltr'>ἦτοι</span> <span class='ocrx_word' id='word_1_26' title='bbox 1228 642 1652 711; x_wconf 80' lang='grc' dir='ltr'><strong>διειλημμένων,</strong></span> <span class='ocrx_word' id='word_1_27' title='bbox 1690 638 1926 693; x_wconf 72' lang='grc' dir='ltr'>καὶτῶν</span> 
     </span>
    </p>
   </div>
   <div class='ocr_carea' id='block_1_7' title="bbox 341 732 1928 808">
    <p class='ocr_par' dir='ltr' id='par_1_7' title="bbox 341 732 1928 808">
     <span class='ocr_line' id='line_1_7' title="bbox 341 732 1928 808; baseline -0.005 -17"><span class='ocrx_word' id='word_1_28' title='bbox 341 739 632 808; x_wconf 78' lang='grc' dir='ltr'><strong>ἐγγυτάτω</strong></span> <span class='ocrx_word' id='word_1_29' title='bbox 674 736 843 790; x_wconf 85' lang='grc' dir='ltr'>τῶνδε</span> <span class='ocrx_word' id='word_1_30' title='bbox 875 736 1255 807; x_wconf 75' lang='grc' dir='ltr'><strong>σημειοφόρων</strong></span> <span class='ocrx_word' id='word_1_31' title='bbox 1285 736 1509 805; x_wconf 78' lang='grc' dir='ltr'>ἐτέρων.</span> <span class='ocrx_word' id='word_1_32' title='bbox 1544 734 1666 787; x_wconf 86' lang='grc' dir='ltr'><strong>Ἔτι</strong></span> <span class='ocrx_word' id='word_1_33' title='bbox 1693 751 1751 786; x_wconf 85' lang='grc' dir='ltr'>τε</span> <span class='ocrx_word' id='word_1_34' title='bbox 1789 732 1928 800; x_wconf 82' lang='grc' dir='ltr'>πρὸς</span> 
     </span>
    </p>
   </div>
   <div class='ocr_carea' id='block_1_8' title="bbox 343 828 1930 903">
    <p class='ocr_par' dir='ltr' id='par_1_8' title="bbox 343 828 1930 903">
     <span class='ocr_line' id='line_1_8' title="bbox 343 828 1930 903; baseline -0.006 -15"><span class='ocrx_word' id='word_1_35' title='bbox 343 834 635 903; x_wconf 76' lang='grc' dir='ltr'>ἀφαίρεσιν</span> <span class='ocrx_word' id='word_1_36' title='bbox 665 832 761 887; x_wconf 70' lang='grc' dir='ltr'><strong>καὶ</strong></span> <span class='ocrx_word' id='word_1_37' title='bbox 787 832 1071 902; x_wconf 82' lang='grc' dir='ltr'>ἀναίρεσιν</span> <span class='ocrx_word' id='word_1_38' title='bbox 1104 832 1212 884; x_wconf 90' lang='grc' dir='ltr'><strong>τῶν</strong></span> <span class='ocrx_word' id='word_1_39' title='bbox 1246 832 1341 898; x_wconf 77' lang='grc' dir='ltr'><strong>τῆς</strong></span> <span class='ocrx_word' id='word_1_40' title='bbox 1378 829 1707 901; x_wconf 86' lang='grc' dir='ltr'>ὑπερουσίου</span> <span class='ocrx_word' id='word_1_41' title='bbox 1741 828 1930 898; x_wconf 78' lang='grc' dir='ltr'>θεότη-</span> 
     </span>
    </p>
   </div>
   <div class='ocr_carea' id='block_1_9' title="bbox 342 922 1925 994">
    <p class='ocr_par' dir='ltr' id='par_1_9' title="bbox 342 922 1925 994">
     <span class='ocr_line' id='line_1_9' title="bbox 342 922 1925 994; baseline -0.004 -15"><span class='ocrx_word' id='word_1_42' title='bbox 342 944 434 989; x_wconf 84' lang='grc' dir='ltr'><strong>τος</strong></span> <span class='ocrx_word' id='word_1_43' title='bbox 479 925 823 994; x_wconf 81' lang='grc' dir='ltr'>ἀπωσμένων</span> <span class='ocrx_word' id='word_1_44' title='bbox 878 925 973 979; x_wconf 77' lang='grc' dir='ltr'>καὶ</span> <span class='ocrx_word' id='word_1_45' title='bbox 1016 925 1482 993; x_wconf 77' lang='grc' dir='ltr'>ἁπεσχοινιμένων</span> <span class='ocrx_word' id='word_1_46' title='bbox 1535 922 1925 984; x_wconf 69' lang='grc' dir='ltr'>παντάπασιν,</span> 
     </span>
    </p>
   </div>
   <div class='ocr_carea' id='block_1_10' title="bbox 343 1014 1927 1087">
    <p class='ocr_par' dir='ltr' id='par_1_10' title="bbox 343 1014 1927 1087">
     <span class='ocr_line' id='line_1_10' title="bbox 343 1014 1927 1087; baseline -0.004 -16"><span class='ocrx_word' id='word_1_47' title='bbox 343 1018 489 1071; x_wconf 83' lang='grc' dir='ltr'>καθά</span> <span class='ocrx_word' id='word_1_48' title='bbox 524 1018 855 1087; x_wconf 86' lang='grc' dir='ltr'>πάριστησιν</span> <span class='ocrx_word' id='word_1_49' title='bbox 885 1023 911 1071; x_wconf 64' lang='grc' dir='ltr'>ὁ</span> <span class='ocrx_word' id='word_1_50' title='bbox 936 1017 1251 1085; x_wconf 80' lang='grc' dir='ltr'>ὲπιστήθιος</span> <span class='ocrx_word' id='word_1_51' title='bbox 1276 1016 1708 1084; x_wconf 82' lang='grc' dir='ltr'>Εὑαγγελιστής.</span> <span class='ocrx_word' id='word_1_52' title='bbox 1742 1014 1927 1066; x_wconf 80' lang='grc' dir='ltr'>Εἰπὼν</span> 
     </span>
    </p>
   </div>
   <div class='ocr_carea' id='block_1_11' title="bbox 345 1103 1928 1179">
    <p class='ocr_par' dir='ltr' id='par_1_11' title="bbox 345 1103 1928 1179">
     <span class='ocr_line' id='line_1_11' title="bbox 345 1103 1928 1179; baseline -0.002 -19"><span class='ocrx_word' id='word_1_53' title='bbox 345 1109 455 1179; x_wconf 76' lang='grc' dir='ltr'><strong>γὰρ</strong></span> <span class='ocrx_word' id='word_1_54' title='bbox 489 1112 554 1161; x_wconf 83' lang='grc' dir='ltr'>ὲκ</span> <span class='ocrx_word' id='word_1_55' title='bbox 586 1110 879 1179; x_wconf 77' lang='grc' dir='ltr'><strong>προσώπου</strong></span> <span class='ocrx_word' id='word_1_56' title='bbox 906 1108 999 1160; x_wconf 89' lang='grc' dir='ltr'><strong>τοῦ</strong></span> <span class='ocrx_word' id='word_1_57' title='bbox 1044 1106 1398 1174; x_wconf 83' lang='grc' dir='ltr'>θεανθρώπου</span> <span class='ocrx_word' id='word_1_58' title='bbox 1446 1106 1623 1173; x_wconf 78' lang='grc' dir='ltr'>Λόγου</span> <span class='ocrx_word' id='word_1_59' title='bbox 1671 1105 1806 1175; x_wconf 81' lang='grc' dir='ltr'>πρὸς</span> <span class='ocrx_word' id='word_1_60' title='bbox 1836 1103 1928 1157; x_wconf 76' lang='grc' dir='ltr'>τὸν</span> 
     </span>
    </p>
   </div>
   <div class='ocr_carea' id='block_1_12' title="bbox 347 1194 1931 1267">
    <p class='ocr_par' dir='ltr' id='par_1_12' title="bbox 347 1194 1931 1267">
     <span class='ocr_line' id='line_1_12' title="bbox 347 1194 1931 1267; baseline -0.003 -16"><span class='ocrx_word' id='word_1_61' title='bbox 347 1197 478 1252; x_wconf 82' lang='grc' dir='ltr'>ἰδιον</span> <span class='ocrx_word' id='word_1_62' title='bbox 510 1199 809 1267; x_wconf 74' lang='grc' dir='ltr'>γεννήτορά</span> <span class='ocrx_word' id='word_1_63' title='bbox 835 1198 894 1251; x_wconf 79' lang='grc' dir='ltr'>ἐν</span> <span class='ocrx_word' id='word_1_64' title='bbox 926 1197 1102 1266; x_wconf 70' lang='grc' dir='ltr'>οἰκείᾳ</span> <span class='ocrx_word' id='word_1_65' title='bbox 1138 1199 1430 1267; x_wconf 80' lang='grc' dir='ltr'><strong>συγγραφῇ</strong></span> <span class='ocrx_word' id='word_1_66' title='bbox 1462 1199 1526 1266; x_wconf 83' lang='grc' dir='ltr'>τῇ</span> <span class='ocrx_word' id='word_1_67' title='bbox 1555 1195 1650 1248; x_wconf 88' lang='grc' dir='ltr'><strong>τοῦ</strong></span> <span class='ocrx_word' id='word_1_68' title='bbox 1683 1194 1931 1263; x_wconf 78' lang='grc' dir='ltr'>Εὐαγγε-</span> 
     </span>
    </p>
   </div>
   <div class='ocr_carea' id='block_1_13' title="bbox 345 1288 1928 1359">
    <p class='ocr_par' dir='ltr' id='par_1_13' title="bbox 345 1288 1928 1359">
     <span class='ocr_line' id='line_1_13' title="bbox 345 1288 1928 1359; baseline -0.001 -18"><span class='ocrx_word' id='word_1_69' title='bbox 345 1290 493 1342; x_wconf 77' lang='grc' dir='ltr'>λίουο</span> <span class='ocrx_word' id='word_1_70' title='bbox 537 1309 555 1340; x_wconf 83' lang='grc' dir='ltr'><strong>ι</strong></span> <span class='ocrx_word' id='word_1_71' title='bbox 579 1289 727 1358; x_wconf 78' lang='grc' dir='ltr'>Αὕτη</span> <span class='ocrx_word' id='word_1_72' title='bbox 760 1291 907 1342; x_wconf 78' lang='grc' dir='ltr'>ἐστὶν</span> <span class='ocrx_word' id='word_1_73' title='bbox 938 1294 970 1357; x_wconf 81' lang='grc' dir='ltr'>ή</span> <span class='ocrx_word' id='word_1_74' title='bbox 1004 1289 1223 1352; x_wconf 78' lang='grc' dir='ltr'>αἰώνιος</span> <span class='ocrx_word' id='word_1_75' title='bbox 1254 1289 1387 1359; x_wconf 77' lang='grc' dir='ltr'>ζωὴ,</span> <span class='ocrx_word' id='word_1_76' title='bbox 1418 1289 1505 1341; x_wconf 79' lang='grc' dir='ltr'>ἵνα</span> <span class='ocrx_word' id='word_1_77' title='bbox 1534 1288 1841 1352; x_wconf 84' lang='grc' dir='ltr'>γινώσκωσι</span> <span class='ocrx_word' id='word_1_78' title='bbox 1869 1289 1928 1339; x_wconf 71' lang='grc' dir='ltr'>σὲ</span> 
     </span>
    </p>
   </div>
   <div class='ocr_carea' id='block_1_14' title="bbox 344 1379 1930 1450">
    <p class='ocr_par' dir='ltr' id='par_1_14' title="bbox 344 1379 1930 1450">
     <span class='ocr_line' id='line_1_14' title="bbox 344 1379 1930 1450; baseline -0.001 -17"><span class='ocrx_word' id='word_1_79' title='bbox 344 1382 438 1433; x_wconf 75' lang='grc' dir='ltr'>τὸν</span> <span class='ocrx_word' id='word_1_80' title='bbox 482 1381 641 1450; x_wconf 85' lang='grc' dir='ltr'>μόνον</span> <span class='ocrx_word' id='word_1_81' title='bbox 673 1381 927 1450; x_wconf 72' lang='grc' dir='ltr'>ἀληθινὸν</span> <span class='ocrx_word' id='word_1_82' title='bbox 971 1381 1123 1441; x_wconf 83' lang='grc' dir='ltr'>Θεὸν,</span> <span class='ocrx_word' id='word_1_83' title='bbox 1160 1400 1179 1432; x_wconf 78' lang='grc' dir='ltr'><strong>ι</strong></span> <span class='ocrx_word' id='word_1_84' title='bbox 1210 1384 1267 1433; x_wconf 86' lang='grc' dir='ltr'><strong>έν</strong></span> <span class='ocrx_word' id='word_1_85' title='bbox 1299 1381 1378 1447; x_wconf 77' lang='grc' dir='ltr'>τῷ</span> <span class='ocrx_word' id='word_1_86' title='bbox 1404 1379 1547 1432; x_wconf 79' lang='grc' dir='ltr'>τέλει</span> <span class='ocrx_word' id='word_1_87' title='bbox 1579 1382 1678 1448; x_wconf 81' lang='grc' dir='ltr'><strong>τῆς</strong></span> <span class='ocrx_word' id='word_1_88' title='bbox 1708 1379 1930 1431; x_wconf 87' lang='grc' dir='ltr'>καθολι-</span> 
     </span>
    </p>
   </div>
   <div class='ocr_carea' id='block_1_15' title="bbox 346 1468 1928 1540">
    <p class='ocr_par' dir='ltr' id='par_1_15' title="bbox 346 1468 1928 1540">
     <span class='ocr_line' id='line_1_15' title="bbox 346 1468 1928 1540; baseline -0.001 -19"><span class='ocrx_word' id='word_1_89' title='bbox 346 1469 448 1537; x_wconf 82' lang='grc' dir='ltr'>κῆς</span> <span class='ocrx_word' id='word_1_90' title='bbox 472 1470 637 1521; x_wconf 79' lang='grc' dir='ltr'>αὑτοῦ</span> <span class='ocrx_word' id='word_1_91' title='bbox 671 1471 895 1540; x_wconf 80' lang='grc' dir='ltr'><strong>πρώτης</strong></span> <span class='ocrx_word' id='word_1_92' title='bbox 932 1469 1252 1540; x_wconf 78' lang='grc' dir='ltr'><strong>Ἐπιστολῆς</strong></span> <span class='ocrx_word' id='word_1_93' title='bbox 1278 1470 1420 1523; x_wconf 66' lang='grc' dir='ltr'>οὕτω</span> <span class='ocrx_word' id='word_1_94' title='bbox 1445 1470 1699 1534; x_wconf 76' lang='grc' dir='ltr'>διέξεισιν</span> <span class='ocrx_word' id='word_1_95' title='bbox 1721 1485 1735 1499; x_wconf 92' lang='grc'>·</span> <span class='ocrx_word' id='word_1_96' title='bbox 1777 1488 1795 1520; x_wconf 80' lang='grc' dir='ltr'><strong>ι</strong></span> <span class='ocrx_word' id='word_1_97' title='bbox 1834 1468 1928 1521; x_wconf 82' lang='grc' dir='ltr'>υί-</span> 
     </span>
    </p>
   </div>
   <div class='ocr_carea' id='block_1_16' title="bbox 344 1560 1929 1631">
    <p class='ocr_par' dir='ltr' id='par_1_16' title="bbox 344 1560 1929 1631">
     <span class='ocr_line' id='line_1_16' title="bbox 344 1560 1929 1631; baseline 0 -18"><span class='ocrx_word' id='word_1_98' title='bbox 344 1562 516 1629; x_wconf 79' lang='grc' dir='ltr'>δαμεν</span> <span class='ocrx_word' id='word_1_99' title='bbox 566 1563 649 1615; x_wconf 83' lang='grc' dir='ltr'><strong>ὅτι</strong></span> <span class='ocrx_word' id='word_1_100' title='bbox 698 1565 726 1615; x_wconf 88' lang='grc' dir='ltr'>ὁ</span> <span class='ocrx_word' id='word_1_101' title='bbox 756 1562 883 1625; x_wconf 79' lang='grc' dir='ltr'><strong>Υἱὸς</strong></span> <span class='ocrx_word' id='word_1_102' title='bbox 912 1560 1008 1615; x_wconf 85' lang='grc' dir='ltr'><strong>τοῦ</strong></span> <span class='ocrx_word' id='word_1_103' title='bbox 1057 1561 1193 1614; x_wconf 87' lang='grc' dir='ltr'>Θεοῦ</span> <span class='ocrx_word' id='word_1_104' title='bbox 1236 1563 1385 1631; x_wconf 80' lang='grc' dir='ltr'>ἦκει,</span> <span class='ocrx_word' id='word_1_105' title='bbox 1412 1564 1506 1616; x_wconf 75' lang='grc' dir='ltr'>καὶ</span> <span class='ocrx_word' id='word_1_106' title='bbox 1546 1561 1745 1613; x_wconf 80' lang='grc' dir='ltr'>ἔδωκεν</span> <span class='ocrx_word' id='word_1_107' title='bbox 1795 1561 1929 1630; x_wconf 78' lang='grc' dir='ltr'>ἡμῖν</span> 
     </span>
    </p>
   </div>
   <div class='ocr_carea' id='block_1_17' title="bbox 345 1650 1929 1721">
    <p class='ocr_par' dir='ltr' id='par_1_17' title="bbox 345 1650 1929 1721">
     <span class='ocr_line' id='line_1_17' title="bbox 345 1650 1929 1721; baseline -0.001 -16"><span class='ocrx_word' id='word_1_108' title='bbox 345 1653 609 1715; x_wconf 86' lang='grc' dir='ltr'>διάνοιαν,</span> <span class='ocrx_word' id='word_1_109' title='bbox 664 1652 752 1707; x_wconf 74' lang='grc' dir='ltr'><strong>ἴνα</strong></span> <span class='ocrx_word' id='word_1_110' title='bbox 790 1654 1153 1721; x_wconf 79' lang='grc' dir='ltr'>γινώσκωμεν</span> <span class='ocrx_word' id='word_1_111' title='bbox 1194 1654 1284 1707; x_wconf 82' lang='grc' dir='ltr'><strong>τὸν</strong></span> <span class='ocrx_word' id='word_1_112' title='bbox 1332 1654 1467 1705; x_wconf 62' lang='grc' dir='ltr'>Θεὸν</span> <span class='ocrx_word' id='word_1_113' title='bbox 1512 1652 1604 1705; x_wconf 64' lang='grc' dir='ltr'><strong>τὸν</strong></span> <span class='ocrx_word' id='word_1_114' title='bbox 1652 1650 1929 1721; x_wconf 77' lang='grc' dir='ltr'>ἀληθινὸν,</span> 
     </span>
    </p>
   </div>
   <div class='ocr_carea' id='block_1_18' title="bbox 346 1738 1929 1817">
    <p class='ocr_par' dir='ltr' id='par_1_18' title="bbox 346 1738 1929 1817">
     <span class='ocr_line' id='line_1_18' title="bbox 346 1738 1929 1817; baseline 0 -20"><span class='ocrx_word' id='word_1_115' title='bbox 346 1746 443 1798; x_wconf 82' lang='grc' dir='ltr'><strong>καί</strong></span> <span class='ocrx_word' id='word_1_116' title='bbox 488 1748 658 1816; x_wconf 81' lang='grc' dir='ltr'>ἐσμεν</span> <span class='ocrx_word' id='word_1_117' title='bbox 693 1749 750 1799; x_wconf 83' lang='grc' dir='ltr'>ὲν</span> <span class='ocrx_word' id='word_1_118' title='bbox 779 1747 857 1815; x_wconf 80' lang='grc' dir='ltr'>τῷ</span> <span class='ocrx_word' id='word_1_119' title='bbox 895 1746 1137 1817; x_wconf 80' lang='grc' dir='ltr'>ἀληθινῷ</span> <span class='ocrx_word' id='word_1_120' title='bbox 1170 1749 1226 1798; x_wconf 82' lang='grc' dir='ltr'>ὲν</span> <span class='ocrx_word' id='word_1_121' title='bbox 1252 1747 1331 1817; x_wconf 85' lang='grc' dir='ltr'><strong>τῷ</strong></span> <span class='ocrx_word' id='word_1_122' title='bbox 1370 1745 1483 1815; x_wconf 79' lang='grc' dir='ltr'><strong>Υἱῷ</strong></span> <span class='ocrx_word' id='word_1_123' title='bbox 1529 1745 1716 1798; x_wconf 72' lang='grc' dir='ltr'>αὐτοῦ.</span> <span class='ocrx_word' id='word_1_124' title='bbox 1755 1738 1929 1807; x_wconf 77' lang='grc' dir='ltr'>Οὗτός</span> 
     </span>
    </p>
   </div>
   <div class='ocr_carea' id='block_1_19' title="bbox 344 1832 1930 1912">
    <p class='ocr_par' dir='ltr' id='par_1_19' title="bbox 344 1832 1930 1912">
     <span class='ocr_line' id='line_1_19' title="bbox 344 1832 1930 1912; baseline -0.001 -22"><span class='ocrx_word' id='word_1_125' title='bbox 344 1840 545 1912; x_wconf 75' lang='grc' dir='ltr'>ὲστινῤ</span> <span class='ocrx_word' id='word_1_126' title='bbox 575 1839 829 1908; x_wconf 81' lang='grc' dir='ltr'>ἀληθινὸς</span> <span class='ocrx_word' id='word_1_127' title='bbox 854 1839 1008 1903; x_wconf 76' lang='grc' dir='ltr'>Θεὸς,</span> <span class='ocrx_word' id='word_1_128' title='bbox 1034 1843 1128 1894; x_wconf 77' lang='grc' dir='ltr'>καὶ</span> <span class='ocrx_word' id='word_1_129' title='bbox 1153 1839 1265 1908; x_wconf 78' lang='grc' dir='ltr'><strong>ζωὴ</strong></span> <span class='ocrx_word' id='word_1_130' title='bbox 1308 1841 1343 1908; x_wconf 79' lang='grc' dir='ltr'>ἡ</span> <span class='ocrx_word' id='word_1_131' title='bbox 1375 1838 1612 1900; x_wconf 75' lang='grc' dir='ltr'>αἰώνιος.</span> <span class='ocrx_word' id='word_1_132' title='bbox 1649 1859 1665 1889; x_wconf 78' lang='grc' dir='ltr'><strong>ι</strong></span> <span class='ocrx_word' id='word_1_133' title='bbox 1713 1839 1799 1901; x_wconf 83' lang='grc' dir='ltr'>Ὠς</span> <span class='ocrx_word' id='word_1_134' title='bbox 1834 1832 1930 1890; x_wconf 78' lang='grc' dir='ltr'>οὖν</span> 
     </span>
    </p>
   </div>
   <div class='ocr_carea' id='block_1_20' title="bbox 346 1927 1926 1999">
    <p class='ocr_par' dir='ltr' id='par_1_20' title="bbox 346 1927 1926 1999">
     <span class='ocr_line' id='line_1_20' title="bbox 346 1927 1926 1999; baseline 0 -20"><span class='ocrx_word' id='word_1_135' title='bbox 346 1930 464 1980; x_wconf 76' lang='grc' dir='ltr'>ἐκεῖ</span> <span class='ocrx_word' id='word_1_136' title='bbox 514 1928 833 1998; x_wconf 81' lang='grc' dir='ltr'>συνάρθρως</span> <span class='ocrx_word' id='word_1_137' title='bbox 883 1930 1137 1999; x_wconf 80' lang='grc' dir='ltr'>ἀληθινὸς</span> <span class='ocrx_word' id='word_1_138' title='bbox 1188 1933 1374 1992; x_wconf 76' lang='grc' dir='ltr'>Θεὸςὸ</span> <span class='ocrx_word' id='word_1_139' title='bbox 1422 1930 1611 1998; x_wconf 76' lang='grc' dir='ltr'>Πατὴρ</span> <span class='ocrx_word' id='word_1_140' title='bbox 1648 1928 1786 1999; x_wconf 80' lang='grc' dir='ltr'>μετὰ</span> <span class='ocrx_word' id='word_1_141' title='bbox 1832 1927 1926 1981; x_wconf 91' lang='grc' dir='ltr'><strong>τοῦ</strong></span> 
     </span>
    </p>
   </div>
   <div class='ocr_carea' id='block_1_21' title="bbox 344 2016 1926 2090">
    <p class='ocr_par' dir='ltr' id='par_1_21' title="bbox 344 2016 1926 2090">
     <span class='ocr_line' id='line_1_21' title="bbox 344 2016 1926 2090; baseline -0.001 -21"><span class='ocrx_word' id='word_1_142' title='bbox 344 2019 551 2085; x_wconf 81' lang='grc' dir='ltr'><strong>μόνος,</strong></span> <span class='ocrx_word' id='word_1_143' title='bbox 592 2017 765 2082; x_wconf 78' lang='grc' dir='ltr'>οὕτως</span> <span class='ocrx_word' id='word_1_144' title='bbox 800 2018 1032 2072; x_wconf 76' lang='grc' dir='ltr'>ἐνταῦθα</span> <span class='ocrx_word' id='word_1_145' title='bbox 1078 2019 1399 2090; x_wconf 86' lang='grc' dir='ltr'>συνάρθρως</span> <span class='ocrx_word' id='word_1_146' title='bbox 1452 2018 1706 2086; x_wconf 76' lang='grc' dir='ltr'>ἀληθινὸς</span> <span class='ocrx_word' id='word_1_147' title='bbox 1740 2016 1870 2079; x_wconf 77' lang='grc' dir='ltr'><strong>Θεὸς</strong></span> <span class='ocrx_word' id='word_1_148' title='bbox 1898 2018 1926 2068; x_wconf 86' lang='grc' dir='ltr'>ὁ</span> 
     </span>
    </p>
   </div>
   <div class='ocr_carea' id='block_1_22' title="bbox 343 2102 1927 2178">
    <p class='ocr_par' dir='ltr' id='par_1_22' title="bbox 343 2102 1927 2178">
     <span class='ocr_line' id='line_1_22' title="bbox 343 2102 1927 2178; baseline 0.001 -20"><span class='ocrx_word' id='word_1_149' title='bbox 343 2105 472 2168; x_wconf 72' lang='grc' dir='ltr'><strong>Υἱὸς</strong></span> <span class='ocrx_word' id='word_1_150' title='bbox 510 2107 648 2176; x_wconf 78' lang='grc' dir='ltr'>μετὰ</span> <span class='ocrx_word' id='word_1_151' title='bbox 680 2107 772 2159; x_wconf 90' lang='grc' dir='ltr'><strong>τοῦ</strong></span> <span class='ocrx_word' id='word_1_152' title='bbox 808 2102 988 2174; x_wconf 83' lang='grc' dir='ltr'>οὗτος</span> <span class='ocrx_word' id='word_1_153' title='bbox 1023 2109 1144 2161; x_wconf 82' lang='grc' dir='ltr'>κατ’</span> <span class='ocrx_word' id='word_1_154' title='bbox 1175 2109 1403 2178; x_wconf 77' lang='grc' dir='ltr'><strong>ἐξοχήνο</strong></span> <span class='ocrx_word' id='word_1_155' title='bbox 1435 2107 1510 2170; x_wconf 86' lang='grc' dir='ltr'>ὡς</span> <span class='ocrx_word' id='word_1_156' title='bbox 1550 2108 1667 2160; x_wconf 79' lang='grc' dir='ltr'>ἐκεῖ</span> <span class='ocrx_word' id='word_1_157' title='bbox 1688 2106 1732 2159; x_wconf 83' lang='grc' dir='ltr'>δ’</span> <span class='ocrx_word' id='word_1_158' title='bbox 1772 2102 1927 2169; x_wconf 78' lang='grc' dir='ltr'>αὖθις</span> 
     </span>
    </p>
   </div>
   <div class='ocr_carea' id='block_1_23' title="bbox 348 2196 1927 2270">
    <p class='ocr_par' dir='ltr' id='par_1_23' title="bbox 348 2196 1927 2270">
     <span class='ocr_line' id='line_1_23' title="bbox 348 2196 1927 2270; baseline 0.002 -21"><span class='ocrx_word' id='word_1_159' title='bbox 348 2198 382 2266; x_wconf 80' lang='grc' dir='ltr'><strong>ἡ</strong></span> <span class='ocrx_word' id='word_1_160' title='bbox 415 2196 632 2261; x_wconf 81' lang='grc' dir='ltr'>αἰώνιος</span> <span class='ocrx_word' id='word_1_161' title='bbox 657 2197 769 2268; x_wconf 80' lang='grc' dir='ltr'><strong>ζωὴ</strong></span> <span class='ocrx_word' id='word_1_162' title='bbox 797 2199 1136 2270; x_wconf 84' lang='grc' dir='ltr'>συνάρθρως,</span> <span class='ocrx_word' id='word_1_163' title='bbox 1160 2200 1334 2263; x_wconf 76' lang='grc' dir='ltr'>οὕτως</span> <span class='ocrx_word' id='word_1_164' title='bbox 1355 2199 1586 2252; x_wconf 86' lang='grc' dir='ltr'>ἐνταῦθα</span> <span class='ocrx_word' id='word_1_165' title='bbox 1610 2198 1927 2269; x_wconf 80' lang='grc' dir='ltr'>συνάρθρως</span> 
     </span>
    </p>
   </div>
   <div class='ocr_carea' id='block_1_24' title="bbox 346 2287 1926 2360">
    <p class='ocr_par' dir='ltr' id='par_1_24' title="bbox 346 2287 1926 2360">
     <span class='ocr_line' id='line_1_24' title="bbox 346 2287 1926 2360; baseline 0.001 -19"><span class='ocrx_word' id='word_1_166' title='bbox 346 2287 486 2357; x_wconf 77' lang='grc' dir='ltr'>αὕτη</span> <span class='ocrx_word' id='word_1_167' title='bbox 517 2289 814 2354; x_wconf 82' lang='grc' dir='ltr'>αὺτολεξεί.</span> <span class='ocrx_word' id='word_1_168' title='bbox 852 2291 1083 2343; x_wconf 86' lang='grc' dir='ltr'>Ἔπειτα</span> <span class='ocrx_word' id='word_1_169' title='bbox 1110 2291 1471 2360; x_wconf 85' lang='grc' dir='ltr'>συνημμένως</span> <span class='ocrx_word' id='word_1_170' title='bbox 1502 2291 1697 2358; x_wconf 78' lang='grc' dir='ltr'>ἐπάγει</span> <span class='ocrx_word' id='word_1_171' title='bbox 1723 2307 1737 2321; x_wconf 88' lang='grc'><strong>·</strong></span> <span class='ocrx_word' id='word_1_172' title='bbox 1776 2310 1794 2342; x_wconf 75' lang='grc' dir='ltr'><strong>ι</strong></span> <span class='ocrx_word' id='word_1_173' title='bbox 1824 2291 1926 2343; x_wconf 85' lang='grc' dir='ltr'>Τε-</span> 
     </span>
    </p>
   </div>
   <div class='ocr_carea' id='block_1_25' title="bbox 346 2379 1926 2452">
    <p class='ocr_par' dir='ltr' id='par_1_25' title="bbox 346 2379 1926 2452">
     <span class='ocr_line' id='line_1_25' title="bbox 346 2379 1926 2452; baseline 0.002 -21"><span class='ocrx_word' id='word_1_174' title='bbox 346 2379 492 2445; x_wconf 87' lang='grc' dir='ltr'>κνία,</span> <span class='ocrx_word' id='word_1_175' title='bbox 529 2380 827 2447; x_wconf 82' lang='grc' dir='ltr'><strong>φυλάττετε</strong></span> <span class='ocrx_word' id='word_1_176' title='bbox 852 2382 1076 2446; x_wconf 77' lang='grc' dir='ltr'>ἑαυτοὺς</span> <span class='ocrx_word' id='word_1_177' title='bbox 1107 2382 1213 2435; x_wconf 77' lang='grc' dir='ltr'><strong>ἀπὸ</strong></span> <span class='ocrx_word' id='word_1_178' title='bbox 1243 2382 1353 2434; x_wconf 89' lang='grc' dir='ltr'><strong>τῶν</strong></span> <span class='ocrx_word' id='word_1_179' title='bbox 1380 2381 1637 2449; x_wconf 75' lang='grc' dir='ltr'>εἰδώλων,</span> <span class='ocrx_word' id='word_1_180' title='bbox 1681 2399 1701 2432; x_wconf 71' lang='grc' dir='ltr'>δ</span> <span class='ocrx_word' id='word_1_181' title='bbox 1735 2397 1926 2452; x_wconf 88' lang='grc' dir='ltr'>μονον-</span> 
     </span>
    </p>
   </div>
   <div class='ocr_carea' id='block_1_26' title="bbox 341 2468 1925 2545">
    <p class='ocr_par' dir='ltr' id='par_1_26' title="bbox 341 2468 1925 2545">
     <span class='ocr_line' id='line_1_26' title="bbox 341 2468 1925 2545; baseline 0.001 -22"><span class='ocrx_word' id='word_1_182' title='bbox 341 2474 464 2541; x_wconf 81' lang='grc' dir='ltr'>ουχὶ</span> <span class='ocrx_word' id='word_1_183' title='bbox 499 2472 725 2539; x_wconf 73' lang='grc' dir='ltr'>φάσκων</span> <span class='ocrx_word' id='word_1_184' title='bbox 764 2475 858 2526; x_wconf 74' lang='grc' dir='ltr'><strong>καὶ</strong></span> <span class='ocrx_word' id='word_1_185' title='bbox 890 2468 1415 2545; x_wconf 79' lang='grc' dir='ltr'><strong>διαμαρτυρόμενος.</strong></span> <span class='ocrx_word' id='word_1_186' title='bbox 1458 2473 1758 2526; x_wconf 84' lang='grc' dir='ltr'>Φυλάττετε</span> <span class='ocrx_word' id='word_1_187' title='bbox 1793 2475 1925 2525; x_wconf 78' lang='grc' dir='ltr'>ἐαυ-</span> 
     </span>
    </p>
   </div>
   <div class='ocr_carea' id='block_1_27' title="bbox 342 2558 1925 2636">
    <p class='ocr_par' dir='ltr' id='par_1_27' title="bbox 342 2558 1925 2636">
     <span class='ocr_line' id='line_1_27' title="bbox 342 2558 1925 2636; baseline 0.004 -22"><span class='ocrx_word' id='word_1_188' title='bbox 342 2565 468 2625; x_wconf 65' lang='grc' dir='ltr'>τοῦς</span> <span class='ocrx_word' id='word_1_189' title='bbox 495 2563 591 2615; x_wconf 87' lang='grc' dir='ltr'><strong>τοῦ</strong></span> <span class='ocrx_word' id='word_1_190' title='bbox 624 2563 943 2632; x_wconf 81' lang='grc' dir='ltr'>λογίσασθαί</span> <span class='ocrx_word' id='word_1_191' title='bbox 968 2584 1018 2617; x_wconf 91' lang='grc' dir='ltr'><strong>τι</strong></span> <span class='ocrx_word' id='word_1_192' title='bbox 1055 2569 1185 2636; x_wconf 79' lang='grc' dir='ltr'>περὶ</span> <span class='ocrx_word' id='word_1_193' title='bbox 1210 2565 1435 2630; x_wconf 80' lang='grc' dir='ltr'>τούτων,</span> <span class='ocrx_word' id='word_1_194' title='bbox 1465 2558 1543 2620; x_wconf 82' lang='grc' dir='ltr'>ὧν</span> <span class='ocrx_word' id='word_1_195' title='bbox 1573 2567 1622 2618; x_wconf 84' lang='grc' dir='ltr'>οἱ</span> <span class='ocrx_word' id='word_1_196' title='bbox 1662 2567 1760 2635; x_wconf 78' lang='grc' dir='ltr'>τῆς</span> <span class='ocrx_word' id='word_1_197' title='bbox 1788 2566 1925 2620; x_wconf 84' lang='grc' dir='ltr'>πλά-</span> 
     </span>
    </p>
   </div>
   <div class='ocr_carea' id='block_1_28' title="bbox 344 2654 1926 2726">
    <p class='ocr_par' dir='ltr' id='par_1_28' title="bbox 344 2654 1926 2726">
     <span class='ocr_line' id='line_1_28' title="bbox 344 2654 1926 2726; baseline 0.003 -21"><span class='ocrx_word' id='word_1_198' title='bbox 344 2672 441 2722; x_wconf 82' lang='grc' dir='ltr'><strong>νης</strong></span> <span class='ocrx_word' id='word_1_199' title='bbox 468 2654 790 2723; x_wconf 73' lang='grc' dir='ltr'>ψευδόμενοι</span> <span class='ocrx_word' id='word_1_200' title='bbox 842 2656 1190 2724; x_wconf 79' lang='grc' dir='ltr'>φθέγγονται.</span> <span class='ocrx_word' id='word_1_201' title='bbox 1239 2658 1297 2710; x_wconf 88' lang='lat'><strong>&#39;0</strong></span> <span class='ocrx_word' id='word_1_202' title='bbox 1342 2658 1439 2711; x_wconf 90' lang='grc' dir='ltr'><strong>τοῦ</strong></span> <span class='ocrx_word' id='word_1_203' title='bbox 1486 2656 1743 2726; x_wconf 80' lang='grc' dir='ltr'>ἀληθινοῦ</span> <span class='ocrx_word' id='word_1_204' title='bbox 1791 2656 1926 2709; x_wconf 72' lang='grc' dir='ltr'>Θεοῦ</span> 
     </span>
    </p>
   </div>
   <div class='ocr_carea' id='block_1_29' title="bbox 346 2741 1925 2820">
    <p class='ocr_par' dir='ltr' id='par_1_29' title="bbox 346 2741 1925 2820">
     <span class='ocr_line' id='line_1_29' title="bbox 346 2741 1925 2820; baseline 0.003 -22"><span class='ocrx_word' id='word_1_205' title='bbox 346 2745 495 2809; x_wconf 79' lang='grc' dir='ltr'>Υἱὸς,</span> <span class='ocrx_word' id='word_1_206' title='bbox 525 2746 552 2797; x_wconf 89' lang='grc' dir='ltr'>ὁ</span> <span class='ocrx_word' id='word_1_207' title='bbox 578 2747 830 2816; x_wconf 82' lang='grc' dir='ltr'>ἀληθινὸς</span> <span class='ocrx_word' id='word_1_208' title='bbox 858 2747 990 2811; x_wconf 78' lang='grc' dir='ltr'>Θεὸς</span> <span class='ocrx_word' id='word_1_209' title='bbox 1016 2751 1043 2802; x_wconf 88' lang='grc' dir='ltr'>ὁ</span> <span class='ocrx_word' id='word_1_210' title='bbox 1076 2750 1312 2820; x_wconf 84' lang='grc' dir='ltr'>Χριστός</span> <span class='ocrx_word' id='word_1_211' title='bbox 1354 2752 1526 2803; x_wconf 75' lang='grc' dir='ltr'>ἐστιν.</span> <span class='ocrx_word' id='word_1_212' title='bbox 1559 2741 1720 2802; x_wconf 76' lang='grc' dir='ltr'>Οὗτοι</span> <span class='ocrx_word' id='word_1_213' title='bbox 1756 2748 1925 2819; x_wconf 87' lang='grc' dir='ltr'>ψεύδη</span> 
     </span>
    </p>
   </div>
   <div class='ocr_carea' id='block_1_30' title="bbox 344 2838 1927 2910">
    <p class='ocr_par' dir='ltr' id='par_1_30' title="bbox 344 2838 1927 2910">
     <span class='ocr_line' id='line_1_30' title="bbox 344 2838 1927 2910; baseline 0.002 -20"><span class='ocrx_word' id='word_1_214' title='bbox 344 2838 602 2902; x_wconf 31' lang='lat' dir='ltr'><strong>eiei...le</strong></span> <span class='ocrx_word' id='word_1_215' title='bbox 630 2838 1000 2909; x_wconf 79' lang='grc' dir='ltr'>ψευδωνύμως</span> <span class='ocrx_word' id='word_1_216' title='bbox 1052 2839 1167 2894; x_wconf 75' lang='grc' dir='ltr'>θεοὶ</span> <span class='ocrx_word' id='word_1_217' title='bbox 1204 2841 1583 2910; x_wconf 76' lang='grc' dir='ltr'>ὀνομάζονται.</span> <span class='ocrx_word' id='word_1_218' title='bbox 1624 2843 1721 2895; x_wconf 85' lang='grc' dir='ltr'>Ἐκ</span> <span class='ocrx_word' id='word_1_219' title='bbox 1749 2841 1927 2894; x_wconf 79' lang='grc' dir='ltr'>τοίνυν</span> 
     </span>
    </p>
   </div>
   <div class='ocr_carea' id='block_1_31' title="bbox 344 2931 1927 2999">
    <p class='ocr_par' dir='ltr' id='par_1_31' title="bbox 344 2931 1927 2999">
     <span class='ocr_line' id='line_1_31' title="bbox 344 2931 1927 2999; baseline 0.003 -16"><span class='ocrx_word' id='word_1_220' title='bbox 344 2932 452 2983; x_wconf 81' lang='grc' dir='ltr'><strong>τῶν</strong></span> <span class='ocrx_word' id='word_1_221' title='bbox 503 2933 561 2983; x_wconf 84' lang='grc' dir='ltr'>ἐν</span> <span class='ocrx_word' id='word_1_222' title='bbox 617 2931 977 2999; x_wconf 77' lang='grc' dir='ltr'>Εὑαγγελίοις</span> <span class='ocrx_word' id='word_1_223' title='bbox 1024 2936 1119 2986; x_wconf 78' lang='grc' dir='ltr'>καὶ</span> <span class='ocrx_word' id='word_1_224' title='bbox 1154 2933 1501 2998; x_wconf 82' lang='grc' dir='ltr'>Ἐπιστολαῖς</span> <span class='ocrx_word' id='word_1_225' title='bbox 1552 2934 1927 2988; x_wconf 88' lang='grc' dir='ltr'>ἁποστολικῶν</span> 
     </span>
    </p>
   </div>
   <div class='ocr_carea' id='block_1_32' title="bbox 346 3021 1926 3095">
    <p class='ocr_par' dir='ltr' id='par_1_32' title="bbox 346 3021 1926 3095">
     <span class='ocr_line' id='line_1_32' title="bbox 346 3021 1926 3095; baseline 0.001 -20"><span class='ocrx_word' id='word_1_226' title='bbox 346 3021 763 3090; x_wconf 75' lang='grc' dir='ltr'>θεοπαραδότων</span> <span class='ocrx_word' id='word_1_227' title='bbox 793 3022 1011 3090; x_wconf 83' lang='grc' dir='ltr'>λογίων,</span> <span class='ocrx_word' id='word_1_228' title='bbox 1044 3025 1139 3077; x_wconf 74' lang='grc' dir='ltr'>καὶ</span> <span class='ocrx_word' id='word_1_229' title='bbox 1167 3023 1277 3078; x_wconf 89' lang='grc' dir='ltr'><strong>τῶν</strong></span> <span class='ocrx_word' id='word_1_230' title='bbox 1306 3024 1367 3090; x_wconf 74' lang='grc' dir='ltr'>ἐξ</span> <span class='ocrx_word' id='word_1_231' title='bbox 1398 3025 1579 3079; x_wconf 84' lang='grc' dir='ltr'>αὐτῶν</span> <span class='ocrx_word' id='word_1_232' title='bbox 1607 3024 1926 3095; x_wconf 84' lang='grc' dir='ltr'>ὑφηγητῶν,</span> 
     </span>
    </p>
   </div>
   <div class='ocr_carea' id='block_1_33' title="bbox 346 3114 1925 3187">
    <p class='ocr_par' dir='ltr' id='par_1_33' title="bbox 346 3114 1925 3187">
     <span class='ocr_line' id='line_1_33' title="bbox 346 3114 1925 3187; baseline 0.003 -20"><span class='ocrx_word' id='word_1_233' title='bbox 346 3116 444 3167; x_wconf 72' lang='grc' dir='ltr'>καὶ</span> <span class='ocrx_word' id='word_1_234' title='bbox 481 3114 822 3168; x_wconf 82' lang='grc' dir='ltr'>διδασκάλων</span> <span class='ocrx_word' id='word_1_235' title='bbox 864 3117 963 3185; x_wconf 81' lang='grc' dir='ltr'><strong>τῆς</strong></span> <span class='ocrx_word' id='word_1_236' title='bbox 1002 3114 1289 3179; x_wconf 80' lang='grc' dir='ltr'>εὐσεϐείας</span> <span class='ocrx_word' id='word_1_237' title='bbox 1328 3116 1601 3170; x_wconf 86' lang='grc' dir='ltr'>δείκνυται</span> <span class='ocrx_word' id='word_1_238' title='bbox 1646 3117 1925 3187; x_wconf 81' lang='grc' dir='ltr'>καθαρῶς,</span> 
     </span>
    </p>
   </div>
   <div class='ocr_carea' id='block_1_34' title="bbox 2032 631 3616 700">
    <p class='ocr_par' dir='ltr' id='par_1_34' title="bbox 2032 631 3616 700">
     <span class='ocr_line' id='line_1_34' title="bbox 2032 631 3616 700; baseline -0.004 -10"><span class='ocrx_word' id='word_1_239' title='bbox 2032 638 2207 690; x_wconf 89' lang='lat' dir='ltr'><strong>sentia</strong></span> <span class='ocrx_word' id='word_1_240' title='bbox 2246 644 2527 697; x_wconf 89' lang='lat' dir='ltr'><strong>constant,</strong></span> <span class='ocrx_word' id='word_1_241' title='bbox 2587 643 2715 689; x_wconf 89' lang='lat' dir='ltr'><strong>sunt</strong></span> <span class='ocrx_word' id='word_1_242' title='bbox 2764 631 3127 687; x_wconf 82' lang='lat' dir='ltr'><strong>nihilominus</strong></span> <span class='ocrx_word' id='word_1_243' title='bbox 3171 631 3453 700; x_wconf 78' lang='lat' dir='ltr'><strong>contigua,</strong></span> <span class='ocrx_word' id='word_1_244' title='bbox 3498 631 3616 684; x_wconf 77' lang='lat' dir='ltr'><strong>sive</strong></span> 
     </span>
    </p>
   </div>
   <div class='ocr_carea' id='block_1_35' title="bbox 2031 725 3615 798">
    <p class='ocr_par' dir='ltr' id='par_1_35' title="bbox 2031 725 3615 798">
     <span class='ocr_line' id='line_1_35' title="bbox 2031 725 3615 798; baseline -0.006 -14"><span class='ocrx_word' id='word_1_245' title='bbox 2031 727 2456 798; x_wconf 87' lang='lat' dir='ltr'><strong>comprehensa,</strong></span> <span class='ocrx_word' id='word_1_246' title='bbox 2477 737 2534 781; x_wconf 93' lang='lat' dir='ltr'><strong>et</strong></span> <span class='ocrx_word' id='word_1_247' title='bbox 2556 728 2664 782; x_wconf 87' lang='lat' dir='ltr'><strong>alia</strong></span> <span class='ocrx_word' id='word_1_248' title='bbox 2688 726 2965 797; x_wconf 74' lang='lat' dir='ltr'><strong>signiferis</strong></span> <span class='ocrx_word' id='word_1_249' title='bbox 2987 725 3139 779; x_wconf 88' lang='lat' dir='ltr'><strong>hisce</strong></span> <span class='ocrx_word' id='word_1_250' title='bbox 3158 740 3321 794; x_wconf 86' lang='lat' dir='ltr'><strong>quam</strong></span> <span class='ocrx_word' id='word_1_251' title='bbox 3345 739 3615 791; x_wconf 83' lang='lat' dir='ltr'><strong>proxtma,</strong></span> 
     </span>
    </p>
   </div>
   <div class='ocr_carea' id='block_1_36' title="bbox 2030 817 3618 890">
    <p class='ocr_par' dir='ltr' id='par_1_36' title="bbox 2030 817 3618 890">
     <span class='ocr_line' id='line_1_36' title="bbox 2030 817 3618 890; baseline -0.006 -13"><span class='ocrx_word' id='word_1_252' title='bbox 2030 838 2135 877; x_wconf 87' lang='lat' dir='ltr'><strong>nec</strong></span> <span class='ocrx_word' id='word_1_253' title='bbox 2163 837 2272 875; x_wconf 90' lang='lat' dir='ltr'><strong>non</strong></span> <span class='ocrx_word' id='word_1_254' title='bbox 2325 821 2392 875; x_wconf 89' lang='lat' dir='ltr'><strong>ad</strong></span> <span class='ocrx_word' id='word_1_255' title='bbox 2438 835 2663 890; x_wconf 85' lang='lat' dir='ltr'><strong>prorsus</strong></span> <span class='ocrx_word' id='word_1_256' title='bbox 2712 820 3011 874; x_wconf 85' lang='lat' dir='ltr'><strong>tollendum</strong></span> <span class='ocrx_word' id='word_1_257' title='bbox 3065 817 3618 885; x_wconf 85' lang='lat' dir='ltr'><strong>submovendumth</strong></span> 
     </span>
    </p>
   </div>
   <div class='ocr_carea' id='block_1_37' title="bbox 2032 908 3614 980">
    <p class='ocr_par' dir='ltr' id='par_1_37' title="bbox 2032 908 3614 980">
     <span class='ocr_line' id='line_1_37' title="bbox 2032 908 3614 980; baseline -0.003 -14"><span class='ocrx_word' id='word_1_258' title='bbox 2032 928 2095 966; x_wconf 84' lang='lat' dir='ltr'><strong>ea</strong></span> <span class='ocrx_word' id='word_1_259' title='bbox 2132 911 2314 965; x_wconf 86' lang='lat' dir='ltr'><strong>omnia</strong></span> <span class='ocrx_word' id='word_1_260' title='bbox 2343 927 2466 980; x_wconf 71' lang='lat' dir='ltr'><strong>qua:</strong></span> <span class='ocrx_word' id='word_1_261' title='bbox 2498 927 2527 963; x_wconf 89' lang='lat' dir='ltr'><strong>a</strong></span> <span class='ocrx_word' id='word_1_262' title='bbox 2558 909 3008 978; x_wconf 89' lang='lat' dir='ltr'><strong>supcressentiali</strong></span> <span class='ocrx_word' id='word_1_263' title='bbox 3050 908 3253 962; x_wconf 83' lang='lat' dir='ltr'><strong>deitate</strong></span> <span class='ocrx_word' id='word_1_264' title='bbox 3294 922 3457 976; x_wconf 84' lang='lat' dir='ltr'><strong>quam</strong></span> <span class='ocrx_word' id='word_1_265' title='bbox 3497 908 3614 962; x_wconf 82' lang='lat' dir='ltr'><strong>dis-</strong></span> 
     </span>
    </p>
   </div>
   <div class='ocr_carea' id='block_1_38' title="bbox 2025 1000 3618 1075">
    <p class='ocr_par' dir='ltr' id='par_1_38' title="bbox 2025 1000 3618 1075">
     <span class='ocr_line' id='line_1_38' title="bbox 2025 1000 3618 1075; baseline -0.003 -18"><span class='ocrx_word' id='word_1_266' title='bbox 2025 1003 2370 1075; x_wconf 72' lang='lat' dir='ltr'><strong>iunctissima</strong></span> <span class='ocrx_word' id='word_1_267' title='bbox 2396 1014 2546 1066; x_wconf 91' lang='lat' dir='ltr'><strong>sunt,</strong></span> <span class='ocrx_word' id='word_1_268' title='bbox 2581 1013 2637 1057; x_wconf 91' lang='lat' dir='ltr'><strong>et</strong></span> <span class='ocrx_word' id='word_1_269' title='bbox 2669 1004 2827 1072; x_wconf 89' lang='lat' dir='ltr'><strong>plane</strong></span> <span class='ocrx_word' id='word_1_270' title='bbox 2864 1001 3079 1065; x_wconf 89' lang='lat' dir='ltr'><strong>dissita,</strong></span> <span class='ocrx_word' id='word_1_271' title='bbox 3110 1010 3169 1055; x_wconf 88' lang='lat' dir='ltr'><strong>ut</strong></span> <span class='ocrx_word' id='word_1_272' title='bbox 3207 1003 3296 1070; x_wconf 83' lang='lat' dir='ltr'><strong>qui</strong></span> <span class='ocrx_word' id='word_1_273' title='bbox 3342 1000 3395 1053; x_wconf 92' lang='lat' dir='ltr'><strong>in</strong></span> <span class='ocrx_word' id='word_1_274' title='bbox 3425 1010 3618 1069; x_wconf 89' lang='lat' dir='ltr'><strong>pectus</strong></span> 
     </span>
    </p>
   </div>
   <div class='ocr_carea' id='block_1_39' title="bbox 2034 1091 3615 1165">
    <p class='ocr_par' dir='ltr' id='par_1_39' title="bbox 2034 1091 3615 1165">
     <span class='ocr_line' id='line_1_39' title="bbox 2034 1091 3615 1165; baseline -0.004 -17"><span class='ocrx_word' id='word_1_275' title='bbox 2034 1096 2247 1151; x_wconf 83' lang='lat' dir='ltr'><strong>Domini</strong></span> <span class='ocrx_word' id='word_1_276' title='bbox 2282 1097 2533 1150; x_wconf 89' lang='lat' dir='ltr'><strong>recubuit</strong></span> <span class='ocrx_word' id='word_1_277' title='bbox 2556 1095 2888 1165; x_wconf 81' lang='lat' dir='ltr'><strong>evangelista</strong></span> <span class='ocrx_word' id='word_1_278' title='bbox 2917 1101 3332 1148; x_wconf 83' lang='lat' dir='ltr'><strong>commonstrat.</strong></span> <span class='ocrx_word' id='word_1_279' title='bbox 3368 1091 3615 1159; x_wconf 80' lang='lat' dir='ltr'><strong>Namque</strong></span> 
     </span>
    </p>
   </div>
   <div class='ocr_carea' id='block_1_40' title="bbox 2031 1185 3616 1255">
    <p class='ocr_par' dir='ltr' id='par_1_40' title="bbox 2031 1185 3616 1255">
     <span class='ocr_line' id='line_1_40' title="bbox 2031 1185 3616 1255; baseline -0.003 -12"><span class='ocrx_word' id='word_1_280' title='bbox 2031 1204 2154 1243; x_wconf 90' lang='lat' dir='ltr'><strong>cum</strong></span> <span class='ocrx_word' id='word_1_281' title='bbox 2191 1189 2475 1243; x_wconf 83' lang='lat' dir='ltr'><strong>recitasset</strong></span> <span class='ocrx_word' id='word_1_282' title='bbox 2506 1204 2569 1242; x_wconf 79' lang='lat' dir='ltr'><strong>ex</strong></span> <span class='ocrx_word' id='word_1_283' title='bbox 2617 1203 2849 1255; x_wconf 78' lang='lat' dir='ltr'><strong>persona</strong></span> <span class='ocrx_word' id='word_1_284' title='bbox 2908 1186 3002 1239; x_wconf 87' lang='lat' dir='ltr'><strong>Dei</strong></span> <span class='ocrx_word' id='word_1_285' title='bbox 3036 1194 3093 1240; x_wconf 83' lang='lat' dir='ltr'><strong>et</strong></span> <span class='ocrx_word' id='word_1_286' title='bbox 3152 1185 3393 1239; x_wconf 89' lang='lat' dir='ltr'><strong>hominis</strong></span> <span class='ocrx_word' id='word_1_287' title='bbox 3451 1185 3616 1239; x_wconf 73' lang='lat' dir='ltr'><strong>Verbi</strong></span> 
     </span>
    </p>
   </div>
   <div class='ocr_carea' id='block_1_41' title="bbox 2032 1277 3615 1350">
    <p class='ocr_par' dir='ltr' id='par_1_41' title="bbox 2032 1277 3615 1350">
     <span class='ocr_line' id='line_1_41' title="bbox 2032 1277 3615 1350; baseline -0.003 -15"><span class='ocrx_word' id='word_1_288' title='bbox 2032 1282 2097 1335; x_wconf 90' lang='lat' dir='ltr'><strong>ad</strong></span> <span class='ocrx_word' id='word_1_289' title='bbox 2129 1282 2412 1350; x_wconf 88' lang='lat' dir='ltr'><strong>proprium</strong></span> <span class='ocrx_word' id='word_1_290' title='bbox 2446 1281 2776 1349; x_wconf 75' lang='lat' dir='ltr'><strong>genitorem,</strong></span> <span class='ocrx_word' id='word_1_291' title='bbox 2803 1279 2856 1331; x_wconf 92' lang='lat' dir='ltr'><strong>in</strong></span> <span class='ocrx_word' id='word_1_292' title='bbox 2887 1279 2968 1332; x_wconf 92' lang='lat' dir='ltr'><strong>sui</strong></span> <span class='ocrx_word' id='word_1_293' title='bbox 3002 1277 3284 1347; x_wconf 79' lang='lat' dir='ltr'><strong>Evangelii</strong></span> <span class='ocrx_word' id='word_1_294' title='bbox 3330 1291 3615 1331; x_wconf 87' lang='lat' dir='ltr'><strong>commcn-</strong></span> 
     </span>
    </p>
   </div>
   <div class='ocr_carea' id='block_1_42' title="bbox 2034 1370 3618 1436">
    <p class='ocr_par' dir='ltr' id='par_1_42' title="bbox 2034 1370 3618 1436">
     <span class='ocr_line' id='line_1_42' title="bbox 2034 1370 3618 1436; baseline -0.004 -12"><span class='ocrx_word' id='word_1_295' title='bbox 2034 1372 2219 1426; x_wconf 87' lang='lat' dir='ltr'><strong>tario:</strong></span> <span class='ocrx_word' id='word_1_296' title='bbox 2251 1389 2267 1422; x_wconf 85' lang='grc' dir='ltr'><strong>ι</strong></span> <span class='ocrx_word' id='word_1_297' title='bbox 2301 1370 2423 1424; x_wconf 76' lang='lat' dir='ltr'><strong>llzcc</strong></span> <span class='ocrx_word' id='word_1_298' title='bbox 2451 1380 2533 1425; x_wconf 90' lang='lat' dir='ltr'><strong>est</strong></span> <span class='ocrx_word' id='word_1_299' title='bbox 2569 1371 2680 1423; x_wconf 85' lang='lat' dir='ltr'><strong>vita</strong></span> <span class='ocrx_word' id='word_1_300' title='bbox 2705 1378 2933 1433; x_wconf 56' lang='lat' dir='ltr'><strong>(eterna,</strong></span> <span class='ocrx_word' id='word_1_301' title='bbox 2968 1378 3030 1423; x_wconf 90' lang='lat' dir='ltr'><strong>ut</strong></span> <span class='ocrx_word' id='word_1_302' title='bbox 3076 1377 3417 1436; x_wconf 84' lang='lat' dir='ltr'><strong>cognoscant</strong></span> <span class='ocrx_word' id='word_1_303' title='bbox 3446 1376 3497 1419; x_wconf 84' lang='lat' dir='ltr'><strong>te</strong></span> <span class='ocrx_word' id='word_1_304' title='bbox 3530 1382 3618 1419; x_wconf 85' lang='lat' dir='ltr'><strong>so-</strong></span> 
     </span>
    </p>
   </div>
   <div class='ocr_carea' id='block_1_43' title="bbox 2031 1458 3617 1528">
    <p class='ocr_par' dir='ltr' id='par_1_43' title="bbox 2031 1458 3617 1528">
     <span class='ocr_line' id='line_1_43' title="bbox 2031 1458 3617 1528; baseline -0.006 -8"><span class='ocrx_word' id='word_1_305' title='bbox 2031 1466 2144 1520; x_wconf 91' lang='lat' dir='ltr'><strong>lum</strong></span> <span class='ocrx_word' id='word_1_306' title='bbox 2179 1464 2345 1518; x_wconf 90' lang='lat' dir='ltr'><strong>Deum</strong></span> <span class='ocrx_word' id='word_1_307' title='bbox 2378 1479 2592 1527; x_wconf 87' lang='lat' dir='ltr'><strong>verum,</strong></span> <span class='ocrx_word' id='word_1_308' title='bbox 2633 1482 2651 1513; x_wconf 77' lang='grc' dir='ltr'><strong>ι</strong></span> <span class='ocrx_word' id='word_1_309' title='bbox 2691 1463 2743 1515; x_wconf 88' lang='lat' dir='ltr'><strong>in</strong></span> <span class='ocrx_word' id='word_1_310' title='bbox 2780 1462 2890 1516; x_wconf 89' lang='lat' dir='ltr'><strong>ﬁne</strong></span> <span class='ocrx_word' id='word_1_311' title='bbox 2938 1476 3049 1516; x_wconf 69' lang='lat' dir='ltr'><strong>suae</strong></span> <span class='ocrx_word' id='word_1_312' title='bbox 3114 1460 3304 1528; x_wconf 63' lang='lat' dir='ltr'><strong>prima:</strong></span> <span class='ocrx_word' id='word_1_313' title='bbox 3332 1458 3617 1512; x_wconf 65' lang='lat' dir='ltr'><strong>catholicae</strong></span> 
     </span>
    </p>
   </div>
   <div class='ocr_carea' id='block_1_44' title="bbox 2033 1551 3616 1628">
    <p class='ocr_par' dir='ltr' id='par_1_44' title="bbox 2033 1551 3616 1628">
     <span class='ocr_line' id='line_1_44' title="bbox 2033 1551 3616 1628; baseline -0.006 -15"><span class='ocrx_word' id='word_1_314' title='bbox 2033 1558 2292 1628; x_wconf 67' lang='lat' dir='ltr'><strong>Epistolze</strong></span> <span class='ocrx_word' id='word_1_315' title='bbox 2317 1558 2395 1612; x_wconf 89' lang='lat' dir='ltr'><strong>sic</strong></span> <span class='ocrx_word' id='word_1_316' title='bbox 2425 1558 2657 1621; x_wconf 45' lang='lat' dir='ltr'><strong>scribite:</strong></span> <span class='ocrx_word' id='word_1_317' title='bbox 2699 1576 2716 1607; x_wconf 81' lang='grc' dir='ltr'><strong>ι</strong></span> <span class='ocrx_word' id='word_1_318' title='bbox 2746 1556 2962 1611; x_wconf 90' lang='lat' dir='ltr'><strong>Scimus</strong></span> <span class='ocrx_word' id='word_1_319' title='bbox 3002 1553 3146 1624; x_wconf 87' lang='lat' dir='ltr'><strong>quod</strong></span> <span class='ocrx_word' id='word_1_320' title='bbox 3181 1552 3350 1606; x_wconf 88' lang='lat' dir='ltr'><strong>Filius</strong></span> <span class='ocrx_word' id='word_1_321' title='bbox 3400 1551 3492 1605; x_wconf 86' lang='lat' dir='ltr'><strong>Dei</strong></span> <span class='ocrx_word' id='word_1_322' title='bbox 3521 1566 3616 1604; x_wconf 62' lang='grc' dir='ltr'>νεα</span> 
     </span>
    </p>
   </div>
   <div class='ocr_carea' id='block_1_45' title="bbox 2031 1644 3615 1714">
    <p class='ocr_par' dir='ltr' id='par_1_45' title="bbox 2031 1644 3615 1714">
     <span class='ocr_line' id='line_1_45' title="bbox 2031 1644 3615 1714; baseline -0.006 -10"><span class='ocrx_word' id='word_1_323' title='bbox 2031 1651 2138 1713; x_wconf 89' lang='lat' dir='ltr'><strong>nit,</strong></span> <span class='ocrx_word' id='word_1_324' title='bbox 2162 1659 2217 1704; x_wconf 89' lang='lat' dir='ltr'><strong>et</strong></span> <span class='ocrx_word' id='word_1_325' title='bbox 2239 1649 2388 1703; x_wconf 88' lang='lat' dir='ltr'><strong>dedit</strong></span> <span class='ocrx_word' id='word_1_326' title='bbox 2420 1648 2579 1703; x_wconf 90' lang='lat' dir='ltr'><strong>nobis</strong></span> <span class='ocrx_word' id='word_1_327' title='bbox 2617 1663 2865 1710; x_wconf 89' lang='lat' dir='ltr'><strong>sensum,</strong></span> <span class='ocrx_word' id='word_1_328' title='bbox 2900 1657 2956 1699; x_wconf 91' lang='lat' dir='ltr'><strong>ut</strong></span> <span class='ocrx_word' id='word_1_329' title='bbox 2996 1660 3396 1714; x_wconf 85' lang='lat' dir='ltr'><strong>cognoscamus</strong></span> <span class='ocrx_word' id='word_1_330' title='bbox 3448 1644 3615 1697; x_wconf 88' lang='lat' dir='ltr'><strong>Deum</strong></span> 
     </span>
    </p>
   </div>
   <div class='ocr_carea' id='block_1_46' title="bbox 2032 1736 3615 1808">
    <p class='ocr_par' dir='ltr' id='par_1_46' title="bbox 2032 1736 3615 1808">
     <span class='ocr_line' id='line_1_46' title="bbox 2032 1736 3615 1808; baseline -0.004 -13"><span class='ocrx_word' id='word_1_331' title='bbox 2032 1758 2247 1806; x_wconf 86' lang='lat' dir='ltr'><strong>verum,</strong></span> <span class='ocrx_word' id='word_1_332' title='bbox 2279 1750 2332 1796; x_wconf 90' lang='lat' dir='ltr'><strong>et</strong></span> <span class='ocrx_word' id='word_1_333' title='bbox 2381 1741 2554 1796; x_wconf 87' lang='lat' dir='ltr'><strong>simus</strong></span> <span class='ocrx_word' id='word_1_334' title='bbox 2600 1740 2653 1794; x_wconf 92' lang='lat' dir='ltr'><strong>in</strong></span> <span class='ocrx_word' id='word_1_335' title='bbox 2685 1754 2816 1793; x_wconf 84' lang='lat' dir='ltr'><strong>vero</strong></span> <span class='ocrx_word' id='word_1_336' title='bbox 2849 1739 2986 1792; x_wconf 78' lang='lat' dir='ltr'><strong>Filio</strong></span> <span class='ocrx_word' id='word_1_337' title='bbox 3016 1739 3154 1808; x_wconf 89' lang='lat' dir='ltr'><strong>cjus.</strong></span> <span class='ocrx_word' id='word_1_338' title='bbox 3188 1736 3286 1790; x_wconf 86' lang='lat' dir='ltr'><strong>Hic</strong></span> <span class='ocrx_word' id='word_1_339' title='bbox 3317 1743 3404 1790; x_wconf 89' lang='lat' dir='ltr'><strong>est</strong></span> <span class='ocrx_word' id='word_1_340' title='bbox 3450 1751 3615 1789; x_wconf 87' lang='lat' dir='ltr'><strong>verus</strong></span> 
     </span>
    </p>
   </div>
   <div class='ocr_carea' id='block_1_47' title="bbox 2036 1831 3617 1903">
    <p class='ocr_par' dir='ltr' id='par_1_47' title="bbox 2036 1831 3617 1903">
     <span class='ocr_line' id='line_1_47' title="bbox 2036 1831 3617 1903; baseline -0.004 -11"><span class='ocrx_word' id='word_1_341' title='bbox 2036 1839 2179 1893; x_wconf 89' lang='lat' dir='ltr'><strong>Deus</strong></span> <span class='ocrx_word' id='word_1_342' title='bbox 2228 1848 2283 1892; x_wconf 88' lang='lat' dir='ltr'><strong>et</strong></span> <span class='ocrx_word' id='word_1_343' title='bbox 2319 1837 2427 1891; x_wconf 83' lang='lat' dir='ltr'><strong>vita</strong></span> <span class='ocrx_word' id='word_1_344' title='bbox 2456 1847 2658 1891; x_wconf 67' lang='lat' dir='ltr'><strong>aeterna</strong></span> <span class='ocrx_word' id='word_1_345' title='bbox 2694 1836 2793 1890; x_wconf 72' lang='grc'>³⁵³.»</span> <span class='ocrx_word' id='word_1_346' title='bbox 2827 1834 2913 1890; x_wconf 91' lang='lat' dir='ltr'><strong>Uti</strong></span> <span class='ocrx_word' id='word_1_347' title='bbox 2940 1834 3105 1903; x_wconf 83' lang='lat' dir='ltr'><strong>igitur</strong></span> <span class='ocrx_word' id='word_1_348' title='bbox 3129 1834 3203 1887; x_wconf 89' lang='lat' dir='ltr'><strong>ibi</strong></span> <span class='ocrx_word' id='word_1_349' title='bbox 3236 1849 3357 1887; x_wconf 90' lang='lat' dir='ltr'><strong>cum</strong></span> <span class='ocrx_word' id='word_1_350' title='bbox 3381 1831 3617 1887; x_wconf 84' lang='lat' dir='ltr'><strong>articulo</strong></span> 
     </span>
    </p>
   </div>
   <div class='ocr_carea' id='block_1_48' title="bbox 2039 1927 3616 1996">
    <p class='ocr_par' dir='ltr' id='par_1_48' title="bbox 2039 1927 3616 1996">
     <span class='ocr_line' id='line_1_48' title="bbox 2039 1927 3616 1996; baseline -0.003 -12"><span class='ocrx_word' id='word_1_351' title='bbox 2039 1931 2184 1986; x_wconf 88' lang='lat' dir='ltr'><strong>Deus</strong></span> <span class='ocrx_word' id='word_1_352' title='bbox 2209 1945 2388 1993; x_wconf 85' lang='lat' dir='ltr'><strong>verus,</strong></span> <span class='ocrx_word' id='word_1_353' title='bbox 2425 1930 2613 1984; x_wconf 89' lang='lat' dir='ltr'><strong>addito</strong></span> <span class='ocrx_word' id='word_1_354' title='bbox 2637 1927 2801 1990; x_wconf 79' lang='lat' dir='ltr'><strong>solus,</strong></span> <span class='ocrx_word' id='word_1_355' title='bbox 2829 1927 2991 1981; x_wconf 86' lang='lat' dir='ltr'><strong>Pater</strong></span> <span class='ocrx_word' id='word_1_356' title='bbox 3009 1935 3115 1986; x_wconf 85' lang='lat' dir='ltr'><strong>est,</strong></span> <span class='ocrx_word' id='word_1_357' title='bbox 3154 1927 3234 1980; x_wconf 90' lang='lat' dir='ltr'><strong>sic</strong></span> <span class='ocrx_word' id='word_1_358' title='bbox 3262 1941 3481 1996; x_wconf 91' lang='lat' dir='ltr'><strong>quoque</strong></span> <span class='ocrx_word' id='word_1_359' title='bbox 3511 1927 3616 1980; x_wconf 82' lang='lat' dir='ltr'><strong>hoc</strong></span> 
     </span>
    </p>
   </div>
   <div class='ocr_carea' id='block_1_49' title="bbox 2036 2016 3613 2082">
    <p class='ocr_par' dir='ltr' id='par_1_49' title="bbox 2036 2016 3613 2082">
     <span class='ocr_line' id='line_1_49' title="bbox 2036 2016 3613 2082; baseline -0.004 -5"><span class='ocrx_word' id='word_1_360' title='bbox 2036 2023 2236 2078; x_wconf 85' lang='lat' dir='ltr'><strong>inloco</strong></span> <span class='ocrx_word' id='word_1_361' title='bbox 2261 2037 2386 2076; x_wconf 90' lang='lat' dir='ltr'><strong>cum</strong></span> <span class='ocrx_word' id='word_1_362' title='bbox 2427 2021 2657 2075; x_wconf 90' lang='lat' dir='ltr'><strong>articulo</strong></span> <span class='ocrx_word' id='word_1_363' title='bbox 2709 2019 2852 2073; x_wconf 87' lang='lat' dir='ltr'><strong>Deus</strong></span> <span class='ocrx_word' id='word_1_364' title='bbox 2903 2034 3071 2073; x_wconf 77' lang='lat' dir='ltr'><strong>verus</strong></span> <span class='ocrx_word' id='word_1_365' title='bbox 3108 2016 3306 2082; x_wconf 81' lang='lat' dir='ltr'><strong>Filius,</strong></span> <span class='ocrx_word' id='word_1_366' title='bbox 3349 2032 3475 2070; x_wconf 91' lang='lat' dir='ltr'><strong>cum</strong></span> <span class='ocrx_word' id='word_1_367' title='bbox 3515 2016 3613 2070; x_wconf 80' lang='lat' dir='ltr'><strong>atl-</strong></span> 
     </span>
    </p>
   </div>
   <div class='ocr_carea' id='block_1_50' title="bbox 2036 2106 3614 2180">
    <p class='ocr_par' dir='ltr' id='par_1_50' title="bbox 2036 2106 3614 2180">
     <span class='ocr_line' id='line_1_50' title="bbox 2036 2106 3614 2180; baseline -0.005 -13"><span class='ocrx_word' id='word_1_368' title='bbox 2036 2112 2247 2167; x_wconf 84' lang='lat' dir='ltr'><strong>ditione</strong></span> <span class='ocrx_word' id='word_1_369' title='bbox 2278 2112 2363 2165; x_wconf 82' lang='lat' dir='ltr'><strong>hic</strong></span> <span class='ocrx_word' id='word_1_370' title='bbox 2393 2120 2617 2180; x_wconf 84' lang='lat' dir='ltr'><strong>propter</strong></span> <span class='ocrx_word' id='word_1_371' title='bbox 2648 2109 3072 2175; x_wconf 84' lang='lat' dir='ltr'><strong>excellentiam;</strong></span> <span class='ocrx_word' id='word_1_372' title='bbox 3106 2121 3411 2176; x_wconf 84' lang='lat' dir='ltr'><strong>rursusque</strong></span> <span class='ocrx_word' id='word_1_373' title='bbox 3437 2106 3512 2160; x_wconf 91' lang='lat' dir='ltr'><strong>uti</strong></span> <span class='ocrx_word' id='word_1_374' title='bbox 3540 2106 3614 2161; x_wconf 89' lang='lat' dir='ltr'><strong>ibi</strong></span> 
     </span>
    </p>
   </div>
   <div class='ocr_carea' id='block_1_51' title="bbox 2037 2199 3614 2267">
    <p class='ocr_par' dir='ltr' id='par_1_51' title="bbox 2037 2199 3614 2267">
     <span class='ocr_line' id='line_1_51' title="bbox 2037 2199 3614 2267; baseline -0.007 -8"><span class='ocrx_word' id='word_1_375' title='bbox 2037 2221 2162 2259; x_wconf 88' lang='lat' dir='ltr'><strong>cum</strong></span> <span class='ocrx_word' id='word_1_376' title='bbox 2194 2205 2426 2258; x_wconf 79' lang='lat' dir='ltr'><strong>articulo</strong></span> <span class='ocrx_word' id='word_1_377' title='bbox 2468 2204 2579 2257; x_wconf 88' lang='lat' dir='ltr'><strong>vita</strong></span> <span class='ocrx_word' id='word_1_378' title='bbox 2607 2212 2834 2266; x_wconf 65' lang='lat' dir='ltr'><strong>mtcrna,</strong></span> <span class='ocrx_word' id='word_1_379' title='bbox 2888 2200 2959 2254; x_wconf 87' lang='lat' dir='ltr'><strong>ita</strong></span> <span class='ocrx_word' id='word_1_380' title='bbox 2987 2199 3077 2253; x_wconf 87' lang='lat' dir='ltr'><strong>hic</strong></span> <span class='ocrx_word' id='word_1_381' title='bbox 3110 2212 3328 2267; x_wconf 84' lang='lat' dir='ltr'><strong>quoque</strong></span> <span class='ocrx_word' id='word_1_382' title='bbox 3362 2212 3487 2251; x_wconf 90' lang='lat' dir='ltr'><strong>cum</strong></span> <span class='ocrx_word' id='word_1_383' title='bbox 3524 2212 3614 2249; x_wconf 63' lang='lat' dir='ltr'><strong>ar-</strong></span> 
     </span>
    </p>
   </div>
   <div class='ocr_carea' id='block_1_52' title="bbox 2038 2288 3616 2361">
    <p class='ocr_par' dir='ltr' id='par_1_52' title="bbox 2038 2288 3616 2361">
     <span class='ocr_line' id='line_1_52' title="bbox 2038 2288 3616 2361; baseline -0.007 -11"><span class='ocrx_word' id='word_1_384' title='bbox 2038 2296 2205 2351; x_wconf 88' lang='lat' dir='ltr'><strong>ticulo</strong></span> <span class='ocrx_word' id='word_1_385' title='bbox 2237 2297 2352 2350; x_wconf 60' lang='lat' dir='ltr'><strong>bare</strong></span> <span class='ocrx_word' id='word_1_386' title='bbox 2396 2297 2588 2350; x_wconf 86' lang='lat' dir='ltr'><strong>eadem</strong></span> <span class='ocrx_word' id='word_1_387' title='bbox 2636 2294 2826 2348; x_wconf 85' lang='lat' dir='ltr'><strong>iisdem</strong></span> <span class='ocrx_word' id='word_1_388' title='bbox 2883 2290 3179 2361; x_wconf 86' lang='lat' dir='ltr'><strong>ipsissimis</strong></span> <span class='ocrx_word' id='word_1_389' title='bbox 3230 2289 3450 2352; x_wconf 88' lang='lat' dir='ltr'><strong>verbis;</strong></span> <span class='ocrx_word' id='word_1_390' title='bbox 3501 2288 3616 2342; x_wconf 70' lang='lat' dir='ltr'><strong>tuin</strong></span> 
     </span>
    </p>
   </div>
   <div class='ocr_carea' id='block_1_53' title="bbox 2035 2386 3615 2457">
    <p class='ocr_par' dir='ltr' id='par_1_53' title="bbox 2035 2386 3615 2457">
     <span class='ocr_line' id='line_1_53' title="bbox 2035 2386 3615 2457; baseline -0.003 -14"><span class='ocrx_word' id='word_1_391' title='bbox 2035 2389 2375 2457; x_wconf 76' lang='lat' dir='ltr'><strong>coniunctim</strong></span> <span class='ocrx_word' id='word_1_392' title='bbox 2412 2389 2612 2444; x_wconf 79' lang='lat' dir='ltr'><strong>infert:</strong></span> <span class='ocrx_word' id='word_1_393' title='bbox 2646 2407 2664 2440; x_wconf 83' lang='grc' dir='ltr'><strong>ι</strong></span> <span class='ocrx_word' id='word_1_394' title='bbox 2715 2389 2914 2451; x_wconf 83' lang='lat' dir='ltr'><strong>Filioli,</strong></span> <span class='ocrx_word' id='word_1_395' title='bbox 2956 2386 3232 2441; x_wconf 85' lang='lat' dir='ltr'><strong>custodite</strong></span> <span class='ocrx_word' id='word_1_396' title='bbox 3261 2400 3355 2439; x_wconf 91' lang='lat' dir='ltr'><strong>vos</strong></span> <span class='ocrx_word' id='word_1_397' title='bbox 3380 2401 3409 2439; x_wconf 86' lang='lat' dir='ltr'><strong>a</strong></span> <span class='ocrx_word' id='word_1_398' title='bbox 3439 2386 3615 2439; x_wconf 89' lang='lat' dir='ltr'><strong>simu-</strong></span> 
     </span>
    </p>
   </div>
   <div class='ocr_carea' id='block_1_54' title="bbox 2035 2476 3616 2546">
    <p class='ocr_par' dir='ltr' id='par_1_54' title="bbox 2035 2476 3616 2546">
     <span class='ocr_line' id='line_1_54' title="bbox 2035 2476 3616 2546; baseline -0.005 -11"><span class='ocrx_word' id='word_1_399' title='bbox 2035 2481 2197 2535; x_wconf 92' lang='lat' dir='ltr'><strong>lacris</strong></span> <span class='ocrx_word' id='word_1_400' title='bbox 2229 2480 2296 2546; x_wconf 68' lang='lat'><strong>‘°,</strong></span> <span class='ocrx_word' id='word_1_401' title='bbox 2333 2498 2352 2532; x_wconf 85' lang='grc'><strong>›</strong></span> <span class='ocrx_word' id='word_1_402' title='bbox 2385 2489 2595 2534; x_wconf 85' lang='lat' dir='ltr'><strong>tantum</strong></span> <span class='ocrx_word' id='word_1_403' title='bbox 2625 2496 2734 2535; x_wconf 89' lang='lat' dir='ltr'><strong>non</strong></span> <span class='ocrx_word' id='word_1_404' title='bbox 2765 2481 2955 2534; x_wconf 86' lang='lat' dir='ltr'><strong>dicens</strong></span> <span class='ocrx_word' id='word_1_405' title='bbox 2978 2480 3391 2546; x_wconf 81' lang='lat' dir='ltr'><strong>obtestansque,</strong></span> <span class='ocrx_word' id='word_1_406' title='bbox 3417 2476 3616 2531; x_wconf 89' lang='lat' dir='ltr'><strong>Custo-</strong></span> 
     </span>
    </p>
   </div>
   <div class='ocr_carea' id='block_1_55' title="bbox 2034 2568 3617 2642">
    <p class='ocr_par' dir='ltr' id='par_1_55' title="bbox 2034 2568 3617 2642">
     <span class='ocr_line' id='line_1_55' title="bbox 2034 2568 3617 2642; baseline -0.003 -15"><span class='ocrx_word' id='word_1_407' title='bbox 2034 2575 2147 2628; x_wconf 90' lang='lat' dir='ltr'><strong>dite</strong></span> <span class='ocrx_word' id='word_1_408' title='bbox 2168 2589 2290 2641; x_wconf 82' lang='lat' dir='ltr'><strong>vos,</strong></span> <span class='ocrx_word' id='word_1_409' title='bbox 2330 2586 2386 2629; x_wconf 89' lang='lat' dir='ltr'><strong>et</strong></span> <span class='ocrx_word' id='word_1_410' title='bbox 2422 2584 2632 2636; x_wconf 83' lang='lat' dir='ltr'><strong>cavete,</strong></span> <span class='ocrx_word' id='word_1_411' title='bbox 2667 2588 2737 2626; x_wconf 88' lang='lat' dir='ltr'><strong>ne</strong></span> <span class='ocrx_word' id='word_1_412' title='bbox 2768 2572 2899 2642; x_wconf 88' lang='lat' dir='ltr'><strong>quid</strong></span> <span class='ocrx_word' id='word_1_413' title='bbox 2936 2573 3003 2626; x_wconf 91' lang='lat' dir='ltr'><strong>de</strong></span> <span class='ocrx_word' id='word_1_414' title='bbox 3037 2571 3141 2624; x_wconf 85' lang='lat' dir='ltr'><strong>illis</strong></span> <span class='ocrx_word' id='word_1_415' title='bbox 3173 2569 3521 2638; x_wconf 82' lang='lat' dir='ltr'><strong>concipiatis,</strong></span> <span class='ocrx_word' id='word_1_416' title='bbox 3546 2568 3617 2622; x_wconf 88' lang='lat' dir='ltr'><strong>de</strong></span> 
     </span>
    </p>
   </div>
   <div class='ocr_carea' id='block_1_56' title="bbox 2034 2661 3618 2735">
    <p class='ocr_par' dir='ltr' id='par_1_56' title="bbox 2034 2661 3618 2735">
     <span class='ocr_line' id='line_1_56' title="bbox 2034 2661 3618 2735; baseline -0.002 -17"><span class='ocrx_word' id='word_1_417' title='bbox 2034 2666 2233 2735; x_wconf 85' lang='lat' dir='ltr'><strong>quibus</strong></span> <span class='ocrx_word' id='word_1_418' title='bbox 2288 2666 2465 2721; x_wconf 87' lang='lat' dir='ltr'><strong>errori</strong></span> <span class='ocrx_word' id='word_1_419' title='bbox 2490 2666 2752 2731; x_wconf 66' lang='lat' dir='ltr'><strong>£3ddicti,</strong></span> <span class='ocrx_word' id='word_1_420' title='bbox 2792 2674 2847 2718; x_wconf 81' lang='lat' dir='ltr'><strong>et</strong></span> <span class='ocrx_word' id='word_1_421' title='bbox 2891 2663 3182 2717; x_wconf 88' lang='lat' dir='ltr'><strong>mendacio</strong></span> <span class='ocrx_word' id='word_1_422' title='bbox 3228 2662 3482 2716; x_wconf 81' lang='lat' dir='ltr'><strong>fallentes</strong></span> <span class='ocrx_word' id='word_1_423' title='bbox 3537 2661 3618 2715; x_wconf 89' lang='lat' dir='ltr'><strong>Io-</strong></span> 
     </span>
    </p>
   </div>
   <div class='ocr_carea' id='block_1_57' title="bbox 2035 2756 3614 2828">
    <p class='ocr_par' dir='ltr' id='par_1_57' title="bbox 2035 2756 3614 2828">
     <span class='ocr_line' id='line_1_57' title="bbox 2035 2756 3614 2828; baseline -0.006 -14"><span class='ocrx_word' id='word_1_424' title='bbox 2035 2768 2297 2828; x_wconf 88' lang='lat' dir='ltr'><strong>quuntur.</strong></span> <span class='ocrx_word' id='word_1_425' title='bbox 2332 2759 2452 2813; x_wconf 85' lang='lat' dir='ltr'><strong>Veri</strong></span> <span class='ocrx_word' id='word_1_426' title='bbox 2485 2759 2576 2812; x_wconf 88' lang='lat' dir='ltr'><strong>Dei</strong></span> <span class='ocrx_word' id='word_1_427' title='bbox 2607 2757 2801 2817; x_wconf 79' lang='lat' dir='ltr'><strong>Filius,</strong></span> <span class='ocrx_word' id='word_1_428' title='bbox 2831 2773 2992 2811; x_wconf 83' lang='lat' dir='ltr'><strong>verus</strong></span> <span class='ocrx_word' id='word_1_429' title='bbox 3028 2757 3170 2810; x_wconf 67' lang='lat' dir='ltr'><strong>licus</strong></span> <span class='ocrx_word' id='word_1_430' title='bbox 3205 2756 3459 2810; x_wconf 83' lang='lat' dir='ltr'><strong>Christus</strong></span> <span class='ocrx_word' id='word_1_431' title='bbox 3493 2763 3614 2817; x_wconf 79' lang='lat' dir='ltr'><strong>est;</strong></span> 
     </span>
    </p>
   </div>
   <div class='ocr_carea' id='block_1_58' title="bbox 2035 2846 3616 2919">
    <p class='ocr_par' dir='ltr' id='par_1_58' title="bbox 2035 2846 3616 2919">
     <span class='ocr_line' id='line_1_58' title="bbox 2035 2846 3616 2919; baseline -0.003 -15"><span class='ocrx_word' id='word_1_432' title='bbox 2035 2851 2091 2904; x_wconf 88' lang='lat' dir='ltr'><strong>bi</strong></span> <span class='ocrx_word' id='word_1_433' title='bbox 2117 2850 2233 2905; x_wconf 79' lang='lat' dir='ltr'><strong>falsi</strong></span> <span class='ocrx_word' id='word_1_434' title='bbox 2257 2858 2407 2915; x_wconf 85' lang='lat' dir='ltr'><strong>sunt,</strong></span> <span class='ocrx_word' id='word_1_435' title='bbox 2436 2849 2681 2919; x_wconf 82' lang='lat' dir='ltr'><strong>falsoque</strong></span> <span class='ocrx_word' id='word_1_436' title='bbox 2705 2850 2807 2903; x_wconf 91' lang='lat' dir='ltr'><strong>sibi</strong></span> <span class='ocrx_word' id='word_1_437' title='bbox 2831 2851 3058 2903; x_wconf 88' lang='lat' dir='ltr'><strong>deorum</strong></span> <span class='ocrx_word' id='word_1_438' title='bbox 3088 2862 3285 2900; x_wconf 89' lang='lat' dir='ltr'><strong>nomen</strong></span> <span class='ocrx_word' id='word_1_439' title='bbox 3314 2846 3616 2900; x_wconf 80' lang='lat' dir='ltr'><strong>vindicant.</strong></span> 
     </span>
    </p>
   </div>
   <div class='ocr_carea' id='block_1_59' title="bbox 2036 2938 3620 3011">
    <p class='ocr_par' dir='ltr' id='par_1_59' title="bbox 2036 2938 3620 3011">
     <span class='ocr_line' id='line_1_59' title="bbox 2036 2938 3620 3011; baseline -0.004 -16"><span class='ocrx_word' id='word_1_440' title='bbox 2036 2940 2115 2995; x_wconf 78' lang='lat' dir='ltr'><strong>Ex</strong></span> <span class='ocrx_word' id='word_1_441' title='bbox 2143 2940 2453 3011; x_wconf 80' lang='lat' dir='ltr'><strong>Evangeliis</strong></span> <span class='ocrx_word' id='word_1_442' title='bbox 2475 2940 2640 3010; x_wconf 81' lang='lat' dir='ltr'><strong>igitur</strong></span> <span class='ocrx_word' id='word_1_443' title='bbox 2686 2951 2741 2992; x_wconf 84' lang='lat' dir='ltr'><strong>et</strong></span> <span class='ocrx_word' id='word_1_444' title='bbox 2795 2940 3055 3009; x_wconf 83' lang='lat' dir='ltr'><strong>Epistolis</strong></span> <span class='ocrx_word' id='word_1_445' title='bbox 3102 2938 3419 3008; x_wconf 78' lang='lat' dir='ltr'><strong>apostolicis</strong></span> <span class='ocrx_word' id='word_1_446' title='bbox 3471 2952 3620 2991; x_wconf 87' lang='lat' dir='ltr'><strong>com-</strong></span> 
     </span>
    </p>
   </div>
   <div class='ocr_carea' id='block_1_60' title="bbox 2035 3032 3620 3102">
    <p class='ocr_par' dir='ltr' id='par_1_60' title="bbox 2035 3032 3620 3102">
     <span class='ocr_line' id='line_1_60' title="bbox 2035 3032 3620 3102; baseline -0.001 -17"><span class='ocrx_word' id='word_1_447' title='bbox 2035 3034 2325 3102; x_wconf 85' lang='lat' dir='ltr'><strong>prehensis</strong></span> <span class='ocrx_word' id='word_1_448' title='bbox 2354 3047 2384 3086; x_wconf 89' lang='lat' dir='ltr'><strong>a</strong></span> <span class='ocrx_word' id='word_1_449' title='bbox 2416 3032 2527 3086; x_wconf 89' lang='lat' dir='ltr'><strong>Deo</strong></span> <span class='ocrx_word' id='word_1_450' title='bbox 2568 3034 2783 3087; x_wconf 86' lang='lat' dir='ltr'><strong>traditis</strong></span> <span class='ocrx_word' id='word_1_451' title='bbox 2817 3033 3073 3099; x_wconf 77' lang='lat' dir='ltr'><strong>elaquiis,</strong></span> <span class='ocrx_word' id='word_1_452' title='bbox 3119 3041 3176 3086; x_wconf 87' lang='lat' dir='ltr'><strong>et</strong></span> <span class='ocrx_word' id='word_1_453' title='bbox 3210 3047 3401 3085; x_wconf 89' lang='lat' dir='ltr'><strong>eorum</strong></span> <span class='ocrx_word' id='word_1_454' title='bbox 3449 3046 3620 3100; x_wconf 74' lang='lat' dir='ltr'><strong>expo-</strong></span> 
     </span>
    </p>
   </div>
   <div class='ocr_carea' id='block_1_61' title="bbox 2036 3123 3617 3195">
    <p class='ocr_par' dir='ltr' id='par_1_61' title="bbox 2036 3123 3617 3195">
     <span class='ocr_line' id='line_1_61' title="bbox 2036 3123 3617 3195; baseline -0.003 -17"><span class='ocrx_word' id='word_1_455' title='bbox 2036 3124 2297 3181; x_wconf 86' lang='lat' dir='ltr'><strong>sitoribus</strong></span> <span class='ocrx_word' id='word_1_456' title='bbox 2347 3133 2403 3178; x_wconf 92' lang='lat' dir='ltr'><strong>et</strong></span> <span class='ocrx_word' id='word_1_457' title='bbox 2458 3124 2681 3193; x_wconf 87' lang='lat' dir='ltr'><strong>pietatis</strong></span> <span class='ocrx_word' id='word_1_458' title='bbox 2732 3124 3009 3195; x_wconf 84' lang='lat' dir='ltr'><strong>magistris</strong></span> <span class='ocrx_word' id='word_1_459' title='bbox 3060 3123 3223 3193; x_wconf 87' lang='lat' dir='ltr'><strong>plane</strong></span> <span class='ocrx_word' id='word_1_460' title='bbox 3283 3123 3617 3186; x_wconf 72' lang='lat' dir='ltr'><strong>ostenditur,</strong></span> 
     </span>
    </p>
   </div>
   <div class='ocr_carea' id='block_1_62' title="bbox 345 3206 1931 3294">
    <p class='ocr_par' dir='ltr' id='par_1_62' title="bbox 345 3206 1930 3280">
     <span class='ocr_line' id='line_1_62' title="bbox 345 3206 1930 3280; baseline 0.003 -21"><span class='ocrx_word' id='word_1_461' title='bbox 345 3206 556 3277; x_wconf 83' lang='grc' dir='ltr'>ὅπωςή</span> <span class='ocrx_word' id='word_1_462' title='bbox 596 3211 788 3275; x_wconf 74' lang='grc' dir='ltr'>μόνος</span> <span class='ocrx_word' id='word_1_463' title='bbox 819 3207 970 3278; x_wconf 82' lang='grc' dir='ltr'>φωνὴ</span> <span class='ocrx_word' id='word_1_464' title='bbox 1014 3207 1398 3280; x_wconf 73' lang='grc' dir='ltr'>λαμϐανομένη</span> <span class='ocrx_word' id='word_1_465' title='bbox 1456 3210 1793 3278; x_wconf 85' lang='grc' dir='ltr'>καθέστηκεν</span> <span class='ocrx_word' id='word_1_466' title='bbox 1836 3212 1930 3264; x_wconf 69' lang='grc' dir='ltr'><strong>ἐπὶ</strong></span> 
     </span>
    </p>
   </div>
   <div class='ocr_carea' id='block_1_63' title="bbox 2038 3206 3619 3294">
    <p class='ocr_par' dir='ltr' id='par_1_63' title="bbox 2038 3213 3619 3281">
     <span class='ocr_line' id='line_1_63' title="bbox 2038 3213 3619 3281; baseline -0.003 -12"><span class='ocrx_word' id='word_1_467' title='bbox 2038 3213 2202 3269; x_wconf 90' lang='lat' dir='ltr'><strong>dictio</strong></span> <span class='ocrx_word' id='word_1_468' title='bbox 2229 3213 2373 3268; x_wconf 81' lang='lat' dir='ltr'><strong>solus</strong></span> <span class='ocrx_word' id='word_1_469' title='bbox 2408 3214 2483 3268; x_wconf 91' lang='lat' dir='ltr'><strong>uti</strong></span> <span class='ocrx_word' id='word_1_470' title='bbox 2521 3213 2725 3268; x_wconf 85' lang='lat' dir='ltr'><strong>debeat</strong></span> <span class='ocrx_word' id='word_1_471' title='bbox 2769 3214 2974 3269; x_wconf 82' lang='lat' dir='ltr'><strong>assumi</strong></span> <span class='ocrx_word' id='word_1_472' title='bbox 3005 3215 3071 3268; x_wconf 86' lang='lat' dir='ltr'><strong>de</strong></span> <span class='ocrx_word' id='word_1_473' title='bbox 3115 3213 3484 3267; x_wconf 80' lang='lat' dir='ltr'><strong>monarchieis</strong></span> <span class='ocrx_word' id='word_1_474' title='bbox 3521 3213 3619 3281; x_wconf 74' lang='lat' dir='ltr'><strong>bv-</strong></span> 
     </span>
    </p>
   </div>
   <div class='ocr_carea' id='block_1_64' title="bbox 346 3300 1930 3370">
    <p class='ocr_par' dir='ltr' id='par_1_64' title="bbox 346 3300 1930 3370">
     <span class='ocr_line' id='line_1_64' title="bbox 346 3300 1930 3370; baseline 0.003 -18"><span class='ocrx_word' id='word_1_475' title='bbox 346 3300 458 3353; x_wconf 83' lang='grc' dir='ltr'><strong>τῶν</strong></span> <span class='ocrx_word' id='word_1_476' title='bbox 498 3300 845 3370; x_wconf 84' lang='grc' dir='ltr'>μοναρχικῶν</span> <span class='ocrx_word' id='word_1_477' title='bbox 889 3301 1261 3368; x_wconf 85' lang='grc' dir='ltr'>ὑποστάσεων,</span> <span class='ocrx_word' id='word_1_478' title='bbox 1310 3301 1404 3354; x_wconf 87' lang='grc' dir='ltr'><strong>καί</strong></span> <span class='ocrx_word' id='word_1_479' title='bbox 1434 3319 1597 3355; x_wconf 88' lang='grc' dir='ltr'>τινων</span> <span class='ocrx_word' id='word_1_480' title='bbox 1643 3302 1787 3355; x_wconf 80' lang='grc' dir='ltr'>κατὰ</span> <span class='ocrx_word' id='word_1_481' title='bbox 1811 3303 1930 3356; x_wconf 79' lang='grc' dir='ltr'>δια·-</span> 
     </span>
    </p>
   </div>
   <div class='ocr_carea' id='block_1_65' title="bbox 349 3392 1934 3463">
    <p class='ocr_par' dir='ltr' id='par_1_65' title="bbox 349 3392 1934 3463">
     <span class='ocr_line' id='line_1_65' title="bbox 349 3392 1934 3463; baseline 0 -17"><span class='ocrx_word' id='word_1_482' title='bbox 349 3392 543 3463; x_wconf 82' lang='grc' dir='ltr'>στολὴν</span> <span class='ocrx_word' id='word_1_483' title='bbox 590 3394 684 3446; x_wconf 76' lang='grc' dir='ltr'>καὶ</span> <span class='ocrx_word' id='word_1_484' title='bbox 714 3392 1003 3463; x_wconf 79' lang='grc' dir='ltr'>διαίρεσιν,</span> <span class='ocrx_word' id='word_1_485' title='bbox 1038 3394 1133 3445; x_wconf 79' lang='grc' dir='ltr'>καὶ</span> <span class='ocrx_word' id='word_1_486' title='bbox 1164 3394 1246 3447; x_wconf 86' lang='grc' dir='ltr'><strong>ὅτι</strong></span> <span class='ocrx_word' id='word_1_487' title='bbox 1295 3395 1447 3463; x_wconf 77' lang='grc' dir='ltr'>πηγὴ</span> <span class='ocrx_word' id='word_1_488' title='bbox 1476 3394 1571 3447; x_wconf 85' lang='grc' dir='ltr'><strong>τοῦ</strong></span> <span class='ocrx_word' id='word_1_489' title='bbox 1615 3396 1934 3463; x_wconf 81' lang='grc' dir='ltr'>Πνεῦματος</span> 
     </span>
    </p>
   </div>
   <div class='ocr_carea' id='block_1_66' title="bbox 346 3486 1933 3559">
    <p class='ocr_par' dir='ltr' id='par_1_66' title="bbox 346 3486 1933 3559">
     <span class='ocr_line' id='line_1_66' title="bbox 346 3486 1933 3559; baseline 0.001 -21"><span class='ocrx_word' id='word_1_490' title='bbox 346 3489 375 3538; x_wconf 88' lang='grc' dir='ltr'><strong>ὁ</strong></span> <span class='ocrx_word' id='word_1_491' title='bbox 409 3486 618 3555; x_wconf 78' lang='grc' dir='ltr'>Πατὴρ,</span> <span class='ocrx_word' id='word_1_492' title='bbox 668 3488 765 3539; x_wconf 80' lang='grc' dir='ltr'>καὶ</span> <span class='ocrx_word' id='word_1_493' title='bbox 794 3486 947 3556; x_wconf 85' lang='grc' dir='ltr'>πηγὴ</span> <span class='ocrx_word' id='word_1_494' title='bbox 995 3488 1115 3548; x_wconf 83' lang='grc' dir='ltr'>ταῖς</span> <span class='ocrx_word' id='word_1_495' title='bbox 1162 3487 1353 3550; x_wconf 79' lang='grc' dir='ltr'>αὐταῖς</span> <span class='ocrx_word' id='word_1_496' title='bbox 1383 3487 1680 3559; x_wconf 74' lang='grc' dir='ltr'>διαρρήδην</span> <span class='ocrx_word' id='word_1_497' title='bbox 1729 3489 1933 3557; x_wconf 82' lang='grc' dir='ltr'>φωναῖς</span> 
     </span>
    </p>
   </div>
   <div class='ocr_carea' id='block_1_67' title="bbox 349 3579 1931 3650">
    <p class='ocr_par' dir='ltr' id='par_1_67' title="bbox 349 3579 1931 3650">
     <span class='ocr_line' id='line_1_67' title="bbox 349 3579 1931 3650; baseline 0.001 -18"><span class='ocrx_word' id='word_1_498' title='bbox 349 3579 442 3632; x_wconf 84' lang='grc' dir='ltr'><strong>τοῦ</strong></span> <span class='ocrx_word' id='word_1_499' title='bbox 475 3579 793 3649; x_wconf 82' lang='grc' dir='ltr'>[Ινεύματος</span> <span class='ocrx_word' id='word_1_500' title='bbox 817 3581 845 3632; x_wconf 82' lang='grc' dir='ltr'>ὁ</span> <span class='ocrx_word' id='word_1_501' title='bbox 873 3579 1022 3642; x_wconf 79' lang='grc' dir='ltr'>Υἱός.</span> <span class='ocrx_word' id='word_1_502' title='bbox 1051 3580 1161 3633; x_wconf 75' lang='grc' dir='ltr'><strong>Καὶ</strong></span> <span class='ocrx_word' id='word_1_503' title='bbox 1189 3580 1258 3633; x_wconf 77' lang='grc' dir='ltr'>τὰ</span> <span class='ocrx_word' id='word_1_504' title='bbox 1289 3579 1387 3650; x_wconf 85' lang='grc' dir='ltr'>μὲν</span> <span class='ocrx_word' id='word_1_505' title='bbox 1409 3581 1475 3633; x_wconf 79' lang='grc' dir='ltr'>ὲκ</span> <span class='ocrx_word' id='word_1_506' title='bbox 1498 3581 1703 3633; x_wconf 81' lang='grc' dir='ltr'>τούτων</span> <span class='ocrx_word' id='word_1_507' title='bbox 1730 3581 1931 3634; x_wconf 86' lang='grc' dir='ltr'>τοιάδε.</span> 
     </span>
    </p>
   </div>
   <div class='ocr_carea' id='block_1_68' title="bbox 426 3669 1932 3740">
    <p class='ocr_par' dir='ltr' id='par_1_68' title="bbox 426 3669 1932 3740">
     <span class='ocr_line' id='line_1_68' title="bbox 426 3669 1932 3740; baseline -0.001 -16"><span class='ocrx_word' id='word_1_508' title='bbox 426 3677 533 3724; x_wconf 87' lang='grc' dir='ltr'>κα’.</span> <span class='ocrx_word' id='word_1_509' title='bbox 568 3669 674 3724; x_wconf 87' lang='grc' dir='ltr'>Τοῦ</span> <span class='ocrx_word' id='word_1_510' title='bbox 725 3670 781 3723; x_wconf 83' lang='grc' dir='ltr'>δὲ</span> <span class='ocrx_word' id='word_1_511' title='bbox 810 3670 875 3723; x_wconf 90' lang='grc' dir='ltr'><strong>δι’</strong></span> <span class='ocrx_word' id='word_1_512' title='bbox 907 3670 966 3724; x_wconf 87' lang='grc' dir='ltr'>ὃν</span> <span class='ocrx_word' id='word_1_513' title='bbox 1014 3671 1063 3724; x_wconf 80' lang='lat' dir='ltr'><strong>oi.</strong></span> <span class='ocrx_word' id='word_1_514' title='bbox 1102 3670 1250 3739; x_wconf 86' lang='grc' dir='ltr'>λόγοι</span> <span class='ocrx_word' id='word_1_515' title='bbox 1284 3674 1475 3739; x_wconf 81' lang='grc' dir='ltr'>σαφεῖς</span> <span class='ocrx_word' id='word_1_516' title='bbox 1504 3670 1893 3740; x_wconf 80' lang='grc' dir='ltr'>ἀναγορεύσεις</span> <span class='ocrx_word' id='word_1_517' title='bbox 1916 3685 1932 3704; x_wconf 82' lang='grc' dir='ltr'><strong>ο</strong></span> 
     </span>
    </p>
   </div>
   <div class='ocr_carea' id='block_1_69' title="bbox 358 3761 1935 3834">
    <p class='ocr_par' dir='ltr' id='par_1_69' title="bbox 358 3761 1935 3834">
     <span class='ocr_line' id='line_1_69' title="bbox 358 3761 1935 3834; baseline -0.002 -18"><span class='ocrx_word' id='word_1_518' title='bbox 358 3783 377 3816; x_wconf 78' lang='grc' dir='ltr'><strong>ι</strong></span> <span class='ocrx_word' id='word_1_519' title='bbox 401 3763 460 3817; x_wconf 85' lang='grc' dir='ltr'>Ὀ</span> <span class='ocrx_word' id='word_1_520' title='bbox 479 3764 667 3834; x_wconf 83' lang='grc' dir='ltr'>Πατὴρ</span> <span class='ocrx_word' id='word_1_521' title='bbox 685 3761 866 3825; x_wconf 85' lang='grc' dir='ltr'>καθὼς</span> <span class='ocrx_word' id='word_1_522' title='bbox 882 3763 1047 3833; x_wconf 83' lang='grc' dir='ltr'>γεννᾷ</span> <span class='ocrx_word' id='word_1_523' title='bbox 1065 3762 1213 3825; x_wconf 78' lang='grc' dir='ltr'>Υἰὸν,</span> <span class='ocrx_word' id='word_1_524' title='bbox 1236 3761 1564 3832; x_wconf 77' lang='grc' dir='ltr'>ὀνομάζεται</span> <span class='ocrx_word' id='word_1_525' title='bbox 1586 3764 1797 3832; x_wconf 78' lang='grc' dir='ltr'>Πατὴρ,</span> <span class='ocrx_word' id='word_1_526' title='bbox 1810 3761 1935 3815; x_wconf 82' lang='grc' dir='ltr'>καθ’</span> 
     </span>
    </p>
   </div>
   <div class='ocr_carea' id='block_1_70' title="bbox 348 3852 1934 3924">
    <p class='ocr_par' dir='ltr' id='par_1_70' title="bbox 348 3852 1934 3924">
     <span class='ocr_line' id='line_1_70' title="bbox 348 3852 1934 3924; baseline -0.001 -17"><span class='ocrx_word' id='word_1_527' title='bbox 348 3854 378 3907; x_wconf 82' lang='grc' dir='ltr'><strong>ὃ</strong></span> <span class='ocrx_word' id='word_1_528' title='bbox 400 3854 456 3907; x_wconf 80' lang='grc' dir='ltr'>δὲ</span> <span class='ocrx_word' id='word_1_529' title='bbox 477 3853 765 3924; x_wconf 70' lang='grc' dir='ltr'>ἐκπορεύει</span> <span class='ocrx_word' id='word_1_530' title='bbox 780 3852 1022 3924; x_wconf 85' lang='grc' dir='ltr'>Πνεῦμα,</span> <span class='ocrx_word' id='word_1_531' title='bbox 1042 3854 1455 3923; x_wconf 82' lang='grc' dir='ltr'>οὐκέτιΠατὴρ,</span> <span class='ocrx_word' id='word_1_532' title='bbox 1473 3854 1609 3907; x_wconf 79' lang='grc' dir='ltr'>ἀλλὰ</span> <span class='ocrx_word' id='word_1_533' title='bbox 1634 3853 1934 3923; x_wconf 79' lang='grc' dir='ltr'>προὸολεὺς</span> 
     </span>
    </p>
   </div>
   <div class='ocr_carea' id='block_1_71' title="bbox 242 3945 1938 4019">
    <p class='ocr_par' dir='ltr' id='par_1_71' title="bbox 242 3945 1938 4019">
     <span class='ocr_line' id='line_1_71' title="bbox 242 3945 1938 4019; baseline -0.001 -18"><span class='ocrx_word' id='word_1_534' title='bbox 242 3962 249 3971; x_wconf 81' lang='lat'><strong>‘</strong></span> <span class='ocrx_word' id='word_1_535' title='bbox 350 3946 695 4017; x_wconf 74' lang='grc' dir='ltr'>ὀνομάζεται.</span> <span class='ocrx_word' id='word_1_536' title='bbox 732 3948 923 4001; x_wconf 83' lang='grc' dir='ltr'>Ἔστιν</span> <span class='ocrx_word' id='word_1_537' title='bbox 955 3945 1047 4003; x_wconf 84' lang='grc' dir='ltr'><strong>οῦν</strong></span> <span class='ocrx_word' id='word_1_538' title='bbox 1071 3952 1099 4003; x_wconf 86' lang='grc' dir='ltr'>ὁ</span> <span class='ocrx_word' id='word_1_539' title='bbox 1124 3948 1313 4018; x_wconf 82' lang='grc' dir='ltr'>Πατὴρ</span> <span class='ocrx_word' id='word_1_540' title='bbox 1353 3950 1445 4002; x_wconf 74' lang='grc' dir='ltr'>καὶ</span> <span class='ocrx_word' id='word_1_541' title='bbox 1465 3948 1654 4019; x_wconf 80' lang='grc' dir='ltr'>Πατὴρ</span> <span class='ocrx_word' id='word_1_542' title='bbox 1682 3948 1778 4001; x_wconf 78' lang='grc' dir='ltr'>καὶ</span> <span class='ocrx_word' id='word_1_543' title='bbox 1803 3963 1938 4017; x_wconf 84' lang='grc' dir='ltr'>προ-</span> 
     </span>
    </p>
   </div>
   <div class='ocr_carea' id='block_1_72' title="bbox 354 4037 1938 4111">
    <p class='ocr_par' dir='ltr' id='par_1_72' title="bbox 354 4037 1938 4111">
     <span class='ocr_line' id='line_1_72' title="bbox 354 4037 1938 4111; baseline 0.001 -20"><span class='ocrx_word' id='word_1_544' title='bbox 354 4037 567 4103; x_wconf 80' lang='grc' dir='ltr'>ὕολεύς.</span> <span class='ocrx_word' id='word_1_545' title='bbox 610 4039 723 4093; x_wconf 81' lang='lat' dir='ltr'><strong>&#39;Ev‘t</strong></span> <span class='ocrx_word' id='word_1_546' title='bbox 770 4040 828 4093; x_wconf 79' lang='grc' dir='ltr'>δὲ</span> <span class='ocrx_word' id='word_1_547' title='bbox 878 4039 1102 4104; x_wconf 84' lang='grc' dir='ltr'>ὀνόματι</span> <span class='ocrx_word' id='word_1_548' title='bbox 1142 4039 1463 4111; x_wconf 86' lang='grc' dir='ltr'>συναπτικῷ</span> <span class='ocrx_word' id='word_1_549' title='bbox 1505 4039 1712 4093; x_wconf 84' lang='grc' dir='ltr'>τούτων</span> <span class='ocrx_word' id='word_1_550' title='bbox 1738 4039 1938 4110; x_wconf 78' lang='grc' dir='ltr'>ὀνομάο</span> 
     </span>
    </p>
   </div>
   <div class='ocr_carea' id='block_1_73' title="bbox 354 4131 1939 4202">
    <p class='ocr_par' dir='ltr' id='par_1_73' title="bbox 354 4131 1939 4202">
     <span class='ocr_line' id='line_1_73' title="bbox 354 4131 1939 4202; baseline -0.001 -18"><span class='ocrx_word' id='word_1_551' title='bbox 354 4132 506 4195; x_wconf 75' lang='grc' dir='ltr'>ζεται</span> <span class='ocrx_word' id='word_1_552' title='bbox 531 4133 700 4202; x_wconf 82' lang='grc' dir='ltr'>πηγή.</span> <span class='ocrx_word' id='word_1_553' title='bbox 732 4151 750 4184; x_wconf 79' lang='grc' dir='ltr'><strong>ι</strong></span> <span class='ocrx_word' id='word_1_554' title='bbox 780 4134 887 4186; x_wconf 75' lang='grc' dir='ltr'><strong>Καὶ</strong></span> <span class='ocrx_word' id='word_1_555' title='bbox 906 4134 1047 4202; x_wconf 84' lang='grc' dir='ltr'>μετά</span> <span class='ocrx_word' id='word_1_556' title='bbox 1060 4149 1185 4186; x_wconf 87' lang='grc' dir='ltr'>τινα</span> <span class='ocrx_word' id='word_1_557' title='bbox 1202 4133 1503 4186; x_wconf 84' lang='grc' dir='ltr'>συστατικὰ</span> <span class='ocrx_word' id='word_1_558' title='bbox 1519 4131 1687 4185; x_wconf 88' lang='grc' dir='ltr'>τῶνδε</span> <span class='ocrx_word' id='word_1_559' title='bbox 1712 4149 1722 4160; x_wconf 94' lang='grc'><strong>·</strong></span> <span class='ocrx_word' id='word_1_560' title='bbox 1752 4150 1770 4183; x_wconf 82' lang='grc' dir='ltr'><strong>ι</strong></span> <span class='ocrx_word' id='word_1_561' title='bbox 1791 4131 1939 4185; x_wconf 82' lang='grc' dir='ltr'>Ταυ-</span> 
     </span>
    </p>
   </div>
   <div class='ocr_carea' id='block_1_74' title="bbox 353 4223 1939 4296">
    <p class='ocr_par' dir='ltr' id='par_1_74' title="bbox 353 4223 1939 4296">
     <span class='ocr_line' id='line_1_74' title="bbox 353 4223 1939 4296; baseline 0.001 -19"><span class='ocrx_word' id='word_1_562' title='bbox 353 4227 445 4278; x_wconf 84' lang='grc' dir='ltr'>τὸν</span> <span class='ocrx_word' id='word_1_563' title='bbox 499 4227 616 4279; x_wconf 70' lang='grc' dir='ltr'>ἐστι</span> <span class='ocrx_word' id='word_1_564' title='bbox 666 4226 817 4295; x_wconf 84' lang='grc' dir='ltr'>πηγὴ</span> <span class='ocrx_word' id='word_1_565' title='bbox 863 4226 1139 4296; x_wconf 84' lang='grc' dir='ltr'>θεότητος,</span> <span class='ocrx_word' id='word_1_566' title='bbox 1185 4223 1377 4294; x_wconf 85' lang='grc' dir='ltr'>ὥσπερ</span> <span class='ocrx_word' id='word_1_567' title='bbox 1433 4227 1482 4277; x_wconf 85' lang='grc' dir='ltr'><strong>εί</strong></span> <span class='ocrx_word' id='word_1_568' title='bbox 1536 4223 1753 4289; x_wconf 77' lang='grc' dir='ltr'>ἐλέγετο</span> <span class='ocrx_word' id='word_1_569' title='bbox 1787 4224 1939 4295; x_wconf 85' lang='grc' dir='ltr'>πηγὴ</span> 
     </span>
    </p>
   </div>
   <div class='ocr_carea' id='block_1_75' title="bbox 355 4316 1940 4388">
    <p class='ocr_par' dir='ltr' id='par_1_75' title="bbox 355 4316 1940 4388">
     <span class='ocr_line' id='line_1_75' title="bbox 355 4316 1940 4388; baseline -0.001 -17"><span class='ocrx_word' id='word_1_570' title='bbox 355 4319 487 4372; x_wconf 84' lang='grc' dir='ltr'>Υίοῦ</span> <span class='ocrx_word' id='word_1_571' title='bbox 542 4321 639 4371; x_wconf 85' lang='grc' dir='ltr'>καὶ</span> <span class='ocrx_word' id='word_1_572' title='bbox 690 4317 1028 4388; x_wconf 76' lang='grc' dir='ltr'>Πνεῦματος.</span> <span class='ocrx_word' id='word_1_573' title='bbox 1087 4319 1199 4372; x_wconf 75' lang='grc' dir='ltr'><strong>Καὶ</strong></span> <span class='ocrx_word' id='word_1_574' title='bbox 1246 4317 1416 4371; x_wconf 76' lang='grc' dir='ltr'>ταυτὸ</span> <span class='ocrx_word' id='word_1_575' title='bbox 1459 4317 1624 4370; x_wconf 79' lang='grc' dir='ltr'>πάλιν</span> <span class='ocrx_word' id='word_1_576' title='bbox 1670 4317 1752 4383; x_wconf 85' lang='grc' dir='ltr'>τὸ,</span> <span class='ocrx_word' id='word_1_577' title='bbox 1787 4316 1940 4386; x_wconf 84' lang='grc' dir='ltr'>πηγὴ</span> 
     </span>
    </p>
   </div>
   <div class='ocr_carea' id='block_1_76' title="bbox 354 4407 1938 4480">
    <p class='ocr_par' dir='ltr' id='par_1_76' title="bbox 354 4407 1938 4480">
     <span class='ocr_line' id='line_1_76' title="bbox 354 4407 1938 4480; baseline -0.003 -16"><span class='ocrx_word' id='word_1_578' title='bbox 354 4410 484 4464; x_wconf 81' lang='grc' dir='ltr'>Υἰοῦ</span> <span class='ocrx_word' id='word_1_579' title='bbox 518 4414 612 4463; x_wconf 68' lang='grc' dir='ltr'>καὶ</span> <span class='ocrx_word' id='word_1_580' title='bbox 636 4408 1181 4480; x_wconf 82' lang='grc' dir='ltr'>ΙΙνεύματος,ὥσπερ</span> <span class='ocrx_word' id='word_1_581' title='bbox 1205 4410 1257 4461; x_wconf 82' lang='grc' dir='ltr'>ετ</span> <span class='ocrx_word' id='word_1_582' title='bbox 1280 4425 1363 4471; x_wconf 90' lang='grc' dir='ltr'><strong>τις</strong></span> <span class='ocrx_word' id='word_1_583' title='bbox 1393 4407 1563 4476; x_wconf 90' lang='grc' dir='ltr'>λέγει,</span> <span class='ocrx_word' id='word_1_584' title='bbox 1591 4408 1778 4478; x_wconf 82' lang='grc' dir='ltr'>Πατὴρ</span> <span class='ocrx_word' id='word_1_585' title='bbox 1814 4407 1938 4461; x_wconf 83' lang='grc' dir='ltr'><strong>Υίοῦ</strong></span> 
     </span>
    </p>
   </div>
   <div class='ocr_carea' id='block_1_77' title="bbox 355 4499 1938 4576">
    <p class='ocr_par' dir='ltr' id='par_1_77' title="bbox 355 4499 1938 4576">
     <span class='ocr_line' id='line_1_77' title="bbox 355 4499 1938 4576; baseline -0.004 -19"><span class='ocrx_word' id='word_1_586' title='bbox 355 4508 448 4557; x_wconf 79' lang='grc' dir='ltr'>καὶ</span> <span class='ocrx_word' id='word_1_587' title='bbox 483 4503 784 4576; x_wconf 81' lang='grc' dir='ltr'>προϐολεὺς</span> <span class='ocrx_word' id='word_1_588' title='bbox 810 4501 1150 4570; x_wconf 83' lang='grc' dir='ltr'>Πνεύματος.</span> <span class='ocrx_word' id='word_1_589' title='bbox 1185 4521 1204 4553; x_wconf 74' lang='grc' dir='ltr'><strong>ι</strong></span> <span class='ocrx_word' id='word_1_590' title='bbox 1227 4502 1416 4555; x_wconf 81' lang='grc' dir='ltr'>Ταῦτα</span> <span class='ocrx_word' id='word_1_591' title='bbox 1436 4501 1532 4554; x_wconf 75' lang='grc' dir='ltr'>καὶ</span> <span class='ocrx_word' id='word_1_592' title='bbox 1561 4499 1728 4553; x_wconf 72' lang='grc' dir='ltr'>λοιπὰ</span> <span class='ocrx_word' id='word_1_593' title='bbox 1758 4500 1938 4553; x_wconf 84' lang='grc' dir='ltr'>τοῖσδε</span> 
     </span>
    </p>
   </div>
   <div class='ocr_carea' id='block_1_78' title="bbox 2034 3306 3619 3376">
    <p class='ocr_par' dir='ltr' id='par_1_78' title="bbox 2034 3306 3619 3376">
     <span class='ocr_line' id='line_1_78' title="bbox 2034 3306 3619 3376; baseline -0.004 -16"><span class='ocrx_word' id='word_1_594' title='bbox 2034 3307 2373 3376; x_wconf 87' lang='lat' dir='ltr'><strong>postasibus,</strong></span> <span class='ocrx_word' id='word_1_595' title='bbox 2404 3316 2455 3360; x_wconf 83' lang='lat' dir='ltr'><strong>et</strong></span> <span class='ocrx_word' id='word_1_596' title='bbox 2494 3323 2561 3359; x_wconf 83' lang='lat' dir='ltr'><strong>ex</strong></span> <span class='ocrx_word' id='word_1_597' title='bbox 2604 3307 2669 3359; x_wconf 91' lang='lat' dir='ltr'><strong>iis</strong></span> <span class='ocrx_word' id='word_1_598' title='bbox 2713 3322 2849 3375; x_wconf 87' lang='lat' dir='ltr'><strong>quas</strong></span> <span class='ocrx_word' id='word_1_599' title='bbox 2905 3306 3206 3367; x_wconf 83' lang='lat' dir='ltr'><strong>discernat,</strong></span> <span class='ocrx_word' id='word_1_600' title='bbox 3266 3320 3329 3359; x_wconf 84' lang='lat' dir='ltr'><strong>ac</strong></span> <span class='ocrx_word' id='word_1_601' title='bbox 3364 3313 3619 3373; x_wconf 84' lang='lat' dir='ltr'><strong>separet;</strong></span> 
     </span>
    </p>
   </div>
   <div class='ocr_carea' id='block_1_79' title="bbox 2035 3395 3620 3466">
    <p class='ocr_par' dir='ltr' id='par_1_79' title="bbox 2035 3395 3620 3466">
     <span class='ocr_line' id='line_1_79' title="bbox 2035 3395 3620 3466; baseline -0.003 -15"><span class='ocrx_word' id='word_1_602' title='bbox 2035 3406 2092 3451; x_wconf 89' lang='lat' dir='ltr'><strong>et</strong></span> <span class='ocrx_word' id='word_1_603' title='bbox 2120 3397 2324 3451; x_wconf 77' lang='lat' dir='ltr'><strong>fontem</strong></span> <span class='ocrx_word' id='word_1_604' title='bbox 2359 3396 2598 3466; x_wconf 85' lang='lat' dir='ltr'><strong>Spiritus</strong></span> <span class='ocrx_word' id='word_1_605' title='bbox 2630 3396 2846 3451; x_wconf 84' lang='lat' dir='ltr'><strong>Patrem</strong></span> <span class='ocrx_word' id='word_1_606' title='bbox 2876 3399 3029 3466; x_wconf 66' lang='lat' dir='ltr'><strong>fesse,</strong></span> <span class='ocrx_word' id='word_1_607' title='bbox 3076 3405 3131 3451; x_wconf 89' lang='lat' dir='ltr'><strong>et</strong></span> <span class='ocrx_word' id='word_1_608' title='bbox 3172 3396 3380 3450; x_wconf 79' lang='lat' dir='ltr'><strong>fontem</strong></span> <span class='ocrx_word' id='word_1_609' title='bbox 3426 3395 3620 3448; x_wconf 86' lang='lat' dir='ltr'><strong>iisdem</strong></span> 
     </span>
    </p>
   </div>
   <div class='ocr_carea' id='block_1_80' title="bbox 2038 3487 3619 3560">
    <p class='ocr_par' dir='ltr' id='par_1_80' title="bbox 2038 3487 3619 3560">
     <span class='ocr_line' id='line_1_80' title="bbox 2038 3487 3619 3560; baseline -0.003 -18"><span class='ocrx_word' id='word_1_610' title='bbox 2038 3489 2175 3557; x_wconf 83' lang='lat' dir='ltr'><strong>ipsis</strong></span> <span class='ocrx_word' id='word_1_611' title='bbox 2197 3488 2531 3543; x_wconf 86' lang='lat' dir='ltr'><strong>dictionibus</strong></span> <span class='ocrx_word' id='word_1_612' title='bbox 2563 3498 2755 3559; x_wconf 84' lang='lat' dir='ltr'><strong>aperte</strong></span> <span class='ocrx_word' id='word_1_613' title='bbox 2789 3487 2987 3544; x_wconf 75' lang='lat' dir='ltr'><strong>Filium</strong></span> <span class='ocrx_word' id='word_1_614' title='bbox 3042 3489 3284 3560; x_wconf 86' lang='lat' dir='ltr'><strong>Spiritus</strong></span> <span class='ocrx_word' id='word_1_615' title='bbox 3330 3488 3619 3543; x_wconf 85' lang='lat' dir='ltr'><strong>insinuari.</strong></span> 
     </span>
    </p>
   </div>
   <div class='ocr_carea' id='block_1_81' title="bbox 2036 3580 3071 3651">
    <p class='ocr_par' dir='ltr' id='par_1_81' title="bbox 2036 3580 3071 3651">
     <span class='ocr_line' id='line_1_81' title="bbox 2036 3580 3071 3651; baseline 0.001 -18"><span class='ocrx_word' id='word_1_616' title='bbox 2036 3580 2104 3634; x_wconf 87' lang='lat' dir='ltr'><strong>Et</strong></span> <span class='ocrx_word' id='word_1_617' title='bbox 2138 3581 2255 3635; x_wconf 54' lang='lat' dir='ltr'><strong>hac</strong></span> <span class='ocrx_word' id='word_1_618' title='bbox 2282 3582 2504 3649; x_wconf 85' lang='lat' dir='ltr'><strong>quidem</strong></span> <span class='ocrx_word' id='word_1_619' title='bbox 2530 3582 2684 3637; x_wconf 87' lang='lat' dir='ltr'><strong>hisce</strong></span> <span class='ocrx_word' id='word_1_620' title='bbox 2715 3583 3071 3651; x_wconf 77' lang='lat' dir='ltr'><strong>colliguntur.</strong></span> 
     </span>
    </p>
   </div>
   <div class='ocr_carea' id='block_1_82' title="bbox 2105 3672 3624 3741">
    <p class='ocr_par' dir='ltr' id='par_1_82' title="bbox 2105 3672 3624 3741">
     <span class='ocr_line' id='line_1_82' title="bbox 2105 3672 3624 3741; baseline -0.001 -15"><span class='ocrx_word' id='word_1_621' title='bbox 2105 3672 2196 3726; x_wconf 75' lang='grc'><strong>21.</strong></span> <span class='ocrx_word' id='word_1_622' title='bbox 2229 3673 2300 3725; x_wconf 81' lang='lat' dir='ltr'><strong>At</strong></span> <span class='ocrx_word' id='word_1_623' title='bbox 2325 3673 2487 3741; x_wconf 87' lang='lat' dir='ltr'><strong>hujus</strong></span> <span class='ocrx_word' id='word_1_624' title='bbox 2521 3673 2590 3726; x_wconf 88' lang='lat' dir='ltr'><strong>de</strong></span> <span class='ocrx_word' id='word_1_625' title='bbox 2629 3688 2741 3741; x_wconf 89' lang='lat' dir='ltr'><strong>quo</strong></span> <span class='ocrx_word' id='word_1_626' title='bbox 2790 3674 2951 3727; x_wconf 88' lang='lat' dir='ltr'><strong>nobis</strong></span> <span class='ocrx_word' id='word_1_627' title='bbox 2981 3688 3166 3727; x_wconf 88' lang='lat' dir='ltr'><strong>sermo</strong></span> <span class='ocrx_word' id='word_1_628' title='bbox 3192 3683 3277 3727; x_wconf 87' lang='lat' dir='ltr'><strong>est</strong></span> <span class='ocrx_word' id='word_1_629' title='bbox 3299 3714 3312 3737; x_wconf 86' lang='lat'><strong>,</strong></span> <span class='ocrx_word' id='word_1_630' title='bbox 3372 3688 3624 3741; x_wconf 87' lang='lat' dir='ltr'><strong>pronun-</strong></span> 
     </span>
    </p>
   </div>
   <div class='ocr_carea' id='block_1_83' title="bbox 2036 3762 3626 3834">
    <p class='ocr_par' dir='ltr' id='par_1_83' title="bbox 2036 3762 3626 3834">
     <span class='ocr_line' id='line_1_83' title="bbox 2036 3762 3626 3834; baseline -0.001 -17"><span class='ocrx_word' id='word_1_631' title='bbox 2036 3762 2165 3817; x_wconf 86' lang='lat' dir='ltr'><strong>tiata</strong></span> <span class='ocrx_word' id='word_1_632' title='bbox 2189 3762 2488 3818; x_wconf 85' lang='lat' dir='ltr'><strong>indubitata</strong></span> <span class='ocrx_word' id='word_1_633' title='bbox 2519 3779 2533 3816; x_wconf 91' lang='lat'><strong>:</strong></span> <span class='ocrx_word' id='word_1_634' title='bbox 2567 3783 2586 3815; x_wconf 88' lang='grc' dir='ltr'><strong>ι</strong></span> <span class='ocrx_word' id='word_1_635' title='bbox 2624 3764 2783 3817; x_wconf 87' lang='lat' dir='ltr'><strong>Pater</strong></span> <span class='ocrx_word' id='word_1_636' title='bbox 2816 3778 2922 3832; x_wconf 86' lang='lat' dir='ltr'><strong>qua</strong></span> <span class='ocrx_word' id='word_1_637' title='bbox 2946 3773 3169 3834; x_wconf 76' lang='lat' dir='ltr'><strong>generat</strong></span> <span class='ocrx_word' id='word_1_638' title='bbox 3213 3764 3431 3824; x_wconf 86' lang='lat' dir='ltr'><strong>Filium,</strong></span> <span class='ocrx_word' id='word_1_639' title='bbox 3463 3763 3626 3817; x_wconf 78' lang='lat' dir='ltr'><strong>Pater</strong></span> 
     </span>
    </p>
   </div>
   <div class='ocr_carea' id='block_1_84' title="bbox 2040 3856 3624 3926">
    <p class='ocr_par' dir='ltr' id='par_1_84' title="bbox 2040 3856 3624 3926">
     <span class='ocr_line' id='line_1_84' title="bbox 2040 3856 3624 3926; baseline 0 -17"><span class='ocrx_word' id='word_1_640' title='bbox 2040 3865 2407 3924; x_wconf 83' lang='lat' dir='ltr'><strong>nuncupatur,</strong></span> <span class='ocrx_word' id='word_1_641' title='bbox 2473 3872 2580 3926; x_wconf 87' lang='lat' dir='ltr'><strong>qua</strong></span> <span class='ocrx_word' id='word_1_642' title='bbox 2628 3871 2761 3910; x_wconf 87' lang='lat' dir='ltr'><strong>vero</strong></span> <span class='ocrx_word' id='word_1_643' title='bbox 2800 3856 3062 3925; x_wconf 85' lang='lat' dir='ltr'><strong>Spiritum</strong></span> <span class='ocrx_word' id='word_1_644' title='bbox 3124 3857 3420 3925; x_wconf 83' lang='lat' dir='ltr'><strong>procedere</strong></span> <span class='ocrx_word' id='word_1_645' title='bbox 3473 3857 3624 3917; x_wconf 83' lang='lat' dir='ltr'><strong>facit,</strong></span> 
     </span>
    </p>
   </div>
   <div class='ocr_carea' id='block_1_85' title="bbox 2036 3947 3630 4019">
    <p class='ocr_par' dir='ltr' id='par_1_85' title="bbox 2036 3947 3630 4019">
     <span class='ocr_line' id='line_1_85' title="bbox 2036 3947 3630 4019; baseline -0.001 -16"><span class='ocrx_word' id='word_1_646' title='bbox 2036 3964 2148 4003; x_wconf 92' lang='lat' dir='ltr'><strong>non</strong></span> <span class='ocrx_word' id='word_1_647' title='bbox 2180 3947 2419 4017; x_wconf 91' lang='lat' dir='ltr'><strong>amplius</strong></span> <span class='ocrx_word' id='word_1_648' title='bbox 2469 3949 2647 4015; x_wconf 81' lang='lat' dir='ltr'><strong>l’ater,</strong></span> <span class='ocrx_word' id='word_1_649' title='bbox 2681 3948 2777 4003; x_wconf 86' lang='lat' dir='ltr'><strong>sed</strong></span> <span class='ocrx_word' id='word_1_650' title='bbox 2812 3951 3110 4018; x_wconf 81' lang='lat' dir='ltr'><strong>productor</strong></span> <span class='ocrx_word' id='word_1_651' title='bbox 3163 3950 3486 4019; x_wconf 82' lang='lat' dir='ltr'><strong>appellatur.</strong></span> <span class='ocrx_word' id='word_1_652' title='bbox 3533 3948 3630 4002; x_wconf 58' lang='lat' dir='ltr'><strong>list</strong></span> 
     </span>
    </p>
   </div>
   <div class='ocr_carea' id='block_1_86' title="bbox 2038 4038 3626 4113">
    <p class='ocr_par' dir='ltr' id='par_1_86' title="bbox 2038 4038 3626 4113">
     <span class='ocr_line' id='line_1_86' title="bbox 2038 4038 3626 4113; baseline -0.003 -18"><span class='ocrx_word' id='word_1_653' title='bbox 2038 4042 2203 4113; x_wconf 81' lang='lat' dir='ltr'><strong>igitur</strong></span> <span class='ocrx_word' id='word_1_654' title='bbox 2233 4040 2391 4095; x_wconf 85' lang='lat' dir='ltr'><strong>Pater</strong></span> <span class='ocrx_word' id='word_1_655' title='bbox 2427 4050 2484 4094; x_wconf 89' lang='lat' dir='ltr'><strong>et</strong></span> <span class='ocrx_word' id='word_1_656' title='bbox 2527 4038 2690 4095; x_wconf 88' lang='lat' dir='ltr'><strong>Pater</strong></span> <span class='ocrx_word' id='word_1_657' title='bbox 2716 4052 2773 4095; x_wconf 90' lang='lat' dir='ltr'><strong>et</strong></span> <span class='ocrx_word' id='word_1_658' title='bbox 2825 4043 3138 4111; x_wconf 85' lang='lat' dir='ltr'><strong>productor,</strong></span> <span class='ocrx_word' id='word_1_659' title='bbox 3190 4056 3301 4094; x_wconf 90' lang='lat' dir='ltr'><strong>uno</strong></span> <span class='ocrx_word' id='word_1_660' title='bbox 3347 4055 3476 4095; x_wconf 84' lang='lat' dir='ltr'><strong>vero</strong></span> <span class='ocrx_word' id='word_1_661' title='bbox 3525 4055 3626 4092; x_wconf 71' lang='lat' dir='ltr'><strong>no~</strong></span> 
     </span>
    </p>
   </div>
   <div class='ocr_carea' id='block_1_87' title="bbox 2041 4131 3635 4203">
    <p class='ocr_par' dir='ltr' id='par_1_87' title="bbox 2041 4131 3635 4203">
     <span class='ocr_line' id='line_1_87' title="bbox 2041 4131 3635 4203; baseline -0.001 -17"><span class='ocrx_word' id='word_1_662' title='bbox 2041 4131 2188 4187; x_wconf 88' lang='lat' dir='ltr'><strong>mine</strong></span> <span class='ocrx_word' id='word_1_663' title='bbox 2220 4132 2365 4203; x_wconf 86' lang='lat' dir='ltr'><strong>quod</strong></span> <span class='ocrx_word' id='word_1_664' title='bbox 2404 4133 2521 4187; x_wconf 65' lang='lat' dir='ltr'><strong>haec</strong></span> <span class='ocrx_word' id='word_1_665' title='bbox 2553 4133 2664 4187; x_wconf 86' lang='lat' dir='ltr'><strong>duo</strong></span> <span class='ocrx_word' id='word_1_666' title='bbox 2694 4135 2950 4203; x_wconf 72' lang='lat' dir='ltr'><strong>colligat.§</strong></span> <span class='ocrx_word' id='word_1_667' title='bbox 2977 4134 3285 4203; x_wconf 80' lang='lat' dir='ltr'><strong>appellatur</strong></span> <span class='ocrx_word' id='word_1_668' title='bbox 3319 4134 3460 4187; x_wconf 88' lang='lat' dir='ltr'><strong>l&#39;ons.</strong></span> <span class='ocrx_word' id='word_1_669' title='bbox 3506 4151 3526 4183; x_wconf 85' lang='grc'><strong>›</strong></span> <span class='ocrx_word' id='word_1_670' title='bbox 3563 4131 3635 4185; x_wconf 86' lang='lat' dir='ltr'><strong>Et</strong></span> 
     </span>
    </p>
   </div>
   <div class='ocr_carea' id='block_1_88' title="bbox 2041 4222 3643 4295">
    <p class='ocr_par' dir='ltr' id='par_1_88' title="bbox 2041 4222 3643 4295">
     <span class='ocr_line' id='line_1_88' title="bbox 2041 4222 3643 4295; baseline 0.001 -21"><span class='ocrx_word' id='word_1_671' title='bbox 2041 4233 2163 4293; x_wconf 88' lang='lat' dir='ltr'><strong>post</strong></span> <span class='ocrx_word' id='word_1_672' title='bbox 2191 4225 2486 4278; x_wconf 90' lang='lat' dir='ltr'><strong>nonnullas</strong></span> <span class='ocrx_word' id='word_1_673' title='bbox 2538 4224 2733 4278; x_wconf 87' lang='lat' dir='ltr'><strong>borum</strong></span> <span class='ocrx_word' id='word_1_674' title='bbox 2772 4226 3127 4295; x_wconf 73' lang='lat' dir='ltr'><strong>probationes</strong></span> <span class='ocrx_word' id='word_1_675' title='bbox 3163 4225 3416 4279; x_wconf 87' lang='lat' dir='ltr'><strong>additas:</strong></span> <span class='ocrx_word' id='word_1_676' title='bbox 3453 4243 3471 4275; x_wconf 84' lang='grc' dir='ltr'><strong>ι</strong></span> <span class='ocrx_word' id='word_1_677' title='bbox 3513 4222 3643 4275; x_wconf 85' lang='lat' dir='ltr'><strong>Erit&#39;</strong></span> 
     </span>
    </p>
   </div>
   <div class='ocr_carea' id='block_1_89' title="bbox 2040 4317 3631 4388">
    <p class='ocr_par' dir='ltr' id='par_1_89' title="bbox 2040 4317 3631 4388">
     <span class='ocr_line' id='line_1_89' title="bbox 2040 4317 3631 4388; baseline -0.001 -18"><span class='ocrx_word' id='word_1_678' title='bbox 2040 4317 2164 4372; x_wconf 81' lang='lat' dir='ltr'><strong>fons</strong></span> <span class='ocrx_word' id='word_1_679' title='bbox 2201 4317 2525 4382; x_wconf 83' lang='lat' dir='ltr'><strong>divinitatis,</strong></span> <span class='ocrx_word' id='word_1_680' title='bbox 2572 4335 2725 4388; x_wconf 56' lang='lat' dir='ltr'><strong>a&#39;que</strong></span> <span class='ocrx_word' id='word_1_681' title='bbox 2773 4336 2837 4373; x_wconf 88' lang='lat' dir='ltr'><strong>ac</strong></span> <span class='ocrx_word' id='word_1_682' title='bbox 2879 4320 2921 4373; x_wconf 88' lang='lat' dir='ltr'><strong>si</strong></span> <span class='ocrx_word' id='word_1_683' title='bbox 2959 4319 3165 4372; x_wconf 86' lang='lat' dir='ltr'><strong>dixeris</strong></span> <span class='ocrx_word' id='word_1_684' title='bbox 3225 4318 3347 4372; x_wconf 76' lang='lat' dir='ltr'><strong>fons</strong></span> <span class='ocrx_word' id='word_1_685' title='bbox 3404 4317 3525 4371; x_wconf 86' lang='lat' dir='ltr'><strong>Filii</strong></span> <span class='ocrx_word' id='word_1_686' title='bbox 3575 4328 3631 4369; x_wconf 90' lang='lat' dir='ltr'><strong>et-</strong></span> 
     </span>
    </p>
   </div>
   <div class='ocr_carea' id='block_1_90' title="bbox 2044 4409 3629 4481">
    <p class='ocr_par' dir='ltr' id='par_1_90' title="bbox 2044 4409 3629 4481">
     <span class='ocr_line' id='line_1_90' title="bbox 2044 4409 3629 4481; baseline -0.003 -17"><span class='ocrx_word' id='word_1_687' title='bbox 2044 4410 2306 4481; x_wconf 87' lang='lat' dir='ltr'><strong>Spiritus,</strong></span> <span class='ocrx_word' id='word_1_688' title='bbox 2339 4421 2395 4465; x_wconf 88' lang='lat' dir='ltr'><strong>et</strong></span> <span class='ocrx_word' id='word_1_689' title='bbox 2426 4427 2615 4467; x_wconf 86' lang='lat' dir='ltr'><strong>rursus</strong></span> <span class='ocrx_word' id='word_1_690' title='bbox 2647 4411 2772 4466; x_wconf 81' lang='lat' dir='ltr'><strong>fons</strong></span> <span class='ocrx_word' id='word_1_691' title='bbox 2816 4412 2937 4466; x_wconf 86' lang='lat' dir='ltr'><strong>Filii</strong></span> <span class='ocrx_word' id='word_1_692' title='bbox 2964 4421 3019 4466; x_wconf 86' lang='lat' dir='ltr'><strong>et</strong></span> <span class='ocrx_word' id='word_1_693' title='bbox 3061 4409 3320 4480; x_wconf 81' lang='lat' dir='ltr'><strong>Spiritus,</strong></span> <span class='ocrx_word' id='word_1_694' title='bbox 3370 4425 3523 4479; x_wconf 80' lang='lat' dir='ltr'><strong>aeque</strong></span> <span class='ocrx_word' id='word_1_695' title='bbox 3565 4424 3629 4461; x_wconf 82' lang='lat' dir='ltr'><strong>ac.</strong></span> 
     </span>
    </p>
   </div>
   <div class='ocr_carea' id='block_1_91' title="bbox 2043 4497 3655 4572">
    <p class='ocr_par' dir='ltr' id='par_1_91' title="bbox 2043 4497 3655 4572">
     <span class='ocr_line' id='line_1_91' title="bbox 2043 4497 3655 4572; baseline -0.002 -16"><span class='ocrx_word' id='word_1_696' title='bbox 2043 4503 2089 4556; x_wconf 88' lang='lat' dir='ltr'><strong>si</strong></span> <span class='ocrx_word' id='word_1_697' title='bbox 2127 4502 2329 4556; x_wconf 82' lang='lat' dir='ltr'><strong>dixeris</strong></span> <span class='ocrx_word' id='word_1_698' title='bbox 2360 4501 2519 4557; x_wconf 88' lang='lat' dir='ltr'><strong>Pater</strong></span> <span class='ocrx_word' id='word_1_699' title='bbox 2557 4503 2675 4556; x_wconf 85' lang='lat' dir='ltr'><strong>Filii</strong></span> <span class='ocrx_word' id='word_1_700' title='bbox 2714 4511 2769 4556; x_wconf 86' lang='lat' dir='ltr'><strong>et</strong></span> <span class='ocrx_word' id='word_1_701' title='bbox 2800 4505 3097 4572; x_wconf 86' lang='lat' dir='ltr'><strong>productor</strong></span> <span class='ocrx_word' id='word_1_702' title='bbox 3128 4502 3397 4570; x_wconf 82' lang='lat' dir='ltr'><strong>Spiritus.</strong></span> <span class='ocrx_word' id='word_1_703' title='bbox 3438 4519 3456 4553; x_wconf 72' lang='grc' dir='ltr'><strong>ι</strong></span> <span class='ocrx_word' id='word_1_704' title='bbox 3501 4497 3655 4553; x_wconf 59' lang='grc' dir='ltr'><strong>Πειθο-</strong></span> 
     </span>
    </p>
   </div>
   <div class='ocr_carea' id='block_1_92' title="bbox 355 4586 1931 4667">
    <p class='ocr_par' dir='ltr' id='par_1_92' title="bbox 355 4593 1931 4667">
     <span class='ocr_line' id='line_1_92' title="bbox 355 4593 1931 4667; baseline -0.003 -18"><span class='ocrx_word' id='word_1_705' title='bbox 355 4598 715 4667; x_wconf 77' lang='grc' dir='ltr'>παραπλήσια</span> <span class='ocrx_word' id='word_1_706' title='bbox 765 4594 979 4665; x_wconf 82' lang='grc' dir='ltr'>τρανῶς</span> <span class='ocrx_word' id='word_1_707' title='bbox 1029 4594 1441 4663; x_wconf 80' lang='grc' dir='ltr'>ἁνωμολόγησε,</span> <span class='ocrx_word' id='word_1_708' title='bbox 1488 4594 1583 4647; x_wconf 76' lang='grc' dir='ltr'>καὶ</span> <span class='ocrx_word' id='word_1_709' title='bbox 1624 4593 1719 4646; x_wconf 88' lang='grc' dir='ltr'><strong>τοῦ</strong></span> <span class='ocrx_word' id='word_1_710' title='bbox 1751 4594 1931 4663; x_wconf 79' lang='grc' dir='ltr'>πηγὴν</span> 
     </span>
    </p>
   </div>
   <div class='ocr_carea' id='block_1_93' title="bbox 2038 4586 3657 4667">
    <p class='ocr_par' dir='ltr' id='par_1_93' title="bbox 2038 4592 3657 4663">
     <span class='ocr_line' id='line_1_93' title="bbox 2038 4592 3657 4663; baseline -0.003 -15"><span class='ocrx_word' id='word_1_711' title='bbox 2038 4595 2256 4663; x_wconf 84' lang='lat' dir='ltr'><strong>aliaque</strong></span> <span class='ocrx_word' id='word_1_712' title='bbox 2298 4593 2382 4648; x_wconf 90' lang='lat' dir='ltr'><strong>his</strong></span> <span class='ocrx_word' id='word_1_713' title='bbox 2414 4610 2523 4648; x_wconf 90' lang='lat' dir='ltr'><strong>non</strong></span> <span class='ocrx_word' id='word_1_714' title='bbox 2556 4595 2828 4649; x_wconf 88' lang='lat' dir='ltr'><strong>absimilia</strong></span> <span class='ocrx_word' id='word_1_715' title='bbox 2854 4594 3163 4649; x_wconf 88' lang='lat' dir='ltr'><strong>clarissime</strong></span> <span class='ocrx_word' id='word_1_716' title='bbox 3187 4593 3368 4647; x_wconf 83' lang='lat' dir='ltr'><strong>fassus</strong></span> <span class='ocrx_word' id='word_1_717' title='bbox 3401 4602 3505 4656; x_wconf 88' lang='lat' dir='ltr'><strong>cst,</strong></span> <span class='ocrx_word' id='word_1_718' title='bbox 3540 4592 3657 4644; x_wconf 46' lang='lat' dir='ltr'><strong>ille»</strong></span> 
     </span>
    </p>
   </div>
   <div class='ocr_carea' id='block_1_94' title="bbox 354 4684 1932 4756">
    <p class='ocr_par' dir='ltr' id='par_1_94' title="bbox 354 4684 1932 4756">
     <span class='ocr_line' id='line_1_94' title="bbox 354 4684 1932 4756; baseline -0.003 -15"><span class='ocrx_word' id='word_1_719' title='bbox 354 4686 492 4742; x_wconf 80' lang='grc' dir='ltr'>εἶναι</span> <span class='ocrx_word' id='word_1_720' title='bbox 521 4687 729 4741; x_wconf 77' lang='grc' dir='ltr'>καὶτὸν</span> <span class='ocrx_word' id='word_1_721' title='bbox 765 4687 893 4739; x_wconf 83' lang='grc' dir='ltr'>Υίὸν</span> <span class='ocrx_word' id='word_1_722' title='bbox 934 4685 1141 4755; x_wconf 87' lang='grc' dir='ltr'>μηδένα</span> <span class='ocrx_word' id='word_1_723' title='bbox 1174 4687 1440 4755; x_wconf 76' lang='grc' dir='ltr'>μηδαμῶς</span> <span class='ocrx_word' id='word_1_724' title='bbox 1480 4684 1708 4756; x_wconf 86' lang='grc' dir='ltr'>θέμενος</span> <span class='ocrx_word' id='word_1_725' title='bbox 1754 4684 1932 4752; x_wconf 80' lang='grc' dir='ltr'>λόγον,</span> 
     </span>
    </p>
   </div>
   <div class='ocr_carea' id='block_1_95' title="bbox 356 4776 1932 4850">
    <p class='ocr_par' dir='ltr' id='par_1_95' title="bbox 356 4776 1932 4850">
     <span class='ocr_line' id='line_1_95' title="bbox 356 4776 1932 4850; baseline 0.004 -16"><span class='ocrx_word' id='word_1_726' title='bbox 356 4785 419 4834; x_wconf 76' lang='grc' dir='ltr'>ἐκ</span> <span class='ocrx_word' id='word_1_727' title='bbox 440 4783 537 4850; x_wconf 82' lang='grc' dir='ltr'><strong>τῆς</strong></span> <span class='ocrx_word' id='word_1_728' title='bbox 564 4780 779 4833; x_wconf 84' lang='grc' dir='ltr'>τοιᾶσδε</span> <span class='ocrx_word' id='word_1_729' title='bbox 801 4779 943 4832; x_wconf 83' lang='grc' dir='ltr'>κατὰ</span> <span class='ocrx_word' id='word_1_730' title='bbox 962 4777 1201 4831; x_wconf 87' lang='grc' dir='ltr'>διάνοιαν</span> <span class='ocrx_word' id='word_1_731' title='bbox 1223 4778 1568 4847; x_wconf 78' lang='grc' dir='ltr'>βεϐαιώσεως</span> <span class='ocrx_word' id='word_1_732' title='bbox 1593 4777 1696 4849; x_wconf 81' lang='grc' dir='ltr'><strong>τῆς</strong></span> <span class='ocrx_word' id='word_1_733' title='bbox 1727 4776 1932 4847; x_wconf 63' lang='grc' dir='ltr'>πηγῆς,</span> 
     </span>
    </p>
   </div>
   <div class='ocr_carea' id='block_1_96' title="bbox 356 4868 1937 4942">
    <p class='ocr_par' dir='ltr' id='par_1_96' title="bbox 356 4868 1937 4942">
     <span class='ocr_line' id='line_1_96' title="bbox 356 4868 1937 4942; baseline -0.003 -15"><span class='ocrx_word' id='word_1_734' title='bbox 356 4877 448 4927; x_wconf 70' lang='grc' dir='ltr'>καὶ</span> <span class='ocrx_word' id='word_1_735' title='bbox 479 4873 575 4926; x_wconf 88' lang='grc' dir='ltr'><strong>τοῦ</strong></span> <span class='ocrx_word' id='word_1_736' title='bbox 610 4873 790 4942; x_wconf 81' lang='grc' dir='ltr'>μόνως</span> <span class='ocrx_word' id='word_1_737' title='bbox 821 4871 995 4940; x_wconf 79' lang='grc' dir='ltr'>αὐτὴν</span> <span class='ocrx_word' id='word_1_738' title='bbox 1026 4868 1102 4939; x_wconf 83' lang='grc' dir='ltr'><strong>τῷ</strong></span> <span class='ocrx_word' id='word_1_739' title='bbox 1129 4870 1304 4940; x_wconf 69' lang='grc' dir='ltr'>Πατρὶ</span> <span class='ocrx_word' id='word_1_740' title='bbox 1344 4870 1692 4942; x_wconf 80' lang='grc' dir='ltr'>θεωρεῖσθαι,</span> <span class='ocrx_word' id='word_1_741' title='bbox 1723 4887 1937 4941; x_wconf 85' lang='grc' dir='ltr'>συμπε-</span> 
     </span>
    </p>
   </div>
   <div class='ocr_carea' id='block_1_97' title="bbox 356 4961 1941 5037">
    <p class='ocr_par' dir='ltr' id='par_1_97' title="bbox 356 4961 1941 5037">
     <span class='ocr_line' id='line_1_97' title="bbox 356 4961 1941 5037; baseline -0.003 -19"><span class='ocrx_word' id='word_1_742' title='bbox 356 4966 531 5037; x_wconf 76' lang='grc' dir='ltr'>ραίνει</span> <span class='ocrx_word' id='word_1_743' title='bbox 558 4965 642 5026; x_wconf 83' lang='grc' dir='ltr'><strong>τὸ,</strong></span> <span class='ocrx_word' id='word_1_744' title='bbox 662 4965 836 5026; x_wconf 80' lang='grc' dir='ltr'>Μόνος</span> <span class='ocrx_word' id='word_1_745' title='bbox 868 4963 1169 5033; x_wconf 76' lang='grc' dir='ltr'>προόολεὺς</span> <span class='ocrx_word' id='word_1_746' title='bbox 1191 4964 1231 5014; x_wconf 70' lang='grc' dir='ltr'><strong>δ</strong></span> <span class='ocrx_word' id='word_1_747' title='bbox 1250 4961 1456 5032; x_wconf 80' lang='grc' dir='ltr'>Πατὴρ,</span> <span class='ocrx_word' id='word_1_748' title='bbox 1479 4964 1675 5029; x_wconf 77' lang='grc' dir='ltr'>καὶτὸ,</span> <span class='ocrx_word' id='word_1_749' title='bbox 1715 4964 1811 5016; x_wconf 86' lang='grc' dir='ltr'>Ἐκ</span> <span class='ocrx_word' id='word_1_750' title='bbox 1844 4964 1941 5032; x_wconf 83' lang='grc' dir='ltr'><strong>μό-</strong></span> 
     </span>
    </p>
   </div>
   <div class='ocr_carea' id='block_1_98' title="bbox 355 5052 1939 5128">
    <p class='ocr_par' dir='ltr' id='par_1_98' title="bbox 355 5052 1939 5128">
     <span class='ocr_line' id='line_1_98' title="bbox 355 5052 1939 5128; baseline 0.001 -18"><span class='ocrx_word' id='word_1_751' title='bbox 355 5078 444 5112; x_wconf 88' lang='grc' dir='ltr'><strong>νου</strong></span> <span class='ocrx_word' id='word_1_752' title='bbox 493 5058 588 5111; x_wconf 84' lang='grc' dir='ltr'><strong>τοῦ</strong></span> <span class='ocrx_word' id='word_1_753' title='bbox 615 5058 824 5128; x_wconf 76' lang='grc' dir='ltr'>Πατρὸς</span> <span class='ocrx_word' id='word_1_754' title='bbox 852 5057 1230 5128; x_wconf 75' lang='grc' dir='ltr'>ἐκπορεύεται.</span> <span class='ocrx_word' id='word_1_755' title='bbox 1257 5056 1353 5116; x_wconf 86' lang='grc' dir='ltr'>Τίς</span> <span class='ocrx_word' id='word_1_756' title='bbox 1381 5052 1475 5110; x_wconf 76' lang='grc' dir='ltr'>οὖν</span> <span class='ocrx_word' id='word_1_757' title='bbox 1497 5054 1758 5125; x_wconf 81' lang='grc' dir='ltr'>ἀλήθειαν</span> <span class='ocrx_word' id='word_1_758' title='bbox 1781 5056 1939 5120; x_wconf 75' lang='grc' dir='ltr'>εἰδὼς</span> 
     </span>
    </p>
   </div>
   <div class='ocr_carea' id='block_1_99' title="bbox 360 5144 1936 5219">
    <p class='ocr_par' dir='ltr' id='par_1_99' title="bbox 360 5144 1936 5219">
     <span class='ocr_line' id='line_1_99' title="bbox 360 5144 1936 5219; baseline -0.001 -16"><span class='ocrx_word' id='word_1_759' title='bbox 360 5151 561 5218; x_wconf 79' lang='grc' dir='ltr'>σέϐειν,</span> <span class='ocrx_word' id='word_1_760' title='bbox 588 5149 649 5215; x_wconf 78' lang='grc' dir='ltr'><strong>ἐξ</strong></span> <span class='ocrx_word' id='word_1_761' title='bbox 677 5144 752 5203; x_wconf 85' lang='grc' dir='ltr'><strong>ῶν</strong></span> <span class='ocrx_word' id='word_1_762' title='bbox 773 5144 929 5213; x_wconf 78' lang='grc' dir='ltr'>οὗτος</span> <span class='ocrx_word' id='word_1_763' title='bbox 958 5148 1282 5219; x_wconf 86' lang='grc' dir='ltr'>ἀνομολογεῖ</span> <span class='ocrx_word' id='word_1_764' title='bbox 1307 5151 1437 5219; x_wconf 77' lang='grc' dir='ltr'>περὶ</span> <span class='ocrx_word' id='word_1_765' title='bbox 1462 5148 1563 5216; x_wconf 85' lang='grc' dir='ltr'><strong>τῆς</strong></span> <span class='ocrx_word' id='word_1_766' title='bbox 1592 5148 1811 5218; x_wconf 79' lang='grc' dir='ltr'>λήψεως</span> <span class='ocrx_word' id='word_1_767' title='bbox 1837 5149 1936 5217; x_wconf 83' lang='grc' dir='ltr'><strong>τῆς</strong></span> 
     </span>
    </p>
   </div>
   <div class='ocr_carea' id='block_1_100' title="bbox 298 5238 1935 5320">
    <p class='ocr_par' dir='ltr' id='par_1_100' title="bbox 298 5238 1935 5320">
     <span class='ocr_line' id='line_1_100' title="bbox 298 5238 1935 5320; baseline 0.01 -25"><span class='ocrx_word' id='word_1_768' title='bbox 298 5282 317 5320; x_wconf 39' lang='grc' dir='ltr'>ί,</span> <span class='ocrx_word' id='word_1_769' title='bbox 359 5246 540 5316; x_wconf 76' lang='grc' dir='ltr'>πηγῆς</span> <span class='ocrx_word' id='word_1_770' title='bbox 603 5244 1096 5314; x_wconf 75' lang='grc' dir='ltr'>ἀποδεδειγμένως,</span> <span class='ocrx_word' id='word_1_771' title='bbox 1154 5244 1214 5307; x_wconf 74' lang='grc' dir='ltr'><strong>ἐξ</strong></span> <span class='ocrx_word' id='word_1_772' title='bbox 1263 5238 1340 5296; x_wconf 85' lang='grc' dir='ltr'>ὧν</span> <span class='ocrx_word' id='word_1_773' title='bbox 1376 5258 1435 5295; x_wconf 85' lang='grc' dir='ltr'>τε</span> <span class='ocrx_word' id='word_1_774' title='bbox 1477 5242 1511 5311; x_wconf 79' lang='grc' dir='ltr'>ἠ</span> <span class='ocrx_word' id='word_1_775' title='bbox 1565 5240 1687 5293; x_wconf 82' lang='grc' dir='ltr'>θεία</span> <span class='ocrx_word' id='word_1_776' title='bbox 1742 5238 1935 5310; x_wconf 68' lang='grc' dir='ltr'>Γρτῖφὴ</span> 
     </span>
    </p>
   </div>
   <div class='ocr_carea' id='block_1_101' title="bbox 356 5334 1939 5407">
    <p class='ocr_par' dir='ltr' id='par_1_101' title="bbox 356 5334 1939 5407">
     <span class='ocr_line' id='line_1_101' title="bbox 356 5334 1939 5407; baseline -0.002 -19"><span class='ocrx_word' id='word_1_777' title='bbox 356 5338 560 5407; x_wconf 84' lang='grc' dir='ltr'>ταύτην</span> <span class='ocrx_word' id='word_1_778' title='bbox 592 5337 667 5399; x_wconf 90' lang='grc' dir='ltr'><strong>ώς</strong></span> <span class='ocrx_word' id='word_1_779' title='bbox 691 5336 770 5407; x_wconf 79' lang='grc' dir='ltr'><strong>τῷ</strong></span> <span class='ocrx_word' id='word_1_780' title='bbox 800 5337 976 5407; x_wconf 78' lang='grc' dir='ltr'>Πατρὶ</span> <span class='ocrx_word' id='word_1_781' title='bbox 1007 5337 1102 5389; x_wconf 73' lang='grc' dir='ltr'>καὶ</span> <span class='ocrx_word' id='word_1_782' title='bbox 1139 5335 1216 5405; x_wconf 83' lang='grc' dir='ltr'><strong>τῷ</strong></span> <span class='ocrx_word' id='word_1_783' title='bbox 1242 5334 1356 5404; x_wconf 79' lang='grc' dir='ltr'>Υἱῴ</span> <span class='ocrx_word' id='word_1_784' title='bbox 1387 5336 1672 5405; x_wconf 84' lang='grc' dir='ltr'>προσεῖναι</span> <span class='ocrx_word' id='word_1_785' title='bbox 1703 5336 1939 5403; x_wconf 74' lang='grc' dir='ltr'>μεγαλοο</span> 
     </span>
    </p>
   </div>
   <div class='ocr_carea' id='block_1_102' title="bbox 359 5426 1949 5498">
    <p class='ocr_par' dir='ltr' id='par_1_102' title="bbox 359 5426 1949 5498">
     <span class='ocr_line' id='line_1_102' title="bbox 359 5426 1949 5498; baseline -0.002 -21"><span class='ocrx_word' id='word_1_786' title='bbox 359 5430 551 5496; x_wconf 80' lang='grc' dir='ltr'>φώνως</span> <span class='ocrx_word' id='word_1_787' title='bbox 575 5429 941 5498; x_wconf 85' lang='grc' dir='ltr'>μαρτύρεται,</span> <span class='ocrx_word' id='word_1_788' title='bbox 962 5428 1084 5496; x_wconf 69' lang='grc' dir='ltr'>οὐχὶ</span> <span class='ocrx_word' id='word_1_789' title='bbox 1117 5427 1262 5497; x_wconf 80' lang='grc' dir='ltr'>μέγα</span> <span class='ocrx_word' id='word_1_790' title='bbox 1290 5426 1475 5497; x_wconf 80' lang='grc' dir='ltr'>βοήσει</span> <span class='ocrx_word' id='word_1_791' title='bbox 1507 5427 1649 5480; x_wconf 70' lang='grc' dir='ltr'>κατὰ</span> <span class='ocrx_word' id='word_1_792' title='bbox 1679 5426 1740 5478; x_wconf 72' lang='grc' dir='ltr'>τὸ</span> <span class='ocrx_word' id='word_1_793' title='bbox 1764 5427 1949 5495; x_wconf 74' lang='grc' dir='ltr'>πάντη</span> 
     </span>
    </p>
   </div>
   <div class='ocr_carea' id='block_1_103' title="bbox 358 5516 1942 5591">
    <p class='ocr_par' dir='ltr' id='par_1_103' title="bbox 358 5516 1942 5591">
     <span class='ocr_line' id='line_1_103' title="bbox 358 5516 1942 5591; baseline -0.003 -17"><span class='ocrx_word' id='word_1_794' title='bbox 358 5521 647 5591; x_wconf 72' lang='grc' dir='ltr'>πρόδηλον,</span> <span class='ocrx_word' id='word_1_795' title='bbox 678 5520 714 5574; x_wconf 78' lang='grc' dir='ltr'><strong>ὃ.</strong></span> <span class='ocrx_word' id='word_1_796' title='bbox 742 5522 993 5590; x_wconf 84' lang='grc' dir='ltr'>συνάγων</span> <span class='ocrx_word' id='word_1_797' title='bbox 1027 5522 1160 5590; x_wconf 76' lang='grc' dir='ltr'>φησὶ</span> <span class='ocrx_word' id='word_1_798' title='bbox 1182 5520 1568 5589; x_wconf 84' lang='grc' dir='ltr'>καταφατικῶς</span> <span class='ocrx_word' id='word_1_799' title='bbox 1596 5519 1692 5572; x_wconf 84' lang='grc' dir='ltr'><strong>τοῦ</strong></span> <span class='ocrx_word' id='word_1_800' title='bbox 1729 5516 1942 5587; x_wconf 81' lang='grc' dir='ltr'>Πατρὸς</span> 
     </span>
    </p>
   </div>
   <div class='ocr_carea' id='block_1_104' title="bbox 358 5610 1943 5677">
    <p class='ocr_par' dir='ltr' id='par_1_104' title="bbox 358 5610 1943 5677">
     <span class='ocr_line' id='line_1_104' title="bbox 358 5610 1943 5677; baseline -0.001 -13"><span class='ocrx_word' id='word_1_801' title='bbox 358 5610 514 5677; x_wconf 78' lang='grc' dir='ltr'>εἶναι,</span> <span class='ocrx_word' id='word_1_802' title='bbox 544 5612 715 5667; x_wconf 77' lang='grc' dir='ltr'>ταῦτα</span> <span class='ocrx_word' id='word_1_803' title='bbox 743 5616 840 5666; x_wconf 79' lang='grc' dir='ltr'>καὶ</span> <span class='ocrx_word' id='word_1_804' title='bbox 877 5612 972 5667; x_wconf 86' lang='grc' dir='ltr'><strong>τοῦ</strong></span> <span class='ocrx_word' id='word_1_805' title='bbox 1004 5612 1134 5665; x_wconf 84' lang='grc' dir='ltr'>Υἱοῦ</span> <span class='ocrx_word' id='word_1_806' title='bbox 1171 5612 1292 5665; x_wconf 77' lang='grc' dir='ltr'>κατ’</span> <span class='ocrx_word' id='word_1_807' title='bbox 1324 5612 1487 5665; x_wconf 76' lang='grc' dir='ltr'>αὑτὸν</span> <span class='ocrx_word' id='word_1_808' title='bbox 1518 5612 1608 5665; x_wconf 71' lang='grc' dir='ltr'><strong>ἐπὶ</strong></span> <span class='ocrx_word' id='word_1_809' title='bbox 1643 5610 1737 5664; x_wconf 86' lang='grc' dir='ltr'><strong>τοῦ</strong></span> <span class='ocrx_word' id='word_1_810' title='bbox 1774 5611 1943 5663; x_wconf 77' lang='grc' dir='ltr'>Πνεῦ-</span> 
     </span>
    </p>
   </div>
   <div class='ocr_carea' id='block_1_105' title="bbox 362 5703 1938 5776">
    <p class='ocr_par' dir='ltr' id='par_1_105' title="bbox 362 5703 1938 5776">
     <span class='ocr_line' id='line_1_105' title="bbox 362 5703 1938 5776; baseline -0.002 -16"><span class='ocrx_word' id='word_1_811' title='bbox 362 5724 530 5776; x_wconf 86' lang='grc' dir='ltr'>ματος</span> <span class='ocrx_word' id='word_1_812' title='bbox 557 5707 679 5760; x_wconf 88' lang='grc' dir='ltr'>κατ’</span> <span class='ocrx_word' id='word_1_813' title='bbox 712 5705 959 5775; x_wconf 78' lang='grc' dir='ltr'>ἀνάγκην</span> <span class='ocrx_word' id='word_1_814' title='bbox 1008 5706 1294 5776; x_wconf 83' lang='grc' dir='ltr'>ὑπάρχειν,</span> <span class='ocrx_word' id='word_1_815' title='bbox 1326 5705 1386 5757; x_wconf 84' lang='grc' dir='ltr'><strong>τδ</strong></span> <span class='ocrx_word' id='word_1_816' title='bbox 1422 5703 1637 5774; x_wconf 64' lang='grc' dir='ltr'>βέδαιον</span> <span class='ocrx_word' id='word_1_817' title='bbox 1665 5703 1811 5773; x_wconf 79' lang='grc' dir='ltr'>ἔχειν</span> <span class='ocrx_word' id='word_1_818' title='bbox 1840 5703 1938 5757; x_wconf 75' lang='grc' dir='ltr'><strong>καὶ</strong></span> 
     </span>
    </p>
   </div>
   <div class='ocr_carea' id='block_1_106' title="bbox 431 5892 1333 5955">
    <p class='ocr_par' dir='ltr' id='par_1_106' title="bbox 431 5892 1333 5955">
     <span class='ocr_line' id='line_1_106' title="bbox 431 5892 1333 5955; baseline -0.001 -7"><span class='ocrx_word' id='word_1_819' title='bbox 431 5896 475 5926; x_wconf 65' lang='grc'><strong>³³</strong></span> <span class='ocrx_word' id='word_1_820' title='bbox 509 5893 526 5947; x_wconf 87' lang='grc'><strong>1</strong></span> <span class='ocrx_word' id='word_1_821' title='bbox 555 5892 693 5948; x_wconf 77' lang='lat' dir='ltr'><strong>Joatt</strong></span> <span class='ocrx_word' id='word_1_822' title='bbox 750 5909 802 5955; x_wconf 74' lang='grc' dir='ltr'><strong>ν,</strong></span> <span class='ocrx_word' id='word_1_823' title='bbox 832 5895 903 5946; x_wconf 63' lang='lat'><strong>20</strong></span> <span class='ocrx_word' id='word_1_824' title='bbox 1004 5892 1047 5924; x_wconf 67' lang='grc'>³⁰</span> <span class='ocrx_word' id='word_1_825' title='bbox 1074 5893 1205 5946; x_wconf 76' lang='lat' dir='ltr'><strong>ibid.</strong></span> <span class='ocrx_word' id='word_1_826' title='bbox 1244 5893 1333 5947; x_wconf 70' lang='grc' dir='ltr'>ει.</span> 
     </span>
    </p>
   </div>
   <div class='ocr_carea' id='block_1_107' title="bbox 2043 4684 3634 4757">
    <p class='ocr_par' dir='ltr' id='par_1_107' title="bbox 2043 4684 3634 4757">
     <span class='ocr_line' id='line_1_107' title="bbox 2043 4684 3634 4757; baseline -0.001 -19"><span class='ocrx_word' id='word_1_827' title='bbox 2043 4702 2197 4750; x_wconf 85' lang='lat' dir='ltr'><strong>vero,</strong></span> <span class='ocrx_word' id='word_1_828' title='bbox 2244 4684 2438 4740; x_wconf 86' lang='lat' dir='ltr'><strong>Filium</strong></span> <span class='ocrx_word' id='word_1_829' title='bbox 2490 4702 2708 4757; x_wconf 91' lang='lat' dir='ltr'><strong>quoque</strong></span> <span class='ocrx_word' id='word_1_830' title='bbox 2766 4687 2971 4741; x_wconf 77' lang='lat' dir='ltr'><strong>fontem</strong></span> <span class='ocrx_word' id='word_1_831' title='bbox 3009 4701 3155 4750; x_wconf 88' lang='lat' dir='ltr'><strong>esse,</strong></span> <span class='ocrx_word' id='word_1_832' title='bbox 3213 4701 3339 4739; x_wconf 90' lang='lat' dir='ltr'><strong>cum</strong></span> <span class='ocrx_word' id='word_1_833' title='bbox 3402 4700 3634 4755; x_wconf 85' lang='lat' dir='ltr'><strong>prorsus</strong></span> 
     </span>
    </p>
   </div>
   <div class='ocr_carea' id='block_1_108' title="bbox 2043 4778 3666 4845">
    <p class='ocr_par' dir='ltr' id='par_1_108' title="bbox 2043 4778 3666 4845">
     <span class='ocr_line' id='line_1_108' title="bbox 2043 4778 3666 4845; baseline -0.004 -12"><span class='ocrx_word' id='word_1_834' title='bbox 2043 4796 2155 4834; x_wconf 90' lang='lat' dir='ltr'><strong>non</strong></span> <span class='ocrx_word' id='word_1_835' title='bbox 2183 4780 2525 4845; x_wconf 86' lang='lat' dir='ltr'><strong>attendisset,</strong></span> <span class='ocrx_word' id='word_1_836' title='bbox 2573 4794 2639 4833; x_wconf 80' lang='lat' dir='ltr'><strong>ex</strong></span> <span class='ocrx_word' id='word_1_837' title='bbox 2694 4780 2795 4833; x_wconf 89' lang='lat' dir='ltr'><strong>hac</strong></span> <span class='ocrx_word' id='word_1_838' title='bbox 2841 4778 3011 4833; x_wconf 79' lang='lat' dir='ltr'><strong>fontis</strong></span> <span class='ocrx_word' id='word_1_839' title='bbox 3058 4778 3363 4832; x_wconf 85' lang='lat' dir='ltr'><strong>secundum</strong></span> <span class='ocrx_word' id='word_1_840' title='bbox 3414 4787 3666 4830; x_wconf 60' lang='lat' dir='ltr'><strong>scttteu-v</strong></span> 
     </span>
    </p>
   </div>
   <div class='ocr_carea' id='block_1_109' title="bbox 2049 4868 3653 4941">
    <p class='ocr_par' dir='ltr' id='par_1_109' title="bbox 2049 4868 3653 4941">
     <span class='ocr_line' id='line_1_109' title="bbox 2049 4868 3653 4941; baseline -0.004 -15"><span class='ocrx_word' id='word_1_841' title='bbox 2049 4873 2175 4927; x_wconf 88' lang='lat' dir='ltr'><strong>tiam</strong></span> <span class='ocrx_word' id='word_1_842' title='bbox 2202 4872 2640 4935; x_wconf 88' lang='lat' dir='ltr'><strong>conﬁrmatione,</strong></span> <span class='ocrx_word' id='word_1_843' title='bbox 2672 4882 2728 4927; x_wconf 90' lang='lat' dir='ltr'><strong>et</strong></span> <span class='ocrx_word' id='word_1_844' title='bbox 2750 4887 2817 4925; x_wconf 80' lang='lat' dir='ltr'><strong>ex</strong></span> <span class='ocrx_word' id='word_1_845' title='bbox 2848 4887 2916 4925; x_wconf 89' lang='lat' dir='ltr'><strong>eo</strong></span> <span class='ocrx_word' id='word_1_846' title='bbox 2943 4871 3089 4941; x_wconf 92' lang='lat' dir='ltr'><strong>quod</strong></span> <span class='ocrx_word' id='word_1_847' title='bbox 3150 4869 3242 4925; x_wconf 91' lang='lat' dir='ltr'><strong>ille</strong></span> <span class='ocrx_word' id='word_1_848' title='bbox 3287 4868 3653 4924; x_wconf 68' lang='lat' dir='ltr'><strong>solummodnr</strong></span> 
     </span>
    </p>
   </div>
   <div class='ocr_carea' id='block_1_110' title="bbox 2046 4962 3629 5035">
    <p class='ocr_par' dir='ltr' id='par_1_110' title="bbox 2046 4962 3629 5035">
     <span class='ocr_line' id='line_1_110' title="bbox 2046 4962 3629 5035; baseline -0.005 -14"><span class='ocrx_word' id='word_1_849' title='bbox 2046 4966 2114 5021; x_wconf 89' lang='lat' dir='ltr'><strong>de</strong></span> <span class='ocrx_word' id='word_1_850' title='bbox 2145 4965 2305 5021; x_wconf 83' lang='lat' dir='ltr'><strong>Patre</strong></span> <span class='ocrx_word' id='word_1_851' title='bbox 2344 4966 2701 5035; x_wconf 80' lang='lat' dir='ltr'><strong>intelligatur,</strong></span> <span class='ocrx_word' id='word_1_852' title='bbox 2726 4965 3008 5019; x_wconf 88' lang='lat' dir='ltr'><strong>concludit</strong></span> <span class='ocrx_word' id='word_1_853' title='bbox 3036 4964 3214 5018; x_wconf 90' lang='lat' dir='ltr'><strong>solum</strong></span> <span class='ocrx_word' id='word_1_854' title='bbox 3243 4962 3629 5030; x_wconf 85' lang='lat' dir='ltr'><strong>productoreut</strong></span> 
     </span>
    </p>
   </div>
   <div class='ocr_carea' id='block_1_111' title="bbox 2046 5055 3651 5126">
    <p class='ocr_par' dir='ltr' id='par_1_111' title="bbox 2046 5055 3651 5126">
     <span class='ocr_line' id='line_1_111' title="bbox 2046 5055 3651 5126; baseline -0.004 -13"><span class='ocrx_word' id='word_1_855' title='bbox 2046 5075 2169 5114; x_wconf 87' lang='lat' dir='ltr'><strong>esse</strong></span> <span class='ocrx_word' id='word_1_856' title='bbox 2199 5059 2436 5121; x_wconf 89' lang='lat' dir='ltr'><strong>Patrem,</strong></span> <span class='ocrx_word' id='word_1_857' title='bbox 2461 5068 2518 5114; x_wconf 93' lang='lat' dir='ltr'><strong>et</strong></span> <span class='ocrx_word' id='word_1_858' title='bbox 2545 5074 2610 5113; x_wconf 80' lang='lat' dir='ltr'><strong>ex</strong></span> <span class='ocrx_word' id='word_1_859' title='bbox 2634 5058 2751 5114; x_wconf 88' lang='lat' dir='ltr'><strong>solo</strong></span> <span class='ocrx_word' id='word_1_860' title='bbox 2784 5057 2943 5112; x_wconf 87' lang='lat' dir='ltr'><strong>Patre</strong></span> <span class='ocrx_word' id='word_1_861' title='bbox 2983 5058 3303 5126; x_wconf 85' lang='lat' dir='ltr'><strong>procedere.</strong></span> <span class='ocrx_word' id='word_1_862' title='bbox 3347 5055 3481 5121; x_wconf 83' lang='lat' dir='ltr'><strong>Quis</strong></span> <span class='ocrx_word' id='word_1_863' title='bbox 3535 5055 3651 5123; x_wconf 50' lang='lat' dir='ltr'><strong>igi-</strong></span> 
     </span>
    </p>
   </div>
   <div class='ocr_carea' id='block_1_112' title="bbox 2048 5146 3637 5220">
    <p class='ocr_par' dir='ltr' id='par_1_112' title="bbox 2048 5146 3637 5220">
     <span class='ocr_line' id='line_1_112' title="bbox 2048 5146 3637 5220; baseline -0.003 -17"><span class='ocrx_word' id='word_1_864' title='bbox 2048 5158 2156 5215; x_wconf 91' lang='lat' dir='ltr'><strong>tur,</strong></span> <span class='ocrx_word' id='word_1_865' title='bbox 2190 5150 2489 5205; x_wconf 86' lang='lat' dir='ltr'><strong>dummodo</strong></span> <span class='ocrx_word' id='word_1_866' title='bbox 2519 5151 2774 5220; x_wconf 86' lang='lat' dir='ltr'><strong>pietatem</strong></span> <span class='ocrx_word' id='word_1_867' title='bbox 2801 5152 2964 5211; x_wconf 85' lang='lat' dir='ltr'><strong>colat.</strong></span> <span class='ocrx_word' id='word_1_868' title='bbox 3001 5164 3066 5204; x_wconf 71' lang='lat' dir='ltr'><strong>ex</strong></span> <span class='ocrx_word' id='word_1_869' title='bbox 3098 5149 3302 5218; x_wconf 84' lang='lat' dir='ltr'><strong>quibus</strong></span> <span class='ocrx_word' id='word_1_870' title='bbox 3346 5147 3464 5217; x_wconf 81' lang='lat' dir='ltr'><strong>ipse</strong></span> <span class='ocrx_word' id='word_1_871' title='bbox 3497 5146 3637 5201; x_wconf 78' lang='lat' dir='ltr'><strong>tate-</strong></span> 
     </span>
    </p>
   </div>
   <div class='ocr_carea' id='block_1_113' title="bbox 2048 5240 3638 5313">
    <p class='ocr_par' dir='ltr' id='par_1_113' title="bbox 2048 5240 3638 5313">
     <span class='ocr_line' id='line_1_113' title="bbox 2048 5240 3638 5313; baseline -0.003 -17"><span class='ocrx_word' id='word_1_872' title='bbox 2048 5252 2136 5296; x_wconf 90' lang='lat' dir='ltr'><strong>tur</strong></span> <span class='ocrx_word' id='word_1_873' title='bbox 2165 5242 2233 5297; x_wconf 87' lang='lat' dir='ltr'><strong>de</strong></span> <span class='ocrx_word' id='word_1_874' title='bbox 2265 5242 2575 5311; x_wconf 78' lang='lat' dir='ltr'><strong>signiﬁcatu</strong></span> <span class='ocrx_word' id='word_1_875' title='bbox 2632 5242 2800 5298; x_wconf 79' lang='lat' dir='ltr'><strong>fontis</strong></span> <span class='ocrx_word' id='word_1_876' title='bbox 2836 5243 2949 5313; x_wconf 84' lang='lat' dir='ltr'><strong>jam</strong></span> <span class='ocrx_word' id='word_1_877' title='bbox 3018 5240 3433 5303; x_wconf 83' lang='lat' dir='ltr'><strong>demonstratis,</strong></span> <span class='ocrx_word' id='word_1_878' title='bbox 3484 5248 3539 5293; x_wconf 81' lang='lat' dir='ltr'><strong>et</strong></span> <span class='ocrx_word' id='word_1_879' title='bbox 3573 5256 3638 5292; x_wconf 74' lang='lat' dir='ltr'><strong>ex</strong></span> 
     </span>
    </p>
   </div>
   <div class='ocr_carea' id='block_1_114' title="bbox 2057 5331 3643 5405">
    <p class='ocr_par' dir='ltr' id='par_1_114' title="bbox 2057 5331 3643 5405">
     <span class='ocr_line' id='line_1_114' title="bbox 2057 5331 3643 5405; baseline -0.003 -20"><span class='ocrx_word' id='word_1_880' title='bbox 2057 5333 2261 5402; x_wconf 88' lang='lat' dir='ltr'><strong>quibus</strong></span> <span class='ocrx_word' id='word_1_881' title='bbox 2289 5333 2471 5388; x_wconf 83' lang='lat' dir='ltr'><strong>divina</strong></span> <span class='ocrx_word' id='word_1_882' title='bbox 2501 5333 2806 5405; x_wconf 89' lang='lat' dir='ltr'><strong>Scriptura,</strong></span> <span class='ocrx_word' id='word_1_883' title='bbox 2846 5350 2968 5404; x_wconf 65' lang='lat' dir='ltr'><strong>qua:</strong></span> <span class='ocrx_word' id='word_1_884' title='bbox 2991 5333 3139 5388; x_wconf 87' lang='lat' dir='ltr'><strong>hunc</strong></span> <span class='ocrx_word' id='word_1_885' title='bbox 3180 5333 3254 5387; x_wconf 88' lang='lat' dir='ltr'><strong>uti</strong></span> <span class='ocrx_word' id='word_1_886' title='bbox 3297 5332 3448 5386; x_wconf 85' lang='lat' dir='ltr'><strong>Patri</strong></span> <span class='ocrx_word' id='word_1_887' title='bbox 3482 5331 3554 5384; x_wconf 91' lang='lat' dir='ltr'><strong>ita</strong></span> <span class='ocrx_word' id='word_1_888' title='bbox 3586 5338 3643 5382; x_wconf 85' lang='lat' dir='ltr'><strong>et</strong></span> 
     </span>
    </p>
   </div>
   <div class='ocr_carea' id='block_1_115' title="bbox 2058 5424 3637 5497">
    <p class='ocr_par' dir='ltr' id='par_1_115' title="bbox 2058 5424 3637 5497">
     <span class='ocr_line' id='line_1_115' title="bbox 2058 5424 3637 5497; baseline -0.005 -18"><span class='ocrx_word' id='word_1_889' title='bbox 2058 5424 2194 5481; x_wconf 79' lang='lat' dir='ltr'><strong>Filio</strong></span> <span class='ocrx_word' id='word_1_890' title='bbox 2225 5426 2403 5481; x_wconf 90' lang='lat' dir='ltr'><strong>inesse</strong></span> <span class='ocrx_word' id='word_1_891' title='bbox 2452 5427 2659 5497; x_wconf 83' lang='lat' dir='ltr'><strong>ingenti</strong></span> <span class='ocrx_word' id='word_1_892' title='bbox 2711 5441 2842 5481; x_wconf 84' lang='lat' dir='ltr'><strong>voce</strong></span> <span class='ocrx_word' id='word_1_893' title='bbox 2905 5436 3158 5489; x_wconf 73' lang='lat' dir='ltr'><strong>testatur,</strong></span> <span class='ocrx_word' id='word_1_894' title='bbox 3217 5438 3323 5476; x_wconf 90' lang='lat' dir='ltr'><strong>non</strong></span> <span class='ocrx_word' id='word_1_895' title='bbox 3383 5436 3637 5491; x_wconf 79' lang='lat' dir='ltr'><strong>maguum</strong></span> 
     </span>
    </p>
   </div>
   <div class='ocr_carea' id='block_1_116' title="bbox 2053 5514 3669 5586">
    <p class='ocr_par' dir='ltr' id='par_1_116' title="bbox 2053 5514 3669 5586">
     <span class='ocr_line' id='line_1_116' title="bbox 2053 5514 3669 5586; baseline -0.006 -14"><span class='ocrx_word' id='word_1_896' title='bbox 2053 5517 2310 5572; x_wconf 72' lang='lat' dir='ltr'><strong>clamabit</strong></span> <span class='ocrx_word' id='word_1_897' title='bbox 2340 5516 2645 5571; x_wconf 81' lang='lat' dir='ltr'><strong>clarissime</strong></span> <span class='ocrx_word' id='word_1_898' title='bbox 2693 5532 2816 5586; x_wconf 72' lang='lat' dir='ltr'><strong>quae</strong></span> <span class='ocrx_word' id='word_1_899' title='bbox 2875 5516 2991 5586; x_wconf 82' lang='lat' dir='ltr'><strong>ipse</strong></span> <span class='ocrx_word' id='word_1_900' title='bbox 3045 5514 3254 5584; x_wconf 76' lang='lat' dir='ltr'><strong>colligit</strong></span> <span class='ocrx_word' id='word_1_901' title='bbox 3301 5514 3669 5578; x_wconf 50' lang='lat' dir='ltr'><strong>allirntatqttc‘</strong></span> 
     </span>
    </p>
   </div>
   <div class='ocr_carea' id='block_1_117' title="bbox 2049 5607 3661 5681">
    <p class='ocr_par' dir='ltr' id='par_1_117' title="bbox 2049 5607 3661 5681">
     <span class='ocr_line' id='line_1_117' title="bbox 2049 5607 3661 5681; baseline -0.006 -17"><span class='ocrx_word' id='word_1_902' title='bbox 2049 5609 2231 5665; x_wconf 84' lang='lat' dir='ltr'><strong>Patris</strong></span> <span class='ocrx_word' id='word_1_903' title='bbox 2260 5611 2479 5681; x_wconf 87' lang='lat' dir='ltr'><strong>propria</strong></span> <span class='ocrx_word' id='word_1_904' title='bbox 2501 5625 2641 5675; x_wconf 87' lang='lat' dir='ltr'><strong>esse,</strong></span> <span class='ocrx_word' id='word_1_905' title='bbox 2679 5611 2870 5663; x_wconf 87' lang='lat' dir='ltr'><strong>eadem</strong></span> <span class='ocrx_word' id='word_1_906' title='bbox 2897 5619 2947 5663; x_wconf 90' lang='lat' dir='ltr'><strong>et</strong></span> <span class='ocrx_word' id='word_1_907' title='bbox 2984 5607 3122 5662; x_wconf 86' lang='lat' dir='ltr'><strong>Filio</strong></span> <span class='ocrx_word' id='word_1_908' title='bbox 3147 5607 3451 5662; x_wconf 84' lang='lat' dir='ltr'><strong>secundum</strong></span> <span class='ocrx_word' id='word_1_909' title='bbox 3482 5619 3661 5657; x_wconf 56' lang='lat' dir='ltr'><strong>eumw</strong></span> 
     </span>
    </p>
   </div>
   <div class='ocr_carea' id='block_1_118' title="bbox 2049 5698 3667 5774">
    <p class='ocr_par' dir='ltr' id='par_1_118' title="bbox 2049 5698 3667 5774">
     <span class='ocr_line' id='line_1_118' title="bbox 2049 5698 3667 5774; baseline -0.003 -17"><span class='ocrx_word' id='word_1_910' title='bbox 2049 5709 2170 5758; x_wconf 87' lang='lat' dir='ltr'><strong>dem</strong></span> <span class='ocrx_word' id='word_1_911' title='bbox 2205 5713 2456 5774; x_wconf 86' lang='lat' dir='ltr'><strong>respectu</strong></span> <span class='ocrx_word' id='word_1_912' title='bbox 2494 5701 2732 5772; x_wconf 82' lang='lat' dir='ltr'><strong>Spiritus</strong></span> <span class='ocrx_word' id='word_1_913' title='bbox 2780 5703 3093 5757; x_wconf 78' lang='lat' dir='ltr'><strong>necessario</strong></span> <span class='ocrx_word' id='word_1_914' title='bbox 3120 5700 3349 5765; x_wconf 67' lang='lat' dir='ltr'><strong>inease,</strong></span> <span class='ocrx_word' id='word_1_915' title='bbox 3388 5698 3526 5753; x_wconf 82' lang='lat' dir='ltr'><strong>adeo</strong></span> <span class='ocrx_word' id='word_1_916' title='bbox 3580 5709 3667 5752; x_wconf 54' lang='lat' dir='ltr'><strong>ut-</strong></span> 
     </span>
    </p>
   </div>
  </div>
