  <div class='ocr_page' id='page_1' title='image "/cluster/home/n/w/nwhite01/storage/ocr_20150623/141/coo.31924054870468/691.png"; bbox 0 0 4072 6430; ppageno 0'>
   <div class='ocr_carea' id='block_1_1' title="bbox 272 426 523 490">
    <p class='ocr_par' dir='ltr' id='par_1_1' title="bbox 272 426 523 490">
     <span class='ocr_line' id='line_1_1' title="bbox 272 426 523 490; baseline -0.016 0"><span class='ocrx_word' id='word_1_1' title='bbox 272 468 283 471; x_wconf 99' lang='grc'><strong>-</strong></span> <span class='ocrx_word' id='word_1_2' title='bbox 386 426 523 490; x_wconf 76' lang='lat'><strong>1375</strong></span> 
     </span>
    </p>
   </div>
   <div class='ocr_carea' id='block_1_2' title="bbox 1613 442 2443 524">
    <p class='ocr_par' dir='ltr' id='par_1_2' title="bbox 1613 442 2443 524">
     <span class='ocr_line' id='line_1_2' title="bbox 1613 442 2443 524; baseline 0.031 -24"><span class='ocrx_word' id='word_1_3' title='bbox 1613 442 1939 509; x_wconf 80' lang='lat' dir='ltr'><strong>GEORGII</strong></span> <span class='ocrx_word' id='word_1_4' title='bbox 1981 454 2443 524; x_wconf 71' lang='grc' dir='ltr'><strong>ΜΕΤΟΕΗΙΤᾹΞ</strong></span> 
     </span>
    </p>
   </div>
   <div class='ocr_carea' id='block_1_3' title="bbox 3520 460 3669 525">
    <p class='ocr_par' dir='ltr' id='par_1_3' title="bbox 3520 460 3669 525">
     <span class='ocr_line' id='line_1_3' title="bbox 3520 460 3669 525; baseline 0 -1"><span class='ocrx_word' id='word_1_5' title='bbox 3520 460 3669 525; x_wconf 84' lang='grc'><strong>13’6</strong></span> 
     </span>
    </p>
   </div>
   <div class='ocr_carea' id='block_1_4' title="bbox 375 543 1969 649">
    <p class='ocr_par' dir='ltr' id='par_1_4' title="bbox 375 543 1959 629">
     <span class='ocr_line' id='line_1_4' title="bbox 375 543 1959 629; baseline 0.014 -33"><span class='ocrx_word' id='word_1_6' title='bbox 375 543 480 596; x_wconf 87' lang='lat' dir='ltr'><strong>hoc</strong></span> <span class='ocrx_word' id='word_1_7' title='bbox 515 554 727 600; x_wconf 82' lang='lat' dir='ltr'><strong>certum</strong></span> <span class='ocrx_word' id='word_1_8' title='bbox 771 548 861 613; x_wconf 89' lang='lat' dir='ltr'><strong>sit,</strong></span> <span class='ocrx_word' id='word_1_9' title='bbox 895 556 956 602; x_wconf 92' lang='lat' dir='ltr'><strong>ut</strong></span> <span class='ocrx_word' id='word_1_10' title='bbox 1002 549 1138 604; x_wconf 88' lang='lat' dir='ltr'><strong>nulli</strong></span> <span class='ocrx_word' id='word_1_11' title='bbox 1186 553 1605 611; x_wconf 82' lang='lat' dir='ltr'><strong>contradictioni</strong></span> <span class='ocrx_word' id='word_1_12' title='bbox 1657 561 1959 629; x_wconf 86' lang='lat' dir='ltr'><strong>snhjaceat,</strong></span> 
     </span>
    </p>
   </div>
   <div class='ocr_carea' id='block_1_5' title="bbox 2072 543 3667 649">
    <p class='ocr_par' dir='ltr' id='par_1_5' title="bbox 2072 572 3667 649">
     <span class='ocr_line' id='line_1_5' title="bbox 2072 572 3667 649; baseline 0.004 -25"><span class='ocrx_word' id='word_1_13' title='bbox 2072 574 2483 649; x_wconf 68' lang='grc' dir='ltr'>ἀναντίρρητον,</span> <span class='ocrx_word' id='word_1_14' title='bbox 2516 580 2610 632; x_wconf 60' lang='grc' dir='ltr'><strong>καὶ⁵</strong></span> <span class='ocrx_word' id='word_1_15' title='bbox 2635 576 2888 647; x_wconf 80' lang='grc' dir='ltr'><strong>οὐδαμῶς</strong></span> <span class='ocrx_word' id='word_1_16' title='bbox 2925 577 3021 648; x_wconf 77' lang='grc' dir='ltr'><strong>τὴν</strong></span> <span class='ocrx_word' id='word_1_17' title='bbox 3065 577 3374 646; x_wconf 75' lang='grc' dir='ltr'>ἀπόφασινς</span> <span class='ocrx_word' id='word_1_18' title='bbox 3409 578 3549 648; x_wconf 83' lang='grc' dir='ltr'>πρὸς</span> <span class='ocrx_word' id='word_1_19' title='bbox 3575 572 3667 642; x_wconf 76' lang='grc' dir='ltr'>οἷς</span> 
     </span>
    </p>
   </div>
   <div class='ocr_carea' id='block_1_6' title="bbox 373 636 1954 711">
    <p class='ocr_par' dir='ltr' id='par_1_6' title="bbox 373 636 1954 711">
     <span class='ocr_line' id='line_1_6' title="bbox 373 636 1954 711; baseline 0.018 -30"><span class='ocrx_word' id='word_1_20' title='bbox 373 642 429 686; x_wconf 74' lang='lat' dir='ltr'><strong>rt</strong></span> <span class='ocrx_word' id='word_1_21' title='bbox 454 636 800 703; x_wconf 71' lang='lat' dir='ltr'><strong>negationem</strong></span> <span class='ocrx_word' id='word_1_22' title='bbox 834 639 1093 707; x_wconf 85' lang='lat' dir='ltr'><strong>repellat?</strong></span> <span class='ocrx_word' id='word_1_23' title='bbox 1124 652 1183 695; x_wconf 91' lang='lat' dir='ltr'><strong>et</strong></span> <span class='ocrx_word' id='word_1_24' title='bbox 1203 658 1315 711; x_wconf 64' lang='lat' dir='ltr'><strong>prae</strong></span> <span class='ocrx_word' id='word_1_25' title='bbox 1334 642 1416 699; x_wconf 89' lang='lat' dir='ltr'><strong>his</strong></span> <span class='ocrx_word' id='word_1_26' title='bbox 1439 661 1505 700; x_wconf 79' lang='lat' dir='ltr'><strong>ex</strong></span> <span class='ocrx_word' id='word_1_27' title='bbox 1535 648 1696 705; x_wconf 86' lang='lat' dir='ltr'><strong>dictis</strong></span> <span class='ocrx_word' id='word_1_28' title='bbox 1717 648 1954 710; x_wconf 76' lang='lat' dir='ltr'><strong>Numine</strong></span> 
     </span>
    </p>
   </div>
   <div class='ocr_carea' id='block_1_7' title="bbox 374 723 1956 802">
    <p class='ocr_par' dir='ltr' id='par_1_7' title="bbox 374 723 1956 802">
     <span class='ocr_line' id='line_1_7' title="bbox 374 723 1956 802; baseline 0.016 -26"><span class='ocrx_word' id='word_1_29' title='bbox 374 723 541 780; x_wconf 80' lang='lat' dir='ltr'><strong>amati</strong></span> <span class='ocrx_word' id='word_1_30' title='bbox 590 726 775 797; x_wconf 87' lang='lat' dir='ltr'><strong>Cyrilli</strong></span> <span class='ocrx_word' id='word_1_31' title='bbox 819 729 886 784; x_wconf 93' lang='lat' dir='ltr'><strong>de</strong></span> <span class='ocrx_word' id='word_1_32' title='bbox 932 730 1083 787; x_wconf 83' lang='lat' dir='ltr'><strong>fonte</strong></span> <span class='ocrx_word' id='word_1_33' title='bbox 1130 749 1300 802; x_wconf 90' lang='lat' dir='ltr'><strong>pauca</strong></span> <span class='ocrx_word' id='word_1_34' title='bbox 1337 738 1612 794; x_wconf 87' lang='lat' dir='ltr'><strong>recitanda</strong></span> <span class='ocrx_word' id='word_1_35' title='bbox 1657 755 1807 798; x_wconf 87' lang='lat' dir='ltr'><strong>sunt.</strong></span> <span class='ocrx_word' id='word_1_36' title='bbox 1854 744 1956 802; x_wconf 84' lang='lat' dir='ltr'><strong>Hic</strong></span> 
     </span>
    </p>
   </div>
   <div class='ocr_carea' id='block_1_8' title="bbox 374 819 1952 900">
    <p class='ocr_par' dir='ltr' id='par_1_8' title="bbox 374 819 1952 900">
     <span class='ocr_line' id='line_1_8' title="bbox 374 819 1952 900; baseline 0.015 -31"><span class='ocrx_word' id='word_1_37' title='bbox 374 827 531 872; x_wconf 77' lang='lat' dir='ltr'><strong>sexto</strong></span> <span class='ocrx_word' id='word_1_38' title='bbox 556 819 621 873; x_wconf 90' lang='lat' dir='ltr'><strong>ad</strong></span> <span class='ocrx_word' id='word_1_39' title='bbox 655 819 928 876; x_wconf 87' lang='lat' dir='ltr'><strong>Hermiam</strong></span> <span class='ocrx_word' id='word_1_40' title='bbox 959 823 1145 879; x_wconf 65' lang='lat' dir='ltr'><strong>libro?</strong></span> <span class='ocrx_word' id='word_1_41' title='bbox 1180 844 1199 878; x_wconf 76' lang='grc' dir='ltr'><strong>ι</strong></span> <span class='ocrx_word' id='word_1_42' title='bbox 1250 826 1475 882; x_wconf 83' lang='lat' dir='ltr'><strong>Eil‘undi</strong></span> <span class='ocrx_word' id='word_1_43' title='bbox 1510 832 1735 900; x_wconf 88' lang='lat' dir='ltr'><strong>quidem</strong></span> <span class='ocrx_word' id='word_1_44' title='bbox 1785 837 1952 892; x_wconf 89' lang='lat' dir='ltr'><strong>veluti</strong></span> 
     </span>
    </p>
   </div>
   <div class='ocr_carea' id='block_1_9' title="bbox 374 911 1956 998">
    <p class='ocr_par' dir='ltr' id='par_1_9' title="bbox 374 911 1956 998">
     <span class='ocr_line' id='line_1_9' title="bbox 374 911 1956 998; baseline 0.013 -34"><span class='ocrx_word' id='word_1_45' title='bbox 374 927 404 964; x_wconf 89' lang='lat' dir='ltr'><strong>a</strong></span> <span class='ocrx_word' id='word_1_46' title='bbox 434 911 580 966; x_wconf 78' lang='lat' dir='ltr'><strong>fonte</strong></span> <span class='ocrx_word' id='word_1_47' title='bbox 605 911 766 967; x_wconf 89' lang='lat' dir='ltr'><strong>Patre</strong></span> <span class='ocrx_word' id='word_1_48' title='bbox 810 914 1104 985; x_wconf 78' lang='lat' dir='ltr'><strong>Spiritum,</strong></span> <span class='ocrx_word' id='word_1_49' title='bbox 1139 938 1157 970; x_wconf 77' lang='grc' dir='ltr'><strong>ι</strong></span> <span class='ocrx_word' id='word_1_50' title='bbox 1197 935 1321 974; x_wconf 92' lang='lat' dir='ltr'><strong>cum</strong></span> <span class='ocrx_word' id='word_1_51' title='bbox 1370 933 1780 991; x_wconf 80' lang='lat' dir='ltr'><strong>pcrtractasset.</strong></span> <span class='ocrx_word' id='word_1_52' title='bbox 1829 944 1956 998; x_wconf 85' lang='lat' dir='ltr'><strong>sep-</strong></span> 
     </span>
    </p>
   </div>
   <div class='ocr_carea' id='block_1_10' title="bbox 378 1003 1953 1085">
    <p class='ocr_par' dir='ltr' id='par_1_10' title="bbox 378 1003 1953 1085">
     <span class='ocr_line' id='line_1_10' title="bbox 378 1003 1953 1085; baseline 0.013 -29"><span class='ocrx_word' id='word_1_53' title='bbox 378 1004 508 1056; x_wconf 89' lang='lat' dir='ltr'><strong>timo</strong></span> <span class='ocrx_word' id='word_1_54' title='bbox 538 1003 605 1058; x_wconf 91' lang='lat' dir='ltr'><strong>de</strong></span> <span class='ocrx_word' id='word_1_55' title='bbox 634 1003 772 1059; x_wconf 89' lang='lat' dir='ltr'><strong>Filio</strong></span> <span class='ocrx_word' id='word_1_56' title='bbox 817 1008 1107 1064; x_wconf 81' lang='lat' dir='ltr'><strong>decernit:</strong></span> <span class='ocrx_word' id='word_1_57' title='bbox 1143 1028 1162 1063; x_wconf 85' lang='grc'><strong>‹</strong></span> <span class='ocrx_word' id='word_1_58' title='bbox 1200 1010 1429 1082; x_wconf 89' lang='lat' dir='ltr'><strong>Proprio</strong></span> <span class='ocrx_word' id='word_1_59' title='bbox 1464 1015 1669 1085; x_wconf 84' lang='lat' dir='ltr'><strong>Spiritu</strong></span> <span class='ocrx_word' id='word_1_60' title='bbox 1718 1019 1819 1073; x_wconf 88' lang='lat' dir='ltr'><strong>sibi</strong></span> <span class='ocrx_word' id='word_1_61' title='bbox 1856 1020 1953 1075; x_wconf 83' lang='lat' dir='ltr'><strong>ad-</strong></span> 
     </span>
    </p>
   </div>
   <div class='ocr_carea' id='block_1_11' title="bbox 376 1096 1956 1173">
    <p class='ocr_par' dir='ltr' id='par_1_11' title="bbox 376 1096 1956 1173">
     <span class='ocr_line' id='line_1_11' title="bbox 376 1096 1956 1173; baseline 0.012 -25"><span class='ocrx_word' id='word_1_62' title='bbox 376 1096 675 1150; x_wconf 74' lang='lat' dir='ltr'><strong>hzerentem</strong></span> <span class='ocrx_word' id='word_1_63' title='bbox 711 1097 943 1169; x_wconf 81' lang='lat' dir='ltr'><strong>inungit,</strong></span> <span class='ocrx_word' id='word_1_64' title='bbox 980 1115 1143 1170; x_wconf 87' lang='lat' dir='ltr'><strong>quem</strong></span> <span class='ocrx_word' id='word_1_65' title='bbox 1178 1101 1426 1157; x_wconf 90' lang='lat' dir='ltr'><strong>immittit</strong></span> <span class='ocrx_word' id='word_1_66' title='bbox 1456 1106 1573 1173; x_wconf 92' lang='lat' dir='ltr'><strong>ipse</strong></span> <span class='ocrx_word' id='word_1_67' title='bbox 1620 1110 1697 1161; x_wconf 94' lang='lat' dir='ltr'><strong>uti</strong></span> <span class='ocrx_word' id='word_1_68' title='bbox 1732 1124 1799 1164; x_wconf 78' lang='lat' dir='ltr'><strong>ex</strong></span> <span class='ocrx_word' id='word_1_69' title='bbox 1845 1110 1956 1167; x_wconf 88' lang='lat' dir='ltr'><strong>Deo</strong></span> 
     </span>
    </p>
   </div>
   <div class='ocr_carea' id='block_1_12' title="bbox 375 1187 1956 1262">
    <p class='ocr_par' dir='ltr' id='par_1_12' title="bbox 375 1187 1956 1262">
     <span class='ocr_line' id='line_1_12' title="bbox 375 1187 1956 1262; baseline 0.008 -21"><span class='ocrx_word' id='word_1_70' title='bbox 375 1188 534 1242; x_wconf 83' lang='lat' dir='ltr'><strong>Patre</strong></span> <span class='ocrx_word' id='word_1_71' title='bbox 564 1187 828 1254; x_wconf 85' lang='lat' dir='ltr'><strong>Verbum,</strong></span> <span class='ocrx_word' id='word_1_72' title='bbox 857 1199 910 1244; x_wconf 91' lang='lat' dir='ltr'><strong>et</strong></span> <span class='ocrx_word' id='word_1_73' title='bbox 940 1206 1003 1244; x_wconf 83' lang='lat' dir='ltr'><strong>ex</strong></span> <span class='ocrx_word' id='word_1_74' title='bbox 1040 1191 1261 1262; x_wconf 90' lang='lat' dir='ltr'><strong>propria</strong></span> <span class='ocrx_word' id='word_1_75' title='bbox 1309 1193 1468 1247; x_wconf 90' lang='lat' dir='ltr'><strong>nobis</strong></span> <span class='ocrx_word' id='word_1_76' title='bbox 1517 1203 1713 1250; x_wconf 88' lang='lat' dir='ltr'><strong>natura</strong></span> <span class='ocrx_word' id='word_1_77' title='bbox 1764 1199 1842 1252; x_wconf 88' lang='lat' dir='ltr'><strong>uti</strong></span> <span class='ocrx_word' id='word_1_78' title='bbox 1889 1214 1956 1253; x_wconf 83' lang='lat' dir='ltr'><strong>ex</strong></span> 
     </span>
    </p>
   </div>
   <div class='ocr_carea' id='block_1_13' title="bbox 373 1280 1953 1355">
    <p class='ocr_par' dir='ltr' id='par_1_13' title="bbox 373 1280 1953 1355">
     <span class='ocr_line' id='line_1_13' title="bbox 373 1280 1953 1355; baseline 0.008 -23"><span class='ocrx_word' id='word_1_79' title='bbox 373 1280 525 1333; x_wconf 84' lang='lat' dir='ltr'><strong>fonte</strong></span> <span class='ocrx_word' id='word_1_80' title='bbox 552 1281 805 1336; x_wconf 77' lang='lat' dir='ltr'><strong>effundit.</strong></span> <span class='ocrx_word' id='word_1_81' title='bbox 840 1300 858 1333; x_wconf 77' lang='grc' dir='ltr'><strong>ι</strong></span> <span class='ocrx_word' id='word_1_82' title='bbox 892 1283 1097 1337; x_wconf 78' lang='lat' dir='ltr'><strong>Auctor</strong></span> <span class='ocrx_word' id='word_1_83' title='bbox 1120 1284 1536 1339; x_wconf 87' lang='lat' dir='ltr'><strong>conclusionum</strong></span> <span class='ocrx_word' id='word_1_84' title='bbox 1570 1296 1625 1340; x_wconf 90' lang='lat' dir='ltr'><strong>et</strong></span> <span class='ocrx_word' id='word_1_85' title='bbox 1652 1288 1953 1355; x_wconf 85' lang='lat' dir='ltr'><strong>confector,</strong></span> 
     </span>
    </p>
   </div>
   <div class='ocr_carea' id='block_1_14' title="bbox 374 1369 1957 1440">
    <p class='ocr_par' dir='ltr' id='par_1_14' title="bbox 374 1369 1957 1440">
     <span class='ocr_line' id='line_1_14' title="bbox 374 1369 1957 1440; baseline 0.008 -19"><span class='ocrx_word' id='word_1_86' title='bbox 374 1369 571 1436; x_wconf 85' lang='lat' dir='ltr'><strong>partim</strong></span> <span class='ocrx_word' id='word_1_87' title='bbox 608 1378 666 1425; x_wconf 86' lang='lat' dir='ltr'><strong>ut</strong></span> <span class='ocrx_word' id='word_1_88' title='bbox 691 1370 766 1424; x_wconf 86' lang='lat' dir='ltr'><strong>illi</strong></span> <span class='ocrx_word' id='word_1_89' title='bbox 798 1372 1009 1435; x_wconf 82' lang='lat' dir='ltr'><strong>arrisit,</strong></span> <span class='ocrx_word' id='word_1_90' title='bbox 1043 1373 1239 1440; x_wconf 85' lang='lat' dir='ltr'><strong>partim</strong></span> <span class='ocrx_word' id='word_1_91' title='bbox 1266 1382 1327 1427; x_wconf 88' lang='lat' dir='ltr'><strong>ut</strong></span> <span class='ocrx_word' id='word_1_92' title='bbox 1367 1374 1516 1427; x_wconf 89' lang='lat' dir='ltr'><strong>illum</strong></span> <span class='ocrx_word' id='word_1_93' title='bbox 1548 1375 1819 1429; x_wconf 81' lang='lat' dir='ltr'><strong>dictorum</strong></span> <span class='ocrx_word' id='word_1_94' title='bbox 1854 1393 1957 1432; x_wconf 82' lang='lat' dir='ltr'><strong>ne-</strong></span> 
     </span>
    </p>
   </div>
   <div class='ocr_carea' id='block_1_15' title="bbox 375 1461 1958 1538">
    <p class='ocr_par' dir='ltr' id='par_1_15' title="bbox 375 1461 1958 1538">
     <span class='ocr_line' id='line_1_15' title="bbox 375 1461 1958 1538; baseline 0.008 -25"><span class='ocrx_word' id='word_1_95' title='bbox 375 1461 609 1514; x_wconf 84' lang='lat' dir='ltr'><strong>cessitas</strong></span> <span class='ocrx_word' id='word_1_96' title='bbox 639 1463 927 1531; x_wconf 83' lang='lat' dir='ltr'><strong>compulit,</strong></span> <span class='ocrx_word' id='word_1_97' title='bbox 958 1463 1253 1519; x_wconf 92' lang='lat' dir='ltr'><strong>dictionem</strong></span> <span class='ocrx_word' id='word_1_98' title='bbox 1282 1467 1449 1536; x_wconf 71' lang='lat' dir='ltr'><strong>fontis</strong></span> <span class='ocrx_word' id='word_1_99' title='bbox 1485 1466 1539 1520; x_wconf 92' lang='lat' dir='ltr'><strong>in</strong></span> <span class='ocrx_word' id='word_1_100' title='bbox 1578 1469 1692 1522; x_wconf 88' lang='lat' dir='ltr'><strong>suis</strong></span> <span class='ocrx_word' id='word_1_101' title='bbox 1739 1469 1958 1538; x_wconf 84' lang='lat' dir='ltr'><strong>scriptis</strong></span> 
     </span>
    </p>
   </div>
   <div class='ocr_carea' id='block_1_16' title="bbox 375 1552 1959 1626">
    <p class='ocr_par' dir='ltr' id='par_1_16' title="bbox 375 1552 1959 1626">
     <span class='ocr_line' id='line_1_16' title="bbox 375 1552 1959 1626; baseline 0.007 -22"><span class='ocrx_word' id='word_1_102' title='bbox 375 1552 727 1605; x_wconf 80' lang='lat' dir='ltr'><strong>multifariam</strong></span> <span class='ocrx_word' id='word_1_103' title='bbox 781 1555 1096 1618; x_wconf 90' lang='lat' dir='ltr'><strong>traducens,</strong></span> <span class='ocrx_word' id='word_1_104' title='bbox 1150 1556 1217 1609; x_wconf 90' lang='lat' dir='ltr'><strong>ad</strong></span> <span class='ocrx_word' id='word_1_105' title='bbox 1279 1558 1619 1626; x_wconf 90' lang='lat' dir='ltr'><strong>probandum</strong></span> <span class='ocrx_word' id='word_1_106' title='bbox 1682 1576 1747 1614; x_wconf 77' lang='lat' dir='ltr'><strong>ex</strong></span> <span class='ocrx_word' id='word_1_107' title='bbox 1796 1561 1959 1616; x_wconf 80' lang='lat' dir='ltr'><strong>Patre</strong></span> 
     </span>
    </p>
   </div>
   <div class='ocr_carea' id='block_1_17' title="bbox 287 1642 1960 1720">
    <p class='ocr_par' dir='ltr' id='par_1_17' title="bbox 287 1642 1960 1720">
     <span class='ocr_line' id='line_1_17' title="bbox 287 1642 1960 1720; baseline 0.007 -24"><span class='ocrx_word' id='word_1_108' title='bbox 287 1673 293 1679; x_wconf 88' lang='lat'><strong>-</strong></span> <span class='ocrx_word' id='word_1_109' title='bbox 375 1657 497 1697; x_wconf 89' lang='lat' dir='ltr'><strong>esse</strong></span> <span class='ocrx_word' id='word_1_110' title='bbox 528 1642 792 1714; x_wconf 86' lang='lat' dir='ltr'><strong>Spiritum</strong></span> <span class='ocrx_word' id='word_1_111' title='bbox 826 1657 881 1699; x_wconf 89' lang='lat' dir='ltr'><strong>et</strong></span> <span class='ocrx_word' id='word_1_112' title='bbox 919 1662 1027 1699; x_wconf 86' lang='lat' dir='ltr'><strong>non</strong></span> <span class='ocrx_word' id='word_1_113' title='bbox 1053 1663 1121 1702; x_wconf 83' lang='lat' dir='ltr'><strong>ex</strong></span> <span class='ocrx_word' id='word_1_114' title='bbox 1159 1646 1318 1712; x_wconf 84' lang='lat' dir='ltr'><strong>Filio,</strong></span> <span class='ocrx_word' id='word_1_115' title='bbox 1355 1650 1469 1705; x_wconf 72' lang='lat' dir='ltr'><strong>haec</strong></span> <span class='ocrx_word' id='word_1_116' title='bbox 1520 1667 1739 1720; x_wconf 82' lang='lat' dir='ltr'><strong>quoque</strong></span> <span class='ocrx_word' id='word_1_117' title='bbox 1786 1652 1960 1708; x_wconf 86' lang='lat' dir='ltr'><strong>adne-</strong></span> 
     </span>
    </p>
   </div>
   <div class='ocr_carea' id='block_1_18' title="bbox 376 1733 1961 1813">
    <p class='ocr_par' dir='ltr' id='par_1_18' title="bbox 376 1733 1961 1813">
     <span class='ocr_line' id='line_1_18' title="bbox 376 1733 1961 1813; baseline 0.009 -26"><span class='ocrx_word' id='word_1_118' title='bbox 376 1734 504 1788; x_wconf 88' lang='lat' dir='ltr'><strong>ctit:</strong></span> <span class='ocrx_word' id='word_1_119' title='bbox 548 1753 568 1787; x_wconf 77' lang='grc' dir='ltr'><strong>ι</strong></span> <span class='ocrx_word' id='word_1_120' title='bbox 618 1733 675 1789; x_wconf 91' lang='lat' dir='ltr'><strong>Si</strong></span> <span class='ocrx_word' id='word_1_121' title='bbox 732 1736 879 1790; x_wconf 91' lang='lat' dir='ltr'><strong>enim</strong></span> <span class='ocrx_word' id='word_1_122' title='bbox 924 1738 1065 1802; x_wconf 81' lang='lat' dir='ltr'><strong>fons,</strong></span> <span class='ocrx_word' id='word_1_123' title='bbox 1118 1742 1263 1809; x_wconf 81' lang='lat' dir='ltr'><strong>quod</strong></span> <span class='ocrx_word' id='word_1_124' title='bbox 1317 1742 1537 1813; x_wconf 87' lang='lat' dir='ltr'><strong>aliquod</strong></span> <span class='ocrx_word' id='word_1_125' title='bbox 1588 1744 1793 1810; x_wconf 83' lang='lat' dir='ltr'><strong>fundit,</strong></span> <span class='ocrx_word' id='word_1_126' title='bbox 1837 1746 1961 1802; x_wconf 82' lang='lat' dir='ltr'><strong>fons</strong></span> 
     </span>
    </p>
   </div>
   <div class='ocr_carea' id='block_1_19' title="bbox 374 1826 1954 1905">
    <p class='ocr_par' dir='ltr' id='par_1_19' title="bbox 374 1826 1954 1905">
     <span class='ocr_line' id='line_1_19' title="bbox 374 1826 1954 1905; baseline 0.006 -26"><span class='ocrx_word' id='word_1_127' title='bbox 374 1826 598 1892; x_wconf 87' lang='lat' dir='ltr'><strong>dicitur,</strong></span> <span class='ocrx_word' id='word_1_128' title='bbox 627 1835 684 1880; x_wconf 93' lang='lat' dir='ltr'><strong>et</strong></span> <span class='ocrx_word' id='word_1_129' title='bbox 709 1827 830 1882; x_wconf 75' lang='lat' dir='ltr'><strong>foris</strong></span> <span class='ocrx_word' id='word_1_130' title='bbox 870 1844 1091 1898; x_wconf 90' lang='lat' dir='ltr'><strong>prorsus</strong></span> <span class='ocrx_word' id='word_1_131' title='bbox 1135 1833 1283 1886; x_wconf 89' lang='lat' dir='ltr'><strong>illius</strong></span> <span class='ocrx_word' id='word_1_132' title='bbox 1321 1843 1425 1897; x_wconf 87' lang='lat' dir='ltr'><strong>est,</strong></span> <span class='ocrx_word' id='word_1_133' title='bbox 1476 1836 1569 1905; x_wconf 89' lang='lat' dir='ltr'><strong>qui</strong></span> <span class='ocrx_word' id='word_1_134' title='bbox 1621 1837 1884 1892; x_wconf 78' lang='lat' dir='ltr'><strong>funditur.</strong></span> <span class='ocrx_word' id='word_1_135' title='bbox 1936 1857 1954 1889; x_wconf 73' lang='grc' dir='ltr'><strong>ι</strong></span> 
     </span>
    </p>
   </div>
   <div class='ocr_carea' id='block_1_20' title="bbox 375 1918 2039 1991">
    <p class='ocr_par' dir='ltr' id='par_1_20' title="bbox 375 1918 2039 1991">
     <span class='ocr_line' id='line_1_20' title="bbox 375 1918 2039 1991; baseline 0.008 -21"><span class='ocrx_word' id='word_1_136' title='bbox 375 1918 785 1973; x_wconf 86' lang='lat' dir='ltr'><strong>Attendendum</strong></span> <span class='ocrx_word' id='word_1_137' title='bbox 815 1931 901 1975; x_wconf 91' lang='lat' dir='ltr'><strong>est</strong></span> <span class='ocrx_word' id='word_1_138' title='bbox 931 1938 1083 1991; x_wconf 77' lang='lat' dir='ltr'><strong>ergo,</strong></span> <span class='ocrx_word' id='word_1_139' title='bbox 1120 1939 1188 1977; x_wconf 90' lang='lat' dir='ltr'><strong>an</strong></span> <span class='ocrx_word' id='word_1_140' title='bbox 1225 1940 1331 1979; x_wconf 90' lang='lat' dir='ltr'><strong>non</strong></span> <span class='ocrx_word' id='word_1_141' title='bbox 1360 1938 1414 1981; x_wconf 89' lang='lat' dir='ltr'><strong>et</strong></span> <span class='ocrx_word' id='word_1_142' title='bbox 1441 1938 1633 1983; x_wconf 79' lang='lat' dir='ltr'><strong>exacta</strong></span> <span class='ocrx_word' id='word_1_143' title='bbox 1680 1930 1780 1984; x_wconf 88' lang='lat' dir='ltr'><strong>ista</strong></span> <span class='ocrx_word' id='word_1_144' title='bbox 1817 1938 1958 1986; x_wconf 86' lang='lat' dir='ltr'><strong>trac-</strong></span> <span class='ocrx_word' id='word_1_145' title='bbox 1989 1922 2039 1983; x_wconf 89' lang='lat' dir='ltr'><strong>B</strong></span> 
     </span>
    </p>
   </div>
   <div class='ocr_carea' id='block_1_21' title="bbox 379 2008 1965 2085">
    <p class='ocr_par' dir='ltr' id='par_1_21' title="bbox 379 2008 1965 2085">
     <span class='ocr_line' id='line_1_21' title="bbox 379 2008 1965 2085; baseline 0.009 -25"><span class='ocrx_word' id='word_1_146' title='bbox 379 2008 588 2063; x_wconf 84' lang='lat' dir='ltr'><strong>talione</strong></span> <span class='ocrx_word' id='word_1_147' title='bbox 618 2009 753 2064; x_wconf 92' lang='lat' dir='ltr'><strong>illud</strong></span> <span class='ocrx_word' id='word_1_148' title='bbox 786 2027 851 2064; x_wconf 75' lang='lat' dir='ltr'><strong>ex</strong></span> <span class='ocrx_word' id='word_1_149' title='bbox 887 2011 1051 2078; x_wconf 83' lang='lat' dir='ltr'><strong>Filio,</strong></span> <span class='ocrx_word' id='word_1_150' title='bbox 1080 2016 1368 2084; x_wconf 88' lang='lat' dir='ltr'><strong>perspicue</strong></span> <span class='ocrx_word' id='word_1_151' title='bbox 1405 2017 1777 2085; x_wconf 85' lang='lat' dir='ltr'><strong>constabiliat,</strong></span> <span class='ocrx_word' id='word_1_152' title='bbox 1805 2022 1849 2074; x_wconf 90' lang='lat' dir='ltr'><strong>si</strong></span> <span class='ocrx_word' id='word_1_153' title='bbox 1880 2036 1965 2075; x_wconf 72' lang='lat' dir='ltr'><strong>ee-</strong></span> 
     </span>
    </p>
   </div>
   <div class='ocr_carea' id='block_1_22' title="bbox 377 2101 1969 2180">
    <p class='ocr_par' dir='ltr' id='par_1_22' title="bbox 377 2101 1969 2180">
     <span class='ocr_line' id='line_1_22' title="bbox 377 2101 1969 2180; baseline 0.008 -29"><span class='ocrx_word' id='word_1_154' title='bbox 377 2101 618 2154; x_wconf 81' lang='lat' dir='ltr'><strong>cundum</strong></span> <span class='ocrx_word' id='word_1_155' title='bbox 652 2116 681 2155; x_wconf 87' lang='lat' dir='ltr'><strong>a</strong></span> <span class='ocrx_word' id='word_1_156' title='bbox 712 2102 821 2157; x_wconf 88' lang='lat' dir='ltr'><strong>Deo</strong></span> <span class='ocrx_word' id='word_1_157' title='bbox 856 2104 1110 2158; x_wconf 88' lang='lat' dir='ltr'><strong>edoctum</strong></span> <span class='ocrx_word' id='word_1_158' title='bbox 1137 2104 1397 2176; x_wconf 79' lang='lat' dir='ltr'><strong>Cyrillum</strong></span> <span class='ocrx_word' id='word_1_159' title='bbox 1432 2128 1449 2159; x_wconf 71' lang='grc' dir='ltr'><strong>ι</strong></span> <span class='ocrx_word' id='word_1_160' title='bbox 1482 2108 1561 2161; x_wconf 79' lang='lat' dir='ltr'><strong>Ex</strong></span> <span class='ocrx_word' id='word_1_161' title='bbox 1617 2111 1838 2180; x_wconf 88' lang='lat' dir='ltr'><strong>propria</strong></span> <span class='ocrx_word' id='word_1_162' title='bbox 1870 2125 1969 2164; x_wconf 89' lang='lat' dir='ltr'><strong>na-</strong></span> 
     </span>
    </p>
   </div>
   <div class='ocr_carea' id='block_1_23' title="bbox 379 2193 1966 2270">
    <p class='ocr_par' dir='ltr' id='par_1_23' title="bbox 379 2193 1966 2270">
     <span class='ocr_line' id='line_1_23' title="bbox 379 2193 1966 2270; baseline 0.009 -26"><span class='ocrx_word' id='word_1_163' title='bbox 379 2200 500 2245; x_wconf 87' lang='lat' dir='ltr'><strong>tura</strong></span> <span class='ocrx_word' id='word_1_164' title='bbox 532 2193 609 2247; x_wconf 91' lang='lat' dir='ltr'><strong>uti</strong></span> <span class='ocrx_word' id='word_1_165' title='bbox 639 2208 705 2247; x_wconf 78' lang='lat' dir='ltr'><strong>ex</strong></span> <span class='ocrx_word' id='word_1_166' title='bbox 736 2193 889 2249; x_wconf 82' lang='lat' dir='ltr'><strong>fonte</strong></span> <span class='ocrx_word' id='word_1_167' title='bbox 930 2196 1101 2251; x_wconf 88' lang='lat' dir='ltr'><strong>Filius</strong></span> <span class='ocrx_word' id='word_1_168' title='bbox 1137 2198 1316 2254; x_wconf 79' lang='lat' dir='ltr'><strong>fundit</strong></span> <span class='ocrx_word' id='word_1_169' title='bbox 1361 2199 1666 2270; x_wconf 88' lang='lat' dir='ltr'><strong>Spiritum;</strong></span> <span class='ocrx_word' id='word_1_170' title='bbox 1708 2224 1726 2255; x_wconf 75' lang='grc' dir='ltr'><strong>ι</strong></span> <span class='ocrx_word' id='word_1_171' title='bbox 1777 2213 1832 2258; x_wconf 89' lang='lat' dir='ltr'><strong>et</strong></span> <span class='ocrx_word' id='word_1_172' title='bbox 1877 2205 1966 2259; x_wconf 90' lang='lat' dir='ltr'><strong>hic</strong></span> 
     </span>
    </p>
   </div>
   <div class='ocr_carea' id='block_1_24' title="bbox 379 2284 1967 2364">
    <p class='ocr_par' dir='ltr' id='par_1_24' title="bbox 379 2284 1967 2364">
     <span class='ocr_line' id='line_1_24' title="bbox 379 2284 1967 2364; baseline 0.01 -29"><span class='ocrx_word' id='word_1_173' title='bbox 379 2284 564 2349; x_wconf 80' lang='lat' dir='ltr'><strong>edicit,</strong></span> <span class='ocrx_word' id='word_1_174' title='bbox 600 2304 619 2336; x_wconf 75' lang='grc' dir='ltr'><strong>ι</strong></span> <span class='ocrx_word' id='word_1_175' title='bbox 654 2284 860 2340; x_wconf 83' lang='lat' dir='ltr'><strong>fontem</strong></span> <span class='ocrx_word' id='word_1_176' title='bbox 894 2287 964 2341; x_wconf 88' lang='lat' dir='ltr'><strong>ita</strong></span> <span class='ocrx_word' id='word_1_177' title='bbox 994 2288 1098 2343; x_wconf 91' lang='lat' dir='ltr'><strong>dici</strong></span> <span class='ocrx_word' id='word_1_178' title='bbox 1149 2293 1292 2360; x_wconf 90' lang='lat' dir='ltr'><strong>quod</strong></span> <span class='ocrx_word' id='word_1_179' title='bbox 1326 2292 1528 2361; x_wconf 80' lang='lat' dir='ltr'><strong>fundit,</strong></span> <span class='ocrx_word' id='word_1_180' title='bbox 1578 2294 1796 2364; x_wconf 61' lang='lat' dir='ltr'><strong>fusique</strong></span> <span class='ocrx_word' id='word_1_181' title='bbox 1844 2295 1967 2352; x_wconf 79' lang='lat' dir='ltr'><strong>fons</strong></span> 
     </span>
    </p>
   </div>
   <div class='ocr_carea' id='block_1_25' title="bbox 379 2375 1965 2453">
    <p class='ocr_par' dir='ltr' id='par_1_25' title="bbox 379 2375 1965 2453">
     <span class='ocr_line' id='line_1_25' title="bbox 379 2375 1965 2453; baseline 0.009 -27"><span class='ocrx_word' id='word_1_182' title='bbox 379 2383 485 2427; x_wconf 89' lang='lat' dir='ltr'><strong>est.</strong></span> <span class='ocrx_word' id='word_1_183' title='bbox 522 2392 541 2425; x_wconf 73' lang='grc' dir='ltr'><strong>ι</strong></span> <span class='ocrx_word' id='word_1_184' title='bbox 574 2375 639 2429; x_wconf 84' lang='lat' dir='ltr'><strong>Et</strong></span> <span class='ocrx_word' id='word_1_185' title='bbox 683 2377 752 2431; x_wconf 92' lang='lat' dir='ltr'><strong>ab</strong></span> <span class='ocrx_word' id='word_1_186' title='bbox 804 2378 1217 2437; x_wconf 84' lang='lat' dir='ltr'><strong>immortalitate</strong></span> <span class='ocrx_word' id='word_1_187' title='bbox 1285 2399 1543 2453; x_wconf 79' lang='lat' dir='ltr'><strong>magnum</strong></span> <span class='ocrx_word' id='word_1_188' title='bbox 1597 2388 1702 2441; x_wconf 84' lang='lat' dir='ltr'><strong>sibi</strong></span> <span class='ocrx_word' id='word_1_189' title='bbox 1762 2404 1965 2443; x_wconf 84' lang='lat' dir='ltr'><strong>nomen</strong></span> 
     </span>
    </p>
   </div>
   <div class='ocr_carea' id='block_1_26' title="bbox 380 2467 1965 2549">
    <p class='ocr_par' dir='ltr' id='par_1_26' title="bbox 380 2467 1965 2549">
     <span class='ocr_line' id='line_1_26' title="bbox 380 2467 1965 2549; baseline 0.011 -30"><span class='ocrx_word' id='word_1_190' title='bbox 380 2467 666 2523; x_wconf 89' lang='lat' dir='ltr'><strong>vindicans</strong></span> <span class='ocrx_word' id='word_1_191' title='bbox 697 2471 750 2523; x_wconf 90' lang='lat' dir='ltr'><strong>in</strong></span> <span class='ocrx_word' id='word_1_192' title='bbox 775 2472 1064 2537; x_wconf 88' lang='lat' dir='ltr'><strong>similibus,</strong></span> <span class='ocrx_word' id='word_1_193' title='bbox 1092 2488 1369 2531; x_wconf 78' lang='lat' dir='ltr'><strong>asseverat</strong></span> <span class='ocrx_word' id='word_1_194' title='bbox 1410 2480 1478 2532; x_wconf 87' lang='lat' dir='ltr'><strong>de</strong></span> <span class='ocrx_word' id='word_1_195' title='bbox 1514 2480 1720 2549; x_wconf 85' lang='lat' dir='ltr'><strong>Spiritu</strong></span> <span class='ocrx_word' id='word_1_196' title='bbox 1766 2481 1965 2541; x_wconf 87' lang='lat' dir='ltr'><strong>dicens</strong></span> 
     </span>
    </p>
   </div>
   <div class='ocr_carea' id='block_1_27' title="bbox 380 2560 1968 2643">
    <p class='ocr_par' dir='ltr' id='par_1_27' title="bbox 380 2560 1968 2643">
     <span class='ocr_line' id='line_1_27' title="bbox 380 2560 1968 2643; baseline 0.011 -31"><span class='ocrx_word' id='word_1_197' title='bbox 380 2560 555 2613; x_wconf 86' lang='lat' dir='ltr'><strong>activa</strong></span> <span class='ocrx_word' id='word_1_198' title='bbox 585 2562 894 2631; x_wconf 87' lang='lat' dir='ltr'><strong>prolatione</strong></span> <span class='ocrx_word' id='word_1_199' title='bbox 930 2583 949 2615; x_wconf 73' lang='grc' dir='ltr'><strong>ι</strong></span> <span class='ocrx_word' id='word_1_200' title='bbox 987 2566 1216 2620; x_wconf 81' lang='lat' dir='ltr'><strong>eﬂluens</strong></span> <span class='ocrx_word' id='word_1_201' title='bbox 1247 2569 1323 2622; x_wconf 89' lang='lat' dir='ltr'><strong>uti</strong></span> <span class='ocrx_word' id='word_1_202' title='bbox 1354 2585 1385 2622; x_wconf 90' lang='lat' dir='ltr'><strong>e</strong></span> <span class='ocrx_word' id='word_1_203' title='bbox 1411 2569 1581 2631; x_wconf 77' lang='lat' dir='ltr'><strong>fonte.</strong></span> <span class='ocrx_word' id='word_1_204' title='bbox 1613 2574 1728 2628; x_wconf 88' lang='lat' dir='ltr'><strong>sive</strong></span> <span class='ocrx_word' id='word_1_205' title='bbox 1770 2589 1968 2643; x_wconf 82' lang='lat' dir='ltr'><strong>proce-</strong></span> 
     </span>
    </p>
   </div>
   <div class='ocr_carea' id='block_1_28' title="bbox 379 2653 1964 2739">
    <p class='ocr_par' dir='ltr' id='par_1_28' title="bbox 379 2653 1964 2739">
     <span class='ocr_line' id='line_1_28' title="bbox 379 2653 1964 2739; baseline 0.013 -35"><span class='ocrx_word' id='word_1_206' title='bbox 379 2653 537 2715; x_wconf 85' lang='lat' dir='ltr'><strong>dens,</strong></span> <span class='ocrx_word' id='word_1_207' title='bbox 587 2673 606 2705; x_wconf 72' lang='grc' dir='ltr'><strong>ι</strong></span> <span class='ocrx_word' id='word_1_208' title='bbox 648 2665 705 2709; x_wconf 94' lang='lat' dir='ltr'><strong>ut</strong></span> <span class='ocrx_word' id='word_1_209' title='bbox 736 2671 902 2725; x_wconf 86' lang='lat' dir='ltr'><strong>supra</strong></span> <span class='ocrx_word' id='word_1_210' title='bbox 925 2660 1246 2714; x_wconf 86' lang='lat' dir='ltr'><strong>adnotatum</strong></span> <span class='ocrx_word' id='word_1_211' title='bbox 1279 2672 1379 2715; x_wconf 80' lang='lat' dir='ltr'><strong>est.</strong></span> <span class='ocrx_word' id='word_1_212' title='bbox 1412 2662 1485 2716; x_wconf 82' lang='lat' dir='ltr'><strong>Ex</strong></span> <span class='ocrx_word' id='word_1_213' title='bbox 1520 2666 1765 2734; x_wconf 78' lang='lat' dir='ltr'><strong>proxima</strong></span> <span class='ocrx_word' id='word_1_214' title='bbox 1800 2668 1964 2739; x_wconf 78' lang='lat' dir='ltr'><strong>igitur</strong></span> 
     </span>
    </p>
   </div>
   <div class='ocr_carea' id='block_1_29' title="bbox 380 2750 1963 2828">
    <p class='ocr_par' dir='ltr' id='par_1_29' title="bbox 380 2750 1963 2828">
     <span class='ocr_line' id='line_1_29' title="bbox 380 2750 1963 2828; baseline 0.011 -29"><span class='ocrx_word' id='word_1_215' title='bbox 380 2750 860 2816; x_wconf 77' lang='lat' dir='ltr'><strong>argumentatione</strong></span> <span class='ocrx_word' id='word_1_216' title='bbox 888 2751 991 2806; x_wconf 85' lang='lat' dir='ltr'><strong>hac</strong></span> <span class='ocrx_word' id='word_1_217' title='bbox 1017 2754 1166 2807; x_wconf 79' lang='lat' dir='ltr'><strong>varie</strong></span> <span class='ocrx_word' id='word_1_218' title='bbox 1197 2770 1392 2809; x_wconf 88' lang='lat' dir='ltr'><strong>nomen</strong></span> <span class='ocrx_word' id='word_1_219' title='bbox 1426 2756 1593 2812; x_wconf 78' lang='lat' dir='ltr'><strong>fontis</strong></span> <span class='ocrx_word' id='word_1_220' title='bbox 1612 2759 1963 2828; x_wconf 86' lang='lat' dir='ltr'><strong>involventis,</strong></span> 
     </span>
    </p>
   </div>
   <div class='ocr_carea' id='block_1_30' title="bbox 384 2839 1965 2913">
    <p class='ocr_par' dir='ltr' id='par_1_30' title="bbox 384 2839 1965 2913">
     <span class='ocr_line' id='line_1_30' title="bbox 384 2839 1965 2913; baseline 0.009 -21"><span class='ocrx_word' id='word_1_221' title='bbox 384 2839 623 2907; x_wconf 88' lang='lat' dir='ltr'><strong>indeque</strong></span> <span class='ocrx_word' id='word_1_222' title='bbox 676 2842 820 2910; x_wconf 87' lang='lat' dir='ltr'><strong>quod</strong></span> <span class='ocrx_word' id='word_1_223' title='bbox 856 2842 957 2911; x_wconf 85' lang='lat' dir='ltr'><strong>ipsi</strong></span> <span class='ocrx_word' id='word_1_224' title='bbox 1009 2845 1064 2895; x_wconf 90' lang='lat' dir='ltr'><strong>in</strong></span> <span class='ocrx_word' id='word_1_225' title='bbox 1112 2844 1298 2899; x_wconf 86' lang='lat' dir='ltr'><strong>animo</strong></span> <span class='ocrx_word' id='word_1_226' title='bbox 1343 2861 1449 2899; x_wconf 91' lang='lat' dir='ltr'><strong>non</strong></span> <span class='ocrx_word' id='word_1_227' title='bbox 1500 2858 1605 2913; x_wconf 89' lang='lat' dir='ltr'><strong>est,</strong></span> <span class='ocrx_word' id='word_1_228' title='bbox 1649 2854 1965 2907; x_wconf 87' lang='lat' dir='ltr'><strong>necessario</strong></span> 
     </span>
    </p>
   </div>
   <div class='ocr_carea' id='block_1_31' title="bbox 382 2930 1965 3009">
    <p class='ocr_par' dir='ltr' id='par_1_31' title="bbox 382 2930 1965 3009">
     <span class='ocr_line' id='line_1_31' title="bbox 382 2930 1965 3009; baseline 0.009 -27"><span class='ocrx_word' id='word_1_229' title='bbox 382 2930 788 3000; x_wconf 85' lang='lat' dir='ltr'><strong>allluenterque</strong></span> <span class='ocrx_word' id='word_1_230' title='bbox 819 2936 1252 3001; x_wconf 88' lang='lat' dir='ltr'><strong>corrohorantis,</strong></span> <span class='ocrx_word' id='word_1_231' title='bbox 1284 2947 1622 3008; x_wconf 79' lang='lat' dir='ltr'><strong>temer-eque,</strong></span> <span class='ocrx_word' id='word_1_232' title='bbox 1651 2951 1710 2996; x_wconf 91' lang='lat' dir='ltr'><strong>ut</strong></span> <span class='ocrx_word' id='word_1_233' title='bbox 1730 2942 1965 3009; x_wconf 78' lang='lat' dir='ltr'><strong>videtur,</strong></span> 
     </span>
    </p>
   </div>
   <div class='ocr_carea' id='block_1_32' title="bbox 382 3022 1964 3103">
    <p class='ocr_par' dir='ltr' id='par_1_32' title="bbox 382 3022 1964 3103">
     <span class='ocr_line' id='line_1_32' title="bbox 382 3022 1964 3103; baseline 0.009 -30"><span class='ocrx_word' id='word_1_234' title='bbox 382 3022 756 3076; x_wconf 87' lang='lat' dir='ltr'><strong>incumbentis</strong></span> <span class='ocrx_word' id='word_1_235' title='bbox 789 3026 967 3077; x_wconf 84' lang='lat' dir='ltr'><strong>solum</strong></span> <span class='ocrx_word' id='word_1_236' title='bbox 1002 3023 1216 3079; x_wconf 81' lang='lat' dir='ltr'><strong>Patrem</strong></span> <span class='ocrx_word' id='word_1_237' title='bbox 1260 3027 1645 3098; x_wconf 79' lang='lat' dir='ltr'><strong>productorem</strong></span> <span class='ocrx_word' id='word_1_238' title='bbox 1687 3032 1964 3103; x_wconf 78' lang='lat' dir='ltr'><strong>colligere,</strong></span> 
     </span>
    </p>
   </div>
   <div class='ocr_carea' id='block_1_33' title="bbox 381 3114 1966 3193">
    <p class='ocr_par' dir='ltr' id='par_1_33' title="bbox 381 3114 1966 3193">
     <span class='ocr_line' id='line_1_33' title="bbox 381 3114 1966 3193; baseline 0.011 -28"><span class='ocrx_word' id='word_1_239' title='bbox 381 3128 449 3166; x_wconf 85' lang='lat' dir='ltr'><strong>ex</strong></span> <span class='ocrx_word' id='word_1_240' title='bbox 479 3114 582 3168; x_wconf 90' lang='lat' dir='ltr'><strong>hac</strong></span> <span class='ocrx_word' id='word_1_241' title='bbox 611 3115 784 3184; x_wconf 90' lang='lat' dir='ltr'><strong>ipsius</strong></span> <span class='ocrx_word' id='word_1_242' title='bbox 813 3128 1263 3188; x_wconf 81' lang='lat' dir='ltr'><strong>argumentorum</strong></span> <span class='ocrx_word' id='word_1_243' title='bbox 1302 3122 1561 3177; x_wconf 88' lang='lat' dir='ltr'><strong>methodo</strong></span> <span class='ocrx_word' id='word_1_244' title='bbox 1599 3123 1785 3193; x_wconf 87' lang='lat' dir='ltr'><strong>potius</strong></span> <span class='ocrx_word' id='word_1_245' title='bbox 1819 3126 1966 3182; x_wconf 87' lang='lat' dir='ltr'><strong>illius</strong></span> 
     </span>
    </p>
   </div>
   <div class='ocr_carea' id='block_1_34' title="bbox 380 3208 1963 3282">
    <p class='ocr_par' dir='ltr' id='par_1_34' title="bbox 380 3208 1963 3282">
     <span class='ocr_line' id='line_1_34' title="bbox 380 3208 1963 3282; baseline 0.008 -23"><span class='ocrx_word' id='word_1_246' title='bbox 380 3208 611 3261; x_wconf 79' lang='lat' dir='ltr'><strong>l&#39;utilitas</strong></span> <span class='ocrx_word' id='word_1_247' title='bbox 645 3221 930 3279; x_wconf 86' lang='lat' dir='ltr'><strong>comparet</strong></span> <span class='ocrx_word' id='word_1_248' title='bbox 965 3213 1402 3282; x_wconf 87' lang='lat' dir='ltr'><strong>propositionis:</strong></span> <span class='ocrx_word' id='word_1_249' title='bbox 1441 3233 1460 3265; x_wconf 71' lang='grc' dir='ltr'><strong>ι</strong></span> <span class='ocrx_word' id='word_1_250' title='bbox 1503 3215 1621 3269; x_wconf 88' lang='lat' dir='ltr'><strong>Erit</strong></span> <span class='ocrx_word' id='word_1_251' title='bbox 1668 3216 1792 3271; x_wconf 76' lang='lat' dir='ltr'><strong>fons</strong></span> <span class='ocrx_word' id='word_1_252' title='bbox 1839 3217 1963 3272; x_wconf 75' lang='lat' dir='ltr'><strong>Filii</strong></span> 
     </span>
    </p>
   </div>
   <div class='ocr_carea' id='block_1_35' title="bbox 379 3276 2035 3372">
    <p class='ocr_par' dir='ltr' id='par_1_35' title="bbox 379 3276 2035 3372">
     <span class='ocr_line' id='line_1_35' title="bbox 379 3276 2035 3372; baseline 0.008 -20"><span class='ocrx_word' id='word_1_253' title='bbox 379 3314 435 3352; x_wconf 83' lang='lat' dir='ltr'><strong>ct</strong></span> <span class='ocrx_word' id='word_1_254' title='bbox 460 3298 698 3367; x_wconf 88' lang='lat' dir='ltr'><strong>Spiritus</strong></span> <span class='ocrx_word' id='word_1_255' title='bbox 733 3276 897 3356; x_wconf 82' lang='lat' dir='ltr'><strong>Pater</strong></span> <span class='ocrx_word' id='word_1_256' title='bbox 917 3276 1161 3372; x_wconf 34' lang='lat' dir='ltr'><strong>mque&#39;ac</strong></span> <span class='ocrx_word' id='word_1_257' title='bbox 1195 3305 1241 3359; x_wconf 90' lang='lat' dir='ltr'><strong>si</strong></span> <span class='ocrx_word' id='word_1_258' title='bbox 1291 3305 1495 3359; x_wconf 83' lang='lat' dir='ltr'><strong>dixeris</strong></span> <span class='ocrx_word' id='word_1_259' title='bbox 1543 3306 1705 3361; x_wconf 88' lang='lat' dir='ltr'><strong>Pater</strong></span> <span class='ocrx_word' id='word_1_260' title='bbox 1742 3306 1864 3362; x_wconf 80' lang='lat' dir='ltr'><strong>Filii</strong></span> <span class='ocrx_word' id='word_1_261' title='bbox 1911 3319 1965 3365; x_wconf 88' lang='lat' dir='ltr'><strong>et</strong></span> <span class='ocrx_word' id='word_1_262' title='bbox 1992 3276 2035 3332; x_wconf 63' lang='grc' dir='ltr'>Ο</span> 
     </span>
    </p>
   </div>
   <div class='ocr_carea' id='block_1_36' title="bbox 380 3392 1961 3468">
    <p class='ocr_par' dir='ltr' id='par_1_36' title="bbox 380 3392 1961 3468">
     <span class='ocr_line' id='line_1_36' title="bbox 380 3392 1961 3468; baseline 0.007 -26"><span class='ocrx_word' id='word_1_263' title='bbox 380 3392 684 3459; x_wconf 86' lang='lat' dir='ltr'><strong>productor</strong></span> <span class='ocrx_word' id='word_1_264' title='bbox 750 3392 1022 3461; x_wconf 81' lang='lat' dir='ltr'><strong>Spiritus,</strong></span> <span class='ocrx_word' id='word_1_265' title='bbox 1085 3415 1103 3447; x_wconf 76' lang='grc' dir='ltr'><strong>ι</strong></span> <span class='ocrx_word' id='word_1_266' title='bbox 1158 3404 1214 3449; x_wconf 87' lang='lat' dir='ltr'><strong>et</strong></span> <span class='ocrx_word' id='word_1_267' title='bbox 1268 3397 1372 3450; x_wconf 88' lang='lat' dir='ltr'><strong>hoc</strong></span> <span class='ocrx_word' id='word_1_268' title='bbox 1426 3397 1650 3465; x_wconf 72' lang='lat' dir='ltr'><strong>szepius.</strong></span> <span class='ocrx_word' id='word_1_269' title='bbox 1704 3408 1961 3468; x_wconf 89' lang='lat' dir='ltr'><strong>tanquam</strong></span> 
     </span>
    </p>
   </div>
   <div class='ocr_carea' id='block_1_37' title="bbox 286 3483 1963 3554">
    <p class='ocr_par' dir='ltr' id='par_1_37' title="bbox 286 3483 1963 3554">
     <span class='ocr_line' id='line_1_37' title="bbox 286 3483 1963 3554; baseline 0.007 -20"><span class='ocrx_word' id='word_1_270' title='bbox 286 3494 293 3499; x_wconf 84' lang='lat'>‘</span> <span class='ocrx_word' id='word_1_271' title='bbox 379 3483 528 3550; x_wconf 79' lang='lat' dir='ltr'><strong>quod</strong></span> <span class='ocrx_word' id='word_1_272' title='bbox 565 3483 738 3536; x_wconf 86' lang='lat' dir='ltr'><strong>everti</strong></span> <span class='ocrx_word' id='word_1_273' title='bbox 777 3484 926 3539; x_wconf 91' lang='lat' dir='ltr'><strong>nullo</strong></span> <span class='ocrx_word' id='word_1_274' title='bbox 972 3486 1136 3539; x_wconf 88' lang='lat' dir='ltr'><strong>modo</strong></span> <span class='ocrx_word' id='word_1_275' title='bbox 1171 3487 1362 3554; x_wconf 83' lang='lat' dir='ltr'><strong>possit,</strong></span> <span class='ocrx_word' id='word_1_276' title='bbox 1401 3489 1755 3554; x_wconf 83' lang='lat' dir='ltr'><strong>ostentantis,</strong></span> <span class='ocrx_word' id='word_1_277' title='bbox 1807 3505 1963 3545; x_wconf 89' lang='lat' dir='ltr'><strong>eum-</strong></span> 
     </span>
    </p>
   </div>
   <div class='ocr_carea' id='block_1_38' title="bbox 380 3572 1963 3647">
    <p class='ocr_par' dir='ltr' id='par_1_38' title="bbox 380 3572 1963 3647">
     <span class='ocr_line' id='line_1_38' title="bbox 380 3572 1963 3647; baseline 0.007 -22"><span class='ocrx_word' id='word_1_278' title='bbox 380 3574 505 3626; x_wconf 91' lang='lat' dir='ltr'><strong>dem</strong></span> <span class='ocrx_word' id='word_1_279' title='bbox 537 3572 712 3642; x_wconf 89' lang='lat' dir='ltr'><strong>ipsum</strong></span> <span class='ocrx_word' id='word_1_280' title='bbox 734 3590 800 3628; x_wconf 81' lang='lat' dir='ltr'><strong>ex</strong></span> <span class='ocrx_word' id='word_1_281' title='bbox 820 3575 1015 3630; x_wconf 86' lang='lat' dir='ltr'><strong>iisdem</strong></span> <span class='ocrx_word' id='word_1_282' title='bbox 1042 3578 1372 3633; x_wconf 80' lang='lat' dir='ltr'><strong>concludere</strong></span> <span class='ocrx_word' id='word_1_283' title='bbox 1392 3580 1771 3647; x_wconf 84' lang='lat' dir='ltr'><strong>productorern</strong></span> <span class='ocrx_word' id='word_1_284' title='bbox 1799 3583 1963 3636; x_wconf 90' lang='lat' dir='ltr'><strong>etiam</strong></span> 
     </span>
    </p>
   </div>
   <div class='ocr_carea' id='block_1_39' title="bbox 381 3667 1966 3741">
    <p class='ocr_par' dir='ltr' id='par_1_39' title="bbox 381 3667 1966 3741">
     <span class='ocr_line' id='line_1_39' title="bbox 381 3667 1966 3741; baseline 0.007 -20"><span class='ocrx_word' id='word_1_285' title='bbox 381 3667 604 3732; x_wconf 82' lang='lat' dir='ltr'><strong>Filium,</strong></span> <span class='ocrx_word' id='word_1_286' title='bbox 637 3670 715 3722; x_wconf 92' lang='lat' dir='ltr'><strong>uti</strong></span> <span class='ocrx_word' id='word_1_287' title='bbox 741 3668 951 3724; x_wconf 81' lang='lat' dir='ltr'><strong>fontem</strong></span> <span class='ocrx_word' id='word_1_288' title='bbox 1001 3670 1241 3741; x_wconf 82' lang='lat' dir='ltr'><strong>Spiritus</strong></span> <span class='ocrx_word' id='word_1_289' title='bbox 1289 3674 1652 3741; x_wconf 88' lang='lat' dir='ltr'><strong>apertissime.</strong></span> <span class='ocrx_word' id='word_1_290' title='bbox 1708 3674 1776 3729; x_wconf 86' lang='lat' dir='ltr'><strong>Et</strong></span> <span class='ocrx_word' id='word_1_291' title='bbox 1823 3676 1966 3732; x_wconf 85' lang='lat' dir='ltr'><strong>illius</strong></span> 
     </span>
    </p>
   </div>
   <div class='ocr_carea' id='block_1_40' title="bbox 378 3761 1965 3829">
    <p class='ocr_par' dir='ltr' id='par_1_40' title="bbox 378 3761 1965 3829">
     <span class='ocr_line' id='line_1_40' title="bbox 378 3761 1965 3829; baseline 0.006 -16"><span class='ocrx_word' id='word_1_292' title='bbox 378 3775 599 3829; x_wconf 80' lang='lat' dir='ltr'><strong>quoque</strong></span> <span class='ocrx_word' id='word_1_293' title='bbox 650 3761 859 3817; x_wconf 86' lang='lat' dir='ltr'><strong>calculo</strong></span> <span class='ocrx_word' id='word_1_294' title='bbox 894 3778 981 3817; x_wconf 91' lang='lat' dir='ltr'><strong>res</strong></span> <span class='ocrx_word' id='word_1_295' title='bbox 1020 3765 1092 3819; x_wconf 88' lang='lat' dir='ltr'><strong>ita</strong></span> <span class='ocrx_word' id='word_1_296' title='bbox 1142 3780 1201 3819; x_wconf 90' lang='lat' dir='ltr'><strong>se</strong></span> <span class='ocrx_word' id='word_1_297' title='bbox 1255 3766 1441 3819; x_wconf 81' lang='lat' dir='ltr'><strong>habet.</strong></span> <span class='ocrx_word' id='word_1_298' title='bbox 1494 3766 1602 3821; x_wconf 86' lang='lat' dir='ltr'><strong>Sed</strong></span> <span class='ocrx_word' id='word_1_299' title='bbox 1650 3766 1798 3821; x_wconf 91' lang='lat' dir='ltr'><strong>enim</strong></span> <span class='ocrx_word' id='word_1_300' title='bbox 1838 3784 1965 3823; x_wconf 90' lang='lat' dir='ltr'><strong>cum</strong></span> 
     </span>
    </p>
   </div>
   <div class='ocr_carea' id='block_1_41' title="bbox 374 3853 1966 3925">
    <p class='ocr_par' dir='ltr' id='par_1_41' title="bbox 374 3853 1966 3925">
     <span class='ocr_line' id='line_1_41' title="bbox 374 3853 1966 3925; baseline 0.008 -21"><span class='ocrx_word' id='word_1_301' title='bbox 374 3853 489 3920; x_wconf 81' lang='lat' dir='ltr'><strong>jam</strong></span> <span class='ocrx_word' id='word_1_302' title='bbox 523 3868 628 3907; x_wconf 78' lang='lat' dir='ltr'><strong>vox</strong></span> <span class='ocrx_word' id='word_1_303' title='bbox 678 3854 821 3909; x_wconf 74' lang='lat' dir='ltr'><strong>solus</strong></span> <span class='ocrx_word' id='word_1_304' title='bbox 855 3855 923 3911; x_wconf 89' lang='lat' dir='ltr'><strong>de</strong></span> <span class='ocrx_word' id='word_1_305' title='bbox 962 3856 1110 3913; x_wconf 83' lang='lat' dir='ltr'><strong>fonte</strong></span> <span class='ocrx_word' id='word_1_306' title='bbox 1140 3859 1534 3925; x_wconf 85' lang='lat' dir='ltr'><strong>examinatum,</strong></span> <span class='ocrx_word' id='word_1_307' title='bbox 1567 3861 1740 3916; x_wconf 88' lang='lat' dir='ltr'><strong>sicubi</strong></span> <span class='ocrx_word' id='word_1_308' title='bbox 1772 3878 1966 3917; x_wconf 88' lang='lat' dir='ltr'><strong>occur-</strong></span> 
     </span>
    </p>
   </div>
   <div class='ocr_carea' id='block_1_42' title="bbox 380 3945 1970 4021">
    <p class='ocr_par' dir='ltr' id='par_1_42' title="bbox 380 3945 1970 4021">
     <span class='ocr_line' id='line_1_42' title="bbox 380 3945 1970 4021; baseline 0.006 -22"><span class='ocrx_word' id='word_1_309' title='bbox 380 3945 539 4012; x_wconf 86' lang='lat' dir='ltr'><strong>rerit,</strong></span> <span class='ocrx_word' id='word_1_310' title='bbox 585 3955 663 4010; x_wconf 89' lang='lat' dir='ltr'><strong>et,</strong></span> <span class='ocrx_word' id='word_1_311' title='bbox 696 3948 973 4017; x_wconf 84' lang='lat' dir='ltr'><strong>quomodo</strong></span> <span class='ocrx_word' id='word_1_312' title='bbox 1009 3948 1096 4002; x_wconf 89' lang='lat' dir='ltr'><strong>illa</strong></span> <span class='ocrx_word' id='word_1_313' title='bbox 1135 3949 1202 4003; x_wconf 91' lang='lat' dir='ltr'><strong>de</strong></span> <span class='ocrx_word' id='word_1_314' title='bbox 1234 3948 1540 4004; x_wconf 84' lang='lat' dir='ltr'><strong>divinitatis</strong></span> <span class='ocrx_word' id='word_1_315' title='bbox 1587 3953 1970 4021; x_wconf 77' lang='lat' dir='ltr'><strong>hypostasibus</strong></span> 
     </span>
    </p>
   </div>
   <div class='ocr_carea' id='block_1_43' title="bbox 380 4038 1969 4111">
    <p class='ocr_par' dir='ltr' id='par_1_43' title="bbox 380 4038 1969 4111">
     <span class='ocr_line' id='line_1_43' title="bbox 380 4038 1969 4111; baseline 0.007 -21"><span class='ocrx_word' id='word_1_316' title='bbox 380 4038 781 4103; x_wconf 85' lang='lat' dir='ltr'><strong>consideratur,</strong></span> <span class='ocrx_word' id='word_1_317' title='bbox 823 4055 887 4094; x_wconf 81' lang='lat' dir='ltr'><strong>ex</strong></span> <span class='ocrx_word' id='word_1_318' title='bbox 924 4040 1186 4095; x_wconf 80' lang='lat' dir='ltr'><strong>divinitus</strong></span> <span class='ocrx_word' id='word_1_319' title='bbox 1221 4041 1495 4111; x_wconf 68' lang='lat' dir='ltr'><strong>inspirata:</strong></span> <span class='ocrx_word' id='word_1_320' title='bbox 1526 4042 1826 4111; x_wconf 70' lang='lat' dir='ltr'><strong>Scriptum</strong></span> <span class='ocrx_word' id='word_1_321' title='bbox 1854 4047 1969 4100; x_wconf 88' lang='lat' dir='ltr'><strong>elo-</strong></span> 
     </span>
    </p>
   </div>
   <div class='ocr_carea' id='block_1_44' title="bbox 379 4122 1972 4206">
    <p class='ocr_par' dir='ltr' id='par_1_44' title="bbox 379 4122 1972 4206">
     <span class='ocr_line' id='line_1_44' title="bbox 379 4122 1972 4206; baseline 0.006 -23"><span class='ocrx_word' id='word_1_322' title='bbox 379 4130 545 4199; x_wconf 83' lang='lat' dir='ltr'><strong>quiis,</strong></span> <span class='ocrx_word' id='word_1_323' title='bbox 586 4122 919 4186; x_wconf 81' lang='lat' dir='ltr'><strong>declaratum</strong></span> <span class='ocrx_word' id='word_1_324' title='bbox 952 4135 1047 4201; x_wconf 88' lang='lat' dir='ltr'><strong>sit,</strong></span> <span class='ocrx_word' id='word_1_325' title='bbox 1080 4134 1446 4190; x_wconf 87' lang='lat' dir='ltr'><strong>nihilominus</strong></span> <span class='ocrx_word' id='word_1_326' title='bbox 1473 4151 1742 4206; x_wconf 87' lang='lat' dir='ltr'><strong>nusquam</strong></span> <span class='ocrx_word' id='word_1_327' title='bbox 1775 4146 1858 4192; x_wconf 89' lang='lat' dir='ltr'><strong>est</strong></span> <span class='ocrx_word' id='word_1_328' title='bbox 1886 4154 1972 4193; x_wconf 92' lang='lat' dir='ltr'><strong>re-</strong></span> 
     </span>
    </p>
   </div>
   <div class='ocr_carea' id='block_1_45' title="bbox 381 4224 1969 4299">
    <p class='ocr_par' dir='ltr' id='par_1_45' title="bbox 381 4224 1969 4299">
     <span class='ocr_line' id='line_1_45' title="bbox 381 4224 1969 4299; baseline 0.005 -24"><span class='ocrx_word' id='word_1_329' title='bbox 381 4224 601 4293; x_wconf 62' lang='lat' dir='ltr'><strong>perire:</strong></span> <span class='ocrx_word' id='word_1_330' title='bbox 654 4244 672 4276; x_wconf 73' lang='grc' dir='ltr'><strong>ι</strong></span> <span class='ocrx_word' id='word_1_331' title='bbox 711 4224 870 4280; x_wconf 83' lang='lat' dir='ltr'><strong>Solus</strong></span> <span class='ocrx_word' id='word_1_332' title='bbox 906 4227 1206 4295; x_wconf 84' lang='lat' dir='ltr'><strong>productor</strong></span> <span class='ocrx_word' id='word_1_333' title='bbox 1256 4227 1493 4297; x_wconf 88' lang='lat' dir='ltr'><strong>Spiritus</strong></span> <span class='ocrx_word' id='word_1_334' title='bbox 1543 4228 1724 4294; x_wconf 87' lang='lat' dir='ltr'><strong>Pater,</strong></span> <span class='ocrx_word' id='word_1_335' title='bbox 1769 4248 1788 4280; x_wconf 72' lang='grc' dir='ltr'><strong>ι</strong></span> <span class='ocrx_word' id='word_1_336' title='bbox 1824 4229 1969 4299; x_wconf 85' lang='lat' dir='ltr'><strong>quod</strong></span> 
     </span>
    </p>
   </div>
   <div class='ocr_carea' id='block_1_46' title="bbox 384 4316 1972 4390">
    <p class='ocr_par' dir='ltr' id='par_1_46' title="bbox 384 4316 1972 4390">
     <span class='ocr_line' id='line_1_46' title="bbox 384 4316 1972 4390; baseline 0.004 -21"><span class='ocrx_word' id='word_1_337' title='bbox 384 4316 703 4384; x_wconf 84' lang='lat' dir='ltr'><strong>producere,</strong></span> <span class='ocrx_word' id='word_1_338' title='bbox 728 4326 823 4371; x_wconf 87' lang='lat' dir='ltr'><strong>aut</strong></span> <span class='ocrx_word' id='word_1_339' title='bbox 846 4318 1184 4387; x_wconf 85' lang='lat' dir='ltr'><strong>producendi</strong></span> <span class='ocrx_word' id='word_1_340' title='bbox 1208 4319 1773 4390; x_wconf 85' lang='lat' dir='ltr'><strong>facultas,pr0prietas</strong></span> <span class='ocrx_word' id='word_1_341' title='bbox 1794 4321 1972 4376; x_wconf 85' lang='lat' dir='ltr'><strong>Patris</strong></span> 
     </span>
    </p>
   </div>
   <div class='ocr_carea' id='block_1_47' title="bbox 382 4410 1971 4481">
    <p class='ocr_par' dir='ltr' id='par_1_47' title="bbox 382 4410 1971 4481">
     <span class='ocr_line' id='line_1_47' title="bbox 382 4410 1971 4481; baseline 0.004 -22"><span class='ocrx_word' id='word_1_342' title='bbox 382 4424 492 4460; x_wconf 88' lang='lat' dir='ltr'><strong>non</strong></span> <span class='ocrx_word' id='word_1_343' title='bbox 530 4418 634 4474; x_wconf 82' lang='lat' dir='ltr'><strong>est,</strong></span> <span class='ocrx_word' id='word_1_344' title='bbox 688 4424 813 4463; x_wconf 87' lang='lat' dir='ltr'><strong>cum</strong></span> <span class='ocrx_word' id='word_1_345' title='bbox 871 4410 1238 4466; x_wconf 83' lang='lat' dir='ltr'><strong>Damasecnus</strong></span> <span class='ocrx_word' id='word_1_346' title='bbox 1292 4411 1664 4481; x_wconf 81' lang='lat' dir='ltr'><strong>diviniloquus</strong></span> <span class='ocrx_word' id='word_1_347' title='bbox 1696 4428 1762 4467; x_wconf 80' lang='lat' dir='ltr'><strong>ex</strong></span> <span class='ocrx_word' id='word_1_348' title='bbox 1796 4415 1971 4481; x_wconf 78' lang='lat' dir='ltr'><strong>gratia</strong></span> 
     </span>
    </p>
   </div>
   <div class='ocr_carea' id='block_1_48' title="bbox 382 4501 1971 4574">
    <p class='ocr_par' dir='ltr' id='par_1_48' title="bbox 382 4501 1971 4574">
     <span class='ocr_line' id='line_1_48' title="bbox 382 4501 1971 4574; baseline 0.005 -23"><span class='ocrx_word' id='word_1_349' title='bbox 382 4514 583 4553; x_wconf 90' lang='lat' dir='ltr'><strong>nomen</strong></span> <span class='ocrx_word' id='word_1_350' title='bbox 629 4501 857 4564; x_wconf 77' lang='lat' dir='ltr'><strong>habens,</strong></span> <span class='ocrx_word' id='word_1_351' title='bbox 893 4503 1052 4556; x_wconf 86' lang='lat' dir='ltr'><strong>tertio</strong></span> <span class='ocrx_word' id='word_1_352' title='bbox 1083 4503 1299 4559; x_wconf 91' lang='lat' dir='ltr'><strong>decimo</strong></span> <span class='ocrx_word' id='word_1_353' title='bbox 1334 4503 1643 4574; x_wconf 77' lang='lat' dir='ltr'><strong>theologico</strong></span> <span class='ocrx_word' id='word_1_354' title='bbox 1673 4506 1873 4574; x_wconf 85' lang='lat' dir='ltr'><strong>capite.</strong></span> <span class='ocrx_word' id='word_1_355' title='bbox 1902 4505 1971 4559; x_wconf 89' lang='lat' dir='ltr'><strong>de</strong></span> 
     </span>
    </p>
   </div>
   <div class='ocr_carea' id='block_1_49' title="bbox 2067 662 3669 741">
    <p class='ocr_par' dir='ltr' id='par_1_49' title="bbox 2067 662 3669 741">
     <span class='ocr_line' id='line_1_49' title="bbox 2067 662 3669 741; baseline 0.002 -23"><span class='ocrx_word' id='word_1_356' title='bbox 2067 666 2162 718; x_wconf 77' lang='grc' dir='ltr'>καὶ</span> <span class='ocrx_word' id='word_1_357' title='bbox 2207 671 2266 733; x_wconf 79' lang='grc' dir='ltr'>ἐξ</span> <span class='ocrx_word' id='word_1_358' title='bbox 2299 662 2375 722; x_wconf 84' lang='grc' dir='ltr'>ὧν</span> <span class='ocrx_word' id='word_1_359' title='bbox 2429 688 2594 741; x_wconf 78' lang='grc' dir='ltr'>φησ.ν</span> <span class='ocrx_word' id='word_1_360' title='bbox 2647 673 2675 724; x_wconf 87' lang='grc' dir='ltr'><strong>ὁ</strong></span> <span class='ocrx_word' id='word_1_361' title='bbox 2729 669 3026 740; x_wconf 82' lang='grc' dir='ltr'>θεόληπτος</span> <span class='ocrx_word' id='word_1_362' title='bbox 3074 669 3343 739; x_wconf 83' lang='grc' dir='ltr'>Κύριλλος</span> <span class='ocrx_word' id='word_1_363' title='bbox 3390 670 3669 740; x_wconf 76' lang='grc' dir='ltr'>περὶτῆς</span> 
     </span>
    </p>
   </div>
   <div class='ocr_carea' id='block_1_50' title="bbox 2067 756 3669 832">
    <p class='ocr_par' dir='ltr' id='par_1_50' title="bbox 2067 756 3669 832">
     <span class='ocr_line' id='line_1_50' title="bbox 2067 756 3669 832; baseline 0.003 -22"><span class='ocrx_word' id='word_1_364' title='bbox 2067 758 2255 828; x_wconf 79' lang='grc' dir='ltr'>πηγῆς</span> <span class='ocrx_word' id='word_1_365' title='bbox 2305 762 2527 832; x_wconf 78' lang='grc' dir='ltr'>ἀμυδρὰ</span> <span class='ocrx_word' id='word_1_366' title='bbox 2570 762 2814 815; x_wconf 83' lang='grc' dir='ltr'><strong>λεκτέον.</strong></span> <span class='ocrx_word' id='word_1_367' title='bbox 2857 756 3026 824; x_wconf 80' lang='grc' dir='ltr'>Οὗτος</span> <span class='ocrx_word' id='word_1_368' title='bbox 3075 762 3134 813; x_wconf 83' lang='grc' dir='ltr'>ἐν</span> <span class='ocrx_word' id='word_1_369' title='bbox 3180 761 3328 830; x_wconf 76' lang='grc' dir='ltr'>ἕκτῳ</span> <span class='ocrx_word' id='word_1_370' title='bbox 3374 762 3484 814; x_wconf 83' lang='grc' dir='ltr'><strong>τῶν</strong></span> <span class='ocrx_word' id='word_1_371' title='bbox 3517 761 3669 832; x_wconf 80' lang='grc' dir='ltr'>πρὸς</span> 
     </span>
    </p>
   </div>
   <div class='ocr_carea' id='block_1_51' title="bbox 2076 846 3664 923">
    <p class='ocr_par' dir='ltr' id='par_1_51' title="bbox 2076 846 3664 923">
     <span class='ocr_line' id='line_1_51' title="bbox 2076 846 3664 923; baseline 0.003 -22"><span class='ocrx_word' id='word_1_372' title='bbox 2076 847 2357 919; x_wconf 83' lang='grc' dir='ltr'>Ἑρμείαν,</span> <span class='ocrx_word' id='word_1_373' title='bbox 2397 870 2416 903; x_wconf 77' lang='grc' dir='ltr'><strong>ι</strong></span> <span class='ocrx_word' id='word_1_374' title='bbox 2468 853 2758 922; x_wconf 85' lang='grc' dir='ltr'>Προχεῖται</span> <span class='ocrx_word' id='word_1_375' title='bbox 2797 852 2894 922; x_wconf 78' lang='grc' dir='ltr'>μὲν</span> <span class='ocrx_word' id='word_1_376' title='bbox 2926 846 3016 905; x_wconf 85' lang='grc' dir='ltr'>οἷά</span> <span class='ocrx_word' id='word_1_377' title='bbox 3050 869 3156 923; x_wconf 86' lang='grc' dir='ltr'><strong>περ</strong></span> <span class='ocrx_word' id='word_1_378' title='bbox 3197 854 3306 905; x_wconf 81' lang='grc' dir='ltr'>άπὸ</span> <span class='ocrx_word' id='word_1_379' title='bbox 3338 854 3525 923; x_wconf 85' lang='grc' dir='ltr'>πηγῆς</span> <span class='ocrx_word' id='word_1_380' title='bbox 3562 853 3664 907; x_wconf 86' lang='grc' dir='ltr'><strong>τοῦ</strong></span> 
     </span>
    </p>
   </div>
   <div class='ocr_carea' id='block_1_52' title="bbox 2066 940 3668 1014">
    <p class='ocr_par' dir='ltr' id='par_1_52' title="bbox 2066 940 3668 1014">
     <span class='ocr_line' id='line_1_52' title="bbox 2066 940 3668 1014; baseline 0.002 -21"><span class='ocrx_word' id='word_1_381' title='bbox 2066 940 2279 1010; x_wconf 74' lang='grc' dir='ltr'>Πατρὸς</span> <span class='ocrx_word' id='word_1_382' title='bbox 2335 944 2397 995; x_wconf 80' lang='grc' dir='ltr'><strong>τὸ</strong></span> <span class='ocrx_word' id='word_1_383' title='bbox 2446 943 2691 1013; x_wconf 84' lang='grc' dir='ltr'><strong>Πνεῦμα,</strong></span> <span class='ocrx_word' id='word_1_384' title='bbox 2727 961 2744 995; x_wconf 78' lang='grc' dir='ltr'><strong>ι</strong></span> <span class='ocrx_word' id='word_1_385' title='bbox 2786 943 3136 1014; x_wconf 85' lang='grc' dir='ltr'>θεολογήσας,</span> <span class='ocrx_word' id='word_1_386' title='bbox 3182 945 3240 998; x_wconf 84' lang='grc' dir='ltr'>ὲν</span> <span class='ocrx_word' id='word_1_387' title='bbox 3280 945 3494 1014; x_wconf 76' lang='grc' dir='ltr'>ἑϐδόμῳ</span> <span class='ocrx_word' id='word_1_388' title='bbox 3525 947 3668 1012; x_wconf 77' lang='grc' dir='ltr'>περὶ</span> 
     </span>
    </p>
   </div>
   <div class='ocr_carea' id='block_1_53' title="bbox 2063 1033 3667 1107">
    <p class='ocr_par' dir='ltr' id='par_1_53' title="bbox 2063 1033 3667 1107">
     <span class='ocr_line' id='line_1_53' title="bbox 2063 1033 3667 1107; baseline 0.002 -22"><span class='ocrx_word' id='word_1_389' title='bbox 2063 1033 2157 1087; x_wconf 88' lang='grc' dir='ltr'><strong>τοῦ</strong></span> <span class='ocrx_word' id='word_1_390' title='bbox 2204 1033 2333 1086; x_wconf 82' lang='grc' dir='ltr'>Υἰοῦ</span> <span class='ocrx_word' id='word_1_391' title='bbox 2372 1035 2712 1105; x_wconf 76' lang='grc' dir='ltr'><strong>δογματίζει,</strong></span> <span class='ocrx_word' id='word_1_392' title='bbox 2753 1054 2771 1087; x_wconf 78' lang='grc' dir='ltr'><strong>ι</strong></span> <span class='ocrx_word' id='word_1_393' title='bbox 2804 1036 2893 1105; x_wconf 84' lang='grc' dir='ltr'><strong>Τῷ</strong></span> <span class='ocrx_word' id='word_1_394' title='bbox 2926 1036 3043 1105; x_wconf 83' lang='grc' dir='ltr'>ἰδίῳ</span> <span class='ocrx_word' id='word_1_395' title='bbox 3076 1036 3354 1105; x_wconf 84' lang='grc' dir='ltr'>Πνεύματι</span> <span class='ocrx_word' id='word_1_396' title='bbox 3379 1036 3471 1087; x_wconf 78' lang='grc' dir='ltr'><strong>τὸν</strong></span> <span class='ocrx_word' id='word_1_397' title='bbox 3503 1036 3667 1107; x_wconf 79' lang='grc' dir='ltr'>αὐτῷ</span> 
     </span>
    </p>
   </div>
   <div class='ocr_carea' id='block_1_54' title="bbox 2068 1127 3664 1199">
    <p class='ocr_par' dir='ltr' id='par_1_54' title="bbox 2068 1127 3664 1199">
     <span class='ocr_line' id='line_1_54' title="bbox 2068 1127 3664 1199; baseline 0.001 -21"><span class='ocrx_word' id='word_1_398' title='bbox 2068 1127 2469 1196; x_wconf 75' lang='grc' dir='ltr'>προσκείμενον</span> <span class='ocrx_word' id='word_1_399' title='bbox 2534 1129 2847 1199; x_wconf 88' lang='grc' dir='ltr'>καταχρίει,</span> <span class='ocrx_word' id='word_1_400' title='bbox 2895 1129 3033 1196; x_wconf 83' lang='grc' dir='ltr'>ὅπερ</span> <span class='ocrx_word' id='word_1_401' title='bbox 3076 1128 3294 1197; x_wconf 84' lang='grc' dir='ltr'>-ὲνίησιν</span> <span class='ocrx_word' id='word_1_402' title='bbox 3350 1127 3449 1196; x_wconf 79' lang='grc' dir='ltr'><strong>μὲν</strong></span> <span class='ocrx_word' id='word_1_403' title='bbox 3494 1128 3664 1190; x_wconf 72' lang='grc' dir='ltr'>αὐτὸς</span> 
     </span>
    </p>
   </div>
   <div class='ocr_carea' id='block_1_55' title="bbox 2065 1219 3666 1289">
    <p class='ocr_par' dir='ltr' id='par_1_55' title="bbox 2065 1219 3666 1289">
     <span class='ocr_line' id='line_1_55' title="bbox 2065 1219 3666 1289; baseline 0.001 -20"><span class='ocrx_word' id='word_1_404' title='bbox 2065 1219 2141 1280; x_wconf 85' lang='grc' dir='ltr'>ὼς</span> <span class='ocrx_word' id='word_1_405' title='bbox 2172 1222 2236 1271; x_wconf 85' lang='grc' dir='ltr'>ὲκ</span> <span class='ocrx_word' id='word_1_406' title='bbox 2268 1219 2402 1273; x_wconf 84' lang='grc' dir='ltr'>Θεοῦ</span> <span class='ocrx_word' id='word_1_407' title='bbox 2439 1222 2653 1289; x_wconf 75' lang='grc' dir='ltr'>Πατρὸς</span> <span class='ocrx_word' id='word_1_408' title='bbox 2682 1221 2876 1288; x_wconf 83' lang='grc' dir='ltr'><strong>Λόγος,</strong></span> <span class='ocrx_word' id='word_1_409' title='bbox 2906 1221 3000 1272; x_wconf 74' lang='grc' dir='ltr'>καὶ</span> <span class='ocrx_word' id='word_1_410' title='bbox 3027 1219 3084 1284; x_wconf 84' lang='grc' dir='ltr'><strong>ὲξ</strong></span> <span class='ocrx_word' id='word_1_411' title='bbox 3113 1220 3250 1281; x_wconf 75' lang='grc' dir='ltr'>ἰδέας</span> <span class='ocrx_word' id='word_1_412' title='bbox 3274 1221 3410 1288; x_wconf 80' lang='grc' dir='ltr'>ἡμῖν</span> <span class='ocrx_word' id='word_1_413' title='bbox 3439 1219 3666 1287; x_wconf 75' lang='grc' dir='ltr'>ἀναπη-</span> 
     </span>
    </p>
   </div>
   <div class='ocr_carea' id='block_1_56' title="bbox 2068 1311 3665 1383">
    <p class='ocr_par' dir='ltr' id='par_1_56' title="bbox 2068 1311 3665 1383">
     <span class='ocr_line' id='line_1_56' title="bbox 2068 1311 3665 1383; baseline -0.001 -19"><span class='ocrx_word' id='word_1_414' title='bbox 2068 1312 2225 1378; x_wconf 77' lang='grc' dir='ltr'>γάζει</span> <span class='ocrx_word' id='word_1_415' title='bbox 2255 1312 2489 1378; x_wconf 83' lang='grc' dir='ltr'>φύσεως.</span> <span class='ocrx_word' id='word_1_416' title='bbox 2533 1331 2550 1364; x_wconf 77' lang='grc' dir='ltr'><strong>ι</strong></span> <span class='ocrx_word' id='word_1_417' title='bbox 2596 1311 2656 1365; x_wconf 83' lang='lat'><strong>&#39;0</strong></span> <span class='ocrx_word' id='word_1_418' title='bbox 2698 1312 3055 1383; x_wconf 80' lang='grc' dir='ltr'>συντελεστὴς</span> <span class='ocrx_word' id='word_1_419' title='bbox 3103 1311 3211 1364; x_wconf 83' lang='grc' dir='ltr'><strong>τῶν</strong></span> <span class='ocrx_word' id='word_1_420' title='bbox 3249 1311 3665 1381; x_wconf 79' lang='grc' dir='ltr'>συμπερασμάο</span> 
     </span>
    </p>
   </div>
   <div class='ocr_carea' id='block_1_57' title="bbox 2065 1402 3664 1485">
    <p class='ocr_par' dir='ltr' id='par_1_57' title="bbox 2065 1402 3664 1474">
     <span class='ocr_line' id='line_1_57' title="bbox 2065 1402 3664 1474; baseline 0.001 -20"><span class='ocrx_word' id='word_1_421' title='bbox 2065 1419 2196 1464; x_wconf 85' lang='grc' dir='ltr'>των,</span> <span class='ocrx_word' id='word_1_422' title='bbox 2228 1402 2321 1455; x_wconf 83' lang='grc' dir='ltr'><strong>τοῦ</strong></span> <span class='ocrx_word' id='word_1_423' title='bbox 2357 1403 2459 1472; x_wconf 83' lang='grc' dir='ltr'><strong>μὲν</strong></span> <span class='ocrx_word' id='word_1_424' title='bbox 2496 1403 2572 1466; x_wconf 83' lang='grc' dir='ltr'>ὡς</span> <span class='ocrx_word' id='word_1_425' title='bbox 2601 1404 2883 1474; x_wconf 76' lang='grc' dir='ltr'>ἠϐούλετο,</span> <span class='ocrx_word' id='word_1_426' title='bbox 2916 1403 3008 1458; x_wconf 88' lang='grc' dir='ltr'><strong>τοῦ</strong></span> <span class='ocrx_word' id='word_1_427' title='bbox 3053 1405 3109 1457; x_wconf 81' lang='grc' dir='ltr'><strong>δὲ</strong></span> <span class='ocrx_word' id='word_1_428' title='bbox 3146 1405 3221 1466; x_wconf 83' lang='grc' dir='ltr'>ὡς</span> <span class='ocrx_word' id='word_1_429' title='bbox 3262 1406 3298 1473; x_wconf 75' lang='grc' dir='ltr'>ἡ</span> <span class='ocrx_word' id='word_1_430' title='bbox 3328 1405 3391 1457; x_wconf 76' lang='grc' dir='ltr'>ἐκ</span> <span class='ocrx_word' id='word_1_431' title='bbox 3421 1404 3531 1456; x_wconf 80' lang='grc' dir='ltr'><strong>τῶν</strong></span> <span class='ocrx_word' id='word_1_432' title='bbox 3566 1404 3664 1456; x_wconf 88' lang='grc' dir='ltr'>λε-</span> 
     </span>
    </p>
   </div>
   <div class='ocr_carea' id='block_1_58' title="bbox 2066 1495 3662 1567">
    <p class='ocr_par' dir='ltr' id='par_1_58' title="bbox 2066 1495 3662 1567">
     <span class='ocr_line' id='line_1_58' title="bbox 2066 1495 3662 1567; baseline -0.002 -18"><span class='ocrx_word' id='word_1_433' title='bbox 2066 1495 2315 1564; x_wconf 70' lang='grc' dir='ltr'>γομένων</span> <span class='ocrx_word' id='word_1_434' title='bbox 2364 1497 2577 1566; x_wconf 81' lang='grc' dir='ltr'>ἀνάγκη</span> <span class='ocrx_word' id='word_1_435' title='bbox 2636 1498 2954 1567; x_wconf 81' lang='grc' dir='ltr'><strong>παρίστησι,</strong></span> <span class='ocrx_word' id='word_1_436' title='bbox 3008 1495 3068 1549; x_wconf 83' lang='grc' dir='ltr'><strong>τὸ</strong></span> <span class='ocrx_word' id='word_1_437' title='bbox 3106 1497 3271 1564; x_wconf 72' lang='grc' dir='ltr'>πηγὴ</span> <span class='ocrx_word' id='word_1_438' title='bbox 3318 1500 3431 1558; x_wconf 88' lang='grc' dir='ltr'>τοῖς</span> <span class='ocrx_word' id='word_1_439' title='bbox 3485 1495 3662 1547; x_wconf 81' lang='grc' dir='ltr'>αὑτοῦ</span> 
     </span>
    </p>
   </div>
   <div class='ocr_carea' id='block_1_59' title="bbox 2066 1586 3666 1658">
    <p class='ocr_par' dir='ltr' id='par_1_59' title="bbox 2066 1586 3666 1658">
     <span class='ocr_line' id='line_1_59' title="bbox 2066 1586 3666 1658; baseline -0.002 -20"><span class='ocrx_word' id='word_1_440' title='bbox 2066 1586 2505 1654; x_wconf 87' lang='grc' dir='ltr'>καταστρωθεῖσι</span> <span class='ocrx_word' id='word_1_441' title='bbox 2559 1586 2860 1647; x_wconf 79' lang='grc' dir='ltr'><strong>πολυειδῶς</strong></span> <span class='ocrx_word' id='word_1_442' title='bbox 2914 1588 3316 1658; x_wconf 80' lang='grc' dir='ltr'><strong>μετερχόμενος</strong></span> <span class='ocrx_word' id='word_1_443' title='bbox 3355 1588 3435 1647; x_wconf 77' lang='grc' dir='ltr'><strong>εἰς</strong></span> <span class='ocrx_word' id='word_1_444' title='bbox 3488 1601 3666 1637; x_wconf 83' lang='grc' dir='ltr'>κατα-</span> 
     </span>
    </p>
   </div>
   <div class='ocr_carea' id='block_1_60' title="bbox 2069 1673 3662 1748">
    <p class='ocr_par' dir='ltr' id='par_1_60' title="bbox 2069 1673 3662 1748">
     <span class='ocr_line' id='line_1_60' title="bbox 2069 1673 3662 1748; baseline 0 -19"><span class='ocrx_word' id='word_1_445' title='bbox 2069 1678 2271 1748; x_wconf 80' lang='grc' dir='ltr'>σκευὴν</span> <span class='ocrx_word' id='word_1_446' title='bbox 2300 1678 2394 1731; x_wconf 91' lang='grc' dir='ltr'><strong>τοῦ</strong></span> <span class='ocrx_word' id='word_1_447' title='bbox 2431 1681 2496 1732; x_wconf 81' lang='grc' dir='ltr'><strong>ἐκ</strong></span> <span class='ocrx_word' id='word_1_448' title='bbox 2547 1678 2762 1748; x_wconf 75' lang='grc' dir='ltr'>Πατρὸς</span> <span class='ocrx_word' id='word_1_449' title='bbox 2809 1673 3040 1732; x_wconf 72' lang='grc' dir='ltr'>εἶναιτὸ</span> <span class='ocrx_word' id='word_1_450' title='bbox 3072 1679 3295 1746; x_wconf 80' lang='grc' dir='ltr'>Πνεῦμα</span> <span class='ocrx_word' id='word_1_451' title='bbox 3345 1677 3440 1731; x_wconf 79' lang='grc' dir='ltr'>καὶ</span> <span class='ocrx_word' id='word_1_452' title='bbox 3471 1677 3547 1746; x_wconf 82' lang='grc' dir='ltr'>μὴ</span> <span class='ocrx_word' id='word_1_453' title='bbox 3594 1679 3662 1729; x_wconf 78' lang='grc' dir='ltr'>ὲκ</span> 
     </span>
    </p>
   </div>
   <div class='ocr_carea' id='block_1_61' title="bbox 2066 1766 3662 1839">
    <p class='ocr_par' dir='ltr' id='par_1_61' title="bbox 2066 1766 3662 1839">
     <span class='ocr_line' id='line_1_61' title="bbox 2066 1766 3662 1839; baseline 0 -20"><span class='ocrx_word' id='word_1_454' title='bbox 2066 1767 2161 1820; x_wconf 89' lang='grc' dir='ltr'><strong>τοῦ</strong></span> <span class='ocrx_word' id='word_1_455' title='bbox 2194 1766 2348 1831; x_wconf 87' lang='grc' dir='ltr'>Υίοῦ,</span> <span class='ocrx_word' id='word_1_456' title='bbox 2391 1770 2484 1820; x_wconf 77' lang='grc' dir='ltr'><strong>καὶ</strong></span> <span class='ocrx_word' id='word_1_457' title='bbox 2524 1767 2648 1820; x_wconf 86' lang='grc' dir='ltr'>τάδε</span> <span class='ocrx_word' id='word_1_458' title='bbox 2687 1769 3117 1839; x_wconf 80' lang='grc' dir='ltr'>προσεπιπλέκει</span> <span class='ocrx_word' id='word_1_459' title='bbox 3152 1769 3328 1834; x_wconf 78' lang='grc' dir='ltr'>λέγων</span> <span class='ocrx_word' id='word_1_460' title='bbox 3357 1785 3372 1799; x_wconf 79' lang='grc' dir='ltr'><strong><em>ο</em></strong></span> <span class='ocrx_word' id='word_1_461' title='bbox 3409 1788 3427 1819; x_wconf 77' lang='grc' dir='ltr'><strong>ι</strong></span> <span class='ocrx_word' id='word_1_462' title='bbox 3460 1769 3522 1820; x_wconf 88' lang='grc' dir='ltr'>Εἰ</span> <span class='ocrx_word' id='word_1_463' title='bbox 3547 1768 3662 1835; x_wconf 81' lang='grc' dir='ltr'><strong>γὰρ</strong></span> 
     </span>
    </p>
   </div>
   <div class='ocr_carea' id='block_1_62' title="bbox 2070 1859 3664 1937">
    <p class='ocr_par' dir='ltr' id='par_1_62' title="bbox 2070 1859 3664 1937">
     <span class='ocr_line' id='line_1_62' title="bbox 2070 1859 3664 1937; baseline -0.002 -25"><span class='ocrx_word' id='word_1_464' title='bbox 2070 1859 2220 1931; x_wconf 80' lang='grc' dir='ltr'>πηγὴ</span> <span class='ocrx_word' id='word_1_465' title='bbox 2249 1860 2331 1912; x_wconf 85' lang='grc' dir='ltr'>ὅτι</span> <span class='ocrx_word' id='word_1_466' title='bbox 2359 1859 2599 1929; x_wconf 76' lang='grc' dir='ltr'>πηγάξει</span> <span class='ocrx_word' id='word_1_467' title='bbox 2625 1878 2675 1913; x_wconf 91' lang='grc' dir='ltr'><strong>τι</strong></span> <span class='ocrx_word' id='word_1_468' title='bbox 2698 1861 2914 1928; x_wconf 84' lang='grc' dir='ltr'>λέγεται</span> <span class='ocrx_word' id='word_1_469' title='bbox 2944 1862 3116 1937; x_wconf 76' lang='grc' dir='ltr'>πηγὴ.</span> <span class='ocrx_word' id='word_1_470' title='bbox 3144 1861 3240 1912; x_wconf 79' lang='grc' dir='ltr'>καὶ</span> <span class='ocrx_word' id='word_1_471' title='bbox 3265 1861 3298 1927; x_wconf 85' lang='grc' dir='ltr'>ἠ</span> <span class='ocrx_word' id='word_1_472' title='bbox 3340 1859 3488 1927; x_wconf 75' lang='grc' dir='ltr'>πηγὴ</span> <span class='ocrx_word' id='word_1_473' title='bbox 3518 1859 3664 1910; x_wconf 62' lang='grc' dir='ltr'>πάνυ</span> 
     </span>
    </p>
   </div>
   <div class='ocr_carea' id='block_1_63' title="bbox 2068 1952 3662 2022">
    <p class='ocr_par' dir='ltr' id='par_1_63' title="bbox 2068 1952 3662 2022">
     <span class='ocr_line' id='line_1_63' title="bbox 2068 1952 3662 2022; baseline -0.001 -18"><span class='ocrx_word' id='word_1_474' title='bbox 2068 1970 2177 2014; x_wconf 88' lang='grc' dir='ltr'><strong>τως</strong></span> <span class='ocrx_word' id='word_1_475' title='bbox 2196 1953 2410 2005; x_wconf 77' lang='grc' dir='ltr'>ἐκείνου</span> <span class='ocrx_word' id='word_1_476' title='bbox 2433 1952 2651 2019; x_wconf 84' lang='grc' dir='ltr'>λέγεται</span> <span class='ocrx_word' id='word_1_477' title='bbox 2677 1954 2828 2022; x_wconf 84' lang='grc' dir='ltr'>πηγὴ</span> <span class='ocrx_word' id='word_1_478' title='bbox 2854 1952 2947 2005; x_wconf 86' lang='grc' dir='ltr'><strong>τοῦ</strong></span> <span class='ocrx_word' id='word_1_479' title='bbox 2986 1952 3395 2021; x_wconf 81' lang='grc' dir='ltr'>πηγαζομένου.</span> <span class='ocrx_word' id='word_1_480' title='bbox 3428 1969 3449 2001; x_wconf 73' lang='grc' dir='ltr'><strong>ι</strong></span> <span class='ocrx_word' id='word_1_481' title='bbox 3477 1952 3662 2020; x_wconf 87' lang='grc' dir='ltr'>Προσ-</span> 
     </span>
    </p>
   </div>
   <div class='ocr_carea' id='block_1_64' title="bbox 2068 2042 3664 2113">
    <p class='ocr_par' dir='ltr' id='par_1_64' title="bbox 2068 2042 3664 2113">
     <span class='ocr_line' id='line_1_64' title="bbox 2068 2042 3664 2113; baseline -0.001 -17"><span class='ocrx_word' id='word_1_482' title='bbox 2068 2042 2256 2096; x_wconf 83' lang='grc' dir='ltr'>εκτέον</span> <span class='ocrx_word' id='word_1_483' title='bbox 2290 2043 2508 2109; x_wconf 80' lang='grc' dir='ltr'>ούκοῦν,</span> <span class='ocrx_word' id='word_1_484' title='bbox 2542 2045 2591 2096; x_wconf 89' lang='grc' dir='ltr'><strong>εἰ</strong></span> <span class='ocrx_word' id='word_1_485' title='bbox 2640 2044 2714 2113; x_wconf 85' lang='grc' dir='ltr'>μὴ</span> <span class='ocrx_word' id='word_1_486' title='bbox 2749 2045 2859 2096; x_wconf 78' lang='grc' dir='ltr'>κάκ</span> <span class='ocrx_word' id='word_1_487' title='bbox 2896 2044 3060 2113; x_wconf 84' lang='grc' dir='ltr'>τῆσδε</span> <span class='ocrx_word' id='word_1_488' title='bbox 3109 2043 3209 2111; x_wconf 82' lang='grc' dir='ltr'><strong>τῆς</strong></span> <span class='ocrx_word' id='word_1_489' title='bbox 3257 2042 3664 2110; x_wconf 76' lang='grc' dir='ltr'>ἐπεξεργασίας</span> 
     </span>
    </p>
   </div>
   <div class='ocr_carea' id='block_1_65' title="bbox 2067 2134 3665 2205">
    <p class='ocr_par' dir='ltr' id='par_1_65' title="bbox 2067 2134 3665 2205">
     <span class='ocr_line' id='line_1_65' title="bbox 2067 2134 3665 2205; baseline 0 -18"><span class='ocrx_word' id='word_1_490' title='bbox 2067 2136 2128 2188; x_wconf 89' lang='grc' dir='ltr'><strong>τὸ</strong></span> <span class='ocrx_word' id='word_1_491' title='bbox 2150 2136 2219 2188; x_wconf 81' lang='grc' dir='ltr'>ἐκ</span> <span class='ocrx_word' id='word_1_492' title='bbox 2255 2134 2365 2189; x_wconf 84' lang='grc' dir='ltr'><strong>τοῦ</strong></span> <span class='ocrx_word' id='word_1_493' title='bbox 2405 2136 2543 2189; x_wconf 85' lang='grc' dir='ltr'>Υίοῦ</span> <span class='ocrx_word' id='word_1_494' title='bbox 2584 2135 2898 2205; x_wconf 80' lang='grc' dir='ltr'>περιφανῶς</span> <span class='ocrx_word' id='word_1_495' title='bbox 2948 2135 3172 2205; x_wconf 82' lang='grc' dir='ltr'>ὲδραιοῖ,</span> <span class='ocrx_word' id='word_1_496' title='bbox 3218 2136 3269 2187; x_wconf 85' lang='grc' dir='ltr'><strong>εί</strong></span> <span class='ocrx_word' id='word_1_497' title='bbox 3295 2151 3358 2202; x_wconf 88' lang='grc' dir='ltr'><strong>γε</strong></span> <span class='ocrx_word' id='word_1_498' title='bbox 3393 2134 3538 2187; x_wconf 84' lang='grc' dir='ltr'>κατὰ</span> <span class='ocrx_word' id='word_1_499' title='bbox 3566 2135 3665 2187; x_wconf 85' lang='grc' dir='ltr'>τὸν</span> 
     </span>
    </p>
   </div>
   <div class='ocr_carea' id='block_1_66' title="bbox 2068 2225 3664 2295">
    <p class='ocr_par' dir='ltr' id='par_1_66' title="bbox 2068 2225 3664 2295">
     <span class='ocr_line' id='line_1_66' title="bbox 2068 2225 3664 2295; baseline 0.001 -17"><span class='ocrx_word' id='word_1_500' title='bbox 2068 2225 2325 2294; x_wconf 82' lang='grc' dir='ltr'>θεόσοφον</span> <span class='ocrx_word' id='word_1_501' title='bbox 2366 2225 2632 2295; x_wconf 81' lang='grc' dir='ltr'>Κύριλλον</span> <span class='ocrx_word' id='word_1_502' title='bbox 2665 2245 2682 2278; x_wconf 78' lang='grc' dir='ltr'><strong>ι</strong></span> <span class='ocrx_word' id='word_1_503' title='bbox 2728 2225 2819 2291; x_wconf 80' lang='grc' dir='ltr'>Ἐξ</span> <span class='ocrx_word' id='word_1_504' title='bbox 2854 2226 2988 2289; x_wconf 81' lang='grc' dir='ltr'>ἰδίας</span> <span class='ocrx_word' id='word_1_505' title='bbox 3038 2229 3066 2279; x_wconf 90' lang='grc' dir='ltr'>ὁ</span> <span class='ocrx_word' id='word_1_506' title='bbox 3094 2226 3223 2289; x_wconf 80' lang='grc' dir='ltr'>Υἱὸς</span> <span class='ocrx_word' id='word_1_507' title='bbox 3262 2226 3479 2295; x_wconf 83' lang='grc' dir='ltr'>φύσεως</span> <span class='ocrx_word' id='word_1_508' title='bbox 3526 2228 3664 2281; x_wconf 85' lang='grc' dir='ltr'>ἀνα-</span> 
     </span>
    </p>
   </div>
   <div class='ocr_carea' id='block_1_67' title="bbox 2069 2312 3661 2388">
    <p class='ocr_par' dir='ltr' id='par_1_67' title="bbox 2069 2312 3661 2388">
     <span class='ocr_line' id='line_1_67' title="bbox 2069 2312 3661 2388; baseline -0.002 -17"><span class='ocrx_word' id='word_1_509' title='bbox 2069 2317 2306 2388; x_wconf 75' lang='grc' dir='ltr'>πηγάζει</span> <span class='ocrx_word' id='word_1_510' title='bbox 2344 2317 2404 2370; x_wconf 79' lang='grc' dir='ltr'>τὸ</span> <span class='ocrx_word' id='word_1_511' title='bbox 2433 2318 2678 2387; x_wconf 89' lang='grc' dir='ltr'>Πνεῦμα.</span> <span class='ocrx_word' id='word_1_512' title='bbox 2721 2337 2739 2369; x_wconf 78' lang='grc' dir='ltr'><strong>ι</strong></span> <span class='ocrx_word' id='word_1_513' title='bbox 2773 2317 2883 2371; x_wconf 74' lang='grc' dir='ltr'><strong>Καὶ</strong></span> <span class='ocrx_word' id='word_1_514' title='bbox 2920 2312 3074 2380; x_wconf 71' lang='grc' dir='ltr'>οὗτος</span> <span class='ocrx_word' id='word_1_515' title='bbox 3103 2318 3470 2387; x_wconf 84' lang='grc' dir='ltr'>άνακηρύττει</span> <span class='ocrx_word' id='word_1_516' title='bbox 3510 2336 3528 2368; x_wconf 80' lang='grc' dir='ltr'><strong>ι</strong></span> <span class='ocrx_word' id='word_1_517' title='bbox 3557 2321 3661 2386; x_wconf 79' lang='grc' dir='ltr'>τὴν</span> 
     </span>
    </p>
   </div>
   <div class='ocr_carea' id='block_1_68' title="bbox 2074 2407 3662 2478">
    <p class='ocr_par' dir='ltr' id='par_1_68' title="bbox 2074 2407 3662 2478">
     <span class='ocr_line' id='line_1_68' title="bbox 2074 2407 3662 2478; baseline -0.009 -15"><span class='ocrx_word' id='word_1_518' title='bbox 2074 2410 2274 2476; x_wconf 80' lang='grc' dir='ltr'>πηγὴν,</span> <span class='ocrx_word' id='word_1_519' title='bbox 2304 2408 2388 2461; x_wconf 85' lang='grc' dir='ltr'>ὅτι</span> <span class='ocrx_word' id='word_1_520' title='bbox 2426 2409 2684 2476; x_wconf 79' lang='grc' dir='ltr'>πηγάζει,</span> <span class='ocrx_word' id='word_1_521' title='bbox 2722 2408 3008 2463; x_wconf 86' lang='grc' dir='ltr'>καλεῖσθαι</span> <span class='ocrx_word' id='word_1_522' title='bbox 3040 2408 3245 2477; x_wconf 83' lang='grc' dir='ltr'>πηγὴν,</span> <span class='ocrx_word' id='word_1_523' title='bbox 3287 2409 3385 2462; x_wconf 73' lang='grc' dir='ltr'><strong>καὶ</strong></span> <span class='ocrx_word' id='word_1_524' title='bbox 3426 2407 3521 2461; x_wconf 87' lang='grc' dir='ltr'><strong>τοῦ</strong></span> <span class='ocrx_word' id='word_1_525' title='bbox 3551 2423 3662 2478; x_wconf 81' lang='grc' dir='ltr'>πη-</span> 
     </span>
    </p>
   </div>
   <div class='ocr_carea' id='block_1_69' title="bbox 2067 2498 3662 2571">
    <p class='ocr_par' dir='ltr' id='par_1_69' title="bbox 2067 2498 3662 2571">
     <span class='ocr_line' id='line_1_69' title="bbox 2067 2498 3662 2571; baseline -0.001 -19"><span class='ocrx_word' id='word_1_526' title='bbox 2067 2500 2375 2570; x_wconf 76' lang='grc' dir='ltr'>γαζομένου</span> <span class='ocrx_word' id='word_1_527' title='bbox 2415 2501 2599 2571; x_wconf 79' lang='grc' dir='ltr'>πηγὴν</span> <span class='ocrx_word' id='word_1_528' title='bbox 2633 2499 2909 2568; x_wconf 82' lang='grc' dir='ltr'>λέγεσθαι.</span> <span class='ocrx_word' id='word_1_529' title='bbox 2946 2518 2964 2550; x_wconf 76' lang='grc' dir='ltr'><strong>ι</strong></span> <span class='ocrx_word' id='word_1_530' title='bbox 3002 2501 3112 2553; x_wconf 81' lang='grc' dir='ltr'><strong>Καὶ</strong></span> <span class='ocrx_word' id='word_1_531' title='bbox 3157 2500 3257 2565; x_wconf 79' lang='grc' dir='ltr'>τῆς</span> <span class='ocrx_word' id='word_1_532' title='bbox 3310 2498 3609 2561; x_wconf 81' lang='grc' dir='ltr'>ἀθανασίας</span> <span class='ocrx_word' id='word_1_533' title='bbox 3632 2501 3662 2552; x_wconf 86' lang='grc' dir='ltr'>ὁ</span> 
     </span>
    </p>
   </div>
   <div class='ocr_carea' id='block_1_70' title="bbox 2072 2587 3664 2661">
    <p class='ocr_par' dir='ltr' id='par_1_70' title="bbox 2072 2587 3664 2661">
     <span class='ocr_line' id='line_1_70' title="bbox 2072 2587 3664 2661; baseline -0.003 -18"><span class='ocrx_word' id='word_1_534' title='bbox 2072 2589 2466 2661; x_wconf 79' lang='grc' dir='ltr'>μεγαλώνυμος</span> <span class='ocrx_word' id='word_1_535' title='bbox 2524 2594 2618 2643; x_wconf 77' lang='grc' dir='ltr'><strong>καὶ</strong></span> <span class='ocrx_word' id='word_1_536' title='bbox 2668 2589 2955 2658; x_wconf 81' lang='grc' dir='ltr'>ἐπώνυμος</span> <span class='ocrx_word' id='word_1_537' title='bbox 2987 2589 3090 2640; x_wconf 76' lang='grc' dir='ltr'>κάν</span> <span class='ocrx_word' id='word_1_538' title='bbox 3119 2587 3297 2641; x_wconf 81' lang='grc' dir='ltr'>τοῖσδε</span> <span class='ocrx_word' id='word_1_539' title='bbox 3338 2587 3502 2640; x_wconf 82' lang='grc' dir='ltr'>πάλιν</span> <span class='ocrx_word' id='word_1_540' title='bbox 3528 2588 3664 2638; x_wconf 83' lang='grc' dir='ltr'>ἀνα-</span> 
     </span>
    </p>
   </div>
   <div class='ocr_carea' id='block_1_71' title="bbox 2068 2680 3662 2752">
    <p class='ocr_par' dir='ltr' id='par_1_71' title="bbox 2068 2680 3662 2752">
     <span class='ocr_line' id='line_1_71' title="bbox 2068 2680 3662 2752; baseline -0.003 -17"><span class='ocrx_word' id='word_1_541' title='bbox 2068 2682 2286 2752; x_wconf 87' lang='grc' dir='ltr'>γορεύει</span> <span class='ocrx_word' id='word_1_542' title='bbox 2314 2683 2558 2752; x_wconf 74' lang='grc' dir='ltr'>περὶτοῦ</span> <span class='ocrx_word' id='word_1_543' title='bbox 2583 2683 2898 2750; x_wconf 86' lang='grc' dir='ltr'>Πνεύματος</span> <span class='ocrx_word' id='word_1_544' title='bbox 2927 2683 3175 2749; x_wconf 80' lang='grc' dir='ltr'>φάσκων,</span> <span class='ocrx_word' id='word_1_545' title='bbox 3203 2680 3477 2752; x_wconf 76' lang='grc' dir='ltr'>πηγάζειν</span> <span class='ocrx_word' id='word_1_546' title='bbox 3505 2681 3662 2749; x_wconf 79' lang='grc' dir='ltr'>ὲνερο</span> 
     </span>
    </p>
   </div>
   <div class='ocr_carea' id='block_1_72' title="bbox 2068 2773 3662 2844">
    <p class='ocr_par' dir='ltr' id='par_1_72' title="bbox 2068 2773 3662 2844">
     <span class='ocr_line' id='line_1_72' title="bbox 2068 2773 3662 2844; baseline -0.002 -16"><span class='ocrx_word' id='word_1_547' title='bbox 2068 2774 2333 2844; x_wconf 85' lang='grc' dir='ltr'>γητικῶς,</span> <span class='ocrx_word' id='word_1_548' title='bbox 2366 2774 2545 2827; x_wconf 80' lang='grc' dir='ltr'>εῐτουν</span> <span class='ocrx_word' id='word_1_549' title='bbox 2573 2775 3028 2844; x_wconf 80' lang='grc' dir='ltr'>ἐκπορευόμενον,</span> <span class='ocrx_word' id='word_1_550' title='bbox 3062 2774 3138 2836; x_wconf 84' lang='grc' dir='ltr'>ὡς</span> <span class='ocrx_word' id='word_1_551' title='bbox 3170 2773 3284 2827; x_wconf 77' lang='grc' dir='ltr'>ἄνω</span> <span class='ocrx_word' id='word_1_552' title='bbox 3334 2790 3436 2827; x_wconf 86' lang='grc' dir='ltr'><strong>που</strong></span> <span class='ocrx_word' id='word_1_553' title='bbox 3475 2788 3662 2843; x_wconf 79' lang='grc' dir='ltr'>παρα-</span> 
     </span>
    </p>
   </div>
   <div class='ocr_carea' id='block_1_73' title="bbox 2067 2864 3662 2936">
    <p class='ocr_par' dir='ltr' id='par_1_73' title="bbox 2067 2864 3662 2936">
     <span class='ocr_line' id='line_1_73' title="bbox 2067 2864 3662 2936; baseline -0.002 -17"><span class='ocrx_word' id='word_1_554' title='bbox 2067 2866 2298 2921; x_wconf 83' lang='grc' dir='ltr'>τίθεται.</span> <span class='ocrx_word' id='word_1_555' title='bbox 2367 2866 2461 2919; x_wconf 89' lang='grc' dir='ltr'>Ἐκ</span> <span class='ocrx_word' id='word_1_556' title='bbox 2516 2865 2700 2936; x_wconf 84' lang='grc' dir='ltr'>μέντοι</span> <span class='ocrx_word' id='word_1_557' title='bbox 2769 2866 2867 2934; x_wconf 79' lang='grc' dir='ltr'>τῆς</span> <span class='ocrx_word' id='word_1_558' title='bbox 2920 2864 3224 2935; x_wconf 81' lang='grc' dir='ltr'>προσεχοῦς</span> <span class='ocrx_word' id='word_1_559' title='bbox 3252 2864 3662 2934; x_wconf 75' lang='grc' dir='ltr'>ἐπιχειρήσεως</span> 
     </span>
    </p>
   </div>
   <div class='ocr_carea' id='block_1_74' title="bbox 2068 2938 3659 3026">
    <p class='ocr_par' dir='ltr' id='par_1_74' title="bbox 2068 2938 3659 3026">
     <span class='ocr_line' id='line_1_74' title="bbox 2068 2938 3659 3026; baseline -0.002 -17"><span class='ocrx_word' id='word_1_560' title='bbox 2068 2938 2273 3026; x_wconf 79' lang='grc' dir='ltr'>ταύτης</span> <span class='ocrx_word' id='word_1_561' title='bbox 2303 2955 2397 3009; x_wconf 87' lang='grc' dir='ltr'><strong>τοῦ</strong></span> <span class='ocrx_word' id='word_1_562' title='bbox 2443 2955 2811 3016; x_wconf 77' lang='grc' dir='ltr'>πολυελίκτως</span> <span class='ocrx_word' id='word_1_563' title='bbox 2839 2955 2899 3008; x_wconf 71' lang='grc' dir='ltr'>τὸ</span> <span class='ocrx_word' id='word_1_564' title='bbox 2943 2957 3040 3024; x_wconf 77' lang='grc' dir='ltr'><strong>τῆς</strong></span> <span class='ocrx_word' id='word_1_565' title='bbox 3075 2955 3261 3023; x_wconf 76' lang='grc' dir='ltr'>πηγῆς</span> <span class='ocrx_word' id='word_1_566' title='bbox 3303 2956 3659 3024; x_wconf 77' lang='grc' dir='ltr'>στρέφοντος,</span> 
     </span>
    </p>
   </div>
   <div class='ocr_carea' id='block_1_75' title="bbox 2072 3045 3662 3117">
    <p class='ocr_par' dir='ltr' id='par_1_75' title="bbox 2072 3045 3662 3117">
     <span class='ocr_line' id='line_1_75' title="bbox 2072 3045 3662 3117; baseline -0.001 -19"><span class='ocrx_word' id='word_1_567' title='bbox 2072 3046 2367 3100; x_wconf 80' lang='grc' dir='ltr'>κάντεῦθεν</span> <span class='ocrx_word' id='word_1_568' title='bbox 2405 3046 2553 3117; x_wconf 78' lang='grc' dir='ltr'>αὐτῷ</span> <span class='ocrx_word' id='word_1_569' title='bbox 2581 3045 2641 3098; x_wconf 80' lang='grc' dir='ltr'><strong>τὸ</strong></span> <span class='ocrx_word' id='word_1_570' title='bbox 2688 3045 2943 3099; x_wconf 81' lang='grc' dir='ltr'>ἀκούσιον</span> <span class='ocrx_word' id='word_1_571' title='bbox 2978 3047 3275 3113; x_wconf 81' lang='grc' dir='ltr'>ἀναγκαῖον</span> <span class='ocrx_word' id='word_1_572' title='bbox 3328 3045 3662 3109; x_wconf 78' lang='grc' dir='ltr'>πλεοναζόν-</span> 
     </span>
    </p>
   </div>
   <div class='ocr_carea' id='block_1_76' title="bbox 2069 3136 3661 3208">
    <p class='ocr_par' dir='ltr' id='par_1_76' title="bbox 2069 3136 3661 3208">
     <span class='ocr_line' id='line_1_76' title="bbox 2069 3136 3661 3208; baseline -0.001 -17"><span class='ocrx_word' id='word_1_573' title='bbox 2069 3154 2182 3202; x_wconf 86' lang='grc' dir='ltr'><strong>τως</strong></span> <span class='ocrx_word' id='word_1_574' title='bbox 2224 3137 2603 3208; x_wconf 81' lang='grc' dir='ltr'>κρατύνοντος,</span> <span class='ocrx_word' id='word_1_575' title='bbox 2641 3136 2822 3207; x_wconf 84' lang='grc' dir='ltr'>μάτην</span> <span class='ocrx_word' id='word_1_576' title='bbox 2872 3137 3297 3205; x_wconf 82' lang='grc' dir='ltr'>κατεπείγεσθαι</span> <span class='ocrx_word' id='word_1_577' title='bbox 3328 3138 3661 3205; x_wconf 68' lang='grc' dir='ltr'>φαινομένου</span> 
     </span>
    </p>
   </div>
   <div class='ocr_carea' id='block_1_77' title="bbox 2071 3227 3665 3298">
    <p class='ocr_par' dir='ltr' id='par_1_77' title="bbox 2071 3227 3665 3298">
     <span class='ocr_line' id='line_1_77' title="bbox 2071 3227 3665 3298; baseline 0 -18"><span class='ocrx_word' id='word_1_578' title='bbox 2071 3228 2132 3281; x_wconf 83' lang='grc' dir='ltr'>τὺ</span> <span class='ocrx_word' id='word_1_579' title='bbox 2193 3230 2355 3298; x_wconf 89' lang='grc' dir='ltr'>μόνον</span> <span class='ocrx_word' id='word_1_580' title='bbox 2393 3230 2485 3280; x_wconf 83' lang='grc' dir='ltr'><strong>τὸν</strong></span> <span class='ocrx_word' id='word_1_581' title='bbox 2516 3228 2735 3296; x_wconf 82' lang='grc' dir='ltr'>Πατέρα</span> <span class='ocrx_word' id='word_1_582' title='bbox 2762 3228 3031 3296; x_wconf 78' lang='grc' dir='ltr'>προϐολέα</span> <span class='ocrx_word' id='word_1_583' title='bbox 3053 3230 3332 3296; x_wconf 85' lang='grc' dir='ltr'>συνάγειν,</span> <span class='ocrx_word' id='word_1_584' title='bbox 3362 3227 3422 3292; x_wconf 74' lang='grc' dir='ltr'><strong>ἐξ</strong></span> <span class='ocrx_word' id='word_1_585' title='bbox 3444 3230 3665 3297; x_wconf 76' lang='grc' dir='ltr'>ἐκείνης</span> 
     </span>
    </p>
   </div>
   <div class='ocr_carea' id='block_1_78' title="bbox 2069 3315 3663 3388">
    <p class='ocr_par' dir='ltr' id='par_1_78' title="bbox 2069 3315 3663 3388">
     <span class='ocr_line' id='line_1_78' title="bbox 2069 3315 3663 3388; baseline -0.001 -19"><span class='ocrx_word' id='word_1_586' title='bbox 2069 3319 2561 3387; x_wconf 76' lang='grc' dir='ltr'>ἐπιχειρηματικῆς</span> <span class='ocrx_word' id='word_1_587' title='bbox 2592 3315 2755 3369; x_wconf 80' lang='grc' dir='ltr'>αὐτοῦ</span> <span class='ocrx_word' id='word_1_588' title='bbox 2812 3316 3015 3388; x_wconf 82' lang='grc' dir='ltr'>μᾶλλον</span> <span class='ocrx_word' id='word_1_589' title='bbox 3056 3317 3301 3387; x_wconf 80' lang='grc' dir='ltr'>μεθόδου,</span> <span class='ocrx_word' id='word_1_590' title='bbox 3352 3317 3663 3383; x_wconf 69' lang='grc' dir='ltr'>ἀναφαίνε-</span> 
     </span>
    </p>
   </div>
   <div class='ocr_carea' id='block_1_79' title="bbox 2064 3402 3658 3478">
    <p class='ocr_par' dir='ltr' id='par_1_79' title="bbox 2064 3402 3658 3478">
     <span class='ocr_line' id='line_1_79' title="bbox 2064 3402 3658 3478; baseline 0 -21"><span class='ocrx_word' id='word_1_591' title='bbox 2064 3423 2155 3461; x_wconf 85' lang='grc' dir='ltr'><strong>ται</strong></span> <span class='ocrx_word' id='word_1_592' title='bbox 2179 3407 2239 3460; x_wconf 84' lang='grc' dir='ltr'><strong>τὸ</strong></span> <span class='ocrx_word' id='word_1_593' title='bbox 2275 3408 2479 3459; x_wconf 82' lang='grc' dir='ltr'>εἰκαῖον</span> <span class='ocrx_word' id='word_1_594' title='bbox 2510 3402 2608 3475; x_wconf 77' lang='grc' dir='ltr'>τῆς</span> <span class='ocrx_word' id='word_1_595' title='bbox 2643 3405 2725 3459; x_wconf 83' lang='grc' dir='ltr'>ὅτι</span> <span class='ocrx_word' id='word_1_596' title='bbox 2772 3424 2790 3459; x_wconf 79' lang='lat' dir='ltr'><strong>t</strong></span> <span class='ocrx_word' id='word_1_597' title='bbox 2829 3408 3041 3460; x_wconf 85' lang='grc' dir='ltr'>Ταυτόν</span> <span class='ocrx_word' id='word_1_598' title='bbox 3069 3409 3183 3460; x_wconf 78' lang='grc' dir='ltr'>ἐστι</span> <span class='ocrx_word' id='word_1_599' title='bbox 3215 3408 3367 3478; x_wconf 79' lang='grc' dir='ltr'>πηγὴ</span> <span class='ocrx_word' id='word_1_600' title='bbox 3394 3406 3526 3460; x_wconf 83' lang='grc' dir='ltr'>Υίοῦ</span> <span class='ocrx_word' id='word_1_601' title='bbox 3555 3406 3658 3461; x_wconf 69' lang='grc' dir='ltr'><strong>καὶ</strong></span> 
     </span>
    </p>
   </div>
   <div class='ocr_carea' id='block_1_80' title="bbox 2066 3497 3665 3568">
    <p class='ocr_par' dir='ltr' id='par_1_80' title="bbox 2066 3497 3665 3568">
     <span class='ocr_line' id='line_1_80' title="bbox 2066 3497 3665 3568; baseline -0.001 -18"><span class='ocrx_word' id='word_1_602' title='bbox 2066 3497 2425 3565; x_wconf 80' lang='grc' dir='ltr'>Πνεύματοςό</span> <span class='ocrx_word' id='word_1_603' title='bbox 2443 3497 2651 3567; x_wconf 82' lang='grc' dir='ltr'>Πατὴρ,</span> <span class='ocrx_word' id='word_1_604' title='bbox 2670 3497 2859 3566; x_wconf 86' lang='grc' dir='ltr'>ὥσπερ</span> <span class='ocrx_word' id='word_1_605' title='bbox 2878 3501 2926 3550; x_wconf 83' lang='grc' dir='ltr'><strong>εἰ</strong></span> <span class='ocrx_word' id='word_1_606' title='bbox 2945 3498 3164 3566; x_wconf 76' lang='grc' dir='ltr'>ἐλέγετο</span> <span class='ocrx_word' id='word_1_607' title='bbox 3185 3497 3372 3568; x_wconf 75' lang='grc' dir='ltr'>Πατὴρ</span> <span class='ocrx_word' id='word_1_608' title='bbox 3394 3497 3549 3559; x_wconf 63' lang='lat' dir='ltr'><strong>nos.</strong></span> <span class='ocrx_word' id='word_1_609' title='bbox 3566 3500 3665 3550; x_wconf 68' lang='grc' dir='ltr'><strong>καὶ</strong></span> 
     </span>
    </p>
   </div>
   <div class='ocr_carea' id='block_1_81' title="bbox 2066 3588 3659 3659">
    <p class='ocr_par' dir='ltr' id='par_1_81' title="bbox 2066 3588 3659 3659">
     <span class='ocr_line' id='line_1_81' title="bbox 2066 3588 3659 3659; baseline -0.001 -18"><span class='ocrx_word' id='word_1_610' title='bbox 2066 3588 2367 3659; x_wconf 75' lang='grc' dir='ltr'>προϐολεὺς</span> <span class='ocrx_word' id='word_1_611' title='bbox 2395 3589 2733 3659; x_wconf 85' lang='grc' dir='ltr'>Πνεύματος,</span> <span class='ocrx_word' id='word_1_612' title='bbox 2765 3608 2783 3642; x_wconf 78' lang='grc' dir='ltr'><strong>ι</strong></span> <span class='ocrx_word' id='word_1_613' title='bbox 2810 3590 3073 3644; x_wconf 76' lang='grc' dir='ltr'>καὶτοῦτο</span> <span class='ocrx_word' id='word_1_614' title='bbox 3096 3590 3353 3651; x_wconf 74' lang='grc' dir='ltr'>πολλάκις</span> <span class='ocrx_word' id='word_1_615' title='bbox 3388 3590 3462 3651; x_wconf 85' lang='grc' dir='ltr'>ὡς</span> <span class='ocrx_word' id='word_1_616' title='bbox 3480 3594 3659 3658; x_wconf 55' lang='lat' dir='ltr'><strong>atrap-</strong></span> 
     </span>
    </p>
   </div>
   <div class='ocr_carea' id='block_1_82' title="bbox 2068 3680 3665 3752">
    <p class='ocr_par' dir='ltr' id='par_1_82' title="bbox 2068 3680 3665 3752">
     <span class='ocr_line' id='line_1_82' title="bbox 2068 3680 3665 3752; baseline -0.001 -19"><span class='ocrx_word' id='word_1_617' title='bbox 2068 3680 2290 3750; x_wconf 86' lang='grc' dir='ltr'>αίτητον</span> <span class='ocrx_word' id='word_1_618' title='bbox 2312 3680 2663 3751; x_wconf 84' lang='grc' dir='ltr'>δεικνυμένου</span> <span class='ocrx_word' id='word_1_619' title='bbox 2693 3681 2787 3735; x_wconf 90' lang='grc' dir='ltr'><strong>τοῦ</strong></span> <span class='ocrx_word' id='word_1_620' title='bbox 2824 3681 3216 3752; x_wconf 83' lang='grc' dir='ltr'>συμπεραίνειν</span> <span class='ocrx_word' id='word_1_621' title='bbox 3235 3683 3396 3733; x_wconf 79' lang='grc' dir='ltr'>αὑτὸν</span> <span class='ocrx_word' id='word_1_622' title='bbox 3411 3681 3665 3732; x_wconf 80' lang='grc' dir='ltr'>ἐντεῦθεν</span> 
     </span>
    </p>
   </div>
   <div class='ocr_carea' id='block_1_83' title="bbox 2068 3768 3658 3843">
    <p class='ocr_par' dir='ltr' id='par_1_83' title="bbox 2068 3768 3658 3843">
     <span class='ocr_line' id='line_1_83' title="bbox 2068 3768 3658 3843; baseline -0.001 -19"><span class='ocrx_word' id='word_1_623' title='bbox 2068 3771 2337 3841; x_wconf 76' lang='grc' dir='ltr'>προδολέα</span> <span class='ocrx_word' id='word_1_624' title='bbox 2365 3773 2567 3825; x_wconf 77' lang='grc' dir='ltr'>καὶτὸν</span> <span class='ocrx_word' id='word_1_625' title='bbox 2593 3772 2742 3837; x_wconf 75' lang='grc' dir='ltr'>Υἰὸν,</span> <span class='ocrx_word' id='word_1_626' title='bbox 2772 3768 2861 3827; x_wconf 71' lang='grc' dir='ltr'>οἷα</span> <span class='ocrx_word' id='word_1_627' title='bbox 2885 3776 3069 3843; x_wconf 80' lang='grc' dir='ltr'>πηγὴν</span> <span class='ocrx_word' id='word_1_628' title='bbox 3086 3772 3180 3824; x_wconf 92' lang='grc' dir='ltr'><strong>τοῦ</strong></span> <span class='ocrx_word' id='word_1_629' title='bbox 3216 3770 3530 3840; x_wconf 73' lang='grc' dir='ltr'>Πνεύμιτος</span> <span class='ocrx_word' id='word_1_630' title='bbox 3554 3774 3658 3840; x_wconf 57' lang='grc' dir='ltr'>ἐμ,</span> 
     </span>
    </p>
   </div>
   <div class='ocr_carea' id='block_1_84' title="bbox 2071 3860 3664 3930">
    <p class='ocr_par' dir='ltr' id='par_1_84' title="bbox 2071 3860 3664 3930">
     <span class='ocr_line' id='line_1_84' title="bbox 2071 3860 3664 3930; baseline 0 -17"><span class='ocrx_word' id='word_1_631' title='bbox 2071 3862 2404 3929; x_wconf 84' lang='grc' dir='ltr'>φανέστατα.</span> <span class='ocrx_word' id='word_1_632' title='bbox 2439 3862 2549 3915; x_wconf 77' lang='grc' dir='ltr'>Καὶ</span> <span class='ocrx_word' id='word_1_633' title='bbox 2578 3863 2699 3915; x_wconf 84' lang='grc' dir='ltr'>κατ’</span> <span class='ocrx_word' id='word_1_634' title='bbox 2739 3863 2905 3915; x_wconf 78' lang='grc' dir='ltr'>αὐτὸν</span> <span class='ocrx_word' id='word_1_635' title='bbox 2937 3862 3035 3930; x_wconf 85' lang='grc' dir='ltr'><strong>μὲν</strong></span> <span class='ocrx_word' id='word_1_636' title='bbox 3054 3862 3219 3915; x_wconf 75' lang='grc' dir='ltr'>οὕτω.</span> <span class='ocrx_word' id='word_1_637' title='bbox 3255 3860 3363 3913; x_wconf 84' lang='grc' dir='ltr'>Τοῦ</span> <span class='ocrx_word' id='word_1_638' title='bbox 3395 3860 3452 3913; x_wconf 76' lang='grc' dir='ltr'>δὲ</span> <span class='ocrx_word' id='word_1_639' title='bbox 3468 3863 3664 3928; x_wconf 79' lang='grc' dir='ltr'>μόνος</span> 
     </span>
    </p>
   </div>
   <div class='ocr_carea' id='block_1_85' title="bbox 2069 3951 3665 4033">
    <p class='ocr_par' dir='ltr' id='par_1_85' title="bbox 2069 3951 3665 4033">
     <span class='ocr_line' id='line_1_85' title="bbox 2069 3951 3665 4033; baseline -0.002 -28"><span class='ocrx_word' id='word_1_640' title='bbox 2069 3954 2163 4006; x_wconf 71' lang='grc' dir='ltr'>ἐπὶ</span> <span class='ocrx_word' id='word_1_641' title='bbox 2183 3955 2279 4021; x_wconf 84' lang='grc' dir='ltr'>τῆς</span> <span class='ocrx_word' id='word_1_642' title='bbox 2301 3955 2482 4021; x_wconf 84' lang='grc' dir='ltr'>πηγῆς</span> <span class='ocrx_word' id='word_1_643' title='bbox 2501 3953 2600 4024; x_wconf 80' lang='grc' dir='ltr'>τὴν</span> <span class='ocrx_word' id='word_1_644' title='bbox 2630 3954 2874 4018; x_wconf 78' lang='grc' dir='ltr'>ἐξέτασιν</span> <span class='ocrx_word' id='word_1_645' title='bbox 2906 3953 3211 4021; x_wconf 82' lang='grc' dir='ltr'>εἰληφότος,</span> <span class='ocrx_word' id='word_1_646' title='bbox 3230 3952 3467 4033; x_wconf 73' lang='grc' dir='ltr'>ἔνθαπερ</span> <span class='ocrx_word' id='word_1_647' title='bbox 3498 3951 3665 4022; x_wconf 79' lang='grc' dir='ltr'>εὓρη-</span> 
     </span>
    </p>
   </div>
   <div class='ocr_carea' id='block_1_86' title="bbox 2070 4044 3665 4115">
    <p class='ocr_par' dir='ltr' id='par_1_86' title="bbox 2070 4044 3665 4115">
     <span class='ocr_line' id='line_1_86' title="bbox 2070 4044 3665 4115; baseline -0.002 -18"><span class='ocrx_word' id='word_1_648' title='bbox 2070 4061 2182 4107; x_wconf 85' lang='grc' dir='ltr'>ται,</span> <span class='ocrx_word' id='word_1_649' title='bbox 2204 4045 2448 4108; x_wconf 76' lang='grc' dir='ltr'>καίὃπως</span> <span class='ocrx_word' id='word_1_650' title='bbox 2464 4045 2807 4115; x_wconf 74' lang='grc' dir='ltr'>ὲνθεωρείται</span> <span class='ocrx_word' id='word_1_651' title='bbox 2824 4048 2942 4107; x_wconf 84' lang='grc' dir='ltr'>ταῖς</span> <span class='ocrx_word' id='word_1_652' title='bbox 2958 4045 3057 4113; x_wconf 61' lang='grc' dir='ltr'>’τῆς</span> <span class='ocrx_word' id='word_1_653' title='bbox 3078 4044 3329 4112; x_wconf 79' lang='grc' dir='ltr'>θεότητος</span> <span class='ocrx_word' id='word_1_654' title='bbox 3359 4044 3665 4096; x_wconf 82' lang='grc' dir='ltr'>ὑποστάσε-</span> 
     </span>
    </p>
   </div>
   <div class='ocr_carea' id='block_1_87' title="bbox 2075 4134 3664 4205">
    <p class='ocr_par' dir='ltr' id='par_1_87' title="bbox 2075 4134 3664 4205">
     <span class='ocr_line' id='line_1_87' title="bbox 2075 4134 3664 4205; baseline -0.003 -19"><span class='ocrx_word' id='word_1_655' title='bbox 2075 4152 2180 4198; x_wconf 87' lang='grc' dir='ltr'>σιν,</span> <span class='ocrx_word' id='word_1_656' title='bbox 2203 4138 2265 4189; x_wconf 81' lang='grc' dir='ltr'>ὲκ</span> <span class='ocrx_word' id='word_1_657' title='bbox 2276 4136 2383 4188; x_wconf 84' lang='grc' dir='ltr'><strong>τῶν</strong></span> <span class='ocrx_word' id='word_1_658' title='bbox 2401 4136 2496 4205; x_wconf 80' lang='grc' dir='ltr'><strong>τῆς</strong></span> <span class='ocrx_word' id='word_1_659' title='bbox 2515 4134 2873 4187; x_wconf 77' lang='grc' dir='ltr'>Θεοπνεύστου</span> <span class='ocrx_word' id='word_1_660' title='bbox 2896 4135 3121 4204; x_wconf 78' lang='grc' dir='ltr'>Γραφῆς</span> <span class='ocrx_word' id='word_1_661' title='bbox 3140 4134 3400 4204; x_wconf 73' lang='grc' dir='ltr'>ῥημάτων</span> <span class='ocrx_word' id='word_1_662' title='bbox 3418 4134 3664 4199; x_wconf 72' lang='grc' dir='ltr'>ἀποφαν-</span> 
     </span>
    </p>
   </div>
   <div class='ocr_carea' id='block_1_88' title="bbox 2074 4223 3666 4295">
    <p class='ocr_par' dir='ltr' id='par_1_88' title="bbox 2074 4223 3666 4295">
     <span class='ocr_line' id='line_1_88' title="bbox 2074 4223 3666 4295; baseline -0.004 -15"><span class='ocrx_word' id='word_1_663' title='bbox 2074 4226 2277 4290; x_wconf 83' lang='grc' dir='ltr'>θέντος,</span> <span class='ocrx_word' id='word_1_664' title='bbox 2301 4227 2401 4279; x_wconf 82' lang='grc' dir='ltr'><strong>οὐκ</strong></span> <span class='ocrx_word' id='word_1_665' title='bbox 2443 4227 2590 4279; x_wconf 76' lang='grc' dir='ltr'>ἐστιν</span> <span class='ocrx_word' id='word_1_666' title='bbox 2629 4227 2763 4279; x_wconf 81' lang='grc' dir='ltr'>ὅπου</span> <span class='ocrx_word' id='word_1_667' title='bbox 2810 4224 3153 4295; x_wconf 82' lang='grc' dir='ltr'>λελεγμένον,</span> <span class='ocrx_word' id='word_1_668' title='bbox 3189 4242 3208 4274; x_wconf 75' lang='grc' dir='ltr'><strong>ι</strong></span> <span class='ocrx_word' id='word_1_669' title='bbox 3240 4226 3415 4287; x_wconf 69' lang='grc' dir='ltr'>Μόνος</span> <span class='ocrx_word' id='word_1_670' title='bbox 3461 4223 3666 4293; x_wconf 71' lang='grc' dir='ltr'>προδο-</span> 
     </span>
    </p>
   </div>
   <div class='ocr_carea' id='block_1_89' title="bbox 2072 4315 3663 4389">
    <p class='ocr_par' dir='ltr' id='par_1_89' title="bbox 2072 4315 3663 4389">
     <span class='ocr_line' id='line_1_89' title="bbox 2072 4315 3663 4389; baseline -0.003 -16"><span class='ocrx_word' id='word_1_671' title='bbox 2072 4321 2199 4384; x_wconf 73' lang='grc' dir='ltr'>λεὺς</span> <span class='ocrx_word' id='word_1_672' title='bbox 2222 4321 2321 4374; x_wconf 64' lang='grc' dir='ltr'><strong>ἰοἱ</strong></span> <span class='ocrx_word' id='word_1_673' title='bbox 2348 4320 2665 4389; x_wconf 88' lang='grc' dir='ltr'>Πνεύματος</span> <span class='ocrx_word' id='word_1_674' title='bbox 2694 4323 2722 4372; x_wconf 84' lang='grc' dir='ltr'><strong>ό</strong></span> <span class='ocrx_word' id='word_1_675' title='bbox 2751 4319 2961 4389; x_wconf 84' lang='grc' dir='ltr'>Πατὴρ,</span> <span class='ocrx_word' id='word_1_676' title='bbox 2998 4337 3017 4370; x_wconf 76' lang='grc' dir='ltr'><strong>ι</strong></span> <span class='ocrx_word' id='word_1_677' title='bbox 3067 4319 3153 4371; x_wconf 85' lang='grc' dir='ltr'>ὅτι</span> <span class='ocrx_word' id='word_1_678' title='bbox 3190 4317 3267 4388; x_wconf 77' lang='grc' dir='ltr'><strong>μὴ</strong></span> <span class='ocrx_word' id='word_1_679' title='bbox 3315 4316 3513 4385; x_wconf 76' lang='grc' dir='ltr'>ἰδιότης</span> <span class='ocrx_word' id='word_1_680' title='bbox 3568 4315 3663 4369; x_wconf 79' lang='grc' dir='ltr'><strong>τοῦ</strong></span> 
     </span>
    </p>
   </div>
   <div class='ocr_carea' id='block_1_90' title="bbox 2077 4406 3661 4482">
    <p class='ocr_par' dir='ltr' id='par_1_90' title="bbox 2077 4406 3661 4482">
     <span class='ocr_line' id='line_1_90' title="bbox 2077 4406 3661 4482; baseline -0.005 -17"><span class='ocrx_word' id='word_1_681' title='bbox 2077 4413 2288 4482; x_wconf 68' lang='grc' dir='ltr'>Πατρδη,</span> <span class='ocrx_word' id='word_1_682' title='bbox 2318 4412 2379 4465; x_wconf 80' lang='grc' dir='ltr'><strong>τὸ</strong></span> <span class='ocrx_word' id='word_1_683' title='bbox 2407 4410 2794 4482; x_wconf 73' lang='grc' dir='ltr'>προϐλητικὸν.</span> <span class='ocrx_word' id='word_1_684' title='bbox 2860 4410 3093 4478; x_wconf 76' lang='grc' dir='ltr'>ἐπείπερ</span> <span class='ocrx_word' id='word_1_685' title='bbox 3126 4411 3154 4461; x_wconf 88' lang='grc' dir='ltr'><strong>ό</strong></span> <span class='ocrx_word' id='word_1_686' title='bbox 3186 4406 3541 4475; x_wconf 80' lang='grc' dir='ltr'>Δαμασκόθεν</span> <span class='ocrx_word' id='word_1_687' title='bbox 3565 4424 3661 4476; x_wconf 77' lang='grc' dir='ltr'>χα-</span> 
     </span>
    </p>
   </div>
   <div class='ocr_carea' id='block_1_91' title="bbox 2078 4498 3664 4578">
    <p class='ocr_par' dir='ltr' id='par_1_91' title="bbox 2078 4498 3664 4578">
     <span class='ocr_line' id='line_1_91' title="bbox 2078 4498 3664 4578; baseline -0.008 -20"><span class='ocrx_word' id='word_1_688' title='bbox 2078 4507 2381 4578; x_wconf 85' lang='grc' dir='ltr'>ριτώνυμος</span> <span class='ocrx_word' id='word_1_689' title='bbox 2433 4504 2696 4573; x_wconf 86' lang='grc' dir='ltr'>θεηγὸρος</span> <span class='ocrx_word' id='word_1_690' title='bbox 2762 4504 2820 4554; x_wconf 77' lang='grc' dir='ltr'>ὲν</span> <span class='ocrx_word' id='word_1_691' title='bbox 2891 4501 2971 4569; x_wconf 82' lang='grc' dir='ltr'><strong>τῷ</strong></span> <span class='ocrx_word' id='word_1_692' title='bbox 3046 4499 3489 4570; x_wconf 85' lang='grc' dir='ltr'>τρισκαιδεκάτῳ</span> <span class='ocrx_word' id='word_1_693' title='bbox 3554 4498 3664 4548; x_wconf 80' lang='grc' dir='ltr'>τῶν</span> 
     </span>
    </p>
   </div>
   <div class='ocr_carea' id='block_1_92' title="bbox 382 4591 1969 4665">
    <p class='ocr_par' dir='ltr' id='par_1_92' title="bbox 382 4591 1966 4665">
     <span class='ocr_line' id='line_1_92' title="bbox 382 4591 1966 4665; baseline 0.004 -20"><span class='ocrx_word' id='word_1_694' title='bbox 382 4591 544 4647; x_wconf 83' lang='lat' dir='ltr'><strong>Patre</strong></span> <span class='ocrx_word' id='word_1_695' title='bbox 570 4594 643 4647; x_wconf 87' lang='lat' dir='ltr'><strong>ita</strong></span> <span class='ocrx_word' id='word_1_696' title='bbox 672 4603 862 4664; x_wconf 88' lang='lat' dir='ltr'><strong>aperte</strong></span> <span class='ocrx_word' id='word_1_697' title='bbox 889 4595 1193 4650; x_wconf 88' lang='lat' dir='ltr'><strong>edisserat:</strong></span> <span class='ocrx_word' id='word_1_698' title='bbox 1225 4613 1244 4645; x_wconf 74' lang='grc' dir='ltr'><strong>ι</strong></span> <span class='ocrx_word' id='word_1_699' title='bbox 1274 4595 1392 4665; x_wconf 86' lang='lat' dir='ltr'><strong>Ipse</strong></span> <span class='ocrx_word' id='word_1_700' title='bbox 1425 4597 1644 4664; x_wconf 90' lang='lat' dir='ltr'><strong>quidem</strong></span> <span class='ocrx_word' id='word_1_701' title='bbox 1678 4607 1762 4649; x_wconf 89' lang='lat' dir='ltr'><strong>est</strong></span> <span class='ocrx_word' id='word_1_702' title='bbox 1793 4611 1966 4659; x_wconf 86' lang='lat' dir='ltr'><strong>mens.</strong></span> 
     </span>
    </p>
   </div>
   <div class='ocr_carea' id='block_1_93' title="bbox 2072 4591 3666 4665">
    <p class='ocr_par' dir='ltr' id='par_1_93' title="bbox 2085 4591 3666 4664">
     <span class='ocr_line' id='line_1_93' title="bbox 2085 4591 3666 4664; baseline -0.006 -15"><span class='ocrx_word' id='word_1_703' title='bbox 2085 4596 2411 4664; x_wconf 83' lang='grc' dir='ltr'>θεολογικῶν</span> <span class='ocrx_word' id='word_1_704' title='bbox 2440 4596 2605 4648; x_wconf 82' lang='grc' dir='ltr'>αὑτοῦ</span> <span class='ocrx_word' id='word_1_705' title='bbox 2639 4593 2954 4662; x_wconf 81' lang='grc' dir='ltr'>κεφαλαίων</span> <span class='ocrx_word' id='word_1_706' title='bbox 2989 4595 3116 4662; x_wconf 75' lang='grc' dir='ltr'>περὶ</span> <span class='ocrx_word' id='word_1_707' title='bbox 3156 4592 3252 4643; x_wconf 87' lang='grc' dir='ltr'><strong>τοῦ</strong></span> <span class='ocrx_word' id='word_1_708' title='bbox 3285 4591 3497 4659; x_wconf 77' lang='grc' dir='ltr'>Πατρδς</span> <span class='ocrx_word' id='word_1_709' title='bbox 3524 4591 3666 4641; x_wconf 68' lang='grc' dir='ltr'>οὕτω</span> 
     </span>
    </p>
   </div>
   <div class='ocr_carea' id='block_1_94' title="bbox 387 4685 1972 4758">
    <p class='ocr_par' dir='ltr' id='par_1_94' title="bbox 387 4685 1972 4758">
     <span class='ocr_line' id='line_1_94' title="bbox 387 4685 1972 4758; baseline 0.003 -21"><span class='ocrx_word' id='word_1_710' title='bbox 387 4685 545 4739; x_wconf 87' lang='lat' dir='ltr'><strong>Verbi</strong></span> <span class='ocrx_word' id='word_1_711' title='bbox 571 4687 818 4757; x_wconf 77' lang='lat' dir='ltr'><strong>abyssns,</strong></span> <span class='ocrx_word' id='word_1_712' title='bbox 848 4686 1003 4742; x_wconf 86' lang='lat' dir='ltr'><strong>Verbi</strong></span> <span class='ocrx_word' id='word_1_713' title='bbox 1028 4689 1263 4755; x_wconf 72' lang='lat' dir='ltr'><strong>genitor,</strong></span> <span class='ocrx_word' id='word_1_714' title='bbox 1293 4698 1350 4742; x_wconf 83' lang='lat' dir='ltr'><strong>et</strong></span> <span class='ocrx_word' id='word_1_715' title='bbox 1372 4705 1469 4758; x_wconf 92' lang='lat' dir='ltr'><strong>per</strong></span> <span class='ocrx_word' id='word_1_716' title='bbox 1498 4686 1736 4743; x_wconf 83' lang='lat' dir='ltr'><strong>Verbum</strong></span> <span class='ocrx_word' id='word_1_717' title='bbox 1768 4689 1972 4755; x_wconf 87' lang='lat' dir='ltr'><strong>produ-</strong></span> 
     </span>
    </p>
   </div>
   <div class='ocr_carea' id='block_1_95' title="bbox 383 4778 1977 4849">
    <p class='ocr_par' dir='ltr' id='par_1_95' title="bbox 383 4778 1977 4849">
     <span class='ocr_line' id='line_1_95' title="bbox 383 4778 1977 4849; baseline 0.003 -21"><span class='ocrx_word' id='word_1_718' title='bbox 383 4785 501 4830; x_wconf 77' lang='lat' dir='ltr'><strong>ttor</strong></span> <span class='ocrx_word' id='word_1_719' title='bbox 548 4779 841 4831; x_wconf 82' lang='lat' dir='ltr'><strong>revelantis</strong></span> <span class='ocrx_word' id='word_1_720' title='bbox 890 4778 1148 4847; x_wconf 84' lang='lat' dir='ltr'><strong>Spiritus.</strong></span> <span class='ocrx_word' id='word_1_721' title='bbox 1188 4798 1205 4828; x_wconf 84' lang='grc'>›</span> <span class='ocrx_word' id='word_1_722' title='bbox 1243 4780 1381 4834; x_wconf 89' lang='lat' dir='ltr'><strong>llinc</strong></span> <span class='ocrx_word' id='word_1_723' title='bbox 1426 4780 1585 4849; x_wconf 87' lang='lat' dir='ltr'><strong>plane</strong></span> <span class='ocrx_word' id='word_1_724' title='bbox 1632 4781 1784 4834; x_wconf 89' lang='lat' dir='ltr'><strong>nullo</strong></span> <span class='ocrx_word' id='word_1_725' title='bbox 1814 4781 1977 4835; x_wconf 90' lang='lat' dir='ltr'><strong>modo</strong></span> 
     </span>
    </p>
   </div>
   <div class='ocr_carea' id='block_1_96' title="bbox 384 4868 1970 4939">
    <p class='ocr_par' dir='ltr' id='par_1_96' title="bbox 384 4868 1970 4939">
     <span class='ocr_line' id='line_1_96' title="bbox 384 4868 1970 4939; baseline 0.003 -18"><span class='ocrx_word' id='word_1_726' title='bbox 384 4868 534 4925; x_wconf 81' lang='lat' dir='ltr'><strong>solus</strong></span> <span class='ocrx_word' id='word_1_727' title='bbox 564 4869 724 4923; x_wconf 84' lang='lat' dir='ltr'><strong>Pater</strong></span> <span class='ocrx_word' id='word_1_728' title='bbox 752 4869 1052 4938; x_wconf 89' lang='lat' dir='ltr'><strong>productor</strong></span> <span class='ocrx_word' id='word_1_729' title='bbox 1080 4871 1337 4939; x_wconf 85' lang='lat' dir='ltr'><strong>Spiritus.</strong></span> <span class='ocrx_word' id='word_1_730' title='bbox 1364 4887 1490 4926; x_wconf 89' lang='lat' dir='ltr'><strong>cum</strong></span> <span class='ocrx_word' id='word_1_731' title='bbox 1522 4872 1613 4924; x_wconf 81' lang='lat' dir='ltr'><strong>hic</strong></span> <span class='ocrx_word' id='word_1_732' title='bbox 1644 4887 1740 4939; x_wconf 85' lang='lat' dir='ltr'><strong>per</strong></span> <span class='ocrx_word' id='word_1_733' title='bbox 1772 4871 1970 4925; x_wconf 83' lang='lat' dir='ltr'><strong>Filium</strong></span> 
     </span>
    </p>
   </div>
   <div class='ocr_carea' id='block_1_97' title="bbox 386 4958 1978 5030">
    <p class='ocr_par' dir='ltr' id='par_1_97' title="bbox 386 4958 1978 5030">
     <span class='ocr_line' id='line_1_97' title="bbox 386 4958 1978 5030; baseline 0.001 -20"><span class='ocrx_word' id='word_1_734' title='bbox 386 4962 479 5013; x_wconf 85' lang='lat' dir='ltr'><strong>sit.</strong></span> <span class='ocrx_word' id='word_1_735' title='bbox 523 4958 801 5027; x_wconf 81' lang='lat' dir='ltr'><strong>Quidquid</strong></span> <span class='ocrx_word' id='word_1_736' title='bbox 845 4958 992 5013; x_wconf 87' lang='lat' dir='ltr'><strong>enim</strong></span> <span class='ocrx_word' id='word_1_737' title='bbox 1046 4962 1267 5030; x_wconf 89' lang='lat' dir='ltr'><strong>proprie</strong></span> <span class='ocrx_word' id='word_1_738' title='bbox 1312 4959 1458 5013; x_wconf 86' lang='lat' dir='ltr'><strong>Patri</strong></span> <span class='ocrx_word' id='word_1_739' title='bbox 1514 4959 1844 5021; x_wconf 67' lang='lat' dir='ltr'><strong>vindicatur,</strong></span> <span class='ocrx_word' id='word_1_740' title='bbox 1917 4968 1978 5012; x_wconf 86' lang='lat' dir='ltr'><strong>ut</strong></span> 
     </span>
    </p>
   </div>
   <div class='ocr_carea' id='block_1_98' title="bbox 384 5050 1980 5123">
    <p class='ocr_par' dir='ltr' id='par_1_98' title="bbox 384 5050 1980 5123">
     <span class='ocr_line' id='line_1_98' title="bbox 384 5050 1980 5123; baseline 0 -17"><span class='ocrx_word' id='word_1_741' title='bbox 384 5062 546 5108; x_wconf 82' lang='lat' dir='ltr'><strong>antea</strong></span> <span class='ocrx_word' id='word_1_742' title='bbox 589 5052 847 5114; x_wconf 85' lang='lat' dir='ltr'><strong>diximus,</strong></span> <span class='ocrx_word' id='word_1_743' title='bbox 902 5063 1321 5123; x_wconf 86' lang='lat' dir='ltr'><strong>consequenter,</strong></span> <span class='ocrx_word' id='word_1_744' title='bbox 1369 5062 1426 5106; x_wconf 92' lang='lat' dir='ltr'><strong>et</strong></span> <span class='ocrx_word' id='word_1_745' title='bbox 1477 5068 1573 5121; x_wconf 88' lang='lat' dir='ltr'><strong>per</strong></span> <span class='ocrx_word' id='word_1_746' title='bbox 1627 5050 1827 5105; x_wconf 88' lang='lat' dir='ltr'><strong>Filium</strong></span> <span class='ocrx_word' id='word_1_747' title='bbox 1860 5093 1874 5115; x_wconf 91' lang='lat'><strong>,</strong></span> <span class='ocrx_word' id='word_1_748' title='bbox 1924 5060 1980 5106; x_wconf 85' lang='lat' dir='ltr'><strong>et</strong></span> 
     </span>
    </p>
   </div>
   <div class='ocr_carea' id='block_1_99' title="bbox 386 5143 1974 5214">
    <p class='ocr_par' dir='ltr' id='par_1_99' title="bbox 386 5143 1974 5214">
     <span class='ocr_line' id='line_1_99' title="bbox 386 5143 1974 5214; baseline -0.001 -17"><span class='ocrx_word' id='word_1_749' title='bbox 386 5144 648 5214; x_wconf 85' lang='lat' dir='ltr'><strong>quidquid</strong></span> <span class='ocrx_word' id='word_1_750' title='bbox 683 5159 781 5211; x_wconf 86' lang='lat' dir='ltr'><strong>per</strong></span> <span class='ocrx_word' id='word_1_751' title='bbox 817 5143 1037 5208; x_wconf 88' lang='lat' dir='ltr'><strong>Filium,</strong></span> <span class='ocrx_word' id='word_1_752' title='bbox 1066 5144 1195 5199; x_wconf 90' lang='lat' dir='ltr'><strong>illud</strong></span> <span class='ocrx_word' id='word_1_753' title='bbox 1226 5143 1606 5212; x_wconf 60' lang='lat' dir='ltr'><strong>non,proprie.</strong></span> <span class='ocrx_word' id='word_1_754' title='bbox 1635 5143 1817 5208; x_wconf 83' lang='lat' dir='ltr'><strong>Quare</strong></span> <span class='ocrx_word' id='word_1_755' title='bbox 1848 5157 1974 5198; x_wconf 82' lang='lat' dir='ltr'><strong>eum</strong></span> 
     </span>
    </p>
   </div>
   <div class='ocr_carea' id='block_1_100' title="bbox 386 5236 1980 5309">
    <p class='ocr_par' dir='ltr' id='par_1_100' title="bbox 386 5236 1980 5309">
     <span class='ocr_line' id='line_1_100' title="bbox 386 5236 1980 5309; baseline 0.001 -20"><span class='ocrx_word' id='word_1_756' title='bbox 386 5239 560 5292; x_wconf 75' lang='lat' dir='ltr'><strong>amba:</strong></span> <span class='ocrx_word' id='word_1_757' title='bbox 596 5253 864 5309; x_wconf 85' lang='lat' dir='ltr'><strong>personae,</strong></span> <span class='ocrx_word' id='word_1_758' title='bbox 899 5254 1022 5308; x_wconf 64' lang='lat' dir='ltr'><strong>qua;</strong></span> <span class='ocrx_word' id='word_1_759' title='bbox 1069 5254 1136 5293; x_wconf 77' lang='lat' dir='ltr'><strong>ex</strong></span> <span class='ocrx_word' id='word_1_760' title='bbox 1173 5239 1330 5291; x_wconf 85' lang='lat' dir='ltr'><strong>Patre</strong></span> <span class='ocrx_word' id='word_1_761' title='bbox 1378 5246 1527 5302; x_wconf 88' lang='lat' dir='ltr'><strong>sunt,</strong></span> <span class='ocrx_word' id='word_1_762' title='bbox 1561 5239 1863 5291; x_wconf 82' lang='lat' dir='ltr'><strong>secundum</strong></span> <span class='ocrx_word' id='word_1_763' title='bbox 1895 5236 1980 5290; x_wconf 85' lang='lat' dir='ltr'><strong>di-</strong></span> 
     </span>
    </p>
   </div>
   <div class='ocr_carea' id='block_1_101' title="bbox 389 5329 1980 5400">
    <p class='ocr_par' dir='ltr' id='par_1_101' title="bbox 389 5329 1980 5400">
     <span class='ocr_line' id='line_1_101' title="bbox 389 5329 1980 5400; baseline 0.002 -22"><span class='ocrx_word' id='word_1_764' title='bbox 389 5346 606 5384; x_wconf 77' lang='lat' dir='ltr'><strong>versum</strong></span> <span class='ocrx_word' id='word_1_765' title='bbox 658 5346 1032 5400; x_wconf 81' lang='lat' dir='ltr'><strong>progressum,</strong></span> <span class='ocrx_word' id='word_1_766' title='bbox 1088 5332 1205 5385; x_wconf 65' lang='lat' dir='ltr'><strong>haec</strong></span> <span class='ocrx_word' id='word_1_767' title='bbox 1251 5330 1470 5399; x_wconf 87' lang='lat' dir='ltr'><strong>quidem</strong></span> <span class='ocrx_word' id='word_1_768' title='bbox 1517 5330 1717 5382; x_wconf 86' lang='lat' dir='ltr'><strong>habeat</strong></span> <span class='ocrx_word' id='word_1_769' title='bbox 1762 5329 1980 5396; x_wconf 78' lang='lat' dir='ltr'><strong>preprio</strong></span> 
     </span>
    </p>
   </div>
   <div class='ocr_carea' id='block_1_102' title="bbox 387 5419 1983 5492">
    <p class='ocr_par' dir='ltr' id='par_1_102' title="bbox 387 5419 1983 5492">
     <span class='ocr_line' id='line_1_102' title="bbox 387 5419 1983 5492; baseline -0.001 -19"><span class='ocrx_word' id='word_1_770' title='bbox 387 5424 610 5475; x_wconf 74' lang='lat' dir='ltr'><strong>nomine</strong></span> <span class='ocrx_word' id='word_1_771' title='bbox 656 5421 928 5492; x_wconf 76' lang='lat' dir='ltr'><strong>generari,</strong></span> <span class='ocrx_word' id='word_1_772' title='bbox 979 5421 1066 5475; x_wconf 87' lang='lat' dir='ltr'><strong>illa</strong></span> <span class='ocrx_word' id='word_1_773' title='bbox 1119 5419 1440 5489; x_wconf 84' lang='lat' dir='ltr'><strong>procedere,</strong></span> <span class='ocrx_word' id='word_1_774' title='bbox 1489 5426 1543 5472; x_wconf 86' lang='lat' dir='ltr'><strong>et</strong></span> <span class='ocrx_word' id='word_1_775' title='bbox 1591 5433 1657 5471; x_wconf 81' lang='lat' dir='ltr'><strong>ex</strong></span> <span class='ocrx_word' id='word_1_776' title='bbox 1690 5433 1797 5486; x_wconf 89' lang='lat' dir='ltr'><strong>qua</strong></span> <span class='ocrx_word' id='word_1_777' title='bbox 1852 5426 1983 5471; x_wconf 89' lang='lat' dir='ltr'><strong>sunt</strong></span> 
     </span>
    </p>
   </div>
   <div class='ocr_carea' id='block_1_103' title="bbox 386 5512 1978 5581">
    <p class='ocr_par' dir='ltr' id='par_1_103' title="bbox 386 5512 1978 5581">
     <span class='ocr_line' id='line_1_103' title="bbox 386 5512 1978 5581; baseline 0.001 -18"><span class='ocrx_word' id='word_1_778' title='bbox 386 5527 649 5580; x_wconf 73' lang='lat' dir='ltr'><strong>generare</strong></span> <span class='ocrx_word' id='word_1_779' title='bbox 673 5521 727 5565; x_wconf 90' lang='lat' dir='ltr'><strong>et</strong></span> <span class='ocrx_word' id='word_1_780' title='bbox 753 5513 1057 5581; x_wconf 82' lang='lat' dir='ltr'><strong>producere</strong></span> <span class='ocrx_word' id='word_1_781' title='bbox 1086 5512 1388 5566; x_wconf 87' lang='lat' dir='ltr'><strong>secundum</strong></span> <span class='ocrx_word' id='word_1_782' title='bbox 1413 5520 1703 5573; x_wconf 85' lang='lat' dir='ltr'><strong>utramque</strong></span> <span class='ocrx_word' id='word_1_783' title='bbox 1730 5513 1978 5578; x_wconf 88' lang='lat' dir='ltr'><strong>proprie-</strong></span> 
     </span>
    </p>
   </div>
   <div class='ocr_carea' id='block_1_104' title="bbox 388 5593 1981 5675">
    <p class='ocr_par' dir='ltr' id='par_1_104' title="bbox 388 5593 1981 5675">
     <span class='ocr_line' id='line_1_104' title="bbox 388 5593 1981 5675; baseline -0.002 -16"><span class='ocrx_word' id='word_1_784' title='bbox 388 5593 517 5659; x_wconf 79' lang='lat' dir='ltr'><strong>tatis</strong></span> <span class='ocrx_word' id='word_1_785' title='bbox 551 5605 839 5670; x_wconf 88' lang='lat' dir='ltr'><strong>rationem,</strong></span> <span class='ocrx_word' id='word_1_786' title='bbox 872 5620 998 5675; x_wconf 78' lang='lat' dir='ltr'><strong>erga</strong></span> <span class='ocrx_word' id='word_1_787' title='bbox 1034 5604 1154 5657; x_wconf 88' lang='lat' dir='ltr'><strong>illas</strong></span> <span class='ocrx_word' id='word_1_788' title='bbox 1179 5618 1300 5671; x_wconf 76' lang='lat' dir='ltr'><strong>quae</strong></span> <span class='ocrx_word' id='word_1_789' title='bbox 1334 5618 1404 5656; x_wconf 80' lang='lat' dir='ltr'><strong>ex</strong></span> <span class='ocrx_word' id='word_1_790' title='bbox 1457 5617 1524 5656; x_wconf 93' lang='lat' dir='ltr'><strong>eo</strong></span> <span class='ocrx_word' id='word_1_791' title='bbox 1567 5610 1715 5665; x_wconf 87' lang='lat' dir='ltr'><strong>sunt,</strong></span> <span class='ocrx_word' id='word_1_792' title='bbox 1749 5603 1981 5656; x_wconf 88' lang='lat' dir='ltr'><strong>alterum</strong></span> 
     </span>
    </p>
   </div>
   <div class='ocr_carea' id='block_1_105' title="bbox 389 5694 1984 5766">
    <p class='ocr_par' dir='ltr' id='par_1_105' title="bbox 389 5694 1984 5766">
     <span class='ocr_line' id='line_1_105' title="bbox 389 5694 1984 5766; baseline 0.001 -18"><span class='ocrx_word' id='word_1_793' title='bbox 389 5695 546 5749; x_wconf 89' lang='lat' dir='ltr'><strong>alteri</strong></span> <span class='ocrx_word' id='word_1_794' title='bbox 575 5706 968 5766; x_wconf 79' lang='lat' dir='ltr'><strong>congruenter,</strong></span> <span class='ocrx_word' id='word_1_795' title='bbox 1002 5695 1299 5766; x_wconf 81' lang='lat' dir='ltr'><strong>generandi</strong></span> <span class='ocrx_word' id='word_1_796' title='bbox 1329 5694 1667 5758; x_wconf 79' lang='lat' dir='ltr'><strong>facultatem,</strong></span> <span class='ocrx_word' id='word_1_797' title='bbox 1703 5704 1762 5748; x_wconf 93' lang='lat' dir='ltr'><strong>ut</strong></span> <span class='ocrx_word' id='word_1_798' title='bbox 1789 5710 1984 5749; x_wconf 88' lang='lat' dir='ltr'><strong>omnes</strong></span> 
     </span>
    </p>
   </div>
   <div class='ocr_carea' id='block_1_106' title="bbox 391 5786 1981 5857">
    <p class='ocr_par' dir='ltr' id='par_1_106' title="bbox 391 5786 1981 5857">
     <span class='ocr_line' id='line_1_106' title="bbox 391 5786 1981 5857; baseline 0.001 -18"><span class='ocrx_word' id='word_1_799' title='bbox 391 5787 557 5839; x_wconf 80' lang='lat' dir='ltr'><strong>divini</strong></span> <span class='ocrx_word' id='word_1_800' title='bbox 594 5787 878 5857; x_wconf 90' lang='lat' dir='ltr'><strong>loquorum</strong></span> <span class='ocrx_word' id='word_1_801' title='bbox 910 5788 1132 5843; x_wconf 86' lang='lat' dir='ltr'><strong>Patrum</strong></span> <span class='ocrx_word' id='word_1_802' title='bbox 1164 5802 1325 5842; x_wconf 91' lang='lat' dir='ltr'><strong>voces</strong></span> <span class='ocrx_word' id='word_1_803' title='bbox 1373 5790 1677 5847; x_wconf 86' lang='lat' dir='ltr'><strong>insinuant.</strong></span> <span class='ocrx_word' id='word_1_804' title='bbox 1711 5786 1981 5855; x_wconf 83' lang='lat' dir='ltr'><strong>quispiam</strong></span> 
     </span>
    </p>
   </div>
   <div class='ocr_carea' id='block_1_107' title="bbox 395 5878 1983 5953">
    <p class='ocr_par' dir='ltr' id='par_1_107' title="bbox 395 5878 1983 5953">
     <span class='ocr_line' id='line_1_107' title="bbox 395 5878 1983 5953; baseline 0 -19"><span class='ocrx_word' id='word_1_805' title='bbox 395 5878 639 5934; x_wconf 84' lang='lat' dir='ltr'><strong>inveniet</strong></span> <span class='ocrx_word' id='word_1_806' title='bbox 670 5882 747 5935; x_wconf 90' lang='lat' dir='ltr'><strong>uti</strong></span> <span class='ocrx_word' id='word_1_807' title='bbox 780 5881 1062 5953; x_wconf 83' lang='lat' dir='ltr'><strong>proprium</strong></span> <span class='ocrx_word' id='word_1_808' title='bbox 1092 5881 1240 5936; x_wconf 89' lang='lat' dir='ltr'><strong>Patri</strong></span> <span class='ocrx_word' id='word_1_809' title='bbox 1279 5881 1487 5950; x_wconf 82' lang='lat' dir='ltr'><strong>solique</strong></span> <span class='ocrx_word' id='word_1_810' title='bbox 1519 5880 1823 5946; x_wconf 84' lang='lat' dir='ltr'><strong>decretum,</strong></span> <span class='ocrx_word' id='word_1_811' title='bbox 1862 5896 1983 5949; x_wconf 65' lang='lat' dir='ltr'><strong>quas</strong></span> 
     </span>
    </p>
   </div>
   <div class='ocr_carea' id='block_1_108' title="bbox 2080 4680 3738 4757">
    <p class='ocr_par' dir='ltr' id='par_1_108' title="bbox 2080 4680 3738 4757">
     <span class='ocr_line' id='line_1_108' title="bbox 2080 4680 3738 4757; baseline -0.004 -20"><span class='ocrx_word' id='word_1_812' title='bbox 2080 4686 2380 4757; x_wconf 77' lang='grc' dir='ltr'>διαρρήδην</span> <span class='ocrx_word' id='word_1_813' title='bbox 2424 4685 2666 4752; x_wconf 87' lang='grc' dir='ltr'>θεολογεῖ</span> <span class='ocrx_word' id='word_1_814' title='bbox 2696 4702 2709 4714; x_wconf 82' lang='grc'><em>’</em></span> <span class='ocrx_word' id='word_1_815' title='bbox 2746 4703 2765 4735; x_wconf 84' lang='grc'><strong><em>‹</em></strong></span> <span class='ocrx_word' id='word_1_816' title='bbox 2804 4684 2974 4747; x_wconf 75' lang='grc' dir='ltr'>Αὐτὸς</span> <span class='ocrx_word' id='word_1_817' title='bbox 3013 4684 3111 4751; x_wconf 88' lang='grc' dir='ltr'><strong>μέν</strong></span> <span class='ocrx_word' id='word_1_818' title='bbox 3167 4685 3283 4734; x_wconf 77' lang='grc' dir='ltr'>ἐστι</span> <span class='ocrx_word' id='word_1_819' title='bbox 3318 4680 3466 4743; x_wconf 86' lang='grc' dir='ltr'>νοῦς,</span> <span class='ocrx_word' id='word_1_820' title='bbox 3492 4681 3662 4745; x_wconf 85' lang='grc' dir='ltr'>Λόγου</span> <span class='ocrx_word' id='word_1_821' title='bbox 3727 4748 3738 4755; x_wconf 35' lang='grc' dir='ltr'><strong><em>ο</em></strong></span> 
     </span>
    </p>
   </div>
   <div class='ocr_carea' id='block_1_109' title="bbox 2080 4772 3663 4846">
    <p class='ocr_par' dir='ltr' id='par_1_109' title="bbox 2080 4772 3663 4846">
     <span class='ocr_line' id='line_1_109' title="bbox 2080 4772 3663 4846; baseline -0.005 -15"><span class='ocrx_word' id='word_1_822' title='bbox 2080 4778 2513 4846; x_wconf 78' lang='grc' dir='ltr'>ἄϐυσσος,Λόγου</span> <span class='ocrx_word' id='word_1_823' title='bbox 2532 4778 2932 4846; x_wconf 75' lang='grc' dir='ltr'>γεννήτωρ,καὶ</span> <span class='ocrx_word' id='word_1_824' title='bbox 2951 4778 3041 4829; x_wconf 72' lang='grc' dir='ltr'><strong>διὰ</strong></span> <span class='ocrx_word' id='word_1_825' title='bbox 3058 4776 3232 4843; x_wconf 70' lang='grc' dir='ltr'>Λόγου</span> <span class='ocrx_word' id='word_1_826' title='bbox 3256 4790 3293 4825; x_wconf 93' lang='grc' dir='ltr'><strong>π</strong></span> <span class='ocrx_word' id='word_1_827' title='bbox 3302 4772 3553 4837; x_wconf 71' lang='grc' dir='ltr'>ροὸολεὺς</span> <span class='ocrx_word' id='word_1_828' title='bbox 3572 4772 3663 4824; x_wconf 80' lang='grc' dir='ltr'><strong>τοῦ</strong></span> 
     </span>
    </p>
   </div>
   <div class='ocr_carea' id='block_1_110' title="bbox 2080 4865 3668 4937">
    <p class='ocr_par' dir='ltr' id='par_1_110' title="bbox 2080 4865 3668 4937">
     <span class='ocr_line' id='line_1_110' title="bbox 2080 4865 3668 4937; baseline -0.003 -18"><span class='ocrx_word' id='word_1_829' title='bbox 2080 4866 2476 4937; x_wconf 80' lang='grc' dir='ltr'>ὲκφαντορικοῦ</span> <span class='ocrx_word' id='word_1_830' title='bbox 2513 4867 2853 4936; x_wconf 83' lang='grc' dir='ltr'>Πνεύματος.</span> <span class='ocrx_word' id='word_1_831' title='bbox 2882 4884 2901 4918; x_wconf 76' lang='grc' dir='ltr'><strong>ι</strong></span> <span class='ocrx_word' id='word_1_832' title='bbox 2934 4865 3095 4919; x_wconf 85' lang='grc' dir='ltr'>Ὅθεν</span> <span class='ocrx_word' id='word_1_833' title='bbox 3125 4865 3331 4934; x_wconf 76' lang='grc' dir='ltr'>ἣκιστα</span> <span class='ocrx_word' id='word_1_834' title='bbox 3355 4865 3516 4933; x_wconf 85' lang='grc' dir='ltr'>μόνος</span> <span class='ocrx_word' id='word_1_835' title='bbox 3542 4880 3668 4931; x_wconf 79' lang='grc' dir='ltr'>προ-</span> 
     </span>
    </p>
   </div>
   <div class='ocr_carea' id='block_1_111' title="bbox 2080 4952 3662 5027">
    <p class='ocr_par' dir='ltr' id='par_1_111' title="bbox 2080 4952 3662 5027">
     <span class='ocr_line' id='line_1_111' title="bbox 2080 4952 3662 5027; baseline -0.001 -20"><span class='ocrx_word' id='word_1_836' title='bbox 2080 4956 2266 5018; x_wconf 72' lang='grc' dir='ltr'>ϐολεὺς</span> <span class='ocrx_word' id='word_1_837' title='bbox 2294 4956 2387 5009; x_wconf 94' lang='grc' dir='ltr'><strong>τοῦ</strong></span> <span class='ocrx_word' id='word_1_838' title='bbox 2411 4958 2550 5009; x_wconf 84' lang='grc' dir='ltr'>Πνεύ</span> <span class='ocrx_word' id='word_1_839' title='bbox 2561 4975 2728 5026; x_wconf 89' lang='grc' dir='ltr'>ματος</span> <span class='ocrx_word' id='word_1_840' title='bbox 2757 4960 2785 5010; x_wconf 86' lang='grc' dir='ltr'><strong>ό</strong></span> <span class='ocrx_word' id='word_1_841' title='bbox 2812 4957 3024 5027; x_wconf 82' lang='grc' dir='ltr'>Πατὴρ,</span> <span class='ocrx_word' id='word_1_842' title='bbox 3050 4956 3175 5008; x_wconf 75' lang='grc' dir='ltr'>ἐπεὶ</span> <span class='ocrx_word' id='word_1_843' title='bbox 3220 4954 3310 5006; x_wconf 80' lang='grc' dir='ltr'><strong>διὰ</strong></span> <span class='ocrx_word' id='word_1_844' title='bbox 3356 4953 3452 5005; x_wconf 85' lang='grc' dir='ltr'><strong>τοῦ</strong></span> <span class='ocrx_word' id='word_1_845' title='bbox 3510 4952 3662 5006; x_wconf 81' lang='grc' dir='ltr'>Υἰοῦ.</span> 
     </span>
    </p>
   </div>
   <div class='ocr_carea' id='block_1_112' title="bbox 2080 5046 3665 5119">
    <p class='ocr_par' dir='ltr' id='par_1_112' title="bbox 2080 5046 3665 5119">
     <span class='ocr_line' id='line_1_112' title="bbox 2080 5046 3665 5119; baseline -0.003 -18"><span class='ocrx_word' id='word_1_846' title='bbox 2080 5049 2149 5101; x_wconf 69' lang='lat' dir='ltr'><strong>Et</strong></span> <span class='ocrx_word' id='word_1_847' title='bbox 2166 5067 2218 5101; x_wconf 94' lang='grc' dir='ltr'><strong>τι</strong></span> <span class='ocrx_word' id='word_1_848' title='bbox 2249 5051 2355 5118; x_wconf 83' lang='grc' dir='ltr'>γὰρ</span> <span class='ocrx_word' id='word_1_849' title='bbox 2390 5050 2534 5111; x_wconf 81' lang='grc' dir='ltr'>ἰδίως</span> <span class='ocrx_word' id='word_1_850' title='bbox 2573 5050 3013 5119; x_wconf 78' lang='grc' dir='ltr'>ἐπικεκλήρωται</span> <span class='ocrx_word' id='word_1_851' title='bbox 3040 5046 3119 5118; x_wconf 81' lang='grc' dir='ltr'>τῷ</span> <span class='ocrx_word' id='word_1_852' title='bbox 3165 5048 3359 5117; x_wconf 77' lang='grc' dir='ltr'>Πατρὶ,</span> <span class='ocrx_word' id='word_1_853' title='bbox 3390 5047 3665 5113; x_wconf 79' lang='grc' dir='ltr'>πεφθακό-</span> 
     </span>
    </p>
   </div>
   <div class='ocr_carea' id='block_1_113' title="bbox 2081 5135 3665 5208">
    <p class='ocr_par' dir='ltr' id='par_1_113' title="bbox 2081 5135 3665 5208">
     <span class='ocr_line' id='line_1_113' title="bbox 2081 5135 3665 5208; baseline -0.004 -17"><span class='ocrx_word' id='word_1_854' title='bbox 2081 5157 2188 5201; x_wconf 87' lang='grc' dir='ltr'><strong>τως</strong></span> <span class='ocrx_word' id='word_1_855' title='bbox 2207 5139 2282 5202; x_wconf 85' lang='grc' dir='ltr'>ὡς</span> <span class='ocrx_word' id='word_1_856' title='bbox 2318 5140 2753 5208; x_wconf 80' lang='grc' dir='ltr'>προειρήκαμεν,</span> <span class='ocrx_word' id='word_1_857' title='bbox 2781 5138 2939 5190; x_wconf 85' lang='grc' dir='ltr'>τοῦτο</span> <span class='ocrx_word' id='word_1_858' title='bbox 2963 5137 3058 5190; x_wconf 76' lang='grc' dir='ltr'><strong>καὶ</strong></span> <span class='ocrx_word' id='word_1_859' title='bbox 3101 5137 3188 5188; x_wconf 68' lang='grc' dir='ltr'><strong>διὰ</strong></span> <span class='ocrx_word' id='word_1_860' title='bbox 3230 5135 3325 5188; x_wconf 88' lang='grc' dir='ltr'><strong>τοῦ</strong></span> <span class='ocrx_word' id='word_1_861' title='bbox 3369 5135 3496 5188; x_wconf 80' lang='grc' dir='ltr'>Υἰοῦ</span> <span class='ocrx_word' id='word_1_862' title='bbox 3530 5152 3545 5166; x_wconf 88' lang='grc'><strong>·</strong></span> <span class='ocrx_word' id='word_1_863' title='bbox 3571 5137 3665 5187; x_wconf 72' lang='grc' dir='ltr'>καὶ</span> 
     </span>
    </p>
   </div>
   <div class='ocr_carea' id='block_1_114' title="bbox 2083 5224 3664 5296">
    <p class='ocr_par' dir='ltr' id='par_1_114' title="bbox 2083 5224 3664 5296">
     <span class='ocr_line' id='line_1_114' title="bbox 2083 5224 3664 5296; baseline -0.004 -15"><span class='ocrx_word' id='word_1_864' title='bbox 2083 5230 2137 5281; x_wconf 79' lang='grc' dir='ltr'><strong>εἰ</strong></span> <span class='ocrx_word' id='word_1_865' title='bbox 2156 5246 2208 5281; x_wconf 88' lang='grc' dir='ltr'><strong>τι</strong></span> <span class='ocrx_word' id='word_1_866' title='bbox 2235 5228 2322 5281; x_wconf 81' lang='grc' dir='ltr'>διὰ</span> <span class='ocrx_word' id='word_1_867' title='bbox 2350 5229 2444 5281; x_wconf 89' lang='grc' dir='ltr'><strong>τοῦ</strong></span> <span class='ocrx_word' id='word_1_868' title='bbox 2478 5229 2630 5293; x_wconf 87' lang='grc' dir='ltr'>Υἰοῦ,</span> <span class='ocrx_word' id='word_1_869' title='bbox 2661 5228 2821 5281; x_wconf 87' lang='grc' dir='ltr'>τοῦτο</span> <span class='ocrx_word' id='word_1_870' title='bbox 2843 5230 2944 5281; x_wconf 81' lang='grc' dir='ltr'><strong>οὐκ</strong></span> <span class='ocrx_word' id='word_1_871' title='bbox 2978 5228 3143 5290; x_wconf 82' lang='grc' dir='ltr'>ἰδίως.</span> <span class='ocrx_word' id='word_1_872' title='bbox 3198 5226 3554 5296; x_wconf 81' lang='grc' dir='ltr'>’Λμφοτέρων</span> <span class='ocrx_word' id='word_1_873' title='bbox 3574 5224 3664 5277; x_wconf 81' lang='grc' dir='ltr'><strong>οῦν</strong></span> 
     </span>
    </p>
   </div>
   <div class='ocr_carea' id='block_1_115' title="bbox 2085 5316 3665 5391">
    <p class='ocr_par' dir='ltr' id='par_1_115' title="bbox 2085 5316 3665 5391">
     <span class='ocr_line' id='line_1_115' title="bbox 2085 5316 3665 5391; baseline -0.006 -17"><span class='ocrx_word' id='word_1_874' title='bbox 2085 5320 2390 5391; x_wconf 84' lang='grc' dir='ltr'>προσώπων</span> <span class='ocrx_word' id='word_1_875' title='bbox 2419 5320 2529 5373; x_wconf 83' lang='grc' dir='ltr'><strong>τῶν</strong></span> <span class='ocrx_word' id='word_1_876' title='bbox 2559 5322 2623 5372; x_wconf 76' lang='grc' dir='ltr'>ἐκ</span> <span class='ocrx_word' id='word_1_877' title='bbox 2654 5322 2863 5389; x_wconf 69' lang='grc' dir='ltr'>Πατρός</span> <span class='ocrx_word' id='word_1_878' title='bbox 2903 5321 3045 5372; x_wconf 77' lang='grc' dir='ltr'>κατὰ</span> <span class='ocrx_word' id='word_1_879' title='bbox 3071 5319 3171 5387; x_wconf 73' lang='grc' dir='ltr'>τὴν</span> <span class='ocrx_word' id='word_1_880' title='bbox 3198 5317 3454 5386; x_wconf 77' lang='grc' dir='ltr'>διάφορον</span> <span class='ocrx_word' id='word_1_881' title='bbox 3487 5316 3665 5369; x_wconf 80' lang='grc' dir='ltr'>αὐτῶν</span> 
     </span>
    </p>
   </div>
   <div class='ocr_carea' id='block_1_116' title="bbox 2084 5409 3666 5484">
    <p class='ocr_par' dir='ltr' id='par_1_116' title="bbox 2084 5409 3666 5484">
     <span class='ocr_line' id='line_1_116' title="bbox 2084 5409 3666 5484; baseline -0.004 -18"><span class='ocrx_word' id='word_1_882' title='bbox 2084 5414 2332 5484; x_wconf 86' lang='grc' dir='ltr'>πρόοδον,</span> <span class='ocrx_word' id='word_1_883' title='bbox 2360 5413 2453 5465; x_wconf 85' lang='grc' dir='ltr'><strong>τοῦ</strong></span> <span class='ocrx_word' id='word_1_884' title='bbox 2487 5413 2586 5482; x_wconf 83' lang='grc' dir='ltr'><strong>μὲν</strong></span> <span class='ocrx_word' id='word_1_885' title='bbox 2625 5412 2839 5483; x_wconf 78' lang='grc' dir='ltr'>ἔχοντος</span> <span class='ocrx_word' id='word_1_886' title='bbox 2885 5411 2991 5483; x_wconf 78' lang='grc' dir='ltr'>ἰδίᾳ</span> <span class='ocrx_word' id='word_1_887' title='bbox 3019 5411 3079 5463; x_wconf 82' lang='grc' dir='ltr'><strong>τὸ</strong></span> <span class='ocrx_word' id='word_1_888' title='bbox 3120 5410 3401 5478; x_wconf 69' lang='grc' dir='ltr'>γεννητὴν,</span> <span class='ocrx_word' id='word_1_889' title='bbox 3460 5409 3554 5461; x_wconf 85' lang='grc' dir='ltr'><strong>τοῦ</strong></span> <span class='ocrx_word' id='word_1_890' title='bbox 3607 5409 3666 5460; x_wconf 79' lang='grc' dir='ltr'>δὲ</span> 
     </span>
    </p>
   </div>
   <div class='ocr_carea' id='block_1_117' title="bbox 2083 5500 3667 5575">
    <p class='ocr_par' dir='ltr' id='par_1_117' title="bbox 2083 5500 3667 5575">
     <span class='ocr_line' id='line_1_117' title="bbox 2083 5500 3667 5575; baseline -0.006 -15"><span class='ocrx_word' id='word_1_891' title='bbox 2083 5508 2144 5560; x_wconf 83' lang='grc' dir='ltr'><strong>τὸ</strong></span> <span class='ocrx_word' id='word_1_892' title='bbox 2172 5506 2519 5575; x_wconf 78' lang='grc' dir='ltr'>ὲκπορευτδν,</span> <span class='ocrx_word' id='word_1_893' title='bbox 2554 5505 2650 5558; x_wconf 69' lang='grc' dir='ltr'>καὶ</span> <span class='ocrx_word' id='word_1_894' title='bbox 2670 5505 2765 5557; x_wconf 87' lang='grc' dir='ltr'><strong>τοῦ</strong></span> <span class='ocrx_word' id='word_1_895' title='bbox 2805 5504 2866 5568; x_wconf 77' lang='grc' dir='ltr'><strong>ἐξ</strong></span> <span class='ocrx_word' id='word_1_896' title='bbox 2888 5500 2949 5558; x_wconf 80' lang='grc' dir='ltr'><strong>οῦ</strong></span> <span class='ocrx_word' id='word_1_897' title='bbox 2973 5506 3034 5557; x_wconf 85' lang='grc' dir='ltr'>τὸ</span> <span class='ocrx_word' id='word_1_898' title='bbox 3058 5503 3376 5571; x_wconf 84' lang='grc' dir='ltr'>γεννητικὸν</span> <span class='ocrx_word' id='word_1_899' title='bbox 3402 5502 3497 5555; x_wconf 74' lang='grc' dir='ltr'><strong>καὶ</strong></span> <span class='ocrx_word' id='word_1_900' title='bbox 3528 5518 3667 5570; x_wconf 84' lang='grc' dir='ltr'>προ-</span> 
     </span>
    </p>
   </div>
   <div class='ocr_carea' id='block_1_118' title="bbox 2087 5592 3669 5667">
    <p class='ocr_par' dir='ltr' id='par_1_118' title="bbox 2087 5592 3669 5667">
     <span class='ocr_line' id='line_1_118' title="bbox 2087 5592 3669 5667; baseline -0.006 -15"><span class='ocrx_word' id='word_1_901' title='bbox 2087 5600 2339 5665; x_wconf 61' lang='lat' dir='ltr'><strong>simum</strong></span> <span class='ocrx_word' id='word_1_902' title='bbox 2360 5599 2480 5651; x_wconf 86' lang='grc' dir='ltr'>κατ’</span> <span class='ocrx_word' id='word_1_903' title='bbox 2525 5599 2783 5667; x_wconf 81' lang='grc' dir='ltr'>ἰδιότητος</span> <span class='ocrx_word' id='word_1_904' title='bbox 2827 5599 2985 5664; x_wconf 78' lang='grc' dir='ltr'>λόγον</span> <span class='ocrx_word' id='word_1_905' title='bbox 3032 5597 3294 5667; x_wconf 80' lang='grc' dir='ltr'>ἑκάτερον</span> <span class='ocrx_word' id='word_1_906' title='bbox 3330 5594 3467 5664; x_wconf 77' lang='grc' dir='ltr'>πρὸς</span> <span class='ocrx_word' id='word_1_907' title='bbox 3510 5594 3579 5645; x_wconf 79' lang='grc' dir='ltr'>τὰ</span> <span class='ocrx_word' id='word_1_908' title='bbox 3609 5592 3669 5657; x_wconf 79' lang='grc' dir='ltr'>ἐξ</span> 
     </span>
    </p>
   </div>
   <div class='ocr_carea' id='block_1_119' title="bbox 2087 5687 3669 5760">
    <p class='ocr_par' dir='ltr' id='par_1_119' title="bbox 2087 5687 3669 5760">
     <span class='ocr_line' id='line_1_119' title="bbox 2087 5687 3669 5760; baseline -0.006 -16"><span class='ocrx_word' id='word_1_909' title='bbox 2087 5690 2252 5745; x_wconf 83' lang='grc' dir='ltr'>αὑτοῦ</span> <span class='ocrx_word' id='word_1_910' title='bbox 2277 5690 2488 5760; x_wconf 83' lang='grc' dir='ltr'>θατέρῳ</span> <span class='ocrx_word' id='word_1_911' title='bbox 2510 5689 2736 5760; x_wconf 84' lang='grc' dir='ltr'>θάτερον</span> <span class='ocrx_word' id='word_1_912' title='bbox 2760 5689 3109 5759; x_wconf 82' lang='grc' dir='ltr'>καταλλήλως</span> <span class='ocrx_word' id='word_1_913' title='bbox 3138 5688 3199 5741; x_wconf 81' lang='grc' dir='ltr'><strong>τὸ</strong></span> <span class='ocrx_word' id='word_1_914' title='bbox 3223 5689 3320 5756; x_wconf 80' lang='grc' dir='ltr'>μὲν</span> <span class='ocrx_word' id='word_1_915' title='bbox 3349 5687 3669 5756; x_wconf 73' lang='grc' dir='ltr'>γεννητικὸν</span> 
     </span>
    </p>
   </div>
   <div class='ocr_carea' id='block_1_120' title="bbox 2088 5777 3672 5850">
    <p class='ocr_par' dir='ltr' id='par_1_120' title="bbox 2088 5777 3672 5850">
     <span class='ocr_line' id='line_1_120' title="bbox 2088 5777 3672 5850; baseline -0.008 -11"><span class='ocrx_word' id='word_1_916' title='bbox 2088 5784 2228 5839; x_wconf 80' lang='grc' dir='ltr'>κατὰ</span> <span class='ocrx_word' id='word_1_917' title='bbox 2287 5782 2469 5844; x_wconf 86' lang='grc' dir='ltr'>πάσας</span> <span class='ocrx_word' id='word_1_918' title='bbox 2521 5784 2619 5845; x_wconf 74' lang='grc' dir='ltr'><strong>τὰς</strong></span> <span class='ocrx_word' id='word_1_919' title='bbox 2666 5781 3057 5850; x_wconf 82' lang='grc' dir='ltr'>διατρανούσας</span> <span class='ocrx_word' id='word_1_920' title='bbox 3114 5780 3275 5833; x_wconf 85' lang='grc' dir='ltr'>τοῦτο</span> <span class='ocrx_word' id='word_1_921' title='bbox 3328 5777 3511 5849; x_wconf 76' lang='grc' dir='ltr'>φωνὰς</span> <span class='ocrx_word' id='word_1_922' title='bbox 3559 5781 3672 5836; x_wconf 81' lang='grc' dir='ltr'>τοῖς</span> 
     </span>
    </p>
   </div>
   <div class='ocr_carea' id='block_1_121' title="bbox 2091 5869 3673 5947">
    <p class='ocr_par' dir='ltr' id='par_1_121' title="bbox 2091 5869 3673 5947">
     <span class='ocr_line' id='line_1_121' title="bbox 2091 5869 3673 5947; baseline -0.007 -16"><span class='ocrx_word' id='word_1_923' title='bbox 2091 5877 2454 5947; x_wconf 62' lang='grc' dir='ltr'>θωρρίκμοσιν</span> <span class='ocrx_word' id='word_1_924' title='bbox 2478 5875 2701 5947; x_wconf 72' lang='grc' dir='ltr'>εὑρήσει</span> <span class='ocrx_word' id='word_1_925' title='bbox 2739 5892 2819 5939; x_wconf 86' lang='grc' dir='ltr'><strong>τις</strong></span> <span class='ocrx_word' id='word_1_926' title='bbox 2847 5874 2978 5929; x_wconf 75' lang='grc' dir='ltr'>ἴδιον</span> <span class='ocrx_word' id='word_1_927' title='bbox 3032 5875 3109 5943; x_wconf 73' lang='grc' dir='ltr'><strong>τίρ</strong></span> <span class='ocrx_word' id='word_1_928' title='bbox 3144 5874 3316 5944; x_wconf 72' lang='grc' dir='ltr'>Πατρλ</span> <span class='ocrx_word' id='word_1_929' title='bbox 3366 5873 3460 5926; x_wconf 66' lang='grc' dir='ltr'>καὶ</span> <span class='ocrx_word' id='word_1_930' title='bbox 3523 5869 3673 5939; x_wconf 74' lang='grc' dir='ltr'>μόνῳ</span> 
     </span>
    </p>
   </div>
  </div>
