4072 6396
342 381 480 447 13⁸77

1333 383 1635 445 CONTRA
1679 379 2113 442 MANUELEM
2155 375 2638 437 CRETENSEM.

3470 368 3610 432 13.78

338 493 780 564 θεολογούμενον,
817 497 956 551 κατὰ
990 498 1086 561 τὰς
1119 499 1198 562 εἰς
1228 498 1360 551 αὑτὸ
1393 499 1551 552 τοῦτο
1578 496 1923 569 λαμϐανομέ-

2030 491 2096 545 ad
2131 491 2235 546 hoc
2265 491 2443 561 ipsum
2487 495 2843 543 assumuntur
2875 486 3188 557 perspicue.
3231 483 3623 538 Verumtamen

338 605 432 650 νας
457 588 644 655 σαφῶς
680 603 694 616 ·
721 587 783 640 τὸ
809 588 866 643 δέ
913 606 976 654 γε
1018 590 1444 657 προϐλητικὸν,
1503 590 1536 659 ἢ
1596 590 1658 642 τὸ
1708 590 1925 657 προϐο-

334 680 504 742 λεὺς,
534 677 567 744 ἢ
609 678 669 729 τδ
691 678 1161 745 προϐάλλεσθαι,
1186 681 1217 751 ἢ
1247 682 1300 733 τὶ
1323 682 1432 734 τῶν
1462 681 1626 752 ὲτέρᾳ
1666 678 1925 749 μετακλί-

340 785 420 821 σει
453 768 610 822 τοῦτο
632 768 934 839 δηλούντων
987 772 1238 842 οὐδαμῶς
1293 774 1654 843 ὁπουδήποτε.
1714 771 1925 825 Αὐτίκα

336 859 517 911 τοίνυν
566 861 600 929 ἡ
664 860 774 913 τῶν
829 862 1096 931 θεολόγων
1143 864 1381 933 ἀκρότης
1428 864 1463 914 Γ
1472 863 1726 934 ρηγόριος
1760 866 1819 916 ἐν
1846 863 1923 934 τῷ

337 946 479 1017 λόγῳ
511 948 588 1018 τῷ
623 950 701 1012 εἰς
740 949 831 1003 τὸν
871 952 1183 1006 κατάπλουν
1217 953 1327 1006 τῶν
1375 954 1685 1021 Αἰγυπτίων
1715 953 1879 1022 φησίν
1906 971 1920 987 ν

344 1057 361 1088 ι
396 1039 578 1091 Πάντα
602 1041 701 1093 ὅσα
728 1039 841 1111 ἔχει
878 1043 904 1095 6
936 1043 1120 1114 Πατὴρ
1162 1044 1255 1098 τοῦ
1290 1044 1420 1098 Υῖοῦ
1455 1049 1571 1098 ἐστι
1622 1047 1764 1116 πλὴν
1825 1047 1923 1115 τῆς

337 1131 686 1200 ἁγεννησίας.
721 1133 906 1185 Πάντα
941 1133 998 1188 δὲ
1038 1135 1137 1187 ὅσα
1186 1135 1282 1189 τοῦ
1317 1134 1450 1189 Υἰοῦ
1482 1139 1574 1190 καὶ
1603 1137 1695 1190 τοῦ
1752 1137 1917 1191 Πνεύ-

343 1238 508 1289 ματος
544 1221 684 1291 πλὴν
710 1223 810 1288 τῆς
842 1225 1112 1292 υῖότητος,
1158 1228 1251 1279 καὶ
1299 1226 1403 1279 τῶν
1432 1228 1530 1279 ὅσα
1572 1228 1699 1297 περὶ
1757 1226 1921 1280 αὑτοῦ

340 1304 919 1383 σωματικῶς“λέγεται
954 1317 1043 1370 διὰ
1081 1320 1174 1371 τὸν
1203 1318 1334 1388 ὲμδν
1366 1320 1651 1389 ἄνθρωπον
1688 1321 1782 1372 κα)⁵
1825 1319 1922 1388 τὴν

338 1406 476 1475 ἐμὴν
510 1407 803 1476 σωτηρίαν.
838 1425 856 1457 ι
912 1407 971 1461 ὐ
1030 1410 1190 1473 αὑτὸς
1235 1413 1292 1464 ὲν
1337 1411 1414 1481 τῷ
1472 1415 1549 1475 εἰς
1576 1412 1803 1483 ’Ἥρωνα
1831 1411 1922 1465 τὸν

339 1498 664 1566 φιλόσοφονο
726 1501 949 1554 ι’Ἴδιον
1001 1500 1057 1554 δὲ
1116 1503 1329 1574 Πατρδς
1381 1503 1541 1573 μὲνὴ
1600 1504 1919 1575 ἀγεννηΰία.

338 1588 468 1640 Υἱοῦ
491 1589 547 1641 δὲ
579 1590 610 1659 ὴ
639 1590 914 1661 γέννησις,
949 1592 1262 1661 Πνεύματος
1296 1594 1352 1648 δὲ
1398 1597 1430 1666 ἡ
1463 1595 1761 1667 ἔκπεμψις.
1802 1615 1821 1648 ι
1864 1597 1922 1648 '0

332 1681 497 1742 αὑτὸς
517 1682 575 1733 ὲν
601 1682 676 1751 τῷ
708 1685 835 1753 περὶ
891 1685 989 1753 τῆς
1032 1687 1090 1739 ἐν
1119 1685 1239 1749 ταῖς
1280 1686 1582 1752 διαλέξεσιν
1628 1689 1916 1754 εὑταξίαςσ

343 1793 360 1824 ι
396 1774 616 1845 Πνεῦμα
670 1778 733 1828 ὲκ
789 1777 926 1830 Θεοῦ
968 1778 1066 1850 τὴν
1124 1779 1356 1851 ὓπαρξιν
1386 1783 1528 1854 ἔχον,
1559 1784 1921 1855 παραχωροῦν

339 1866 514 1937 Πατρὶ
569 1868 668 1938 μὲν
705 1870 1059 1942 ἀγεννησίας,
1091 1873 1203 1943 Υῐῷ
1249 1875 1306 1927 δὲ
1331 1878 1637 1943 γεννήσεως
1676 1893 1691 1908 ο
1752 1881 1820 1929 τὰ
1878 1876 1923 1930 δ’

337 1958 474 2009 ἄλλα
528 1959 622 2013 καὶ
663 1961 908 2029 συμφυὲς
965 1964 1060 2016 καὶ
1092 1964 1404 2035 σύνθρονον,
1456 1968 1549 2020 καὶ
1583 1967 1858 2038 ὁμόδοξον.
1901 1988 1919 2021 ι

351 2047 410 2102 Ὀ
447 2049 609 2114 αὑτὸς
648 2053 705 2103 ὲν
736 2051 814 2121 τῷ
836 2058 962 2124 περὶ
988 2054 1080 2108 τοῦ
1101 2055 1417 2125 Πνεύματος
1440 2059 1583 2128 λόγῳ
1614 2077 1629 2091 ο
1663 2078 1682 2111 ι
1723 2060 1789 2113 Τί
1819 2062 1927 2131 γὰρ

339 2142 400 2193 οὑ
424 2142 651 2195 δύναται
679 2142 789 2196 τῶν
822 2144 1074 2212 μεγάλων
1105 2146 1210 2212 ;Τί
1255 2149 1309 2200 δὲ
1335 2150 1396 2201 οὑ
1457 2152 1925 2221 προσαγορεύεται

338 2226 414 2285 ὦν
440 2233 592 2297 Θεὸς,
636 2232 776 2305 πλὴν
800 2238 1129 2306 ἀγεννησίας
1158 2241 1250 2292 καὶ
1273 2242 1614 2311 γεννήσεωςς
1640 2243 1788 2296 Ἔδει
1819 2245 1927 2314 γὰρ

339 2325 439 2389 τὰς
467 2327 732 2397 ἰδιότητας
762 2330 943 2397 μεῖναι
974 2332 1150 2403 Πατρὶ
1181 2336 1273 2385 καὶ
1305 2334 1438 2399 Υῖῴ,
1487 2334 1572 2387 ἵνα
1602 2334 1677 2405 μὴ
1797 2337 1926 2404 σύγ-

338 2437 493 2490 χυσις
518 2422 666 2493 παρὰ
690 2422 927 2494 θεότητι.
968 2424 1028 2479 Ὀ
1056 2425 1434 2496 χαριτώνυμος
1461 2429 1555 2480 καὶ
1586 2429 1792 2499 πλήρης
1826 2447 1927 2499 χα-

342 2512 506 2580 ρίτων
538 2516 566 2566 6
586 2516 948 2583 Δαμασκηνὸς
974 2518 1033 2571 ὲν
1056 2516 1135 2586 τῷ
1159 2518 1331 2588 ὀγδόῳ
1362 2518 1468 2572 τῶν
1493 2518 1819 2587 θεολογικῶν
1839 2538 1928 2573 κε-

340 2602 581 2670 φαλαίων
612 2608 739 2676 περὶ
768 2606 868 2672 τῆς
904 2608 1068 2675 ἁγίας
1117 2609 1346 2679 Τριάδος
1374 2611 1538 2681 φησιν
1571 2625 1587 2641 °
1654 2631 1674 2665 ι
1701 2612 1827 2675 Υἱὸς
1869 2613 1925 2664 δὲ

343 2698 440 2751 καὶ
477 2699 768 2769 χαρακτὴρ
798 2701 895 2766 τῆς
920 2701 1192 2771 πατρικῆς
1220 2702 1572 2765 ὑποστάσεως
1607 2702 1695 2757 διὰ
1747 2704 1808 2757 τὸ
1839 2706 1927 2755 τέ-

339 2791 504 2851 λειον.
542 2794 636 2844 καὶ
660 2793 1045 2859 ὲνυπόστατον,
1078 2796 1170 2846 καὶ
1219 2797 1357 2847 κατὰ
1405 2797 1580 2849 πάντα
1630 2797 1814 2866 ὂμοιον
1845 2796 1923 2867 τῷ

340 2887 515 2955 Ιισιτρῖ⁸
552 2882 691 2940 εἶναι
722 2886 863 2958 πλὴν
892 2888 990 2955 τῆς
1020 2886 1368 2957 ἀγεννησίας.
1404 2906 1422 2938 ι
1488 2888 1597 2941 Καὶ
1645 2889 1806 2943 πάλιν
1865 2891 1923 2943 ἐν

338 2977 416 3047 τῷ
442 2977 589 3046 αὑτῷ
613 2979 890 3048 κεφαλαίῳ
922 2992 940 3009 ο
977 2996 995 3029 ι
1036 2980 1137 3030 Διὰ
1180 2980 1273 3032 τδν
1314 2978 1531 3048 Πατέρα
1563 2978 1674 3049 ἔχει
1726 2981 1754 3033 6
1799 2982 1922 3044 Υἱὸς

337 3070 431 3124 καὶ
470 3072 533 3123 τὸ
562 3070 785 3140 Πνεῦμα
818 3072 993 3126 πάντα
1038 3069 1074 3124 ἃ.
1127 3071 1264 3140 ἔχει,
1320 3072 1564 3125 τουτέστι
1589 3071 1676 3125 διὰ
1709 3073 1769 3126 τὸ
1832 3074 1924 3128 τὸν

341 3164 561 3234 Πατέρα
598 3163 744 3235 ἔχειν
772 3163 931 3227 αὐτὰ,
961 3164 1100 3235 πλὴν
1126 3166 1222 3234 τῆς
1252 3166 1601 3235 ἁγεννησίας,
1647 3167 1750 3235 τῆς
1800 3182 1922 3236 γεν-
1948 3193 1990 3251 c

339 3256 573 3327 νήσεως,
607 3258 698 3311 καὶ
728 3259 824 3326 τῆς
845 3255 1246 3327 ἐκπορεύσεως.
1300 3258 1388 3309 Ἐν
1434 3257 1661 3322 ταύταις
1681 3260 1789 3330 γὰρ
1823 3259 1920 3329 μόσ

343 3363 461 3409 ναις
490 3348 611 3409 ταῖς
634 3348 1027 3410 ὑποστατικαῖς
1070 3348 1297 3417 ἰδιότησι
1349 3348 1698 3419 διαφέρουσιν
1760 3350 1923 3421 ἀλλή-

342 3436 453 3492 λων
467 3439 523 3490 αῖ
546 3438 702 3505 ἆγιαι
717 3440 863 3506 τρεῖς
898 3439 1252 3504 ὑποστάσεις,
1270 3440 1370 3493 οὑκ
1388 3441 1568 3509 οὐσίᾳ,
1582 3439 1658 3510 τῷ
1675 3439 1732 3493 δὲ
1753 3458 1926 3511 χαρα-

344 3528 680 3598 κτηριστικῷ
708 3531 808 3598 τῆς
845 3529 979 3592 ἰδίας
1009 3530 1358 3595 ὑποστάσεως
1409 3531 1729 3601 ἁδιαιρέτως
1784 3532 1923 3585 διαιο

342 3619 626 3691 ρούμεναι.
659 3637 679 3672 ι
717 3619 777 3674 ’0
800 3619 1082 3685 θεσπέσιος
1114 3622 1377 3693 Κύριλλος
1409 3625 1467 3676 ἐν
1519 3641 1622 3677 τινι
1680 3625 1788 3677 τῶν
1836 3642 1928 3677 κε-

342 3713 587 3780 φαλαίων
609 3713 719 3767 τῶν
759 3713 1062 3784 Θησαυρῶν
1094 3729 1110 3744 °
1164 3733 1183 3765 ι
1223 3716 1432 3786 Ὠσπερ
1454 3717 1638 3769 δίδωσι
1670 3718 1731 3770 τὸ
1757 3717 1924 3787 φυτὸν

342 3804 421 3875 τῷ
445 3805 505 3869 ἐξ
530 3804 696 3859 αὑτοῦ
718 3805 1040 3875 προελθόντι
1067 3805 1263 3876 καρπῷ
1288 3806 1385 3876 τὴν
1417 3809 1564 3874 αὑτῷ
1587 3810 1725 3862 κατὰ
1763 3811 1925 3880 φύσιν

343 3894 652 3966 προσοῦσαν
690 3895 952 3964 ποιότητα
982 3897 1191 3963 φορεῖν,
1217 3893 1388 3959 οὕτως
1419 3899 1446 3950 ὁ
1478 3896 1604 3961 Υἱὸς
1642 3898 1928 3968 εἰληφέναι

344 3985 494 4055 παρὰ
528 3984 743 4056 Πατρὸς
767 3984 834 4037 τὰ
880 3981 1030 4054 αὑτῷ
1058 3985 1327 4053 προσόντα
1351 3988 1573 4054 νοεῖται,
1615 3989 1797 4043 πάντα
1849 3989 1926 4044 ὢν

338 4080 439 4133 ὅσα
464 4079 558 4131 καὶ
580 4081 607 4131 6
645 4076 852 4148 Πατὴρ,
895 4076 1018 4147 δίχα
1049 4079 1213 4138 μόννυ
1243 4077 1336 4130 τοῦ
1368 4073 1507 4132 εἶναι
1545 4081 1755 4151 Πατήρ.
1785 4101 1804 4133 ι
1867 4083 1926 4135 Ὁ

341 4170 501 4233 αὑτὸς
538 4172 595 4221 ὲν
624 4167 702 4239 τῷ
757 4168 992 4239 δευτέρῳ
1014 4185 1123 4220 των
1155 4168 1290 4239 πρὸς
1334 4170 1593 4241 Ἑρμείαν
1622 4186 1637 4201 θ
1685 4191 1704 4222 ι
1732 4173 1927 4227 Συναῖ-

341 4261 452 4314 διον
481 4258 810 4328 πιστεύομεν
844 4260 935 4313 τὸν
968 4258 1096 4311 Υἱὺν
1120 4257 1197 4329 τῷ
1232 4261 1409 4330 Πατρὶ
1454 4262 1548 4315 καὶ
1594 4265 1701 4317 πᾶν
1749 4265 1926 4318 ὁτιοῦν

346 4353 631 4422 ἱσόμετρον
667 4349 881 4420 ἔχοντα,
909 4350 1032 4419 δίχα
1064 4351 1227 4422 μόνου
1263 4352 1356 4405 τοῦ
1381 4357 1585 4410 τεκεῖν.
1646 4357 1925 4429 Προσήκει

340 4443 450 4513 γὰρ
478 4442 544 4496 ἂν
573 4441 731 4495 τοῦτο
765 4444 910 4513 μόνῳ
944 4443 1020 4513 τῷ
1049 4441 1168 4514 Θεῷ
1196 4445 1289 4498 καὶ
1316 4445 1511 4517 Πατρί.
1549 4464 1568 4498 ι
1625 4448 1735 4500 Καὶ
1761 4449 1925 4501 πάλιν

2028 584 2349 654 producendi
2394 580 2727 652 facultatem,
2769 579 2887 633 sive
2929 577 3234 648 productor,
3271 574 3389 629 sive
3425 577 3627 643 produ-

2028 692 2163 736 cere,
2197 675 2312 729 sive
2356 674 2621 743 quidquid
2651 672 2796 727 aliud
2829 671 2922 735 sit,
2955 670 3101 739 quod
3132 669 3237 722 alia
3265 666 3503 722 ﬂexione
3539 668 3625 720 in-

2029 769 2261 831 dicatur,
2305 768 2455 822 nullo
2482 781 2710 838 prorsus
2740 765 2922 820 modo.
2967 764 3108 818 Ante
3139 762 3275 816 alios
3306 776 3438 832 ergo
3475 760 3631 815 theo-

2030 860 2275 929 logorum
2326 871 2511 915 vertex
2559 857 2875 928 Gregorius,
2927 857 3181 912 oratione
3224 857 3278 910 in
3331 856 3626 910 adventum

2027 950 2435 1021 Egj'ptiorurn,
2468 952 2588 1005 ait:
2630 970 2647 1001 ‹
2686 950 3041 1019 ρυωουηιιυο
3074 948 3233 1003 Pater
3280 947 3465 1011 habet,
3499 945 3622 1000 Filii

2028 1054 2177 1107 sunt,
2203 1059 2363 1096 unam
2390 1047 2433 1097 si
2456 1042 2696 1113 excipias
2720 1042 3102 1114 ingenituram.
3127 1040 3478 1110 Quaecunque
3504 1040 3625 1093 Ρὶιιί

2027 1143 2181 1198 sunt,
2213 1134 2305 1187 illa
2343 1133 2533 1187 eadem
2569 1140 2627 1187 et
2652 1131 2914 1200 Spiritus,
2948 1147 3111 1186 unam
3149 1131 3193 1185 si
3225 1130 3466 1200 excipias
3494 1132 3626 1184 lilia-

2029 1228 2256 1291 tiunem,
2316 1236 2372 1281 et
2416 1241 2759 1296 quaecunque
2803 1227 2908 1280 alia
2953 1225 3023 1280 de
3059 1241 3126 1279 eo
3173 1236 3400 1295 propter
3439 1239 3624 1278 meum

2029 1319 2326 1383 hominem,
2353 1328 2405 1371 et
2429 1333 2604 1371 meam
2632 1317 2861 1371 salutem
2884 1329 3225 1372 asseruntur.
3260 1336 3277 1367 ι
3307 1318 3476 1380 idem,
3501 1334 3630 1367 ura-

2029 1408 2181 1461 tioue
2210 1408 2261 1460 in
2296 1407 2566 1461 llerouem
2589 1404 2985 1473 Philosophum
3019 1423 3032 1460 :
3077 1424 3094 1456 ι
3132 1404 3423 1474 PrOprium
3458 1419 3625 1473 porro

2028 1497 2208 1551 Patris
2241 1508 2325 1551 est
2367 1497 2692 1568 ingenitum,
2741 1496 2868 1550 Filii
2939 1512 3069 1551 vero
3112 1497 3416 1565 generatio,
3454 1496 3625 1564 Spiri-

2027 1600 2115 1644 tus
2156 1591 2399 1644 emissio.
2450 1607 2469 1642 ι
2522 1589 2691 1655 Idem,
2743 1590 2991 1644 oratione
3037 1588 3104 1644 de
3154 1588 3529 1644 moderatione
3570 1587 3624 1640 in

2026 1682 2494 1752 disputationibus
2539 1683 2806 1736 servanda
2839 1699 2853 1735 :
2889 1702 2906 1734 ι
2946 1679 3188 1752 Spiritus
3226 1698 3292 1736 ex
3324 1682 3437 1736 Deo
3481 1683 3627 1735 exsi-

2025 1776 2280 1829 steutiain
2311 1776 2541 1839 habens,
2562 1775 2873 1829 concedens
2897 1775 3043 1829 Patri
3070 1775 3459 1845 ingenituram,
3488 1773 3626 1827 [ﬁlio

2026 1867 2455 1937 generationem,
2506 1869 2671 1922 rebus
2713 1883 2845 1922 vero
2889 1867 2943 1920 in
2975 1867 3095 1922 aliis
3145 1876 3200 1922 et
3245 1867 3489 1935 ejusdem
3527 1881 3626 1919 na-

2030 1969 2164 2013 tura:
2187 1969 2243 2014 et
2268 1961 2515 2029 ejusdem
2540 1960 2825 2022 sessionis,
2858 1967 2915 2013 et
2941 1957 3185 2029 ejusdem
3210 1958 3490 2013 honoris.»
3526 1956 3625 2011 llic

2027 2050 2165 2117 ipse,
2199 2053 2447 2107 oratione
2478 2053 2545 2107 de
2578 2050 2784 2123 Spiritu
2831 2069 2845 2105 ε
2895 2071 2911 2104 ι
2971 2050 3113 2117 Quid
3152 2053 3299 2104 enim
3344 2065 3408 2105 ex
3458 2054 3625 2106 rehus

2030 2142 2341 2212 ingentibus
2371 2158 2482 2196 non
2523 2143 2743 2211 potest?
2776 2142 3061 2206 Quodnam
3115 2157 3243 2195 vero
3290 2156 3493 2194 nomen
3528 2140 3625 2194 Dei

2028 2236 2132 2288 sibi
2171 2251 2282 2289 non
2333 2235 2591 2300 vindicat,
2622 2249 2789 2289 unam
2825 2234 2871 2288 si
2909 2233 3149 2303 excipias
3176 2234 3543 2305 ingenitus-am
3571 2245 3628 2288 et

2027 2326 2478 2397 generationem?
2502 2325 2900 2396 Relinquenda:
2928 2327 3198 2396 siquidem
3221 2338 3373 2382 erant
3401 2326 3547 2382 Patri
3570 2337 3627 2382 et

2027 2418 2167 2473 Filio
2199 2421 2581 2489 proprietates,
2632 2435 2701 2473 ne
2736 2420 2991 2473 confusio
3037 2429 3360 2473 nasceretur
3393 2419 3445 2472 in
3494 2417 3624 2472 Dei-

2026 2519 2157 2564 tate.
2217 2528 2236 2562 ›
2294 2509 2584 2565 Gratiosus
2634 2511 2859 2565 nomine
2920 2510 3333 2580 gratiarumque
3383 2513 3624 2565 refertus

2028 2601 2418 2668 lnunasccnns,
2468 2613 2663 2658 octavo
2713 2602 3022 2674 theologieo
3064 2601 3269 2671 capite,
3317 2601 3386 2656 de
3432 2613 3621 2657 sancta

2025 2694 2223 2748 Triade
2259 2694 2478 2764 inquit:
2512 2714 2529 2746 ι
2580 2694 2755 2749 Filius
2793 2711 2922 2750 vero
2952 2704 3008 2749 et
3046 2695 3333 2748 character
3382 2705 3623 2765 paterme

2026 2786 2335 2856 hypostasis
2368 2795 2592 2856 propter
2620 2787 2924 2857 perlectum
2971 2786 3391 2856 subsistensque
3434 2786 3490 2840 in
3536 2803 3620 2848 se,

2022 2889 2077 2932 et
2103 2879 2248 2948 quod
2284 2879 2336 2932 iu
2378 2879 2637 2933 omnibus
2684 2879 2879 2935 similis
2924 2878 3070 2933 Patri
3114 2887 3198 2932 est
3234 2894 3341 2933 una
3389 2889 3619 2949 excepta

2024 2969 2358 3038 ingenitura.
2398 2988 2417 3022 ›
2468 2971 2789 3039 Rursusque
2834 2968 3024 3024 eodem
3057 2968 3280 3038 capite:
3322 2987 3339 3021 ι
3384 2967 3489 3024 Per
3515 2968 3622 3023 Pa-

2026 3072 2164 3117 trem
2220 3063 2386 3118 babet
2440 3061 2613 3117 Filius
2665 3071 2719 3116 et
2758 3061 3001 3131 Spiritus
3047 3076 3389 3132 qua-cunque
3433 3061 3620 3125 habet,

2026 3154 2129 3210 hoc
2163 3164 2269 3219 est,
2301 3154 2447 3225 quod
2481 3155 2640 3209 Pater
2669 3155 2757 3209 illa
2789 3153 2975 3219 habet,
3005 3162 3204 3223 praeter
3231 3154 3620 3224 ingenituram,

2024 3254 2080 3300 et
2101 3248 2534 3314 generationem,
2558 3255 2611 3300 et
2640 3246 3047 3315 processionem
3078 3262 3093 3313 ;
3118 3246 3172 3299 in
3200 3248 3285 3301 his
3316 3249 3462 3300 enim
3486 3249 3621 3302 solis

2026 3335 2382 3406 hypostaticis
2442 3335 2872 3405 preprietatibus
2934 3337 3078 3389 inter
3136 3351 3196 3391 se
3258 3344 3465 3391 sancta:
3509 3347 3621 3393 tres

2028 3429 2350 3499 hypostases
2401 3428 2704 3491 diﬂerunt,
2756 3443 2866 3481 non
2917 3428 3180 3490 essentia,
3234 3429 3331 3482 sed
3383 3444 3621 3499 propria:

2027 3520 2334 3590 hypostasis
2378 3530 2504 3573 nota
2530 3517 2762 3573 indivise
2790 3518 3000 3572 divisa.
3039 3535 3059 3569 ο
3097 3514 3335 3574 Sanctus
3362 3517 3619 3589 Cyrillus,

2028 3610 2083 3663 in
2137 3624 2246 3664 uno
2302 3609 2709 3663 Thcsaurorum
2764 3610 2944 3678 capite
2991 3625 3005 3662 :
3069 3627 3089 3660 ι
3140 3607 3618 3676 Quemadmodum

2027 3706 2209 3773 planta
2238 3702 2443 3756 fructui
2474 3719 2537 3756 cx
2562 3717 2619 3756 se
2647 3701 2994 3770 provenienti
3021 3702 3126 3755 sibi
3148 3703 3394 3757 innatam
3419 3718 3618 3761 natura

2026 3797 2347 3867 qualitatem
2377 3794 2730 3849 deferendam
2778 3793 3022 3855 exhibet,
3072 3793 3148 3847 ita
3192 3793 3366 3849 Fiaius
3412 3796 3622 3852 intelli-

2026 3892 2198 3962 gitur,
2239 3906 2362 3960 qua:
2414 3889 2521 3944 sibi
2569 3888 2865 3951 inhaerent,
2907 3889 3207 3960 accepisse,
3250 3906 3375 3944 cum
3431 3893 3618 3950 omnia

2026 3986 2118 4049 sit,
2155 3998 2496 4055 quaecunque
2529 3982 2706 4048 Pater,
2756 3981 2964 4051 absque
3008 3998 3075 4037 eo
3106 3983 3225 4038 solo
3267 3983 3412 4054 quod
3455 3985 3620 4041 Pater

2026 4095 2138 4134 non
2183 4088 2286 4133 est.
2330 4095 2349 4129 ι
2378 4077 2545 4141 Idem,
2589 4078 2828 4130 secundo
2863 4076 2929 4130 ad
2963 4074 3280 4132 Heriuiam:
3313 4095 3333 4129 ι
3378 4078 3621 4132 Coaeter-
3713 4084 3717 4089 ‘

2027 4187 2157 4225 num
2180 4170 2455 4225 credimus
2486 4167 2683 4221 Filium
2712 4166 2884 4232 Patri,
2915 4170 3208 4238 omniaque
3234 4169 3432 4238 mquali
3468 4185 3617 4223 men-

2025 4275 2154 4316 sura
2186 4259 2493 4330 pos:idere,
2530 4259 2736 4328 absque
2770 4274 2836 4313 eo
2881 4260 2997 4313 solo
3029 4258 3173 4329 quod
3206 4275 3317 4314 non
3363 4272 3611 4331 generat.

2026 4353 2085 4408 ld
2119 4351 2389 4421 siquidem
2416 4351 2518 4405 soli
2554 4350 2663 4413 Deo
2696 4360 2751 4404 et
2784 4350 2931 4404 Patri
2965 4350 3242 4420 proprium
3274 4360 3379 4406 est.
3420 4370 3440 4404 ι
3473 4353 3615 4405 ltur-

2027 4460 2255 4514 susque,
2309 4443 2557 4497 oratione
2599 4440 2669 4495 de
2702 4441 2902 4495 Triade
2933 4459 2947 4495 :
2977 4461 2995 4492 ι
3034 4441 3092 4495 ln
3146 4440 3288 4497 Filio
3327 4442 3616 4513 unigenito

341 4534 505 4604 ἐντῷ
558 4535 689 4605 περὶ
731 4535 959 4604 Τριὰδος
1017 4534 1165 4607 λόγῳ
1198 4553 1212 4567 ·
1270 4557 1289 4589 ι
1338 4538 1426 4591 Ἐν
1477 4538 1593 4610 Υἱῷ
1641 4544 1922 4610 μονογενεῖ

2027 4535 2084 4588 in
2132 4533 2391 4587 omnibus
2427 4532 2625 4602 aequali
2665 4541 2720 4585 et
2764 4532 2929 4586 simili
2957 4548 3062 4585 una
3105 4544 3331 4603 excepta
3371 4537 3617 4605 paterni.

342 4627 482 4679 κατὰ
518 4625 697 4679 πάντα
719 4627 820 4696 ῐσῳ
856 4626 934 4696 τῷ
976 4626 1153 4696 Πατρὶ
1184 4630 1273 4680 καὶ
1302 4629 1473 4700 ὁμοίῳ
1499 4632 1669 4703 χωρὶς
1698 4632 1794 4701 τῆς
1819 4647 1923 4685 πα-

341 4722 622 4790 τρότητος.
650 4736 670 4770 ι
698 4720 805 4772 Καὶ
823 4715 888 4771 αὖ
914 4720 971 4771 ὲν
989 4716 1193 4781 ἄλλοιςο
1224 4738 1242 4771 ι
1278 4721 1447 4774 Μενεῖ
1473 4721 1529 4774 δὲ
1552 4724 1581 4775 6
1610 4716 1735 4786 Υἱὸς
1754 4724 1921 4795 μηδε-

343 4813 431 4875 νὸς
470 4810 944 4882 ἀποστερούμενος
966 4809 1075 4865 τῶν
1111 4810 1341 4864 ἐνόντων
1365 4813 1442 4882 τῷ
1474 4815 1669 4886 Πατρὶ,
1704 4815 1807 4869 κᾶν
1844 4819 1920 4887 μὴ

276 4918 299 4933 ί
341 4910 544 4959 νοεῖται
578 4905 789 4974 Πατήρ.
831 4920 849 4954 ι
917 4902 1028 4954 Καὶ
1088 4902 1252 4955 πάλιν
1305 4907 1363 4955 ἐν
1410 4905 1657 4976 ἑτάροιςο
1718 4926 1737 4959 ι
1776 4909 1920 4962 Πάν.

341 5014 449 5050 των
506 4997 617 5047 τῶν
673 4992 918 5062 φυσικῶν
974 4991 1195 5060 ἀγαθῶν
1247 4993 1341 5045 τοῦ
1399 4995 1613 5064 Πατρὸς
1665 5006 1922 5063 κοινωνός

340 5094 488 5145 ἐστιν
513 5090 540 5141 6
570 5089 694 5152 Υἱὸς
730 5088 858 5141 ἄνευ
887 5085 1015 5140 τοῦτ
1042 5085 1229 5156 Πατὴρ
1251 5080 1411 5139 εἶναι.
1443 5104 1463 5138 ι
1509 5087 1619 5139 Καὶ
1684 5088 1920 5160 ἀλλαχοῦ

338 5183 501 5233 πάλιν
534 5195 549 5211 σ
582 5196 601 5229 ι
626 5178 758 5230 Θεὸν
790 5175 1042 5247 ἀληθινὸν
1076 5176 1141 5228 ὲκ
1167 5174 1303 5227 Θεοῦ
1352 5173 1631 5246 ἀληθινοῦ,
1677 5179 1779 5228 οὑκ
1839 5178 1922 5241 εἰς

340 5271 554 5326 όθνείαν
580 5270 822 5323 τινὰκαὶ
878 5267 1112 5338 ἔκφυλον
1163 5268 1514 5337 ἐκπεφυκότα
1567 5268 1750 5337 φύσιν,
1801 5269 1920 5324 ἀλλ’

339 5365 465 5417 ὄντα
517 5363 676 5417 τοῦτο
732 5362 1027 5426 οὑσιωδῶς,
1082 5362 1218 5431 ὅπερ
1269 5361 1334 5415 ἂν
1361 5355 1499 5414 εἶναι
1568 5364 1740 5415 νοοῖτο
1771 5365 1866 5416 καὶ
1891 5366 1920 5418 6

340 5456 532 5530 Πατὴρ
560 5455 683 5527 δίχα
714 5456 878 5523 μόνου
898 5452 994 5507 τοῦ
1033 5447 1174 5507 εἶναι
1206 5452 1415 5524 Πατήρ.
1454 5472 1473 5504 ι
1527 5450 1794 5525 Χρήσεων
1821 5456 1920 5524 μὲν

344 5546 433 5605 οὖν
454 5551 562 5603 τῶν
591 5548 916 5617 θεολογικῶν
938 5546 1383 5616 διασαφουμένων
1405 5544 1549 5598 οὑτω
1574 5547 1671 5606 τὰς
1712 5545 1917 5617 ἰδιότη-

340 5661 439 5709 τας
466 5643 575 5697 τῶν
605 5641 774 5713 τριῶν
803 5640 1158 5694 ὑποστάσεων
1179 5641 1277 5708 τῆς
1317 5639 1590 5710 θεότητος,
1622 5642 1716 5692 καὶ
1773 5642 1918 5710 ἅπερ

342 5738 547 5791 ἔνεστιν
570 5736 677 5808 ἰδία
702 5736 780 5808 τῷ
808 5734 984 5807 Πατρὶ
998 5735 1271 5805 διαφορῶν
1290 5732 1399 5787 τῶν
1414 5733 1601 5803 μόνῳ,
1630 5735 1725 5788 καὶ
1748 5732 1811 5785 δί
1811 5748 1913 5808 χιι,

344 5830 439 5885 καὶ
486 5828 676 5899 πλὴν,
737 5831 831 5882 καὶ
883 5828 1085 5883 λοιπῶν
1135 5826 1626 5899 διεδκρινουμένων
1676 5825 1911 5897 εἰλικρι-

2014 4626 2154 4682 ἰιιιρ.
2188 4645 2207 4677 ι
2242 4626 2309 4680 Ει
2335 4626 2387 4687 in
2414 4626 2569 4679 aliis:
2602 4643 2620 4676 ι
2649 4624 2887 4678 Manebit
2912 4639 3041 4679 vero
3066 4623 3240 4681 Filius
3262 4643 3327 4681 ex
3354 4628 3461 4681 illis
3491 4644 3616 4698 quze

2020 4717 2167 4773 Patri
2204 4718 2415 4783 insunt,
2451 4717 2601 4770 nullo
2630 4716 2920 4785 spoliatus,
2984 4715 3091 4770 etsi
3128 4731 3238 4771 non
3276 4716 3619 4788 intelligatur

2020 4811 2202 4867 Pater.
2243 4829 2262 4862 ι
2295 4810 2363 4865 Et
2406 4824 2596 4864 rursus
2638 4810 2693 4862 in
2724 4808 2845 4862 aliis
2878 4824 2893 4862 :
2935 4827 2953 4859 ε
2979 4808 3236 4864 Omnium
3284 4813 3613 4867 naturalium

2023 4907 2290 4961 bonorum
2321 4902 2498 4959 Patris
2530 4901 2807 4975 particeps
2834 4913 2919 4957 est
2952 4902 3145 4959 Filius.
3181 4903 3317 4958 lllud
3349 4907 3525 4959 solum
3566 4906 3613 4959 si

2020 4999 2232 5062 demas,
2257 4997 2470 5052 Patrem
2492 5011 2636 5050 esse.
2670 5014 2689 5047 ›
2720 4993 2785 5048 Ει
2810 4994 2937 5050 alibi
2968 5008 3098 5050 item
3129 5013 3144 5050 :
3177 5013 3197 5047 ι
3225 4996 3395 5050 Deum
3421 5011 3612 5051 verum

2023 5091 2093 5145 de
2123 5090 2233 5144 Deo
2278 5103 2430 5154 vero,
2462 5103 2574 5142 non
2607 5088 2662 5142 in
2697 5089 2943 5158 spuriam
2970 5090 3206 5158 aliquam
3238 5097 3293 5142 et
3326 5098 3613 5143 externam

2022 5193 2276 5237 naturam
2326 5180 2679 5246 productum,
2724 5180 2821 5235 sed
2866 5181 3223 5235 exsistentem
3258 5179 3311 5233 id
3342 5180 3486 5234 idem
3518 5195 3610 5235 es-

2022 5272 2346 5332 seutialiter,
2394 5270 2539 5340 quod
2573 5271 2896 5341 intelligitur
2925 5285 3045 5324 esse
3076 5278 3131 5323 et
3178 5269 3359 5336 Pater,
3402 5271 3613 5341 absque

2021 5379 2087 5419 eo
2138 5364 2254 5417 solo
2301 5362 2448 5432 quod
2494 5362 2656 5417 Pater
2708 5377 2821 5416 non
2868 5372 2973 5417 est.
3010 5381 3030 5414 ι
3075 5362 3212 5418 Cum
3265 5364 3448 5434 itaque
3496 5366 3612 5421 haec
3658 5430 3663 5435 ι

2022 5455 2328 5525 theologica
2355 5453 2667 5509 testimonia
2694 5455 2795 5508 hac
2818 5456 3035 5511 ratione
3068 5456 3231 5511 trium
3258 5456 3487 5512 Deitatis
3516 5458 3615 5529 by-

2018 5557 2313 5618 postaseon
2337 5548 2698 5618 pr0prietates
2721 5546 3023 5614 declarent,
3048 5558 3104 5604 et
3120 5566 3240 5619 qua:
3263 5549 3614 5620 peculiariter

2018 5639 2168 5695 Patri
2195 5640 2406 5702 insunt,
2439 5638 2800 5705 differentias,
2833 5639 2940 5697 illis
2959 5641 3080 5706 soli,
3117 5651 3332 5711 praeter,
3373 5650 3610 5711 excepto,

2021 5744 2075 5790 et
2109 5732 2229 5788 aliis
2258 5731 2605 5801 apertissime
2634 5731 2919 5800 deliniant,
2955 5733 3183 5789 minime
3221 5733 3339 5789 ﬁeri
3373 5743 3610 5805 poterat,

2019 5840 2130 5881 non
2178 5823 2408 5880 indicari
2459 5824 2515 5878 in
2560 5823 2837 5895 aliquibus
2879 5825 3074 5880 saltem
3133 5840 3163 5880 a
3210 5825 3411 5883 divinis
3454 5826 3609 5884 hisce
