4072 6404
465 406 606 471 13ῖ9

1692 399 2022 461 GEORGII
2064 396 2524 459 METOCHlT/E

3578 378 3763 449 ’1380

454 520 799 592 mystagogis,
838 519 882 575 si
917 516 1224 589 proprietas
1254 514 1449 578 Patris,
1481 516 1645 570 etiam
1673 515 1805 570 illud
1846 516 2045 585 produ-

2161 516 2277 578 νῶς,
2311 514 2411 568 οὐκ
2439 508 2508 584 ἦν
2540 511 2920 582 ὁπωσδήποτε,
2948 507 3021 579 μὴ
3051 501 3463 577 ἐνσημανθῆναί
3487 518 3593 557 που
3620 502 3760 557 τάσ-

453 633 567 670 cere
597 616 675 670 uti
701 623 753 669 et
781 628 1030 681 generare
1060 610 1477 681 agnoscebatur.

523 895 612 950 ‘22.
661 895 839 960 Quare
882 908 1005 947 cum
1060 889 1299 958 undique
1344 900 1465 955 qua:
1517 887 1634 955 ipse
1684 883 2039 952 diviniloquis

455 989 703 1045 Patribus
730 985 1075 1040 adversantia
1109 983 1376 1051 loquitur,
1408 979 1641 1033 refutata
1675 980 1805 1042 sint,
1835 977 1904 1030 ab
1948 991 2042 1029 eo-

454 1084 577 1134 den.
612 1078 1010 1145 subsequenter
1046 1074 1277 1143 digesta,
1318 1070 1397 1123 ιιιί
1417 1066 1961 1127 declararidebeant,
1986 1071 2043 1116 et

454 1190 518 1226 ex
557 1171 755 1225 tradita
784 1186 812 1221 a
841 1170 953 1222 Deo
980 1165 1267 1233 Scriptura
1306 1160 1733 1215 manifestantur
1755 1172 1854 1226 pro
1888 1168 2042 1208 more

457 1277 643 1317 nosuo
682 1263 931 1314 volentes
970 1259 1231 1328 perfecte,
1256 1263 1453 1325 printer
1477 1251 1793 1305 eorumdem
1814 1260 2044 1302 examen

452 1357 542 1410 illa
591 1355 782 1407 eadem
827 1350 1112 1421 quasijam
1161 1346 1408 1415 apposita
1447 1344 1577 1405 sint,
1613 1356 1735 1396 cum
1769 1338 2044 1411 prioribus

448 1451 819 1507 committere,
868 1460 970 1498 nec
1002 1442 1285 1511 quidpiam
1323 1439 1462 1491 ultra
1492 1435 1695 1489 addere
1721 1447 1886 1502 quam
1924 1444 2047 1499 qua:

452 1542 508 1593 in
544 1536 931 1605 frequentibus
962 1530 1249 1599 colloquiis
1298 1530 1442 1581 dicta
1480 1526 1869 1594 disputataquc
1893 1530 2047 1578 sunt.

454 1630 737 1700 pratterire
763 1626 1072 1682 statuimus.
1100 1637 1167 1675 eo
1196 1620 1353 1690 plane
1379 1618 1608 1671 minime
1639 1614 1885 1685 neglecto
1904 1610 2049 1680 quod

456 1726 541 1789 ille
577 1725 629 1776 in
654 1719 969 1788 exemplum
1000 1714 1252 1775 assumit,
1275 1711 1417 1765 solus
1449 1710 1500 1762 in
1534 1709 1691 1762 Patre
1724 1707 2053 1775 producture

455 1817 840 1885 iromprobans,
872 1821 923 1866 et
952 1812 1068 1864 hzec
1095 1805 1412 1868 manifesto,
1437 1802 1639 1871 quibus
1663 1798 1889 1867 colligit,
1923 1810 2051 1863 pro-

455 1913 739 1965 ductorem
771 1920 898 1961 esse
940 1903 1181 1965 Patrem,
1240 1895 1599 1956 concludens,
1661 1890 1764 1944 etsi
1810 1886 2053 1942 inconsi-

453 2006 663 2062 derate,
712 1995 1029 2054 necessario
1053 2006 1296 2062 prorsus,
1323 1990 1377 2044 id
1406 1989 1589 2057 ipsum
1613 1997 1829 2052 quoque
1856 1981 2053 2035 Filium

456 2110 596 2149 esse.
631 2088 1002 2145 Nihilominus
1036 2088 1423 2147 demonstrans
1450 2079 1898 2146 redarguensque
1944 2085 2054 2125 non

458 2183 870 2239 assentientem.
924 2178 1159 2231 similem
1228 2173 1337 2226 illis
1402 2167 1848 2225 comminiscitur
1905 2162 2055 2218 exsi-

450 2289 653 2333 stere:
692 2294 710 2333 ς
763 2268 1237 2339 Quemadmodum
1279 2267 1324 2320 si
1358 2264 1484 2334 quis
1530 2261 1828 2321 afﬁrmans,
1881 2257 2053 2310 Deum

456 2388 578 2428 esse
615 2379 825 2421 natura:
863 2365 1117 2417 humanae
1139 2359 1506 2418 conditormi,
1534 2350 1891 2424 postmodum
1927 2364 2053 2404 cum

461 2468 570 2519 lico
605 2463 826 2532 angelos
853 2445 1014 2512 etiam
1049 2452 1289 2508 hamiuis
1307 2465 1427 2506 esse
1452 2457 1732 2502 creatures
1772 2452 2050 2504 astruens,

452 2531 801 2608 existimaret
824 2544 1155 2616 sibimetipsi
1177 2556 1286 2596 non
1308 2538 1712 2595 contradicere.
1747 2553 1765 2584 ι
1800 2533 1867 2586 Et
1891 2531 2055 2600 plane

458 2644 703 2712 exempla
741 2642 1054 2709 ubicunque
1086 2642 1449 2703 usurpentur,
1471 2639 1526 2684 et
1562 2626 1837 2699 praecipue
1882 2624 1941 2677 in
1972 2621 2057 2675 di-

460 2737 702 2790 vinitatis
733 2733 974 2804 negotio,
1022 2744 1132 2785 non
1175 2727 1230 2781 in
1265 2724 1526 2779 omnibus
1564 2719 1631 2773 ad
1667 2717 1815 2788 quod
1857 2712 2054 2769 confc-

461 2839 678 2892 runtur,
708 2827 801 2881 sed
830 2825 895 2878 ad
923 2820 1153 2891 aliquid,
1178 2826 1234 2872 et
1263 2814 1567 2870 secundum
1601 2820 1812 2881 partem
1837 2804 2055 2861 assimi-

460 2921 580 2986 Iari,
604 2933 799 2973 verum
821 2926 905 2969 est
934 2925 990 2969 et
1025 2910 1284 2966 omnibus
1329 2916 1546 2966 notum,
1574 2899 1940 2955 nihilominus
1973 2896 2055 2950 rei

459 3028 621 3084 quam
670 3015 784 3079 ipsa
821 3006 1066 3076 eﬂigiant
1111 3001 1394 3072 aptissime
1439 3002 1768 3067 congruunt,
1807 3000 1861 3047 et
1904 2989 2056 3044 nullo

450 3079 623 3156 inludo
667 3097 990 3168 improprie.
1023 3092 1123 3146 Hic
1164 3104 1329 3162 porro
1370 3101 1621 3158 quaenam
1668 3079 2053 3139 convenientia

2139 609 2193 661 δε
2223 609 2337 670 τοίς
2369 606 2534 668 θείοις
2566 605 2974 675 μυσταγωγοίς,
3004 601 3057 652 εί
3086 598 3141 652 τί
3176 612 3282 669 περ
3308 597 3514 665 ἰδιότης
3544 596 3754 667 Πατρί,

2141 700 2235 751 καὶ
2286 699 2348 751 τὸ
2407 699 2813 767 προϐλητικόν
2866 695 2941 757 ὡς
3016 692 3076 746 τὸ
3136 690 3497 760 γεννητικὸν
3552 689 3760 757 ἐγινώ-

2144 809 2325 846 σκετο.

2216 883 2323 952 κβ’.
2351 883 2566 937 Οὐκοῦν
2625 882 2736 934 τῶν
2785 880 2882 934 τοῦ
2948 876 3282 939 ἀπεναντίας
3327 876 3448 939 τοῖς
3491 872 3759 945 θεόφροσι

2145 976 2518 1046 φθεγγομένου
2599 973 2941 1045 πανταχόθεν
3008 969 3426 1039 ἐληλεγμένων,
3487 967 3557 1020 τὰ
3625 964 3760 1034 ἑξῆς

2144 1069 2335 1122 τούτου
2363 1068 2475 1120 τῶν
2497 1065 3023 1137 καταστρωθέντων,
3081 1062 3177 1114 καὶ
3242 1060 3553 1128 φανέρωσιν
3602 1057 3759 1119 ὅπως

2147 1162 2340 1233 ἔχοντα
2377 1163 2690 1231 καθορᾶται
2732 1159 2870 1231 πρὸς
2901 1157 2971 1210 τὰ
3024 1156 3125 1226 τῆς
3186 1153 3469 1207 θεοσδότου
3524 1150 3757 1220 Γραφῆς

2149 1255 2469 1326 εἰληφότων,
2525 1253 2670 1307 κατὰ
2724 1252 2783 1305 τὸ
2845 1248 3039 1312 εἰωθδς
3112 1246 3364 1308 θέλοντες
3440 1241 3759 1303 ἀνελλιπῶς

2151 1350 2290 1417 πρὸς
2347 1365 2406 1401 το
2457 1347 2707 1414 ἐξετάσαι
2773 1346 2883 1405 τοῖς
2937 1342 3227 1412 προτέροις
3290 1335 3624 1404 ἐπισυνάψαι
3686 1334 3762 1385 τὰ

2151 1440 2293 1494 αὐτὰ
2342 1439 2418 1502 ὼς
2462 1439 2614 1500 ὄντα,
2668 1436 2764 1489 καὶ
2811 1434 2978 1504 μηδὲν
3005 1430 3235 1499 πλέονῆ
3282 1427 3318 1481 ἃ
3352 1426 3597 1493 πολλαχῆ
3656 1441 3761 1478 συ·

2152 1537 2304 1605 χναίς
2350 1531 2654 1593 διαλαλιαῖς
2710 1528 2933 1600 ἐρρέθη,
2980 1527 3075 1580 καὶ
3118 1523 3401 1593 διηλέχίη,
3447 1521 3762 1589 διέγνωμεν

2156 1627 2465 1696 παρελθεῖν,
2488 1625 2646 1676 τοῦτο
2661 1623 2736 1692 μὴ
2762 1620 3083 1690 παριδόντες
3113 1618 3141 1671 ὃ
3165 1633 3321 1686 φησι,
3358 1615 3768 1684 Παραδειγμα-

2154 1717 2343 1780 τικῶς,
2369 1715 2431 1769 τὸ
2454 1718 2648 1785 μόνος
2675 1711 3106 1781 κατασκευάζων
3141 1710 3234 1762 ἐπὶ
3260 1707 3356 1760 τοῦ
3388 1704 3697 1774 προϐολεὺς
3732 1706 3763 1755 ὁ

2158 1809 2366 1878 Πατὴρ,
2400 1809 2495 1861 καὶ
2537 1807 2709 1860 ταῦτα
2742 1805 3052 1874 προδήλως,
3099 1794 3192 1869 ἀφ’
3249 1793 3325 1852 ὧν
3383 1795 3618 1864 συνῆξεν
3670 1796 3763 1847 ὅτι

2162 1900 2457 1971 προὸολεὺς
2481 1900 2508 1951 ό
2536 1898 2721 1968 Πατὴρ
2748 1895 3131 1966 συμπερανας,
3158 1893 3206 1944 εἰ
3232 1891 3327 1943 καὶ
3371 1888 3445 1959 μὴ
3472 1890 3530 1940 ἐν
3565 1902 3766 1939 συναι-

2160 1994 2350 2064 σθήσει
2413 1992 2555 2045 κατὰ
2610 1993 2793 2044 πᾶσαν
2841 1990 3091 2056 ἀνάγκην
3151 1980 3484 2038 εἶναιτοῦτο
3536 1981 3635 2033 καὶ
3662 1979 3766 2030 τὸν

2158 2087 2310 2138 Υίόν.
2354 2085 2547 2154 Ὅμως
2581 2080 3013 2145 κατασκευάζων
3045 2078 3139 2132 καὶ
3189 2076 3483 2145 διελέγχων
3516 2072 3645 2135 τοὺς
3679 2071 3763 2140 μὴ

2157 2178 2504 2247 δεχομένους,
2560 2177 2747 2245 ὅμοιον
2813 2174 3000 2235 αὐτοῖς
3069 2169 3381 2239 συντίθησιν
3435 2168 3710 2234 ὑπάρχειν
3745 2178 3768 2196 ο

2165 2271 2405 2338 «Ὥσπερ
2444 2268 2510 2321 ἂν
2532 2268 2586 2320 εἴ
2611 2284 2696 2330 τις
2727 2263 3007 2335 ὁμολογῶν
3037 2262 3137 2331 μὲν
3164 2261 3256 2316 τὸν
3306 2257 3438 2312 Θεὸν
3467 2252 3611 2309 εἶναι
3639 2255 3771 2307 κτί-

2159 2378 2291 2431 στην
2321 2362 2415 2430 τῆς
2438 2360 2655 2427 φύσεως
2680 2359 2787 2411 τῶν
2815 2355 3143 2426 ἀνθρώπων,
3172 2348 3294 2404 εἶτα
3329 2350 3466 2419 μετὰ
3491 2346 3585 2401 τοῦ
3618 2342 3766 2399 Θεοῦ

2158 2456 2252 2507 καὶ
2282 2453 2408 2511 τοὺς
2436 2449 2704 2519 ἀγγέλους
2740 2446 3175 2515 ἀποφαινόμενος
3204 2441 3361 2505 τοῦδε
3394 2438 3625 2508 ποιητὰς
3660 2437 3766 2488 τοῦ

2157 2541 2481 2612 ἀνθρώπου,
2539 2539 2703 2592 οἴοιτο
2762 2532 3202 2612 μηδὲνέναντίον
3262 2529 3445 2598 ἐαυτῷ
3474 2528 3681 2595 λέγειν.
3734 2543 3758 2576 ι

2160 2608 2282 2687 Ὀτι
2321 2633 2420 2704 μέν
2454 2632 2603 2699 λόγοι
2634 2608 3097 2699 παραδειγμάτων
3129 2620 3448 2691 ἁπανταχοῦ
3480 2618 3576 2672 καὶ
3610 2618 3761 2688 μᾶλ-

2157 2730 2248 2782 λον
2272 2728 2362 2780 ἐπὶ
2385 2727 2485 2796 τῆς
2510 2724 2766 2793 θεότητος
2795 2722 2898 2773 οὐκ
2921 2720 3153 2771 εἰσάπαν
3187 2714 3325 2786 πρὸς
3354 2712 3383 2766 ὃ
3422 2709 3767 2779 παρατίθενη

2156 2837 2271 2884 ται,
2302 2819 2440 2887 πρός
2464 2833 2517 2868 τι
2561 2815 2617 2868 δὲ
2651 2814 2747 2867 καὶ
2770 2811 2916 2866 κατά
2952 2827 3006 2863 τι
3036 2808 3315 2863 δεικνύναι
3357 2805 3645 2875 φαίνονται
3698 2801 3769 2853 τὸ

2159 2910 2563 2981 συμφέρεσθαι,
2600 2906 2798 2973 ἀληθές
2825 2903 3063 2957 ἐστικαὶ
3102 2899 3345 2968 γνωστὸν
3372 2897 3515 2968 πλὴν
3550 2893 3767 2947 καταλο

2157 3006 2333 3076 λήλως
2372 3003 2449 3073 τῷ
2482 2995 3114 3071 παραδειγματιζομένῳ
3152 2994 3248 3046 καὶ
3309 2988 3632 3063 προσφυῶς,
3664 2987 3768 3039 καὶ

2158 3096 2442 3153 ἀνοικείως
2454 3093 2563 3146 οὐδ’
2580 3089 2851 3145 ὁπωσοῦν.
2871 3086 3137 3141 Ἐνταῦθα
3155 3083 3212 3136 δὲ
3231 3084 3382 3136 ποῖον
3404 3080 3463 3134 τὸ
3475 3078 3769 3149 προσφυὲς

460 3201 546 3247 est
580 3187 954 3246 similitudinis
983 3200 1106 3238 cum
1145 3183 1214 3236 iis
1244 3181 1337 3250 qui
1365 3178 1752 3249 productorem
1786 3188 1910 3228 esse
1944 3170 2053 3224 Pa-

2161 3189 2260 3260 τῆς
2293 3187 2667 3257 ἐξομοιώσεως
2694 3183 2821 3244 τοὺς
2872 3178 3175 3251 προδολεὺς
3229 3171 3672 3242 ἀναγορεύοντας
3734 3171 3769 3222 ὁ

460 3299 599 3340 trem
630 3288 970 3342 asseverant,
997 3286 1052 3331 et
1076 3275 1244 3330 solum
1275 3288 1387 3328 non
1408 3270 1705 3340 accipiunt,
1729 3266 1873 3337 quod
1894 3280 2056 3319 nemo

461 3395 526 3432 ex
586 3375 839 3428 Patribus
878 3366 1299 3439 pronuntiavit?
1349 3362 1466 3429 Qua
1516 3362 1663 3416 enim
1715 3359 1948 3422 ratione,
2010 3357 2056 3411 si

464 3468 756 3536 produc-tor
799 3473 882 3518 est
927 3476 1025 3531 per
1068 3459 1289 3522 Filium,
1322 3455 1609 3511 contendit
1648 3453 1850 3507 similia
1878 3464 2058 3507 enun-

464 3573 624 3621 teare,
651 3561 696 3612 si
739 3557 862 3626 quis
911 3554 1177 3609 fateretur
1219 3549 1390 3603 Deum
1435 3547 1773 3603 conditorem
1810 3559 1932 3599 esse
1962 3559 2060 3597 na-

466 3668 599 3710 tut‘te
634 3655 912 3712 humanae,
942 3645 1286 3717 postmodum
1326 3657 1450 3696 cum
1488 3641 1597 3694 Deo
1639 3641 1803 3693 etiam
1838 3635 2062 3708 angelos

462 3754 740 3799 t'l'ialOI‘t-BS
791 3739 1074 3795 hominum
1117 3733 1447 3789 afﬁrmaret?
1489 3730 1750 3797 Quaenam
1789 3737 1873 3781 est
1920 3726 2062 3779 inter

466 3841 582 3893 haec
610 3847 922 3903 congruens
962 3825 1302 3884 similitudo?
1343 3824 1479 3889 sive,
1514 3830 1583 3878 ut
1632 3822 1817 3877 verius
1848 3819 2060 3884 dixero,

450 3927 603 4000 quis
627 3944 689 3980 ex
720 3925 926 3979 sanctis
952 3937 983 3975 a
1013 3921 1124 3975 Deo
1151 3918 1377 3989 gloriam
1410 3914 1726 3970 consecutis
1754 3926 1853 3982 pro
1885 3909 2063 3966 nihilo

448 4041 576 4078 .nmt
623 4016 958 4075 haberetur?
984 4014 1107 4085 quis
1134 4027 1247 4066 non
1276 4009 1544 4065 conviciis
1572 4006 1976 4062 lacesseretur?
1998 4004 2064 4065 Et

467 4128 594 4169 ante
619 4113 755 4166 alios
786 4110 882 4179 qui
910 4121 1110 4177 magna
1129 4118 1262 4160 voce
1290 4101 1459 4158 edicit
1486 4117 1501 4159 :
1525 4118 1545 4152 ι
1576 4099 1879 4154 Producto'r
1905 4097 2065 4153 Pater

464 4224 567 4278 per
599 4205 840 4260 Verbum
886 4198 1186 4254 revelantis
1220 4194 1502 4266 Spiritus?
1537 4212 1556 4246 ι
1603 4192 1959 4248 Pustmodum
2008 4189 2064 4244 in

454 4295 819 4367 dogmatibus
843 4289 1159 4346 asserendis
1184 4286 1518 4355 conspicuus
1543 4283 1902 4355 Epiphanius,
1940 4300 1959 4333 ι
1998 4295 2065 4335 ex

468 4392 659 4447 eadem
685 4386 923 4443 essentia
956 4383 1131 4438 Patris
1158 4391 1215 4436 et
1246 4381 1372 4435 Filii
1396 4378 1661 4449 Spiritum
1689 4396 1709 4428 ι
1748 4376 1977 4439 docens,
2012 4383 2068 4429 et

466 4483 524 4535 in
558 4479 790 4548 hujusce
823 4473 1203 4545 probationem
1230 4484 1394 4526 voces
1432 4476 1692 4535 utrasque
1721 4464 2067 4533 evaugeliras

2161 3282 2376 3351 Πατὴρ,
2409 3280 2503 3332 καὶ
2528 3277 2603 3349 μὴ
2643 3274 3046 3347 προσιεμένους
3082 3269 3143 3322 τὸ
3161 3268 3372 3338 μόνος,
3397 3267 3538 3333 ὅπερ
3580 3263 3766 3324 οὐδεὶς

2160 3373 2270 3425 τῶν
2313 3371 2486 3440 ἁγίων
2521 3371 2737 3442 εἰρήκει
2764 3383 2781 3433 ;
2805 3365 2930 3428 Πῶς
2956 3364 3064 3433 γὰρ
3104 3362 3240 3429 εἴγε
3273 3359 3342 3412 δι’
3369 3357 3503 3411 Υἰοῦ
3556 3356 3766 3427 προϐο-

2160 3464 2285 3527 λεὺς
2313 3460 2744 3532 διισχυρίζεσθαι
2772 3457 3050 3527 παρόμοια
3086 3455 3339 3526 φάσκειν,
3381 3450 3439 3503 ετ
3478 3466 3565 3512 τις
3604 3447 3764 3515 ὡμοο

2161 3560 2309 3627 λόγει
2336 3556 2560 3626 κτίστην
2578 3555 2668 3607 τδν
2696 3553 2828 3606 Θεὸν
2851 3547 2991 3604 εἶναι
3023 3550 3123 3619 τῆς
3155 3546 3371 3616 φύσεως
3391 3543 3504 3596 τῶν
3545 3541 3765 3612 ἀνθρὼ-

2164 3668 2306 3713 πων,
2332 3646 2452 3703 εἶτα
2487 3648 2626 3717 μετὰ
2650 3646 2743 3699 τοῦ
2767 3645 2903 3697 Θεοῦ
2937 3645 3033 3695 καί
3066 3642 3190 3703 τοὺς
3216 3639 3487 3708 ἀγγέλους
3523 3639 3761 3706 ποιητὰς

2165 3742 2346 3797 αὐτῶν
2367 3741 2749 3809 ἀποφαίνεται,
2774 3737 2905 3789 ποία
2934 3753 3016 3798 τις
3047 3737 3080 3802 ὴ
3113 3733 3248 3803 πρὸς
3286 3730 3456 3784 ταῦτα
3483 3729 3762 3796 κατάλληο

2165 3837 2254 3896 λος
2286 3834 2506 3887 εἰκασία
2531 3849 2545 3899 ;
2571 3832 2604 3905 ἢ
2632 3829 2864 3900 τάληθὲς
2899 3828 3097 3898 μᾶλλον
3124 3827 3324 3890 εἰπεῖν,
3382 3825 3532 3885 ποῖος
3570 3818 3762 3875 ἐντεῦ-

2168 3930 2259 3983 θεν
2278 3928 2389 3981 τῶν
2441 3924 2804 3989 θεοδοξάστων
2858 3922 2960 3975 οὐκ
3004 3919 3384 3984 ἐξουθενοῦται
3440 3918 3701 3988 Πατέρων
3732 3932 3757 3978 ς

2167 4024 2319 4085 ποῖος
2345 4021 2405 4073 ού
2435 4019 2757 4089 λοιδορεῖται
2786 4032 2802 4081 ;
2842 4013 3069 4085 Πρῶτον
3119 4012 3221 4080 μὲν
3252 4012 3347 4065 καὶ
3391 4011 3554 4073 αὐτὸς
3582 4013 3611 4063 ό
3657 4027 3759 4080 με·

2166 4114 2497 4185 γαλοφώνως
2533 4108 2798 4176 θεολογῶν
2820 4123 2833 4136 ·
2874 4125 2892 4157 ι
2928 4104 3231 4175 Προὸολεὺς
3261 4105 3289 4155 ό
3321 4102 3509 4173 Πατὴρ
3541 4102 3627 4156 διὰ
3658 4105 3761 4156 Λόο

2167 4227 2263 4280 γου
2279 4205 2375 4261 τοῦ
2394 4200 2789 4275 ἐκφαντορικοῦ
2820 4199 3159 4269 Πνεύματος.
3202 4217 3222 4251 ι
3260 4195 3391 4251 Εἶτα
3414 4198 3527 4260 τοῖς
3554 4196 3762 4265 δόγμα-

2170 4318 2254 4354 σιν
2286 4302 2314 4353 ό
2340 4297 2506 4361 πολὺς
2549 4295 2887 4365 Ἐπιφάνιος,
2922 4294 2988 4345 ἐκ
3018 4288 3122 4361 τῆς
3143 4290 3314 4361 αὐτῆς
3335 4291 3523 4353 οὐσίας
3548 4290 3761 4360 Harpe;

2169 4394 2263 4447 καὶ
2291 4390 2423 4445 Υἰοῦ
2462 4391 2522 4443 τὸ
2556 4387 2781 4457 Πνεῦμα
2811 4387 3103 4450 διδάσκων,
3128 4385 3225 4439 καὶ
3256 4386 3609 4453 κατασκευὴν
3642 4384 3765 4437 τού⁸

2167 4496 2263 4532 του
2301 4477 2485 4547 φωνὰς
2508 4475 2872 4544 εὐαγγελικὰς
2901 4473 3172 4544 ἑκατέρας
3201 4471 3370 4536 τιθείς
3400 4489 3416 4504 θ
3455 4495 3475 4527 ι
3512 4476 3581 4528 '0
3610 4478 3762 4546 παρὰ
3792 4460 3795 4461 ν

471 4586 729 4628 asserens
753 4589 765 4626 :
791 4588 811 4621 ‹
844 4568 996 4635 Quia
1014 4548 1178 4620 Patre
1203 4561 1490 4634 procedit?
1513 4582 1532 4614 ι
1557 4569 1613 4616 et
1637 4578 1650 4615 :
1681 4559 1787 4614 «Ex
1817 4574 1941 4614 meo
1966 4571 2057 4612 ac-

2166 4571 2262 4625 τοῦ
2331 4569 2544 4640 [ἰατρὸς
2608 4566 2988 4638 ἐκπορεύεται,
3036 4584 3056 4618 ›
3093 4567 3211 4635 καὶ,
3238 4548 3244 4552 ’
3271 4582 3290 4617 ι
3336 4566 3433 4618 Ἐκ
3480 4566 3577 4620 τοῦ
3626 4568 3759 4637 ἐμοῦ

458 4667 655 4735 cipiet,
685 4683 704 4714 ι
730 4664 801 4717 in
827 4661 1078 4716 eamdem
1116 4672 1222 4712 nec
1247 4657 1594 4712 differentem
1622 4653 1972 4714 sententiam,
2009 4661 2063 4706 et

464 4760 713 4828 reliquus
747 4756 1209 4821 diviniloquorum
1238 4761 1437 4812 cretus,
1468 4749 1563 4818 qui
1591 4762 1699 4801 una
1735 4761 1859 4800 cum
1880 4758 1946 4800 eo
1972 4742 2062 4798 di-

471 4851 723 4903 vinarum
742 4843 1511 4915 Scripturarumauctoritate,
1534 4860 1552 4892 ι
1567 4855 1631 4895 ex
1648 4838 1884 4894 essentia
1906 4837 2062 4890 illum

462 4944 647 4999 Patris
686 4952 743 4996 et
786 4938 933 5004 Filii,
969 4958 987 4991 ι
1035 4937 1230 4992 effusis
1272 4935 1619 4991 sermonibus
1665 4931 2063 5001 depraedicant,

464 5051 526 5091 et
556 5042 828 5107 quotquot
864 5051 883 5083 ι
914 5028 1237 5093 ellunditur,
1280 5046 1297 5078 ι
1337 5036 1393 5081 et
1425 5043 1442 5078 ι
1477 5024 1825 5096 progreditur
1864 5038 1929 5076 ex
1966 5019 2067 5074 Pa.

468 5142 557 5185 tre
586 5140 642 5183 et
673 5126 814 5183 Filio
844 5145 863 5179 ι
900 5124 1210 5187 enuntiarit,
1248 5122 1290 5177 si
1325 5120 1488 5175 modo
1543 5134 1668 5173 cum
1719 5116 2066 5172 divinissimo

468 5223 676 5293 Cyrillo
695 5219 1053 5282 conveniunt,
1075 5213 1268 5271 necilli
1299 5212 1686 5274 adversantur,
1704 5209 1989 5271 clamanti,
2009 5208 2066 5258 in

470 5311 770 5385 evangeliis
806 5313 1154 5366 Servatorem
1187 5307 1256 5362 de
1278 5304 1486 5375 Spiritu
1515 5301 1740 5367 dixisse,
1772 5320 1790 5354 ι
1829 5301 2069 5355 effundi-

473 5415 580 5465 tur,
623 5422 641 5455 ι
686 5410 743 5456 et
781 5419 800 5454 ι
840 5399 1210 5472 progreditur,
1266 5413 1285 5447 ι
1332 5408 1399 5448 eo
1436 5392 1493 5447 in
1531 5392 1650 5445 loco
1681 5391 1773 5445 ubi
1812 5407 1830 5440 ι
1873 5404 2068 5458 proce-

471 5497 573 5560 dit,
618 5514 635 5546 »
676 5493 1071 5566 pronuntiavit,
1094 5504 1218 5546 cum
1246 5488 1441 5541 harum
1472 5485 1634 5539 trium
1670 5498 1863 5537 vocum
1896 5496 2066 5534 unum

468 5590 835 5656 eamdemque
865 5585 1256 5657 significatum,
1291 5590 1347 5635 et
1387 5579 1539 5632 nullo
1574 5577 1737 5631 modo
1766 5576 2067 5636 diversum,

470 5679 680 5747 optime
713 5677 958 5731 calleret.
988 5677 1051 5729 Et
1098 5684 1359 5745 przeterea
1386 5672 1480 5740 qui
1509 5667 1812 5724 clarissime
1854 5666 2065 5729 statuit,

420 5834 425 5835 ί
478 5788 499 5818 ι
533 5770 719 5838 Neque
744 5770 891 5823 enim
914 5768 1075 5824 alicui
1105 5769 1172 5823 de
1211 5766 1525 5820 nominibus
1550 5763 1703 5819 litem
1730 5759 2068 5816 movebimus

472 5862 651 5916 donec
703 5863 919 5933 syllabae
970 5863 1222 5918 eamdem
1256 5861 1587 5918 sententiam
1643 5859 1993 5931 exprimant;
2039 5877 2057 5909 ι

2166 4662 2419 4735 λήψεται,
2453 4680 2472 4712 ι
2516 4661 2597 4723 εἰς
2634 4659 2931 4728 ἀδιάφορον
2987 4658 3227 4721 διανοίας
3273 4659 3607 4729 ταυτότητα,
3669 4660 3759 4713 καί

2165 4755 2348 4817 λοιπὸς
2376 4753 2564 4824 ὅμιλος
2600 4752 2901 4823 θεηγόρων,
2949 4751 3067 4804 ὅσοι
3124 4751 3243 4820 μετ’
3288 4751 3456 4804 αὐτοῦ
3512 4750 3762 4821 Γραφαῖς

2167 4847 2374 4908 ἐνθέοις
2404 4864 2423 4897 ‹
2462 4847 2527 4899 ἐκ
2555 4847 2655 4915 τῆς
2685 4844 2871 4907 οὐσίας
2906 4844 3040 4896 αὐτὸ
3070 4843 3283 4914 ιιατρὺς
3308 4847 3403 4897 καὶ
3435 4844 3567 4897 Υίοῦ
3611 4864 3629 4896 ι
3666 4861 3761 4897 πεο

2167 4936 2565 5008 πλᾶτυσμένως
2589 4937 3047 5007 ἀνακηρύττουσι,
3072 4938 3167 4989 καὶ
3193 4936 3309 4988 ὅσοι
3334 4954 3357 4988 ‹
3402 4940 3712 5007 προχεῖται,
3735 4954 3755 4987 ι

2169 5030 2265 5083 καὶ
2315 5049 2334 5078 ο
2362 5029 2610 5099 πρόεισιν
2643 5029 2707 5079 ἐκ
2736 5027 2951 5097 Πατρὸς
2978 5028 3072 5079 καὶ
3098 5025 3227 5079 Υἱοῦ
3264 5046 3283 5077 ι
3314 5026 3756 5096 δογματίζουσιν,

2167 5120 2284 5189 εἴγε
2324 5119 2606 5188 σύμφωνοι
2643 5118 2721 5188 τῷ
2747 5118 3008 5187 θειοτάτῳ
3054 5117 3310 5188 Κυρίλλῳ
3356 5122 3451 5171 καί
3489 5120 3565 5189 μὴ
3614 5120 3759 5172 ἀντί-

2167 5212 2331 5278 δοξοι,
2375 5212 2434 5263 ἐν
2464 5209 2819 5278 Εὑαγγελίοις
2850 5211 2999 5279 ἐρεῖν
3032 5210 3161 5278 περὶ
3188 5208 3284 5260 τοῦ
3318 5207 3634 5278 ΙΙνεύματος
3670 5208 3757 5260 τὸν

2170 5302 2391 5371 Πατέρα
2417 5301 2631 5372 βοῶντι,
2655 5319 2673 5351 ι
2692 5304 2999 5373 προχεῖται»
3029 5303 3123 5354 καί¹
3152 5318 3172 5351 ι
3188 5303 3488 5372 πρόεισιν,ι
3513 5303 3756 5372 ὅπουπερ

2168 5395 2372 5464 ἔφησεν
2414 5411 2436 5445 ι
2481 5392 2870 5462 ἐκπορεύεται,
2916 5411 2935 5444 ι
2963 5393 3071 5447 τῶν
3114 5394 3285 5465 τριῶν
3316 5395 3419 5447 ὅσα
3448 5395 3615 5450 τῶνδε
3643 5412 3758 5465 φω-

2166 5488 2273 5539 νῶν
2311 5488 2372 5539 τὸ
2395 5487 2589 5539 ταυτὸν
2619 5486 2782 5540 εἰδότι
2817 5488 2906 5540 καί
2933 5489 3008 5558 μὴ
3035 5486 3317 5559 διάφορον.
3386 5492 3492 5543 Σὺν
3545 5494 3759 5553 τούτοις

2168 5580 2263 5629 καὶ
2287 5578 2498 5649 τρανῶς
2530 5579 2558 5631 ό
2581 5581 3040 5651 ἀποφαινόμενος,
3085 5603 3105 5633 ι
3141 5582 3276 5635 Ούδέ
3315 5582 3426 5655 γὰρ
3473 5588 3600 5654 περὶ
3653 5586 3758 5636 τῶν

2167 5674 2451 5742 ὀνομάτων
2472 5674 2958 5743 ζυγομαχήσομεν,
2985 5676 3093 5738 ἕως
3125 5675 3192 5729 ἂν
3223 5676 3303 5739 εἰς
3335 5675 3435 5746 τὴν
3470 5678 3642 5747 αὐτὴν
3670 5678 3755 5729 ἐν·

2168 5781 2316 5817 νοιαν
2349 5767 2405 5819 αἱ
2445 5765 2706 5820 συλλαϐαὶ
2747 5767 3007 5837 φέρωσιν.
3044 5787 3065 5821 ι
3134 5769 3412 5832 Ὡσαύτως
3464 5773 3493 5823 ό
3536 5780 3760 5839 φάσκων

2168 5859 2539 5927 διαπρυσίως·
2568 5850 2577 5859 ’
2607 5879 2626 5912 ι
2669 5860 2742 5915 Τὸ
2771 5860 2997 5933 Πνεῦμα
3036 5862 3096 5915 τὸ
3150 5862 3308 5930 ἅγιον
3365 5863 3556 5937 ὥσπερ
3599 5864 3755 5933 φύσει

3718 6224 3783 6263 δην,
3830 6226 3839 6241 "
3874 6240 3875 6243 ‘

3608 6272 3669 6283 η-ιν
3692 6260 3704 6290 ‘
3779 6263 3840 6282 πά
3880 6258 3892 6292 ‘

3623 6303 3638 6320 .'
3751 6305 3768 6312 η
3811 6297 3824 6320 ὲ
3875 6293 3882 6298 ι
3919 6299 3926 6308 κ

3608 6380 3678 6398 1.-
3707 6379 3714 6384 .
