4072 6404
432 408 561 476 ῙἹΒῙ

1434 404 1734 466 CONTRA
1778 403 2210 465 MANUELEM
2254 399 2734 460 CRETENSEM.

3571 394 3709 456 1'82

424 527 519 577 ιαι
552 518 671 575 κατ’
694 519 879 572 οὐσίαν
907 517 1023 573 ἐστὶ
1044 519 1135 571 τοῦ
1163 515 1299 573 Θεοῦ
1348 516 1442 569 καὶ
1467 517 1697 586 [ἰατρὸς.
1753 513 1896 568 οὕτω
1926 514 2010 567 καὶ

2127 525 2227 563 nec
2256 509 2363 562 alio
2403 508 2585 568 modo,
2611 507 2705 576 qui
2744 508 2921 576 palam
2944 516 3239 577 aperteque
3263 504 3447 565 tradit,
3490 525 3507 558 ι
3533 507 3711 575 Spiri—

424 611 516 666 τοῦ
553 609 684 664 Υἱοῦ
719 610 836 663 κατ’
870 611 1056 662 οὐσίαν
1086 610 1255 673 ἐστὶν,
1281 607 1355 669 ὡς
1398 609 1461 661 ὲκ
1520 606 1618 661 τοῦ
1672 607 1884 676 Πατρὶς
1941 605 2009 658 δι’

429 702 557 758 Υἱοῦ
582 703 940 771 γεννηθέντος
971 701 1268 771 ἀφράστως
1324 699 1779 768 ἐκπορευόμενον.
1815 717 1832 750 ι
1906 698 2009 749 Kai

424 799 522 849 σῦν
554 795 702 866 αὐτῷ
735 795 899 849 πάλιν
924 796 985 848 τδ
1016 794 1200 847 λοιπὸν
1227 792 1482 863 σύστημα.
1506 794 1613 845 τῶν
1641 792 2012 862 θεοφορήτων,

422 891 536 942 ὅσοι
580 890 750 957 μηδὲν
775 886 1050 958 διαφέρεθν
1076 887 1134 938 τὸ
1166 904 1184 938 ι
1223 884 1283 949 ἐξ
1311 885 1439 939 Υἰοῦ
1483 904 1498 937 ι
1547 884 1624 953 τῷ
1674 902 1693 936 r
1725 885 1791 937 δι’
1827 884 1956 936 Υἰοῦ
1992 903 2009 934 ι

422 981 449 1034 ὃ
476 980 775 1050 διαρρήδην
805 979 1139 1047 θεολογοῦσι,
1201 979 1297 1033 καὶ
1330 978 1390 1029 τὸ
1445 977 1854 1046 ταυτοδύναμον
1920 976 2016 1044 τῆς

425 1076 493 1125 ἐκ
516 1077 610 1126 καὶ
634 1073 731 1126 διὰ
761 1073 1046 1145 διηυκρινη
1059 1073 1233 1141 μὲνως
1256 1071 1635 1140 παραδιδόασι.
1680 1068 1792 1123 Καὶ
1821 1067 2017 1137 Κύριλ·

425 1163 514 1226 λος
545 1162 700 1226 αὖθις
730 1165 759 1216 6
796 1164 940 1226 θεῖος
967 1162 1110 1215 οὕτω
1131 1162 1408 1228 διασαφῶν
1430 1162 1488 1214 ὲν
1528 1163 1642 1221 τοῖς
1682 1159 1819 1229 πρὸς
1873 1159 2016 1211 Παλ-

420 1257 603 1311 λάδιον
635 1273 651 1290 ο
692 1276 710 1308 ι
754 1257 999 1327 Τρεπτδν
1023 1255 1082 1307 οῦ
1108 1256 1189 1307 τοί
1224 1273 1336 1306 που
1378 1254 1436 1307 τὸ
1472 1253 1699 1321 Πνεῦμα
1744 1255 1913 1316 ἐστιν,
1982 1253 2013 1321 ἢ

344 1400 347 1405 ,
423 1349 583 1422 ετπερ
633 1350 694 1401 τὸ
742 1348 1043 1416 τρέπεσθαι
1101 1349 1269 1405 νοσεῖ,
1317 1347 1406 1398 ἐπ’
1450 1344 1885 1415 αὐτὴνὸμῶμος
1917 1346 2017 1410 τὴν

336 1431 345 1434 ⁴
422 1440 571 1495 θείαν
593 1440 993 1510 ἀναδραμεῖται
1021 1440 1210 1507 φύσιν.
1246 1437 1421 1508 Εἴπερ
1462 1438 1579 1490 ἐστὶ
1604 1436 1695 1488 τοῦ
1732 1435 1870 1487 Θεοῦ
1922 1436 2016 1489 καὶ

425 1534 660 1602 Πατρδς,
685 1536 779 1586 καὶ
818 1533 924 1602 μὴν
950 1535 1046 1586 καὶ
1068 1533 1160 1584 τοῦ
1196 1532 1345 1593 Υἰοῦ,
1376 1533 1437 1584 τὸ
1490 1531 1744 1592 οὐσιῶδες
1790 1530 1849 1593 ἐξ
1910 1531 2015 1596 ἁμο

424 1630 565 1693 φοῖν,
602 1626 772 1697 ἡγουν
803 1629 864 1678 ὲκ
894 1625 1107 1693 Harpe;
1138 1625 1202 1678 δι’
1241 1624 1369 1676 Υἰοῦ
1414 1624 1781 1694 προχεόμενον
1842 1621 2012 1675 Πνεῦ-

428 1734 525 1786 μα.
568 1734 587 1767 ι
633 1716 690 1769 '0
714 1718 843 1782 γοῦν
874 1716 1049 1770 ταῦτα
1104 1716 1373 1786 στέργων,
1430 1714 1725 1769 κάντεῦθεν
1768 1717 1881 1776 τοῖς
1931 1714 2016 1766 λέ-

423 1824 582 1876 γουσι
618 1809 756 1877 μετὰ
791 1807 926 1861 Θεοῦ
970 1808 1200 1877 ποιητὰς
1236 1806 1344 1859 τῶν
1371 1806 1674 1874 ἀνθρώπων
1721 1803 1858 1856 εἶναι
1889 1805 2016 1869 τοὺς

2120 610 2207 655 tus
2237 609 2458 653 sanctus
2494 600 2567 652 uti
2615 607 2811 652 natura
2844 598 3143 653 secundum
3177 599 3471 654 essentiam
3496 613 3579 653 εει
3610 600 3705 653 Dei

2117 702 2171 745 et
2205 693 2402 755 Patris,
2443 692 2515 745 ita
2551 701 2605 745 et
2636 691 2754 749 F.lii
2790 694 3096 745 secundum
3128 692 3423 746 essentiam
3454 701 3558 754 est,
3585 702 3705 746 tan-

2118 798 2278 851 quam
2318 783 2411 852 qui
2435 798 2497 835 ex
2527 783 2684 838 Putre
2713 799 2808 850 per
2840 782 3037 836 Filium
3083 782 3324 851 genitum
3359 782 3706 836 inetl‘ahiliter

2118 876 2382 949 procedit.
2426 896 2444 927 ι
2483 875 2804 943 Rursusque
2826 892 2949 929 cum
2983 879 3085 930 hoc
3115 877 3306 930 eodem
3334 876 3581 945 reliquus
3624 876 3711 930 di.

2120 970 2368 1024 vinorum
2420 970 2642 1023 Patrum
2697 981 2899 1034 canus,
2946 980 3213 1039 quotquot
3241 970 3378 1023 nihil
3442 970 3585 1023 inter
3652 982 3710 1022 se

2119 1060 2446 1117 diilerreillr
2488 1080 2506 1112 ι
2553 1076 2619 1115 ex
2659 1059 2819 1125 Filio,
2857 1081 2875 1113 ι
2909 1072 2964 1117 et
3002 1082 3019 1112 ι
3061 1077 3161 1132 per
3189 1063 3387 1116 Filium
3423 1082 3440 1117 ι
3481 1063 3705 1126 dor-ent,
3776 1088 3777 1091 η

2116 1164 2173 1208 et
2198 1154 2476 1223 pra-positi
2502 1169 2649 1206 unum
2688 1170 2751 1207 ea:
2789 1164 2843 1208 et
2879 1172 2971 1223 per
3013 1157 3250 1224 :equales
3279 1157 3422 1208 vires
3464 1155 3597 1213 satis
3628 1155 3713 1209 di-

2119 1245 2317 1298 stincte
2365 1245 2605 1297 tradunt.
2648 1245 2870 1299 Necnon
2916 1246 3139 1300 divinus
3206 1263 3396 1301 rursus
3447 1247 3685 1316 Cyrillus

2118 1340 2208 1409 qui
2236 1339 2292 1392 in
2316 1339 2534 1408 scriptis
2561 1340 2624 1393 ad
2654 1340 2955 1394 Palladium
2980 1357 3092 1394 rem
3119 1344 3191 1394 ita
3217 1341 3470 1410 explanat
3497 1358 3510 1393 :
3550 1359 3566 1389 ι
3596 1339 3714 1391 Mn-

2121 1431 2303 1485 tahilis
2354 1432 2506 1486 nullo
2551 1433 2712 1488 modo
2744 1433 2982 1503 Spiritus
3020 1446 3144 1501 est;
3180 1435 3374 1503 quodsi
3416 1432 3711 1487 mutationi

2120 1524 2393 1578 obnoxius
2451 1534 2554 1587 est,
2612 1527 2675 1579 ad
2725 1526 2898 1596 ipsam
2959 1526 3202 1581 divinam
3262 1536 3512 1581 naturam
3569 1525 3715 1579 ritu-

2120 1616 2330 1686 peratin
2389 1626 2654 1672 recurret.
2717 1618 2773 1671 Si
2844 1627 2928 1673 est
2972 1618 3066 1671 Dei
3122 1628 3179 1672 et
3223 1616 3401 1672 Patris
3424 1627 3480 1672 et
3513 1626 3711 1687 praete-

2118 1723 2212 1761 rea
2236 1706 2376 1769 Filii,
2413 1709 2716 1763 essentialis
2739 1725 2802 1764 ex
2837 1720 3069 1780 utroque
3102 1726 3168 1765 ex
3194 1712 3352 1765 Patre
3380 1725 3582 1779 nempe
3612 1724 3716 1778 per

2119 1800 2318 1854 Filium
2343 1801 2549 1855 effusus
2580 1802 2840 1870 Spiritus.
2874 1823 2891 1854 ι
2925 1803 3027 1868 Qui
3069 1804 3252 1873 itaque
3283 1804 3397 1857 lunt:
3419 1801 3709 1871 amplecti-

423 1899 689 1966 ἀγγέλους
720 1897 1160 1968 ἐξομοιούμενος,
1218 1897 1330 1960 πῶς
1367 1898 1463 1966 οὐχ
1511 1897 1799 1965 αἱρήσεται
1854 1912 2010 1946 συνυ-

2124 1903 2209 1947 tur
2240 1894 2476 1963 indeque
2514 1897 2888 1951 asserentibus
2928 1913 3054 1950 cum
3082 1897 3193 1951 Deo
3229 1905 3506 1950 creatorcs
3537 1896 3701 1949 liumt-

424 1989 708 2058 ὁρίζεσθαι
741 1992 853 2052 τοίς
885 1990 1103 2059 καθαρὰ
1133 1988 1312 2056 δοχεία
1359 1987 1452 2039 τοῦ
1509 1985 1826 2054 Πνεύματος
1876 1984 2014 2036 εἶναι

424 2080 609 2133 θεόθεν
634 2080 1019 2148 ἁποφανθεῖσι,
1045 2083 1139 2132 καὶ
1171 2080 1330 2132 τοῦτο
1370 2079 1638 2141 σύνοικον,
1675 2078 1771 2130 καὶ
1811 2076 1878 2128 δι’
1914 2076 2016 2129 αῦ-

419 2173 529 2225 τῶν
592 2174 965 2244 φθεγγόμενον
1019 2175 1275 2243 ἔχουσιν;
1349 2172 1489 2227 Ἀλλ’
1517 2173 1766 2242 εὐμενεῖς
1802 2167 1913 2225 εἷεν
1967 2171 2017 2224 οι

422 2265 749 2334 θεομίμητοι
777 2283 790 2298 ·
814 2268 874 2319 οὐ
911 2266 1021 2336 γὰρ
1049 2265 1142 2332 ἀφ’
1165 2267 1346 2337 ἡμῶν.

2124 2000 2254 2038 num
2284 1987 2502 2055 angelos
2524 2001 2646 2040 esse
2678 1999 2978 2055 comparat,
3004 2004 3109 2058 qua
3147 1989 3362 2043 ratione
3399 2004 3510 2042 non
3545 1987 3716 2056 eliget

2126 2078 2287 2131 simul
2325 2094 2433 2133 una
2462 2095 2587 2133 cum
2624 2079 2689 2134 iis
2717 2081 2810 2150 qui
2852 2097 2986 2151 pura
3030 2081 3268 2148 Spiritus
3301 2080 3645 2150 receptacula
3679 2096 3708 2132 ιι

2130 2168 2242 2224 Deo
2265 2170 2529 2225 declarati
2565 2182 2716 2237 sunt,
2763 2182 2818 2227 et
2848 2173 3000 2225 illum
3049 2173 3150 2227 sibi
3194 2173 3623 2239 cohabitantem,
3657 2184 3715 2225 et

2113 2278 2215 2334 per
2236 2265 2448 2333 seipsos
2486 2265 2634 2320 illum
2663 2267 3081 2322 denuntiantem
3110 2266 3414 2335 possident,
3447 2265 3714 2335 iniuriam

423 2364 688 2435 perpeti?
737 2362 842 2416 Sed
887 2362 1109 2432 propitii
1167 2364 1325 2417 nobis
1372 2362 1483 2418 sint
1534 2362 1626 2415 Dei
1680 2361 2049 2427 imitatores;
2094 2362 2449 2432 nequeenim
2486 2362 2698 2416 anobis
2730 2362 2930 2417 similia
2971 2354 3357 2432 proteruntur.

494 2452 601 2521 κγ’.
639 2453 785 2523 Πλὴν
808 2455 835 2505 6
866 2455 963 2520 τὰς
1014 2455 1302 2524 ὁμοιώσεις
1332 2453 1474 2509 οὕτω
1517 2454 1999 2525 καλλιγραφήσας,

423 2549 519 2600 καὶ
544 2545 614 2599 τὰ
651 2547 747 2616 τῆς
779 2547 1009 2609 κτίσεως
1038 2544 1181 2598 οὕτω
1203 2546 1471 2615 παραθεὶς
1500 2547 1620 2616 μετ’
1655 2547 1827 2615 αὐτῆς
1873 2566 1891 2599 ι
1930 2548 2005 2599 εῖ-

423 2654 530 2706 περ
560 2637 782 2705 ἅγγελοὶ
804 2654 864 2690 τε
889 2639 983 2690 καὶ
1014 2637 1315 2707 ἄνθρωποι,
1351 2656 1370 2689 ι
1409 2637 1504 2691 καὶ
1526 2638 1693 2707 μόνῳ
1720 2639 1800 2707 τῷ
1829 2638 2006 2708 Πατρὶ

420 2729 786 2800 προϐλητικὸν
808 2729 1073 2800 ἀφορίσας
1098 2730 1310 2783 οἴκοθεν
1333 2731 1413 2793 ei;
1440 2730 1656 2800 ἰδίωμα,
1679 2732 1732 2782 τι
1758 2730 2006 2801 περὶτῆς

420 2822 653 2883 κτίσεως
683 2822 799 2891 ἐρεῖ
828 2822 964 2892 πρὸς
1001 2821 1037 2877 ἃ
1077 2840 1243 2894 φησιν
1277 2825 1304 2876 6
1354 2823 1691 2895 μεγαλόνους
1722 2822 2006 2886 Βασίλειος

420 2917 478 2967 ὲν
505 2918 619 2977 τοῖς
642 2916 778 2985 πρὸς
803 2916 1157 2986 Ἀμφιλόχιον
1187 2916 1331 2970 οὕτω
1353 2915 1564 2981 διεξιών
1589 2933 1605 2949 ο
1627 2935 1645 2968 ι
1678 2918 1782 2969 Καὶ
1819 2916 2012 2986 μηδεὶς

419 3005 618 3065 οἰέσθω
649 3023 717 3075 με
747 3009 899 3075 τρεῖς
930 3004 1075 3061 εἶναι
1103 3007 1289 3075 λέγειν
1315 3010 1551 3079 ἀρχικὰς
1588 3008 1939 3072 ὑποστάσεις,
1976 3007 2008 3076 ἢ

419 3100 587 3167 ἀτελῆ
622 3100 852 3167 φάσκειν
882 3100 978 3153 τοῦ
1021 3100 1150 3154 Υἱοῦ
1200 3102 1298 3170 τὴν
1329 3101 1635 3170 ἐνέργειαν.
1694 3100 1864 3171 Ἀρχὴ
1900 3101 2010 3170 γὰρ

2186 2451 2257 2504 *25
2288 2451 2658 2509 Nihilominus
2690 2457 2782 2524 qui
2828 2455 3217 2509 similitudines
3261 2455 3534 2511 concinne
3562 2459 3699 2512 scri-

2111 2556 2205 2618 pto
2241 2547 2424 2607 tradit,
2454 2556 2508 2602 et
2538 2564 2623 2603 res
2653 2548 2948 2603 creationis
2978 2549 3049 2603 ita
3074 2552 3321 2620 exponit,
3363 2573 3381 2604 ‹
3422 2548 3480 2609 Si
3531 2558 3718 2626 angeli

2109 2655 2329 2710 quoque
2364 2648 2419 2692 et
2448 2640 2754 2705 homines,»
2796 2651 2849 2697 et
2881 2641 2981 2694 soli
3023 2643 3171 2697 l‘atri
3223 2644 3538 2702 facultatem
3573 2666 3706 2719 pro—

2113 2731 2390 2786 ductivnn
2421 2732 2473 2786 in
2510 2733 2903 2800 proprietatem
2936 2748 3001 2786 ex
3033 2733 3272 2803 propriis
3318 2746 3537 2801 astruzt,
3570 2740 3702 2808 quid

2114 2823 2183 2877 de
2214 2823 2494 2877 creatione
2523 2820 2688 2887 dicet,
2714 2824 2778 2878 ad
2811 2840 2873 2878 ea
2900 2840 3020 2894 quae
3046 2837 3190 2882 recte
3221 2843 3453 2898 magnus
3479 2845 3714 2901 magna~

2116 2931 2224 2985 que
2257 2925 2440 2969 mente
2476 2918 2737 2985 praeditus
2790 2917 3019 2974 Basilius
3053 2921 3123 2974 ad
3164 2922 3606 2989 Amphilochium
3640 2926 3714 2980 ita

2116 3022 2383 3063 enarrans
2428 3008 2658 3063 scribit?
2694 3028 2711 3061 ι
2751 3009 2819 3063 Ει
2851 3026 3015 3067 nemo
3062 3014 3320 3083 opinetur
3353 3032 3439 3070 me
3477 3032 3585 3071 tres
3622 3033 3710 3072 as—

2113 3116 2300 3155 serere
2362 3103 2697 3173 principales
2777 3105 3121 3175 hypostases,
3187 3108 3266 3162 vel
3327 3107 3713 3178 imperfecram

419 3194 528 3249 τῶν
557 3195 730 3248 ὄντων
755 3194 875 3264 μία.
901 3193 988 3247 διὰ
1010 3192 1141 3245 Υἰὸῦ
1171 3191 1498 3262 ὲνεργοῦσα,
1527 3194 1620 3244 καὶ
1640 3192 1924 3245 τελειοῦσα
1953 3197 2010 3246 ἐν

2115 3192 2386 3248 atlirmare
2410 3192 2534 3247 Filii
2563 3196 2966 3263 operationem:
2997 3199 3325 3268 principium
3349 3201 3497 3255 enim
3524 3217 3716 3256 rerum

422 3286 721 3354 Πνεύματι·
748 3304 767 3339 ι
825 3285 921 3338 καὶ
948 3285 1112 3339 πάλιν
1146 3286 1204 3336 ὲν
1234 3284 1314 3355 τῷ
1341 3283 1770 3354 ὑπαγορευοέντι
1801 3285 1893 3336 ὑπ’
1917 3286 2014 3337 αύο

417 3378 516 3430 τοῦ
568 3377 891 3446 ἀντιγράφω
929 3376 1029 3446 τῆς
1063 3375 1338 3439 πίστεως·
1402 3393 1420 3426 ι
1458 3376 1594 3428 Ἕνα
1643 3375 1754 3446 γὰρ
1788 3376 2011 3444 οἴδαμεν

419 3471 716 3539 ἀγέννητον
755 3470 849 3521 καὶ
890 3469 1022 3537 μίαν
1071 3467 1181 3520 τῶν
1218 3467 1391 3520 ὄντων
1437 3469 1617 3539 ἀρχὴν
1666 3469 1757 3521 τὸν
1794 3469 2013 3540 Πατέρα

422 3563 515 3615 τοῦ
575 3563 785 3632 Κυρίου
838 3562 998 3630 ἡμῶν
1047 3562 1222 3630 Ἰησοῦ
1277 3560 1540 3630 Χριστοῦ,
1575 3581 1594 3611 ι
1650 3562 1905 3631 ἀθετήσει
1943 3561 2012 3616 δι’

425 3654 559 3707 Υἱοῦ
609 3653 964 3723 δημιουργεῖν
1008 3653 1099 3706 τὸν
1154 3654 1395 3722 Πατέρα.
1453 3654 1547 3706 καὶ
1593 3652 1653 3718 ἐξ
1685 3653 1850 3708 αὑτοῦ
1889 3672 1906 3704 ι
1945 3654 2011 3708 δι’

423 3748 552 3806 Υἰοῦ
570 3749 634 3800 τὰ
666 3749 840 3802 πάντα
868 3747 1153 3814 γενέσθαι»
1184 3749 1324 3800 κατᾶ
1346 3747 1442 3816 τὴν
1468 3747 1832 3817 εὐαγγελικὴν
1855 3747 2013 3816 βρον-

416 3842 659 3910 τόφωνον
693 3837 1066 3915 ἀνακήρυξινς
1101 3840 1292 3908 ἐπειδὴ
1327 3837 1402 3908 μὴ
1430 3841 1576 3907 τρεῖς
1610 3839 1849 3909 ἀρχικὰς
1874 3839 2011 3890 ὑπο-

419 3937 666 3996 στάσεις.
685 3929 825 3985 εἶναι
887 3930 1149 3989 διδάσκει.
1181 3920 1318 3985 ἀλλὰ
1344 3932 1436 3984 τὸν
1476 3932 1696 3999 Πατέρα
1751 3932 1878 3999 μίαν
1900 3932 2010 3984 τῶν

415 4027 585 4079 ὅντων
610 4027 783 4095 ἀρχὴν
804 4039 817 4053 ⁸
851 4023 884 4094 ἢ
910 4027 1022 4085 τοῖς
1060 4023 1300 4094 ἑκάτερα
1338 4025 1652 4096 φρονοῦσιν,
1685 4024 1759 4086 ὡς
1791 4025 2008 4094 εἴρηται

416 4119 494 4189 τῷ
520 4114 767 4187 μεγάλῳ,
794 4117 1083 4187 ποιητικὰς
1106 4116 1375 4186 προσάψει
1396 4116 1800 4188 παρομοιώσεις
1828 4117 2009 4184 λέγειν

424 4210 742 4278 ἀγγελικάς.
766 4209 905 4262 Ἀλλ’
937 4202 1116 4274 οὗτος,
1145 4210 1179 4278 ἡ
1214 4209 1531 4278 φερώνυμος
1553 4210 1723 4272 ὅντως
1757 4208 1866 4263 τῶν
1887 4208 2011 4275 δογ-

424 4305 610 4375 μάτων
632 4300 729 4370 τῆς
757 4300 1199 4373 ἀληθεία;,βάσις
1225 4301 1322 4372 τὴν
1342 4301 1626 4354 κακόνοιαν
1648 4302 1756 4355 τῶν
1784 4301 2010 4355 τοιαῦτα

420 4391 873 4462 προσεπιτρίϐειν
915 4390 1167 4445 ἐντεῦθεν
1203 4394 1660 4462 προαιρουμένων
1693 4394 2010 4464 ἀπορῤαπί-

418 4485 546 4549 ζων,
588 4483 797 4536 καὶτὸν
823 4482 944 4536 καθ’
975 4484 1034 4536 ὃν
1063 4485 1303 4555 ἑκάτερα
1324 4485 1482 4553 λόγον
1514 4484 1859 4555 παραδιδοὺς,
1879 4485 2008 4555 περὶ

2124 3300 2293 3338 unum
2327 3296 2430 3345 est.
2463 3302 2560 3354 per
2582 3286 2778 3340 Filium
2813 3303 3070 3357 opernns.
3098 3301 3154 3344 et
3177 3291 3468 3359 perliciens
3499 3293 3552 3347 in
3581 3291 3721 3362 Spim

2125 3377 2252 3432 ritu.
2286 3398 2303 3429 ι
2363 3377 2686 3448 Βυτευειίυθ
2736 3380 2791 3433 in
2852 3382 3197 3452 Antigrapho
3249 3382 3373 3437 ﬁdei
3410 3383 3480 3437 ab
3516 3399 3578 3438 se
3621 3385 3709 3439 di"

2122 3478 2291 3535 ctato,
2332 3490 2350 3522 ι
2391 3472 2568 3527 [num
2602 3473 2745 3526 enim
2778 3474 3036 3528 novimus
3066 3476 3400 3543 ingenitum,
3433 3487 3491 3531 et
3536 3494 3709 3533 unum

2121 3576 2307 3614 rerum
2372 3563 2702 3633 principium
2740 3572 2743 3581 '
2782 3565 3000 3619 Patrem
3065 3567 3285 3622 Domini
3349 3569 3523 3622 nostri
3580 3569 3711 3627 Jesu

2116 3653 2379 3720 Christi,»
2418 3656 2732 3724 reprohabit
2765 3672 2862 3726 per
2892 3656 3091 3712 Filium
3124 3659 3339 3714 Patrem
3372 3662 3633 3729 condere,
3654 3674 3713 3719 et

2120 3759 2184 3799 ex
2218 3745 2337 3812 ipso
2359 3763 2377 3795 ι
2418 3761 2516 3815 per
2546 3747 2741 3800 Filium
2779 3748 3031 3803 universa
3062 3748 3207 3804 facta
3241 3751 3432 3811 fuisse.
3470 3768 3709 3809 isecun-

2119 3837 2250 3891 dum
2289 3838 2663 3909 evangelicam
2713 3839 2890 3894 instar
2941 3842 3165 3896 tonitrui
3220 3844 3713 3912 praedicationem?

2119 3934 2266 3999 quod
2302 3939 2413 3985 tres
2445 3930 2782 4000 principales
2814 3932 3136 4003 hypostases
3174 3950 3287 3990 non
3337 3952 3461 3994 esse
3489 3941 3710 4007 doceat,

2118 4030 2213 4081 sed
2248 4025 2464 4085 Patrem
2494 4044 2663 4081 unum
2697 4043 2878 4084 rerum
2903 4029 3152 4083 omnium
3186 4030 3546 4100 principium,
3570 4033 3710 4088 illis-

2116 4135 2189 4173 ne
2246 4122 2617 4192 quiutrisque
2666 4137 2952 4176 assensum
3005 4124 3271 4192 praebent,
3314 4135 3375 4179 ut
3420 4142 3452 4180 a
3511 4141 3712 4197 magno

2116 4213 2499 4278 enuntientur,
2535 4213 2927 4270 similitudines
2958 4216 3256 4270 creatriccs
3286 4217 3565 4284 angelieas
3611 4235 3711 4288 ap-

2118 4304 2307 4374 pinget
2364 4305 2565 4359 ellari?
2596 4305 2984 4361 Verumtamen
3038 4308 3128 4362 hic
3180 4309 3405 4364 nomine
3448 4325 3549 4365 suo
3580 4326 3711 4366 vere

2118 4398 2431 4468 dogmatum
2461 4399 2708 4454 veritatis
2734 4398 2908 4453 basim
2936 4401 3269 4469 exprimens,
3299 4402 3705 4472 improbitatem

2117 4505 2308 4547 eorum
2337 4492 2431 4559 qui
2462 4491 2658 4546 similia
2691 4491 2814 4545 .nde
2841 4492 2899 4545 in
2922 4492 3057 4547 alios
3083 4493 3402 4563 conjiciunt,
3435 4495 3704 4558 refutans,

426 4581 483 4632 .c‘z
508 4577 637 4646 τέλη
660 4576 755 4629 τοῦ
783 4575 1041 4646 δευτέρου
1072 4578 1178 4629 τῶν
1205 4580 1326 4630 κατ’
1350 4579 1614 4649 Εὑνομίου
1640 4579 1813 4647 λόγων
1843 4578 2008 4631 αὐτοῦ

2117 4593 2173 4637 et
2209 4584 2502 4644 rationem,
2530 4598 2635 4651 qua
2666 4592 2896 4653 utraque
2928 4584 3278 4654 intelligenda
3305 4596 3456 4651 sunt,
3482 4587 3710 4641 tradens

415 4671 673 4735 διέξεισιν
734 4669 956 4733 οὑτωσὶ,
997 4688 1016 4721 ι
1056 4669 1128 4722 Τὸ
1184 4673 1337 4741 παρὰ
1369 4671 1463 4724 τοῦ
1507 4672 1638 4725 Υἰοῦ
1674 4671 2005 4741 γεγενῆσθαι

415 4762 710 4832 λεγόμενον
774 4763 912 4833 πρὸς
967 4761 1066 4832 τὴν
1101 4762 1327 4833 πρώτην
1375 4765 1555 4818 αἰτίαν
1593 4766 1693 4834 τὴν
1722 4765 2004 4835 ἀναφορὰν

415 4855 550 4923 ἔχει.
584 4853 726 4906 ὥστε
754 4855 856 4908 κᾶν
887 4855 1068 4909 πάντα
1095 4856 1176 4917 εἰς
1205 4855 1266 4907 τὸ
1306 4852 1445 4908 εἶναι
1475 4858 1756 4928 παρῆχθαι
1790 4857 1878 4911 διὰ
1911 4856 2004 4910 τοῦ

417 4946 551 4998 Θεοῦ
584 4948 759 5013 Λόγου
797 4948 1152 5016 πιστεύομεν,
1188 4947 1325 5001 ἀλλὰ
1353 4948 1463 5000 τῶν
1497 4950 1717 5003 πάντωδ
1743 4951 1836 5003 τὸν
1868 4950 2004 5004 θεὸν

417 5038 589 5091 αἴτιον
635 5036 779 5091 εἶναι
835 5039 941 5091 τῶν
972 5040 1112 5092 ὅλων
1148 5040 1249 5091 οὐκ
1298 5039 1708 5111 ἀφαιρούμεθα.
1752 5060 1771 5092 ι
1813 5042 2007 5097 Καίτοι

418 5132 514 5185 καὶ
574 5133 636 5183 τὸ
691 5132 879 5200 μόνος
937 5135 986 5185 εἰ
1046 5131 1376 5201 λελεγμένον
1428 5134 1521 5187 ἐπὶ
1559 5132 1650 5188 τοῦ
1708 5134 2008 5205 προϐολεὺς

418 5222 686 5291 ὑπῆρχεν,
736 5222 842 5275 ἔδει
893 5222 961 5274 τὰ
1000 5227 1108 5275 τὼν
1153 5225 1410 5294 Πατέρων
1458 5225 1737 5291 ἐξετάσαι,
1772 5226 1870 5278 καὶ
1892 5227 2009 5278 ἀνι·

417 5315 660 5384 χνεῦσαι,
698 5313 792 5367 καὶ
838 5314 913 5378 ὡς
969 5316 1172 5387 ἐρρέθη
1222 5319 1501 5389 σκοπῆσαι
1556 5317 1652 5370 καὶ
1686 5316 1921 5370 συνιδεῖν
1949 5316 2009 5382 ἐξ

418 5409 617 5472 αὐτῶν,
677 5408 772 5462 καὶ
833 5409 908 5478 μὴ
957 5410 1400 5479 παρατιθέμενον
1461 5413 1552 5464 τὸν
1619 5410 2009 5481 διειλημμένον

416 5499 575 5567 λόγον
622 5498 717 5551 τοῦ
763 5501 1183 5570 οὐρανόφρονος,
1241 5500 1532 5570 πολεμίους
1576 5503 1711 5570 πρὶς
1742 5502 2007 5571 ἀλλήλους

418 5594 513 5643 καὶ
545 5593 680 5660 πρὸς
711 5591 940 5655 ἑαυτοὺς
983 5591 1258 5645 δεικνύναι
1311 5594 1438 5657 τοὺς
1493 5593 1792 5664 θεηγόρους
1837 5593 1911 5657 ὡς
1939 5596 2007 5648 τὰ

420 5684 568 5751 σφῶν
605 5683 894 5751 θεολογικὰ
941 5686 1138 5753 γνήσια
1194 5684 1300 5756 ἔπη
1334 5685 1423 5739 διὰ
1456 5685 1565 5739 τῶν
1618 5687 1901 5756 σφετέρων
1941 5688 2007 5739 ὲκ

419 5780 512 5830 τοῦ
546 5779 619 5849 μὴ
653 5779 886 5850 συνορᾷν
919 5780 1272 5848 ἀνατρέπειν,
1307 5781 1402 5833 καὶ
1437 5783 1567 5849 περὶ
1604 5780 1704 5849 τῆς
1740 5779 2013 5849 ἐκπορεύ-

424 5887 557 5935 σεως
609 5871 702 5924 τοῦ
748 5870 1065 5941 [Ινεύματος
1096 5871 1194 5943 τὴν
1250 5872 1352 5943 μὲν
1383 5872 1661 5943 ἀπόφασιν
1696 5871 1867 5942 αὐτῆς
1914 5873 2010 5927 ἐπὶ

2114 4675 2169 4730 in
2197 4675 2306 4731 ﬁne
2359 4675 2584 4731 secundi
2626 4676 2894 4730 adversus
2930 4678 3262 4731 Eunomium
3310 4679 3435 4733 libri
3468 4680 3617 4734 hunc
3646 4681 3703 4734 in

2112 4768 2330 4823 modum
2361 4769 2646 4827 edisserit:
2687 4787 2706 4818 ι
2742 4769 2895 4834 Quod
2932 4786 2961 4825 a
2997 4770 3131 4825 Filio
3161 4770 3364 4825 factum
3398 4788 3520 4827 esse
3551 4788 3702 4828 asse-

2114 4861 2276 4923 ritur,
2311 4860 2377 4913 ad
2407 4859 2638 4928 primam
2671 4873 2888 4912 causam
2913 4860 3077 4914 habet
3102 4860 3447 4927 relationem,
3478 4864 3615 4916 adeo
3645 4871 3705 4916 ut

2112 4951 2238 5006 licet
2300 4951 2560 5006 universa
2622 4952 2887 5021 producta
2917 4968 3047 5007 esse
3094 4970 3189 5023 per
3245 4953 3415 5008 Deum
3468 4955 3703 5010 Verbum

2112 5043 2425 5106 credamus,
2452 5046 2547 5097 sed
2578 5044 2824 5105 omnium
2854 5045 3023 5097 Deum
3058 5045 3439 5101 universorum
3473 5061 3701 5100 causam

2111 5152 2233 5190 esse
2265 5150 2376 5188 non
2420 5135 2784 5190 iltliciarnur.)
2824 5137 2891 5190 Et
2919 5137 3046 5191 licet
3070 5136 3139 5190 de
3177 5138 3509 5206 productore
3562 5137 3702 5192 illud

2109 5228 2251 5282 solus
2284 5226 2669 5293 allirmaretur,
2720 5237 2877 5283 erant
2910 5230 3131 5284 Patrum
3158 5230 3301 5285 dicta
3335 5230 3702 5284 examinanda

2058 5352 2065 5367 .
2112 5329 2279 5388 atque
2309 5320 2710 5391 investiganda,
2748 5330 2823 5387 et,
2863 5331 2921 5375 ut
2953 5321 3161 5377 dictum
3197 5330 3307 5384 est,
3346 5324 3705 5377 consideran-

2114 5411 2315 5479 dumet
2336 5428 2403 5465 ex
2425 5411 2531 5466 illis
2553 5414 2988 5483 percipiendum,
3005 5424 3057 5469 et
3077 5430 3186 5470 non
3212 5431 3313 5486 pro
3338 5415 3707 5471 nihilohahito

2114 5504 2354 5559 adducto
2384 5505 2603 5561 ctelesti
2626 5515 2807 5563 mente
2839 5507 3054 5575 praediti
3086 5509 3184 5562 viri
3218 5523 3478 5567 sermone
3506 5518 3711 5575 mutuo,

2114 5596 2258 5651 inter
2278 5611 2400 5653 sese
2419 5598 2521 5653 sibi
2546 5598 2828 5653 adversari
2852 5599 3221 5669 diviniloquos
3237 5600 3631 5665 ostendendos,
3648 5608 3706 5656 et

2114 5702 2307 5741 eorum
2352 5688 2659 5758 theol0gica
2720 5704 2786 5746 ac
2823 5692 3060 5760 genuina
3091 5691 3260 5752 dicta,
3310 5692 3433 5746 aliis
3460 5691 3578 5749 suis
3620 5691 3699 5745 ui-

2114 5778 2239 5841 ctis,
2264 5780 2409 5846 quod
2440 5793 2552 5833 rem
2585 5795 2695 5833 non
2728 5786 3059 5851 perciperet,
3087 5782 3423 5837 refellenda:
3456 5784 3536 5837 sic
3573 5784 3704 5836 item

2116 5872 2182 5925 de
2216 5871 2569 5940 processione
2604 5871 2844 5944 Spiritus
2889 5890 2997 5928 non
3045 5890 3261 5944 aeqmrm
3299 5872 3449 5943 facit,
3475 5889 3600 5930 cum
3635 5873 3703 5934 il:
