4072 6418
392 418 414 482 1
426 417 532 480 383

1641 417 1973 480 GEORGII
2010 415 2322 479 METOCH
2333 413 2478 475 ΙΤΑζ

3541 397 3681 466 1384

392 542 501 595 lius
548 539 897 610 negationem
948 540 1016 595 de
1072 540 1234 602 Filio,
1302 554 1465 609 quam
1515 541 1701 595 nullus
1748 556 1813 594 θλ
1850 538 1990 604 ipsis

2111 534 2191 590 τοῦ
2221 535 2375 600 Υίοῢ,
2415 536 2481 606 ῆν
2513 533 2694 599 οὐδεὶς
2738 532 2925 587 αὐτῶν
2973 531 3208 604 εὓρηται
3236 530 3404 600 φάναι
3447 543 3564 582 που
3595 543 3686 582 το-

394 647 625 702 prorsus
668 632 947 702 reperitur
989 631 1314 697 aﬂirtnasse,
1359 631 1684 688 conﬁrmare
1733 641 1988 696 conatur,

401 723 848 788 aﬂirmationem,
897 740 1062 794 quam
1099 723 1201 794 ipsi
1256 724 1439 779 vetbis
1485 725 1989 795 :rquipcllentibus,

400 814 660 883 idemque
694 814 1140 885 signiﬁcantibus
1191 816 1369 885 palam
1414 815 1764 878 conﬁrmant,
1806 815 1994 870 crimi-

396 906 659 971 natur,‘et
691 910 962 964 adversus
997 924 1094 963 eos
1124 909 1218 978 qui
1261 923 1380 963 eam
1416 919 1754 971 asseverant,
1783 910 1993 964 incom-

397 1010 520 1070 ptas
548 1001 939 1057 similitudines
970 1002 1252 1074 conﬁngit,
1287 1011 1343 1055 et
1376 1000 1612 1055 infausta
1654 1002 1990 1069 obloquitur,

402 1106 529 1159 qua:
562 1101 769 1161 aperte,
803 1104 859 1146 ut
911 1101 1197 1147 ostensum
1233 1099 1336 1155 est,
1374 1092 1444 1148 ad
1493 1091 1868 1163 diviniloquos
1913 1094 1997 1148 di—

399 1184 672 1252 riguntur.
1787 1165 1794 1172 I

469 1273 561 1326 Ἃ.
586 1274 993 1329 Attendendum
1023 1277 1091 1331 ab
1113 1275 1221 1331 illis
1241 1291 1408 1346 porro
1432 1289 1538 1339 est,
1562 1278 1653 1346 qui
1680 1284 1801 1346 post
1826 1279 1995 1332 Deum

402 1364 761 1420 Servatorum
789 1367 938 1421 dicta
968 1383 1081 1422 non
1114 1368 1408 1422 admodum
1433 1369 1726 1432 arstimaut,
1753 1373 1998 1439 proxime

403 1459 714 1528 appositum
745 1460 953 1513 dictum
993 1461 1171 1531 magni
1210 1461 1451 1516 nominis
1485 1459 1686 1524 Patris,
1721 1464 1997 1532 quomodo

404 1559 605 1619 praeter
668 1550 721 1605 id
767 1551 913 1621 quod
969 1554 1312 1619 decreverat,
1361 1571 1380 1604 ι
1429 1569 1458 1607 a
1503 1552 1644 1608 Filio
1682 1554 1886 1609 factum
1929 1558 2014 1637 ad.

405 1644 641 1713 primam
698 1660 923 1700 causam
984 1643 1208 1699 Patrem
1255 1644 1580 1700 relationem
1610 1647 1881 1715 lbabere.»
1942 1648 1998 1725 in

405 1751 517 1805 quo
552 1736 873 1806 ubicunque
904 1738 1051 1790 solus
1083 1735 1151 1791 de
1186 1735 1330 1806 ipso,
1375 1746 1429 1792 et
1474 1754 1660 1802 unum,
1696 1739 1776 1793 uti
1826 1738 1917 1794 hic
1945 1752 2002 1795 et

410 1830 640 1901 reliquis
672 1832 797 1886 aliis
829 1846 944 1886 snts
984 1830 1148 1886 dictis
1184 1831 1496 1897 conﬁrmat,
1541 1834 1827 1889 ambarum
1862 1852 2001 1906 pra:-

410 1924 750 1993 positionum
807 1923 1188 1979 indiil‘crentes
1242 1926 1386 1980 vires
1449 1926 1810 1997 signiﬁcasse.
1862 1928 1999 1982 Cum

410 2018 559 2070 enim
588 2016 821 2071 dixisset
851 2017 919 2071 de
948 2015 1107 2079 Filio,
1146 2035 1165 2068 ι
1198 2032 1295 2087 per
1326 2017 1499 2073 Deum
1529 2015 1792 2083 Verbum,
1830 2038 1848 2070 ι
1881 2035 2004 2074 ora-

415 2110 620 2162 tionem
651 2123 942 2163 resumens
973 2109 1282 2178 subjunxit,
1318 2109 1453 2165 locis
1484 2110 1539 2163 in
1574 2110 1831 2165 omnibus
1862 2128 2002 2182 prae-

411 2201 754 2273 positionum
807 2215 872 2253 ea:
923 2210 977 2255 et
1020 2217 1112 2265 per
1143 2200 1360 2256 easdcm
1400 2202 1545 2257 vires
1581 2203 1649 2258 de
1679 2202 1819 2257 Filio
1848 2220 2000 2259 com-

415 2302 749 2358 ntonstrans,
801 2303 916 2347 tum
971 2294 1027 2348 in
1080 2294 1353 2349 creaturis
1401 2296 1723 2364 condendis,
1782 2307 1896 2354 tum
1945 2298 2002 2354 in

412 2386 753 2454 sempiterno
788 2383 1025 2454 Spiritus
1061 2402 1374 2456 progressu.
1416 2388 1489 2442 De
1518 2404 1751 2460 quarum
1792 2404 2003 2460 praepo-

413 2478 679 2530 sitionum
712 2476 878 2530 simili
932 2477 1263 2547 signiﬁcatu,
1301 2494 1406 2533 nec
1440 2458 1752 2550 disparibus
1793 2458 2002 2538 riribus

414 2568 467 2621 in
498 2569 716 2638 scriptis
751 2571 818 2625 ad
855 2568 1307 2639 Amphilochium
1354 2571 1543 2636 tradit,
1588 2587 1702 2628 rem
1739 2575 2003 2644 exemplis

411 2661 586 2715 variis
607 2661 968 2724 conﬁrmans,
996 2670 1050 2715 et
1077 2660 1131 2716 in
1150 2661 1273 2717 aliis
1299 2669 1415 2718 suis
1436 2664 1848 2719 commentariis
1868 2666 2003 2721 duas

360 2786 363 2791 -
417 2750 580 2806 hasce
632 2752 1048 2821 praepositiones
1088 2752 1168 2808 sic
1213 2769 1505 2824 usurpans,
1540 2756 1592 2808 in
1647 2756 1810 2812 rebus
1844 2757 2003 2813 theo-

416 2847 629 2915 logicis,
666 2855 725 2898 ut
761 2846 833 2899 ibi
867 2846 1133 2916 loquitur,
1184 2862 1335 2902 nunc
1379 2862 1442 2901 ex
1493 2847 1652 2916 Filio,
1702 2864 1851 2904 nunc
1904 2866 2003 2919 per

413 2933 615 2989 Filium
649 2934 918 3004 Spiritum
948 2937 1202 2991 declarat.
1242 2935 1381 2990 Hinc
1413 2937 1577 2991 tertio
1605 2937 1864 2992 adversus
1897 2937 2006 2992 Eu-

417 3031 664 3085 nomium
701 3029 1078 3086 Antirrhctico
1113 3029 1343 3086 scribit:
1386 3048 1404 3082 ι
1450 3028 1582 3095 Quae
1606 3030 1756 3085 enim
1810 3046 2003 3086 neces-

413 3122 550 3176 sitas
580 3130 683 3182 est.
713 3123 757 3175 si
789 3122 1055 3191 dignitate
1082 3129 1136 3176 et
1165 3121 1358 3177 ordine
1392 3122 1585 3177 tertius
1612 3130 1697 3176 est
1742 3121 2002 3193 Spiritus,

2096 628 2358 697 παράπαν
2384 620 2986 696 άσυστάτωῖσυνιστᾷν
3008 621 3457 693 κατεπείγεσθαι,
3498 620 3605 692 τὴν
3627 622 3685 675 δὲ

2095 720 2425 787 κατάφασιν,
2453 719 2522 792 ἢν
2550 718 2705 774 αὐτοὶ
2738 720 2808 774 δι’
2836 717 3150 789 δμοσθενῶν
3184 717 3280 770 καὶ
3299 714 3689 785 ταυτοσημάν-

2094 831 2202 867 των
2236 815 2499 884 ῥημάτων
2543 813 2803 885 ἐμφανῶς
2838 810 3159 885 συνιστῷσι,
3212 809 3551 874 διαϐάλλειν,
3589 808 3688 861 καί

2097 903 2240 955 κατὰ
2268 903 2383 955 ’τῶν
2413 904 2687 972 λεγόντων
2716 902 3026 965 άνοικείους
3071 898 3479 970 παρομοιώσεις
3512 897 3691 952 πλάτο

2096 1011 2231 1058 τειν,
2265 997 2359 1048 καὶ
2391 997 2577 1068 άπόφη
2590 1012 2666 1066 μα
2695 996 2950 1064 φάσκειν,
2982 993 3020 1048 ἃ.
3067 992 3374 1066 προδήλως,
3408 990 3486 1053 ὡς
3516 989 3693 1063 δέδει-

2097 1104 2246 1154 κται,
2282 1089 2421 1159 πρὸς
2445 1089 2572 1152 τοὺς
2604 1087 2985 1159 θεορρήμονας
3006 1085 3371 1140 ἀποτείνεται.

2169 1272 2269 1327 κδ’.
2294 1270 2748 1342 Προσεσχηκέναι
2769 1270 2825 1324 δὲ
2846 1270 2954 1343 χρὴ
2981 1272 3108 1335 τοὺς
3134 1270 3286 1342 παρὰ
3311 1269 3519 1341 φαῦλον
3546 1268 3693 1324 οὕτω

2098 1365 2457 1434 ποιουμένους
2482 1365 2551 1417 τὰ
2569 1365 2680 1418 τῶν
2699 1364 2837 1434 μετὰ
2858 1363 2990 1418 Θεὸν
3017 1363 3282 1433 σωτήρων
3299 1365 3367 1434 τῇ
3398 1362 3691 1435 προσεχιῖκ

2098 1457 2318 1527 τεθείσῃ
2351 1458 2510 1526 ῥήσει
2535 1456 2630 1510 τοῦ
2667 1456 3072 1528 μεγαλωνύμου
3121 1456 3360 1528 Πατρδς,
3394 1457 3546 1519 ὅπως
3582 1456 3689 1527 ἄρα

2100 1552 2239 1622 πρὸς
2269 1553 2330 1604 τὺ
2360 1551 2684 1621 θεολογῆσαι
2716 1552 2778 1605 τὸ
2817 1570 2836 1602 ι
2876 1552 3031 1623 παρὰ
3060 1550 3154 1605 τοῦ
3191 1550 3324 1603 Υίοῦ
3356 1549 3690 1619 γεγενῆσθαι

2099 1643 2202 1715 τὴν
2250 1643 2532 1713 ἀναφοράν
2589 1641 2736 1713 ἔχειν
2790 1642 2932 1713 πρὸς
2961 1642 3063 1713 τὴν
3117 1642 3344 1713 πρώτην
3369 1642 3556 1695 αἰτίαν
3600 1639 3691 1693 τὸν

2103 1736 2347 1804 Πατέρα,
2382 1753 2401 1786 ι
2437 1734 2562 1789 καθ’
2609 1736 2677 1806 ἠν
2702 1735 3043 1797 ὁπουδήποτε
3078 1734 3140 1788 τὸ
3158 1736 3351 1803 μόνος
3380 1733 3472 1787 ἐπ’
3500 1732 3691 1799 αὑτοῦ,

2105 1828 2201 1882 καὶ
2229 1827 2289 1880 τὸ
2317 1828 2448 1895 μία,
2482 1825 2665 1891 καθὼς
2704 1825 2943 1881 ἐνταῦθα
2979 1827 3077 1881 καὶ
3110 1827 3328 1890 λοιπαῖς
3374 1827 3432 1880 έν
3474 1826 3693 1896 ἑτέραις

2106 1918 2274 1972 αὐτοῦ
2303 1919 2609 1990 παρίστησι
2644 1922 2859 1992 ρήσεσι,
2899 1921 2993 1974 καὶ
3019 1920 3080 1974 τὸ
3108 1919 3217 1973 τῶν
3248 1920 3534 1990 ἑκατέρων
3564 1937 3694 1989 προ-

2105 2009 2309 2063 θέσεων
2346 2011 2616 2081 ἐδήλωσεν
2648 2011 2965 2082 ἀδιάφορον.
3023 2010 3211 2065 Εἰπὼν
3266 2010 3378 2083 γὰρ
3420 2010 3562 2081 περὶ
3602 2010 3693 2064 τοῦ

2104 2101 2260 2167 Υἰοῦ,
2300 2121 2319 2156 ι
2354 2103 2442 2157 διά
2475 2104 2571 2157 τοῦ
2603 2103 2742 2157 Θεοῦ
2771 2104 2970 2174 Λόγου,
3018 2122 3037 2157 ι
3092 2104 3572 2175 ἐπαναλαμϐάνων
3602 2105 3696 2158 έπο

2104 2196 2334 2265 ήγαγεν,
2380 2195 2699 2266 ἁπανταχοῦ
2732 2196 2794 2249 τὸ
2854 2197 2957 2267 τῆς
2987 2197 3059 2251 ἐκ
3088 2197 3184 2251 καὶ
3218 2196 3320 2251 διὰ
3367 2197 3696 2267 ἰσοδύναμον

2106 2286 2197 2339 ἐπὶ
2215 2286 2309 2340 τοῦ
2344 2286 2477 2340 Υίοῦ
2506 2288 2843 2358 ἀναφαίνων,
2877 2290 2969 2342 ὲπί
3002 2306 3062 2342 τε
3089 2293 3156 2358 τῇ
3187 2291 3269 2353 εἰς
3291 2290 3352 2342 τὺ
3384 2285 3529 2345 εἶναι
3552 2307 3695 2363 παρ-

2105 2381 2300 2450 αγωγῇ
2348 2378 2459 2432 τῶν
2509 2380 2853 2451 κτισμάτων,
2895 2382 2989 2435 ἰπί
3035 2398 3096 2436 τε
3136 2385 3204 2452 τῇ
3264 2382 3423 2454 ἀϊδίῳ
3483 2385 3696 2456 προόδῳ

2103 2470 2199 2523 τοῦ
2229 2471 2568 2539 Πνεῦματος.
2599 2472 2710 2526 Καὶ
2737 2474 2975 2527 ποιεῖται
3004 2474 3105 2543 μὲν
3123 2475 3286 2544 τῆσδε
3313 2478 3413 2547 τῆς
3450 2478 3695 2532 ἰσοδυνα-

2109 2559 2240 2630 μίας
2272 2560 2577 2631 παράδοσιν
2606 2563 2664 2616 ἰν
2695 2564 2810 2627 τοῖς
2842 2564 2985 2635 πρὸς
3012 2565 3365 2639 ’Δμφιλόχιον
3395 2570 3696 2641 παραδείγ-

2109 2667 2246 2721 μασι
2267 2650 2552 2723 διαφόροις
2595 2655 2963 2725 πιστούμενος
2982 2673 2998 2688 ⁸
3029 2658 3089 2710 ὲν
3126 2656 3185 2711 δὲ
3217 2662 3331 2723 τοῖς
3372 2659 3563 2725 ἄλλοις
3590 2663 3696 2717 τῶν

2107 2746 2565 2815 συγγραμμάτων
2582 2746 2751 2801 αὐτοῦ
2773 2747 2836 2800 τὸ
2860 2748 3040 2804 διττὸν
3055 2749 3222 2804 τῶνδε
3241 2753 3350 2806 τῶν
3373 2757 3694 2826 προθέσεων

2106 2836 2249 2890 οὕτω
2281 2837 2600 2905 λαμϐάνων,
2631 2839 2721 2893 ὁτὲ
2753 2840 2853 2911 μὲν
2887 2842 2981 2896 ἐπὶ
3008 2842 3114 2914 τῆς
3143 2843 3444 2915 θεολογίας,
3477 2848 3555 2912 ὡς
3587 2850 3699 2904 ἐκεῖ

2107 2947 2296 3000 φησιν,
2325 2928 2383 2994 ἐξ
2403 2930 2533 2983 Υἱοῦ
2556 2932 2617 2984 τὸ
2640 2930 2868 3003 Πνεῦμα
2887 2932 3219 3006 διαγορεύει,
3250 2938 3341 2991 ὁτὲ
3360 2941 3417 2993 δὲ
3440 2941 3516 2994 δι’
3543 2943 3694 2998 Υίοῦ.

2108 3020 2279 3075 Ὅθεν
2307 3023 2365 3075 ὲν
2399 3021 2478 3092 τῷ
2505 3022 2676 3094 τρίτῳ
2708 3023 2820 3077 τῶν
2850 3025 2989 3097 πρὸς
3018 3025 3286 3095 Εὐνόμιον
3344 3030 3697 3106 Ἀντιρῤητι-

2106 3115 2220 3170 κῶν
2260 3116 2463 3185 φάσκει
2483 3133 2497 3149 ο
2541 3136 2559 3168 ι
2590 3117 2689 3182 Τίς
2715 3120 2826 3190 γὰρ
2856 3118 3074 3192 ἀνάγκη
3095 3121 3173 3192 τῷ
3206 3122 3484 3194 ἀξιώματι
3520 3129 3614 3180 καί
3632 3130 3696 3198 τῇ

418 3214 642 3268 tertium
674 3212 825 3266 illum
860 3226 982 3266 esse
1011 3220 1068 3266 et
1099 3212 1320 3266 natura?
1349 3210 1595 3281 Namque
1623 3208 1888 3283 dignitate
1914 3228 2004 3268 se-

2112 3204 2266 3270 τάξει
2295 3206 2478 3276 τρίτον
2514 3206 2763 3277 ὑπάρχον
2792 3209 2853 3261 τὸ
2885 3209 3134 3281 Πνεῦμα,
3170 3214 3355 3283 τρίτον
3394 3211 3543 3269 εἶναι
3570 3217 3698 3271 αὐτὸ

413 3301 662 3359 cundum
694 3318 817 3358 esse
846 3318 876 3356 a
916 3303 1076 3365 Filio,
1113 3313 1371 3374 tanquam
1402 3304 1495 3373 qui
1520 3305 1589 3358 ab
1619 3319 1705 3369 eo,
1746 3306 1893 3374 quod
1935 3306 2010 3361 sit

421 3395 606 3457 habet,
632 3403 686 3448 et
710 3395 779 3449 ab
809 3409 877 3448 eo
900 3395 1120 3464 accipit,
1145 3405 1202 3449 et
1224 3395 1386 3449 nobis
1416 3396 1729 3463 annuntiat,
1762 3403 1819 3450 et
1849 3412 2010 3466 pror-

418 3502 516 3541 sus
547 3486 623 3540 illi
671 3501 852 3541 causa:
888 3485 1152 3551 adhaeret,
1195 3486 1414 3556 pietatis
1459 3501 1641 3541 sermo
1676 3487 1872 3542 tradit:
1904 3503 2010 3541 na-

416 3593 542 3632 tura
568 3594 701 3632 vero
734 3579 892 3632 tertia
921 3578 1022 3645 uti,
1054 3592 1235 3648 neque
1265 3594 1294 3632 a
1325 3578 1528 3633 divinis
1552 3577 1854 3649 Scripturis
1875 3582 2011 3634 edo-

413 3674 492 3726 cti
520 3686 734 3734 sumus,
767 3686 943 3740 neque
967 3686 1033 3724 ex
1063 3672 1173 3740 jam
1197 3670 1363 3725 dictis
1394 3681 1804 3741 consequenter
1831 3671 2012 3744 colligi
2045 3749 2061 3759 ⁸

420 3771 627 3833 potest.
664 3761 1138 3828 Quemadmodum
1183 3760 1332 3815 enim
1366 3760 1538 3816 Filius
1568 3760 1762 3816 ordine
1790 3761 2012 3831 quidem

418 3854 700 3909 secundus
724 3868 755 3907 a
789 3852 952 3908 Patre
984 3863 1091 3915 est,
1114 3852 1383 3922 quoniam
1411 3857 1479 3906 ab
1510 3851 1601 3906 illo
1628 3861 1732 3918 est,
1761 3860 1815 3907 et
1837 3852 2016 3923 digni-

416 3957 560 4015 tate,
592 3946 850 4017 quoniam
868 3945 1035 4013 origo
1075 3953 1239 4013 atque
1267 3959 1454 4009 causa,
1486 3945 1637 4015 quod
1668 3945 1760 4001 ille
1790 3946 1880 4011 sit,
1912 3944 2015 4000 Pa-

418 4051 504 4090 ter
535 4045 638 4099 est,
668 4047 725 4090 et
755 4036 902 4105 quod
934 4051 1032 4105 per
1065 4036 1245 4105 ipsum
1280 4051 1539 4092 accessus
1566 4046 1624 4090 et
1658 4036 1915 4092 adductio
1948 4037 2015 4093 ad

420 4130 598 4183 Deum
629 4126 887 4182 Patrem:
935 4136 1131 4182 natura
1168 4143 1300 4182 vero
1331 4127 1483 4183 nullo
1516 4126 1681 4183 modo
1717 4128 2012 4196 secundus,

417 4220 569 4290 quod
616 4220 673 4274 in
727 4228 963 4290 utroque
1019 4235 1125 4274 una
1174 4220 1351 4275 deitas
1383 4227 1468 4275 est
1500 4221 1615 4275 :ita
1662 4221 1916 4277 videlicet
1963 4231 2019 4275 et

419 4315 668 4384 Spiritus
692 4321 939 4381 sanctus,
974 4322 1031 4368 et
1056 4314 1103 4368 si
1138 4313 1407 4384 dignitate
1432 4322 1489 4368 et
1517 4313 1715 4370 ordine
1740 4312 2019 4369 secundus

421 4424 453 4461 a
485 4405 623 4462 Filio
663 4416 771 4472 est,
820 4421 939 4461 non
988 4414 1177 4462 tamen
1233 4406 1609 4461 verisimiliter
1657 4406 1851 4462 alienae
1896 4420 2020 4461 esse

422 4508 634 4552 natura:
683 4496 811 4552 inde
837 4497 1105 4566 consequi
1152 4496 1514 4553 dixerimus.»
1554 4497 1785 4552 Necnon
1843 4497 1898 4551 in
1950 4498 2020 4551 il-

421 4591 493 4644 lis
521 4606 592 4648 :.t
634 4592 820 4656 Quare
847 4605 961 4645 non
990 4600 1047 4646 et
1081 4588 1321 4661 Spiritus
1355 4589 1529 4644 Filius
1560 4588 1705 4655 Filii,
1737 4608 1757 4642 ι
1813 4590 2015 4647 tradit:

2044 4556 2099 4616 D

2111 3298 2209 3351 καὶ
2255 3300 2322 3368 τῇ
2360 3299 2558 3367 φύσεις
2604 3298 2904 3370 Ἀξιώματι
2956 3303 3059 3370 μὲν
3103 3303 3214 3374 γάρ
3264 3305 3579 3379 δευτερεύει
3605 3310 3696 3364 τοῦ

2113 3385 2245 3440 Υἰοῦ
2270 3390 2401 3460 παρ’
2433 3388 2599 3443 αὐτοῦ
2637 3391 2699 3443 τὸ
2721 3384 2862 3445 εἶναι
2895 3391 3039 3462 ἕχον,
3069 3395 3163 3448 καὶ
3192 3398 3327 3467 παρ’
3361 3400 3536 3453 αὐτοῦ
3562 3401 3695 3472 λαμο

2114 3479 2278 3533 δάνον
2320 3483 2413 3534 καὶ
2455 3481 2794 3551 άναγγέλλον
2839 3487 2997 3555 ἡμῖν,
3031 3487 3128 3541 καὶ
3159 3488 3296 3553 ὅλως
3350 3491 3572 3563 ἐκείνης
3604 3495 3697 3558 τῆς

2114 3573 2294 3636 αἰτίας
2327 3574 2660 3645 ἐξημμένον,
2696 3577 3068 3647 παραδίδωσιν
3095 3581 3124 3632 δ
3164 3585 3264 3653 τῆς
3294 3583 3586 3651 εὐσεϐείας
3612 3586 3697 3640 λό-

2114 3681 2245 3733 γος·
2279 3666 2440 3734 φύσει
2471 3667 2528 3720 δὲ
2558 3671 2719 3741 τρίτῃ
2752 3670 2993 3742 χρῆσθαι
3024 3670 3149 3727 οὔτε
3195 3677 3349 3746 παρὰ
3387 3678 3503 3732 τῶν
3532 3680 3695 3750 ἁγίων

2116 3755 2353 3826 Γραφῶν
2401 3757 2786 3828 δεδιδάγμεθα,
2816 3760 2940 3815 οὔτε
2987 3764 3054 3817 ἑκ
3083 3764 3190 3819 τῶν
3220 3766 3533 3839 εἰρημένων
3562 3769 3696 3825 κατὰ

2116 3848 2177 3900 τὸ
2201 3847 2499 3901 ἀκόλουθον
2557 3849 2782 3905 δυνατὸν
2804 3852 3245 3923 συλλογίσασθαι.
3280 3856 3368 3922 Ὧς
3394 3859 3549 3931 γάρὸ
3575 3860 3694 3924 Υἰδς

2118 3938 2269 4005 τάξει
2302 3940 2403 4010 μὲν
2430 3939 2683 4012 δεύτερος
2721 3944 2814 3997 τοῦ
2846 3946 3079 4016 Πατρὸς,
3104 3947 3186 4001 ὅτι
3221 3950 3317 4003 ἀπ’
3343 3952 3578 4019 ἐκείνου,
3604 3954 3694 4007 καί

2118 4030 2416 4101 ἀξιώματι,
2443 4032 2527 4085 ὅτι
2556 4034 2699 4105 ἀρχὴ
2737 4036 2834 4089 καὶ
2877 4039 3029 4092 αἰτία
3055 4038 3150 4092 τοῦ
3170 4035 3312 4095 εἶναι
3354 4043 3575 4117 Πατέρα
3605 4046 3695 4097 αὑ·

2119 4122 2235 4190 τοῦ,
2292 4125 2388 4178 καὶ
2434 4126 2518 4179 ὅτι
2548 4125 2618 4179 δι’
2647 4129 2815 4182 αὐτοῦ
2840 4131 2874 4201 ἡ
2931 4131 3195 4203 πρόσοδος
3243 4136 3339 4188 καὶ
3362 4135 3694 4207 προσαγωγὴ

2120 4214 2257 4285 πρὸς
2277 4215 2369 4269 τὸν
2392 4215 2526 4271 Θεὸν
2552 4218 2647 4271 καὶ
2670 4219 2922 4293 Πατέρα·
2954 4222 3115 4292 φύσει
3133 4224 3190 4278 δὲ
3223 4227 3406 4282 οὐκέτι
3430 4231 3691 4301 δεύτερος,

2120 4307 2258 4360 διότι
2296 4308 2328 4377 ἡ
2360 4307 2553 4380 θεότης
2580 4312 2639 4363 ὲν
2676 4313 2927 4385 ἑκατέρῳ
2962 4315 3058 4386 μία
3083 4333 3098 4349 ο
3132 4315 3277 4372 οὕτω
3304 4314 3549 4392 δηλονότι
3607 4322 3694 4375 καὶ

2121 4398 2183 4450 τὸ
2214 4398 2441 4469 Πνεῦμα
2469 4400 2531 4453 τὸ
2558 4399 2736 4470 ἅγιον,
2767 4404 2818 4456 εἰ
2870 4407 2966 4458 καὶ
2995 4407 3311 4479 ὐποσέδηκε
3360 4412 3453 4465 τὸν
3479 4413 3602 4467 Υἰὺν
3631 4415 3691 4482 τῇ

2122 4491 2275 4556 τάξει
2299 4491 2492 4563 καὶτῷ
2519 4494 2819 4565 ἀξιώματι,
2860 4495 3044 4553 οὐκέτι
3093 4497 3161 4553 ἂν
3188 4502 3414 4567 εἰκότως
3439 4503 3515 4569 ὡς
3551 4504 3696 4557 ἀλλο-

2124 4584 2280 4655 τρίας
2306 4584 2552 4656 ὑπάρχον
2575 4586 2813 4654 φύσεως.
2855 4607 2876 4641 ι
2910 4590 3020 4643 Kal.
3065 4591 3232 4646 πάλιν
3261 4595 3319 4648 ἐν
3350 4589 3455 4664 οἷς,
3498 4615 3517 4650 ι
3552 4594 3694 4649 Διατί

428 4701 450 4734 ι
493 4683 613 4737 Non
672 4683 818 4753 quod
861 4699 969 4738 non
1027 4684 1100 4738 sit
1142 4699 1209 4739 ex
1258 4682 1372 4738 Deo
1414 4698 1513 4754 per
1543 4682 1777 4751 Filium;
1808 4684 1905 4739 sed
1950 4700 2009 4740 ne

2126 4678 2202 4749 μὴ
2233 4678 2410 4732 καὶτὸ
2461 4679 2682 4750 Πνεῦμα
2736 4681 2858 4746 ὶ⁶ἰδς
2889 4683 2981 4738 τοῦ
3011 4684 3146 4739 Υῐοῦ
3175 4703 3190 4753 ;
3226 4706 3246 4741 ι
3284 4690 3450 4762 φησίν
3473 4708 3488 4724 ο
3524 4710 3543 4740 ι
3580 4693 3693 4743 Ὅτι

425 4776 671 4831 Trinitas
715 4786 1068 4846 reputarctur
1103 4778 1400 4833 multitudo
1460 4778 1772 4841 innumera,
1822 4779 1901 4832 uti
1960 4780 2009 4832 in

2120 4773 2183 4825 οὐ
2210 4772 2301 4825 διὰ
2321 4771 2382 4827 τὸ
2413 4771 2491 4844 μὴ
2518 4770 2660 4826 εἶναι
2688 4774 2754 4828 ὲκ
2782 4775 2918 4829 Θεοῦ
2951 4776 3023 4831 δι’
3047 4778 3201 4845 Υἰοῦ,
3228 4781 3345 4834 ἀλλ’
3368 4783 3455 4836 Eva
3479 4786 3512 4855 η
3535 4784 3695 4855 Τριάς

428 4870 748 4925 hominibus
790 4870 906 4924 ﬁt.»
972 4870 1039 4925 Et
1089 4871 1284 4941 paucis
1324 4870 1600 4926 annexis:
1657 4890 1677 4922 ι
1724 4870 2009 4940 Propterea

2124 4866 2201 4936 μὴ
2250 4867 2481 4936 νομισθῇ
2518 4867 2726 4937 πλῆθος
2775 4869 3026 4940 ἄπειρον,
3058 4869 3135 4936 ὼς
3186 4876 3281 4927 καὶ
3318 4876 3377 4930 ὲν
3399 4876 3694 4948 ἀνθρώποις

425 4974 492 5013 cx
530 4957 642 5014 Deo
690 4974 808 5013 esse
838 4960 1102 5029 Spiritum
1155 4960 1329 5030 palam
1372 4962 1682 5016 enuntiavit
1720 4962 2015 5031 Apostolus

426 5053 667 5108 dicens:
720 5052 1009 5122 Spiritum,
1067 5055 1157 5124 qui
1198 5070 1263 5108 ea:
1315 5053 1427 5109 Deo
1471 5064 1569 5121 est,
1613 5056 1914 5124 accepimus
1956 5054 2027 5121 “,

431 5161 528 5215 per
552 5144 745 5200 Filium
813 5162 1079 5216 apparere
1132 5147 1532 5214 manifestavit,
1559 5163 1683 5203 cum
1717 5148 1867 5203 illutn
1903 5145 2028 5202 Filii

433 5239 719 5309 Spiritum,
754 5248 814 5294 ut
852 5250 909 5295 et
959 5241 1053 5295 Dei
1089 5240 1403 5311 appellavit,
1438 5250 1491 5296 et
1527 5249 1765 5295 mentem
1797 5239 2026 5307 Christi,

430 5333 590 5387 sicuti
618 5341 673 5386 et
699 5333 792 5387 Dei
819 5330 1088 5402 Spiritum
1124 5335 1204 5388 uti
1269 5333 1528 5389 hominis.
1561 5349 1584 5386 ι
1617 5332 1773 5389 Dicta
1806 5335 1924 5388 haec
1954 5334 2028 5389 ab

432 5424 643 5479 dissidii
697 5425 984 5495 multiplici
1035 5425 1240 5482 malitia
1299 5426 1532 5482 multum
1578 5426 1829 5482 divexata
1868 5436 2018 5492 sunt,

434 5518 594 5571 tertio
653 5527 836 5573 tamen
885 5518 992 5573 duo
1051 5520 1257 5587 priora,
1315 5528 1370 5574 et
1424 5519 1669 5573 secundo
1728 5518 2021 5573 immanius

431 5609 694 5678 primum,
738 5611 1113 5665 membrorum
1170 5614 1506 5682 integrorum
1537 5610 1885 5680 ademptione
1920 5608 2025 5662 im-

431 5700 727 5766 minutum,
780 5716 997 5759 necnon
1045 5704 1450 5771 additiouibus,
1511 5711 1569 5759 et
1613 5699 2016 5771 adiectionibus

511 5883 553 5916 “
585 5885 605 5940 Ι
641 5887 772 5943 Cor.
810 5901 871 5953 tt,
906 5888 993 5944 12.

2123 4958 2546 5012 ὑποπτευθεῖσα.
2586 4976 2609 5010 ι
2643 4962 2752 5013 Καὶ
2770 4960 2891 5030 μετ’
2927 4962 3088 5032 ὀλίγα
3109 4981 3123 4996 ο
3150 4982 3170 5017 ι
3203 4968 3304 5020 Διά
3334 4968 3493 5023 τοῦτο
3519 4972 3578 5022 τὸ
3602 4967 3692 5039 μὲν

2128 5047 2194 5097 ὲκ
2222 5044 2360 5098 Θεοῦ
2395 5042 2541 5100 εἰναι
2576 5047 2638 5101 τὸ
2669 5049 2895 5121 Πνεῦμα
2927 5052 3144 5120 τρανῶς
3175 5057 3448 5128 ἐκήρυξεν
3481 5061 3507 5112 ό
3543 5060 3692 5113 Ἀπό-

2129 5138 2317 5202 στολος
2359 5139 2557 5208 λέγων,
2608 5139 2685 5196 Τὸ
2718 5144 2963 5212 Πνεῦμα
2994 5147 3059 5200 τὸ
3097 5149 3169 5202 ἐκ
3208 5151 3360 5206 Θεοῦ
3392 5153 3688 5222 ἐλάϐομεν,

2127 5232 2315 5286 καὶτὸ
2341 5232 2413 5288 δι’
2461 5233 2595 5288 Υίοῦ
2630 5239 2937 5306 πεφηνέναι
2990 5241 3162 5312 σαφὲς
3210 5246 3538 5316 πεποίηκεν,
3574 5243 3691 5299 Υἰοῦ

2128 5326 2361 5399 Πνεῦμα
2407 5328 2687 5400 ὀνομάσας
2742 5330 2877 5384 αὐτὸ
2927 5334 3181 5405 καθάπερ
3226 5337 3390 5401 Θεοῦ,
3438 5340 3531 5393 καὶ
3578 5337 3691 5391 νοῦν

2127 5417 2372 5489 Χριστοῦ
2402 5418 2747 5489 προσειπὼν,
2790 5423 3049 5495 καθάπερ
3090 5428 3187 5481 καὶ
3214 5428 3351 5482 Θεοῦ
3381 5429 3597 5500 Πνεῦμα
3621 5427 3689 5489 ὡς

2126 5511 2223 5564 τοῦ
2277 5510 2595 5582 ἀνθρώπου.
2636 5531 2655 5563 ι
2707 5514 2830 5569 Τῶν
2879 5520 3254 5587 πειραθεισῶν
3304 5524 3403 5591 τῆς
3454 5521 3559 5577 ἀπὸ
3599 5519 3687 5587 τῆς

2127 5603 2468 5668 διαστάσεως
2505 5604 2869 5677 πολυσχιδοῦς
2894 5612 3097 5672 κακίας
3129 5613 3323 5684 ῥήσεις
3352 5607 3535 5681 αὗται,
3560 5610 3686 5680 πλὴν

2127 5696 2224 5769 τῆς
2253 5697 2480 5769 τριττῆς
2518 5698 2576 5751 αἰ
2627 5698 2830 5766 διτταὶ,
2881 5705 2975 5780 κα)
3026 5705 3127 5777 τῆς
3174 5706 3368 5777 ἑτέρας
3424 5706 3613 5778 μᾶλλον
3654 5700 3684 5773 ἡ

3993 5396 3995 5519 l

3982 5802 3996 6053 l

3738 6230 3996 6372 με
