4072 6406
489 405 505 466 l
519 405 620 466 387

1707 398 2032 461 GEORGII
2071 393 2533 459 METOCHITIE

3538 438 3553 445 -
3613 388 3759 455 11:88

444 556 447 559 -
484 532 539 576 et
562 517 965 589 processionem
1000 517 1207 572 nullum
1236 529 1358 572 esse
1399 514 1693 570 discrimen
1718 514 2069 576 conﬁrmant,

2177 526 2281 579 μεν
2331 508 2546 578 ῥήσεων
2605 505 2909 577 πατρικῶν,
2967 507 3097 575 περὶ
3134 504 3331 574 φωνῶν
3391 502 3450 557 αἶ
3498 502 3561 557 τὸ
3604 507 3765 573 σφῶν

484 613 631 669 inter
663 627 801 681 quas
828 610 929 665 hoc
963 611 1125 664 etiam
1152 624 1404 677 apparere
1433 616 1861 663 conuumeratur
1892 623 1905 659 :
1938 620 2068 659 nec.

486 722 597 761 non
637 714 690 758 et
740 704 860 785 aliis
896 702 1040 756 inter
1100 700 1401 771 theologica
1457 700 1712 770 dogmata
1773 698 2064 767 inspersis,

489 799 594 853 hoc
625 813 883 865 apparere
902 794 1429 857 exsistentiam,uon
1453 790 1947 847 manifestatiouem
1971 789 2065 843 de-

490 889 826 955 notantibus,
850 886 980 957 quin
1011 887 1123 941 imo
1145 900 1210 940 ex
1240 884 1355 956 ipsa
1375 872 1588 953 paterni
1611 883 1739 937 dicti
1767 890 2062 945 Structura,

480 980 554 1034 de.
587 993 698 1049 quo
750 978 909 1032 nobis
959 990 1142 1031 sermo
1171 984 1277 1032 est.
1305 974 1480 1041 Quam
1528 974 1673 1027 enim
1714 970 2064 1027 verisimilem

483 1071 805 1127 relationem
835 1067 1063 1124 inferret
1084 1068 1239 1131 illud,
1290 1086 1309 1118 ι
1342 1081 1530 1121 rursus
1568 1081 1697 1120 vero
1730 1080 1761 1119 a
1788 1074 2067 1129 creatura,

483 1175 602 1231 quae
625 1177 723 1231 per
749 1159 1095 1229 Unigenitum
1126 1156 1389 1221 substitit,
1420 1173 1439 1208 ι
1468 1156 1513 1209 si
1542 1155 1593 1209 id
1628 1169 1855 1225 prorsus
1882 1153 1950 1208 de
1971 1168 2067 1205 ex-

483 1253 736 1310 sisteutia
788 1266 895 1306 non
955 1249 1204 1305 dicitur?
1257 1256 1313 1302 et
1372 1246 1646 1317 quomodo
1716 1253 2066 1317 reputaretur

486 1345 724 1417 Spiritus
770 1350 997 1397 sanctus
1039 1340 1479 1395 communionem
1535 1335 1823 1406 quamdam
1861 1335 2066 1389 habere

484 1452 608 1491 cum
641 1445 910 1499 creatura,
952 1433 999 1487 si
1054 1432 1142 1487 illa
1176 1446 1274 1501 per
1308 1430 1505 1488 Filium
1556 1446 1666 1484 non
1699 1426 2069 1484 subsisteret?

487 1540 543 1585 et
572 1526 844 1599 quomodo
892 1539 954 1580 ea
991 1541 1087 1595 per
1121 1523 1315 1578 Filium
1353 1521 1700 1578 manifestata
1738 1532 1841 1587 est,
1871 1522 1914 1575 si
1961 1536 2064 1575 non

488 1625 555 1678 ad
591 1620 865 1683 Triadem,
897 1616 991 1672 sed
1024 1616 1091 1671 ad
1124 1624 1429 1670 creaturam
1466 1613 1838 1668 manilestatio
1865 1612 2068 1667 fuerit?

486 1713 776 1781 Quomodo
803 1711 929 1765 item
949 1710 1004 1764 in
1025 1708 1224 1778 quibus
1258 1705 1590 1771 diﬂerentia,
1618 1713 1673 1760 et
1704 1704 1829 1759 inde
1853 1702 2068 1757 secerni

486 1810 691 1865 factum
736 1813 842 1869 est,
876 1810 933 1857 et
963 1800 1135 1869 magis
1189 1800 1441 1869 expedite
1469 1812 1536 1852 ex
1568 1811 1635 1852 eo
1667 1795 1806 1864 quod
1840 1810 1937 1862 per
1974 1791 2066 1847 Fi-

487 1883 617 1950 Iium
673 1895 839 1950 habet
904 1890 1303 1956 exsistentiam,
1362 1887 1452 1942 hic
1484 1902 1615 1942 vero
1653 1885 1805 1940 nullo
1861 1883 2020 1938 modo
2047 1880 2069 1936 ?
2096 1865 2145 1929 Β

486 1989 690 2044 Deinde
745 1987 908 2041 etiam
949 1984 1096 2039 unde
1138 1981 1396 2036 traditum
1452 1988 1556 2045 est,
1596 1989 1651 2034 et
1698 1978 1903 2047 absque
1956 1976 2063 2029 ulla

486 2081 851 2143 haesitatione,
884 2076 1105 2147 quando
1151 2090 1260 2130 non
1300 2080 1467 2138 esset,
1493 2081 1553 2126 ut
1593 2071 1829 2140 Spiritus
1854 2085 1945 2139 per
1973 2068 2065 2122 Εἰ·-

486 2171 619 2224 linzn
655 2168 885 2222 haberet
915 2181 1060 2230 esse,
1094 2176 1149 2218 et
1182 2163 1481 2217 iudicatum
1526 2160 1818 2214 discrimen
1860 2159 2065 2212 nullum

489 2260 704 2311 adesset
726 2263 781 2308 et
808 2253 1034 2307 tacitum
1071 2250 1403 2320 pra-teritum
1431 2247 1558 2304 est?
1587 2245 1832 2317 Namque
1863 2246 1907 2302 si
1932 2245 2064 2301 illud

490 2351 655 2419 plane
670 2354 835 2409 esset,
863 2341 1178 2398 necessario
1201 2340 1303 2397 ista
1322 2347 1810 2408 consequerentur,
1830 2351 2066 2408 pronun-

491 2444 735 2510 tiataque
762 2438 1017 2492 fuissent.
1046 2435 1092 2487 Α
1120 2434 1281 2489 Patre
1301 2448 1428 2487 vero
1457 2447 1552 2502 per
1569 2430 1768 2485 Filium
1802 2426 2065 2483 naturali-

440 2524 573 2589 ~ter
613 2531 775 2589 simul
799 2545 864 2584 ac
893 2528 1227 2598 sempiterne
1269 2523 1531 2595 Spiritum
1560 2523 1762 2577 habere
1800 2519 1945 2591 quod
1972 2518 2064 2583 sit,

489 2634 794 2681 creaturam
843 2634 973 2676 vero
1027 2616 1324 2673 creationis
1380 2614 1563 2681 modo,
1612 2623 1666 2667 et
1722 2614 1778 2666 in
1824 2619 2068 2682 tempore

489 2724 875 2789 congruenter,
936 2721 992 2768 et
1052 2709 1200 2782 quod
1260 2706 1522 2764 discernit
1595 2703 1905 2775 appositum
1961 2710 2065 2755 est.

489 2810 615 2865 Hice
639 2809 786 2863 enim
831 2804 1119 2860 mutationi
1146 2801 1380 2858 obnoxia
1415 2808 1518 2865 est,
1559 2807 1817 2867 tanquam
1850 2810 1970 2866 qua:
1999 2808 2065 2848 ex

490 2917 556 2956 eo
584 2900 732 2970 quod
770 2914 875 2953 non
913 2906 1028 2952 erat
1060 2895 1126 2950 ad
1178 2894 1233 2948 id
1269 2892 1411 2960 quod
1448 2898 1569 2946 erat
1624 2890 1910 2944 immutata
1960 2894 2066 2952 est,

489 3003 545 3049 et
583 2990 873 3061 aliquando
902 2989 1154 3052 exsistat,
1177 2994 1232 3040 et
1269 2984 1527 3052 deinceps
1578 2982 1893 3037 asserviens
1927 2986 2068 3033 tem-

2167 600 2463 669 ἀδιάφορον
2507 598 2602 652 καὶ
2649 597 2740 650 τοῦ
2781 599 3147 666 ἐκπορεύεται
3178 597 3637 666 παριστάνουσιν,
3671 590 3766 659 αἷς

2166 691 2263 744 καὶ
2292 690 2353 744 τὶ
2384 690 2620 760 πέφηνε
2655 688 3085 760 συνηρίθμηται.
3128 689 3247 741 Ἔτι
3282 689 3338 742 δὲ
3367 689 3462 742 καὶ
3486 687 3547 753 ἐξ
3577 688 3766 742 ἄλλων

2165 785 2288 846 ταῖς
2323 782 2663 851 θεολογικαῖς
2696 779 3071 844 διδασκαλίαις
3094 780 3549 851 ὲνεσπαρμὲνων,
3574 778 3767 844 ῦπαρ-

2168 875 2249 940 ξιν
2270 875 2347 928 rb‘
2362 875 2699 944 πεφηνέναι
2721 873 3035 945 τρανουσῶν
3063 873 3238 943 ἔχειν,
3264 873 3387 942 οὑχὶ
3415 873 3764 943 φανέρωτιν,

2165 964 2305 1019 ἀλλὰ
2335 966 2430 1020 καὶ
2473 965 2532 1033 ἐξ
2564 965 2736 1037 αὐτῆς
2786 966 3162 1036 συμφράσεως
3193 965 3295 1033 τῆς
3329 965 3457 1034 περὶ
3486 958 3556 1036 ἧς
3598 966 3627 1017 ὁ
3669 966 3765 1018 λό-

2167 1075 2263 1126 γος
2299 1059 2549 1127 χρήσεως
2579 1061 2878 1128 πατρικῆς.
2914 1057 3076 1110 Ποῖον
3101 1056 3210 1127 γὰρ
3238 1058 3400 1128 φέρει
3440 1058 3503 1110 τὸ
3529 1058 3765 1127 εὐλογο-

2167 1152 2333 1220 φανὲς
2358 1151 2417 1203 τὸ
2450 1150 2786 1220 ἀναφορικὸν
2808 1150 2991 1213 τοῦτο,
3029 1166 3048 1201 ι
3082 1149 3246 1204 πάλιν
3289 1150 3348 1203 δὲ
3387 1151 3487 1218 τῆς
3519 1167 3581 1203 κτ
3596 1152 3766 1212 iaceo;

2167 1242 2255 1295 διὰ
2312 1239 2407 1295 τοῦ
2441 1240 2781 1309 Μονογενοῦς
2816 1238 3154 1310 ὑποστάσης,
3192 1257 3212 1290 ›
3247 1239 3326 1309 μὴ
3378 1239 3440 1292 τὸ
3490 1242 3769 1309 παράπαν

2168 1330 2402 1387 ἐνταῦθα
2439 1331 2568 1402 περὶ
2592 1330 2880 1401 ὑπάρξεως
2911 1329 3206 1399 λέγεσθαι;
3254 1331 3371 1391 πῶς
3402 1329 3532 1384 δ’ἂν
3561 1333 3766 1401 ἐνομί-

2170 1425 2276 1493 σθη
2303 1423 2596 1494 κοινότητα
2618 1440 2741 1477 τινα
2766 1423 2901 1493 πρὸς
2925 1422 3023 1490 τὴν
3048 1422 3234 1489 κτίσιν
3258 1423 3405 1494 ἔχειν
3436 1424 3498 1477 τὸ
3525 1424 3768 1494 Πνεῦμα.

2171 1516 2227 1568 τὸ
2261 1514 2439 1583 ἅγιον,
2489 1515 2649 1584 εἴπερ
2705 1512 2846 1583 αὕτη
2891 1513 2977 1567 διὰ
3030 1513 3127 1566 τοῦ
3186 1513 3319 1568 Υἱοῦ
3364 1514 3467 1584 μὲν
3516 1516 3648 1585 ἔσχε
3697 1519 3766 1569 τδ

2170 1607 2490 1675 ὑφεστάναι,
2521 1604 2678 1658 τοῦτο
2715 1604 2771 1657 δὲ
2801 1604 2976 1676 ταύτῃ
3001 1605 3089 1659 διὰ
3129 1605 3223 1660 τοῦ
3260 1605 3392 1660 Υίοῦ
3424 1608 3764 1677 πεφανέρω-

2166 1717 2283 1763 ται,
2314 1698 2429 1765 εῐγε
2457 1698 2533 1768 μὴ
2558 1698 2696 1768 πρὸς
2717 1697 2817 1767 τὴν
2848 1698 3078 1768 Τριάδα,
3098 1686 3254 1770 ’πρὸς
3286 1698 3386 1769 τὴν
3417 1700 3601 1754 κτίσιν
3631 1701 3689 1754 δὲ
3723 1702 3761 1771 ἡ

2171 1792 2514 1862 φανέρωσις;
2553 1790 2679 1852 Πῶς
2710 1791 2769 1843 δὲ
2810 1789 2907 1843 καὶ
2954 1792 3011 1844 ὲν
3052 1786 3133 1855 οἷς
3184 1792 3218 1861 ἡ
3261 1791 3499 1862 διαφορὰ
3544 1794 3645 1847 καὶ
3692 1794 3766 1846 τὸ

2172 1882 2548 1953 διακρίνεσθαι
2581 1876 2680 1935 οὑκ
2724 1881 2980 1935 ἐντεῦθεν
3026 1882 3294 1952 ἐγεγόνει,
3328 1883 3532 1953 μᾶλλον
3567 1885 3637 1937 ὲκ
3658 1885 3761 1938 τοῦ

2172 1975 2487 2047 προχείρου,
2526 1974 2635 2027 ἀπὸ
2685 1973 2784 2028 τοῦ
2830 1974 2927 2045 τὴν
2971 1973 3072 2044 μὲν
3118 1974 3207 2028 διὰ
3264 1975 3362 2028 τοῦ
3410 1976 3765 2045 Μονογενοῦς

2172 2067 2319 2139 ἔχειν
2350 2067 2450 2136 τὴν
2482 2065 2738 2136 ὓπαρξιν,
2778 2064 2940 2120 τοῦτο
2966 2065 3023 2118 δὲ
3054 2064 3155 2133 οὑ;
3187 2061 3324 2120 Εἶτα
3348 2066 3606 2121 κάκεῖθεν
3632 2068 3763 2121 ὃθεν

2169 2158 2279 2228 ἄρα
2317 2159 2412 2213 καὶ
2444 2157 2828 2228 παραδέδοται,
2864 2157 2981 2212 ἀλλ’
3025 2158 3457 2229 ἀναμφίλεκτον,
3490 2161 3589 2227 ὡς,
3627 2162 3761 2216 ἐπεὶ

2174 2255 2250 2327 μὴ
2282 2249 2373 2325 ἦν,
2402 2253 2477 2325 μὴ
2524 2253 2586 2307 τὸ
2613 2247 2754 2307 εἶναι
2787 2255 2876 2308 διὰ
2925 2253 3018 2308 τοῦ
3056 2255 3191 2309 Υίοῦ
3222 2257 3284 2310 τὸ
3324 2255 3552 2327 Πνεῦμα
3579 2257 3759 2327 ἔχειν,

2168 2348 2314 2419 ἀπῆν
2350 2347 2461 2418 ἄρα
2490 2347 2587 2401 καὶ
2619 2347 2687 2401 τὰ
2729 2347 2832 2417 τῆς
2862 2338 3197 2420 δηλωθείσης
3238 2351 3530 2423 διαφορᾶς,
3555 2354 3655 2406 καὶ
3690 2354 3759 2406 οὑ

2168 2439 2441 2494 λέλεκται.
2472 2433 2549 2493 Ἦ
2578 2439 2685 2509 γὰρ
2717 2438 2804 2506 ἂν,
2838 2441 2887 2493 εί
2912 2436 2979 2511 ἦν
3003 2442 3202 2507 ἐκεῖνο,
3231 2438 3377 2513 εἶχεν
3406 2445 3472 2499 ἂν
3503 2445 3763 2516 ἀνάγκην

2169 2530 2539 2602 ἀκολουθῆσαι
2568 2532 2667 2585 καὶ
2707 2530 2881 2586 ταῦτα
2923 2532 3186 2604 λεχθῆναί
3216 2552 3297 2593 τε.
3325 2536 3448 2590 Ὅτι
3484 2537 3545 2590 δὲ
3595 2540 3757 2609 παρὰ

2169 2623 2387 2695 Πατρὸς
2438 2622 2509 2676 δι’
2553 2622 2688 2676 Υίοῦ
2744 2617 3004 2703 τδβῐναι
3042 2625 3121 2694 τῷ
3173 2626 3477 2703 “vstigia-cp
3505 2630 3762 2696 φυσικῶς

2172 2717 2290 2789 ἅμα
2344 2717 2440 2771 καὶ
2481 2716 2702 2782 ἀῖδίως,
2741 2702 2913 2788 τῇδὲ
2965 2718 3143 2772 κτίσει
3193 2702 3607 2790 δημιουργικῶς
3661 2724 3761 2777 καὶ

2170 2808 2447 2879 ὲγχρόνως
2480 2808 2834 2879 καταλλήλως
2863 2809 3064 2880 ἐρρέθη
3097 2811 3190 2865 καὶ
3225 2812 3287 2864 τὸ
3314 2813 3759 2884 διακρινόμενον.

2184 2898 2248 2954 Ἦ
2280 2899 2381 2971 μὲν
2416 2900 2524 2972 γὰρ
2552 2900 2783 2972 τρεπτὴ,
2804 2900 2887 2966 ὡς
2909 2903 2973 2955 ἐκ
2995 2899 3091 2956 τοῦ
3123 2904 3198 2975 μὴ
3219 2905 3373 2968 ὄντος
3402 2909 3483 2970 εἰς
3511 2907 3575 2961 τὸ
3609 2906 3760 2964 εἶναι

2171 2992 2455 3062 τραπεῖσα
2492 2993 2589 3045 καὶ
2639 2992 2785 3045 ποτὲ
2797 2992 2902 3063 μὲν
2931 2989 3088 3061 οὖσα,
3139 2992 3261 3051 εἶτα
3294 2999 3562 3068 χρονικῶς
3589 3000 3757 3067 οὖσα,

489 3088 607 3158 pori
641 3101 748 3141 non
778 3086 1028 3148 exsistat,
1072 3087 1129 3136 et
1161 3079 1545 3140 mutationem,
1581 3084 1635 3131 et
1688 3072 2065 3128 alterationem

2172 3083 2265 3136 καὶ
2291 3083 2355 3141 τὸ
2379 3082 2613 3151 τρεπτδν
2641 3082 2845 3152 ἔχουσα
2885 3086 2980 3139 καὶ
3001 3086 3295 3141 ἀλλοιωτὸν
3332 3091 3391 3142 ὲν
3420 3091 3544 3153 ταῖς
3567 3092 3651 3153 είς
3694 3093 3761 3146 τὸ

487 3181 545 3234 in
573 3178 830 3232 meliores
857 3175 1175 3246 pejoresque
1207 3169 1652 3226 trasututationes
1703 3166 1977 3220 admittat.
2001 3163 2068 3216 At

2172 3175 2424 3262 κρεῖττον
2460 3174 2554 3227 καὶ
2597 3176 2782 3245 χεῖρον
2833 3176 3185 3244 μεταϐολαῖς.
3222 3179 3300 3233 Τὸ
3328 3181 3386 3235 δὲ
3416 3180 3648 3252 Πνεῦμα
3692 3185 3759 3236 τὸ

489 3270 725 3339 Spiritus
780 3274 1005 3321 sanctus
1068 3261 1421 3317 immutabilis
1480 3269 1607 3325 est;
1655 3254 2067 3312 immutabiliter

2172 3259 2326 3330 ἅγιον
2387 3262 2462 3332 μὴ
2502 3265 2734 3332 τραπὲν,
2790 3263 3080 3335 ἀτρέπτως
3110 3268 3222 3336 γὰρ
3266 3270 3363 3323 καὶ
3402 3271 3759 3338 ἀναλοιὼτως

488 3361 633 3414 enim
692 3365 746 3413 et
799 3358 1057 3410 continua
1109 3353 1365 3406 lirmitate
1396 3359 1538 3414 erat,
1590 3357 1647 3402 et
1697 3358 1801 3410 est,
1830 3346 2065 3414 eritque,

487 3460 749 3518 tanquam
793 3445 883 3515 qui
927 3442 1285 3499 essentialiter
1335 3450 1388 3494 et
1423 3440 1647 3508 _absque
1709 3448 1949 3506 tempore
2001 3449 2069 3488 ex

490 3541 650 3596 Patre
696 3555 793 3611 per
844 3537 1036 3592 Filium
1108 3534 1396 3597 emittitur,
1453 3547 1670 3601 semper
1703 3530 1900 3589 bonus,
1942 3528 2067 3596 quia

490 3635 608 3704 ipsa
634 3630 851 3686 bonitas
882 3637 985 3691 est,
1021 3634 1077 3682 et
1099 3625 1364 3682 bonitatis
1395 3624 1539 3688 fons,
1571 3629 1873 3690 n-turaquc
1909 3619 2066 3683 Deus,

489 3741 642 3793 teque
673 3734 834 3793 atque
866 3721 956 3775 ille
987 3728 1089 3785 est,
1124 3734 1189 3774 ex
1228 3732 1338 3788 quo
1365 3724 1421 3772 et
1462 3732 1558 3786 per
1591 3729 1773 3784 quem.
1805 3712 2069 3767 Immuta-

489 3817 698 3872 bilitate
733 3815 917 3882 itaque
958 3819 1014 3866 et
1047 3810 1309 3872 ﬁrmitate
1364 3809 1697 3863 discernitur
1736 3821 1765 3857 a
1795 3812 2066 3866 creatura,

488 3917 545 3963 ct.
579 3923 682 3962 uOn
714 3905 859 3977 quod
887 3904 978 3958 illa
1004 3918 1102 3974 per
1138 3900 1333 3956 Filium
1361 3898 1607 3956 subStitit
1629 3896 2067 3973 communionem

386 4000 397 4017 ‘
489 4000 728 4068 aliquam
763 4011 886 4049 cum
913 3986 1025 4047 illa
1052 3994 1252 4048 habere
1290 3992 1655 4047 existimatur.
1697 3988 1875 4055 Quare
1898 4004 1928 4042 a
1960 3989 2068 4043 Deo

492 4086 872 4141 manifestatus
921 4081 1260 4153 Epiphanius
1291 4081 1347 4135 in
1398 4082 1674 4151 Ancyroto
1711 4078 1824 4132 haec
1856 4079 2021 4132 habet
2049 4094 2063 4133 :

497 4199 516 4230 ι
565 4178 726 4247 Igitur
753 4175 915 4230 Pater
949 4183 1065 4229 erat
1091 4188 1330 4244 semper,
1358 4182 1412 4227 et
1442 4171 1681 4242 Spiritus
1710 4183 1826 4225 erat
1854 4186 2070 4240 semper

494 4286 520 4322 a
555 4269 715 4322 Patre
749 4275 805 4321 et
845 4263 1005 4319 Filio.
1062 4262 1196 4329 Quae
1249 4277 1381 4317 vero
1414 4262 1820 4330 subsequuntur
1853 4260 2067 4315 Patrem

493 4373 546 4415 ct
577 4360 771 4414 Filium
807 4372 863 4414 et
895 4356 1159 4426 Spiritum
1190 4366 1437 4410 sanetum
1484 4358 1667 4409 omnia
1698 4355 1915 4409 condita
1943 4362 2072 4407 sunt

493 4463 547 4507 et
582 4461 784 4516 creata,
814 4461 869 4504 et
902 4465 1025 4505 cum
1057 4463 1169 4503 non
1198 4455 1390 4527 essent
1428 4448 1740 4516 aliquando,
1770 4447 1909 4501 facta
1943 4455 2073 4501 sunt

2167 3348 2237 3422 ἦν
2270 3353 2362 3404 καὶ
2411 3353 2529 3405 ἔστι
2581 3355 2681 3429 κα),
2729 3353 2903 3420 ἔσται,
2937 3356 3213 3423 οὑσιωδῶς
3254 3362 3352 3415 καὶ
3403 3363 3654 3433 ἁχρόνως
3694 3367 3760 3418 ἑκ

2171 3443 2383 3513 Πατρὺς
2412 3444 2481 3497 δι’
2514 3445 2646 3500 Υίοῦ
2676 3447 2827 3500 ἐστιν
2855 3450 3304 3521 ἐκπεμπόμενον,
3334 3454 3424 3507 ἀεὶ
3446 3456 3659 3523 ἀγαθὸν
3679 3459 3759 3521 ὡς
3794 3470 3805 3477 ·

2171 3537 2503 3604 αὑτάγαθον,
2530 3537 2626 3590 καὶ
2654 3539 2808 3608 πηγὴ
2847 3539 3209 3611 ἁγαθότητος,
3242 3543 3403 3611 φύσει
3437 3546 3572 3609 Θεὸς
3593 3547 3674 3610 ὡς
3695 3550 3755 3615 ἐξ

2169 3623 2230 3684 οῦ
2260 3631 2354 3682 καὶ
2378 3629 2445 3682 δι’
2484 3622 2565 3684 οῦ.
2612 3629 2701 3683 Ἐν
2736 3630 2867 3699 γοῦν
2895 3631 2973 3702 τῷ
2998 3634 3255 3704 ἀτρέπτῳ
3280 3638 3376 3690 καὶ
3405 3639 3758 3710 ἀναλλοιώτῳ

2169 3720 2464 3788 διαιρεῖται
2499 3718 2607 3773 ἀπὸ
2633 3720 2732 3789 τῆς
2765 3721 3020 3786 κτίσεως,
3059 3724 3155 3779 καὶ
3190 3726 3252 3778 οὐ
3286 3727 3462 3798 δήπου
3488 3728 3550 3783 ὲν
3577 3730 3660 3798 τῷ
3685 3731 3757 3784 δι’

2171 3809 2303 3863 Υἱοῦ
2333 3809 2542 3878 ταύτην
2573 3811 2899 3881 ὑποστῆναι,
2927 3814 3217 3871 κοινωνίαν
3249 3818 3373 3871 τινὰ
3407 3820 3546 3890 πρὸς
3580 3822 3757 3892 αὑτὴν

2169 3901 2315 3973 ἔχειν
2341 3901 2647 3971 νομίζεται.
2682 3901 2793 3956 Καί
2816 3920 2880 3971 γε
2907 3905 2934 3956 ὁ
2959 3905 3373 3977 θεοφανέρωτος
3428 3910 3758 3980 Ἐπιφάνιος

2170 3991 2230 4042 ὲν
2255 3990 2333 4059 τῷ
2371 3990 2709 4061 Ἀγκυρωτῷ
2750 3989 2895 4046 οὕτω
2945 3994 3112 4063 φησι·
3155 4013 3175 4048 ι
3211 3998 3409 4054 Τοίνυν
3456 4003 3651 4072 Πατὴρ
3685 4000 3756 4076 ἦν

2173 4081 2282 4147 ἀεὶ,
2312 4081 2408 4135 καὶ
2436 4081 2497 4134 τὸ
2521 4081 2751 4151 Πνεῦμα
2795 4078 2865 4153 ἦν
2908 4083 2997 4137 ἀεὶ
3034 4087 3189 4156 παρὰ
3225 4087 3441 4157 Πατρδς
3469 4095 3567 4151 καὶ
3596 4094 3757 4150 Υἱοῦ.

2172 4171 2253 4225 Τὰ
2285 4172 2341 4225 δὲ
2372 4172 2513 4242 μετὰ
2560 4174 2785 4243 Πατέρα
2833 4176 2929 4228 καὶ
2974 4175 3105 4230 Υίὸν
3167 4179 3263 4232 καὶ
3315 4182 3471 4249 ἅγιον
3526 4186 3760 4256 Πνεῦμα

2174 4262 2356 4316 πάντα
2383 4263 2610 4333 ποιητὰ,
2648 4266 2744 4317 καὶ
2796 4266 3016 4333 κτιστὰ,
3066 4270 3160 4322 καὶ
3197 4271 3273 4341 μὴ
3325 4273 3455 4326 ὄντα
3488 4277 3621 4329 ποτὲ
3661 4279 3760 4345 γέ-

2173 4371 2300 4423 γονε
2332 4355 2483 4423 παρὰ
2513 4354 2727 4425 Πατρὸς
2758 4355 2857 4408 καὶ
2883 4354 3016 4408 Υἱοῦ
3054 4357 3151 4410 καὶ
3178 4358 3334 4427 ἁγίου
3374 4361 3752 4431 Πνεῦματος.»

2175 4449 2270 4510 Τίς
2303 4448 2407 4501 οὑκ
2460 4449 2579 4519 ἐρεῖ
2612 4447 2892 4501 κάνταῦθα
2930 4450 3239 4516 καθολικῶς
3284 4453 3378 4506 τὸν
3422 4454 3582 4523 λόγον
3614 4455 3759 4515 εἶναι

450 4574 455 4579 -
494 4559 521 4594 a
555 4542 712 4595 Patre
741 4551 798 4595 et
828 4539 989 4602 Filio,
1013 4546 1070 4593 et
1103 4536 1312 4607 Spiritu
1369 4546 1585 4591 sancto.
1615 4556 1633 4587 ι
1669 4535 1801 4601 Quis
1842 4550 1945 4588 non
1989 4534 2069 4587 af-

2179 4539 2305 4610 περὶ
2332 4538 2644 4608 ὑπάρξεως,
2674 4540 2768 4593 καὶ
2805 4539 2866 4591 τὸ
2901 4539 3001 4611 μὲν
3031 4541 3175 4595 θεῖον
3218 4542 3443 4614 Πνεῦμα
3478 4545 3759 4615 θεολογεῖ·

495 4631 815 4695 tirmaverit,
881 4630 969 4683 hic
1007 4643 1224 4698 quoque
1263 4628 1315 4681 in
1388 4629 1702 4683 universum
1765 4640 2070 4681 sermonem

414 4778 419 4783 ,
495 4740 616 4778 esse
643 4724 709 4777 de
757 4721 1098 4786 exsistentia,
1149 4729 1204 4774 et
1269 4717 1537 4789 Spiritum
1570 4726 1816 4773 sanctum
1853 4716 2073 4773 decerni

495 4828 560 4867 ex
618 4811 781 4867 Patre
832 4820 886 4866 et
912 4811 1054 4865 Filio
1108 4814 1412 4867 secundum
1470 4824 1628 4865 suum
1665 4811 1968 4865 naturalem
2006 4809 2071 4863 ad

495 4917 619 4957 esse
662 4912 1016 4971 progressum
1051 4918 1065 4953 :
1126 4907 1182 4953 et
1216 4910 1523 4954 creaturam
1557 4897 1752 4951 factam
1792 4893 1959 4949 fuisse
1981 4909 2071 4948 as-

496 4993 745 5049 severari
789 5007 820 5045 a
880 4990 1054 5046 tribus
1088 4990 1395 5046 divinitatis
1428 4988 1834 5059 hypostasibus,
1866 4998 1919 5042 et
1952 5002 2075 5057 qua:

495 5088 884 5143 discernuntur
915 5082 1166 5138 similiter
1199 5091 1256 5137 ut
1296 5082 1368 5136 ibi
1399 5081 1599 5151 apponi
1624 5096 1639 5147 ;
1664 5081 1791 5135 hinc
1822 5089 2073 5134 accurata

495 5190 730 5244 veraque
763 5174 1054 5229 traditione
1090 5172 1390 5228 secundum
1430 5172 1764 5225 exsistentia:
1805 5170 2070 5224 rationem

495 5283 526 5323 ἃ
554 5267 714 5321 Patre
743 5283 840 5337 per
877 5265 1075 5321 Filium
1124 5266 1554 5334 omnipotentem
1604 5261 1865 5333 Spiritum
1916 5278 2071 5319 crea-

499 5373 784 5437 turatuque
814 5358 1054 5423 decerni,
1087 5366 1142 5412 et
1185 5358 1325 5410 hanc
1369 5370 1561 5409 rursus
1589 5371 1618 5408 a
1649 5357 1806 5409 Patre
1853 5355 1907 5409 in
1952 5354 2075 5423 Spi-

499 5455 605 5507 ritu
663 5467 760 5520 per
801 5450 1037 5504 Filium:
1078 5463 1375 5518 rursusque
1424 5463 1457 5503 a
1516 5448 1677 5502 Patre
1740 5456 1796 5500 et
1824 5448 1962 5500 Filio
2018 5457 2073 5501 et

500 5544 705 5611 Spiritu
740 5554 932 5599 sancto
960 5543 984 5597 τ
1015 5542 1158 5608 Quin
1192 5546 1300 5598 into
1331 5551 1386 5596 et
1418 5541 1631 5612 genitor
1661 5539 1783 5594 Filii
1811 5539 1987 5603 Pater,
2021 5550 2075 5595 et

498 5644 761 5688 creaturae
793 5633 1045 5687 conditor
1068 5633 1141 5686 ita
1184 5642 1240 5685 ut
1277 5634 1445 5686 ambo‘
1473 5645 1502 5683 a
1534 5628 1693 5683 Patre
1733 5639 2073 5693 astruautur,

496 5735 552 5779 et
578 5726 721 5793 quod
753 5726 1092 5780 discernitur
1130 5738 1474 5793 nequaquam
1507 5724 1574 5778 ab
1616 5724 1784 5788 hisce,
1817 5724 1920 5777 nisi
1954 5735 2073 5777 tan-

502 5827 636 5878 tum,
672 5819 809 5880 quod
838 5819 907 5871 ita
969 5816 1267 5870 secundum
1326 5815 1697 5869 cxsistentiatu
1757 5833 1863 5869 non
1917 5816 2075 5870 sint?

2179 4631 2304 4683 σθαι
2337 4628 2432 4682 τοῦ
2474 4631 2687 4699 Πατρος
2724 4632 2818 4691 καὶ
2853 4631 2980 4683 Υίοῦ
3013 4630 3156 4685 κατὰ
3185 4632 3286 4702 τὴν
3316 4634 3484 4688 αὑτοῦ
3514 4640 3759 4709 φυσικὴν

2176 4726 2255 4785 εἰς
2289 4722 2351 4774 τὸ
2385 4717 2526 4776 εἶναι
2563 4724 2814 4793 πρόοδον,
2845 4722 2944 4793 τὴν
2985 4723 3041 4775 δὲ
3081 4724 3261 4779 κτίσιν
3306 4725 3563 4794 λέγεσθαι
3596 4747 3761 4800 γεγο-

2178 4812 2327 4865 νέναι
2378 4812 2530 4882 παρὰ
2561 4812 2671 4865 τῶν
2717 4813 2886 4884 τριῶν
2934 4815 3036 4884 τῆς
3070 4813 3324 4883 θεότητος
3372 4804 3757 4888 ὑποστάσεων,

2175 4906 2272 4956 καὶ
2303 4902 2372 4956 τὰ.
2424 4903 2855 4975 διαστελλόμενα
2906 4904 3134 4975 ὁμοίως,
3173 4905 3248 4969 ὡς
3295 4910 3412 4961 ἐκεῖ
3453 4913 3759 4981 παρατίθει-

2179 4993 2477 5051 σθαι.ὂθεν
2516 4995 2846 5067 εἰλικρινοῦς
2896 4998 3256 5068 παραδόσεως
3305 5002 3450 5056 κατὰ
3506 5003 3602 5058 τὸν
3654 5005 3759 5076 τῆς

2176 5084 2465 5167 ὑπάρξεως
2496 5085 2656 5156 λόγον
2684 5087 2835 5157 παρὰ
2874 5087 3092 5158 Πατρὺς
3122 5089 3189 5143 δι’
3220 5090 3354 5144 Υίοῦ
3384 5094 3446 5146 τὸ
3475 5096 3757 5161 παναλκὲς

2182 5182 2406 5252 Πνεῦμα
2436 5183 2863 5252 δογματίζεσθαι
2906 5188 3003 5238 καὶ
3031 5185 3132 5255 τὴν
3166 5187 3368 5252 κτίσιν,
3413 5189 3508 5242 καὶ
3538 5191 3754 5261 ,ταύτην

2177 5274 2343 5330 πάλιν
2372 5274 2525 5346 παρὰ
2559 5276 2769 5346 Πατρὸς
2809 5277 2867 5329 ὲν
2909 5277 3188 5346 Πνεύματι
3220 5278 3286 5331 δι’
3334 5279 3466 5334 Υίοῦ
3489 5296 3504 5312 ο
3538 5283 3635 5335 καὶ
3659 5281 3757 5338 αῦ-

2177 5367 2259 5429 θις
2294 5370 2446 5436 παρὰ
2496 5369 2707 5438 Πατρδς
2742 5369 2837 5420 καὶ
2876 5367 3034 5436 Υίοῦ,
3072 5372 3167 5423 καὶ
3205 5372 3367 5439 ἁγίου
3398 5375 3753 5445 ﬂaminum;

2178 5461 2251 5512 Οὑ
2285 5461 2392 5527 μὴν
2423 5457 2560 5512 ἀλλὰ
2594 5461 2689 5512 καὶ
2733 5463 3017 5531 γεννήτωρ
3052 5463 3081 5513 ὁ
3136 5463 3328 5532 Πατὴρ
3366 5464 3461 5517 τοῦ
3495 5466 3627 5519 Υἱοῦ
3661 5471 3756 5520 καὶ

2176 5551 2277 5619 τῆς
2307 5550 2538 5613 κτίσεως
2583 5550 2837 5621 ποιητὴς,
2882 5553 2960 5609 ὡς
2986 5554 3049 5605 ἐκ
3081 5554 3293 5622 Πατρὸς
3322 5553 3495 5624 ἄμφω
3523 5557 3754 5627 τρανοῦ-

2180 5638 2324 5702 σθαι,
2358 5639 2453 5690 καὶ
2473 5639 2533 5692 τὸ
2573 5639 2985 5710 διακρινόμενον
3022 5642 3238 5703 πάντως
3266 5643 3366 5696 οὑκ
3392 5644 3503 5697 ἀπὸ
3528 5646 3754 5710 τούτων,

2180 5728 2211 5797 ἢ
2243 5728 2326 5779 ὃτι
2352 5728 2495 5795 ταδὶ,
2540 5731 2614 5800 μὴ
2659 5730 2782 5783 καθ’
2806 5729 3063 5801 ὓπαρξιν.
3114 5732 3226 5784 Καὶ
3268 5731 3370 5801 τῆς
3399 5734 3689 5804 ὁμολογίας
3723 5753 3757 5799 η

2182 5822 2410 5890 κορωνὶς
2447 5820 2764 5886 ’Λθανὲισιος
2802 5824 2861 5877 ἐν
2906 5817 2938 5891 ἧ
2986 5820 3266 5878 ἐκτίθεται
3299 5823 3535 5889 διηλέξει
3576 5826 3752 5895 Ὀρθιο
