4072 6400
489 352 614 410 13η
1712 358 2036 420 GEORGII

2166 359 2383 421 ETOCH
2398 364 2540 424 ΙΤΑΞ
3597 362 3735 428 1392

480 466 609 518 dum
670 465 1043 520 exsistcutiam
1105 477 1207 532 est,
1280 475 1334 521 et
1392 470 1566 525 altero
1619 471 1711 538 qui
1766 471 2063 527 secundum

2171 472 2244 543 μὴ
2289 473 2414 527 καθ’
2436 474 2695 547 ὕπαρξιν,
2724 475 2771 528 τί
2813 475 2904 530 καὶ
2942 475 3141 546 ταύτης
3175 477 3202 528 ὀ
3239 476 3435 546 τρόπος
3461 476 3741 545 ἑκατέρων

478 555 856 609 exsisteutiam
880 571 989 609 non
1012 567 1112 616 est.
1141 557 1266 612 licet
1308 559 1536 627 hujusce
1563 562 1757 616 modus
1780 564 2062 617 ambarum

2169 564 2523 617 ὑποστάσεων
2553 565 2815 634 κέκτηται
2845 567 2903 620 τὸ
2930 568 3204 633 ἀνόμοιον.
3240 568 3363 620 Ὅτι
3390 567 3447 620 δὲ
3481 566 3647 636 μόνος
3680 567 3742 619 ἐκ

482 645 853 715 hypostaseon
894 648 1175 702 dissimilis
1224 650 1320 705 sit.
1369 650 1558 705 Solum
1596 667 1725 707 vero
1752 648 1959 706 Filium
1997 668 2063 706 ex

2172 652 2335 720 μόνον
2363 653 2459 706 τοῦ
2493 655 2707 724 Πατρὸς
2730 658 2756 708 ό
2785 657 3049 728 Υἱὸς,οὖχ
3069 657 3215 719 ὅπως
3243 658 3304 710 ὲκ
3340 658 3552 728 ρήσεως
3577 672 3743 726 προσ-

2164 744 2304 813 εχῶς
2319 746 2417 812 τῆς
2446 747 2920 821 παραληφθείσης,
2944 750 3079 802 ἀλλὰ
3099 751 3190 802 καὶ
3208 748 3536 818 ὲξὲτέρα;,ό
3554 748 3743 817 θεόλη-

2165 852 2299 897 πτος
2322 837 2543 909 Nicon;
2576 840 2843 905 ἐκφαίνει,
2879 841 2910 911 ἢ
2942 843 3145 910 μᾶλλον
3172 844 3204 911 ἡ
3240 840 3572 911 ἀμφοτέρων
3599 836 3743 908 ὀμώ-

2164 940 2336 991 νυμος
2366 925 2514 992 δυὰς,
2568 919 2722 990 οὗτός
2752 946 2809 981 τε
2836 930 2928 980 καὶ
2957 932 3070 990 τοῖς
3104 914 3444 998 eadem“
3487 944 3745 997 φερωνυ-

2169 1015 2285 1086 μῶν
2347 1017 2786 1089 Νεοκαισαρείας
2840 1019 3022 1084 ἔνθεος
3082 1021 3342 1091 ίεράρχης
3402 1020 3743 1073 δεικνύουσιν

2163 1108 2429 1177 ἐναργῶς.
2484 1108 2543 1162 '0
2592 1111 2691 1178 μὲν
2724 1110 2833 1181 γὰρ
2883 1111 3036 1174 θείας
3079 1112 3349 1176 ὀπτασίας
3380 1111 3743 1180 ἡγησαμένης

481 737 596 791 solo
633 737 789 792 Patre
841 753 949 791 non
986 749 1195 794 tantum
1224 756 1290 795 ex
1343 743 1488 795 dicto
1538 742 1787 812 proxime
1826 744 2059 815 digesto,

479 828 575 882 sed
612 838 662 882 et
700 829 804 881 alio
839 845 1076 899 quoque,
1107 832 1334 887 numine
1356 832 1566 887 alllatus
1597 833 1869 903 Nysseuus
1910 851 2062 889 com-

484 928 777 985 monstrat,
813 936 910 975 scu
945 922 1126 990 potius
1176 924 1340 977 ambo
1380 925 1752 994 cognomines,
1801 935 1913 977 tum
1949 924 2060 984 hic.

478 1017 592 1063 tum
621 1013 712 1078 qui
743 1025 812 1065 ex
862 1013 1015 1067 miris
1050 1015 1277 1069 edendis
1307 1030 1611 1083 cognomen
1665 1015 1767 1068 sibi
1798 1015 2060 1082 vindicat,

478 1097 938 1157 Neocaesariensis
962 1103 1181 1158 divinus
1212 1103 1524 1164 hierarcha,
1556 1104 1845 1175 perspicue
1878 1105 2060 1160 decla-

477 1200 622 1244 rant.
670 1190 769 1246 llic
818 1192 966 1246 enim
1004 1209 1131 1247 cum
1174 1193 1418 1248 divinum
1468 1193 1646 1248 visum
1688 1194 2060 1264 prtrcessisset

2166 1200 2315 1267 παρὰ
2357 1198 2606 1255 Ἰωάννου
2655 1203 2751 1256 τοῦ
2808 1204 3127 1275 ὲπιστηθίου
3180 1205 3276 1258 καὶ
3328 1204 3599 1271 Θεολόγου
3644 1203 3741 1272 τὴν

479 1268 793 1338 insinuante
825 1283 1036 1340 Joanne
1068 1284 1371 1354 'l‘heologo,
1407 1283 1501 1354 qui
1535 1287 1589 1338 in
1625 1297 1818 1354 pectus
1846 1285 2059 1339 Domini

2166 1292 2424 1363 ἀληθινὴν
2460 1278 2659 1348 πίστιν
2694 1298 2909 1364 μυεῖται
2945 1268 3345 1365 μεσιτευούσης
3378 1297 3481 1364 τῆς
3508 1268 3743 1363 *Θεομη-

477 1375 751 1442 recubuit,
792 1391 978 1431 veram
1031 1376 1214 1443 ﬁdem,
1276 1375 1368 1431 Dei
1416 1375 1589 1431 Matre
1631 1378 2056 1439 interveniente,

2166 1384 2348 1451 τοροξο
2408 1388 2436 1437 ό
2479 1385 2535 1438 δὲ
2596 1387 2799 1456 οἰκείῳ
2840 1386 2985 1458 λόγῳ
3018 1389 3111 1441 τὸν
3160 1388 3356 1442 τούτου
3404 1388 3525 1457 βίον
3567 1390 3774 1458 ἐγκωοξ

476 1462 737 1517 educetur
768 1482 783 1518 :
819 1464 909 1519 ille
944 1464 1163 1535 prepria
1209 1468 1460 1522 oratione
1487 1469 1655 1524 vitam
1693 1468 1855 1535 hujus
1881 1476 1937 1521 et
1968 1481 2056 1521 res

2166 1443 2374 1543 μισὶζων
2429 1477 2498 1530 τά
2562 1496 2621 1531 τε
2682 1443 2820 1534 ἄλλα
2887 1443 2978 1533 x'ai
3030 1482 3100 1534 τὰ
3156 1485 3256 1551 τῆς
3313 1443 3779 1549 Ἀποκαλύίξιεωςί

476 1563 657 1622 gestas
689 1555 942 1609 laudibus
976 1571 1335 1625 prosequens,
1389 1559 1535 1613 inter
1573 1559 1677 1612 alia
1707 1558 2056 1613 revelationis

2166 1564 2451 1634 Βιἠγιεῖται,
2509 1568 2604 1620 καὶ
2660 1569 2760 1639 τὴν
2807 1570 2867 1633 ἐξ
2924 1572 3096 1641 αὐτῆς
3159 1570 3586 1641 θεολογηθεῖσαν
3652 1570 3742 1621 πί-

480 1640 699 1701 modum
733 1657 973 1713 enarrat,
1005 1658 1061 1703 et
1103 1649 1157 1703 in
1201 1665 1266 1704 ea
1318 1649 1477 1705 {idem
1507 1650 1767 1705 dictatam
1808 1652 2053 1718 exponit,

2166 1672 2275 1709 στιν
2337 1656 2610 1712 ἐκτίθεται
2636 1699 2650 1725 ,
2698 1661 2734 1732 ἢ
2772 1661 2867 1714 καί
2919 1679 3027 1715 τινι
3056 1640 3188 1715 τῶν
3237 1640 3530 1731 ἡμετέρων
3568 1661 3742 1728 λόγων

478 1753 597 1806 qua:
630 1739 682 1791 in
718 1755 829 1793 uno
882 1755 947 1795 ex
995 1743 1198 1796 nostris
1234 1742 1560 1797 tractatibus
1609 1743 1815 1812 integra
1847 1741 2054 1810 digesta

2166 1748 2390 1811 ἐντελῶς
2413 1750 2883 1820 ὲγκατέστρωται.
2919 1754 3007 1817 Ἐν
3085 1753 3215 1824 περὶ
3241 1753 3334 1806 τοῦ
3365 1754 3583 1823 Πατρδς
3609 1754 3743 1822 μετᾶ

477 1837 581 1884 est.
644 1829 701 1884 In
751 1831 841 1885 -ea'
911 1843 1198 1902 postquam
1258 1834 1325 1888 de
1382 1834 1542 1889 Patre
1610 1835 1815 1889 dictum
1886 1841 2052 1898 esset,

2166 1841 2218 1893 rb
2249 1840 2530 1910 λεχθῆναι,
2570 1862 2594 1894 ξ(
2633 1840 2727 1907 Εἷς
2759 1844 2913 1907 Θεὸς,
2952 1846 3143 1915 Πατὴρ
3169 1846 3348 1912 Λόγου
3394 1845 3625 1908 ζῶντος,
3658 1861 3745 1897 σο-

482 1926 513 1971 ι·
540 1921 695 1978 Unus
730 1921 891 1987 Deus,
938 1923 1099 1978 Pater
1136 1924 1302 1980 Verbi
1332 1926 1586 1992 viventis,
1623 1926 1905 1996 sapientiae
1959 1940 2054 1996 per

2166 1932 2286 2001 φίας
2315 1933 2636 2006 ὑφεστώσης
2663 1937 2758 1988 καὶ
2787 1936 3092 2005 δυνάμεως,
3128 1956 3147 1987 ι
3200 1939 3297 1991 καὶ
3332 1939 3400 1990 τὰ
3430 1937 3583 2006 ἑξῆς,
3619 1937 3743 2005 περὶ

478 2027 534 2066 se
565 2012 911 2067 subsistentis
949 2021 1004 2068 et
1050 2017 1362 2083 potestatis,
1395 2034 1414 2068 ι
1454 2031 1575 2085 qua:
1610 2026 1933 2085 sequuntur,
1986 2017 2053 2071 de

2166 2023 2249 2077 τοῦ
2286 2024 2415 2077 Υἱοῦ
2464 2024 2588 2078 τάδε
2617 2025 3067 2095 διαλαμϐάνεται,
3118 2045 3137 2076 ι
3177 2021 3270 2089 Εἷς
3298 2026 3531 2096 Κύριος,
3588 2027 3742 2095 μόνος

420 2128 423 2135 ι
478 2100 614 2157 Filio
672 2104 836 2158 tradit
887 2120 900 2156 :
956 2122 974 2155 ι
1035 2103 1190 2159 Unus
1252 2107 1535 2170 Dominus,
1591 2107 1741 2165 solus
1788 2124 1850 2163 ex
1912 2109 2051 2173 solo,

2166 2116 2221 2168 ὲκ
2256 2115 2442 2185 μόνου,
2507 2116 2640 2180 Θεὸς
2673 2117 2737 2170 ὲκ
2765 2117 2922 2185 Θεοῦ,
2981 2118 3277 2188 χαρακτὴρ
3313 2120 3407 2172 καὶ
3441 2116 3613 2171 εἰκὼν
3645 2119 3740 2187 τῆς

478 2193 619 2248 Deus
657 2210 720 2247 ex
770 2194 904 2258 Deo,
941 2196 1226 2250 character
1257 2206 1311 2252 et
1341 2198 1518 2267 imago
1574 2199 1890 2259 divinitatis.
1927 2200 2055 2254 Ver-

477 2292 601 2338 bum
627 2284 831 2354 absque
876 2286 1170 2356 principio,
1212 2308 1230 2339 ι
1266 2298 1319 2343 et
1357 2291 1587 2359 reliqua.
1632 2291 1766 2346 Cum
1807 2308 1934 2345 vero
1960 2292 2050 2361 qui

477 2378 731 2432 omnibus
781 2379 1182 2445 contradicunt,
1239 2382 1404 2435 verba
1459 2381 1753 2448 l'unditare,
1803 2398 2054 2452 novaque

476 2469 814 2548 comminisci
858 2470 1069 2524 nullum
1120 2471 1281 2525 tinem
1321 2472 1552 2538 faciunt,
1592 2474 1716 2528 licet
1752 2491 1874 2544 quze
1914 2477 2052 2530 alie-

2159 2204 2437 2295 θεότητος,
2501 2208 2673 2277 Λόγος
2710 2210 2984 2279 ἄναρχος,
3034 2227 3053 2260 ι
3115 2211 3212 2263 καὶ
3242 2210 3313 2262 τὰ
3345 2209 3535 2267 λοιπά.
3600 2208 3739 2280 Πλὴν

2156 2297 2279 2349 ἐπεὶ
2313 2300 2423 2361 τοῖς
2461 2299 2980 2369 ἀντιδιατιθεμένοις
3020 2300 3159 2372 πρὸς
3202 2302 3383 2354 πάντα
3420 2301 3484 2353 τὸ
3528 2301 3737 2371 εὑρεσι-

2125 2386 2357 2467 δλογεῖν,
2383 2390 2479 2441 καὶ
2517 2390 2564 2441 εί
2609 2390 2718 2442 τῶν
2749 2391 3183 2460 ἀναντιρρίγτων,
3219 2393 3316 2445 καὶ
3348 2393 3396 2444 εἰ
3431 2390 3545 2442 τῶν
3569 2390 3739 2459 ἀναμ-
3794 2385 3805 2393 ’

2159 2478 2451 2547 φιλέκτων,
2493 2479 2588 2532 καὶ
2620 2481 2681 2533 rb
2707 2482 2886 2535 δοκεῖν
2938 2499 2993 2535 τι
3030 2482 3217 2549 λέγειν
3246 2483 3339 2534 καὶ
3367 2482 3528 2535 πλέον
3554 2480 3735 2534 οὐδέν’

479 2570 673 2625 runtur
704 2560 1006 2616 indubitata
1051 2570 1109 2617 et
1160 2563 1308 2617 omni
1364 2566 1794 2621 contradictione
1848 2567 2053 2636 majora

2166 2568 2232 2622 ὲῶ
2264 2567 2372 2637 γὰρ
2404 2568 2605 2639 ἀρτίως
2650 2570 2846 2633 εἰπεῖν,
2881 2569 2957 2633 ὡς
2983 2569 3076 2622 καὶ
3106 2571 3175 2622 τὰ
3227 2569 3400 2621 πλείω
3446 2568 3562 2621 τῶν
3594 2568 3739 2637 σφίσι

478 2653 607 2719 sint,
648 2662 859 2708 tantum
908 2664 967 2708 ut
1003 2656 1290 2710 videantur
1327 2658 1530 2727 aliquid
1562 2660 1765 2721 dicete,
1811 2670 1864 2714 et
1908 2661 2051 2717 aliud

2166 2660 2468 2728 λεγομένων
2498 2660 2579 2722 είς
2627 2662 2908 2732 κρημνοὺς
2944 2659 3245 2713 συνωθοῦσι
3282 2661 3409 2722 τοὺς
3437 2660 3737 2727 λέγοντας’

479 2744 938 2813 ιιι-πιθτειι.ηἰιιὶ1;
968 2761 1092 2800 nam
1119 2747 1173 2800 in
1205 2750 1486 2816 praesentia
1522 2750 1741 2805 silentio
1766 2762 2051 2821 praetereo,

2166 2752 2272 2819 ὲρεῖ
2302 2767 2385 2813 τις
2422 2750 2571 2813 ἴσως,
2606 2770 2625 2803 ι
2675 2752 2804 2813 Υἱὸς
2843 2751 3001 2821 μόνος
3042 2753 3107 2804 ἐκ
3143 2755 3308 2820 μόνου
3335 2751 3593 2820 Πατρόςο
3632 2768 3651 2799 ι
3681 2748 3739 2800 τὸ

478 2837 742 2901 majorem
772 2850 964 2891 eorum
994 2846 1437 2893 cotnmentorum
1497 2849 1702 2910 partem
1753 2843 1804 2896 in
1861 2843 2057 2913 praeci-

2166 2842 2268 2911 γὰρ
2300 2841 2524 2911 Πνεῦμα
2548 2843 2645 2913 οὐχ
2686 2841 2830 2905 Υἱός.
2856 2843 2919 2895 Et
2962 2844 3149 2909 μέντοι
3197 2844 3328 2913 περὶ
3355 2842 3451 2895 τοῦ
3489 2841 3622 2894 Υἱοῦ
3652 2840 3739 2893 τὸν

476 2927 613 2996 pitia
643 2938 953 2982 asserentes
977 2928 1324 2997 compellere,
1348 2929 1579 2986 fortasse
1605 2948 1672 2987 ex
1697 2933 1763 2987 iis
1788 2935 2054 3004 quispiam

2166 2933 2315 3001 λόγον
2343 2933 2666 3003 ποιούμενος
2704 2932 2877 2996 οὕτως
2916 2935 3160 3004 εἴρηκεν,
3215 2953 3233 2985 ι
3273 2929 3354 2996 εἷς
3394 2934 3551 2997 Υἱὸς,
3583 2952 3603 2985 ι
3626 2928 3738 2984 εἶτα

478 3017 679 3072 dixerit
719 3035 733 3073 :
777 3036 797 3080 ι
839 3017 1011 3073 Filius
1042 3016 1191 3074 solus
1242 3036 1308 3075 ex
1347 3023 1467 3077 solo
1499 3023 1701 3091 Patre;
1751 3045 1769 3077 ι
1821 3025 2056 3096 Spiritus

2166 3025 2428 3093 ἐπήγαγε,
2481 3042 2499 3075 ι
2536 3024 2693 3091 μόνος
2737 3026 2800 3077 ἐκ
2835 3027 3022 3093 μόνου,
3054 3018 3393 3082 ιὀὖδόῦτος
3419 3021 3571 3095 εἶχεν
3612 3024 3677 3076 ἂν
3711 3023 3738 3074 ό

480 3109 625 3164 enim
668 3109 834 3165 Filius
856 3102 983 3164 ‘nun
1036 3119 1141 3166 cst.
1183 3111 1336 3177 Quod
1380 3114 1424 3167 si
1470 3114 1538 3167 de
1568 3112 1709 3169 Filio
1747 3131 2056 3171 sermonem

2166 3115 2317 3181 λόγος
2376 3115 2460 3168 ὅδε
2492 3116 2553 3167 τὸ
2578 3116 2659 3177 εἰς
2690 3114 2982 3182 βεὸαίωσιν
3005 3133 3018 3147 ο
3064 3117 3213 3185 ὅμως
3233 3117 3355 3167 τινὰ
3384 3115 3610 3187 δόκησιν
3629 3110 3736 3183 εἶχε

480 3202 714 3267 habens,
741 3205 812 3257 ita
837 3203 1050 3258 locutus
1072 3203 1285 3270 fuisset,
1315 3225 1334 3258 (
1368 3205 1524 3261 Unus
1544 3208 1729 3269 Filius,
1763 3226 1781 3259 ι
1813 3217 2059 3278 postmo-

2166 3204 2254 3259 τοῦ
2298 3206 2479 3274 λέγειν
2510 3223 2584 3260 τι.
2652 3207 2806 3259 Ἐπεὶ
2835 3206 2894 3259 δὲ
2928 3226 2947 3258 ι
2982 3201 3062 3270 εἷς
3108 3207 3315 3276 Κύριος
3363 3227 3381 3258 ι
3412 3207 3613 3275 ἔφησε,
3646 3207 3736 3259 καὶ

479 3292 610 3348 dum
642 3295 1018 3364 subjunxisset
1050 3315 1068 3347 ι
1106 3298 1254 3352 solus
1285 3314 1350 3352 ex
1379 3298 1516 3362 solo,
1547 3316 1564 3349 ι
1598 3314 1666 3354 ne
1701 3299 1800 3352 hac
1839 3300 2058 3368 quidem

2166 3297 2435 3365 παρευθὺς
2490 3315 2508 3349 ι
2550 3299 2712 3367 μόνος
2752 3299 2817 3351 ἐκ
2855 3298 3015 3368 μόνου
3055 3316 3073 3349 ι
3136 3300 3408 3370 ἐπήγαγε.
3442 3318 3461 3351 ι
3509 3300 3643 3361 θεὸς
3676 3301 3736 3350 ἐκ

485 3388 695 3440 ratione
758 3387 963 3441 dictum
1024 3386 1205 3442 simile
1266 3390 1658 3445 certitudinem
1739 3390 2056 3459 habuisset;

2166 3387 2318 3451 Θεοῦ,
2360 3405 2380 3438 ι
2416 3386 2512 3439 καὶ
2547 3389 2686 3453 μετά
2716 3405 2838 3440 τινα
2878 3390 2980 3442 οὐκ
3011 3388 3188 3456 ὀλίγα,
3254 3409 3273 3441 ι
3325 3390 3453 3453 Υἱὸς
3488 3390 3737 3459 ἀληθινὸς

485 3476 847 3531 nihilominus
892 3478 1172 3535 videretur
1202 3479 1408 3548 aliquid
1438 3481 1640 3535 dicere.
1669 3479 2058 3535 Verumtamen

2166 3476 2413 3545 ἀληθινοῦ
2448 3464 2678 3547 Πατρός,
2716 3496 2734 3529 ι
2774 3479 2877 3531 ποῦ
2904 3478 3091 3549 χώραν
3123 3484 3190 3533 τὰ
3218 3481 3315 3550 τῆς
3352 3482 3732 3551 εὑρεσιλογίας

484 3568 610 3622 dum
634 3567 787 3634 dicit,
827 3587 846 3619 ‹
885 3585 1025 3624 unus
1051 3569 1311 3625 Dominus
1344 3589 1363 3623 ι
1398 3580 1453 3626 et
1478 3587 1640 3640 quam
1680 3572 1824 3627 illico
1851 3590 1871 3625 ι
1911 3573 2062 3628 solus

481 3672 549 3713 ex
591 3659 709 3714 solo
749 3676 768 3709 ι
818 3659 1043 3723 addidit,
1101 3679 1122 3713 ι
1195 3662 1335 3716 Deus
1389 3678 1454 3718 ex
1518 3663 1650 3727 Deo,
1708 3667 1744 3717 ι’
1774 3674 1828 3719 et
1876 3666 2061 3719 multis

486 3750 811 3821 interjectis,
864 3770 883 3802 ι
936 3752 1104 3808 Filius
1152 3770 1319 3826 verus
1364 3757 1476 3811 veri
1524 3755 1724 3823 Patris,
1772 3774 1792 3808 ι
1842 3758 2061 3812 tthinam

484 3842 862 3897 commentitia
922 3845 1025 3899 ista
1086 3845 1266 3900 locum
1330 3847 1648 3902 habebunt?
1705 3846 2060 3902 Postmodum

484 3934 669 3987 animo
699 3935 1093 3991 attendendum
1114 3947 1219 4001 est,
1244 3939 1494 3993 eumdem
1518 3954 1637 3993 esse
1660 3938 2063 4007 diviniloquum

484 4027 576 4095 qui
611 4026 874 4080 visionem
929 4039 985 4082 et
1016 4031 1379 4099 colloquium,
1410 4032 1462 4083 iu
1490 4046 1601 4100 quo
1630 4047 1660 4084 a
1693 4031 1802 4085 Deo
1827 4039 2064 4098 exceptae

485 4133 678 4188 preces
706 4127 857 4180 sunt,
878 4118 1039 4174 tradit
1071 4132 1418 4191 euarratque,
1451 4132 1503 4177 et
1527 4123 1800 4193 quomodo
1821 4124 2063 4178 sibimet-

484 4210 586 4280 ipsi
638 4211 912 4266 contraria
965 4213 1223 4277 scribere,
1273 4222 1328 4267 ct
1374 4229 1484 4268 non
1532 4215 1633 4268 sibi
1679 4214 1862 4284 potius
1926 4230 2062 4269 con-

487 4303 671 4357 cordia
711 4301 917 4357 relerre
950 4304 1198 4357 veritatis
1232 4314 1413 4359 lautus
1448 4322 1512 4360 ac
1546 4307 1843 4361 vehemens
1884 4321 2063 4375 praeco

488 4392 901 4465 prttpOSlliSSCl?
951 4392 1131 4459 Quare
1183 4396 1327 4463 quod
1376 4396 1470 4459 ibi,
1531 4413 1550 4447 ι
1601 4412 1703 4450 nec
1738 4397 1878 4449 ultra
1939 4410 2063 4461 pro-

2160 3571 2218 3623 ὲν
2246 3568 2456 3632 τούτοις
2478 3570 2691 3635 ἕξουσιν
2715 3586 2730 3635 ;
2756 3569 2950 3624 ἔπειτα
2969 3572 3413 3643 προσεσχηκέναι
3445 3573 3645 3641 χρεὼν,
3666 3571 3735 3632 ὡς

2161 3665 2190 3716 ό
2218 3662 2380 3725 αὑτός
2416 3664 2534 3715 ἐστι
2560 3661 2824 3733 θεηγόρος
2855 3665 2883 3716 ό
2909 3663 2980 3716 τὰ
3001 3665 3102 3734 τῆς
3134 3664 3405 3727 ὀπτασίας
3427 3667 3525 3717 καὶ
3547 3665 3611 3717 τὰ
3644 3664 3737 3731 τῆς

2162 3752 2377 3822 ὁμιλίας
2405 3754 2503 3822 τῆς
2529 3753 2607 3815 είς
2638 3752 2737 3822 τὴν
2759 3752 3164 3822 θεοπαράδοτον
3197 3754 3365 3824 εὐχὴν
3401 3754 3736 3823 παραδιδοὺς

2162 3845 2256 3897 καὶ
2288 3842 2687 3910 φθεγγόμενος.
2714 3843 2823 3895 Καὶ
2858 3842 2976 3906 πῶς
3007 3843 3073 3895 ἂν
3106 3845 3531 3912 ὲναντιοφωνείν
3570 3845 3738 3897 εἵλετο

2165 3951 2295 3988 ποτε
2322 3933 2523 4002 ἑαυτῷ,
2548 3933 2630 3985 ὅτι
2664 3932 2740 4002 μὴ
2770 3935 3082 4003 συμφωνεῖν
3123 3934 3327 4003 μᾶλλον
3358 3935 3457 4002 τῆς
3482 3934 3736 4004 ἀληθείας

2163 4026 2193 4078 ὁ
2237 4023 2490 4087 τοσοῦτος
2523 4023 2699 4094 κῆρυξ
2726 4026 2753 4076 ό
2778 4024 3107 4095 διαπρύσιος
3133 4042 3149 4089 ;
3178 4025 3345 4079 Ὅθεν
3370 4026 3509 4096 ὅπερ
3541 4027 3732 4088 ἐκεῖσε,

2170 4139 2189 4173 ι
2225 4121 2403 4188 Μέχρι
2442 4118 2632 4171 τούτου
2665 4118 2882 4171 ἵσταται
2906 4118 2967 4171 τὸ
3005 4118 3202 4187 ἰδίωμα
3234 4118 3313 4189 τῷ
3339 4117 3474 4187 Υίῷ,
3513 4137 3533 4170 ι
3577 4118 3730 4186 μέχρι

2164 4210 2258 4264 τοῦ
2298 4213 2363 4263 ὲκ
2389 4209 2602 4280 [πατρὸς
2629 4204 2785 4272 εἶναι,
2820 4211 2915 4262 καὶ
2966 4209 3040 4280 μὴ
3072 4209 3387 4279 περαιτέρω
3414 4211 3474 4276 ἐξ
3516 4210 3672 4264 ἄλλου
3702 4207 3734 4277 ἢ

2165 4303 2232 4356 δι’
2262 4303 2444 4365 ἄλλου,
2475 4301 2634 4355 τοῦτο
2665 4301 2899 4354 ἐνταῦθα
2933 4302 3092 4371 μόνος
3140 4304 3203 4355 ὲκ
3230 4304 3420 4372 μόνου,
3464 4302 3733 4354 τουτέστιν

2168 4396 2231 4447 ἐκ
2259 4394 2353 4447 τοῦ
2374 4394 2604 4463 Πατρός,
2637 4394 2730 4446 καὶ
2776 4393 2878 4446 οὐκ
2910 4394 2968 4459 ἐξ
2992 4393 3214 4474 ἑτέρου,
3242 4394 3274 4465 ἢ
3300 4394 3368 4446 δι’
3403 4394 3595 4463 ἑτέρου
3644 4391 3731 4444 καὶ

491 4486 691 4555 prietas
723 4483 871 4537 illius
921 4486 1263 4551 extenditur,
1305 4504 1325 4536 ι
1362 4485 1503 4539 ultra
1533 4501 1735 4554 nempe
1785 4500 1851 4539 ex
1900 4483 2063 4539 Patre

2166 4491 2265 4555 τῆς
2295 4486 2388 4538 ἐπὶ
2428 4487 2589 4536 πλέον
2618 4485 2923 4554 σαφηνείας
2952 4484 3147 4538 τούτου
3172 4501 3232 4537 τε
3275 4484 3531 4538 κάκείνου
3561 4484 3732 4554 παράο

487 4590 631 4640 esse,
666 4589 846 4642 neque
891 4590 957 4629 ex
988 4576 1116 4639 alio,
1171 4592 1348 4644 neque
1405 4592 1505 4641 per
1552 4576 1720 4631 aliud.
1757 4575 1963 4631 Et-hoc
2013 4585 2068 4631 et

490 4666 625 4722 illud
648 4669 819 4735 magis
846 4683 909 4721 ac
942 4668 1110 4739 magis
1138 4670 1452 4725 manifestat
1472 4659 1799 4724 inductioit
1830 4668 2068 4738 Spiritus

492 4773 623 4811 veru
644 4770 699 4814 et
718 4777 783 4814 ex
809 4760 970 4816 Patre
994 4762 1213 4828 dicitur,
1239 4770 1295 4816 et
1321 4776 1386 4815 rx
1417 4760 1553 4815 Filio
1578 4776 1699 4815 esse
1725 4763 2009 4825 astruitur,
2041 4779 2062 4814 ι

496 4851 783 4916 utriusque
828 4850 1174 4906 concordiam
1237 4840 1612 4917 invariabilem
1665 4853 1965 4906 ostendens
2014 4861 2072 4906 et

492 4942 892 5011 animctipsius.
938 4961 956 4993 ι
1011 4943 1078 4996 At
1121 4958 1394 5008 asserere,
1438 4943 1588 4997 Salus
1631 4940 1801 4999 Filius
1843 4958 1907 4997 ex
1950 4943 2070 4998 solo

498 5033 653 5088 l’atre
686 5054 701 5090 :
739 5036 975 5103 Spiritus
997 5036 1143 5090 enim
1173 5032 1340 5088 Filius
1364 5050 1472 5087 non
1499 5043 1603 5099 est,
1642 5053 1660 5086 ι
1683 5035 1747 5088 ad
1779 5034 2069 5088 destruen-

494 5126 618 5180 dam
654 5128 1022 5183 diﬂ‘ercntiam
1060 5128 1315 5182 traditam
1359 5142 1389 5180 a
1433 5127 1620 5181 divino
1662 5142 1932 5196 prazcone.
1964 5125 2071 5180 hoe

496 5220 714 5288 quidem
743 5237 851 5275 nou
871 5237 935 5275 ex
964 5231 1199 5297 utroque
1228 5236 1350 5276 esse
1379 5219 1665 5285 Spiritum,
1691 5219 1821 5273 illud
1852 5234 1978 5273 vero
2001 5233 2069 5272 ex

499 5329 611 5367 tum
661 5316 837 5366 solum
892 5329 960 5369 ex
1019 5313 1134 5368 stilo
1184 5313 1342 5366 Patre
1378 5310 1598 5374 Filium.
1633 5325 1753 5379 qua:
1813 5319 1897 5365 est
1943 5324 2069 5378 pro-

500 5405 703 5474 prietes
736 5404 884 5458 illius
929 5420 994 5459 ex
1031 5413 1281 5474 utroque,
1310 5412 1679 5473 praeterquam
1710 5401 1855 5472 quod
1883 5400 2071 5455 divino

501 5495 734 5563 ιιι-ωιξυιιί
779 5494 1102 5550 contradicti
1130 5510 1271 5548 tnem
1321 5492 1588 5564 appiug’rt,
1638 5492 1866 5547 rationis
1904 5505 2074 5561 penu-

503 5587 638 5639 ιέιιιιι
671 5586 902 5649 indicat,
935 5586 978 5639 si
1016 5587 1130 5639 huc
1157 5584 1430 5655 theologia
1462 5584 1880 5654 proprietatem,
1921 5593 1975 5636 ct
2006 5598 2072 5636 ex

505 5684 733 5739 utroque
765 5678 986 5733 tradens
1022 5689 1230 5745 aperte,
1277 5677 1538 5746 Spiritum
1574 5691 1684 5731 non
1717 5691 1842 5731 esse
1874 5674 2073 5730 Filium

507 5767 721 5828 edocet,
750 5779 799 5822 ct
836 5785 930 5829 per
954 5768 1150 5825 Filium
1178 5772 1491 5833 enuntians,
1517 5784 1638 5823 cum
1658 5769 1830 5821 amba:
1866 5781 2071 5832 pratpo-

2172 4592 2363 4638 στασις
2395 4576 2425 4645 ἡ
2454 4575 2743 4645 ἐπαγωγὴ,
2784 4593 2803 4627 ι
2849 4576 2923 4627 Τὸ
2953 4575 3008 4628 δὲ
3036 4574 3262 4644 Πνεῦμα
3299 4579 3393 4626 καὶ
3420 4575 3485 4627 ὲκ
3505 4572 3595 4626 τοῦ
3628 4573 3729 4624 Πα-

2168 4668 2564 4738 τρδςλέγεται,
2588 4670 2685 4721 καῖ
2718 4671 2782 4721 ὲκ
2812 4669 2909 4723 τοῦ
2958 4666 3090 4721 Υίοῦ
3126 4663 3267 4721 εἶναι
3302 4666 3732 4738 προσμαρτυρεί-

2169 4779 2281 4824 ται,
2319 4780 2340 4814 ι
2370 4761 2431 4814 τὸ
2460 4760 2560 4828 τῆς
2588 4762 2913 4831 συμφωνίας
2959 4761 3301 4832 ἀμετάθετον
3327 4763 3609 4833 ἑκατέρων
3634 4758 3727 4811 δει-

2171 4854 2347 4907 κνῦσα
2368 4854 2462 4906 καὶ
2487 4854 2710 4925 ἑαυτῆς.
2736 4873 2755 4904 ι
2780 4854 2855 4909 Τὸ
2875 4854 2931 4907 δὲ
2962 4856 3128 4922 φάναι
3155 4855 3316 4921 μόνος
3344 4852 3475 4913 Υίος
3499 4854 3561 4905 ὲκ
3580 4853 3728 4921 μόνου

2171 4943 2419 5013 Πατρός·
2459 4943 2519 4995 τὸ
2571 4943 2796 5012 Πνεῦμα
2852 4943 2962 5012 γὰρ
2996 4945 3095 5012 οὐχ
3128 4942 3277 5005 Υἱὸς,
3307 4960 3324 4993 ι
3360 4943 3438 5006 είς
3462 4942 3730 5011 ἀναίρεσιν

2170 5036 2268 5104 τῆς
2299 5035 2713 5104 παραδοθείσης
2744 5035 3012 5106 διαφορᾶς
3040 5034 3119 5103 τῷ
3171 5033 3519 5103 ίεροφὰντορι
3538 5046 3553 5062 ·
3586 5028 3730 5082 τοῦτο

2176 5127 2275 5197 μὲν
2308 5126 2366 5191 ἐξ
2390 5130 2591 5196 ἀμφοῖν
2624 5127 2900 5197 ὑπάρχειν.
2933 5126 2992 5179 τὸ
3021 5125 3267 5195 Πνεῦμα,
3323 5124 3387 5177 τὸ
3424 5124 3482 5177 δὲ
3521 5121 3581 5188 ἐξ
3619 5120 3728 5181 ἐνὸς
3755 5141 3760 5145 ”

2176 5218 2335 5289 μόνον
2368 5220 2430 5271 ὲκ
2474 5220 2637 5288 μόνου
2676 5217 2771 5271 τοῦ
2814 5217 3027 5287 Πατρδς
3055 5217 3147 5269 τὸν
3171 5217 3325 5277 Υίὸν,
3378 5217 3512 5285 ὅπερ
3547 5213 3724 5281 ίδίωμα

2173 5309 2307 5379 πρὸς
2341 5309 2403 5361 rb
2431 5309 2490 5376 ἐξ
2544 5310 2769 5378 ἀμφοῖν,
2808 5309 2942 5378 πρὸς
2992 5308 3070 5375 τῷ
3109 5307 3536 5374 ὲναντιοφωνίαν
3570 5316 3725 5372 προσ-

2174 5398 2479 5469 επιτρίϐειν
2501 5397 2579 5469 τῷ
2612 5396 2910 5468 θεοκήρυκι
2932 5438 2948 5463 ,
3010 5398 3107 5451 καὶ
3140 5396 3200 5450 τὺ
3233 5396 3519 5465 ἀλόγιστον
3550 5391 3723 5460 ἑπιφὲ-

2176 5507 2353 5560 ρεται,
2382 5490 2542 5560 είπερ
2570 5488 2711 5561 αῦτη
2753 5489 2943 5560 σαφῶς
2975 5490 3010 5560 ἡ
3034 5487 3284 5556 θεολογία
3311 5490 3371 5541 τὶ
3399 5487 3609 5556 ἰδίωμα,
3641 5482 3724 5535 καὶ

2172 5580 2235 5632 τὸ
2278 5581 2344 5633 ἐκ
2388 5580 2594 5651 δυοῑνὴ
2645 5578 3037 5647 παραδιδοῦσα,
3091 5579 3152 5632 τὸ
3208 5580 3285 5650 μὴ
3337 5578 3465 5631 Υἱόν
3524 5568 3725 5628 εἶναιτὸ

2176 5670 2402 5739 Πνεῦμα
2432 5670 2693 5736 διδάσκει,
2722 5672 2757 5740 ἦ
2802 5687 2862 5723 τε
2896 5672 2957 5724 τὸ
2985 5671 3051 5723 δι’
3088 5671 3220 5724 Υἰοῦ
3275 5669 3724 5738 καταγγέλλουσα,

2176 5764 2249 5839 ᾡς
2270 5769 2328 5817 τὸ
2356 5763 2676 5833 ἰσοδύναμον
2700 5764 3024 5836 ἀμφοτέρων
3050 5764 3362 5835 προθέσεων
3392 5759 3725 5831 κεκτημένων
