4072 6488
300 513 446 577 1393

1251 516 1554 578 CONTRA
1594 516 2024 577 MANUELEM
2067 500 2569 577 CRETENSEMS

3411 508 3549 574 139i

293 640 436 678 κατα
472 624 571 686 τὰς
623 623 896 694 πατρικὰς
944 626 1404 697 προδεδειγμένας
1449 628 1905 698 μυσταγωγίας.⁴

2006 626 2218 684 itiones.
2242 638 2300 682 ut
2317 630 2425 697 iatn
2450 624 2846 682 demonstratis
2870 633 3029 679 antea
3052 623 3276 678 Patrum
3297 621 3560 677 doctrinis

240 771 252 781 ,
294 715 466 776 Αὐτὸς
495 714 591 783 μὲν
620 713 727 784 γὰρ
749 716 778 768 ὀ
806 715 1064 785 θεόσοφος
1094 716 1279 770 ἐνθάδε
1309 716 1533 785 Νύσσης
1591 718 1750 787 μόνον
1806 720 1869 770 ὲκ

302 804 462 872 μόνου
494 807 584 857 τὸν
612 805 739 858 Υἰὸν
773 806 1129 877 δογματίσας,
1156 808 1216 860 τὸ
1259 809 1546 878 μονογενὲς
1574 808 1736 862 αὐτοῦ
1761 809 1871 862 διε-

297 895 567 964 τρὰνωσε,
590 900 683 948 καὶ
709 897 810 953 ποῦ
837 898 897 950 τὸ
925 899 1109 952 λοιπὸν
1141 899 1324 969 υἱὸτης
1358 899 1435 969 τῷ
1468 899 1769 967 Πνεύματι,
1815 901 1872 953 ὲν

284 986 353 1038 «δὲ
383 990 494 1049 τοῖς
519 988 651 1056 πρὸς
673 989 1020 1057 ἣἈόλάὸιον,
1054 991 1112 1042 ἐν
1156 984 1236 1053 οἷς
1268 991 1437 1061 φησί’
1472 1009 1491 1042 ι
1529 991 1602 1043 Τὸ
1636 992 1733 1060 μὲν
1766 992 1874 1061 γὰρ

300 1079 583 1148 προσεχιῖκ
616 1080 680 1131 ὲκ
708 1079 801 1131 τοῦ
830 1081 1074 1149 πρώτου,
1117 1100 1135 1133 ι
1173 1081 1262 1135 τὸν
1300 1082 1429 1134 Υἰὸν
1467 1081 1645 1150 λέγων
1686 1082 1751 1134 ἐκ
1780 1081 1874 1134 τοῦ

302 1169 536 1239 Πατρὸς,
570 1173 846 1225 τουτέστιν
892 1173 1132 1241 ἀμέσως,
1157 1174 1235 1236 ὡς
1263 1175 1312 1225 εί
1346 1173 1519 1241 ἔλεγε.
1561 1191 1579 1224 ι
1621 1173 1780 1241 μόνος
1812 1172 1877 1225 ἐκ

303 1261 521 1337 μόνουί
542 1257 680 1326 εἶτα,
706 1281 724 1313 ι
739 1264 811 1315 Τὸ
833 1262 922 1315 διὰ
944 1263 1037 1315 τοῦ
1068 1264 1373 1334 προσεχοῦς
1401 1266 1466 1317 ὲκ
1488 1264 1580 1316 τοῦ
1600 1264 1872 1334 πρώτου»

233 1408 243 1417 ,
300 1352 362 1403 τὸ
393 1351 619 1421 Πνεῦμα
641 1352 729 1405 διὰ
759 1352 851 1404 τοῦ
877 1353 1007 1406 Υίοῦ
1044 1353 1300 1422 καθαρῶς
1330 1355 1461 1407 αὐτὸ
1489 1354 1551 1408 τὸ
1593 1353 1878 1424 μονογενὲς

301 1440 722 1510 διηυκρίνησενο
767 1441 845 1495 ἔτι
884 1458 942 1496 τε
983 1443 1107 1496 κατ’
1140 1444 1268 1506 ἔπος
1307 1443 1684 1513 διηρθρωκὼς,
1732 1430 1880 1497 ὥστε

305 1532 400 1584 καὶ
422 1531 482 1583 τὸ
511 1533 802 1600 μονογενὲς
854 1534 1230 1603 ἀναμφίϐολον
1264 1535 1355 1587 ἐπὶ
1382 1535 1477 1587 τοῦ
1511 1534 1641 1588 Υίοῦ
1673 1533 1877 1604 μένειν,

307 1622 400 1673 καὶ
427 1620 485 1673 τὸ
521 1623 584 1674 ἐκ
618 1622 711 1673 τοῦ
741 1622 951 1693 Πατρὸς
973 1618 1115 1676 εἶναι
1144 1623 1208 1676 τὸ
1245 1624 1470 1692 Πνεῦμα
1505 1625 1579 1695 μὴ
1606 1623 1884 1693 ἀμφιϐάλ-

304 1710 440 1776 λειν,
474 1712 573 1780 τῆς
591 1713 685 1766 τοῦ
712 1713 842 1766 Υίοῦ
874 1715 1154 1784 μεσιτείας
1181 1717 1276 1771 καὶ
1302 1715 1480 1785 ἑαυτῷ
1510 1715 1571 1768 τὸ
1594 1713 1883 1784 μονογενὲς

308 1802 705 1871 φυλαττούσης,
734 1805 828 1856 καὶ
853 1803 912 1857 τὺ
947 1803 1173 1874 Πνεῦμα
1205 1807 1303 1873 τῆς
1349 1792 1583 1876 φυσικῆς
1610 1803 1747 1873 πρὸς
1792 1805 1883 1857 τὸν

308 1894 532 1962 Πατέρα
565 1895 803 1965 σχέσεως
836 1895 913 1964 μὴ
941 1895 1336 1965 ἀπειργούσης.
1369 1915 1387 1948 ι
1438 1896 1496 1949 '0
1524 1895 1582 1949 δέ
1607 1913 1673 1964 γε
1701 1897 1884 1967 διορα-

309 1983 606 2044 τικὼτατος
641 1983 961 2053 Ἐπιφάνιος
993 1986 1203 2054 συνῳδά
1231 1985 1444 2058 τούτοις
1475 1985 1766 2055 θεολογῶν,
1787 1988 1886 2041 καὶ
1918 1959 1959 2014 Β

309 2076 372 2129 τὸ
394 2074 453 2139 ἐξ
480 2077 685 2146 ἀμφοῖν
711 2072 851 2130 εἶναι
887 2077 951 2130 τὸ
981 2077 1209 2144 Πνεῦμα
1252 2077 1518 2148 διατόρως
1573 2079 1891 2151 ἀνακηρύτ-

313 2183 446 2231 των,
484 2168 738 2221 ἐντεῦθεν
766 2168 1141 2239 ἀπορῤαπίξει
1167 2169 1260 2221 τὸν
1292 2170 1352 2222 τὸ
1382 2170 1608 2241 Πνεῦμα
1638 2170 1768 2225 Υίὺν
1795 2171 1890 2223 καὶ

312 2260 508 2330 λοιπὴν
538 2260 772 2313 ἀτοπίαν
803 2261 1127 2329 συνάγοντα.
1178 2260 1386 2334 Φάσκει
1436 2265 1543 2332 γάρ
1569 2263 1624 2315 έν
1654 2261 1733 2332 τῷ
1775 2260 1895 2327 ’Λγ-

314 2352 567 2425 κυρωτῷ,
599 2371 617 2404 ι
665 2353 978 2423 ’Δμφότερα
1007 2356 1253 2406 κατοικεῖ
1279 2355 1336 2406 ἐν
1365 2353 1441 2423 τῷ
1492 2354 1764 2425 ἀνθρώπῳ
1813 2354 1893 2426 τῷ

301 2444 530 2515 οδικαίῳ,
562 2446 589 2497 ὁ
618 2445 852 2515 Χριστὸς
877 2444 972 2498 καὶ
996 2445 1058 2498 τὸ
1092 2444 1319 2515 Πνεῦμα
1342 2446 1532 2500 αὑτοῦ.
1577 2447 1639 2498 Εἰ
1670 2446 1728 2500 δὲ
1752 2448 1889 2517 Χρι·

318 2539 440 2598 στος
489 2537 553 2590 ὲκ
599 2537 812 2607 Πατρὸς
874 2535 1189 2590 πιστεύεται
1227 2536 1359 2600 Θεὸς
1411 2540 1476 2592 ἐκ
1522 2537 1682 2601 Θεοῦ,
1711 2540 1807 2593 καὶ
1832 2539 1896 2593 τὸ

316 2630 545 2701 Πνεῦμα
567 2631 632 2684 ἐκ
660 2631 755 2684 τοῦ
779 2630 1038 2700 Χριστοῦ,
1060 2628 1094 2692 ἦ
1118 2630 1245 2701 παρ’
1270 2630 1708 2701 ἀμφοτέρων,ὦ;
1731 2646 1896 2702 φησιν

316 2722 346 2775 ὁ
369 2722 625 2792 Χριστὸς,
668 2723 737 2775 Ὃ
757 2721 914 2788 παρὰ
952 2720 1059 2775 τοῦ
1082 2722 1313 2790 Πατρός
1336 2721 1747 2789 ἐκπορεύεται,
1776 2722 1895 2787 καὶ,

323 2807 511 2878 Οὗτος
545 2813 614 2866 ἐπὶ
651 2811 951 2887 τοῦνέμοῦ
991 2810 1274 2879 λήψεται.
1323 2808 1478 2873 Εἶτα.
1519 2810 1633 2865 ἀλλ’
1664 2813 1780 2882 ἐρεῖ
1814 2829 1899 2876 τις

320 2901 472 2964 ἴσως,
505 2901 714 2954 Οὐκοῦν
753 2918 937 2971 φαμεν
969 2899 1062 2954 δύο
1084 2896 1435 2966 εἷναιΥίοὺς.
1468 2906 1562 2957 καὶ
1597 2904 1713 2967 πῶς
1738 2922 1897 2974 μονο-

320 2993 753 3065 γενήςςΜενοῦν
786 3012 851 3064 γε
906 2996 970 3049 σὺ
1013 2996 1098 3060 τίς
1147 2991 1200 3049 εἴ
1249 2996 1278 3047 ὁ
1327 2995 1798 3064 ἀντιλογιζόμενος
1821 3014 1902 3068 τῳ

325 3086 487 3156 Θεῷ;
528 3087 589 3139 Εί
645 3087 753 3157 γὰρ
791 3087 884 3141 τὸν
943 3088 1071 3142 Υἰὺν
1098 3086 1256 3141 καλεῖ
1287 3088 1378 3141 τὸν
1412 3088 1471 3154 ἐξ
1511 3087 1704 3152 αὐτοῦ,
1758 3088 1821 3141 τὸ
1846 3088 1905 3142 δὲ

328 3178 483 3247 ἅγιον
517 3178 745 3250 Πνεῦμα
777 3181 841 3232 τδ
893 3179 1025 3252 παρ’
1063 3178 1415 3250 ἀμφοτέρων.
1448 3177 1485 3233 ἃ
1531 3179 1690 3250 μόνον
1725 3178 1905 3232 πίστει

1975 718 2319 784 instruimur,
2350 719 2584 788 aequales
2612 719 2759 772 vires
2783 716 3103 786 possideant
3130 731 3143 779 ;
3176 714 3291 784 ipse
3323 728 3563 782 namque

1973 823 2004 862 a
2034 810 2142 861 Deo
2171 810 2398 863 edoctus
2441 808 2738 875 Nysseuus,
2775 808 2955 863 solum
2983 823 3050 861 ex
3082 807 3201 862 solo
3238 804 3436 859 Filium
3469 805 3566 859 de-

1936 943 1941 949 .
1976 904 2234 962 cern'ens,
2268 901 2613 968 unigenitum
2649 901 2797 954 illius
2823 900 3123 956 declaravit
3154 917 3168 953 :
3204 909 3253 953 et
3290 897 3561 951 undenam

1977 990 2166 1045 liliatio
2216 991 2447 1059 Spiritui
2488 993 2750 1047 accedet?
2794 993 2851 1045 in
2889 992 2955 1046 iis
2986 1007 3119 1046 vero
3150 1007 3269 1062 qttze
3297 991 3363 1046 ad
3400 990 3563 1046 Abla-

1977 1082 2127 1137 bium
2160 1084 2405 1152 scripsit,
2431 1084 2558 1137 dum
2582 1084 2657 1137 ait
2690 1100 2705 1135 :
2741 1104 2758 1135 ι
2792 1082 2907 1138 Ηοε
2936 1083 3081 1138 enim
3107 1083 3370 1139 continue
3396 1092 3479 1138 est
3501 1097 3565 1136 cx

1978 1174 2178 1244 primo,
2223 1193 2240 1225 ι
2279 1173 2480 1227 Filium
2513 1189 2769 1230 asserens
2808 1190 2871 1229 ex
2900 1174 3085 1239 Patre,
3127 1174 3177 1228 id
3223 1184 3328 1235 est,
3375 1174 3571 1227 imme-

1978 1263 2147 1325 diate,
2183 1262 2340 1331 quasi
2378 1262 2603 1325 diceret,
2651 1282 2668 1315 ι
2720 1264 2870 1317 solus
2923 1278 2992 1318 ex
3042 1264 3183 1319 solo.
3249 1280 3268 1313 ι
3339 1259 3568 1328 Dein-le,~

1987 1376 2007 1409 ι
2042 1357 2158 1412 Hoc
2180 1369 2319 1410 vero
2344 1369 2438 1424 per
2470 1353 2602 1408 illud
2632 1354 2778 1423 quod
2803 1353 3065 1408 continue
3093 1360 3179 1406 est
3205 1368 3269 1417 ex
3305 1352 3504 1420 primo,
3547 1369 3563 1401 ι

1982 1447 2246 1516 Spiritum
2309 1462 2409 1515 per
2471 1444 2668 1500 Filium
2731 1456 2920 1515 aperte
2987 1445 3172 1514 ipsum
3224 1443 3571 1513 unigenitum

1983 1537 2391 1603 manifestavit;
2430 1546 2543 1592 tum
2577 1545 2841 1606 praeterea
2876 1535 3065 1591 verbis
3095 1552 3205 1589 non
3239 1535 3361 1589 aliis
3390 1533 3577 1602 expri-

1983 1645 2139 1684 mens
2173 1651 2185 1684 :
2225 1648 2243 1681 ι
2280 1626 2357 1683 Ita
2380 1638 2443 1684 ut
2472 1637 2528 1684 et
2549 1628 2907 1697 unigenitum
2943 1627 3314 1682 indubitatum
3347 1626 3403 1680 in
3438 1624 3577 1679 Filio

1985 1729 2222 1786 maneat,
2250 1728 2301 1775 et
2337 1734 2402 1774 ex
2426 1720 2585 1774 Patre
2618 1720 2886 1788 Spiritum
2912 1734 3035 1774 esse
3063 1718 3118 1772 in
3144 1718 3314 1773 dubio
3342 1732 3450 1771 non
3482 1716 3581 1779 sit,

1988 1811 2326 1867 mediatioue
2359 1811 2481 1865 Filii
2517 1820 2573 1866 et
2617 1812 2719 1867 sibi
2779 1812 2883 1882 ipsi
2942 1810 3287 1882 unigenitum
3351 1824 3579 1864 conser-

1987 1912 2175 1969 vante,
2229 1913 2285 1958 et
2334 1902 2594 1973 Spiritum
2632 1918 2662 1958 a
2699 1904 2936 1958 naturali
2984 1919 3112 1974 erga
3172 1902 3390 1958 Patrem
3424 1902 3584 1957 habi—

1993 1995 2182 2049 tudine
2227 2008 2340 2048 non
2395 2003 2641 2048 arcente.
2699 2011 2719 2044 ι
2774 1992 2842 2047 Ει
2896 1990 3419 2064 perspicacissimus
3459 1992 3583 2062 Epi-

1993 2085 2229 2155 phanius
2274 2099 2383 2139 non
2418 2084 2711 2140 dissimliia
2761 2085 3094 2152 decernens,
3143 2094 3199 2141 et
3240 2101 3307 2140 ex
3342 2095 3582 2154 utroque

1995 2174 2259 2245 Spiritum
2290 2190 2414 2230 esse
2448 2173 2595 2228 clare
2621 2174 2917 2230 admodum
2950 2175 3349 2245 dcpracdicans,
3383 2174 3585 2229 refellit

1995 2283 2145 2332 eum,
2172 2268 2263 2338 qui
2310 2267 2577 2338 Spiritum
2613 2265 2812 2322 Filium
2845 2282 2972 2322 esse
3004 2268 3355 2338 reliquasque
3390 2266 3587 2321 absur-

1996 2360 2194 2414 ditates
2263 2359 2508 2429 colligit;
2572 2373 2811 2428 namque
2865 2357 3040 2428 inquit
3112 2361 3166 2412 in
3231 2355 3509 2430 Atteyroto
3567 2378 3581 2413 :

2002 2469 2023 2504 ι
2063 2451 2304 2521 Utraque
2330 2451 2643 2516 inhabitant
2686 2450 2741 2504 in
2779 2450 3002 2504 homine
3041 2448 3211 2520 justo,
3246 2451 3502 2507 Christus
3532 2460 3588 2507 et

1998 2543 2240 2613 Spiritus
2270 2542 2435 2597 illius.
2470 2542 2626 2607 Quod
2659 2542 2701 2597 si
2734 2543 2990 2598 Christus
3024 2558 3092 2596 ex
3137 2544 3298 2598 Patre
3345 2544 3588 2600 creditur

2001 2638 2145 2692 Deus
2169 2653 2234 2692 ex
2259 2637 2391 2695 Deo.
2416 2644 2472 2692 et
2497 2636 2733 2704 Spiritus
2756 2652 2819 2689 ex
2856 2636 3099 2699 Christo,
3126 2645 3215 2689 aut
3241 2651 3308 2691 ex
3331 2648 3588 2707 utroque,

2001 2739 2062 2785 ut
2091 2728 2269 2803 inquit
2297 2728 2550 2783 Christus
2580 2746 2592 2782 :
2630 2727 2731 2792 Qui
2760 2745 2793 2781 a
2827 2728 2990 2782 Patre
3040 2728 3297 2796 procedit,
3348 2737 3423 2793 et,
3483 2710 3619 2781 Hic.

2001 2824 2067 2877 de
2127 2839 2241 2877 meo
2293 2822 2534 2891 accipiet.
2596 2820 2699 2874 Sed
2753 2819 3023 2889 quispiam
3075 2819 3274 2874 dixerit
3306 2818 3588 2875 fortasse:

2002 2915 2191 2984 Itaque
2222 2914 2458 2969 dicimus
2486 2914 2625 2968 duos
2656 2926 2780 2966 esse
2813 2911 2973 2974 ﬁlios,
3005 2922 3058 2965 et
3092 2910 3369 2980 quomodo
3398 2910 3594 2980 unige.

2003 3005 2196 3060 nitus?
2233 3004 2315 3059 Tu
2351 3004 2475 3073 quis
2522 3019 2606 3067 es,
2662 3003 2754 3070 qui
2812 3010 3004 3057 contra
3064 3000 3413 3056 ratiocinaris
3462 3014 3589 3055 cum

2006 3094 2117 3150 Deo
2142 3095 2165 3148 ἲ
2202 3093 2258 3148 Si
2290 3093 2435 3148 enim
2474 3090 2673 3146 Filium
2702 3100 2879 3154 vocat,-
2921 3089 3112 3163 quiﬁex
3142 3090 3261 3158 ipso
3286 3081 3389 3151 est,
3418 3085 3594 3157 Spiri-

2007 3191 2122 3236 tum
2159 3196 2289 3237 vero
2317 3180 2568 3236 sanctum
2606 3178 2700 3249 qui
2730 3193 2795 3233 ex
2825 3187 3081 3247 utroque.
3120 3193 3241 3247 qua:
3268 3178 3446 3231 solum
3490 3175 3595 3229 (ide

327 3269 590 3335 νοούμενα
614 3253 720 3326 ὑπὸ
742 3271 849 3324 τῶν
884 3256 1076 3339 ἁγίων,
1102 3272 1359 3341 φωτεινὰ,
1385 3271 1683 3340 φωτοδότα,
1709 3287 1905 3339 φωτει-

2009 3272 2405 3342 comprehensa
2435 3286 2461 3323 a
2488 3268 2693 3323 sanctis
2719 3267 3010 3329 luminosa,
3043 3265 3227 3321 lumen
3251 3263 3591 3326 exhibentia,

329 3362 427 3434 νὴν
452 3364 550 3432 τὴν
581 3363 865 3432 ἐνέργειαν
893 3363 1027 3432 ἔχει.
1065 3380 1085 3413 ι
1126 3363 1247 3415 Τῶν
1273 3357 1367 3415 οῦν
1406 3362 1546 3433 μετὰ
1568 3362 1700 3415 Θεὸν
1731 3361 1907 3430 σωτή-

333 3470 443 3525 ρων
481 3451 625 3507 οῦτω
682 3453 1102 3522 θεολογούντων,
1165 3452 1310 3507 οὕτω
1355 3452 1814 3523 διατρανούντων,
1858 3454 1907 3507 εί

336 3546 497 3615 μόνος
521 3544 642 3600 κατ’
666 3546 863 3609 αὐτοὺς
882 3545 911 3598 ὁ
940 3545 1068 3608 Υἱὸς
1099 3546 1164 3599 ὲκ
1190 3545 1353 3616 μόνου
1379 3546 1611 3615 Πατρος,
1644 3546 1695 3599 εί
1726 3546 1911 3616 σφίσιν

335 3637 484 3708 αὐτῷ
518 3637 676 3691 τοῦτο
731 3636 955 3707 ἰδίωμα,
1014 3638 1064 3689 εί
1099 3636 1237 3709 πρὸς
1284 3638 1416 3690 αὐτὸ
1443 3638 1502 3689 τὺ
1532 3636 1593 3700 ἐξ
1617 3636 1819 3707 ἀμφοῖν
1849 3638 1912 3690 τὸ

335 3729 562 3800 Πνεῦμα
596 3727 946 3796 θεολογείται,
979 3728 1100 3791 πῶς
1127 3729 1192 3780 ὲκ
1225 3727 1389 3797 μόνου
1429 3726 1663 3797 Πατρός;
1700 3727 1774 3789 ὼς
1804 3742 1908 3780 πα-

339 3824 602 3895 ραδράμω
651 3822 750 3885 τὰς
795 3821 877 3884 είς
944 3818 1210 3874 σύστασιν
1242 3818 1400 3874 τοῦδε
1435 3820 1910 3887 πλαστογραφίας,

338 3917 435 3969 καὶ
461 3915 554 3968 τὸν
601 3913 663 3979 ἐξ
690 3911 984 3983 ὁμολογίας
1033 3911 1144 3966 τῶν
1190 3911 1628 3983 πλαστογράφων
1660 3913 1913 3967 τοσοῦτον

340 4006 370 4061 θ
379 4006 639 4077 ρίαμϐον.

413 4105 525 4166 σις’.
553 4096 719 4162 Αὖθις
740 4098 798 4153 δὲ
824 4097 961 4170 πρὸς
989 4098 1050 4152 ὃν
1075 4099 1124 4153 0i
1150 4096 1320 4166 λόγοι.
1350 4098 1414 4152 El
1446 4099 1596 4169 πηγὴ
1621 4097 1717 4152 τοῦ
1745 4096 1918 4150 Ilvati-

345 4209 512 4264 ματος
543 4194 571 4246 ὁ
599 4192 806 4265 Πατὴρ,
840 4194 887 4245 εί
915 4192 1069 4264 πηγὴ
1114 4191 1208 4245 τοῦ
1245 4190 1565 4261 Πνεύματος
1593 4192 1619 4244 ὁ
1666 4189 1794 4252 Υίδς
1818 4229 1833 4255 ,
1866 4189 1918 4242 εί

343 4286 501 4340 πάνθ’
532 4287 630 4339 ὅσα
660 4285 765 4337 τῶν
796 4285 969 4352 αὐτῆς
1001 4283 1410 4338 διευλυτὼσεων
1458 4281 1808 4353 ἀνομολογῶν
1836 4282 1918 4345 είς

344 4377 686 4449 παράστασιν
716 4369 871 4437 οὗτος
896 4375 1161 4445 προφέρει
1206 4374 1354 4443 σαφῆ
1403 4390 1463 4427 τε
1503 4373 1601 4427 καὶ
1637 4372 1712 4442 μὴ
1740 4373 1917 4442 ἀμφί-

343 4470 496 4533 ϐολα,
523 4471 622 4523 ὅσα
652 4485 711 4521 τε
747 4465 878 4536 παρ’
911 4466 1066 4537 ἡμῶν
1094 4466 1254 4536 μέχρι
1280 4465 1375 4519 τοῦ
1401 4466 1558 4535 μόνη
1586 4465 1915 4535 διείληπται·

345 4561 462 4623 πῶς
488 4561 646 4630 μόνος
681 4556 981 4627 προϐολεὺς
1014 4556 1108 4609 τοῦ
1144 4542 1464 4627 Πνεύμίατος
1518 4557 1547 4608 ὁ
1577 4553 1766 4624 Πατὴρ
1797 4551 1919 4619 κατ’

2012 3363 2327 3416 luminatatn
2350 3361 2622 3415 actionem
2643 3358 2870 3413 habent.
2903 3375 2922 3407 ι
2951 3355 3054 3423 Qui
3078 3356 3259 3425 itaque
3280 3366 3400 3424 post
3425 3353 3591 3409 Deum

2016 3462 2324 3509 servatores
2377 3459 2526 3520 sunt,
2557 3451 2704 3507 hunc
2731 3450 2785 3505 in
2830 3448 3051 3504 modum
3100 3446 3495 3502 deﬁnientibus
3536 3461 3609 3501 ac.

2013 3543 2441 3611 declarantibus,
2495 3544 2542 3599 si
2589 3544 2741 3599 solus
2776 3542 3079 3596 secundum
3131 3538 3280 3609 ipsos
3325 3537 3498 3591 Filius
3532 3552 3600 3591 ex

2015 3639 2131 3694 solo
2165 3638 2345 3703 Patre,
2378 3639 2423 3693 si
2452 3636 2526 3691 illi
2562 3636 2679 3693 haec
2720 3635 3030 3704 proprietas
3058 3640 3165 3694 est,
3190 3632 3236 3684 si
3265 3647 3331 3686 ex
3367 3639 3600 3699 utroque

2015 3726 2252 3799 Spiritus
2278 3725 2560 3787 asseritur.
2588 3723 2865 3793 quomodo
2889 3738 2953 3777 ex
2987 3721 3103 3775 solo
3137 3719 3330 3773 Patre?
3363 3725 3421 3772 ut
3465 3733 3602 3788 pra:-

2018 3827 2222 3874 teream
2276 3831 2399 3887 qua:
2450 3815 2522 3870 ad
2573 3815 2679 3869 hoc
2729 3811 3167 3869 conﬁrmandum
3227 3807 3601 3864 commentitia

2017 3909 2221 3978 scripta
2241 3907 2563 3970 aﬂ‘eruutur,
2602 3911 2926 3973 tantumque
2962 3915 3029 3955 ex
3056 3897 3600 3955 confcssione'falsa-

2019 4003 2227 4056 riorum
2270 3998 2631 4070 triumphum.

2088 4094 2180 4150 26.
2222 4093 2545 4163 Rursusque
2576 4104 2699 4147 cum
2732 4104 2840 4161 quo
2864 4088 3000 4144 mihi
3030 4101 3215 4143 sermo
3254 4093 3366 4151 est,
3396 4084 3604 4139 oratio-

2019 4201 2145 4241 nem
2211 4178 2611 4239 converto.’$i
2672 4179 2916 4250 Spiritus
2979 4180 3145 4231 Pater
3208 4177 3334 4231 fons
3390 4183 3497 4237 est,
3554 4173 3597 4229 δ’

2021 4292 2361 4350 quaecunque
2404 4273 2774 4333 solutionibus
2802 4269 3097 4327 conferunt
3135 4269 3471 4332 concedens,
3526 4267 3602 4319 uti

2022 4371 2166 4427 clara
2217 4379 2379 4438 atque
2430 4366 2732 4421 indubitata
2782 4363 3030 4425 adducit,
3070 4369 3128 4415 et
3175 4375 3520 4431 quaecunque
3576 4374 3606 4410 a

2022 4461 2181 4518 nobis
2210 4471 2404 4532 prater
2436 4473 2602 4512 unum
2633 4457 2804 4511 solum
2842 4454 3239 4525 comprehensa
3272 4460 3423 4516 sunt,
3466 4466 3605 4519 quo-

2022 4553 2185 4608 modo
2236 4552 2385 4607 solus
2435 4549 2735 4605 secundum
2784 4548 2963 4617 ipsum
3027 4544 3323 4615 productor
3370 4541 3610 4609 Spiritus

345 4655 508 4708 αύτόν
530 4670 545 4718 ;
570 4650 686 4712 πῶς
722 4651 853 4704 ἴδιον
880 4648 1028 4719 αὐτῷ
1060 4649 1119 4701 τὸ
1144 4648 1544 4719 προῦλητικόνς
1576 4648 1693 4709 πῶς
1717 4646 1817 4716 τῆς
1836 4648 1905 4698 ὲκ.

2031 4646 2193 4700 Pater
2212 4644 2419 4719 fuerit?
2461 4640 2741 4713 quomodo
2770 4639 2987 4710 propria
3014 4638 3088 4691 illi
3122 4635 3231 4690 erit
3259 4625 3609 4705 producendi

347 4745 661 4816 πορεύσεως
684 4743 718 4812 ἡ
741 4740 1049 4810 κατάφασις
1076 4739 1167 4791 ἐπὶ
1184 4739 1277 4790 τοῦ
1306 4738 1439 4792 Υίοῦ
1455 4738 1515 4792 τδ
1539 4737 1845 4790 ἀσύστατον
1867 4736 1925 4802 ἐξ

348 4832 424 4894 ὧν
445 4852 609 4906 φησιν
628 4835 763 4903 ἔχει,
781 4833 842 4885 τὸ
870 4831 1190 4884 συνίσταται
1218 4829 1263 4883 δ’
1283 4830 1316 4900 ἡ
1339 4831 1647 4898 ἀπόφασις;
1674 4827 1930 4898 είσυνέρ·

350 4946 507 5001 χεται
535 4927 671 4998 πρὸς
708 4926 833 4987 τοὺς
869 4923 1238 4993 θεοφορήτους
1260 4919 1458 4986 ταῦτα,
1492 4922 1542 4973 εί
1571 4921 1706 4990 πρὸς
1737 4919 1929 4974 ἑαυτὸν

351 5022 412 5075 τὺ
441 5018 767 5091 παράδοξον,
794 5015 1088 5086 σκεψάσθω
1110 5017 1222 5078 τοῖς
1249 5013 1528 5081 ὲγκάτοις,
1572 5007 1616 5080 ᾧ
1644 5002 1793 5064 Θεοῦ
1811 5013 1930 5075 δέος

350 5115 500 5168 ἐστὶν
531 5110 979 5179 ὲναποκείμενον.
1005 5109 1161 5162 Μετά
1185 5107 1365 5160 τοίνυν
1402 5105 1472 5158 τὰ
1498 5104 1925 5173 ὲπισκεφθέντα,

350 5209 447 5262 καὶ
484 5192 657 5267 οὕτως
682 5204 900 5273 ἔχοντα,
935 5200 1011 5263 ὡς
1057 5200 1363 5271 διήλεκται,
1401 5199 1497 5252 καί
1529 5213 1654 5250 τινα
1683 5212 1958 5274 παροραχ

352 5300 513 5352 θέντα
562 5295 772 5367 βραχέα
826 5292 928 5361 τῆς
958 5292 1127 5360 αὐτῆς
1165 5292 1245 5353 εἰς
1274 5287 1413 5343 κατά
1456 5286 1635 5340 πάντα
1686 5285 1932 5353 διανοίας

353 5392 444 5445 καὶ
468 5391 567 5458 οὐχ
598 5376 794 5456 ὲτέροῖς
829 5387 1085 5455 ἐχόμενα,
1124 5384 1253 5434 τάδε
1288 5380 1572 5433 τελευταῖα
1602 5379 1745 5432 κατά
1780 5378 1933 5447 ῥῆμα

356 5480 708 5549 συντίθησιν
761 5496 781 5530 ι
820 5477 979 5530 Ἐπεὶ
1006 5474 1101 5529 καὶ
1153 5471 1312 5529 τοῦτο
1346 5462 1618 5539 λέγουσιν,
1646 5470 1728 5523 ὅτι
1769 5470 1797 5521 ὁ
1836 5465 1931 5522 τοῦ

357 5572 492 5625 Θεοῦ
525 5571 652 5634 Υἱὸς
701 5569 796 5622 ἐπὶ
859 5567 944 5621 τὸν
1005 5564 1227 5636 Πατέρα
1275 5564 1454 5617 πάντα
1509 5561 1817 5633 ἀναφέρων,
1844 5560 1933 5614 διὰ

354 5667 516 5719 τοῦτο
550 5665 644 5718 καὶ
671 5663 772 5733 τὴν
802 5660 1136 5729 ἐκπόρευσιν
1164 5656 1258 5710 τοῦ
1298 5653 1458 5724 ἁγίου
1496 5652 1813 5731 Πνεύματος
1845 5650 1935 5705 ἐπ’

358 5756 523 5810 αὑτὸν
545 5754 831 5825 ἀναφέρει,
863 5752 960 5805 καὶ
983 5747 1279 5818 ἀποσιωπᾷ
1316 5745 1529 5811 ἑαυτὸν,
1580 5744 1722 5798 διατί
1744 5740 1855 5798 ’καὶ
1884 5744 1935 5796 οί

349 5851 419 5901 ’τὸ
456 5849 553 5917 τῆς
583 5849 816 5910 πίστεως
851 5843 1128 5916 Σύμϐολον
1181 5840 1465 5910 ὲκθέμενοι
1510 5837 1655 5906 ἅγιοι
1691 5838 1936 5909 Πατέρες

352 5941 455 6011 ’τῆς
495 5939 876 6009 ὲϊτορεύσεως
903 5935 1255 6007 μνησθέντες,
1303 5929 1472 6002 αὐτὴν
1507 5928 1932 6001 ἀπεσιώπησαν,

2027 4716 2293 4792 facultas?
2323 4725 2601 4804 quomodo
2636 4728 3006 4801 processionis
3037 4726 3324 4781 allirtnatio
3353 4725 3421 4778 de
3453 4724 3612 4785 Filio.

2029 4845 2094 4885 ex
2124 4829 2205 4882 his
2230 4843 2350 4898 qua:
2373 4829 2489 4896 ipse
2516 4825 2648 4880 dicit
2676 4821 2913 4877 iniuitne
2932 4822 3203 4886 subsistit,
3236 4821 3455 4889 negatio
3485 4831 3617 4872 vero

2030 4902 2316 4977 subsiStit‘?
2354 4921 2398 4975 si
2440 4919 2559 4973 haec
2594 4915 2801 4971 divinis
2855 4913 3115 4968 Patribus
3146 4911 3536 4973 conveniunt,
3567 4910 3615 4963 si

2031 5011 2107 5067 illi
2142 5011 2264 5082 ipsi,
2316 5011 2459 5079 quod
2509 5008 2710 5062 mirum
2746 5011 2851 5069 cst,
2897 5004 3212 5058 consideret
3265 5009 3476 5056 attente
3527 4997 3615 5053 cui

2036 5103 2197 5156 timor
2236 5100 2333 5156 Dei
2370 5101 2426 5154 in
2459 5097 2774 5169 praecordiis
2800 5105 2904 5150 est.
2943 5094 3036 5148 llis
3067 5094 3233 5163 igitur
3264 5092 3375 5162 jam
3405 5090 3619 5144 discus-

2033 5190 2129 5255 sis,
2155 5196 2211 5242 et
2239 5190 2311 5241 ita
2353 5200 2414 5240 se
2442 5184 2804 5248 habentibus,
2838 5181 3309 5245 u-tdisseruimtts,
3342 5177 3621 5231 nonnullis

2034 5282 2129 5336 sed
2158 5278 2348 5350 pauCis
2384 5279 2632 5347 ejusdem
2667 5293 2762 5347 per
2808 5275 3019 5340 omnia,
3067 5288 3171 5328 nec
3199 5272 3426 5326 alterius
3479 5283 3612 5323 sen-

2038 5376 2222 5427 tentias
2260 5373 2547 5441 neglectis,
2577 5369 2725 5424 hunc
2756 5370 2813 5424 in
2858 5367 3080 5423 modum
3114 5366 3418 5421 orationem
3469 5377 3620 5415 cont-

2034 5465 2193 5533 ponit
2229 5480 2241 5516 :
2280 5482 2297 5513 ι
2330 5461 2467 5518 Cum
2495 5476 2625 5516 vero
2662 5461 2766 5515 hoc
2796 5474 3016 5530 quoque
3046 5458 3256 5519 dicant,
3289 5455 3488 5510 Filium
3522 5453 3621 5508 Del

2038 5557 2102 5611 ad
2156 5555 2366 5610 Patrem
2430 5555 2617 5610 omnia
2664 5551 3017 5615 referentem,
3084 5550 3209 5604 ideo
3259 5558 3315 5604 et
3381 5545 3623 5617 Spiritus

2036 5649 2444 5719 processionem
2467 5646 2534 5714 ad
2555 5643 2808 5700 eudem
2830 5641 3059 5705 referre,
3086 5649 3140 5695 ιιι
3160 5640 3240 5695 sic
3263 5638 3623 5706 semetipsum

2037 5742 2255 5796 silentio
2278 5738 2576 5810 praeterire,
2600 5751 2762 5808 quam
2801 5736 2872 5789 ob
2896 5749 3140 5798 causam,
3166 5731 3259 5802 qui
3303 5729 3624 5802 Symbolum

2038 5833 2175 5888 ﬁdei.
2211 5832 2503 5887 ediderunt
2551 5828 2726 5885 sancti
2784 5828 2977 5883 Patres
3020 5823 3395 5898 processionis
3463 5836 3617 5875 men-

2041 5928 2188 5983 tione
2217 5925 2458 5990 indueta,
2500 5925 2643 5980 illaut
2677 5921 2899 5979 silentio
2933 5918 3303 5984 involverunt,
3333 5923 3392 5972 et.
3428 5914 3615 5982 doguzf

3093 6166 3124 6183 ο
