4072 6398
454 313 589 375 1399

1691 312 2015 377 GEORGII
2057 310 2517 379 METOCHIT£

3576 314 3725 378 ιεοο

448 418 621 473 sancti
651 416 974 470 annuntiata
1007 424 1213 480 essent,
1246 424 1359 470 tum
1390 416 1515 481 ista,
1566 427 1679 473 tum
1722 419 1809 473 illa
1856 436 2019 474 vene-

2142 420 2282 483 ιδοις,
2317 424 2409 475 καὶ
2438 425 2517 493 τῷ
2548 426 2688 495 ἀγίῳ
2738 424 3018 494 Συμϐόλῳ,
3053 425 3147 477 καὶ
3176 412 3275 477 ὅσα
3313 423 3387 496 μὴ
3420 426 3479 479 ἐν
3519 429 3721 491 αὐτοῖς

449 522 598 566 ratur
624 518 679 564 et
710 508 933 578 excipit,
966 518 1020 563 et
1049 523 1171 577 quae
1207 509 1263 562 in
1296 508 1539 580 synodis,
1562 522 1617 564 et
1646 526 1767 580 quae
1794 512 1848 565 in
1877 509 2031 581 Sym-

449 603 597 666 bolo,
627 614 682 656 et
707 616 828 670 qua:
853 588 1017 663 etiam
1074 601 1125 653 in
1166 599 1273 654 illis
1307 600 1460 655 nullo
1491 602 1653 656 modo
1682 603 2029 671 pronuntiata

449 702 544 747 aut
571 694 843 762 descripta
880 701 1028 746 sunt.
1059 690 1297 747 Attentis
1320 708 1448 763 ergo
1469 694 1666 748 mentis
1686 694 1859 746 oculis
1902 707 2034 746 con-

451 781 673 847 sideret,
712 783 804 851 qui
842 786 1125 839 veritatem
1182 783 1496 853 investigat,
1523 793 1772 837 neutram
1816 786 1868 836 in
1907 798 2033 852 par-

453 874 903 930 temdeclinante
954 875 1301 932 conscientia
1347 890 1530 929 rerum
1584 876 1929 929 aestimatrice
1969 864 2059 929 ac‘

450 968 680 1028 arbitra,
712 966 818 1021 hoc
855 968 1003 1021 enim
1059 960 1163 1021 nos
1213 967 1469 1027 omnibus
1515 960 2032 1035 votis‘co'ncupisci-

454 1074 596 1125 mus,
639 1058 804 1121 buuc,
832 1058 903 1111 ob
930 1072 1092 1126 quem
1136 1072 1235 1113 nos
1262 1060 1423 1111 verba
1457 1057 1759 1120 fundimus,
1803 1058 1940 1111 nihil
1964 1057 2034 1112 ab

453 1151 573 1218 ipso
599 1151 775 1218 primo
809 1150 1080 1218 principio
1135 1150 1204 1204 ad
1252 1152 1415 1204 linem
1446 1166 1619 1219 usque
1651 1151 1913 1205 orationis
1965 1166 2034 1206 ex

452 1242 624 1295 sacris
687 1240 987 1308 Scripturis
1029 1240 1299 1297 delectum
1347 1242 1401 1294 in
1465 1240 1702 1295 medium
1760 1241 2030 1306 attulisse,

450 1329 593 1396 quod
629 1344 734 1380 non
771 1329 920 1381 bisce
945 1326 1128 1381 divina
1154 1337 1338 1383 mente
1366 1326 1626 1396 praeditis,
1670 1335 1724 1381 et
1753 1326 1935 1380 verbis
1976 1336 2034 1381 et

452 1439 491 1473 ει
518 1422 744 1475 ntentiis
770 1436 880 1479 non
907 1420 1254 1475 adversetur.
1305 1419 1370 1471 Et
1415 1416 1532 1473 haec
1582 1433 1691 1486 quo
1721 1431 1910 1487 scopo,
1939 1425 2034 1472 aut

451 1520 608 1582 cujus
660 1516 876 1586 gratia?
911 1514 979 1569 Ut
1016 1514 1253 1570 scbisma
1288 1513 1342 1567 in
1386 1512 1629 1569 Ecclesia
1670 1510 1764 1565 Dei
1801 1527 1868 1569 ex
1903 1527 2035 1583 gen-

453 1609 598 1663 tibus
631 1608 859 1662 collecta
885 1608 1289 1667 corroboretur.
1330 1621 1429 1675 pro
1461 1620 1564 1673 qua
1611 1603 1868 1659 Christus
1908 1618 2034 1673 pro-

454 1700 629 1768 prium
658 1699 852 1754 eﬂ‘udit
886 1700 1234 1768 sanguinem,
1279 1705 1341 1751 ut
1371 1710 1640 1765 nusquam
1672 1694 1767 1749 (lat
1804 1694 2030 1756 deditio.

2132 512 2336 567 τούτων
2387 516 2803 587 ἑξεφωνήοησαν
2866 516 2962 569 καὶ
3013 517 3355 584 ἐγράφησαν.
3408 517 3726 587 Σκεψὰσθω

2131 602 2264 671 γοῦν
2299 610 2676 674 προσεκτικοῖς
2729 607 2849 669 νοὸς
2895 606 3193 676 ὀφθαλμοῖς
3221 607 3250 658 6
3297 609 3398 679 τὴν
3447 609 3721 680 ἀλήθειαν

2130 694 2427 763 ἀνιχνεύων
2457 698 2755 761 συνειδότος
2805 700 3038 770 ἁρῤεπεῖ
3069 700 3358 771 κριτηρίῳ.
3390 700 3568 754 Τοῦτο
3599 702 3719 772 γὰρ

2131 784 2263 852 ἡμῖν
2288 785 2349 838 τὸ
2376 788 2646 853 εὐκταῖον,
2706 790 2854 851 ὅπως
2902 786 3054 854 οὗτος
3092 791 3160 844 δι’
3191 791 3249 844 δν
3275 793 3323 844 οί
3352 793 3521 860 λόγοι,
3553 793 3723 846 οὐδέν

2131 873 2280 926 ἐστιν
2328 868 2404 928 ὧν
2435 876 2658 946 εἴρηκεν
2708 881 2773 932 ὲκ
2809 879 2918 933 τῶν
2949 879 3107 933 θείων
3139 881 3373 950 Γραφῶν
3401 884 3498 937 ἀπ’
3530 885 3724 953 ἄκρας

2132 963 2307 1034 ἀρχῆς
2333 967 2461 1036 ἄχρι
2501 968 2709 1031 τέλους.
2749 970 2777 1023 ὃ
2808 971 2884 1040 μὴ
2915 971 3186 1042 ἀριδήλως
3218 973 3458 1027 ἐναντίον
3481 980 3595 1038 τοῖς
3625 977 3725 1028 οὺς

2137 1053 2453 1124 ρανόφροσι,
2492 1057 2614 1111 κατ’
2646 1058 2774 1121 ἔπος
2804 1059 2939 1128 ὁμοῦ
2975 1061 3069 1111 καὶ
3096 1060 3358 1114 διάνοιαν.
3395 1061 3509 1112 Καὶ
3534 1060 3724 1114 ταῦτα

2132 1146 2276 1207 τίνος
2298 1146 2463 1200 ἕνεκα
2482 1149 2574 1201 καὶ
2595 1151 2718 1202 ὅτου
2738 1151 2920 1222 χάριν;
2942 1151 3059 1205 Ἰνα
3080 1149 3399 1221 κραταιωθῇ
3421 1153 3484 1204 τὸ
3507 1154 3730 1223 σχίσμα

2133 1238 2231 1308 τῆς
2255 1238 2316 1302 ἐξ
2332 1238 2503 1292 ἐθνῶν
2525 1240 2619 1293 τοῦ
2636 1241 2772 1295 Θεοῦ
2802 1243 3155 1313 Ἐκκλησίας,
3182 1244 3325 1313 ὑπὲρ
3344 1238 3411 1314 ἦς
3431 1247 3459 1297 6
3479 1245 3727 1311 Χριστος

2133 1330 2193 1382 τὸ
2221 1331 2418 1385 οίκεῑον
2446 1328 2585 1400 αἷμα
2611 1334 2846 1404 ἐξέχεεν,
2881 1335 2970 1388 ἵνα
3016 1334 3334 1403 ἁσύμὸατον
3361 1338 3543 1408 μείνῃ,
3575 1332 3640 1390 οὗ
3687 1340 3726 1407 ή

2134 1418 2314 1489 ἀποχὴ
2368 1422 2463 1473 καὶ
2489 1422 2517 1474 6
2547 1422 2869 1492 μακρυσμὸς
2924 1423 3137 1492 μυρίων
3168 1424 3391 1493 ἀγαθῶν
3442 1428 3575 1478 πᾶσι
3606 1430 3730 1489 τᾶς

2137 1511 2557 1581 Χριστωνύμοις
2579 1512 2875 1566 καθίστατο
2931 1513 3210 1583 πρόξενος,
3245 1517 3340 1567 καὶ
3382 1515 3619 1583 μάλιστα
3650 1520 3724 1585 τῇ

2136 1602 2379 1673 ἡμετέρᾳ
2427 1602 2568 1673 φυλῇ
2609 1604 2967 1670 ἐπικρατείας
3025 1606 3101 1666 είς
3136 1605 3470 1674 πλατυσμὸν,
3500 1607 3584 1669 εἰς
3615 1605 3727 1659 αὕ-

2137 1694 2256 1764 ξην,
2280 1696 2360 1758 είς
2383 1695 2568 1748 καλῶν
2599 1679 2855 1749 ἁπάντων
2882 1696 3139 1762 ὲπέδοτιν,
3182 1698 3277 1749 καὶ
3328 1692 3389 1750 οὗ
3417 1699 3450 1768 ὴ
3491 1699 3731 1751 ὲπέλευ-

452 1767 547 1845 sed
577 1791 931 1847 continuetur
980 1767 1286 1852 dissidium,
1323 1788 1478 1855 cujus
1517 1786 1815 1854 disiunctio
1876 1796 2038 1855 atque

2142 1801 2223 1847 σις
2248 1785 2637 1855 ἀναριθμήτων
2661 1785 2846 1854 σχεδον
2864 1786 3100 1855 ὀλέθρων
3127 1788 3371 1853 ἰγεγόνει
3402 1767 3726 1859 παραίτιος,

452 1883 723 1953 eiergatio
779 1882 1064 1935 innumera
1118 1882 1261 1934 bona
1315 1876 1643 1933 Christianis
1687 1877 2035 1940 conciliabat,

453 1984 506 2027 et
539 1974 812 2043 praecipue
839 1973 1013 2027 nostri
1045 1969 1267 2042 generis
1318 1969 1565 2025 dominio
1620 1968 1676 2022 in
1720 1969 2037 2039 amplitudi-

367 2094 378 2106 ι
454 2080 604 2130 nem,
648 2066 702 2118 in
742 2073 1094 2135 augmentum
1120 2106 1136 2128 ,
1195 2063 1249 2116 in
1285 2061 1528 2117 omnium
1556 2058 1823 2115 bonorum
1855 2074 2039 2113 accre-

453 2153 681 2216 tioncm,
713 2161 769 2207 et
819 2151 977 2221 cujus
1003 2143 1249 2203 accessio
1288 2146 1623 2203 inlinitorum
1683 2161 1853 2216 prope
1888 2146 2038 2200 evci~

455 2244 690 2305 diorum,
731 2251 929 2295 nostra:
963 2240 1306 2310 potissimum
1355 2238 1562 2292 nationi
1611 2253 1776 2291 causa
1829 2238 1947 2301 luit,
1986 2246 2039 2291 et

458 2335 511 2390 in
540 2334 874 2388 contrariam
916 2331 1350 2391 vicissitudinem
1389 2337 1695 2385 anteactam
1724 2328 2035 2383 felicitatem

459 2436 669 2479 tantum
695 2423 1021 2487 immutavit,
1058 2431 1117 2476 ut
1152 2423 1216 2476 iis
1247 2424 1335 2490 qui
1366 2421 1617 2475 sensibus
1664 2420 1891 2487 integris
1927 2436 2037 2473 non

457 2519 878 2581 destituuntur,
929 2515 1186 2585 lacrytnis
1244 2512 1427 2585 potius
1481 2526 1642 2582 quam
1728 2510 2039 2565 narratione

457 2614 619 2683 digna
652 2622 956 2682 reputetur.
984 2609 1451 2678 Quemadmodum
1498 2621 1630 2676 ergo
1654 2615 1841 2684 nostra
1884 2604 2039 2661 volu-

461 2706 607 2758 mina
629 2719 749 2772 quae
775 2705 841 2758 de
876 2704 988 2757 Deo
1014 2711 1269 2765 tractant,
1302 2715 1365 2754 ac
1398 2708 1710 2754 nostrorum
1758 2697 2040 2767 theologo-

460 2811 601 2858 rum,
646 2803 700 2848 et
753 2803 875 2863 post
924 2794 1092 2847 Deum
1149 2800 1488 2846 servatorum
1547 2799 1601 2843 et
1652 2788 2045 2860 magistrorum

459 2885 722 2940 clenclius
744 2875 1080 2954 praesentem
1122 2885 1271 2937 hunc
1318 2890 1375 2935 et
1405 2881 1644 2949 reliquos
1693 2894 1887 2933 omnes
1934 2879 2039 2933 im-

462 2975 787 3044 probitatem
838 2982 893 3027 et
945 2973 1231 3027 dissidium
1288 2978 1673 3041 prontoventes
1716 2977 1905 3038 aperte
1954 2984 2041 3022 re-

458 3069 750 3136 darguunt,
781 3073 837 3118 et
861 3062 1212 3118 concordiam
1246 3061 1545 3117 secundum
1575 3059 1745 3114 Deum
1791 3068 1848 3114 et
1877 3056 2053 3113 unio-'

460 3134 583 3209 nem
618 3164 1074 3217 commonstrant,
1102 3163 1156 3208 et
1178 3152 1244 3208 ad
1275 3167 1393 3207 eaut
1421 3149 1861 3205 manifestissime
1903 3164 2038 3203 con-

460 3248 687 3308 ducunt,
721 3250 793 3309 ita
835 3257 1023 3307 uestra
1058 3245 1354 3307 volumina,
1392 3252 1448 3298 et
1493 3244 1548 3297 in
1593 3242 1701 3296 illis
1749 3251 2035 3297 contentos

460 3358 525 3397 cx
573 3343 778 3397 nostris
828 3342 992 3397 certis
1046 3341 1383 3409 temporibus
1436 3338 1704 3406 annisque
1746 3337 1802 3390 in
1848 3348 2036 3391 nostro

461 3434 595 3487 orbe
627 3442 776 3502 gesta
799 3439 1124 3485 enarrantes
1146 3428 1438 3492 invenerit,
1470 3443 1537 3482 ex
1574 3428 1774 3497 quibus
1800 3427 2034 3497 colliget,

462 3525 506 3577 si
527 3523 872 3577 considerate
896 3521 1140 3574 animum
1171 3521 1494 3585 adverterit,
1523 3532 1637 3572 non
1657 3518 1730 3571 uti
1748 3532 1852 3571 nos
1874 3517 2038 3586 paulo

461 3624 587 3669 ante
612 3613 1078 3677 adumbravimus,
1116 3622 1228 3666 tum
1255 3626 1378 3682 qua:
1421 3620 1637 3680 tempus
1682 3609 1842 3664 nobis
1877 3609 2039 3664 unio-

463 3707 547 3761 nis
573 3705 1028 3770 subministravit,
1062 3713 1176 3758 tum
1212 3719 1334 3773 quae
1373 3702 1659 3758 divisionis
1692 3711 1908 3771 tempus
1953 3700 2039 3754 vi-

461 3800 644 3853 cissim
677 3801 838 3853 nobis
863 3797 1099 3853 induxit.
1134 3796 1208 3851 Ex
1246 3796 1332 3850 bis
1354 3796 1492 3866 jam,
1527 3796 1644 3849 sive
1680 3795 1861 3862 potius
1907 3800 2039 3846 ante

465 3894 609 3946 Ita'c‘
628 3892 833 3957 omnia,
869 3900 926 3945 et
974 3890 1029 3947 in
1077 3888 1352 3951 omnibus,
1401 3886 1647 3954 exceptis
1701 3885 1770 3938 iis
1810 3899 1931 3953 quae
1971 3885 2040 3938 de

464 3984 809 4057 dogmatibus
833 3982 1275 4046 considerantur,
1323 3981 1391 4035 de
1413 3980 1631 4049 .quibus
1672 3978 1789 4047 jam
1833 3978 2039 4032 dictum

463 4089 545 4133 est
576 4077 794 4138 abunde
814 4076 949 4131 satis
980 4089 1078 4144 pro
1102 4073 1333 4134 viribus,
1365 4085 1675 4126 sermonem
1704 4070 1772 4123 de
1804 4066 2039 4122 Ecclesia

466 4178 774 4237 repetentes
805 4167 1057 4230 dicimus,
1105 4165 1269 4229 banc,
1319 4165 1708 4233 inquam,quaa
1750 4175 1820 4215 ex
1864 4158 2042 4229 genti-

467 4263 568 4316 bus
590 4270 698 4325 est,
733 4270 787 4314 et
815 4274 977 4327 quam
1003 4256 1101 4310 Dei
1128 4254 1364 4310 Verbum
1392 4255 1613 4324 proprio
1645 4251 1910 4321 sanguine
1953 4265 2038 4303 re-

466 4354 657 4413 demit.
702 4360 762 4415 et
809 4350 961 4407 illius
994 4349 1251 4405 salutaris
1297 4347 1580 4417 sanguinis
1632 4344 1825 4401 eliusio
1876 4356 2043 4395 unam

2136 1877 2219 1942 τῷ
2248 1879 2501 1949 ἡμετέρῳ
2536 1878 2659 1932 κατ’
2690 1877 2972 1949 ἐξαίρετον
3004 1878 3170 1944 ἔθνει,
3201 1879 3298 1932 καὶ
3328 1880 3407 1942 εἰς
3437 1880 3539 1942 τὴν
3565 1883 3731 1933 ἐναν-

2137 1969 2258 2022 τίαν
2310 1968 2648 2040 περιτροπήν
2675 1969 2773 2039 τὴν
2815 1968 3005 2041 πρώην
3031 1969 3330 2040 εὐκληρίαν
3378 1970 3729 2036 ἁπαξαπλῶς

2139 2060 2499 2130 περιέστησεν
2521 2063 2600 2123 είς
2612 2061 2884 2126 τοσοῦτον,
2903 2060 2977 2124 ὡς
2998 2064 3110 2123 τοῖς
3130 2061 3474 2133 εὐαισθήτοις
3499 2062 3729 2132 θρήνων

2142 2150 2341 2222 μᾶλλον
2389 2150 2569 2215 ἀξίαν,
2623 2151 2657 2220 ἢ
2688 2152 2992 2223 διηγήσεως
3046 2151 3353 2222 κρίνεσθαι.
3401 2152 3488 2215 Ὠς
3540 2148 3638 2205 οὖν
3666 2156 3728 2205 ὲν

2139 2247 2251 2307 τοῖς
2276 2244 2404 2313 περί
2435 2242 2573 2296 Θεοῦ
2606 2242 2786 2311 λόγοις
2817 2244 3079 2314 ἡμέτεραι
3097 2243 3291 2312 βίϐλοι,
3322 2247 3415 2297 καὶ
3446 2244 3556 2296 τῶν
3584 2248 3731 2314 mis.

2136 2335 2309 2404 τέριων
2340 2334 2632 2401 κατάλογος
2662 2332 2949 2401 θεολόγων,
2983 2334 3078 2385 καὶ
3105 2333 3244 2402 μετά
3289 2332 3424 2386 Θεὸν
3454 2336 3727 2402 σωτήρων

2138 2428 2230 2479 καὶ
2263 2424 2597 2479 διδασκάλων
2642 2425 2733 2478 τὸν
2788 2424 3023 2479 ἐνταῦθα
3054 2426 3149 2480 καὶ
3206 2424 3435 2487 λοιποὺς
3463 2427 3578 2478 ὅσοι
3613 2426 3727 2477 τῶν

2138 2518 2258 2570 κατ’
2285 2518 2447 2570 αὐτὸν
2481 2517 2551 2569 τὰ
2587 2518 2686 2586 τῆς
2714 2516 2912 2580 κακίας
2942 2516 3036 2570 καὶ
3067 2517 3165 2585 τῆς
3193 2516 3530 2578 διαστάσεως
3570 2533 3729 2569 συνι-

2140 2607 2383 2670 στῶντας
2437 2607 2827 2677 ἀπελέγχουσιν
2858 2604 3113 2676 ἐμφανῶς
3141 2646 3157 2670 ,
3191 2605 3289 2657 καὶ
3329 2604 3399 2655 τὰ
3450 2606 3551 2674 τῆς
3579 2606 3728 2659 κατά

2137 2702 2269 2754 Θεὸν
2294 2699 2544 2768 ὁμονοίας
2574 2700 2666 2751 καὶ
2714 2698 3009 2765 συναφείας
3030 2698 3347 2765 ἐκφαίνουσι
3377 2701 3469 2751 καὶ
3510 2716 3729 2767 μυστα-

2140 2791 2375 2860 γαιγοῦσι
2420 2791 2748 2861 τρανόῖατα,
2798 2787 2973 2851 οὕτως
3007 2789 3288 2859 ἡμετέρας
3346 2789 3589 2858 βίϐλους,
3626 2792 3727 2843 καὶ

2138 2883 2264 2945 τοὺς
2298 2883 2356 2934 ὲν
2412 2883 2602 2943 αὑταῖς
2632 2881 2935 2950 ἡμετέρους
2972 2882 3000 2933 6
3046 2881 3335 2950 εἰρημένος
3376 2882 3599 2952 εὑρήσει
3655 2883 3726 2935 τὰ

2142 2975 2284 3029 κατὰ
2316 2974 2539 3042 καιροὺς
2569 2976 2665 3025 καὶ
2711 2975 2935 3043 χρόνους
2968 2974 3035 3042 τῇ
3089 2971 3213 3025 καθ’
3246 2974 3393 3041 ἡμᾶς
3421 2973 3730 3044 οἰκουμένῃ

2144 3064 2401 3132 γεγονότα
2423 3061 2829 3132 διηγουμένους.
2863 3062 2955 3127 Ἐξ
2984 3055 3059 3114 ὧν
3104 3059 3420 3125 ἀναλέξεται
3461 3059 3728 3113 τελεώτε-

2143 3172 2256 3228 ρον,
2281 3158 2330 3211 εἰ
2358 3155 2800 3224 προσεσχηκέναι
2822 3153 3060 3222 θελήσει,
3100 3154 3198 3223 οὐχ
3227 3152 3302 3216 ὡς
3335 3154 3499 3222 ἡμεῖς
3523 3166 3727 3221 προσε-

2139 3248 2248 3319 χῶς
2280 3247 2822 3316 ὲσκιαγραφήσαμεν,
2852 3245 2889 3300 ἃ
2915 3247 3102 3315 καιρὸς
3134 3248 3267 3316 ἡμῖν
3295 3246 3324 3298 6
3351 3245 3451 3312 τῆς
3473 3243 3729 3309 ὲνὼσεως

2140 3341 2495 3410 ἐπρυτάνευε,
2524 3338 2617 3391 καὶ
2648 3338 2684 3392 ἃ
2723 3337 2913 3410 καιρὸς
2957 3340 2982 3390 ό
3008 3340 3105 3406 τῆς
3143 3338 3459 3408 διαιρέσεως
3488 3337 3729 3408 ἀντεπή-

2139 3447 2327 3500 γαγεν.
2357 3430 2451 3483 Ἐκ
2483 3430 2545 3497 δὴ
2595 3428 2825 3493 τούτων,
2860 3428 2893 3499 ἢ
2928 3429 3127 3497 μᾶλλον
3150 3428 3257 3497 πρὸ
3292 3427 3499 3481 τούτων
3544 3427 3728 3481 ἁπάν-

2138 3542 2246 3576 των
2278 3523 2373 3576 καὶ
2421 3522 2512 3574 ἐπὶ
2543 3523 2712 3575 πᾶσιν
2763 3522 2921 3585 ὲκτος
2958 3522 3064 3573 τῶν
3104 3523 3161 3572 ὲν
3199 3520 3437 3588 δόγμασι
3479 3520 3729 3586 θεωρου-

2144 3616 2342 3683 μένων,
2369 3617 2497 3681 περὶ
2525 3614 2732 3668 τούτων
2765 3614 2873 3684 γὰρ
2894 3616 3131 3683 εἴρηται,
3167 3613 3367 3676 ίκανῶς
3396 3614 3521 3666 ὅσον
3547 3614 3610 3667 τὸ
3635 3615 3726 3681 ἐφ’

2142 3706 2273 3775 ἡμῖν
2298 3707 2386 3757 τὸν
2414 3691 2542 3774 περῖ
2570 3708 2665 3775 τῆς
2696 3704 3027 3775 Ἐκκλησίας
3056 3704 3213 3771 λόγον
3240 3704 3603 3766 ἀναλαϐόντες
3631 3703 3731 3757 λέ-

2141 3814 2333 3866 γομεν,
2371 3787 2582 3866 ὼς“τὴν
2628 3797 2687 3859 ὲξ
2713 3796 2884 3848 ἐθνῶν
2923 3795 2986 3865 δή
3026 3811 3166 3862 φημι
3198 3794 3425 3863 ταύτην,
3464 3794 3530 3864 ἢν
3557 3796 3586 3847 6
3626 3795 3728 3849 τοῦ

2141 3889 2275 3940 Θεοῦ
2300 3888 2470 3955 Λόγος
2497 3886 2574 3956 τῷ
2609 3886 2721 3955 ἰδίῳ
2752 3886 3126 3956 ὲξηγοράσατο
3155 3884 3372 3955 αἵματι,
3405 3886 3500 3937 καὶ
3522 3886 3556 3955 ἠ
3582 3885 3730 3956 ὑπὲρ

2143 3982 2312 4049 αὐτῆς
2340 3980 2529 4032 τούτου
2558 3979 2824 4049 σωτήριος
2850 3977 3006 4047 χύσις
3036 3978 3166 4047 μίαν
3196 3975 3510 4047 είργάσατο,
3536 3980 3635 4032 καὶ
3657 3978 3733 4049 ἢν

2144 4073 2193 4125 οί
2240 4071 2333 4123 τοῦ
2367 4071 2540 4138 Λόγου
2590 4069 2856 4123 αὐτόπται
2892 4070 2986 4121 καὶ
3025 4069 3295 4141 ὑπηρέται
3348 4070 3446 4123 καὶ
3483 4070 3733 4140 κήρυκες

2144 4164 2239 4217 καὶ
2263 4163 2549 4217 ἀπόστολοι
2580 4162 2669 4216 διὰ
2689 4160 2798 4213 τῶν
2821 4160 3038 4213 σεπτῶν
3073 4163 3472 4232 κηρυγμάτων,
3508 4164 3734 4233 καὶτῆς

2143 4253 2428 4315 κενώσεως
2474 4252 2581 4305 τῶν
2612 4251 2758 4304 ίδίων
2788 4250 3039 4320 αἱμάτων
3069 4252 3145 4315 ὡς
3185 4254 3225 4314 ,ὁ
3252 4253 3531 4322 Δεσπότης
3560 4254 3736 4323 εὐρύ-

2145 4359 2352 4405 ναντες,
2405 4342 2533 4412 μίαν
2594 4340 3032 4405 καταλελοίπασι,
3082 4342 3174 4393 καὶ
3224 4340 3295 4392 τὰ
3332 4341 3592 4411 πολυειδῆ
3620 4343 3734 4395 τῶν

468 4440 771 4506 constituit,
804 4455 905 4495 nec
935 4455 1047 4494 non
1079 4454 1243 4508 quam
1264 4436 1423 4492 Verbi
1457 4435 1655 4491 oculati
1683 4440 2038 4504 spectatores,

2150 4433 2442 4505 μαρτύρων
2463 4428 2600 4486 ἆθλα
2635 4435 2729 4486 καὶ
2749 4433 2817 4487 τὰ
2851 4432 3204 4503 παλαίσματα
3236 4434 3295 4485 τὸ
3322 4434 3524 4486 ἑνιαῖον
3556 4436 3734 4505 αὐτῆς

469 4546 521 4588 et
551 4534 880 4600 administri,
905 4541 957 4587 et
990 4546 1288 4601 praecones,
1327 4539 1383 4583 et
1409 4528 1665 4599 apostoli,
1720 4525 2047 4581 venerandis

473 4626 966 4696 pnedicationibus,
999 4637 1213 4677 necnon
1267 4620 1478 4691 proprii
1501 4619 1785 4690 sanguinis
1813 4631 2049 4671 evacua-

474 4720 647 4775 tione.
686 4719 765 4772 uti
804 4716 1086 4780 Dominus,
1134 4713 1243 4769 late
1293 4711 1572 4775 dill'usam,
1612 4724 1773 4764 uuam
1820 4706 2050 4776 relique-

477 4821 626 4871 runt,
664 4819 719 4863 et
743 4809 902 4877 cujus
930 4805 1262 4875 multiplices
1291 4812 1591 4873 martyrum
1628 4810 1862 4873 conatus
1886 4806 2053 4867 atque

474 4886 777 4956 ceria'mina
810 4884 1072 4963 unitatem
1109 4911 1270 4966 quam
1318 4894 1555 4948 inaxime
1593 4891 1882 4945 adauctam
1908 4903 2049 4944 eon-

477 4997 780 5054 lirmarunt,
814 5001 871 5055 et
893 5001 1102 5061 septem
1137 4996 1446 5041 sanctarum
1474 4984 1861 5038 universalium
1890 4999 2056 5061 syno-

475 5088 667 5142 dorum
731 5099 870 5147 unus
930 5060 1233 5137 consensus
1281 5087 1444 5147 atque
1495 5076 1786 5131 concordia
1831 5060 2055 5130 ﬁrmiia-

480 5192 584 5236 tem
608 5176 987 5238 communivit,
1016 5186 1072 5235 et
1103 5172 1259 5243 cujus
1288 5169 1536 5225 unitatis-
1559 5169 1838 5223 vinculum
1885 5157 2052 5223 certis

479 5271 814 5345 temporibus
846 5268 1133 5322 ltaereseon
1180 5261 1387 5318 zizania
1418 5261 1488 5316 de
1537 5274 1680 5313 novo
1734 5269 1923 5313 exerta
1971 5274 2055 5312 re-

475 5366 647 5428 cidit,
703 5371 759 5416 et
805 5359 1026 5431 penitus
1073 5355 1335 5415 abolevit,
1393 5362 1447 5406 et
1498 5352 1565 5406 ad
1622 5367 1771 5406 nunc
1822 5352 2052 5406 divisam

478 5453 736 5525 confugio
776 5452 973 5506 borum
1022 5444 1416 5511 universalium
1456 5441 1872 5495 consessionum
1899 5456 2052 5495 sumo

480 5555 676 5608 males,
699 5552 968 5621 pastores,
1023 5538 1324 5609 ducesque,
1347 5534 1581 5602 indeque
1607 5533 1825 5588 auxiliis
1859 5532 2057 5587 oblatis

482 5620 954 5701 zizaniisprorsus
986 5625 1211 5691 excisis.
1242 5623 1371 5687 lidoi
1401 5636 1649 5687 normam
1675 5620 2058 5679 stabiliverunt

486 5718 539 5785 εἰ
573 5724 713 5776 hanc
731 5719 975 5785 eamdem
996 5716 1263 5797 colligari,
1295 5728 1570 5788 unamque
1607 5728 1726 5769 esse
1766 5713 2054 5768 conﬁrma~

2151 4527 2231 4588 είς
2260 4525 2500 4577 ἐπίδοσιν
2529 4523 2853 4594 ἐστερέωσε,
2882 4527 2973 4577 καὶ
3007 4523 3114 4575 τῶν
3132 4524 3303 4589 ἁγίων
3334 4525 3735 4592 οἰκουμενικῶν

2154 4616 2384 4670 συνόδων
2412 4617 2440 4668 6
2468 4614 2752 4678 ἑπταδικὸς
2782 4614 3011 4685 ἀριθμὸς
3034 4614 3188 4677 τὸείς
3210 4613 3268 4666 ἓν
3297 4614 3396 4683 τῆς
3429 4616 3739 4684 συμπνοίας

2152 4707 2311 4779 τήσδε
2348 4709 2664 4776 στερέμνιον
2720 4706 3054 4778 ὠχυρώσατο
3078 4746 3092 4768 ,
3136 4710 3229 4758 καὶ
3256 4701 3325 4777 ἦς
3376 4710 3404 4759 ὁ
3434 4706 3740 4773 σύνδεσμος

2152 4801 2251 4871 τῆς
2275 4800 2527 4870 ὁμονοίας
2579 4800 2647 4852 τὰ
2695 4802 2837 4852 κατὰ
2892 4800 3117 4869 καιροὺς
3169 4799 3485 4866 ἀναφυέντα
3523 4800 3742 4864 ζιζάνια

2153 4890 2263 4943 τῶν
2314 4891 2579 4959 αἱρέσεων
2636 4888 2859 4958 ἐξέκοψε
2917 4890 3013 4941 καὶ
3058 4889 3317 4957 ἠφάνισε,
3364 4889 3463 4942 καὶ
3492 4893 3559 4959 τῇ
3600 4890 3742 4959 πρὸς

2154 4982 2253 5049 τὴν
2271 4981 2365 5033 νῦν
2394 4980 2600 5051 διαιρου
2610 4981 2777 5051 μένην
2803 4983 3092 5051 καταφυγῇ
3115 4981 3225 5033 τῶν
3250 4980 3513 5047 τοιούτων
3537 4998 3745 5048 παγκο-

2159 5071 2331 5139 σμίων
2363 5072 2651 5141 συνεδρίων
2683 5072 2732 5124 οί
2760 5073 2934 5144 ἔξοχοι
2962 5072 3095 5126 θεῖοι
3125 5073 3406 5141 ποιμένες,
3441 5074 3534 5125 καὶ
3567 5088 3745 5142 προαο

2157 5163 2262 5227 γοὶ,
2291 5161 2384 5215 καὶ
2410 5163 2475 5233 τῇ
2500 5160 2707 5214 ἐκεῖθεν
2738 5165 2996 5233 συνάρσει
3025 5164 3092 5216 τὰ
3123 5163 3233 5215 τῶν
3271 5163 3528 5227 ζιζανίων
3560 5164 3742 5215 τέλεον

2157 5249 2505 5319 ἀπωσάμενοι
2539 5250 2627 5302 τὸν
2666 5250 2761 5319 τῆς
2818 5251 3054 5314 πίστεως
3082 5252 3240 5320 λόγον
3284 5254 3611 5321 ὲκρὰτυναν,
3646 5254 3752 5311 καὶ,

2158 5342 2219 5394 τὸ
2257 5340 2560 5394 συνδείσθαι
2596 5341 2752 5410 τήνδε
2783 5344 2881 5396 καὶ
2916 5345 3046 5414 μίαν
3072 5340 3213 5397 εἶναι
3242 5336 3740 5412 κατησφαλίσαντό.

2160 5434 2373 5503 Ταύτην
2415 5433 2618 5496 Φὼτιος
2666 5435 2857 5504 ίσχυσε
2889 5435 3217 5507 μερίσασθαι
3251 5437 3347 5489 καὶ
3379 5437 3740 5504 κατατεμείνο

2160 5526 2256 5580 καὶ
2282 5528 2362 5579 ὅτι
2387 5527 2447 5578 οὐ
2476 5526 2615 5579 κατά
2639 5526 2799 5593 ζῆλον
2836 5528 3000 5593 θεῖον,
3029 5529 3169 5582 άλλά
3209 5529 3298 5581 διὰ
3324 5529 3385 5581 τὸ
3411 5529 3709 5594 ἀποπέρπε
3727 5556 3745 5566 ο

2163 5619 2287 5672 σθαι
2322 5619 2473 5690 παρά
2523 5619 2623 5687 τῆς
2678 5621 2994 5691 Ῥωμαῖκῆς
3053 5620 3321 5693 καθέδρας
3377 5622 3437 5671 τὸ
3477 5620 3746 5690 πρωτεῖον

2160 5712 2412 5787 ἐχούσης,
2448 5712 2540 5765 καὶ
2567 5712 2657 5765 τὸν
2684 5712 2743 5766 ὃν
2772 5712 3019 5781 ἀφείλετο
3045 5713 3134 5765 τὸν
3162 5712 3521 5783 πατριαχικ³ιν
3556 5710 3740 5787 Bellum
