4072 6408
466 398 597 464 1101

1441 382 1758 447 CONTRA
1796 374 2228 438 MANUELEM
2271 369 2746 434 CRETENSEM.
2802 446 2807 449 _

3584 358 3718 421 14:):

451 509 788 567 δικαιοῦσθαι
814 506 956 561 θεῖον
984 500 1271 572 Ἰγνᾶτιον,
1306 498 1366 551 ὃν
1411 497 1469 550 ἐν
1500 493 1675 563 ἁγίοις
1719 492 1753 561 ἠ
1790 488 2039 560 ἡμετέρα

2147 492 2292 540 runt.
2316 481 2470 537 Hanc
2499 481 2753 537 Photium
2786 476 3036 532 dixidere
3066 472 3332 544 potuisse,
3366 480 3421 527 et
3449 472 3500 524 in
3539 482 3724 540 partes

459 600 756 669 Ἐκκλησία
787 598 880 651 καὶ
910 596 1078 667 τιμᾷν
1132 591 1230 647 καὶ
1256 588 1500 655 δοξάζειν
1544 584 1642 639 καὶ
1682 578 2031 652 ἀριθμεῖσθαι

449 692 779 765 παρέλαϐεν,
818 689 957 742 αὐτὰ
988 687 1086 757 βοᾷ
1116 686 1184 738 τὰ
1218 683 1542 752 πράγματα,
1578 676 1801 730 καὶτῶν
1829 670 2031 742 ἡμετὲ-

452 806 561 855 ρων
597 784 894 854 μαρτυρίαι
926 784 1020 834 καί⁵
1060 774 1402 847 συγγραφαί.
1442 774 1566 825 ’Ὅτι
1604 770 1658 822 δὲ
1692 770 1786 821 καὶ
1812 766 2032 855 προφά-

450 896 557 938 σεις
582 878 647 939 ἃς
665 877 980 944 ἐσχεδίασεν
996 871 1212 939 ρῐκοθεν
1227 870 1322 927 τὰς
1339 868 1395 918 ἐν
1423 864 1657 931 δόγμασι
1682 860 1781 928 τῆς
1802 852 1868 929 ἧς
1888 858 2032 910 ἑάλω

448 969 736 1035 φιλαρχίας
770 962 1187 1029 αποτυγχανων,
1237 955 1421 1016 καθὼς
1472 954 1523 1006 οἱ
1550 950 1738 1004 τούτου
1766 949 1901 1016 πρὸς
1932 946 2030 1016 τὴν

460 1052 776 1120 Ῥωμαϊκὴν
801 1048 1133 1118 Ἐκκλησίαν
1168 1044 1567 1112 ἐπιστο).ιμαῖοι
1600 1038 1911 1108 παριστῶσι
1948 1035 2035 1087 λό-

445 1161 555 1211 γοι,
587 1140 954 1208 ἀπειλητικῶς
988 1135 1448 1206 ὑπεμφαίνοντες,
1483 1131 1516 1200 ἦ
1554 1129 1660 1199 μὴν
1689 1126 1971 1195 δεχθῆναι,
1999 1124 2033 1193 ἢ

444 1237 581 1302 προς
617 1236 824 1301 σχίσμα
854 1230 1128 1299 χωρῆσαι,
1180 1226 1393 1294 φθάσας
1421 1225 1450 1276 ὁ
1480 1223 1579 1292 τὴν
1606 1217 1899 1288 ὁμολογίαν
1943 1233 2039 1284 φε-

446 1310 690 1395 ρώνυμος
747 1323 1003 1391 Μάξιμος
1034 1320 1353 1386 ἁπελέγχει,
1410 1314 1569 1382 δῆλον
1603 1314 1667 1363 ἐκ
1718 1309 1817 1376 τῆς
1870 1306 2035 1359 αὐτοῦ

447 1416 583 1485 πρὸς
625 1415 995 1484 πρεσϐύτερον
1027 1411 1254 1479 Κύπρου
1297 1407 1541 1476 Μαρῖνον
1576 1398 1868 1466 ἐπιστολῆς
1901 1397 2039 1467 γρά-

448 1522 640 1572 φοντος
668 1508 724 1556 ἐν
751 1505 888 1572 αὐτῇ
921 1503 1062 1553 κατὰ
1092 1500 1244 1570 ῥῆμα
1280 1499 1416 1567 πρὸς
1447 1497 1574 1552 τοὺς
1606 1488 1839 1543 ἐνταῦθα
1861 1506 1874 1520 ·
1910 1506 1928 1535 ι
1948 1488 2038 1539 Ἐν

445 1598 553 1656 τοῖς
586 1594 748 1646 αὐτοῦ
774 1594 864 1644 τὸν
886 1592 1119 1644 πάππαν
1147 1585 1376 1656 φάσκειν
1401 1584 1702 1644 συνοδικοῖς
1732 1581 1829 1634 καὶ
1855 1581 1918 1631 ἐκ
1945 1576 2039 1630 τοῦ

446 1687 576 1739 Υίοῦ
604 1682 1000 1754 ἐκπορεύεσθαι
1025 1683 1087 1733 τὸ
1125 1678 1353 1746 Πνεῦμα
1382 1677 1442 1730 τὸ
1473 1677 1651 1742 ἅγιον,
1678 1674 1772 1726 καὶ
1807 1671 2040 1740 δεχομέ-

443 1795 535 1830 νου
573 1775 782 1828 καὶτὸν
808 1773 948 1842 ὑπὲρ
971 1772 1162 1825 τούτου
1194 1769 1524 1838 ποιουμένου
1554 1766 1843 1832 ἀπόλογον.
1879 1782 1897 1815 ι
1930 1762 2041 1816 Καὶ

2137 574 2412 635 incidere,
2455 581 2511 626 at
2545 586 2656 625 non
2695 570 2813 623 zelo
2842 567 3051 630 divino,
3084 566 3179 619 sed
3222 564 3365 633 quod
3398 581 3428 618 a
3481 563 3726 616 Romana

2139 667 2427 723 cathedra,
2449 680 2569 730 qua:
2605 664 2807 726 primas
2841 668 3025 728 partes
3053 658 3286 713 obtinet.
3311 655 3727 731 amandaretnr,

2139 766 2196 811 et
2251 764 2552 822 occupatus
2594 753 2665 805 ab
2713 752 2804 804 illo
2851 751 3084 804 thronus
3125 748 3528 818 patriarchicus
3574 762 3731 812 aequo

2142 847 2269 917 jure
2291 846 2480 900 divino
2503 844 2886 898 restitueretur
2912 842 3136 912 lgnatio,
3159 855 3319 909 quem
3347 839 3488 893 inter
3512 847 3733 891 sanctos

2144 946 2338 991 nostra
2379 934 2625 988 Ecclesia
2654 935 2926 988 collocare
2957 942 3013 987 et
3051 933 3299 987 venerari
3340 941 3396 985 et
3429 930 3733 1001 gloriﬁcare

2149 1044 2179 1082 a
2204 1027 2507 1095 majoribus
2530 1025 2645 1079 suis
2669 1023 2904 1092 accepit,
2948 1037 3037 1077 res
3084 1022 3216 1091 ipsa}
3248 1022 3504 1088 clamant,
3545 1030 3601 1075 et
3641 1036 3738 1076 no-

2151 1130 2388 1175 strorum
2431 1116 2824 1171 commentaria
2859 1125 2915 1168 et
2944 1115 3186 1181 scripta:
3219 1122 3519 1182 praetextus
3566 1112 3735 1166 etiam

2113 1210 2550 1265 'inconsiderate
2600 1208 2876 1261 elIutiisse
2904 1222 2970 1260 ex
3009 1205 3242 1275 propriis
3295 1207 3440 1259 circa
3480 1205 3736 1274 dogmata

2143 1303 2461 1358 dominatus
2505 1300 2737 1354 libidine
2791 1299 3056 1361 ductum,
3139 1297 3297 1365 cujus
3339 1311 3567 1364 compos
3618 1295 3739 1349 ﬁeri

2146 1408 2259 1447 non
2290 1401 2528 1463 poterat,
2574 1389 2653 1443 uti
2692 1389 2941 1459 ejusdem
2978 1388 3045 1442 ad
3077 1386 3383 1441 Romanam
3435 1386 3737 1442 Ecclesiam

2147 1483 2405 1555 epistola:
2432 1489 2712 1546 astruunt,
2744 1496 2856 1535 non
2890 1480 3098 1550 absque
3148 1479 3313 1532 minis
3351 1479 3740 1533 demonstrau-

2144 1586 2253 1641 tes,
2276 1576 2318 1630 si
2351 1591 2464 1630 non
2514 1576 2888 1644 exciperetur,
2938 1571 3284 1626 ad'scbisma
3323 1585 3739 1640 processurum,

2148 1679 2279 1724 ante
2306 1670 2485 1738 ipsum
2533 1667 2886 1721 confessione
2930 1679 3027 1720 sua
3065 1661 3414 1733 cognominis
3471 1662 3740 1716 Maximus

2146 1758 2451 1828 redarguit,
2488 1766 2547 1812 et
2571 1756 2924 1810 manifestum
2950 1765 3038 1809 est
3067 1769 3133 1808 ex
3167 1753 3414 1822 ejusdem
3462 1754 3530 1807 ad
3577 1753 3741 1808 Mari-

442 1868 522 1919 ὅτι
549 1867 683 1935 πρὸς
712 1868 823 1925 τοῖς
850 1866 1096 1932 ἐλέγχοις
1132 1862 1239 1915 τῶν
1267 1860 1615 1930 δογματικῶν
1660 1857 1867 1910 Φωτίου
1901 1871 2035 1925 προ-

2147 1866 2274 1905 num
2304 1868 2307 1873 ·
2333 1850 2495 1920 Cypri
2559 1850 2939 1919 presbyterum
2995 1846 3227 1915 epistola
3254 1886 3268 1909 ,
3303 1845 3419 1900 haec
3461 1846 3741 1914 ipsissima

443 1959 663 2025 φάσεων
690 1955 1101 2024 συνελέγχονται
1131 1955 1266 2023 πρὸς
1315 1952 1409 2005 τοῦ
1443 1951 1684 2019 μεγάλου
1734 1947 1890 2000 τοῦδε
1945 1946 2035 1999 τὸν

443 2050 587 2101 θεῖον
618 2048 779 2116 ζῆλον
804 2048 897 2098 καὶ
929 2048 978 2098 οἱ
1016 2041 1631 2116 μεγαλορῤημονοῦντες
1655 2040 1724 2092 τὰ
1752 2041 1927 2092 οἰκεῖα
1946 2039 2037 2092 τὸν

456 2140 676 2209 Ῥώμης
702 2143 758 2191 ἐν
783 2140 1023 2200 ἁπάσαις
1044 2140 1164 2200 ταῖς
1192 2137 1599 2205 οίκουμενικαῖς
1626 2132 1864 2196 συνόδοις
1895 2133 2039 2200 ἔχειν

447 2236 742 2302 προνόμια,
770 2232 855 2282 διὰ
884 2231 944 2280 τὸ
971 2232 1045 2298 μὴ
1086 2225 1413 2297 τηνικαῦτα,
1448 2224 1588 2293 μετᾶ
1619 2224 1676 2276 δὲ
1723 2226 1822 2294 τὴν
1850 2221 2032 2274 αὐτῶν

446 2324 814 2392 παραδρομὴν
849 2322 908 2373 τὸ
939 2319 1180 2372 τοιοῦτον
1211 2303 1390 2386 δόγμα
1421 2317 1734 2387 κηρύττειν,
1776 2317 1875 2367 οὐκ
1908 2314 2040 2383 ἄδη-

445 2415 535 2467 λον
569 2414 675 2466 οὐδ’
704 2392 1046 2481 ἀπόκρυψον,
1075 2410 1191 2476 εἴγε
1221 2408 1468 2477 Μάξιμος
1497 2411 1523 2461 ὁ
1553 2407 1840 2481 θεσπέσιος
1862 2406 2044 2475 ἀκμά-

449 2508 558 2571 ζων
594 2503 663 2576 ἦν
698 2505 801 2570 πρὸ
858 2507 959 2573 τῆς
1003 2503 1168 2570 ἕκτης
1207 2502 1451 2564 συνίδου,
1485 2501 1578 2553 καὶ
1612 2500 1752 2569 μετὰ
1776 2498 1876 2569 τὴν
1905 2500 2041 2569 πρὸς

420 2601 652 2666 ίΚύριον
680 2598 892 2650 ἐκείνου
920 2598 1258 2660 μετάστασιν
1294 2593 1432 2664 αὕτη
1472 2593 1870 2661 συνεκροτήθη,
1902 2592 2041 2659 ὑπὲρ

423 2687 511 2745 ὀὗ
560 2692 830 2757 δόγματος
866 2690 1069 2754 ἐκεῖνος
1121 2684 1384 2754 γενναίως
1429 2685 1741 2754 ἡνδρῐσατο,
1781 2684 1874 2736 καὶ
1916 2672 2040 2752 μετ’

451 2781 621 2851 αὐτὴν
650 2782 711 2832 τὸ
762 2780 1070 2831 τελευταῖον
1117 2777 1346 2845 ἕϐδομον
1402 2774 1781 2842 οἰκουμενικδν
1816 2774 2042 2841 γέγονεν

449 2868 718 2938 ἂθρισμα.
751 2869 859 2920 Καὶ
889 2867 981 2919 τοῦ
1013 2866 1225 2928 λοιποῦ,
1272 2865 1352 2941 ῶς
1378 2866 1576 2927 ἔοικεν,
1608 2862 1950 2932 αἱρετώτερα
1975 2864 2045 2917 τὰ

449 2961 678 3024 Φωτίου,
717 2962 811 3013 καὶ
847 2962 967 3030 δίχα
1001 2959 1096 3012 τοῦ
1133 2960 1403 3029 προϐῆναι
1434 2958 1509 3020 ὼς
1536 2957 1913 3027 πρνιϐεϐἠκασι
1933 2956 2044 3010 τῶν

454 3054 709 3123 μεγάλων
734 3054 1064 3121 ἀμφοτέρων
1092 3051 1249 3103 τοῦτο
1276 3050 1511 3102 συνόδων
1548 3053 1787 3117 στερκτᾶ
1848 3051 1917 3102 τὰ
1948 3049 2042 3102 τοῦ

451 3148 653 3201 πάππα
685 3143 1076 3211 λογιζομένων,
1130 3141 1227 3201 καὶ
1279 3142 1356 3210 μὴ
1388 3140 1553 3210 ζῆλον
1610 3139 2043 3209 ἐνδεικνυμένων
2069 3176 2114 3237 C

454 3238 547 3288 ἐπὶ
576 3239 690 3297 τοῖς
727 3236 918 3288 τούτου
949 3232 1466 3303 καταπεμπομὲνοις
1485 3229 1630 3283 οὕτω
1658 3231 1954 3293 συνοδικοῖς
1987 3233 2046 3285 ἐν

450 3329 642 3389 αὐταῖς
673 3326 1070 3394 κροτουμέναις
1098 3327 1192 3376 καὶ
1228 3324 1335 3393 πρὸ
1372 3322 1576 3387 αὐτῶν,
1605 3324 1699 3374 καὶ
1723 3322 2047 3391 διατρανοῦο

455 3437 564 3484 σιν,
599 3420 675 3480 ῶς
711 3417 953 3488 εἴρηται,
1010 3416 1152 3468 κατὰ
1179 3415 1253 3470 ,τὸ
1310 3414 1595 3483 κρατῆσαν
1652 3413 1895 3483 ἀρχῆθεν
1926 3413 2049 3477 ἔθος

454 3509 697 3579 πέμπειν
733 3486 1072 3574 ἁπανταχοῦ,
1107 3507 1165 3557 ἐν
1199 3497 1281 3566 οἷς
1331 3503 1511 3557 αὐτῶν
1559 3507 1591 3573 ἡ
1626 3504 1766 3556 κατὰ
1799 3505 2048 3573 διαδοχὰς

455 3598 835 3667 ἁναγόρευσις,
865 3598 954 3649 καὶ
993 3597 1156 3665 μέχρι
1186 3593 1281 3648 τοῦ
1305 3595 1403 3646 νῦν
1428 3596 1507 3657 εἰς
1532 3594 1658 3655 τοὺς
1688 3595 1922 3656 οἰκείους
1953 3594 2048 3646 καὶ

456 3680 549 3744 ὑπ’
577 3691 765 3745 αὐτόν.
808 3689 949 3743 Ἀλλ’
983 3691 1015 3758 ἡ
1046 3689 1143 3758 τῆς
1198 3686 1460 3757 ἀληθείας
1496 3688 1698 3756 μᾶλλον
1729 3688 1793 3738 ἐκ
1845 3686 2049 3740 τούτων

454 3782 866 3850 ἁναφαινομένη
913 3780 1207 3845 διάγνωσις
1257 3779 1587 3848 παρίστησιν
1639 3778 1912 3847 ἐναργῶς,
1971 3777 2048 3841 ὡς
2090 3832 2095 3837 ,

459 3872 603 3942 μετὰ
625 3872 722 3941 τὴν
749 3871 1199 3941 κοσμοσωτήριον
1231 3868 1466 3939 φρικτὴν
1494 3870 1827 3939 οἰκονομίαν,
1864 3870 1956 3922 καὶ
1980 3870 2048 3924 τὶ

458 3962 793 4016 ὰποστολικὰ
845 3961 1182 4031 κηρύγματα
1218 3962 1310 4014 καὶ
1375 3961 1771 4029 σπουδάσματα
1798 3960 1856 4025 ἐξ
1904 3953 1978 4015 ὧν
2014 3963 2047 4032 ἡ

372 4072 382 4079 ·
471 4055 771 4122 Ἐκκλησία
803 4054 898 4124 μία
931 4053 1189 4121 συνέστη,
1216 4056 1310 4105 καὶ
1339 4051 1480 4105 οὕτω
1515 4051 1894 4120 τεθεμελίωτο,
1920 4053 2049 4106 ταύ-

457 4165 559 4219 την
586 4147 959 4216 διαδεξάμενοι
1008 4147 1057 4199 οἱ
1083 4146 1192 4197 τῶν
1219 4144 1480 4215 μαθητῶν
1503 4142 1597 4196 τοῦ
1626 4144 1833 4213 Κυρίου
1869 4145 2049 4199 διόιδο⁶

456 4258 542 4311 χοι
576 4240 833 4307 ποιμένες
883 4239 978 4291 καὶ¹
1011 4240 1365 4307 μυσταγωγοὶ
1417 4235 1831 4307 θεοπρὸϐλητοι,
1883 4239 1929 4290 οἱ
1959 4237 2047 4292 διὰ

438 4330 566 4382 »τῶν
586 4328 892 4382 καθολικῶν
918 4328 1194 4400 ᾀδομένων
1216 4326 1527 4381 ἐπταδικῶν
1559 4314 1928 4382 συνελεύσεων
1953 4328 2049 4382 αὖ·
2084 4318 2089 4323 ”

457 4420 553 4490 τὴν
583 4420 725 4474 οὕτω
761 4423 1154 4490 κρατύναντες,
1207 4420 1305 4477 καὶ
1334 4421 1515 4473 πᾶσαν
1556 4420 1767 4490 αἵρεσιν
1820 4422 2049 4476 ἀπωσά-

2141 1942 2308 1997 verba
2334 1941 2652 1996 continente
2681 1957 2736 1995 ιι
2774 1942 2840 1994 At
2870 1943 2924 1993 in
2954 1938 3068 1992 suis
3092 1953 3284 2008 papam
3327 1937 3613 2010 synodicis
3648 1952 3742 1992 as-

2145 2047 2353 2095 serere,
2375 2032 2541 2087 etiam
2571 2046 2636 2085 ex
2664 2030 2804 2103 Filio
2834 2028 3099 2099 Spiritum
3132 2038 3386 2108 sanctum
3415 2026 3740 2096 procedere,

2154 2136 2207 2181 et
2240 2124 2510 2192 recipere,
2543 2130 2597 2176 et
2627 2121 2696 2176 de
2719 2122 2822 2175 hoc
2850 2121 3015 2174 etiam
3043 2119 3459 2188 responsionem
3486 2119 3739 2173 adderea

2149 2218 2221 2273 Et
2244 2226 2606 2286 praeterquam
2636 2213 2783 2284 quod
2807 2204 3344 2283 dogmatiea'Photii
3391 2217 3602 2265 asserta
3655 2226 3745 2264 re-
3793 2218 3797 2222 '

2144 2308 2430 2370 felluntur,
2504 2322 2612 2360 una
2653 2304 2818 2359 simul
2879 2302 3212 2357 refelluntur
3265 2301 3334 2355 ab
3397 2300 3501 2355 hoc
3541 2301 3737 2355 eodem

2144 2396 2261 2452 zelo
2290 2396 2509 2465 pietatis
2533 2410 2695 2465 quam
2731 2395 2995 2460 maximo,
3031 2393 3125 2463 qui
3186 2393 3398 2465 ingenti
3446 2410 3579 2449 voce
3635 2397 3747 2450 ela-

2146 2491 2321 2551 mitat,
2354 2492 2572 2558 propria
2611 2488 2918 2544 Romanum
2949 2488 3001 2540 in
3032 2486 3292 2541 omnibus
3328 2483 3742 2545 uiiiversalibus

2154 2583 2381 2654 synodis
2414 2583 2696 2652 privilegia
2738 2582 2961 2643 habere,
2999 2582 3147 2651 quod
3175 2598 3283 2635 nou
3323 2591 3459 2647 tum,
3496 2583 3590 2637 sed
3621 2592 3747 2653 post

2146 2690 2340 2728 eorum
2408 2683 2792 2729 transcursum
2834 2674 3009 2728 simile
3051 2674 3247 2742 dogma
3297 2675 3595 2743 praedicat,
3633 2690 3744 2729 non

2148 2767 2447 2830 incertum,
2491 2782 2671 2836 neque
2715 2767 3040 2833 occultum;
3099 2766 3144 2820 si
3194 2765 3412 2820 divinus
3475 2766 3747 2821 Maximus
3804 2797 3812 2809 ι

2150 2866 2279 2913 ante
2338 2868 2546 2913 sextam
2613 2859 2880 2930 synodum
2948 2857 3218 2923 ﬂorebat,
3268 2866 3326 2912 et
3400 2868 3523 2927 post
3595 2857 3746 2914 illius

2145 2950 2212 3003 ad
2242 2948 2530 3004 Dominum
2564 2951 2855 3005 transitum
2887 2951 2978 3003 illa
3018 2950 3289 3005 celebrata
3318 2958 3421 3011 est,
3477 2964 3576 3018 pro
3636 2966 3748 3018 quo

2146 3042 2402 3112 dogmate
2455 3042 2875 3112 illergenerose
2925 3043 3269 3106 deeertavit,
3317 3048 3372 3095 et
3413 3049 3539 3111 post
3594 3040 3743 3097 illam

2146 3143 2424 3203 postrema
2465 3134 2793 3189 universalis
2841 3134 3195 3204 congregatio
3228 3141 3415 3188 coacta
3439 3140 3547 3197 est,
3594 3132 3748 3189 ideo—

2149 3242 2280 3296 que,
2345 3236 2407 3282 ut
2434 3229 2673 3292 videtur,
2719 3229 2897 3299 magis
2926 3229 3308 3298 amplectenda
3358 3236 3490 3282 sunt
3538 3227 3745 3292 Pbotii,

2151 3312 2205 3372 et
2230 3319 2440 3388 absque
2477 3335 2546 3374 eo
2572 3324 2721 3389 quod
2753 3320 3127 3376 successerint
3167 3320 3331 3375 modo
3379 3335 3490 3388 quo
3524 3333 3749 3373 succes-

2150 3413 2327 3466 serint
2384 3428 2475 3467 res
2526 3428 2850 3483 magnarum
2900 3414 3097 3468 harum
3151 3413 3484 3485 synodorum
3511 3426 3742 3466 exoscu-

2150 3503 2309 3558 lauda
2333 3505 2496 3560 abiis
2517 3507 2609 3575 qui
2669 3521 2761 3561 res
2813 3522 2969 3577 papa:
3015 3507 3356 3569 examinant,
3408 3518 3514 3559 nec
3570 3504 3746 3558 zelu-u

2150 3596 2476 3659 ostendunt,
2516 3612 2617 3666 pro
2649 3597 2799 3652 illius
2826 3598 2907 3652 sic
2930 3598 3112 3653 missis
3148 3597 3448 3667 synorlieis,
3482 3611 3607 3650 cum
3642 3596 3749 3650 illa:

2151 3695 2499 3756 cogerentur,
2539 3695 2595 3740 et
2627 3698 2755 3743 ante
2782 3704 2971 3743 earum
3017 3689 3470 3751 celebrationem,
3505 3697 3561 3742 ct
3585 3687 3748 3754 plane

2150 3778 2419 3838 indicmt,
2450 3787 2508 3832 ut
2539 3779 2743 3833 dictum
2770 3788 2877 3844 est,
2916 3780 2994 3834 uti
3044 3780 3113 3835 ab
3144 3779 3301 3833 initio
3330 3795 3449 3833 mos
3481 3779 3748 3833 obtinue-

2098 3908 2110 3917 .
2150 3879 2253 3934 rat,
2285 3884 2723 3939 quaquaversum
2766 3872 2917 3925 illum
2981 3867 3221 3933 mittere,
3256 3872 3383 3925 dum
3433 3887 3575 3925 nova
3618 3886 3752 3926 cono

2153 3958 2389 4013 tinuaret
2416 3961 2732 4015 eorumdem
2756 3956 3058 4015 secundum
3078 3978 3165 4014 ευ(
3180 3961 3484 4014 cessionem
3517 3963 3747 4022 creatio.

2151 4060 2206 4104 et
2235 4051 2301 4103 ad
2355 4052 2470 4105 haec
2530 4067 2705 4122 usque
2754 4058 3003 4120 tempora
3052 4051 3119 4104 ad
3153 4050 3256 4105 sibi
3304 4050 3605 4120 subjecms,
3652 4052 3749 4107 sed

2152 4144 2400 4199 veritatis
2477 4145 2652 4214 magis
2714 4158 2781 4198 ex
2823 4144 2911 4197 his
2977 4143 3249 4198 irradians
3297 4144 3543 4213 dignotio
3587 4144 3751 4213 plane

2151 4234 2492 4303 comprobat,
2524 4243 2653 4304 post
2705 4236 3003 4289 salutarem
3041 4234 3159 4288 orbi
3213 4235 3473 4289 universo
3506 4235 3747 4289 horren-

2157 4324 2397 4394 damque
2418 4326 2817 4389 mconomiam,
2850 4334 2906 4379 et
2932 4325 3357 4395 praedicationes
3390 4327 3749 4395 apostolicas,

2155 4425 2210 4472 et
2266 4428 2517 4483 conatus,
2570 4418 2772 4487 quibus
2820 4434 2928 4472 una
2976 4418 3217 4473 Ecclesia
3253 4417 3520 4481 substitit,
3553 4427 3608 4472 et
3670 4419 3746 4474 ita

460 4529 637 4582 μενοι,
671 4513 768 4565 καὶ
832 4511 918 4563 τὸν
970 4513 1070 4581 τῆς
1102 4511 1385 4573 εὐσεϐείας
1423 4512 1483 4564 ἐν
1544 4511 1683 4580 αὐτῇ
1719 4511 1876 4578 λόγον
1903 4512 2047 4583 ἐδρά-

2163 4508 2392 4564 fundata
2460 4507 2586 4573 fuit,
2653 4508 3050 4577 discipulorum
3106 4507 3322 4577 Domini
3374 4523 3748 4573 successores,
3818 4553 3822 4557 .

460 4619 675 4667 σαντες,
710 4588 993 4663 ’ἐωςοῦτοι
1026 4603 1306 4671 παρῆσαν,
1341 4603 1391 4654 οἱ
1432 4601 1592 4672 τήνδε
1625 4599 1941 4672 θεαρέστοις
1965 4603 2054 4674 ἐρ-

459 4712 576 4763 γοις
616 4698 711 4747 καὶ
762 4693 942 4762 λόγοις
1004 4691 1300 4754 ἰθύνοντες,
1355 4691 1606 4761 οὐδαμῶς
1647 4693 1866 4762 ἴσχυσεν
1895 4696 1922 4746 ὁ
1956 4695 2054 4762 τῆς

462 4785 656 4846 κακίας
690 4782 992 4853 ἐφευρετὴς
1020 4783 1080 4834 τὸ
1104 4781 1454 4851 συνημμένον
1490 4782 1929 4853 παρασαλεῦσαι,
1958 4784 2054 4838 καὶ

459 4878 519 4933 τὺ
544 4877 603 4931 ἓν
634 4877 808 4946 αὐτῆς
838 4878 975 4938 ὅλως
1007 4873 1382 4945 λυμήνασθαι,
1436 4875 1531 4925 καὶ
1561 4875 1736 4928 ταῦτα
1773 4875 1862 4928 διὰ
1896 4894 2055 4930 τινων

462 4969 769 5040 πειραθεὶς,
816 4969 877 5021 οὐ
909 4968 1054 5035 λέγω
1087 4968 1212 5034 περὶ
1238 4959 1369 5036 ὧνή
1410 4965 1639 5036 ρηθεῑσα
1674 4969 1932 5039 ἐπιστολὴ
1962 4968 2054 5022 τοῦ

466 5061 921 5132 μεγαλοκήρυκος
947 5058 1290 5129 ὁμολογητοῦ
1337 5056 1721 5126 διαλαμϐάνει,
1748 5059 1950 5129 ἐτέρων
1999 5061 2057 5114 δὲ

462 5154 601 5225 πρὸς
634 5153 830 5215 τοῖσδε,
893 5151 1011 5208 ἀλλ’
1067 5149 1428 5220 ἐκκρουσθεὶς
1473 5149 1710 5219 ταχέως,
1774 5151 1954 5215 καθὼς
1990 5152 2055 5205 ἂν

461 5246 560 5317 ἔχῃ
610 5245 814 5313 γνῶναι
850 5246 878 5297 ὁ
929 5243 1274 5311 ἐξεταστικός
1295 5259 1309 5272 ·
1342 5240 1643 5311 ἐπειδήπερ
1675 5236 1815 5311 ἦσαν
1870 5244 1918 5294 οί
1950 5243 2048 5313 τῆς

464 5339 663 5401 κακίας
690 5337 990 5409 ριζοτόμοι,
1025 5340 1118 5388 καὶ
1147 5334 1248 5402 τῆς
1282 5336 1423 5388 τατὰ
1467 5332 1853 5405 Θεὸνέἰρήνης
1886 5336 2057 5402 φύλα-

464 5447 558 5492 κες
586 5429 681 5482 καὶ
723 5427 985 5497 θεμέλιοι.
1043 5425 1160 5495 Ἀφ’
1192 5424 1256 5478 οὗ
1284 5425 1328 5477 δ’
1361 5426 1411 5475 οἱ
1454 5424 1687 5477 τοιοῦτοι
1717 5425 2055 5496 μετέστησαν

465 5524 543 5584 εἱς
577 5519 761 5589 ἀγαθὰ
791 5520 858 5572 τὰ
908 5518 1122 5582 αἰώνια,
1177 5516 1297 5569 τότε
1354 5515 1449 5568 καὶ
1479 5513 1685 5578 Φώτιος
1743 5516 1836 5568 καὶ
1874 5514 2055 5568 λοιποὶ

466 5613 702 5680 καθεξῆς
731 5612 823 5666 τὸν
858 5610 1160 5679 σύνδεσμον
1202 5607 1499 5679 διαρρῆξαι
1548 5609 1909 5678 κατίσχυσαν.
1961 5608 2055 5658 καὶ

466 5704 735 5761 διελέσθαι
767 5703 860 5757 καὶ
918 5703 1249 5771 κατατεμεῖν
1313 5700 1705 5770 ὑπερίσχυσαν).
1762 5700 1887 5751 Ἐπὶ
1927 5699 2055 5770 ποίᾳ

469 5793 726 5870 ῲφελεία,
766 5792 796 5861 ἦ
828 5792 953 5863 ποίᾳ
984 5790 1161 5862 λῦμῃ;
1195 5790 1373 5845 ἴσασιν
1405 5791 1451 5841 οί
1490 5788 1709 5854 εἰδότες,
1739 5791 1784 5841 εἰ
1828 5790 1920 5842 καὶ
1946 5790 2053 5849 τῶν

2160 4605 2257 4674 (ιυί
2314 4602 2600 4657 subsecuti
2648 4604 2786 4657 'sunt
2833 4611 3114 4671 pastores,
3174 4613 3228 4656 et
3275 4618 3306 4656 a
3345 4601 3456 4656 Deo
3511 4601 3751 4671 prom0ti

2100 4762 2105 4769 .
2157 4695 2477 4771 mystagogi,
2520 4695 2615 4765 qui
2664 4710 2758 4763 per
2802 4694 3142 4749 universales
3185 4703 3394 4763 septem
3441 4694 3524 4749 sic
3571 4695 3753 4750 dictos

2162 4804 2495 4859 congressus
2524 4804 2645 4843 eam
2685 4788 2831 4842 hunc
2880 4787 2935 4841 in
2969 4789 3189 4843 modum
3227 4788 3749 4855 eonstabiliverunt,
3779 4801 3788 4810 '

2161 4890 2220 4936 et
2257 4896 2477 4936 omnem
2505 4879 2756 4935 haeresim
2791 4880 3125 4949 relegarunt.
3148 4889 3205 4934 et
3235 4880 3455 4950 pietatis
3477 4880 3532 4934 in
3557 4881 3750 4935 eadem

2158 4987 2381 5028 causam
2414 4973 2724 5034 lirmarunt,
2766 4970 2943 5026 donec
2974 4971 3029 5024 bi
3081 4980 3381 5040 praesentes
3428 4982 3605 5033 erant,
3657 4970 3751 5041 qui

2165 5079 2285 5118 eam
2336 5063 2448 5117 Deo
2475 5063 2819 5132 complacitis
2853 5064 3114 5132 operibus
3141 5073 3197 5119 et
3245 5048 3598 5117 sermonibus
3620 5063 3752 5117 diri-

2157 5156 2378 5224 gebant,
2410 5155 2561 5208 nullo
2584 5155 2748 5210 modo
2778 5156 2955 5225 potuit
2988 5155 3356 5225 improbitatis
3398 5164 3590 5211 auctor
3619 5170 3753 5209 con-

2150 5244 2499 5315 junctionem
2540 5243 2844 5311 dimovere,
2901 5254 2955 5299 et
3007 5245 3281 5300 unitatem
3334 5245 3483 5301 illius
3528 5261 3755 5316 prorsus

2140 5336 2383 5405 laedere,
2429 5335 2561 5391 licet
2613 5337 2896 5391 nonnullis
2929 5336 2980 5392 id
3020 5346 3426 5406 pertentasset,
3474 5353 3584 5392 non
3633 5339 3757 5394 dico

2168 5429 2301 5492 illis,
2331 5444 2452 5498 qua:
2487 5426 2633 5483 dicta
2669 5429 2892 5483 maximi
2933 5430 3203 5499 prum-onis
3243 5430 3602 5502 homologetre
3632 5431 3752 5501 epi~

2160 5522 2298 5575 stola
2341 5521 2784 5590 comprehendit,
2821 5521 2918 5575 sed
2954 5537 3067 5592 prae
3115 5520 3202 5577 his
3258 5524 3382 5579 aliis
3427 5525 3614 5589 etiam,
3660 5542 3754 5579 ve-

2159 5624 2468 5670 rumtamen
2500 5614 2766 5683 expulsus
2801 5630 2965 5683 quam
3020 5614 3227 5682 subito,
3275 5617 3354 5671 uti
3393 5633 3575 5672 rerum
3626 5633 3754 5672 exa-

2159 5705 2398 5759 minator
2450 5705 2772 5783 cognoscit;
2845 5720 2967 5758 eum
3015 5714 3201 5759 essent
3241 5706 3345 5775 qui,
3380 5708 3753 5778 improbitatis

2161 5796 2377 5858 radices
2422 5793 2762 5860 exciderent,
2801 5801 2852 5852 ei.
2899 5792 3047 5864 pacis
3084 5796 3385 5852 secundum
3446 5799 3615 5855 Deum
3664 5817 3761 5855 cu-
