4072 6402
382 381 522 447 14θ3

1596 391 1920 453 GEORGII
1965 394 2431 455 lliE'l‘OCHlT/E

3499 389 3641 455 1404

378 503 564 558 studes
597 511 653 555 et
683 500 1042 558 fundamenta
1069 522 1082 558 :
1121 520 1244 559 cum
1275 521 1408 560 vero
1441 506 1493 560 hi
1527 508 1593 561 ad
1621 512 1955 580 sempiterna

2065 513 2254 580 ὀλίγων
2288 512 2433 566 οὗτοι
2474 509 2566 564 καὶ
2596 509 2657 563 οὐ
2688 507 2922 563 πολλῶν.
2970 507 3170 577 Ἥμεῖς
3203 507 3259 562 δέ
3295 508 3399 562 καὶ-
3414 509 3557 580 ἆπερ
3589 509 3653 560 ἐν

371 593 517 649 bona
554 594 1037 662 transmigrarnnt,
1068 604 1182 650 tum
1216 595 1464 663 Photius,
1502 611 1556 655 et
1579 601 1669 655 alii
1704 603 1795 671 qui
1826 619 1953 657 eum

373 685 655 740 subsecuti
689 695 834 748 sunt,
878 686 1157 740 vinculum
1201 688 1505 744 dissolvere
1539 700 1859 760 potuerunt,
1898 702 1956 746 et

370 777 706 838 discindere,
752 785 807 830 et
837 776 888 828 in
917 786 1103 846 partes
1132 780 1532 841 comminuere.
1571 798 1677 851 qua
1718 785 1956 837 utilitate

373 879 471 920 aut
501 868 680 921 noxa?
711 868 851 921 bene
888 868 1090 923 callent
1130 871 1223 939 qui
1270 880 1569 936 noverunt,
1616 873 1747 928 licet
1790 872 1953 943 pauci

373 959 488 1024 isti,
520 976 628 1013 non
665 960 820 1014 multi
864 970 1011 1015 sunt.
1054 960 1164 1016 Nos
1190 980 1352 1032 porro
1390 981 1451 1018 ea
1483 982 1699 1035 quoque
1742 983 1864 1037 qua:
1899 966 1954 1021 in

366 1052 578 1119 judicio
640 1052 767 1108 fassi
811 1062 939 1107 sont
968 1064 1278 1109 nostrorum
1308 1057 1757 1112 adversariorum
1782 1059 1951 1114 duces

371 1140 516 1191 circa
545 1140 942 1207 defensionem,
989 1145 1146 1211 cuius
1197 1146 1531 1201 mentionem
1577 1148 1830 1213 fecimus,
1868 1149 1955 1203 in-

375 1231 536 1285 dicati
596 1233 765 1286 divini
827 1233 1006 1289 Patris
1067 1252 1217 1291 more
1272 1239 1495 1307 proprio
1538 1256 1637 1293 suo
1713 1256 1801 1294 res
1855 1256 1956 1293 no-

373 1337 470 1375 vas
511 1325 1019 1389 comminiscentes,
1055 1328 1184 1396 quid
1211 1329 1355 1381 enim
1400 1330 1746 1385 manifestius
1783 1346 1953 1399 appa-

374 1417 573 1475 ruerit,
597 1417 726 1469 dum
763 1428 988 1473 sanctus
1038 1420 1165 1481 hoc,
1197 1420 1341 1488 quod
1371 1420 1447 1473 illi
1495 1423 1952 1489 criminabantur,

371 1506 682 1571 appositum
712 1506 841 1572 ipsis
870 1508 1050 1561 verbis
1087 1509 1260 1577 palam
1292 1509 1570 1564 defendit?
1597 1512 1649 1564 in
1675 1514 1955 1569 nonnullis

371 1597 576 1649 nostrTs
609 1598 981 1659 sermonibus,
1023 1609 1077 1652 et
1108 1598 1161 1652 in
1185 1614 1248 1654 ea
1289 1601 1678 1670 responsiones
1719 1618 1782 1656 ex
1816 1604 1951 1673 ipsis

369 1685 710 1740 defensionis
750 1689 957 1751 verbis,
1013 1699 1065 1744 ct
1108 1690 1228 1746 aliis
1272 1691 1496 1751 Patrum
1548 1693 1713 1749 dictis
1764 1705 1954 1749 contra

370 1778 672 1844 posuimus.
710 1777 786 1830 De
825 1794 887 1832 ea
914 1795 1046 1833 vero
1069 1781 1320 1851 cpistola,
1344 1792 1399 1837 et
1430 1785 1737 1838 necessaria
1771 1801 1955 1840 rerum

371 1868 534 1929 se:ie.
568 1885 732 1938 quam
775 1871 1077 1932 innuimus.
1108 1856 1229 1927 eum
1262 1874 1381 1929 fuse
1424 1877 1530 1929 alio
1569 1876 1623 1931 in
1675 1878 1795 1939 loco
1846 1887 1957 1933 tra-
1989 1854 2029 1908 ³

372 1959 734 2025 οιιιγρτὶιηιιε,
778 1961 956 2016 adhuc
993 1962 1158 2018 latius
1183 1965 1594 2036 perfectiusque
1631 1984 1721 2033 ea,
1770 1970 1860 2027 cui
1902 1970 1955 2025 id

378 2048 685 2103 collibitum
721 2049 907 2114 fuerit,
941 2060 996 2107 et
1027 2053 1078 2106 in
1101 2054 1257 2110 libris
1290 2058 1512 2122 nostris,
1538 2068 1596 2112 et
1630 2075 1825 2113 eorum
1862 2061 1955 2130 qui

368 2155 495 2194 cum
544 2141 711 2195 nobis
762 2159 869 2196 una
921 2145 1188 2209 sentiunt,
1247 2150 1505 2217 reperiet.
1566 2150 1956 2207 Verumtamen

369 2249 495 2287 eum
536 2233 590 2286 in
622 2234 957 2303 colloquium
1004 2239 1194 2293 venire
1240 2242 1399 2297 nobis
1439 2259 1550 2297 non
1598 2246 1955 2311 concedatur,

371 2329 466 2375 aut
514 2321 682 2377 libere
714 2333 770 2378 et
794 2325 1028 2392 publice,
1049 2338 1096 2381 et
1131 2318 1186 2382 id
1229 2331 1620 2400 imperatorum
1651 2335 1955 2400 audientia,
2006 2352 2009 2355 ·

370 2421 617 2464 autcum
646 2412 924 2482 aliquibus
948 2416 1221 2485 privatim,
1255 2431 1309 2476 et
1352 2421 1406 2475 in
1430 2438 1675 2489 secessu,
1718 2427 1813 2481 sed
1838 2442 1959 2482 sors

369 2503 533 2557 nobis
564 2504 653 2557 illa
677 2506 927 2578 contigit.
962 2522 1021 2563 ut
1050 2514 1353 2581 perpetuis
1380 2517 1695 2572 carceribus
1746 2520 1958 2573 manci-

371 2610 587 2665 pcmur,
617 2604 674 2653 et
713 2599 780 2653 ab
826 2602 1085 2656 omnibus
1128 2603 1346 2675 injuriis
1392 2607 1694 2664 atﬁciamur
1738 2611 1959 2680 illisque

369 2687 463 2756 qui
493 2704 594 2743 nos
629 2694 1063 2761 supereminent,
1102 2698 1445 2755 satisfactum
1485 2717 1610 2757 esse
1642 2712 1958 2773 reputetur,

369 2782 597 2842 propter
621 2790 740 2831 eam
772 2794 896 2849 qua:
926 2780 980 2836 in
1017 2785 1277 2841 omnibus
1317 2787 1569 2858 inspersa
1602 2800 1707 2855 est,
1747 2800 1802 2846 ct
1849 2807 1953 2863 po-

375 2866 645 2922 tissimum
683 2870 733 2923 in
767 2874 1016 2941 p0pulari
1064 2878 1225 2933 turba
1260 2884 1820 2951 prceoccupationem,
1849 2883 1955 2937 ali-

374 2957 595 3024 quando
623 2960 780 3014 nobis
815 2961 1122 3033 inopinato,
1174 2966 1218 3020 si
1264 2968 1479 3038 aliquos
1528 2971 1731 3041 alloqui
1785 2972 1960 3028 conti-

371 3049 535 3119 gerit,
566 3057 628 3104 ut
669 3050 722 3105 in
753 3068 950 3125 magna
984 3056 1135 3111 curia
1167 3060 1335 3114 semel
1368 3060 1513 3116 forte
1554 3062 1774 3117 fortuna
1820 3063 1962 3119 acci-

370 3141 469 3206 dit,
501 3144 823 3213 autscripta
861 3145 915 3200 in
949 3149 1205 3206 manibus
1238 3152 1308 3207 ab
1332 3153 1607 3223 aliquibus
1636 3163 1823 3210 contra
1855 3156 1959 3212 hoc

371 3244 751 3303 argumentum
784 3237 988 3292 dictata
1014 3240 1067 3294 in
1097 3245 1319 3300 occulto
1352 3246 1638 3316 accipere,
1684 3247 1958 3302 dictiones

371 3340 435 3379 ex
478 3325 587 3381 Deo
634 3329 812 3386 ductis
880 3330 1137 3389 Patribus
1193 3348 1568 3406 proponentes
1598 3375 1614 3402 ,
1664 3338 1963 3393 ostenden-

375 3427 568 3486 tesque
594 3434 690 3473 eos
722 3421 828 3475 illis
857 3424 1133 3479 contraria
1180 3427 1435 3493 reboare,
1469 3436 1525 3482 et
1560 3428 1786 3498 alloqui,
1817 3438 1871 3484 et
1906 3430 1960 3484 in

374 3513 520 3591 quod
565 3527 684 3567 sese
734 3516 1104 3586 praecipitium
1154 3529 1337 3590 agant,
1398 3521 1467 3576 de
1509 3520 1594 3577 bis
1620 3522 1963 3577 considerata

377 3605 801 3676 examinalaquc
836 3625 1022 3663 rerum
1070 3611 1236 3675 serie,
1270 3613 1558 3669 veritatem
1609 3614 1960 3669 irradiantem

372 3699 490 3751 sive
523 3697 642 3753 fuse
680 3699 797 3755 sive
824 3701 1086 3769 breviter,
1122 3713 1175 3759 et
1204 3705 1261 3758 in
1303 3706 1639 3775 compendio
1663 3704 1960 3761 edicimus.

378 3791 637 3847 Attamen
667 3792 719 3846 hi
754 3795 994 3849 maximo
1028 3795 1312 3850 dominatu
1363 3796 1682 3867 conStlpati,
1719 3798 1835 3852 sive
1871 3797 1963 3867 qui

373 3885 542 3937 vitam
565 3900 691 3939 cum
725 3882 900 3941 morte
952 3899 1385 3953 commutarunt,
1437 3890 1531 3959 qui
1586 3890 1964 3959 maximopere

376 3978 434 4031 in
468 3993 567 4031 nos
592 3978 852 4033 commoti
877 3978 1051 4043 fuere,
1090 3980 1206 4036 sive
1243 3981 1337 4052 qui
1388 3984 1533 4037 inter
1581 3982 1739 4039 vivos
1787 3983 1968 4038 adhuc

376 4069 586 4138 degunt
624 4078 884 4139 tanquam
928 4071 1021 4139 qui
1047 4071 1556 4138 deprehendantur,
1599 4088 1767 4129 voces
1796 4088 1966 4129 novas

377 4158 737 4229 blasphemiis
795 4161 1024 4215 refertas
1070 4163 1455 4227 introducere,
1504 4164 1558 4218 in
1586 4174 1733 4220 tomo
1773 4173 1969 4220 contra

377 4266 480 4305 nos
513 4260 844 4322 nostrosque
871 4254 1113 4308 asseclas
1146 4255 1353 4324 scripto
1401 4255 1811 4325 publicatoque,
1844 4264 1969 4311 tan-

378 4348 614 4416 demque
662 4355 720 4401 et
775 4347 986 4421 calamo
1041 4356 1097 4401 et
1135 4355 1444 4402 atramento
1487 4348 1788 4414 composita
1843 4362 1968 4401 cum

379 4434 551 4492 semel
583 4440 1028 4507 recognoverint,
1079 4440 1282 4510 quibus
1324 4440 1641 4521 intelligunt
1680 4439 1969 4509 colloquiis

2060 607 2175 667 τοῖς
2207 603 2578 673 δικαστηρίοις
2604 601 2846 671 ἔφθασαν
2880 601 3123 665 ἐξειπεῖν
3167 600 3219 654 oi
3244 599 3359 653 τῶν
3410 600 3654 670 ἀντικει.

2062 698 2243 766 μένων
2272 697 2402 765 ήμῖν
2449 695 2701 767 προαγοὶ,
2756 694 2842 763 ἐφ’
2878 687 3021 769 ᾗπερ
3052 691 3415 763 ἐμνήαθημεν
3439 691 3655 761 ὑπερη-

2061 791 2223 860 γορίᾳ
2260 788 2353 842 τοῦ
2377 786 2713 858 δηλωθέντος
2739 785 2884 840 θείου
2919 784 3134 855 Πατρδς
3168 782 3654 855 εὑρεσιλοτοῦντες

2058 880 2202 933 κατὰ
2232 880 2327 933 τὸν
2359 879 2558 949 συνήθη
2592 876 2794 946 τρόπον
2829 877 3014 940 αὐτοῖς
3039 891 3055 909 ·
3095 877 3165 932 τί.
3184 875 3295 944 γὰρ
3325 874 3391 928 ἂν
3448 873 3650 944 φανείη

2061 990 2165 1025 που
2192 970 2580 1040 προδηλότερον
2623 967 2717 1023 τοῦ
2736 969 2837 1053 ’τὸν
2867 967 3025 1036 ἅγιον
3056 966 3188 1020 αὐτὸ
3222 966 3286 1018 τὸ
3311 966 3653 1033 αἰτιώμενον

2058 1066 2285 1133 θέμενον
2313 1063 2457 1116 κατά
2482 1063 2634 1131 ῥῆμα
2673 1061 2863 1114 τούτου
2898 1058 3150 1129 φανερῶς
3182 1057 3650 1127 ὑπερηγορῆσαις

2058 1157 2208 1220 ὅμως
2237 1153 2294 1207 ἐν
2324 1171 2434 1206 τισι
2481 1153 2816 1224 παραθέντες
2845 1152 2956 1205 τῶν
2996 1152 3291 1223 ἡμετέρων
3338 1148 3519 1217 λόγων
3550 1149 3650 1201 καὶ

2057 1248 2185 1308 τοὺς
2220 1245 2370 1314 σφῶν
2400 1244 2652 1316 ἐλέγχους
2682 1244 2738 1309 ἐξ
2762 1245 2942 1298 αὐτῶν
2979 1244 3088 1296 τῶν
3134 1244 3236 1313 τῆς
3265 1241 3654 1310 ὕπερηγορίας

2062 1337 2322 1409 ῥημάτων
2360 1339 2451 1390 καὶ
2502 1337 2704 1391 λοιπῶν
2756 1337 3046 1404 πατρικῶν
3092 1335 3646 1402 ἀντιπαρεθήκαμεν.

2062 1432 2194 1500 Περὶ
2236 1431 2292 1483 δὲ
2345 1432 2443 1498 τῆς
2496 1431 2786 1499 ἐπιστολῆς
2830 1430 2923 1484 καὶ
2953 1430 3050 1497 τῆς
3078 1423 3147 1502 ἦς
3186 1429 3400 1496 ἔφημεν
3431 1427 3496 1478 ἐκ
3528 1424 3645 1476 τῶν

2060 1522 2402 1589 πραγμάτων
2433 1521 2734 1586 ἀναγκαίας
2763 1519 3106 1587 ἀκολουθίας,
3158 1514 3401 1585 ἀλλαχοῦ
3435 1513 3647 1567 πλατῦ-

2057 1629 2215 1679 τερον
2240 1611 2599 1664 διαλαϐόντων
2628 1611 2807 1682 ήμῶν,
2840 1611 2920 1664 ἔτι
2944 1607 3379 1677 διεεοὸϊκώτερον
3415 1607 3648 1677 εὑρήσει

2058 1704 2235 1755 ταῦτα
2260 1702 2354 1756 καὶ
2379 1701 2701 1770 τελεώτερον
2734 1704 2762 1756 δ
2786 1701 3108 1777 βουλόμενος
3145 1701 3204 1752 ἐν
3235 1698 3441 1767 βίϐλοις
3473 1697 3649 1766 αἵπερ

2068 1794 2329 1863 ήμέτεραι
2355 1794 2449 1846 καὶ
2476 1793 2584 1847 τῶν
2616 1793 2902 1862 ἡμετέρων
2916 1792 3042 1847 εἰσί.
3077 1791 3225 1861 Πλὴν
3249 1790 3369 1843 ἐπεὶ
3401 1788 3654 1855 τοπαρά-

2058 1903 2167 1939 παν
2190 1886 2269 1949 είς
2296 1885 2489 1954 λόγους
2518 1885 2693 1939 ἐλθεῖν
2729 1885 2790 1938 οὐ
2828 1882 3329 1956 παραχωρούμεθα,
3363 1880 3397 1951 ἢ
3423 1883 3652 1951 mpm.

2060 1980 2172 2049 σίᾳ,
2204 1979 2301 2031 καὶ
2329 1976 2437 2031 τῶν
2486 1977 2913 2046 αὐτοκρατόρων
2966 1973 3223 2038 ἐνώπιον,
3278 1971 3311 2042 ἦ
3350 1972 3467 2041 μετ’
3490 1971 3656 2024 ἐνίων

2061 2067 2398 2133 ἰδιαζόντως,
2444 2066 2545 2120 καὶ
2597 2066 2701 2119 ἀνὰ
2766 2065 2954 2135 μέρος,
3008 2064 3147 2118 ἀλλὰ
3186 2063 3395 2133 κλῆρος
3423 2062 3559 2129 ἡμῖν
3591 2059 3657 2113 τὸ

2056 2158 2234 2212 διόλου
2295 2158 2789 2228 ἐγκεκλεισμένους
2865 2152 3008 2208 εἶναι
3062 2154 3161 2208 καὶ
3217 2155 3371 2223 παρά
3427 2151 3657 2204 πάντων

2060 2249 2248 2319 ὕϐρεσι
2274 2247 2700 2313 πλύνεσθαι,καὶ
2725 2245 2936 2309 τοΰτοις
2964 2246 3093 2307 τοὺς
3110 2244 3235 2298 καθ’
3261 2245 3429 2313 ἡμῶν
3446 2243 3552 2294 {me
3564 2240 3659 2311 ρέ-

2057 2356 2254 2409 χοντας
2314 2337 2652 2409 ἱκανοῦσθαι,
2684 2336 2781 2391 καὶ
2809 2338 2874 2406 τῇ
2906 2336 2999 2404 ἀφ’
3027 2330 3096 2406 ἧς
3120 2334 3297 2388 ταῦτα
3326 2335 3491 2386 πᾶσιν
3519 2332 3655 2385 ἀτε-

2058 2430 2201 2500 χνῶς
2230 2428 2647 2499 ἐνσκεδασθείσῃ
2679 2425 2970 2497 προλήψει,
3014 2426 3109 2478 καὶ
3143 2424 3379 2494 μάλιστα
3410 2424 3518 2483 τοῖς
3552 2419 3654 2474 τοῦ

2058 2521 2297 2584 λαὼδους
2331 2521 2699 2590 συστήματος,
2736 2518 2901 2589 ἡνίκα
2932 2516 3096 2572 ποθὲν
3132 2517 3265 2586 ἡμῖν
3296 2513 3653 2584 ἀπροσδοκή-

2058 2630 2189 2676 τως,
2221 2611 2256 2683 ﬂ
2287 2613 2428 2682 μετά
2457 2628 2622 2663 τινων
2649 2609 3000 2679 διαλεχθῆναι
3028 2607 3291 2677 συμϐαίη,
3347 2607 3423 2668 ὡς
3449 2607 3507 2658 ἐν
3537 2605 3656 2667 τοῖς

2064 2704 2320 2777 μεγάλοις
2358 2703 2603 2774 ἀρχείοις
2649 2702 2798 2767 ἆπαξ
2849 2701 3041 2770 γέγονε
3071 2699 3215 2753 κατά
3255 2696 3589 2766 συγκυρίαν,
3620 2695 3656 2765 ἢ
3737 2694 3742 2699 ⁸

2062 2796 2282 2870 γραφὰς
2308 2797 2388 2860 είς
2436 2798 2623 2866 χεῖρας
2651 2794 2836 2848 λαϐεῖν
2874 2794 3006 2864 παρ’
3034 2792 3190 2845 ἐνίων
3213 2792 3361 2844 κατὰ
3384 2789 3486 2858 τῆς
3518 2788 3663 2841 ὑπνο-

2062 2890 2266 2952 θέσεως
2294 2888 2601 2958 γραφείσας
2632 2888 2689 2940 ἐν
2727 2886 3088 2957 παραϐύστῳ,
3113 2885 3274 2947 τὰςδ*
3302 2883 3660 2955 ἀντιρρήσεις

2063 2980 2244 3034 ἐκτῶν
2267 2979 2613 3050 θεοφορήτων
2636 2979 3030 3049 προφέροντες,
3053 2976 3148 3029 καὶ
3166 2975 3475 3034 δεικνύντες
3504 2973 3663 3033 ὅπως

2025 3092 2032 3098 ·
2063 3070 2208 3131 οὗτοι
2226 3073 2412 3142 σφίσιν
2436 3073 2767 3135 ἀπεναντίας
2788 3070 2884 3123 καὶ
2909 3067 3146 3140 φωνοῦσι
3172 3068 3267 3121 καί⁸
3293 3066 3659 3137 φθέγγονται,

2064 3168 2157 3220 καὶ
2187 3168 2268 3229 είς
2292 3162 2403 3218 οἷον
2446 3163 2696 3217 ἐντεῦθεν
2727 3161 2941 3215 ὄλισθον
2966 3158 3358 3220 όνλισθαίνουσι,
3391 3156 3489 3209 καὶ
3522 3153 3666 3223 περὶ

2064 3258 2233 3312 τῶνδε
2256 3256 2364 3310 τῶν
2393 3258 2459 3309 ἐκ
2482 3255 2580 3325 τῆς
2616 3253 2940 3316 ἀκολουθίας
2967 3251 3077 3305 τῶν
3131 3250 3487 3318 πραγμάτων
3513 3247 3664 3299 θεω-

2070 3350 2372 3422 ρουμένων,
2400 3347 2496 3402 καὶ
2524 3346 2625 3416 τὴν
2655 3346 2712 3413 ἐξ
2738 3345 2918 3399 αὐτῶν
2943 3340 3489 3414 ἀπαστραπτομένην
3522 3337 3667 3407 ἀλήο

2067 3444 2242 3508 θειαν,
2268 3439 2414 3493 κατά
2435 3456 2488 3492 τι
2527 3437 2782 3507 ἐκτάδην,
2805 3438 2901 3490 καὶ
2928 3436 3069 3489 κατά
3102 3434 3278 3505 βραχὺ
3310 3432 3406 3487 καλ
3425 3434 3668 3484 ἐστενωο

2071 3535 2247 3605 μένως
2275 3530 2751 3601 ἀνακηρύττομεν.
2799 3528 2941 3582 Ἂλλ⁹
2979 3528 3031 3581 oi
3088 3527 3199 3597 μένι
3227 3523 3478 3595 μεγάλην
3497 3540 3667 3592 περι-

2068 3626 2377 3695 ζωσάμενοι
2431 3622 2776 3687 δυναστείαν,
2812 3620 2954 3673 οἵτε
2998 3619 3091 3672 τδν
3122 3617 3236 3688 βίον
3284 3613 3666 3685 μετηλαχότες

2067 3721 2177 3774 τῶν
2216 3717 2339 3773 καθ’
2372 3714 2531 3787 ήμῶν
2585 3710 3466 3783 ὑπερϐαλλόντωςκεκινημένων,
3518 3705 3576 3758 οῖ
3602 3721 3664 3757 τε

2067 3813 2181 3873 τοῖς
2214 3808 2351 3873 ζῶσι
2387 3804 2893 3874 συνεξεταζόμενοι,
2936 3804 3010 3866 ὡς
3044 3800 3351 3862 ἐαλωκότες
3384 3814 3670 3866 καινοφωα

2067 3904 2185 3966 νίας
2224 3903 2319 3956 καὶ
2350 3896 2709 3972 βλασφημίας
2765 3894 2848 3965 ἐφ’
2885 3888 2918 3970 ᾗ
2965 3891 3315 3965 τομογραφίᾳ
3354 3891 3667 3961 ἐχρήσαντο

2070 3994 2193 4053 καθ’
2220 3994 2399 4065 ἡμῶν,
2430 3992 2527 4046 καὶ
2556 3991 2694 4062 πρὸς
2719 3988 2830 4043 τῶν
2858 3987 3096 4052 οίκείων,
3132 3985 3229 4039 καὶ
3258 3984 3358 4053 τῆς
3389 3981 3670 4052 σφετέρας

2075 4087 2291 4158 μοίρας,
2326 4086 2422 4140 καὶ
2454 4083 2564 4137 τῶν
2598 4080 2946 4151 συνθεμένων
2968 4077 3203 4148 καλάμῳ
3234 4078 3330 4130 καὶ
3366 4075 3557 4145 μέλανι
3580 4074 3667 4136 είς

2072 4179 2427 4251 συναίσθησιν
2469 4176 2620 4247 μόλις
2670 4172 2956 4237 ἐλθόντων,
3001 4170 3061 4236 ἐξ
3090 4164 3165 4223 ὧν
3193 4168 3490 4238 φθάνουσιν
3528 4166 3671 4231 ἀκη-

2074 4273 2261 4327 κοέναι
2296 4272 2413 4333 ταῖς
2444 4267 2752 4338 πανδήμοις
2783 4264 3021 4325 ἐκείναις
3053 4261 3404 4327 δικαστικαῖς
3427 4258 3572 4312 διαλέ
3585 4259 3655 4322 ξε-

2077 4379 2180 4423 σ.ν.
2229 4361 2311 4427 ἔτι
2342 4378 2401 4415 τε
2434 4357 2565 4429 παρ’
2597 4356 2756 4429 ἡμῶν
2791 4355 2885 4408 καὶ
2940 4344 3242 4422 ἐγγράφοις
3297 4349 3668 4419 ἀπαντήσεσιν

2074 4452 2442 4525 ἐλεγχθέντες,
2468 4450 2801 4512 ἀπείπαντες
2840 4446 2980 4517 πρδς
3001 4444 3301 4511 ἀπολογίας
3334 4438 3665 4513 χωρῆσαι,ή

381 4530 487 4582 illis
516 4529 658 4597 apud
705 4530 919 4595 iudices
970 4529 1023 4583 in
1073 4529 1411 4585 audientiam
1473 4529 1716 4596 universi
1773 4531 1963 4598 populi

2069 4546 2168 4607 τὰς
2284 4542 2554 4610 διαλόγοις
2589 4536 3060 4610 αὐτοπροσὼποις,
3097 4534 3129 4607 ἢ
3169 4533 3268 4597 τὰς
3306 4532 3394 4586 διὰ
3436 4529 3669 4600 γραφῶν

385 4621 614 4683 habitis,
638 4628 692 4673 et
725 4627 987 4689 pra-terea
1018 4635 1115 4689 per
1142 4635 1244 4674 nos
1272 4625 1478 4690 scripto
1506 4620 1720 4675 traditis
1737 4636 1969 4690 respon-

378 4710 644 4766 sionibus
667 4718 938 4765 reiutatos
963 4726 1105 4773 esse,
1140 4712 1525 4766 renuntiantes
1548 4713 1832 4783 apologiis,
1855 4712 1970 4767 sive

370 4790 507 4872 quae
537 4803 592 4856 in
630 4802 862 4871 dialogis
896 4804 1260 4871 praesentibus
1298 4804 1740 4875 colloqueutibus
1778 4803 1970 4873 dispu-

387 4904 593 4952 tantur.
625 4896 741 4948 sive
770 4895 824 4947 in
858 4893 1081 4963 scriptis
1109 4910 1297 4949 eorum
1325 4896 1417 4965 qui
1447 4896 1618 4964 gloria
1671 4905 1726 4951 ct
1763 4896 1972 4963 magni-

388 4988 602 5042 tlcentia
653 4986 1101 5041 nonadmodum
1156 4988 1398 5042 illustres
1440 5003 1619 5056 neque
1661 4987 1968 5059 conspicui,

384 5081 480 5135 sed
507 5081 859 5135 sermonibus
894 5079 1202 5136 scribendis
1241 5081 1456 5135 laudem
1499 5081 1778 5135 consecuti
1821 5090 1971 5145 sunt,

384 5171 762 5237 continentur,
811 5171 1040 5240 hujusce
1091 5171 1159 5225 de
1204 5187 1312 5240 quo
1367 5186 1515 5225 nunc
1574 5172 1874 5241 loquimur,
1919 5181 1976 5225 et

386 5266 619 5319 alterius
660 5273 715 5318 et
760 5263 1020 5317 omnibus
1072 5263 1381 5333 disciplinis
1431 5263 1622 5333 logicis
1675 5273 1728 5317 et
1777 5263 1976 5317 inStru-

386 5356 663 5411 ction‘bus
714 5356 885 5426 magis
956 5356 1227 5418 illustris,
1286 5371 1518 5425 quorum
1586 5344 1973 5408 commentaria

391 5448 675 5516 inopinato
723 5448 788 5502 ad
828 5462 1023 5516 [uarius
1052 5457 1270 5502 nostras
1310 5462 1635 5516 pervenere,
1681 5463 1745 5499 ex
1784 5455 1978 5501 ventre

392 5540 569 5595 crutis
619 5539 957 5594 dictionibus
1022 5540 1436 5594 corroborantia
1494 5537 1756 5592 Ecclesiae
1808 5537 1978 5593 dissi-

395 5634 549 5688 diuut
580 5650 593 5686 :
627 5632 757 5703 quin
787 5641 842 5688 et
869 5623 1330 5687 dissertationesa
1355 5632 1515 5685 nobis
1535 5632 1587 5684 in
1617 5647 1807 5700 magna
1829 5632 1979 5686 curia

401 5724 620 5777 habitas
645 5725 852 5794 scripto
882 5740 984 5793 pro
1016 5724 1230 5778 viribus
1279 5718 1603 5778 tradidimus
1636 5726 1751 5777 zclo
1783 5726 1981 5778 verita-

403 5817 472 5873 tis
495 5814 623 5875 acti,
655 5830 763 5885 quo
792 5827 846 5872 et
889 5817 953 5871 ad
992 5816 1199 5887 reliqua
1243 5816 1467 5884 similia,
1536 5817 1578 5868 si
1623 5832 1742 5887 qum
1803 5832 1972 5887 appa—

2069 4637 2177 4690 τῶν
2205 4626 2379 4696 ἄλλως
2414 4633 2511 4702 μὲν
2540 4632 2614 4702 μὴ
2644 4629 2960 4700 περιόπτων
2988 4629 3055 4697 τῇ
3095 4625 3404 4695 φαινομένῃ
3448 4620 3575 4693 δόξῃ
3606 4638 3665 4675 τε

2046 4727 2165 4782 ικαὶ
2196 4723 2596 4796 μεγαλειότητι,
2628 4720 2842 4789 λόγῳδέ
2864 4735 2925 4786 γε
2961 4715 3290 4786 περικλεῶν,
3318 4713 3413 4766 τοῦ
3443 4729 3501 4765 τε
3539 4709 3667 4782 περὶ

2070 4812 2133 4870 οὗ
2162 4816 2255 4867 νῦν
2285 4815 2332 4867 οἱ
2356 4813 2524 4878 λόγοι,
2547 4811 2642 4864 καὶ
2672 4810 2875 4881 ἐτέρου,
2893 4822 2960 4859 πε
2969 4801 3364 4876 ριφανεστὲρου
3386 4801 3666 4862 παντοξοις

2073 4909 2310 4976 λογικοῖς
2337 4904 2622 4974 μαθήμασι
2649 4901 2746 4954 καὶ
2780 4896 3163 4966 παιδεύμασιν,
3196 4894 3353 4948 ἅτινα
3379 4893 3666 4961 συγγράμ-

2079 5015 2223 5069 ματα
2253 4997 2380 5066 παρ’
2438 4994 2658 5056 ἐλπίδας
2692 4992 2796 5044 ἀνα
2840 4991 3031 5060 χεῖρας
3076 4985 3268 5039 λαϐεῖν
3297 4982 3667 5054 ἠδυνήθημεν,

2079 5086 2288 5157 ῥήμασι
2345 5085 2455 5145 τοῖς
2485 5082 2593 5136 ἀπὸ
2626 5080 2837 5144 κοιλίας
2882 5078 2981 5148 τὴν
3025 5076 3124 5145 τῆς
3165 5073 3493 5143 Ἐκκλησίας
3530 5089 3667 5142 κρα-

2075 5175 2333 5229 ταιοῦντα
2374 5172 2679 5238 διάστασιν]
2702 5186 2718 5203 ο
2751 5168 2888 5223 ἀλλὰ
2939 5170 3035 5221 καὶ
3082 5167 3146 5229 ἂς
3176 5164 3441 5228 διαλέξεις
3472 5164 3530 5215 ἐν
3561 5163 3669 5223 τοῖς

2080 5264 2436 5334 καλουμένοις
2474 5261 2732 5333 μεγάλοις
2767 5256 3064 5328 βασιλείοις
3104 5255 3244 5324 μετὰ
3272 5252 3528 5306 τοιοῦτων
3549 5253 3669 5305 ἐτέ-

2082 5376 2190 5432 ρων
2227 5353 2624 5425 ἐποιησάμεθα,
2654 5350 2895 5422 γραφαῖς
2952 5346 3355 5432 παρεδώκαμεν
3387 5344 3464 5407 ὡς
3510 5342 3666 5412 ἐξῆν,

2078 5428 2225 5519 ζήλῳ
2249 5445 2325 5516 τῷ
2361 5445 2499 5514 ὑπὲρ
2537 5441 2792 5513 ἀληθείας
2821 5438 3133 5509 φερόμενοι,
3163 5437 3259 5506 ὑφ’
3292 5428 3354 5487 οὗ
3384 5434 3481 5488 καὶ
3529 5433 3669 5503 πρὸς

2081 5541 2241 5593 λοιπὰ
2274 5535 2628 5609 παραπλήσια
2673 5531 2725 5584 εί
2752 5548 2852 5584 που
2917 5530 3111 5599 φανείη
3152 5524 3667 5599 παρεσκευάσμεθα,

2082 5632 2311 5698 δυνάμει
2377 5623 2779 5696 τεθαρρηκότες
2812 5620 2907 5673 τοῦ
2940 5620 3011 5673 τὰ
3039 5618 3351 5690 παρειμένα
3384 5618 3480 5670 καὶ
3508 5614 3671 5668 ἀσθε-

2085 5723 2148 5789 νῆ
2181 5716 2541 5787 ἐνισχύοντος.
2577 5711 2698 5766 Τῶν
2733 5711 3086 5780 παρειμένων
3115 5709 3229 5778 γὰρ
3258 5708 3419 5777 ἡμεῖς
3457 5702 3671 5789 ἀληθῶς

2088 5788 2190 5883 ἤδη
2221 5809 2416 5881 τηλίκῃ
2471 5805 2818 5875 συνεχόμενοι
2850 5805 2916 5872 τῇ
2974 5799 3339 5872 ἀμϐλυωπίᾳ,
3394 5798 3470 5861 ὡς
3501 5798 3558 5850 ἐν
3592 5788 3683 5857 οἷς⁵
3768 5866 3777 5874 _
