4072 6436
344 375 479 435 1409

1720 375 2210 435 FRAGMENTA.

3465 374 3602 439 liii)

338 488 647 555 αχηέντων
706 491 806 545 ὑπ’
856 490 1056 547 αὐτῶν
1106 492 1385 560 ἐκΰολήν.
1452 491 1932 559 Μεθερμηνεύειν

2044 499 2394 549 metarentur.
2453 488 2642 543 Verum
2697 509 2812 544 tum
2870 510 2929 545 eo
2985 490 3250 545 scribendi
3302 492 3621 546 consuetudo

341 582 409 633 δὲ
440 581 763 647 τίιοίκεῒα,“
789 584 893 637 τοῦ
944 587 1049 649 τὰς
1097 583 1451 648 ὑποκλοπὰς
1510 584 1685 651 χάριν
1719 581 1926 648 διαφυ-

342 675 475 743 γεῖν
517 674 637 728 τῶν
668 679 1154 742 ὑποπιπτόντων,
1190 678 1339 732 κατὰ
1370 676 1485 743 τὴν
1511 676 1803 745 ὑμετέραν
1828 674 1926 727 κὲο

341 770 562 822 λουσιν
587 770 970 834 παρεκάλεσα
990 769 1133 835 τοὺς
1172 769 1520 837 Ῥωμαίους·
1556 769 1726 831 πλὴν
1749 766 1926 830 ἔθους

342 861 780 924 κεκρατηκότος
834 860 987 913 οὕτω
1047 859 1242 914 ποιεῖν
1297 859 1398 913 καὶ
1435 858 1762 921 στέλλειν,
1811 858 1924 910 οὐκ

334 944 475 1003 οἶδα
495 950 685 1017 τυχὸν
709 953 760 1003 ει
790 951 1110 1005 πεισθεῖεν.
1141 951 1375 1014 Ἀλλως
1405 966 1469 1002 τε
1524 950 1623 1004 καὶ
1677 949 1785 1002 τοῦ
1835 947 1921 1016 μὴ

338 1040 530 1103 οὕτως
560 1039 854 1093 δύνασθαι
887 1041 1230 1109 διακριϐοῦν
1246 1040 1315 1092 ἐν
1332 1039 1494 1106 ἄλλῃ
1529 1038 1691 1101 λέξει
1733 1054 1797 1090 τε
1824 1037 1924 1091 καὶ

2038 580 2179 643 apud
2217 596 2302 633 eos
2341 581 2595 634 obtineat.
2633 583 2774 634 Ιιιιιιιί
2812 585 2922 635 scio
2961 583 3097 651 forte
3131 593 3367 654 gesturos
3401 600 3620 638 morem.

2034 673 2248 727 Accedit
2282 684 2332 726 et
2370 675 2525 734 illud,
2563 674 2702 745 quod
2738 691 2837 727 non
2877 676 2952 727 ita
2987 686 3290 743 promptum
3325 677 3391 729 sit
3430 676 3620 728 alienis

2036 766 2245 819 vocibus
2278 783 2339 819 ac
2374 767 2555 834 lingua
2586 784 2737 819 suam
2768 777 2988 820 mentem
3021 769 3318 835 exprimere
3339 808 3353 824 .
3386 768 3465 819 uti
3495 784 3622 833 pro-

2030 856 2150 921 pria
2195 872 2257 908 ac
2296 860 2508 922 nativa;
2547 857 2987 926 quemadmodum
3033 861 3189 916 etiam
3239 861 3339 926 ipsi
3383 870 3619 911 nostram

2031 947 2248 1012 facilius
2277 948 2620 1013 exprimimus
2655 948 2708 1001 in
2741 960 2945 1002 nostra.
2982 948 3147 1003 Plane
3181 967 3296 1003 vero
3325 961 3478 1002 erunt
3511 951 3621 1002 illis

2029 1039 2141 1090 Iuvc
2177 1054 2352 1103 curre,
2387 1056 2505 1091 cum
2542 1040 2934 1103 improbitatem
2970 1044 3171 1112 experti
3204 1044 3506 1097 didicrrint.

341 1133 510 1198 φωνῇ
540 1132 646 1185 τὸν
678 1131 906 1185 ἑαυτῶν
945 1133 1118 1198 γοῦν,
1159 1133 1364 1198 ὥσπερ
1413 1132 1483 1185 ἐν
1525 1130 1596 1200 τῆ
1638 1130 1760 1197 ἰδίᾳ
1816 1131 1915 1182 καὶ
1958 1132 2305 1199 θρεψαμένῃ
2333 1148 2348 1166 ·
2415 1133 2683 1199 καθάπερ
2718 1129 2831 1187 οὖν
2875 1137 2973 1188 καὶ
3025 1135 3177 1203 ἡμᾶς
3238 1137 3309 1188 ἐν
3349 1135 3426 1203 τῇ
3491 1133 3621 1188 καθ’

342 1227 500 1299 ἡμᾶς
527 1230 634 1283 τὸν
665 1230 977 1298 ἡμέτερον.
1006 1231 1341 1297 Γενήσεται
1372 1229 1439 1281 δὲ
1496 1226 1735 1291 πάντως
1763 1226 1992 1292 αὐτοῖς,
2028 1226 2244 1294 πεῖραν
2272 1227 2387 1295 τὴν
2407 1227 2693 1297 ἐπήρειαν
2715 1232 2997 1295 μαθοῦσι,
3030 1231 3127 1285 καὶ
3164 1232 3201 1298 ἡ
3237 1234 3365 1298 περὶ
3397 1214 3629 1284 τούτων’

341 1326 613 1393 φροντίς.

425 1417 576 1480 Ἐξὺν
607 1416 791 1469 τοίνυν
819 1416 1070 1483 ἐντεῦθεν
1100 1416 1225 1478 τοὺς
1265 1411 1687 1483 διειλημμένους
1718 1410 1791 1463 τὰ
1827 1408 1930 1476 τῆς

2104 1409 2244 1466 Hinc
2288 1411 2472 1479 itaque
2520 1423 2682 1464 mota:
2725 1413 3047 1477 quaestionis
3093 1420 3369 1464 momenta
3415 1411 3596 1463 disecr

345 1507 499 1575 σφῶν
525 1506 652 1560 καθ’
678 1502 753 1560 ὧν
789 1510 822 1575 ἡ
888 1506 1104 1573 κίνησις
1165 1504 1551 1578 πραγματείας
1600 1505 1750 1566 ὅπως
1817 1501 1931 1572 ἔχει

2044 1502 2289 1557 utentibus
2332 1502 2633 1569 intelligere
2690 1503 2848 1557 liccat
2889 1504 2954 1557 de
3008 1504 3113 1555 illis
3147 1503 3198 1554 in
3234 1501 3503 1570 tlnrologia
3539 1500 3631 1551 lo-

345 1599 706 1667 κατανοῆσαι,
737 1600 865 1668 περὶ
898 1600 996 1666 τῆς
1024 1598 1094 1661 ἐξ
1131 1597 1291 1659 Υίοῦ,
1325 1595 1400 1649 δι’
1450 1594 1588 1650 Υίοῦ
1641 1611 1701 1647 τε
1752 1593 1932 1646 θεολο-

2044 1593 2367 1657 :utionibus,
2403 1609 2467 1646 ex
2502 1591 2901 1663 Filio,‘perqne‘
2930 1593 3172 1659 Filium;
3203 1593 3268 1646 de
3301 1596 3462 1645 hausi
3506 1611 3517 1645 :
3555 1593 3623 1645 de

344 1693 471 1757 γίας
495 1704 508 1720 ’
544 1691 673 1761 περὶ
694 1692 793 1758 τῆς
830 1691 1029 1756 αἰτίας,
1059 1690 1189 1760 περὶ
1225 1688 1321 1741 τοῦ
1346 1687 1529 1758 μόνος,
1564 1686 1595 1739 ὃ
1638 1684 1834 1738 ταυτὸν
1863 1687 1929 1752 τῇ

2044 1681 2171 1748 solo,
2209 1684 2353 1753 quod
2400 1684 2539 1737 idem
2583 1695 2666 1737 est
2709 1700 2771 1737 ac
2811 1686 2924 1739 sola
2972 1700 3170 1749 causa;
3211 1695 3378 1747 utque
3423 1699 3485 1736 ex
3537 1682 3623 1736 his

348 1785 468 1854 μιᾷ,
503 1782 630 1852 περὶ
654 1781 746 1834 τοῦ
775 1782 923 1844 ὅπως
969 1781 1076 1833 κὰκ
1129 1779 1298 1833 τῶνδε
1331 1770 1442 1841 τοῖς
1472 1777 1861 1847 θεοφάντορσιν
1893 1777 1926 1844 ἡ

2044 1786 2250 1840 pioque
2292 1785 2526 1825 concors
2565 1786 2630 1824 ac
2667 1773 2801 1824 nihil
2843 1773 3141 1826 adversans
3186 1773 3494 1833 divinorum
3536 1771 3624 1823 in-
3708 1800 3715 1803 -

347 1874 639 1943 σύμφωνος
666 1871 1055 1939 ἀπαστράπτει
1092 1869 1186 1921 καὶ
1233 1869 1308 1937 μὴ
1365 1866 1752 1935 ἐναντιουμένη
1810 1863 1929 1917 διά-

345 1980 485 2016 νοια.
522 1963 586 2014 Οἱ
614 1961 667 2014 δὲ
699 1962 796 2016 καὶ
824 1960 997 2014 ταῦτα
1025 1958 1160 2029 πρὸς
1198 1956 1404 2027 ἄλληλα
1456 1958 1566 2010 τῶν
1622 1954 1937 2026 ἀντικειμέ-

344 2071 452 2107 νων
508 2051 863 2115 δεικνύουσι,
933 2049 1027 2104 καὶ
1085 2049 1152 2103 τὰ
1202 2047 1433 2117 δεύτερα
1494 2047 1603 2099 τῶν
1656 2045 1937 2116 προτέρων

345 2142 668 2213 ἀναιρετικὰ
723 2139 1104 2211 σφοδροτάτως
1154 2137 1542 2209 παραδιδόασι.
1594 2136 1705 2188 Καὶ
1743 2134 1938 2205 πρῶτα

348 2234 450 2302 μὲν
470 2233 547 2297 ὡς
578 2232 807 2286 καθόλου
860 2232 1121 2300 φαίημεν,
1156 2230 1239 2294 τίς
1268 2230 1387 2300 ὴέκ
1416 2228 1526 2281 τῶν
1561 2226 1939 2287 προτεθέντων

346 2320 584 2376 ἐνταῦθα
622 2321 761 2391 πρὸς
784 2319 880 2373 τοῦ
917 2320 1168 2390 μάκαρος
1195 2318 1503 2383 σύστασις;
1561 2317 1660 2380 Τίς
1693 2317 1726 2387 ἡ
1764 2316 1940 2370 δικαί-

345 2430 482 2476 ωσις
508 2411 617 2465 τῶν
646 2411 881 2482 πρώτως
906 2409 1301 2481 ἐργασαμένων
1354 2409 1414 2461 τὸ
1456 2407 1680 2479 σχίσμα,
1712 2409 1810 2461 καὶ
1830 2407 1937 2461 τῶν

346 2498 443 2557 νῦν
502 2502 877 2574 αὐξησάντων,
937 2502 1031 2554 καὶ
1066 2500 1419 2569 καθεκάστην
1473 2498 1940 2564 αὐξανόντων,ιές

347 2594 629 2658 τοσοῦτον,
660 2594 735 2656 ὡς
769 2593 844 2665 μὴ
879 2595 938 2647 τὸ
966 2593 1062 2647 ἀπ’
1116 2593 1344 2646 ἐκείνων
1395 2590 1707 2657 λογίζεσθαι
1735 2588 1938 2660 σχίσμα

350 2686 565 2756 σχεδὸν,
602 2685 717 2737 ἀλλ’
747 2686 782 2754 ἢ
812 2685 1147 2754 λογομαχίαν
1168 2683 1308 2754 μετά
1323 2700 1482 2736 τινων
1514 2682 1748 2751 ὕϐρεων,
1779 2681 1938 2734 ὁποία

348 2776 443 2829 καὶ
472 2777 655 2839 αὐτοῖς
710 2777 821 2838 τοῖς
876 2775 934 2865 ἐξ
987 2774 1219 2845 αἵματος
1276 2772 1743 2865 ὁμογνίοιςμείωθε
1795 2771 1943 2840 γίνε-

351 2866 514 2920 σθαι’
566 2861 991 2929 κοινωνίαιςδέ
1047 2866 1278 2934 στοιχεῖν
1330 2866 1452 2927 ταῖς
1517 2861 1578 2927 ἐξ
1626 2861 1805 2933 ἔργων
1860 2864 1940 2925 είς

350 2957 518 3021 ἅπαν,
553 2959 650 3012 καὶ
681 2958 873 3028 μέχρις
902 2957 1085 3010 αὐτῶν
1115 2955 1429 3028 ἱερατικῶν,
1461 2955 1490 3008 ὃ
1516 2954 1675 3020 δῆλον
1721 2955 1770 3021 εἰ
1823 2961 1940 3022 μετ’

349 3050 581 3121 ἀληθοῦς
607 3049 905 3114 ἐξετάσεως
941 3047 1180 3102 κατιδεῖν
1219 3047 1508 3118 βουληθείη
1544 3063 1653 3109 τις.
1689 3045 1827 3099 Ποία
1858 3063 1941 3108 τις

2039 1873 2341 1932 terpretum
2390 1864 2664 1917 Sententia
2718 1864 2941 1918 clamat.
2993 1862 3072 1916 llli
3124 1877 3286 1920 vero,
3334 1878 3458 1914 rum
3508 1860 3627 1912 haec.

2038 1953 2269 2007 invicem
2322 1955 2596 2008 contraria
2643 1955 2973 2017 ostendunt,
3021 1961 3133 2007 tum
3185 1952 3477 2022 postremis
3525 1952 3624 2005 de-

2038 2044 2177 2098 strui
2212 2045 2395 2113 priora
2427 2046 2693 2100 acerrime
2724 2047 3082 2100 contendunt.
3117 2046 3193 2098 Ac
3224 2045 3462 2113 primum
3496 2044 3622 2111 qni-

2038 2134 2160 2188 dem
2207 2144 2266 2188 ut
2304 2136 2603 2190 universim
2651 2136 2920 2199 dicamus,
2964 2152 3215 2206 quaenam
3263 2136 3350 2188 hie
3391 2151 3420 2187 a
3466 2126 3625 2187 hiate

2040 2226 2158 2280 viro
2191 2226 2580 2295 productorum
2619 2226 2796 2280 ratio?
2825 2225 3085 2291 Quaenam
3124 2241 3314 2279 eorum
3345 2224 3621 2292 justifies-

2040 2318 2117 2385 tio
2159 2332 2173 2371 :
2216 2319 2309 2387 qui
2356 2319 2519 2386 primi
2565 2319 2876 2373 conllarunt
2921 2318 3183 2379 schiema,
3228 2317 3433 2385 quique
3477 2329 3622 2369 nunc

2040 2417 2346 2472 auxerunt,
2385 2410 2574 2477 sicque
2610 2418 2809 2478 augent
2845 2409 3122 2477 quotidie,
3164 2414 3224 2460 ut
3258 2422 3323 2461 ne
3358 2408 3440 2459 vel
3476 2405 3627 2460 schi-

2041 2517 2159 2556 sma
2193 2500 2306 2555 fere
2333 2502 2579 2556 videatur
2607 2502 2750 2571 quod
2782 2501 3137 2561 induxerunt,
3170 2499 3262 2553 sed
3298 2498 3468 2567 magis
3498 2513 3627 2550 ver-

2042 2594 2235 2647 borum
2268 2608 2446 2663 pugna
2478 2594 2803 2663 quibusdam
2827 2592 3061 2647 admista
3085 2591 3362 2646 atrocibus
3391 2590 3625 2657 injuriis,

2045 2685 2223 2753 qualis
2252 2686 2414 2739 etiam
2448 2685 2589 2739 inter
2618 2696 2883 2753 cognatos
2915 2700 2977 2737 ac
3012 2683 3210 2737 fratres
3242 2684 3381 2736 sniet
3410 2680 3626 2733 contin-

2042 2790 2189 2846 κοτε,
2217 2790 2554 2846 operumque
2580 2777 2803 2830 omnino
2831 2776 3129 2840 consortia,
3161 2774 3227 2827 ad
3258 2789 3431 2842 usque
3457 2774 3626 2826 etiam

2045 2867 2409 2923 sacerdotalia
2445 2870 2693 2937 sequitur
2731 2886 2745 2923 :
2782 2883 2847 2924 ac
2885 2868 3089 2937 liquet,
3127 2874 3186 2920 ut
3221 2866 3342 2934 quis
3379 2879 3503 2917 vera
3546 2864 3630 2915 in-

2044 2958 2338 3030 quisitione
2363 2959 2488 3013 velit
2515 2960 2844 3028 perspicere.
2869 2958 3128 3024 Quaenam
3159 2957 3237 3010 vel
3267 2957 3445 3024 Specie
3471 2965 3641 3017 tenus

2018 3057 2284 3117 ,COngrua
2322 3049 2461 3102 ratio
2504 3066 2569 3103 ex
2624 3051 2733 3117 jam
2770 3049 3106 3119 propositis‘?
3135 3048 3263 3103 Post
3300 3057 3378 3102 tot
3414 3048 3630 3116 pietatis

353 3143 386 3209 ἡ
426 3140 792 3210 εὐλογοφανὴς
815 3139 965 3194 αἰτία
994 3139 1053 3204 ἐξ
1081 3131 1155 3191 ὧν
1180 3138 1614 3207 παρεθήκαμεν;
1640 3134 1797 3190 Μετὰ
1814 3133 1939 3197 τοὺς

2044 3153 2174 3206 ergo
2201 3140 2496 3193 certamina
2528 3139 2811 3209 luctusque
2829 3179 2843 3201 ,
2869 3155 2934 3194 ac
2960 3140 3336 3209 migrationem
3365 3138 3428 3191 ad
3462 3137 3626 3187 Dt'lllll

353 3231 494 3302 ὑπὲρ
527 3231 807 3293 εὐσεϐείας
848 3229 1089 3298 ἀγῶνας,
1134 3231 1230 3281 καὶ
1281 3229 1348 3280 τὰ
1412 3227 1788 3299 παλαίσματα,
1842 3225 1940 3278 καὶ

352 3322 454 3392 τὴν
482 3322 619 3392 πρὸς
648 3321 779 3374 Θεὸν
820 3320 1090 3390 ἐκδημίαν
1116 3319 1372 3387 Μαξίμου
1395 3317 1488 3371 τοῦ
1514 3316 1935 3389 οὐρανόφρονος,

353 3413 543 3483 χρόνος
567 3412 857 3482 παρεῤῥύη
877 3411 1226 3483 τριακοστὸς,
1259 3411 1354 3463 καὶ
1396 3412 1429 3479 ἡ
1467 3411 1524 3462 ἐν
1587 3410 1824 3472 συνόδοις
1861 3410 1941 3462 0!-

355 3505 710 3570 κουμενικαῖς
748 3502 884 3572 ἕκτη
923 3502 1295 3573 συνεκροτήθη
1344 3501 1435 3554 τὸν
1489 3500 1744 3570 ἀριθμὸν,
1798 3499 1939 3570 ὑπὲρ

356 3586 416 3648 οὗ
442 3595 712 3662 δόγματος
741 3588 894 3656 οὗτος
931 3593 1225 3665 ἠνδρίσατο
1254 3611 1267 3625 ·
1300 3593 1420 3663 μεθ’
1442 3592 1509 3662 ἢν
1535 3594 1567 3661 ἠ
1606 3592 1812 3662 ἑϐδόμη
1847 3592 1941 3644 καὶ

356 3684 664 3747 τελευταία,
696 3685 790 3738 καὶ
818 3684 1022 3754 χρόνων
1047 3684 1459 3754 παρῳχηκότων
1490 3683 1549 3749 ἐξ
1584 3682 1809 3752 ἡμερῶν
1841 3679 1945 3735 τοῦ.

359 3777 697 3848 φερωνύμως
737 3777 1001 3847 μεγίστου,
1041 3776 1231 3829 τούτου
1267 3775 1498 3846 Πατρὶς,
1560 3775 1753 3843 διπλῆς
1809 3775 1939 3826 ἐκα-

358 3866 607 3929 τοντάδος
635 3859 725 3918 ἐπὶ
760 3865 897 3919 πολὺ
934 3867 1002 3935 τῇ
1055 3864 1318 3933 ποσότητι
1364 3863 1735 3933 προηκόντων,
1769 3863 1936 3934 Εἰρήο

360 3972 455 4025 νης
484 3954 906 4025 ἐπικρατούσης,
934 3955 1020 4008 διὰ
1056 3956 1235 4021 μέσων
1268 3953 1375 4007 τῶν
1431 3953 1776 4026 δηλωθεισῶν
1832 3956 1940 4025 ἀμ-

362 4042 604 4112 φοτέρων
635 4043 868 4096 συνόδων
889 4057 902 4072 °
932 4042 1040 4097 τῶν
1067 4059 1126 4095 τε
1155 4044 1298 4097 κατὰ
1331 4043 1583 4113 διαδοχὰς
1639 4043 1738 4114 τῆς
1806 4043 1941 4098 Ῥω·

364 4131 541 4202 μαίων
585 4133 916 4203 Ἐκκλησίας
967 4132 1449 4203 προεδρευσάντων
1501 4136 1560 4188 ἐν
1609 4138 1729 4198 ταῖς
1787 4135 1940 4205 σφῶν

363 4224 694 4293 ἀναῤῥήσεσι
720 4223 859 4276 κατὰ
888 4223 946 4276 τὸ
969 4224 1255 4294 κρατῆσαν
1278 4225 1383 4288 ἕως
1417 4225 1511 4278 καὶ
1540 4225 1635 4278 νῦν
1665 4223 1787 4290 ἔθος
1821 4228 1941 4280 ἐπι-

363 4315 688 4368 στελλόντων
717 4316 792 4379 ὡς
829 4316 1166 4384 ἁπανταχοῦ,
1202 4316 1305 4370 κάν
1339 4319 1449 4381 τοῖς
1480 4309 1582 4372 ὧδε
1616 4316 1939 4389 τηνικαῦτα,

362 4408 454 4459 καὶ
483 4408 909 4478 διατρανούντων
940 4408 1014 4471 ὠς
1044 4408 1266 4479 ἐξετέθη
1296 4410 1364 4462 τά
1394 4410 1520 4479 περὶ
1553 4410 1812 4475 πίστεως.
1844 4413 1942 4466 καὶ

2047 3218 2264 3282 Maximi
2298 3230 2442 3285 illius
2470 3230 2655 3285 divino
2685 3246 2850 3285 sensu
2883 3231 3005 3295 viri,
3038 3218 3416 3298 pereliluxerat
3449 3244 3629 3283 annus

2049 3320 2381 3378 tricesimus.
2409 3335 2533 3375 eum
2561 3320 2894 3374 mcumenica
2928 3328 3080 3374 sexta
3111 3320 3352 3389 synodus
3379 3319 3496 3386 ejus
3526 3327 3635 3371 sta-

2050 3411 2271 3465 biliendi
2303 3412 2572 3479 dogmatis
2602 3428 2767 3467 causa
2798 3412 3028 3466 conflata
3058 3422 3162 3475 est,
3189 3411 3337 3479 quod
3368 3411 3455 3463 ille
3485 3421 3626 3464 stre-

2046 3517 2154 3558 nue
2179 3502 2496 3557 defenderat
2522 3522 2534 3558 :
2562 3515 2792 3573 postque
2817 3518 2959 3568 eam,
2988 3504 3216 3572 septima
3246 3519 3310 3557 ac
3338 3513 3633 3567 postrema.

2048 3594 2211 3663 idque
2234 3609 2358 3648 eum
2384 3594 2452 3648 ab
2478 3594 2623 3649 illius
2648 3610 2746 3665 pro
2771 3596 3007 3649 nominis
3031 3596 3238 3650 ratione
3260 3611 3387 3648 vere
3413 3596 3634 3649 maximi

2046 3684 2489 3749 Patris~diebus,
2524 3701 2792 3739 annorum
2829 3696 3051 3740 centena
3090 3686 3198 3739 duo
3232 3701 3369 3754 pene
3401 3686 3633 3740 decursa

2045 3785 2250 3843 essent,
2282 3776 2627 3844 imperatrice
2660 3776 2846 3841 lrone;
2885 3779 3024 3831 inter
3051 3777 3310 3830 nimirum
3345 3777 3483 3830 (liras
3516 3778 3639 3831 illas

2046 3865 2303 3937 praefatas
2335 3867 2574 3937 synodos
2608 3884 2622 3920 :
2656 3866 2892 3937 cumque
2926 3867 3178 3921 Ecclesiae
3209 3867 3470 3921 Romana:
3502 3883 3636 3921 con-

2046 3960 2200 4012 tinua
2220 3958 2363 4012 serie
2383 3972 2449 4011 ac
2466 3958 2816 4012 succeSSione
2850 3959 3157 4026 pontiﬁces,
3191 3975 3289 4028 pro
3324 3975 3473 4012 more
3504 3959 3636 4012 hac-

2047 4059 2208 4106 tenus
2282 4049 2554 4118 hodieque
2599 4051 2739 4119 apud
2789 4065 2885 4105 eos
2931 4051 3237 4113 obtinente,
3286 4052 3337 4104 in
3387 4052 3452 4105 iis
3497 4066 3637 4120 quas
3704 4100 3707 4103 .

2046 4141 2271 4198 ederent
2335 4139 2811 4210 professionibus,
2875 4142 3099 4212 perinde
3162 4141 3634 4210 Constantinopoli

2008 4276 2013 4279 Α
2046 4233 2353 4304 agentibus,
2382 4242 2545 4300 atque
2563 4233 2764 4302 ubique
2791 4235 3035 4303 gentium
3068 4233 3394 4291 scriberent.
3427 4248 3489 4286 ac
3518 4234 3632 4287 sic‘

2049 4335 2109 4380 ut
2161 4325 2467 4395 expOsitum
2500 4332 2601 4389 est,
2632 4324 2791 4377 fidem
2826 4339 2982 4378 suam
3015 4340 3077 4378 ac
3111 4323 3513 4390 professionem
3542 4324 3636 4376 d'e-

2048 4418 2355 4480 clararent,
2384 4415 2589 4468 nullam
2628 4430 2858 4484 prorsus
2890 4404 3381 4469 contradictionem
3416 4422 3641 4482 apparet

361 4500 618 4569 τῆςίδξκς
646 4500 1064 4570 ἀναγορεύσεως
1127 4501 1354 4570 οὐδεμία
1396 4519 1479 4565 τις
1543 4502 1823 4571 ἀντιλογία
1884 4506 1939 4558 τι

2051 4508 2329 4563 exstitisse
2362 4523 2376 4560 :
2411 4507 2639 4570 nullam,
2674 4514 2818 4574 quod
2852 4506 2918 4559 ad
2960 4507 3153 4574 dogma
3184 4520 3249 4558 ac
3280 4506 3411 4558 lidei'
3436 4506 3641 4557 doctri-

362 4590 622 4659 παράπαν
649 4590 939 4642 ὀπτάνεται
969 4592 1222 4657 γεγονυῖα
1253 4607 1266 4622 ο
1321 4591 1381 4644 οὗ
1409 4591 1621 4661 κίνησις
1655 4593 1945 4662 οίαδηποτο

364 4680 456 4736 οὖν
517 4683 609 4732 ἐπὶ
635 4681 867 4751 δόγματι
903 4682 1160 4734 τοσούτου
1190 4683 1545 4752 δεικνυμένου
1569 4683 1662 4737 τοῦ
1688 4684 1944 4758 καιρικοῦ

362 4771 749 4842 διαστήματος,
782 4766 943 4842 μέχρι
970 4774 1367 4844 πατριαρχείας
1407 4776 1507 4846 τῆς
1555 4774 1651 4830 τοῦ
1687 4778 1896 4832 Φωτίου
1924 4793 1941 4812 θ

367 4866 460 4917 καὶ
493 4863 687 4916 τούτου
715 4864 782 4917 τὰ
818 4863 918 4932 τῆς
954 4864 1228 4934 διαμάχης
1265 4866 1412 4920 κατὰ
1447 4867 1511 4920 τὸ
1540 4867 1714 4939 πάντη
1744 4870 1950 4940 πρόδη-

363 4957 475 5021 λον,
504 4956 577 5019 ὼς
607 4957 667 5010 οὐ
697 4957 837 5009 κατὰ
862 4955 1022 5022 ζῆλον
1046 4955 1189 5009 θεῖον
1219 4998 1236 5022 ,
1285 4956 1423 5011 ἀλλὰ
1456 4960 1575 5013 κατ’
1624 4960 1810 5029 ἔφεσιν
1840 4962 1954 5033 φιλο

365 5051 583 5123 αρχὶας,
643 5051 895 5122 μεγάλης
922 5050 1134 5114 ἀδικίας
1165 5052 1617 5124 ἀποτελεστικὴν,
1673 5056 1708 5124 ἠ
1745 5059 1955 5112 συνθεῖ-

368 5143 438 5197 σά
465 5160 555 5213 μοι
605 5142 805 5212 βίϐλος,
835 5143 910 5206 ὡς
941 5143 1035 5196 καὶ
1080 5142 1148 5195 τά
1189 5142 1375 5209 λοιπὰ,
1411 5143 1564 5197 τοῦδε
1619 5144 1713 5199 τοῦ
1752 5147 1953 5218 μέρους

368 5237 686 5307 παρίστησι.
722 5236 832 5289 Καὶ
852 5234 1019 5288 πόθεν
1048 5237 1076 5289 ὁ
1105 5235 1375 5307 ἐδρασμός
1404 5252 1421 5298 ς
1459 5236 1630 5289 Πόθεν
1658 5236 1720 5290 τὸ
1761 5240 1949 5310 ἀσφα-

368 5328 453 5392 λὲς
492 5322 611 5399 τῆς
655 5327 1055 5397 ἐπιχειρήσεως
1100 5326 1209 5379 τῶν
1269 5327 1615 5397 στερξάντων
1661 5329 1804 5383 κατὰ
1849 5330 1949 5401 τῆς

366 5419 474 5472 τῶν
498 5417 834 5488 Ἐκκλησιῶν
861 5417 1216 5478 διαστάσεως.
1249 5418 1346 5470 καὶ
1384 5417 1507 5487 δίχα
1566 5418 1664 5472 τοῦ
1720 5418 1944 5493 τοιῶσδε

365 5508 850 5591 δραματουργῆσαι
875 5506 1045 5560 ταῦτα
1071 5506 1163 5559 τὸν
1182 5507 1387 5562 Φὼτιον
1404 5548 1422 5573 ,
1449 5507 1558 5563 τῶν
1579 5508 1944 5577 ἐγκλημάτων

367 5598 406 5655 δ
435 5601 753 5671 προτίθησιν
777 5593 954 5663 οὗτος,
977 5598 1072 5652 καὶ
1104 5599 1212 5667 πρὸ
1257 5600 1370 5652 τῶν
1399 5600 1639 5671 τηλίκων
1668 5600 1945 5670 ἑκατέρων

371 5692 627 5755 συνόδων,
647 5683 742 5744 καὶ
772 5689 923 5759 σφῶν
947 5689 1034 5743 διὰ
1068 5689 1256 5759 μέσον,
1297 5690 1392 5744 καὶ
1422 5689 1541 5760 μετ’
1571 5693 1787 5771 αύτσςη
1811 5689 1948 5744 Ῥω-

377 5783 555 5853 μαίοις
616 5783 1040 5856 κηρυττομένων
1096 5785 1440 5855 τρανότατας
1482 5785 1594 5838 Καὶ
1639 5784 1817 5840 ταῦτα
1852 5784 1952 5854 μὲν

2057 4610 2183 4651 nam
2216 4606 2443 4666 spectat,
2475 4606 2677 4649 motam
2707 4598 3085 4665 quiestionem,
3117 4595 3279 4662 longo
3308 4595 3444 4648 adeo
3476 4595 3644 4648 inter-

2054 4697 2309 4744 currente
2333 4687 2594 4757 temporis
2617 4688 2816 4756 spatio,
2843 4688 2909 4741 ad
2935 4702 3109 4754 usque
3129 4685 3383 4739 Photium
3410 4686 3642 4754 patriar-

2053 4780 2238 4837 cham.
2279 4778 2349 4834 Ut
2379 4788 2558 4834 autem
2592 4781 2713 4848 ejus
2743 4781 3022 4834 contentio
3047 4818 3062 4841 ,
3094 4778 3237 4847 quod
3271 4770 3431 4847 plane
3461 4779 3640 4849 ipsum

2052 4872 2260 4943 liquet,
2306 4888 2413 4927 non
2448 4887 2511 4927 ex
2544 4887 2702 4926 sacro
2734 4874 2872 4932 zelo,
2903 4874 2993 4927 sed
3029 4887 3091 4925 ex
3125 4871 3440 4924 dominandi
3476 4886 3640 4938 appe-

2053 4964 2154 5021 titu
2190 4979 2402 5035 magnae
2437 4964 2529 5018 illo
2562 4974 2789 5034 parente
2823 4964 3062 5033 injuriae,
3101 4966 3357 5024 oriretur,
3400 4972 3509 5015 tum
3546 4978 3639 5017 os-

2052 5055 2247 5121 tendit,
2292 5069 2453 5123 quem
2499 5055 2805 5122 composui,
2855 5055 3024 5119 liber;
3075 5064 3188 5108 tum
3241 5070 3360 5122 quae
3393 5052 3643 5121 hujusce

2051 5144 2222 5211 partis
2275 5153 2406 5198 sunt
2456 5144 2688 5213 reliqua.
2741 5141 3021 5199 Undenam
3076 5159 3202 5197 vero
3255 5145 3409 5195 firma
3465 5143 3643 5195 ratio"!

2052 5231 2324 5299 Quidnam
2357 5248 2549 5288 eorum
2587 5238 2940 5306 aggressioue
2977 5245 3152 5288 tutum
3176 5276 3190 5300 ,
3228 5235 3319 5303 qui
3359 5233 3637 5288 Ecclesia-

2055 5341 2175 5380 rum
2206 5324 2389 5381 fovent
2419 5326 2729 5393 dissidiui'n,
2760 5341 2986 5395 excepto
3015 5327 3180 5380 etiam
3211 5336 3270 5381 ut
3303 5343 3368 5379 ne
3400 5326 3481 5403 sic
3511 5328 3639 5392 qui-

2053 5417 2177 5471 dem
2220 5416 2398 5472 Photii
2440 5417 2530 5472 illa
2572 5417 2754 5472 fabula
2796 5418 3027 5482 habeat;
3066 5433 3189 5470 cum
3231 5433 3350 5486 quae
3389 5419 3479 5470 ille
3518 5411 3642 5470 eri-

2052 5508 2188 5562 mini
2225 5508 2433 5578 objicit,
2452 5518 2578 5563 ante
2600 5511 2790 5562 ambas
2814 5518 2991 5564 tantas
3016 5509 3135 5562 illas
3163 5508 3361 5576 pariter
3378 5507 3640 5577 synodos,

2050 5600 2485 5670 intermedioque
2517 5608 2781 5668 tempore,
2818 5616 2880 5653 ac
2913 5611 3033 5668 post
3064 5615 3156 5652 ras
3191 5599 3493 5653 clarissime
3526 5599 3639 5653 [to-

2054 5694 2199 5747 mani
2232 5693 2590 5762 prtedicarent
2620 5706 2685 5746 ac
2716 5691 3149 5761 profiterentur?
3179 5689 3244 5743 Et
3273 5691 3391 5744 haec
3420 5690 3639 5758 quidem

2059 5783 2361 5841 universim
2396 5797 2462 5838 ac
2497 5780 2826 5851 compendio
2861 5781 2927 5835 ad
2972 5796 3092 5846 eos,
3128 5783 3219 5852 qui
3257 5780 3426 5834 divini
3467 5781 3638 5833 inter.
