  <div class='ocr_page' id='page_1' title='image "/cluster/home/n/w/nwhite01/storage/ocr_20150623/141/coo.31924054870468/710.png"; bbox 0 0 4072 6404; ppageno 0'>
   <div class='ocr_carea' id='block_1_1' title="bbox 429 363 568 423">
    <p class='ocr_par' dir='ltr' id='par_1_1' title="bbox 429 363 568 423">
     <span class='ocr_line' id='line_1_1' title="bbox 429 363 568 423; baseline 0.007 -1"><span class='ocrx_word' id='word_1_1' title='bbox 429 363 568 423; x_wconf 65' lang='grc'><strong>1413</strong></span> 
     </span>
    </p>
   </div>
   <div class='ocr_carea' id='block_1_2' title="bbox 1778 360 2276 429">
    <p class='ocr_par' dir='ltr' id='par_1_2' title="bbox 1778 360 2276 429">
     <span class='ocr_line' id='line_1_2' title="bbox 1778 360 2276 429; baseline 0.012 -8"><span class='ocrx_word' id='word_1_2' title='bbox 1778 360 2276 429; x_wconf 77' lang='lat' dir='ltr'><strong>FRAGMENTA.</strong></span> 
     </span>
    </p>
   </div>
   <div class='ocr_carea' id='block_1_3' title="bbox 3574 377 3709 445">
    <p class='ocr_par' dir='ltr' id='par_1_3' title="bbox 3574 377 3709 445">
     <span class='ocr_line' id='line_1_3' title="bbox 3574 377 3709 445; baseline 0.022 -5"><span class='ocrx_word' id='word_1_3' title='bbox 3574 377 3709 445; x_wconf 71' lang='grc'><strong>1424</strong></span> 
     </span>
    </p>
   </div>
   <div class='ocr_carea' id='block_1_4' title="bbox 426 470 1977 559">
    <p class='ocr_par' dir='ltr' id='par_1_4' title="bbox 426 470 1977 550">
     <span class='ocr_line' id='line_1_4' title="bbox 426 470 1977 550; baseline 0 -20"><span class='ocrx_word' id='word_1_4' title='bbox 426 477 617 548; x_wconf 76' lang='grc' dir='ltr'>ἐτέρου</span> <span class='ocrx_word' id='word_1_5' title='bbox 650 475 710 530; x_wconf 75' lang='grc' dir='ltr'>τὸ</span> <span class='ocrx_word' id='word_1_6' title='bbox 742 478 930 549; x_wconf 73' lang='grc' dir='ltr'>ἕτερον</span> <span class='ocrx_word' id='word_1_7' title='bbox 956 478 1290 550; x_wconf 75' lang='grc' dir='ltr'><strong>ἀνατρέπειν</strong></span> <span class='ocrx_word' id='word_1_8' title='bbox 1320 492 1334 508; x_wconf 76' lang='grc'><em>⁸</em></span> <span class='ocrx_word' id='word_1_9' title='bbox 1371 478 1466 533; x_wconf 75' lang='grc' dir='ltr'>καὶ</span> <span class='ocrx_word' id='word_1_10' title='bbox 1527 479 1651 543; x_wconf 77' lang='grc' dir='ltr'>τοὺς</span> <span class='ocrx_word' id='word_1_11' title='bbox 1719 470 1977 549; x_wconf 82' lang='grc' dir='ltr'><strong>θεόφρονα</strong></span> 
     </span>
    </p>
   </div>
   <div class='ocr_carea' id='block_1_5' title="bbox 2090 470 3706 559">
    <p class='ocr_par' dir='ltr' id='par_1_5' title="bbox 2090 485 3706 559">
     <span class='ocr_line' id='line_1_5' title="bbox 2090 485 3706 559; baseline 0.009 -24"><span class='ocrx_word' id='word_1_12' title='bbox 2090 491 2241 537; x_wconf 78' lang='lat' dir='ltr'><strong>.tero</strong></span> <span class='ocrx_word' id='word_1_13' title='bbox 2292 485 2576 553; x_wconf 82' lang='lat' dir='ltr'><strong>destruas,</strong></span> <span class='ocrx_word' id='word_1_14' title='bbox 2633 488 2933 558; x_wconf 73' lang='lat' dir='ltr'><strong>dTviuoque</strong></span> <span class='ocrx_word' id='word_1_15' title='bbox 2981 507 3145 546; x_wconf 82' lang='lat' dir='ltr'><strong>sensu</strong></span> <span class='ocrx_word' id='word_1_16' title='bbox 3196 489 3421 559; x_wconf 83' lang='lat' dir='ltr'><strong>Patres,</strong></span> <span class='ocrx_word' id='word_1_17' title='bbox 3473 494 3706 550; x_wconf 80' lang='lat' dir='ltr'><strong>inricem</strong></span> 
     </span>
    </p>
   </div>
   <div class='ocr_carea' id='block_1_6' title="bbox 424 570 2015 643">
    <p class='ocr_par' dir='ltr' id='par_1_6' title="bbox 424 570 2015 643">
     <span class='ocr_line' id='line_1_6' title="bbox 424 570 2015 643; baseline 0.001 -20"><span class='ocrx_word' id='word_1_18' title='bbox 424 570 671 638; x_wconf 69' lang='grc' dir='ltr'>εἰσάγειν</span> <span class='ocrx_word' id='word_1_19' title='bbox 701 572 1118 642; x_wconf 78' lang='grc' dir='ltr'>ὲναντιόφρονας</span> <span class='ocrx_word' id='word_1_20' title='bbox 1143 587 1158 601; x_wconf 74' lang='grc' dir='ltr'><strong><em>ο</em></strong></span> <span class='ocrx_word' id='word_1_21' title='bbox 1191 572 1286 626; x_wconf 72' lang='grc' dir='ltr'><strong>καὶ</strong></span> <span class='ocrx_word' id='word_1_22' title='bbox 1335 571 1397 625; x_wconf 76' lang='grc' dir='ltr'>τὸ</span> <span class='ocrx_word' id='word_1_23' title='bbox 1422 571 1629 643; x_wconf 77' lang='grc' dir='ltr'>μεῖζον,</span> <span class='ocrx_word' id='word_1_24' title='bbox 1682 572 1818 641; x_wconf 78' lang='grc' dir='ltr'>πρὸς</span> <span class='ocrx_word' id='word_1_25' title='bbox 1881 571 2015 624; x_wconf 77' lang='grc' dir='ltr'>ἐαυ-</span> 
     </span>
    </p>
   </div>
   <div class='ocr_carea' id='block_1_7' title="bbox 418 665 570 725">
    <p class='ocr_par' dir='ltr' id='par_1_7' title="bbox 418 665 570 725">
     <span class='ocr_line' id='line_1_7' title="bbox 418 665 570 725; baseline -0.013 -9"><span class='ocrx_word' id='word_1_26' title='bbox 418 665 570 725; x_wconf 72' lang='grc' dir='ltr'>τούς.</span> 
     </span>
    </p>
   </div>
   <div class='ocr_carea' id='block_1_8' title="bbox 2123 578 3707 656">
    <p class='ocr_par' dir='ltr' id='par_1_8' title="bbox 2123 578 3707 656">
     <span class='ocr_line' id='line_1_8' title="bbox 2123 578 3707 656; baseline 0.007 -25"><span class='ocrx_word' id='word_1_27' title='bbox 2123 578 2396 631; x_wconf 80' lang='lat' dir='ltr'><strong>contraria</strong></span> <span class='ocrx_word' id='word_1_28' title='bbox 2443 580 2741 635; x_wconf 85' lang='lat' dir='ltr'><strong>sentientes</strong></span> <span class='ocrx_word' id='word_1_29' title='bbox 2790 583 3040 649; x_wconf 66' lang='lat' dir='ltr'><strong>indutas,</strong></span> <span class='ocrx_word' id='word_1_30' title='bbox 3088 584 3344 655; x_wconf 67' lang='lat' dir='ltr'><strong>qnudqn:</strong></span> <span class='ocrx_word' id='word_1_31' title='bbox 3390 587 3566 656; x_wconf 77' lang='lat' dir='ltr'><strong>majus</strong></span> <span class='ocrx_word' id='word_1_32' title='bbox 3611 590 3707 656; x_wconf 82' lang='lat' dir='ltr'><strong>sit,</strong></span> 
     </span>
    </p>
   </div>
   <div class='ocr_carea' id='block_1_9' title="bbox 2125 667 2708 738">
    <p class='ocr_par' dir='ltr' id='par_1_9' title="bbox 2125 667 2708 738">
     <span class='ocr_line' id='line_1_9' title="bbox 2125 667 2708 738; baseline 0.01 -16"><span class='ocrx_word' id='word_1_33' title='bbox 2125 667 2230 722; x_wconf 85' lang='lat' dir='ltr'><strong>sibi</strong></span> <span class='ocrx_word' id='word_1_34' title='bbox 2265 668 2397 738; x_wconf 80' lang='lat' dir='ltr'><strong>ipsis</strong></span> <span class='ocrx_word' id='word_1_35' title='bbox 2427 670 2708 728; x_wconf 82' lang='lat' dir='ltr'><strong>adversos.</strong></span> 
     </span>
    </p>
   </div>
   <div class='ocr_carea' id='block_1_10' title="bbox 1874 872 3696 900">
    <p class='ocr_par' dir='ltr' id='par_1_10' title="bbox 1874 872 3696 900">
     <span class='ocr_line' id='line_1_10' title="bbox 1874 872 3696 900; baseline 0.003 -12"><span class='ocrx_word' id='word_1_36' title='bbox 1874 872 3696 900; x_wconf 55' lang='lat' dir='ltr'><strong>Mm.</strong></span> 
     </span>
    </p>
   </div>
   <div class='ocr_carea' id='block_1_11' title="bbox 1717 1064 2411 1153">
    <p class='ocr_par' dir='ltr' id='par_1_11' title="bbox 1717 1064 2411 1153">
     <span class='ocr_line' id='line_1_11' title="bbox 1717 1064 2411 1153; baseline 0.006 -4"><span class='ocrx_word' id='word_1_37' title='bbox 1717 1064 1947 1151; x_wconf 91' lang='grc' dir='ltr'><strong>ΤΟΥ</strong></span> <span class='ocrx_word' id='word_1_38' title='bbox 2032 1064 2411 1153; x_wconf 83' lang='grc' dir='ltr'>ΑΥΤΟΥ</span> 
     </span>
    </p>
   </div>
   <div class='ocr_carea' id='block_1_12' title="bbox 868 1234 3314 1307">
    <p class='ocr_par' dir='ltr' id='par_1_12' title="bbox 868 1234 3314 1307">
     <span class='ocr_line' id='line_1_12' title="bbox 868 1234 3314 1307; baseline 0.008 -20"><span class='ocrx_word' id='word_1_39' title='bbox 868 1235 962 1289; x_wconf 71' lang='grc' dir='ltr'><strong>ΕΚ</strong></span> <span class='ocrx_word' id='word_1_40' title='bbox 1005 1234 1145 1292; x_wconf 84' lang='grc' dir='ltr'><strong>ΤΩΝ</strong></span> <span class='ocrx_word' id='word_1_41' title='bbox 1174 1234 1334 1294; x_wconf 78' lang='grc' dir='ltr'><strong>ΠΕΡΙ</strong></span> <span class='ocrx_word' id='word_1_42' title='bbox 1385 1241 1523 1295; x_wconf 82' lang='grc' dir='ltr'><strong>ΤΗΣ</strong></span> <span class='ocrx_word' id='word_1_43' title='bbox 1559 1241 1697 1297; x_wconf 86' lang='grc' dir='ltr'><strong>ΤΟΥ</strong></span> <span class='ocrx_word' id='word_1_44' title='bbox 1722 1246 1930 1300; x_wconf 77' lang='grc' dir='ltr'><strong>ΑΓῙΟΥ</strong></span> <span class='ocrx_word' id='word_1_45' title='bbox 1954 1244 2381 1300; x_wconf 79' lang='grc' dir='ltr'><strong>ΠΝΕΥΜΑΤΟΣ</strong></span> <span class='ocrx_word' id='word_1_46' title='bbox 2429 1246 2931 1300; x_wconf 67' lang='grc' dir='ltr'><strong>ΕΚΠΟΡΕΥΣΕΩΣ</strong></span> <span class='ocrx_word' id='word_1_47' title='bbox 2962 1248 3191 1302; x_wconf 81' lang='grc' dir='ltr'><strong>ΛΟΓΟΥ</strong></span> <span class='ocrx_word' id='word_1_48' title='bbox 3235 1248 3314 1307; x_wconf 89' lang='lat' dir='ltr'><strong>E&#39;.</strong></span> 
     </span>
    </p>
   </div>
   <div class='ocr_carea' id='block_1_13' title="bbox 1785 1578 2331 1670">
    <p class='ocr_par' dir='ltr' id='par_1_13' title="bbox 1785 1578 2331 1670">
     <span class='ocr_line' id='line_1_13' title="bbox 1785 1578 2331 1670; baseline 0.004 -4"><span class='ocrx_word' id='word_1_49' title='bbox 1785 1578 2331 1670; x_wconf 84' lang='lat' dir='ltr'><strong>EJUSDEM</strong></span> 
     </span>
    </p>
   </div>
   <div class='ocr_carea' id='block_1_14' title="bbox 1088 1806 3021 1876">
    <p class='ocr_par' dir='ltr' id='par_1_14' title="bbox 1088 1806 3021 1876">
     <span class='ocr_line' id='line_1_14' title="bbox 1088 1806 3021 1876; baseline 0.006 -12"><span class='ocrx_word' id='word_1_50' title='bbox 1088 1806 1196 1866; x_wconf 84' lang='lat' dir='ltr'><strong>EX</strong></span> <span class='ocrx_word' id='word_1_51' title='bbox 1225 1808 1462 1869; x_wconf 72' lang='grc' dir='ltr'><strong>ΠΒΗο</strong></span> <span class='ocrx_word' id='word_1_52' title='bbox 1510 1809 1559 1870; x_wconf 77' lang='grc' dir='ltr'><strong>ν</strong></span> <span class='ocrx_word' id='word_1_53' title='bbox 1605 1810 1706 1869; x_wconf 88' lang='lat' dir='ltr'><strong>DE</strong></span> <span class='ocrx_word' id='word_1_54' title='bbox 1736 1810 2269 1871; x_wconf 81' lang='lat' dir='ltr'><strong>PROCESSIONE</strong></span> <span class='ocrx_word' id='word_1_55' title='bbox 2311 1809 2677 1873; x_wconf 78' lang='lat' dir='ltr'><strong>SPIRITUS</strong></span> <span class='ocrx_word' id='word_1_56' title='bbox 2718 1808 3021 1876; x_wconf 81' lang='lat' dir='ltr'><strong>SANCTI.</strong></span> 
     </span>
    </p>
   </div>
   <div class='ocr_carea' id='block_1_15' title="bbox 631 1944 3479 2030">
    <p class='ocr_par' dir='ltr' id='par_1_15' title="bbox 631 1944 3479 2030">
     <span class='ocr_line' id='line_1_15' title="bbox 631 1944 3479 2030; baseline 0.005 -26"><span class='ocrx_word' id='word_1_57' title='bbox 631 1944 786 2016; x_wconf 78' lang='lat' dir='ltr'><strong>Quod</strong></span> <span class='ocrx_word' id='word_1_58' title='bbox 814 1965 976 2026; x_wconf 78' lang='lat' dir='ltr'><strong>neque</strong></span> <span class='ocrx_word' id='word_1_59' title='bbox 1002 1954 1217 2027; x_wconf 71' lang='lat' dir='ltr'><strong>propter</strong></span> <span class='ocrx_word' id='word_1_60' title='bbox 1245 1959 1589 2023; x_wconf 72' lang='lat' dir='ltr'><strong>sententiam,</strong></span> <span class='ocrx_word' id='word_1_61' title='bbox 1617 1976 1779 2030; x_wconf 85' lang='lat' dir='ltr'><strong>neque</strong></span> <span class='ocrx_word' id='word_1_62' title='bbox 1809 1970 2026 2030; x_wconf 84' lang='lat' dir='ltr'><strong>propter</strong></span> <span class='ocrx_word' id='word_1_63' title='bbox 2060 1960 2391 2015; x_wconf 79' lang='lat' dir='ltr'><strong>additionem</strong></span> <span class='ocrx_word' id='word_1_64' title='bbox 2426 1971 2609 2015; x_wconf 83' lang='lat' dir='ltr'><strong>uatum</strong></span> <span class='ocrx_word' id='word_1_65' title='bbox 2655 1962 2725 2015; x_wconf 80' lang='lat' dir='ltr'><strong>sit</strong></span> <span class='ocrx_word' id='word_1_66' title='bbox 2766 1960 3139 2020; x_wconf 76' lang='lat' dir='ltr'><strong>Ecclesiarum</strong></span> <span class='ocrx_word' id='word_1_67' title='bbox 3167 1965 3479 2021; x_wconf 67' lang='lat' dir='ltr'><strong>districtum.</strong></span> 
     </span>
    </p>
   </div>
   <div class='ocr_carea' id='block_1_16' title="bbox 1477 2110 2623 2179">
    <p class='ocr_par' dir='ltr' id='par_1_16' title="bbox 1477 2110 2623 2179">
     <span class='ocr_line' id='line_1_16' title="bbox 1477 2110 2623 2179; baseline 0.002 -17"><span class='ocrx_word' id='word_1_68' title='bbox 1477 2112 1642 2174; x_wconf 79' lang='lat' dir='ltr'><strong>(Apud</strong></span> <span class='ocrx_word' id='word_1_69' title='bbox 1670 2110 1900 2163; x_wconf 69' lang='lat' dir='ltr'><strong>Allatium</strong></span> <span class='ocrx_word' id='word_1_70' title='bbox 1956 2113 2026 2162; x_wconf 88' lang='lat' dir='ltr'><strong>De</strong></span> <span class='ocrx_word' id='word_1_71' title='bbox 2060 2114 2367 2177; x_wconf 77' lang='lat' dir='ltr'><strong>purgatorio,</strong></span> <span class='ocrx_word' id='word_1_72' title='bbox 2398 2129 2444 2178; x_wconf 75' lang='grc' dir='ltr'><strong>ῃ.</strong></span> <span class='ocrx_word' id='word_1_73' title='bbox 2489 2112 2623 2179; x_wconf 57' lang='grc' dir='ltr'><strong>ϐὃε.)</strong></span> 
     </span>
    </p>
   </div>
   <div class='ocr_carea' id='block_1_17' title="bbox 474 2406 1977 2496">
    <p class='ocr_par' dir='ltr' id='par_1_17' title="bbox 474 2406 1977 2491">
     <span class='ocr_line' id='line_1_17' title="bbox 474 2406 1977 2491; baseline 0.006 -26"><span class='ocrx_word' id='word_1_74' title='bbox 474 2410 618 2483; x_wconf 71' lang='grc' dir='ltr'>Πρὸς</span> <span class='ocrx_word' id='word_1_75' title='bbox 657 2406 827 2467; x_wconf 70' lang='grc' dir='ltr'>τκῦτα</span> <span class='ocrx_word' id='word_1_76' title='bbox 861 2414 957 2482; x_wconf 79' lang='grc' dir='ltr'>μὲν</span> <span class='ocrx_word' id='word_1_77' title='bbox 986 2409 1080 2468; x_wconf 75' lang='grc' dir='ltr'>οὖν</span> <span class='ocrx_word' id='word_1_78' title='bbox 1104 2416 1641 2489; x_wconf 65' lang='grc' dir='ltr'>ἀντιπαρπιθήσουσιν</span> <span class='ocrx_word' id='word_1_79' title='bbox 1670 2422 1717 2473; x_wconf 88' lang='grc' dir='ltr'>οἱ</span> <span class='ocrx_word' id='word_1_80' title='bbox 1764 2420 1830 2475; x_wconf 72' lang='grc' dir='ltr'>τὰ</span> <span class='ocrx_word' id='word_1_81' title='bbox 1888 2423 1977 2491; x_wconf 74' lang='grc' dir='ltr'>τῆς</span> 
     </span>
    </p>
   </div>
   <div class='ocr_carea' id='block_1_18' title="bbox 2090 2406 3693 2496">
    <p class='ocr_par' dir='ltr' id='par_1_18' title="bbox 2166 2406 3693 2496">
     <span class='ocr_line' id='line_1_18' title="bbox 2166 2406 3693 2496; baseline 0.005 -20"><span class='ocrx_word' id='word_1_82' title='bbox 2166 2425 2243 2476; x_wconf 80' lang='lat' dir='ltr'><strong>At</strong></span> <span class='ocrx_word' id='word_1_83' title='bbox 2281 2424 2394 2478; x_wconf 61' lang='lat' dir='ltr'><strong>haec</strong></span> <span class='ocrx_word' id='word_1_84' title='bbox 2431 2424 2649 2493; x_wconf 85' lang='lat' dir='ltr'><strong>quidem</strong></span> <span class='ocrx_word' id='word_1_85' title='bbox 2689 2436 2876 2478; x_wconf 70' lang='lat' dir='ltr'><strong>contra</strong></span> <span class='ocrx_word' id='word_1_86' title='bbox 2914 2435 3230 2492; x_wconf 81' lang='lat' dir='ltr'><strong>opponent,</strong></span> <span class='ocrx_word' id='word_1_87' title='bbox 3268 2406 3370 2495; x_wconf 68' lang='grc' dir='ltr'>ιιιῖ</span> <span class='ocrx_word' id='word_1_88' title='bbox 3398 2427 3693 2496; x_wconf 83' lang='lat' dir='ltr'><strong>epistolam</strong></span> 
     </span>
    </p>
   </div>
   <div class='ocr_carea' id='block_1_19' title="bbox 406 2507 1993 2585">
    <p class='ocr_par' dir='ltr' id='par_1_19' title="bbox 406 2507 1993 2585">
     <span class='ocr_line' id='line_1_19' title="bbox 406 2507 1993 2585; baseline 0.004 -24"><span class='ocrx_word' id='word_1_89' title='bbox 406 2508 700 2576; x_wconf 64' lang='grc' dir='ltr'>ἐπιστολῆς</span> <span class='ocrx_word' id='word_1_90' title='bbox 768 2507 1129 2578; x_wconf 81' lang='grc' dir='ltr'>πεφθακότες,</span> <span class='ocrx_word' id='word_1_91' title='bbox 1188 2512 1408 2577; x_wconf 79' lang='grc' dir='ltr'>εἰδέναι,</span> <span class='ocrx_word' id='word_1_92' title='bbox 1458 2514 1490 2585; x_wconf 79' lang='grc' dir='ltr'><strong>ἢ</strong></span> <span class='ocrx_word' id='word_1_93' title='bbox 1546 2516 1641 2568; x_wconf 76' lang='grc' dir='ltr'><strong>καὶ</strong></span> <span class='ocrx_word' id='word_1_94' title='bbox 1683 2516 1909 2570; x_wconf 76' lang='grc' dir='ltr'><strong>διελθεῖν</strong></span> <span class='ocrx_word' id='word_1_95' title='bbox 1944 2516 1993 2568; x_wconf 84' lang='grc' dir='ltr'>οἱ</span> 
     </span>
    </p>
   </div>
   <div class='ocr_carea' id='block_1_20' title="bbox 408 2600 1993 2680">
    <p class='ocr_par' dir='ltr' id='par_1_20' title="bbox 408 2600 1993 2680">
     <span class='ocr_line' id='line_1_20' title="bbox 408 2600 1993 2680; baseline 0.008 -28"><span class='ocrx_word' id='word_1_96' title='bbox 408 2600 642 2668; x_wconf 74' lang='grc' dir='ltr'>σπουδὴν</span> <span class='ocrx_word' id='word_1_97' title='bbox 667 2602 1043 2672; x_wconf 86' lang='grc' dir='ltr'>ποιησάμενοι,</span> <span class='ocrx_word' id='word_1_98' title='bbox 1065 2604 1127 2658; x_wconf 69' lang='lat' dir='ltr'><strong>to</strong></span> <span class='ocrx_word' id='word_1_99' title='bbox 1161 2604 1251 2658; x_wconf 73' lang='grc' dir='ltr'>τὸν</span> <span class='ocrx_word' id='word_1_100' title='bbox 1281 2607 1573 2676; x_wconf 80' lang='grc' dir='ltr'>ὲκθέμενον</span> <span class='ocrx_word' id='word_1_101' title='bbox 1600 2609 1658 2661; x_wconf 82' lang='grc' dir='ltr'>ὲν</span> <span class='ocrx_word' id='word_1_102' title='bbox 1688 2610 1873 2673; x_wconf 78' lang='grc' dir='ltr'>αὑτοῖς</span> <span class='ocrx_word' id='word_1_103' title='bbox 1894 2608 1993 2680; x_wconf 83' lang='grc' dir='ltr'>τὴν</span> 
     </span>
    </p>
   </div>
   <div class='ocr_carea' id='block_1_21' title="bbox 403 2691 1991 2773">
    <p class='ocr_par' dir='ltr' id='par_1_21' title="bbox 403 2691 1991 2773">
     <span class='ocr_line' id='line_1_21' title="bbox 403 2691 1991 2773; baseline 0.008 -30"><span class='ocrx_word' id='word_1_104' title='bbox 403 2691 727 2761; x_wconf 73' lang='grc' dir='ltr'><strong>προσθήκην</strong></span> <span class='ocrx_word' id='word_1_105' title='bbox 766 2692 1108 2764; x_wconf 77' lang='grc' dir='ltr'><strong>καθορᾶσθαι</strong></span> <span class='ocrx_word' id='word_1_106' title='bbox 1139 2697 1456 2762; x_wconf 74' lang='grc' dir='ltr'><strong>κακίζοντα.</strong></span> <span class='ocrx_word' id='word_1_107' title='bbox 1486 2699 1646 2771; x_wconf 85' lang='grc' dir='ltr'>Γνοίη</span> <span class='ocrx_word' id='word_1_108' title='bbox 1676 2700 1721 2754; x_wconf 82' lang='grc' dir='ltr'>δ’</span> <span class='ocrx_word' id='word_1_109' title='bbox 1762 2701 1828 2756; x_wconf 83' lang='grc' dir='ltr'>ἂν</span> <span class='ocrx_word' id='word_1_110' title='bbox 1857 2704 1885 2754; x_wconf 88' lang='grc' dir='ltr'><strong>ό</strong></span> <span class='ocrx_word' id='word_1_111' title='bbox 1917 2706 1991 2773; x_wconf 77' lang='grc' dir='ltr'>μὴ</span> 
     </span>
    </p>
   </div>
   <div class='ocr_carea' id='block_1_22' title="bbox 401 2783 1993 2864">
    <p class='ocr_par' dir='ltr' id='par_1_22' title="bbox 401 2783 1993 2864">
     <span class='ocr_line' id='line_1_22' title="bbox 401 2783 1993 2864; baseline 0.008 -28"><span class='ocrx_word' id='word_1_112' title='bbox 401 2783 733 2853; x_wconf 66' lang='grc' dir='ltr'>παρώικῶς,</span> <span class='ocrx_word' id='word_1_113' title='bbox 757 2783 877 2838; x_wconf 80' lang='grc' dir='ltr'>ἀλλ’</span> <span class='ocrx_word' id='word_1_114' title='bbox 898 2787 1330 2858; x_wconf 77' lang='grc' dir='ltr'>ἐπεσκεμμένως</span> <span class='ocrx_word' id='word_1_115' title='bbox 1347 2791 1441 2843; x_wconf 71' lang='grc' dir='ltr'>καὶ</span> <span class='ocrx_word' id='word_1_116' title='bbox 1453 2792 1511 2845; x_wconf 78' lang='grc' dir='ltr'>τὸ</span> <span class='ocrx_word' id='word_1_117' title='bbox 1532 2792 1755 2861; x_wconf 71' lang='grc' dir='ltr'>σύμπαν</span> <span class='ocrx_word' id='word_1_118' title='bbox 1779 2794 1993 2864; x_wconf 83' lang='grc' dir='ltr'>ἀπροσ-</span> 
     </span>
    </p>
   </div>
   <div class='ocr_carea' id='block_1_23' title="bbox 400 2877 1990 2956">
    <p class='ocr_par' dir='ltr' id='par_1_23' title="bbox 400 2877 1990 2956">
     <span class='ocr_line' id='line_1_23' title="bbox 400 2877 1990 2956; baseline 0.007 -27"><span class='ocrx_word' id='word_1_119' title='bbox 400 2878 591 2940; x_wconf 76' lang='grc' dir='ltr'>παθῶς</span> <span class='ocrx_word' id='word_1_120' title='bbox 651 2877 878 2931; x_wconf 86' lang='grc' dir='ltr'>διελθὼν</span> <span class='ocrx_word' id='word_1_121' title='bbox 900 2881 970 2932; x_wconf 83' lang='grc' dir='ltr'><strong>τά</strong></span> <span class='ocrx_word' id='word_1_122' title='bbox 1013 2881 1259 2944; x_wconf 82' lang='grc' dir='ltr'>τοιαῦτα.</span> <span class='ocrx_word' id='word_1_123' title='bbox 1310 2884 1444 2937; x_wconf 77' lang='grc' dir='ltr'>καθὸ</span> <span class='ocrx_word' id='word_1_124' title='bbox 1473 2885 1794 2956; x_wconf 82' lang='grc' dir='ltr'>προσθήκην</span> <span class='ocrx_word' id='word_1_125' title='bbox 1825 2884 1882 2941; x_wconf 81' lang='grc' dir='ltr'>ὲν</span> <span class='ocrx_word' id='word_1_126' title='bbox 1910 2887 1990 2955; x_wconf 79' lang='grc' dir='ltr'><strong>τῷ</strong></span> 
     </span>
    </p>
   </div>
   <div class='ocr_carea' id='block_1_24' title="bbox 397 2966 1990 3049">
    <p class='ocr_par' dir='ltr' id='par_1_24' title="bbox 397 2966 1990 3049">
     <span class='ocr_line' id='line_1_24' title="bbox 397 2966 1990 3049; baseline 0.008 -28"><span class='ocrx_word' id='word_1_127' title='bbox 397 2966 680 3041; x_wconf 76' lang='grc' dir='ltr'>Συμϐόλῳ,</span> <span class='ocrx_word' id='word_1_128' title='bbox 732 2971 855 3041; x_wconf 79' lang='grc' dir='ltr'><strong>οὐχ’</strong></span> <span class='ocrx_word' id='word_1_129' title='bbox 886 2971 960 3034; x_wconf 87' lang='grc' dir='ltr'><strong>ὡς</strong></span> <span class='ocrx_word' id='word_1_130' title='bbox 996 2972 1057 3025; x_wconf 76' lang='grc' dir='ltr'><strong>τὸ</strong></span> <span class='ocrx_word' id='word_1_131' title='bbox 1100 2971 1202 3044; x_wconf 81' lang='grc' dir='ltr'>τῆς</span> <span class='ocrx_word' id='word_1_132' title='bbox 1255 2974 1540 3040; x_wconf 76' lang='grc' dir='ltr'>εὐσεϐείας</span> <span class='ocrx_word' id='word_1_133' title='bbox 1583 2977 1990 3049; x_wconf 82' lang='grc' dir='ltr'>λυμαινομένην</span> 
     </span>
    </p>
   </div>
   <div class='ocr_carea' id='block_1_25' title="bbox 394 3061 1990 3142">
    <p class='ocr_par' dir='ltr' id='par_1_25' title="bbox 394 3061 1990 3142">
     <span class='ocr_line' id='line_1_25' title="bbox 394 3061 1990 3142; baseline 0.008 -28"><span class='ocrx_word' id='word_1_134' title='bbox 394 3061 641 3133; x_wconf 77' lang='grc' dir='ltr'>καθαρὸν</span> <span class='ocrx_word' id='word_1_135' title='bbox 667 3063 1077 3133; x_wconf 87' lang='grc' dir='ltr'>ἀπωθούμενον.</span> <span class='ocrx_word' id='word_1_136' title='bbox 1112 3066 1306 3120; x_wconf 77' lang='grc' dir='ltr'>Καίτοι</span> <span class='ocrx_word' id='word_1_137' title='bbox 1354 3068 1526 3121; x_wconf 79' lang='grc' dir='ltr'>ταῦτα</span> <span class='ocrx_word' id='word_1_138' title='bbox 1570 3070 1708 3140; x_wconf 69' lang='grc' dir='ltr'>πρὺς</span> <span class='ocrx_word' id='word_1_139' title='bbox 1735 3071 1800 3125; x_wconf 69' lang='grc' dir='ltr'><strong>τὰ</strong></span> <span class='ocrx_word' id='word_1_140' title='bbox 1833 3090 1990 3142; x_wconf 82' lang='grc' dir='ltr'>πρα-</span> 
     </span>
    </p>
   </div>
   <div class='ocr_carea' id='block_1_26' title="bbox 395 3154 1987 3236">
    <p class='ocr_par' dir='ltr' id='par_1_26' title="bbox 395 3154 1987 3236">
     <span class='ocr_line' id='line_1_26' title="bbox 395 3154 1987 3236; baseline 0.009 -29"><span class='ocrx_word' id='word_1_141' title='bbox 395 3154 590 3224; x_wconf 80' lang='grc' dir='ltr'>χθέντα</span> <span class='ocrx_word' id='word_1_142' title='bbox 625 3173 714 3231; x_wconf 83' lang='grc' dir='ltr'><strong>μοι</strong></span> <span class='ocrx_word' id='word_1_143' title='bbox 746 3158 1048 3227; x_wconf 83' lang='grc' dir='ltr'>προσεχῶς,</span> <span class='ocrx_word' id='word_1_144' title='bbox 1098 3158 1131 3228; x_wconf 84' lang='grc' dir='ltr'><strong>ἦ</strong></span> <span class='ocrx_word' id='word_1_145' title='bbox 1182 3160 1279 3213; x_wconf 75' lang='grc' dir='ltr'>καὶ</span> <span class='ocrx_word' id='word_1_146' title='bbox 1316 3161 1453 3232; x_wconf 81' lang='grc' dir='ltr'>πρὸς</span> <span class='ocrx_word' id='word_1_147' title='bbox 1485 3162 1607 3217; x_wconf 85' lang='grc' dir='ltr'>ὅλον</span> <span class='ocrx_word' id='word_1_148' title='bbox 1647 3169 1867 3236; x_wconf 75' lang='grc' dir='ltr'>γραφῆς</span> <span class='ocrx_word' id='word_1_149' title='bbox 1896 3183 1987 3236; x_wconf 90' lang='grc' dir='ltr'><strong>μοι</strong></span> 
     </span>
    </p>
   </div>
   <div class='ocr_carea' id='block_1_27' title="bbox 392 3246 1985 3330">
    <p class='ocr_par' dir='ltr' id='par_1_27' title="bbox 392 3246 1985 3330">
     <span class='ocr_line' id='line_1_27' title="bbox 392 3246 1985 3330; baseline 0.007 -31"><span class='ocrx_word' id='word_1_150' title='bbox 392 3246 454 3299; x_wconf 73' lang='grc' dir='ltr'>τὸ</span> <span class='ocrx_word' id='word_1_151' title='bbox 504 3247 951 3317; x_wconf 72' lang='grc' dir='ltr'>σκοπιμώτατονο</span> <span class='ocrx_word' id='word_1_152' title='bbox 1003 3250 1162 3316; x_wconf 80' lang='grc' dir='ltr'>εἴπερ</span> <span class='ocrx_word' id='word_1_153' title='bbox 1216 3253 1244 3303; x_wconf 88' lang='grc' dir='ltr'><strong>ό</strong></span> <span class='ocrx_word' id='word_1_154' title='bbox 1293 3254 1583 3323; x_wconf 81' lang='grc' dir='ltr'>είρημένος</span> <span class='ocrx_word' id='word_1_155' title='bbox 1631 3256 1688 3307; x_wconf 76' lang='grc' dir='ltr'>ἐν</span> <span class='ocrx_word' id='word_1_156' title='bbox 1756 3257 1893 3327; x_wconf 76' lang='grc' dir='ltr'>αὐτῇ</span> <span class='ocrx_word' id='word_1_157' title='bbox 1918 3261 1985 3330; x_wconf 82' lang='grc' dir='ltr'>τῇ</span> 
     </span>
    </p>
   </div>
   <div class='ocr_carea' id='block_1_28' title="bbox 395 3338 1987 3419">
    <p class='ocr_par' dir='ltr' id='par_1_28' title="bbox 395 3338 1987 3419">
     <span class='ocr_line' id='line_1_28' title="bbox 395 3338 1987 3419; baseline 0.006 -27"><span class='ocrx_word' id='word_1_158' title='bbox 395 3338 657 3410; x_wconf 72' lang='grc' dir='ltr'>ἐπιστολῇ</span> <span class='ocrx_word' id='word_1_159' title='bbox 691 3340 887 3408; x_wconf 78' lang='grc' dir='ltr'>φάσκει</span> <span class='ocrx_word' id='word_1_160' title='bbox 916 3338 1365 3413; x_wconf 82' lang='grc' dir='ltr'>διαπορούμενος,</span> <span class='ocrx_word' id='word_1_161' title='bbox 1395 3346 1563 3410; x_wconf 83' lang='grc' dir='ltr'>ὅπως,</span> <span class='ocrx_word' id='word_1_162' title='bbox 1593 3348 1681 3400; x_wconf 62' lang='grc' dir='ltr'><strong>καλ</strong></span> <span class='ocrx_word' id='word_1_163' title='bbox 1704 3347 1771 3401; x_wconf 87' lang='grc' dir='ltr'>δι’</span> <span class='ocrx_word' id='word_1_164' title='bbox 1794 3349 1861 3419; x_wconf 85' lang='grc' dir='ltr'>ἢν</span> <span class='ocrx_word' id='word_1_165' title='bbox 1888 3351 1987 3418; x_wconf 77' lang='grc' dir='ltr'>τὴν</span> 
     </span>
    </p>
   </div>
   <div class='ocr_carea' id='block_1_29' title="bbox 395 3429 1986 3507">
    <p class='ocr_par' dir='ltr' id='par_1_29' title="bbox 395 3429 1986 3507">
     <span class='ocr_line' id='line_1_29' title="bbox 395 3429 1986 3507; baseline 0.006 -23"><span class='ocrx_word' id='word_1_166' title='bbox 395 3429 631 3503; x_wconf 73' lang='grc' dir='ltr'>αἰτίανὴ</span> <span class='ocrx_word' id='word_1_167' title='bbox 666 3432 916 3501; x_wconf 79' lang='grc' dir='ltr'>ἀναφορᾶ</span> <span class='ocrx_word' id='word_1_168' title='bbox 948 3430 1045 3485; x_wconf 78' lang='grc' dir='ltr'><strong>τοῦ</strong></span> <span class='ocrx_word' id='word_1_169' title='bbox 1072 3432 1336 3501; x_wconf 81' lang='grc' dir='ltr'>ὀνόματος</span> <span class='ocrx_word' id='word_1_170' title='bbox 1369 3434 1603 3507; x_wconf 82' lang='grc' dir='ltr'>ἐξεκόπη</span> <span class='ocrx_word' id='word_1_171' title='bbox 1633 3437 1727 3490; x_wconf 77' lang='grc' dir='ltr'>τοῦ</span> <span class='ocrx_word' id='word_1_172' title='bbox 1759 3441 1986 3506; x_wconf 84' lang='grc' dir='ltr'>πάππα,</span> 
     </span>
    </p>
   </div>
   <div class='ocr_carea' id='block_1_30' title="bbox 389 3524 1989 3601">
    <p class='ocr_par' dir='ltr' id='par_1_30' title="bbox 389 3524 1989 3601">
     <span class='ocr_line' id='line_1_30' title="bbox 389 3524 1989 3601; baseline 0.005 -24"><span class='ocrx_word' id='word_1_173' title='bbox 389 3524 482 3577; x_wconf 68' lang='grc' dir='ltr'><strong>καὶ</strong></span> <span class='ocrx_word' id='word_1_174' title='bbox 513 3525 726 3601; x_wconf 78' lang='grc' dir='ltr'>ἀγνοεῖν</span> <span class='ocrx_word' id='word_1_175' title='bbox 753 3525 1098 3581; x_wconf 81' lang='grc' dir='ltr'>διατείνεται.</span> <span class='ocrx_word' id='word_1_176' title='bbox 1135 3526 1199 3581; x_wconf 83' lang='lat' dir='ltr'><strong>El</strong></span> <span class='ocrx_word' id='word_1_177' title='bbox 1227 3529 1336 3597; x_wconf 88' lang='grc' dir='ltr'>γὰρ</span> <span class='ocrx_word' id='word_1_178' title='bbox 1357 3527 1431 3591; x_wconf 83' lang='grc' dir='ltr'>ὡς</span> <span class='ocrx_word' id='word_1_179' title='bbox 1465 3529 1497 3599; x_wconf 84' lang='grc' dir='ltr'>ἡ</span> <span class='ocrx_word' id='word_1_180' title='bbox 1526 3529 1776 3598; x_wconf 80' lang='grc' dir='ltr'>Κυπρίου</span> <span class='ocrx_word' id='word_1_181' title='bbox 1823 3548 1989 3601; x_wconf 80' lang='grc' dir='ltr'>τομοο</span> 
     </span>
    </p>
   </div>
   <div class='ocr_carea' id='block_1_31' title="bbox 390 3596 1986 3689">
    <p class='ocr_par' dir='ltr' id='par_1_31' title="bbox 390 3596 1986 3689">
     <span class='ocr_line' id='line_1_31' title="bbox 390 3596 1986 3689; baseline 0.002 -22"><span class='ocrx_word' id='word_1_182' title='bbox 390 3615 620 3684; x_wconf 77' lang='grc' dir='ltr'>γραφία,</span> <span class='ocrx_word' id='word_1_183' title='bbox 636 3596 868 3684; x_wconf 66' lang='grc' dir='ltr'>τάληθὲς</span> <span class='ocrx_word' id='word_1_184' title='bbox 889 3616 1118 3670; x_wconf 75' lang='grc' dir='ltr'>δἐἰπεῖν</span> <span class='ocrx_word' id='word_1_185' title='bbox 1136 3596 1541 3687; x_wconf 82' lang='grc' dir='ltr'>ἀνομογραφία,</span> <span class='ocrx_word' id='word_1_186' title='bbox 1565 3596 1805 3689; x_wconf 78' lang='grc' dir='ltr'>περὶτῆς</span> <span class='ocrx_word' id='word_1_187' title='bbox 1825 3596 1986 3688; x_wconf 73' lang='grc' dir='ltr'>προσσ</span> 
     </span>
    </p>
   </div>
   <div class='ocr_carea' id='block_1_32' title="bbox 384 3708 1986 3780">
    <p class='ocr_par' dir='ltr' id='par_1_32' title="bbox 384 3708 1986 3780">
     <span class='ocr_line' id='line_1_32' title="bbox 384 3708 1986 3780; baseline 0.004 -21"><span class='ocrx_word' id='word_1_188' title='bbox 384 3708 561 3779; x_wconf 75' lang='grc' dir='ltr'>,θήκης</span> <span class='ocrx_word' id='word_1_189' title='bbox 578 3708 734 3776; x_wconf 65' lang='grc' dir='ltr'>φησὶ,</span> <span class='ocrx_word' id='word_1_190' title='bbox 756 3710 893 3778; x_wconf 79' lang='grc' dir='ltr'>πέρα</span> <span class='ocrx_word' id='word_1_191' title='bbox 910 3708 1113 3780; x_wconf 87' lang='grc' dir='ltr'>ταύτην</span> <span class='ocrx_word' id='word_1_192' title='bbox 1135 3710 1387 3774; x_wconf 73' lang='grc' dir='ltr'>ἀσεϐείας</span> <span class='ocrx_word' id='word_1_193' title='bbox 1409 3712 1778 3776; x_wconf 70' lang='grc' dir='ltr'>ἀποκαλοῦσα,</span> <span class='ocrx_word' id='word_1_194' title='bbox 1795 3711 1891 3765; x_wconf 78' lang='grc' dir='ltr'>καὶ</span> <span class='ocrx_word' id='word_1_195' title='bbox 1910 3711 1986 3776; x_wconf 83' lang='grc' dir='ltr'>ὡς</span> 
     </span>
    </p>
   </div>
   <div class='ocr_carea' id='block_1_33' title="bbox 2104 2513 3697 2587">
    <p class='ocr_par' dir='ltr' id='par_1_33' title="bbox 2104 2513 3697 2587">
     <span class='ocr_line' id='line_1_33' title="bbox 2104 2513 3697 2587; baseline 0.003 -20"><span class='ocrx_word' id='word_1_196' title='bbox 2104 2513 2332 2577; x_wconf 81' lang='lat' dir='ltr'><strong>callent,</strong></span> <span class='ocrx_word' id='word_1_197' title='bbox 2366 2523 2459 2568; x_wconf 88' lang='lat' dir='ltr'><strong>aut</strong></span> <span class='ocrx_word' id='word_1_198' title='bbox 2490 2514 2696 2582; x_wconf 78' lang='lat' dir='ltr'><strong>integre</strong></span> <span class='ocrx_word' id='word_1_199' title='bbox 2725 2514 3079 2583; x_wconf 74' lang='lat' dir='ltr'><strong>percurrere,</strong></span> <span class='ocrx_word' id='word_1_200' title='bbox 3109 2522 3163 2568; x_wconf 74' lang='lat' dir='ltr'><strong>et</strong></span> <span class='ocrx_word' id='word_1_201' title='bbox 3195 2515 3287 2584; x_wconf 86' lang='lat' dir='ltr'><strong>qui</strong></span> <span class='ocrx_word' id='word_1_202' title='bbox 3321 2516 3565 2571; x_wconf 87' lang='lat' dir='ltr'><strong>studium</strong></span> <span class='ocrx_word' id='word_1_203' title='bbox 3599 2532 3697 2587; x_wconf 80' lang='lat' dir='ltr'><strong>po-</strong></span> 
     </span>
    </p>
   </div>
   <div class='ocr_carea' id='block_1_34' title="bbox 2103 2604 3694 2672">
    <p class='ocr_par' dir='ltr' id='par_1_34' title="bbox 2103 2604 3694 2672">
     <span class='ocr_line' id='line_1_34' title="bbox 2103 2604 3694 2672; baseline 0.005 -17"><span class='ocrx_word' id='word_1_204' title='bbox 2103 2617 2264 2657; x_wconf 85' lang='lat' dir='ltr'><strong>suere</strong></span> <span class='ocrx_word' id='word_1_205' title='bbox 2296 2619 2455 2658; x_wconf 89' lang='lat' dir='ltr'><strong>sunm</strong></span> <span class='ocrx_word' id='word_1_206' title='bbox 2488 2604 2552 2657; x_wconf 88' lang='lat' dir='ltr'><strong>ad</strong></span> <span class='ocrx_word' id='word_1_207' title='bbox 2595 2604 2957 2672; x_wconf 87' lang='lat' dir='ltr'><strong>probandum,</strong></span> <span class='ocrx_word' id='word_1_208' title='bbox 2994 2605 3141 2658; x_wconf 89' lang='lat' dir='ltr'><strong>illius</strong></span> <span class='ocrx_word' id='word_1_209' title='bbox 3186 2614 3462 2660; x_wconf 88' lang='lat' dir='ltr'><strong>auctorem</strong></span> <span class='ocrx_word' id='word_1_210' title='bbox 3496 2607 3694 2670; x_wconf 83' lang='lat' dir='ltr'><strong>videri,</strong></span> 
     </span>
    </p>
   </div>
   <div class='ocr_carea' id='block_1_35' title="bbox 2102 2694 3693 2768">
    <p class='ocr_par' dir='ltr' id='par_1_35' title="bbox 2102 2694 3693 2768">
     <span class='ocr_line' id='line_1_35' title="bbox 2102 2694 3693 2768; baseline 0.005 -21"><span class='ocrx_word' id='word_1_211' title='bbox 2102 2694 2435 2749; x_wconf 56' lang='lat' dir='ltr'><strong>adulitionem</strong></span> <span class='ocrx_word' id='word_1_212' title='bbox 2470 2696 2701 2750; x_wconf 84' lang='lat' dir='ltr'><strong>similem</strong></span> <span class='ocrx_word' id='word_1_213' title='bbox 2736 2712 3020 2751; x_wconf 89' lang='lat' dir='ltr'><strong>accusare.</strong></span> <span class='ocrx_word' id='word_1_214' title='bbox 3057 2695 3160 2751; x_wconf 84' lang='lat' dir='ltr'><strong>Sed</strong></span> <span class='ocrx_word' id='word_1_215' title='bbox 3198 2697 3357 2768; x_wconf 82' lang='lat' dir='ltr'><strong>plane</strong></span> <span class='ocrx_word' id='word_1_216' title='bbox 3391 2698 3693 2768; x_wconf 73' lang='lat' dir='ltr'><strong>intelliget,</strong></span> 
     </span>
    </p>
   </div>
   <div class='ocr_carea' id='block_1_36' title="bbox 2101 2785 3697 2855">
    <p class='ocr_par' dir='ltr' id='par_1_36' title="bbox 2101 2785 3697 2855">
     <span class='ocr_line' id='line_1_36' title="bbox 2101 2785 3697 2855; baseline 0.004 -17"><span class='ocrx_word' id='word_1_217' title='bbox 2101 2785 2192 2855; x_wconf 90' lang='lat' dir='ltr'><strong>qui</strong></span> <span class='ocrx_word' id='word_1_218' title='bbox 2227 2800 2333 2840; x_wconf 92' lang='lat' dir='ltr'><strong>non</strong></span> <span class='ocrx_word' id='word_1_219' title='bbox 2363 2786 2508 2842; x_wconf 86' lang='lat' dir='ltr'><strong>aliud</strong></span> <span class='ocrx_word' id='word_1_220' title='bbox 2540 2788 2849 2851; x_wconf 70' lang='lat' dir='ltr'><strong>intendens,</strong></span> <span class='ocrx_word' id='word_1_221' title='bbox 2877 2790 2972 2843; x_wconf 85' lang='lat' dir='ltr'><strong>sed</strong></span> <span class='ocrx_word' id='word_1_222' title='bbox 3008 2789 3268 2845; x_wconf 75' lang='lat' dir='ltr'><strong>meditate</strong></span> <span class='ocrx_word' id='word_1_223' title='bbox 3296 2806 3411 2845; x_wconf 90' lang='lat' dir='ltr'><strong>rem</strong></span> <span class='ocrx_word' id='word_1_224' title='bbox 3443 2792 3697 2846; x_wconf 81' lang='lat' dir='ltr'><strong>conside-</strong></span> 
     </span>
    </p>
   </div>
   <div class='ocr_carea' id='block_1_37' title="bbox 2102 2881 3696 2949">
    <p class='ocr_par' dir='ltr' id='par_1_37' title="bbox 2102 2881 3696 2949">
     <span class='ocr_line' id='line_1_37' title="bbox 2102 2881 3696 2949; baseline 0.005 -17"><span class='ocrx_word' id='word_1_225' title='bbox 2102 2894 2255 2944; x_wconf 85' lang='lat' dir='ltr'><strong>rans,</strong></span> <span class='ocrx_word' id='word_1_226' title='bbox 2283 2887 2335 2935; x_wconf 86' lang='lat' dir='ltr'><strong>et</strong></span> <span class='ocrx_word' id='word_1_227' title='bbox 2365 2881 2511 2949; x_wconf 85' lang='lat' dir='ltr'><strong>quod</strong></span> <span class='ocrx_word' id='word_1_228' title='bbox 2544 2892 2705 2949; x_wconf 85' lang='lat' dir='ltr'><strong>caput</strong></span> <span class='ocrx_word' id='word_1_229' title='bbox 2739 2897 2920 2936; x_wconf 89' lang='lat' dir='ltr'><strong>rerum</strong></span> <span class='ocrx_word' id='word_1_230' title='bbox 2958 2883 3143 2945; x_wconf 82' lang='lat' dir='ltr'><strong>fuerit,</strong></span> <span class='ocrx_word' id='word_1_231' title='bbox 3177 2884 3329 2939; x_wconf 89' lang='lat' dir='ltr'><strong>nullo</strong></span> <span class='ocrx_word' id='word_1_232' title='bbox 3359 2885 3526 2939; x_wconf 88' lang='lat' dir='ltr'><strong>animi</strong></span> <span class='ocrx_word' id='word_1_233' title='bbox 3560 2886 3696 2940; x_wconf 62' lang='lat' dir='ltr'><strong>alie-</strong></span> 
     </span>
    </p>
   </div>
   <div class='ocr_carea' id='block_1_38' title="bbox 2100 2974 3696 3045">
    <p class='ocr_par' dir='ltr' id='par_1_38' title="bbox 2100 2974 3696 3045">
     <span class='ocr_line' id='line_1_38' title="bbox 2100 2974 3696 3045; baseline 0.003 -17"><span class='ocrx_word' id='word_1_234' title='bbox 2100 2982 2189 3028; x_wconf 87' lang='lat' dir='ltr'><strong>ctu</strong></span> <span class='ocrx_word' id='word_1_235' title='bbox 2219 2974 2535 3044; x_wconf 85' lang='lat' dir='ltr'><strong>implicitus,</strong></span> <span class='ocrx_word' id='word_1_236' title='bbox 2565 2976 2807 3042; x_wconf 68' lang='lat' dir='ltr'><strong>epistolae</strong></span> <span class='ocrx_word' id='word_1_237' title='bbox 2832 2977 2995 3032; x_wconf 78' lang='lat' dir='ltr'><strong>verba</strong></span> <span class='ocrx_word' id='word_1_238' title='bbox 3023 2977 3237 3045; x_wconf 67' lang='lat' dir='ltr'><strong>legerit,</strong></span> <span class='ocrx_word' id='word_1_239' title='bbox 3261 2979 3513 3033; x_wconf 85' lang='lat' dir='ltr'><strong>eumdem</strong></span> <span class='ocrx_word' id='word_1_240' title='bbox 3541 2979 3696 3032; x_wconf 81' lang='lat' dir='ltr'><strong>addi-</strong></span> 
     </span>
    </p>
   </div>
   <div class='ocr_carea' id='block_1_39' title="bbox 2103 3066 3691 3140">
    <p class='ocr_par' dir='ltr' id='par_1_39' title="bbox 2103 3066 3691 3140">
     <span class='ocr_line' id='line_1_39' title="bbox 2103 3066 3691 3140; baseline 0.004 -21"><span class='ocrx_word' id='word_1_241' title='bbox 2103 3066 2303 3121; x_wconf 91' lang='lat' dir='ltr'><strong>tioncm</strong></span> <span class='ocrx_word' id='word_1_242' title='bbox 2334 3068 2411 3122; x_wconf 86' lang='lat' dir='ltr'><strong>uti</strong></span> <span class='ocrx_word' id='word_1_243' title='bbox 2441 3067 2494 3121; x_wconf 91' lang='lat' dir='ltr'><strong>in</strong></span> <span class='ocrx_word' id='word_1_244' title='bbox 2525 3067 2786 3139; x_wconf 88' lang='lat' dir='ltr'><strong>Symbolo</strong></span> <span class='ocrx_word' id='word_1_245' title='bbox 2815 3067 3037 3132; x_wconf 78' lang='lat' dir='ltr'><strong>factam,</strong></span> <span class='ocrx_word' id='word_1_246' title='bbox 3066 3079 3120 3124; x_wconf 88' lang='lat' dir='ltr'><strong>et</strong></span> <span class='ocrx_word' id='word_1_247' title='bbox 3147 3086 3255 3124; x_wconf 89' lang='lat' dir='ltr'><strong>non</strong></span> <span class='ocrx_word' id='word_1_248' title='bbox 3287 3071 3363 3124; x_wconf 85' lang='lat' dir='ltr'><strong>uti</strong></span> <span class='ocrx_word' id='word_1_249' title='bbox 3396 3073 3691 3140; x_wconf 82' lang='lat' dir='ltr'><strong>puritatem</strong></span> 
     </span>
    </p>
   </div>
   <div class='ocr_carea' id='block_1_40' title="bbox 2098 3160 3691 3231">
    <p class='ocr_par' dir='ltr' id='par_1_40' title="bbox 2098 3160 3691 3231">
     <span class='ocr_line' id='line_1_40' title="bbox 2098 3160 3691 3231; baseline 0 -16"><span class='ocrx_word' id='word_1_250' title='bbox 2098 3162 2319 3230; x_wconf 88' lang='lat' dir='ltr'><strong>pietatis</strong></span> <span class='ocrx_word' id='word_1_251' title='bbox 2348 3160 2726 3230; x_wconf 86' lang='lat' dir='ltr'><strong>inquinantem</strong></span> <span class='ocrx_word' id='word_1_252' title='bbox 2757 3166 3099 3230; x_wconf 83' lang='lat' dir='ltr'><strong>reprobasse.</strong></span> <span class='ocrx_word' id='word_1_253' title='bbox 3141 3162 3205 3216; x_wconf 80' lang='lat' dir='ltr'><strong>Et</strong></span> <span class='ocrx_word' id='word_1_254' title='bbox 3235 3161 3372 3229; x_wconf 67' lang='lat' dir='ltr'><strong>haec,</strong></span> <span class='ocrx_word' id='word_1_255' title='bbox 3401 3178 3523 3231; x_wconf 63' lang='lat' dir='ltr'><strong>quae</strong></span> <span class='ocrx_word' id='word_1_256' title='bbox 3552 3178 3691 3217; x_wconf 85' lang='lat' dir='ltr'><strong>con-</strong></span> 
     </span>
    </p>
   </div>
   <div class='ocr_carea' id='block_1_41' title="bbox 2097 3254 3688 3322">
    <p class='ocr_par' dir='ltr' id='par_1_41' title="bbox 2097 3254 3688 3322">
     <span class='ocr_line' id='line_1_41' title="bbox 2097 3254 3688 3322; baseline 0.001 -13"><span class='ocrx_word' id='word_1_257' title='bbox 2097 3254 2307 3309; x_wconf 88' lang='lat' dir='ltr'><strong>tinuate</strong></span> <span class='ocrx_word' id='word_1_258' title='bbox 2335 3263 2629 3308; x_wconf 72' lang='lat' dir='ltr'><strong>exsecutus</strong></span> <span class='ocrx_word' id='word_1_259' title='bbox 2663 3270 2782 3308; x_wconf 90' lang='lat' dir='ltr'><strong>sum</strong></span> <span class='ocrx_word' id='word_1_260' title='bbox 2803 3295 2816 3318; x_wconf 91' lang='lat'><strong>,</strong></span> <span class='ocrx_word' id='word_1_261' title='bbox 2851 3255 2917 3307; x_wconf 88' lang='lat' dir='ltr'><strong>ad</strong></span> <span class='ocrx_word' id='word_1_262' title='bbox 2950 3255 3272 3322; x_wconf 86' lang='lat' dir='ltr'><strong>scriptionis</strong></span> <span class='ocrx_word' id='word_1_263' title='bbox 3305 3272 3437 3310; x_wconf 65' lang='lat' dir='ltr'><strong>metu</strong></span> <span class='ocrx_word' id='word_1_264' title='bbox 3472 3254 3688 3322; x_wconf 72' lang='lat' dir='ltr'><strong>potissi-</strong></span> 
     </span>
    </p>
   </div>
   <div class='ocr_carea' id='block_1_42' title="bbox 2100 3347 3693 3419">
    <p class='ocr_par' dir='ltr' id='par_1_42' title="bbox 2100 3347 3693 3419">
     <span class='ocr_line' id='line_1_42' title="bbox 2100 3347 3693 3419; baseline 0.002 -17"><span class='ocrx_word' id='word_1_265' title='bbox 2100 3364 2250 3402; x_wconf 88' lang='lat' dir='ltr'><strong>mum</strong></span> <span class='ocrx_word' id='word_1_266' title='bbox 2285 3362 2509 3415; x_wconf 80' lang='lat' dir='ltr'><strong>scopum</strong></span> <span class='ocrx_word' id='word_1_267' title='bbox 2545 3347 2749 3402; x_wconf 65' lang='lat' dir='ltr'><strong>faciant</strong></span> <span class='ocrx_word' id='word_1_268' title='bbox 2777 3367 2789 3402; x_wconf 85' lang='lat'><strong>:</strong></span> <span class='ocrx_word' id='word_1_269' title='bbox 2818 3351 2861 3404; x_wconf 91' lang='lat' dir='ltr'><strong>si</strong></span> <span class='ocrx_word' id='word_1_270' title='bbox 2894 3349 3002 3414; x_wconf 75' lang='lat' dir='ltr'><strong>iam</strong></span> <span class='ocrx_word' id='word_1_271' title='bbox 3035 3350 3216 3405; x_wconf 78' lang='lat' dir='ltr'><strong>dictus</strong></span> <span class='ocrx_word' id='word_1_272' title='bbox 3245 3351 3296 3403; x_wconf 89' lang='lat' dir='ltr'><strong>in</strong></span> <span class='ocrx_word' id='word_1_273' title='bbox 3325 3352 3547 3405; x_wconf 86' lang='lat' dir='ltr'><strong>laudata</strong></span> <span class='ocrx_word' id='word_1_274' title='bbox 3575 3351 3693 3419; x_wconf 84' lang='lat' dir='ltr'><strong>epi-</strong></span> 
     </span>
    </p>
   </div>
   <div class='ocr_carea' id='block_1_43' title="bbox 2098 3437 3689 3510">
    <p class='ocr_par' dir='ltr' id='par_1_43' title="bbox 2098 3437 3689 3510">
     <span class='ocr_line' id='line_1_43' title="bbox 2098 3437 3689 3510; baseline 0.002 -19"><span class='ocrx_word' id='word_1_275' title='bbox 2098 3437 2233 3493; x_wconf 88' lang='lat' dir='ltr'><strong>stola</strong></span> <span class='ocrx_word' id='word_1_276' title='bbox 2261 3439 2521 3491; x_wconf 61' lang='lat' dir='ltr'><strong>liarsitans</strong></span> <span class='ocrx_word' id='word_1_277' title='bbox 2546 3441 2766 3500; x_wconf 82' lang='lat' dir='ltr'><strong>asserit,</strong></span> <span class='ocrx_word' id='word_1_278' title='bbox 2790 3440 3085 3508; x_wconf 76' lang='lat' dir='ltr'><strong>quomodo,</strong></span> <span class='ocrx_word' id='word_1_279' title='bbox 3110 3449 3158 3493; x_wconf 85' lang='lat' dir='ltr'><strong>et</strong></span> <span class='ocrx_word' id='word_1_280' title='bbox 3184 3456 3348 3510; x_wconf 84' lang='lat' dir='ltr'><strong>quam</strong></span> <span class='ocrx_word' id='word_1_281' title='bbox 3372 3443 3442 3495; x_wconf 93' lang='lat' dir='ltr'><strong>ob</strong></span> <span class='ocrx_word' id='word_1_282' title='bbox 3464 3457 3689 3495; x_wconf 83' lang='lat' dir='ltr'><strong>causam</strong></span> 
     </span>
    </p>
   </div>
   <div class='ocr_carea' id='block_1_44' title="bbox 2096 3532 3693 3602">
    <p class='ocr_par' dir='ltr' id='par_1_44' title="bbox 2096 3532 3693 3602">
     <span class='ocr_line' id='line_1_44' title="bbox 2096 3532 3693 3602; baseline 0 -17"><span class='ocrx_word' id='word_1_283' title='bbox 2096 3532 2549 3585; x_wconf 84' lang='lat' dir='ltr'><strong>commemoratio</strong></span> <span class='ocrx_word' id='word_1_284' title='bbox 2579 3532 2815 3586; x_wconf 90' lang='lat' dir='ltr'><strong>nominis</strong></span> <span class='ocrx_word' id='word_1_285' title='bbox 2843 3548 2996 3602; x_wconf 76' lang='lat' dir='ltr'><strong>papae</strong></span> <span class='ocrx_word' id='word_1_286' title='bbox 3024 3535 3352 3598; x_wconf 75' lang='lat' dir='ltr'><strong>cessaverit;</strong></span> <span class='ocrx_word' id='word_1_287' title='bbox 3380 3534 3693 3588; x_wconf 86' lang='lat' dir='ltr'><strong>contendit-</strong></span> 
     </span>
    </p>
   </div>
   <div class='ocr_carea' id='block_1_45' title="bbox 2096 3621 3691 3690">
    <p class='ocr_par' dir='ltr' id='par_1_45' title="bbox 2096 3621 3691 3690">
     <span class='ocr_line' id='line_1_45' title="bbox 2096 3621 3691 3690; baseline 0.003 -15"><span class='ocrx_word' id='word_1_288' title='bbox 2096 3636 2205 3689; x_wconf 82' lang='lat' dir='ltr'><strong>que</strong></span> <span class='ocrx_word' id='word_1_289' title='bbox 2235 3636 2294 3674; x_wconf 86' lang='lat' dir='ltr'><strong>se</strong></span> <span class='ocrx_word' id='word_1_290' title='bbox 2329 3621 2647 3677; x_wconf 68' lang='lat' dir='ltr'><strong>lthPSCll&#39;e.</strong></span> <span class='ocrx_word' id='word_1_291' title='bbox 2682 3622 2896 3676; x_wconf 86' lang='lat' dir='ltr'><strong>Etenim</strong></span> <span class='ocrx_word' id='word_1_292' title='bbox 2933 3624 3003 3688; x_wconf 89' lang='lat' dir='ltr'><strong>si,</strong></span> <span class='ocrx_word' id='word_1_293' title='bbox 3035 3636 3095 3677; x_wconf 86' lang='lat' dir='ltr'><strong>ut</strong></span> <span class='ocrx_word' id='word_1_294' title='bbox 3126 3632 3328 3690; x_wconf 83' lang='lat' dir='ltr'><strong>tomus,</strong></span> <span class='ocrx_word' id='word_1_295' title='bbox 3363 3627 3479 3679; x_wconf 81' lang='lat' dir='ltr'><strong>sive</strong></span> <span class='ocrx_word' id='word_1_296' title='bbox 3507 3628 3691 3679; x_wconf 71' lang='lat' dir='ltr'><strong>verius</strong></span> 
     </span>
    </p>
   </div>
   <div class='ocr_carea' id='block_1_46' title="bbox 2096 3711 3689 3783">
    <p class='ocr_par' dir='ltr' id='par_1_46' title="bbox 2096 3711 3689 3783">
     <span class='ocr_line' id='line_1_46' title="bbox 2096 3711 3689 3783; baseline 0.005 -18"><span class='ocrx_word' id='word_1_297' title='bbox 2096 3711 2319 3777; x_wconf 83' lang='lat' dir='ltr'><strong>dixeris,</strong></span> <span class='ocrx_word' id='word_1_298' title='bbox 2348 3721 2543 3767; x_wconf 78' lang='lat' dir='ltr'><strong>ventus</strong></span> <span class='ocrx_word' id='word_1_299' title='bbox 2569 3729 2596 3767; x_wconf 91' lang='lat' dir='ltr'><strong>a</strong></span> <span class='ocrx_word' id='word_1_300' title='bbox 2620 3713 2821 3783; x_wconf 82' lang='lat' dir='ltr'><strong>Cyprio</strong></span> <span class='ocrx_word' id='word_1_301' title='bbox 2844 3715 3102 3783; x_wconf 80' lang='lat' dir='ltr'><strong>scriptus,</strong></span> <span class='ocrx_word' id='word_1_302' title='bbox 3128 3717 3195 3770; x_wconf 85' lang='lat' dir='ltr'><strong>de</strong></span> <span class='ocrx_word' id='word_1_303' title='bbox 3219 3718 3497 3771; x_wconf 78' lang='lat' dir='ltr'><strong>tultlitione</strong></span> <span class='ocrx_word' id='word_1_304' title='bbox 3521 3719 3689 3773; x_wconf 59' lang='lat' dir='ltr'><strong>Verba</strong></span> 
     </span>
    </p>
   </div>
   <div class='ocr_carea' id='block_1_47' title="bbox 385 3786 1977 3876">
    <p class='ocr_par' dir='ltr' id='par_1_47' title="bbox 385 3794 1977 3873">
     <span class='ocr_line' id='line_1_47' title="bbox 385 3794 1977 3873; baseline 0.003 -20"><span class='ocrx_word' id='word_1_305' title='bbox 385 3800 435 3854; x_wconf 80' lang='grc' dir='ltr'>οἱ</span> <span class='ocrx_word' id='word_1_306' title='bbox 458 3801 633 3853; x_wconf 70' lang='grc' dir='ltr'>λοιποὶ</span> <span class='ocrx_word' id='word_1_307' title='bbox 653 3800 746 3854; x_wconf 83' lang='grc' dir='ltr'>νῦν</span> <span class='ocrx_word' id='word_1_308' title='bbox 768 3794 960 3854; x_wconf 82' lang='grc' dir='ltr'>τούτου</span> <span class='ocrx_word' id='word_1_309' title='bbox 978 3802 1289 3872; x_wconf 79' lang='grc' dir='ltr'>σύμφρονες</span> <span class='ocrx_word' id='word_1_310' title='bbox 1307 3803 1720 3873; x_wconf 73' lang='grc' dir='ltr'>ἀποφαίνονται,</span> <span class='ocrx_word' id='word_1_311' title='bbox 1740 3805 1977 3867; x_wconf 72' lang='grc' dir='ltr'>κάκεῖνος</span> 
     </span>
    </p>
   </div>
   <div class='ocr_carea' id='block_1_48' title="bbox 2090 3786 3687 3876">
    <p class='ocr_par' dir='ltr' id='par_1_48' title="bbox 2100 3804 3687 3876">
     <span class='ocr_line' id='line_1_48' title="bbox 2100 3804 3687 3876; baseline 0.004 -17"><span class='ocrx_word' id='word_1_312' title='bbox 2100 3804 2252 3865; x_wconf 82' lang='lat' dir='ltr'><strong>facit.</strong></span> <span class='ocrx_word' id='word_1_313' title='bbox 2281 3804 2461 3858; x_wconf 90' lang='lat' dir='ltr'><strong>omnis</strong></span> <span class='ocrx_word' id='word_1_314' title='bbox 2492 3805 2791 3874; x_wconf 85' lang='lat' dir='ltr'><strong>impietatis</strong></span> <span class='ocrx_word' id='word_1_315' title='bbox 2820 3806 3280 3876; x_wconf 81' lang='lat' dir='ltr'><strong>complementum</strong></span> <span class='ocrx_word' id='word_1_316' title='bbox 3309 3825 3427 3863; x_wconf 86' lang='lat' dir='ltr'><strong>eam</strong></span> <span class='ocrx_word' id='word_1_317' title='bbox 3457 3825 3687 3875; x_wconf 77' lang='lat' dir='ltr'><strong>vocans,</strong></span> 
     </span>
    </p>
   </div>
   <div class='ocr_carea' id='block_1_49' title="bbox 386 3897 1982 3971">
    <p class='ocr_par' dir='ltr' id='par_1_49' title="bbox 386 3897 1982 3971">
     <span class='ocr_line' id='line_1_49' title="bbox 386 3897 1982 3971; baseline 0.003 -21"><span class='ocrx_word' id='word_1_318' title='bbox 386 3897 629 3965; x_wconf 81' lang='grc' dir='ltr'>ἐφρόνει,</span> <span class='ocrx_word' id='word_1_319' title='bbox 661 3898 778 3960; x_wconf 81' lang='grc' dir='ltr'>πῶς</span> <span class='ocrx_word' id='word_1_320' title='bbox 811 3897 875 3951; x_wconf 82' lang='grc' dir='ltr'>ἂν</span> <span class='ocrx_word' id='word_1_321' title='bbox 910 3898 1246 3970; x_wconf 84' lang='grc' dir='ltr'>διηπορεῖτο,</span> <span class='ocrx_word' id='word_1_322' title='bbox 1299 3901 1394 3954; x_wconf 71' lang='grc' dir='ltr'>καὶ</span> <span class='ocrx_word' id='word_1_323' title='bbox 1454 3900 1528 3970; x_wconf 86' lang='grc' dir='ltr'>μὴ</span> <span class='ocrx_word' id='word_1_324' title='bbox 1578 3900 1725 3971; x_wconf 83' lang='grc' dir='ltr'>ἔχειν</span> <span class='ocrx_word' id='word_1_325' title='bbox 1775 3900 1982 3970; x_wconf 84' lang='grc' dir='ltr'>γνῶναι</span> 
     </span>
    </p>
   </div>
   <div class='ocr_carea' id='block_1_50' title="bbox 386 3991 1975 4064">
    <p class='ocr_par' dir='ltr' id='par_1_50' title="bbox 386 3991 1975 4064">
     <span class='ocr_line' id='line_1_50' title="bbox 386 3991 1975 4064; baseline 0.002 -20"><span class='ocrx_word' id='word_1_326' title='bbox 386 3993 483 4062; x_wconf 79' lang='grc' dir='ltr'>τὴν</span> <span class='ocrx_word' id='word_1_327' title='bbox 499 3992 678 4046; x_wconf 75' lang='grc' dir='ltr'>αἰτίαν</span> <span class='ocrx_word' id='word_1_328' title='bbox 704 3991 856 4059; x_wconf 76' lang='grc' dir='ltr'>ἔλεγε</span> <span class='ocrx_word' id='word_1_329' title='bbox 872 3992 972 4060; x_wconf 79' lang='grc' dir='ltr'>τῆς</span> <span class='ocrx_word' id='word_1_330' title='bbox 990 3993 1232 4062; x_wconf 83' lang='grc' dir='ltr'>ὲκκοπῆς</span> <span class='ocrx_word' id='word_1_331' title='bbox 1250 3992 1343 4046; x_wconf 73' lang='grc' dir='ltr'>τοῦ</span> <span class='ocrx_word' id='word_1_332' title='bbox 1364 3993 1623 4064; x_wconf 75' lang='grc' dir='ltr'>ῥηθέντος</span> <span class='ocrx_word' id='word_1_333' title='bbox 1651 3994 1926 4063; x_wconf 86' lang='grc' dir='ltr'>ὀνόματος</span> <span class='ocrx_word' id='word_1_334' title='bbox 1960 4010 1975 4060; x_wconf 90' lang='lat'><strong>;</strong></span> 
     </span>
    </p>
   </div>
   <div class='ocr_carea' id='block_1_51' title="bbox 385 4080 1974 4157">
    <p class='ocr_par' dir='ltr' id='par_1_51' title="bbox 385 4080 1974 4157">
     <span class='ocr_line' id='line_1_51' title="bbox 385 4080 1974 4157; baseline 0 -18"><span class='ocrx_word' id='word_1_335' title='bbox 385 4080 508 4146; x_wconf 79' lang='grc' dir='ltr'>Πῶς</span> <span class='ocrx_word' id='word_1_336' title='bbox 537 4084 581 4137; x_wconf 87' lang='grc' dir='ltr'>δ’</span> <span class='ocrx_word' id='word_1_337' title='bbox 616 4084 681 4139; x_wconf 86' lang='grc' dir='ltr'>ἂν</span> <span class='ocrx_word' id='word_1_338' title='bbox 706 4085 866 4138; x_wconf 74' lang='grc' dir='ltr'>πάλιν</span> <span class='ocrx_word' id='word_1_339' title='bbox 890 4087 984 4137; x_wconf 59' lang='grc' dir='ltr'><strong>καλ⁹</strong></span> <span class='ocrx_word' id='word_1_340' title='bbox 1008 4084 1210 4153; x_wconf 78' lang='grc' dir='ltr'>μᾶλλον</span> <span class='ocrx_word' id='word_1_341' title='bbox 1244 4084 1387 4138; x_wconf 68' lang='grc' dir='ltr'>οὕτω</span> <span class='ocrx_word' id='word_1_342' title='bbox 1418 4086 1539 4139; x_wconf 78' lang='grc' dir='ltr'>κατ’</span> <span class='ocrx_word' id='word_1_343' title='bbox 1558 4086 1688 4149; x_wconf 74' lang='grc' dir='ltr'>ἔπος</span> <span class='ocrx_word' id='word_1_344' title='bbox 1717 4086 1974 4157; x_wconf 81' lang='grc' dir='ltr'>διήγγελ-</span> 
     </span>
    </p>
   </div>
   <div class='ocr_carea' id='block_1_52' title="bbox 382 4176 1972 4249">
    <p class='ocr_par' dir='ltr' id='par_1_52' title="bbox 382 4176 1972 4249">
     <span class='ocr_line' id='line_1_52' title="bbox 382 4176 1972 4249; baseline 0.001 -19"><span class='ocrx_word' id='word_1_345' title='bbox 382 4180 495 4241; x_wconf 80' lang='grc' dir='ltr'>λεν,</span> <span class='ocrx_word' id='word_1_346' title='bbox 541 4176 856 4247; x_wconf 73' lang='grc' dir='ltr'>Ἀγαπητὸν</span> <span class='ocrx_word' id='word_1_347' title='bbox 875 4178 925 4230; x_wconf 88' lang='grc' dir='ltr'><strong>εἰ</strong></span> <span class='ocrx_word' id='word_1_348' title='bbox 953 4179 1084 4248; x_wconf 87' lang='grc' dir='ltr'>παρ’</span> <span class='ocrx_word' id='word_1_349' title='bbox 1102 4177 1285 4241; x_wconf 78' lang='grc' dir='ltr'>αὐτοῖς</span> <span class='ocrx_word' id='word_1_350' title='bbox 1318 4178 1378 4231; x_wconf 82' lang='grc' dir='ltr'>τὸ</span> <span class='ocrx_word' id='word_1_351' title='bbox 1413 4179 1555 4231; x_wconf 88' lang='grc' dir='ltr'>θεῖον</span> <span class='ocrx_word' id='word_1_352' title='bbox 1568 4178 1972 4249; x_wconf 82' lang='grc' dir='ltr'>ὀρθοτομεῖται,</span> 
     </span>
    </p>
   </div>
   <div class='ocr_carea' id='block_1_53' title="bbox 381 4266 1975 4339">
    <p class='ocr_par' dir='ltr' id='par_1_53' title="bbox 381 4266 1975 4339">
     <span class='ocr_line' id='line_1_53' title="bbox 381 4266 1975 4339; baseline 0.001 -17"><span class='ocrx_word' id='word_1_353' title='bbox 381 4269 627 4339; x_wconf 77' lang='grc' dir='ltr'>δηλονότι</span> <span class='ocrx_word' id='word_1_354' title='bbox 669 4266 988 4339; x_wconf 80' lang='grc' dir='ltr'>Ῥωμαίοις,</span> <span class='ocrx_word' id='word_1_355' title='bbox 1038 4268 1132 4321; x_wconf 73' lang='grc' dir='ltr'>καὶ</span> <span class='ocrx_word' id='word_1_356' title='bbox 1162 4268 1307 4322; x_wconf 85' lang='grc' dir='ltr'><strong>κατά</strong></span> <span class='ocrx_word' id='word_1_357' title='bbox 1338 4269 1429 4322; x_wconf 80' lang='grc' dir='ltr'>τὸν</span> <span class='ocrx_word' id='word_1_358' title='bbox 1457 4269 1557 4339; x_wconf 86' lang='grc' dir='ltr'>τῆς</span> <span class='ocrx_word' id='word_1_359' title='bbox 1588 4270 1846 4339; x_wconf 76' lang='grc' dir='ltr'>ἀληθείας</span> <span class='ocrx_word' id='word_1_360' title='bbox 1887 4271 1975 4324; x_wconf 72' lang='grc' dir='ltr'>λόι</span> 
     </span>
    </p>
   </div>
   <div class='ocr_carea' id='block_1_54' title="bbox 382 4358 1975 4431">
    <p class='ocr_par' dir='ltr' id='par_1_54' title="bbox 382 4358 1975 4431">
     <span class='ocr_line' id='line_1_54' title="bbox 382 4358 1975 4431; baseline 0 -17"><span class='ocrx_word' id='word_1_361' title='bbox 382 4376 478 4429; x_wconf 87' lang='grc' dir='ltr'>γον</span> <span class='ocrx_word' id='word_1_362' title='bbox 527 4358 846 4430; x_wconf 83' lang='grc' dir='ltr'>όμοφρόνως</span> <span class='ocrx_word' id='word_1_363' title='bbox 884 4361 1014 4431; x_wconf 81' lang='grc' dir='ltr'>ἡμῖν</span> <span class='ocrx_word' id='word_1_364' title='bbox 1048 4360 1442 4431; x_wconf 81' lang='grc' dir='ltr'>·ΰμνολογεῖται</span> <span class='ocrx_word' id='word_1_365' title='bbox 1498 4361 1594 4414; x_wconf 78' lang='grc' dir='ltr'>καὶ</span> <span class='ocrx_word' id='word_1_366' title='bbox 1646 4360 1975 4428; x_wconf 78' lang='grc' dir='ltr'>δοξάζεται;</span> 
     </span>
    </p>
   </div>
   <div class='ocr_carea' id='block_1_55' title="bbox 381 4448 1977 4525">
    <p class='ocr_par' dir='ltr' id='par_1_55' title="bbox 381 4448 1977 4525">
     <span class='ocr_line' id='line_1_55' title="bbox 381 4448 1977 4525; baseline 0 -18"><span class='ocrx_word' id='word_1_367' title='bbox 381 4454 494 4507; x_wconf 80' lang='lat' dir='ltr'><strong>Kal.</strong></span> <span class='ocrx_word' id='word_1_368' title='bbox 525 4448 703 4515; x_wconf 75' lang='grc' dir='ltr'><strong>αὖθις⁸</strong></span> <span class='ocrx_word' id='word_1_369' title='bbox 767 4453 950 4506; x_wconf 83' lang='grc' dir='ltr'>Καλὸν</span> <span class='ocrx_word' id='word_1_370' title='bbox 975 4452 1083 4524; x_wconf 82' lang='grc' dir='ltr'><strong>γὰρ</strong></span> <span class='ocrx_word' id='word_1_371' title='bbox 1125 4452 1262 4523; x_wconf 68' lang='grc' dir='ltr'>πρὸς</span> <span class='ocrx_word' id='word_1_372' title='bbox 1308 4454 1369 4506; x_wconf 77' lang='grc' dir='ltr'>τὸ</span> <span class='ocrx_word' id='word_1_373' title='bbox 1404 4453 1693 4517; x_wconf 83' lang='grc' dir='ltr'>καλοθελὲς</span> <span class='ocrx_word' id='word_1_374' title='bbox 1733 4454 1977 4525; x_wconf 81' lang='grc' dir='ltr'>ὁρῶντας</span> 
     </span>
    </p>
   </div>
   <div class='ocr_carea' id='block_1_56' title="bbox 381 4544 1962 4616">
    <p class='ocr_par' dir='ltr' id='par_1_56' title="bbox 381 4544 1962 4616">
     <span class='ocr_line' id='line_1_56' title="bbox 381 4544 1962 4616; baseline 0.001 -18"><span class='ocrx_word' id='word_1_375' title='bbox 381 4546 548 4616; x_wconf 78' lang='grc' dir='ltr'>ἡμᾶς,</span> <span class='ocrx_word' id='word_1_376' title='bbox 593 4544 721 4599; x_wconf 76' lang='grc' dir='ltr'>ἔνθα</span> <span class='ocrx_word' id='word_1_377' title='bbox 751 4544 825 4615; x_wconf 81' lang='grc' dir='ltr'>μὴ</span> <span class='ocrx_word' id='word_1_378' title='bbox 859 4544 1081 4615; x_wconf 80' lang='grc' dir='ltr'>Θεὸς,ἢ</span> <span class='ocrx_word' id='word_1_379' title='bbox 1140 4546 1322 4609; x_wconf 81' lang='grc' dir='ltr'>πίστις</span> <span class='ocrx_word' id='word_1_380' title='bbox 1371 4545 1433 4598; x_wconf 84' lang='grc' dir='ltr'>τὸ</span> <span class='ocrx_word' id='word_1_381' title='bbox 1496 4546 1962 4615; x_wconf 76' lang='grc' dir='ltr'>κινδυνευόμενον,</span> 
     </span>
    </p>
   </div>
   <div class='ocr_carea' id='block_1_57' title="bbox 380 4636 1966 4708">
    <p class='ocr_par' dir='ltr' id='par_1_57' title="bbox 380 4636 1966 4708">
     <span class='ocr_line' id='line_1_57' title="bbox 380 4636 1966 4708; baseline 0.002 -19"><span class='ocrx_word' id='word_1_382' title='bbox 380 4638 555 4690; x_wconf 84' lang='grc' dir='ltr'>νεύειν</span> <span class='ocrx_word' id='word_1_383' title='bbox 580 4637 667 4690; x_wconf 74' lang='grc' dir='ltr'>ἀεὶ</span> <span class='ocrx_word' id='word_1_384' title='bbox 708 4637 841 4707; x_wconf 80' lang='grc' dir='ltr'>πρὸς</span> <span class='ocrx_word' id='word_1_385' title='bbox 865 4636 926 4688; x_wconf 79' lang='grc' dir='ltr'>τὸ</span> <span class='ocrx_word' id='word_1_386' title='bbox 950 4637 1227 4705; x_wconf 73' lang='grc' dir='ltr'>εἰρηνικόν</span> <span class='ocrx_word' id='word_1_387' title='bbox 1254 4654 1312 4690; x_wconf 86' lang='grc' dir='ltr'><strong>τε</strong></span> <span class='ocrx_word' id='word_1_388' title='bbox 1336 4638 1430 4691; x_wconf 67' lang='grc' dir='ltr'>καὶ</span> <span class='ocrx_word' id='word_1_389' title='bbox 1452 4638 1799 4708; x_wconf 69' lang='grc' dir='ltr'>φιλάδελφον.</span> <span class='ocrx_word' id='word_1_390' title='bbox 1839 4638 1966 4692; x_wconf 87' lang='grc' dir='ltr'>Ὅτι</span> 
     </span>
    </p>
   </div>
   <div class='ocr_carea' id='block_1_58' title="bbox 379 4727 1970 4802">
    <p class='ocr_par' dir='ltr' id='par_1_58' title="bbox 379 4727 1970 4802">
     <span class='ocr_line' id='line_1_58' title="bbox 379 4727 1970 4802; baseline -0.006 -19"><span class='ocrx_word' id='word_1_391' title='bbox 379 4729 434 4783; x_wconf 83' lang='grc' dir='ltr'><em>δέ</em></span> <span class='ocrx_word' id='word_1_392' title='bbox 464 4745 613 4793; x_wconf 84' lang='grc' dir='ltr'>τινες</span> <span class='ocrx_word' id='word_1_393' title='bbox 642 4730 737 4781; x_wconf 84' lang='grc' dir='ltr'>καὶ</span> <span class='ocrx_word' id='word_1_394' title='bbox 767 4727 949 4782; x_wconf 74' lang='grc' dir='ltr'>αὐτῶν</span> <span class='ocrx_word' id='word_1_395' title='bbox 975 4727 1083 4780; x_wconf 82' lang='grc' dir='ltr'><strong>τῶν</strong></span> <span class='ocrx_word' id='word_1_396' title='bbox 1105 4727 1166 4779; x_wconf 81' lang='grc' dir='ltr'>τὸ</span> <span class='ocrx_word' id='word_1_397' title='bbox 1208 4731 1418 4800; x_wconf 81' lang='grc' dir='ltr'>σχίσμα</span> <span class='ocrx_word' id='word_1_398' title='bbox 1469 4730 1576 4800; x_wconf 79' lang='grc' dir='ltr'>πρὸ</span> <span class='ocrx_word' id='word_1_399' title='bbox 1625 4730 1781 4802; x_wconf 67' lang='grc' dir='ltr'>ἡμῶν</span> <span class='ocrx_word' id='word_1_400' title='bbox 1829 4749 1970 4801; x_wconf 66' lang='grc' dir='ltr'><strong>χρι-</strong></span> 
     </span>
    </p>
   </div>
   <div class='ocr_carea' id='block_1_59' title="bbox 378 4819 1969 4894">
    <p class='ocr_par' dir='ltr' id='par_1_59' title="bbox 378 4819 1969 4894">
     <span class='ocr_line' id='line_1_59' title="bbox 378 4819 1969 4894; baseline 0 -18"><span class='ocrx_word' id='word_1_401' title='bbox 378 4824 653 4876; x_wconf 76' lang='grc' dir='ltr'>τυνᾶντων</span> <span class='ocrx_word' id='word_1_402' title='bbox 708 4822 767 4873; x_wconf 82' lang='grc' dir='ltr'>ὲν</span> <span class='ocrx_word' id='word_1_403' title='bbox 804 4820 951 4891; x_wconf 83' lang='grc' dir='ltr'>μόνῳ</span> <span class='ocrx_word' id='word_1_404' title='bbox 987 4819 1064 4891; x_wconf 82' lang='grc' dir='ltr'>τῷ</span> <span class='ocrx_word' id='word_1_405' title='bbox 1092 4821 1358 4890; x_wconf 73' lang='grc' dir='ltr'>Συμὸόλῳ</span> <span class='ocrx_word' id='word_1_406' title='bbox 1402 4824 1839 4894; x_wconf 76' lang='grc' dir='ltr'>κατηγοροῦντες</span> <span class='ocrx_word' id='word_1_407' title='bbox 1870 4827 1969 4892; x_wconf 83' lang='grc' dir='ltr'>τὴν</span> 
     </span>
    </p>
   </div>
   <div class='ocr_carea' id='block_1_60' title="bbox 385 4911 1968 4984">
    <p class='ocr_par' dir='ltr' id='par_1_60' title="bbox 385 4911 1968 4984">
     <span class='ocr_line' id='line_1_60' title="bbox 385 4911 1968 4984; baseline -0.002 -17"><span class='ocrx_word' id='word_1_408' title='bbox 385 4914 697 4984; x_wconf 74' lang='grc' dir='ltr'>προσθήκην</span> <span class='ocrx_word' id='word_1_409' title='bbox 727 4914 1074 4978; x_wconf 82' lang='grc' dir='ltr'>όπτάνονται,</span> <span class='ocrx_word' id='word_1_410' title='bbox 1109 4912 1299 4981; x_wconf 79' lang='grc' dir='ltr'>μέρεσι</span> <span class='ocrx_word' id='word_1_411' title='bbox 1325 4911 1370 4965; x_wconf 87' lang='grc' dir='ltr'>δ’</span> <span class='ocrx_word' id='word_1_412' title='bbox 1390 4914 1447 4965; x_wconf 81' lang='grc' dir='ltr'>ὲν</span> <span class='ocrx_word' id='word_1_413' title='bbox 1486 4914 1694 4984; x_wconf 81' lang='grc' dir='ltr'>ἑτέροις</span> <span class='ocrx_word' id='word_1_414' title='bbox 1724 4917 1968 4969; x_wconf 67' lang='grc' dir='ltr'>ούίοτ-,ω-</span> 
     </span>
    </p>
   </div>
   <div class='ocr_carea' id='block_1_61' title="bbox 385 5004 1968 5078">
    <p class='ocr_par' dir='ltr' id='par_1_61' title="bbox 385 5004 1968 5078">
     <span class='ocr_line' id='line_1_61' title="bbox 385 5004 1968 5078; baseline 0.001 -18"><span class='ocrx_word' id='word_1_415' title='bbox 385 5005 525 5071; x_wconf 68' lang='grc' dir='ltr'>τοῦν,</span> <span class='ocrx_word' id='word_1_416' title='bbox 548 5004 945 5075; x_wconf 77' lang='grc' dir='ltr'>ξητησάτωσαν</span> <span class='ocrx_word' id='word_1_417' title='bbox 973 5008 1023 5057; x_wconf 77' lang='grc' dir='ltr'>οἱ</span> <span class='ocrx_word' id='word_1_418' title='bbox 1055 5004 1264 5067; x_wconf 84' lang='grc' dir='ltr'>τούτοις</span> <span class='ocrx_word' id='word_1_419' title='bbox 1288 5004 1515 5058; x_wconf 77' lang='grc' dir='ltr'>ἕπεσθαι</span> <span class='ocrx_word' id='word_1_420' title='bbox 1552 5007 1968 5078; x_wconf 74' lang='grc' dir='ltr'>θρασυνόμενο·,</span> 
     </span>
    </p>
   </div>
   <div class='ocr_carea' id='block_1_62' title="bbox 374 5097 1968 5169">
    <p class='ocr_par' dir='ltr' id='par_1_62' title="bbox 374 5097 1968 5169">
     <span class='ocr_line' id='line_1_62' title="bbox 374 5097 1968 5169; baseline 0 -17"><span class='ocrx_word' id='word_1_421' title='bbox 374 5101 468 5153; x_wconf 81' lang='grc' dir='ltr'>καὶ</span> <span class='ocrx_word' id='word_1_422' title='bbox 481 5100 568 5152; x_wconf 61' lang='grc' dir='ltr'><strong>τδν</strong></span> <span class='ocrx_word' id='word_1_423' title='bbox 582 5100 677 5168; x_wconf 74' lang='grc' dir='ltr'>τῆς</span> <span class='ocrx_word' id='word_1_424' title='bbox 694 5098 1129 5168; x_wconf 82' lang='grc' dir='ltr'>ἀρχιεπισκοπῆς</span> <span class='ocrx_word' id='word_1_425' title='bbox 1150 5097 1408 5169; x_wconf 78' lang='grc' dir='ltr'>προεδρεύ</span> <span class='ocrx_word' id='word_1_426' title='bbox 1418 5114 1585 5151; x_wconf 85' lang='grc' dir='ltr'>σαντα</span> <span class='ocrx_word' id='word_1_427' title='bbox 1607 5097 1968 5169; x_wconf 77' lang='grc' dir='ltr'>Βουλγαρίας,</span> 
     </span>
    </p>
   </div>
   <div class='ocr_carea' id='block_1_63' title="bbox 2096 3896 3686 3966">
    <p class='ocr_par' dir='ltr' id='par_1_63' title="bbox 2096 3896 3686 3966">
     <span class='ocr_line' id='line_1_63' title="bbox 2096 3896 3686 3966; baseline 0.003 -15"><span class='ocrx_word' id='word_1_428' title='bbox 2096 3906 2152 3952; x_wconf 88' lang='lat' dir='ltr'><strong>et</strong></span> <span class='ocrx_word' id='word_1_429' title='bbox 2189 3898 2266 3951; x_wconf 90' lang='lat' dir='ltr'><strong>uti</strong></span> <span class='ocrx_word' id='word_1_430' title='bbox 2303 3896 2496 3966; x_wconf 83' lang='lat' dir='ltr'><strong>reliqui</strong></span> <span class='ocrx_word' id='word_1_431' title='bbox 2537 3912 2685 3951; x_wconf 90' lang='lat' dir='ltr'><strong>nunc</strong></span> <span class='ocrx_word' id='word_1_432' title='bbox 2720 3897 2794 3951; x_wconf 84' lang='lat' dir='ltr'><strong>illi</strong></span> <span class='ocrx_word' id='word_1_433' title='bbox 2832 3898 3194 3953; x_wconf 85' lang='lat' dir='ltr'><strong>addictissimi</strong></span> <span class='ocrx_word' id='word_1_434' title='bbox 3235 3901 3595 3961; x_wconf 86' lang='lat' dir='ltr'><strong>contendunt,</strong></span> <span class='ocrx_word' id='word_1_435' title='bbox 3631 3902 3686 3955; x_wconf 88' lang='lat' dir='ltr'><strong>in</strong></span> 
     </span>
    </p>
   </div>
   <div class='ocr_carea' id='block_1_64' title="bbox 2094 3988 3690 4061">
    <p class='ocr_par' dir='ltr' id='par_1_64' title="bbox 2094 3988 3690 4061">
     <span class='ocr_line' id='line_1_64' title="bbox 2094 3988 3690 4061; baseline -0.002 -15"><span class='ocrx_word' id='word_1_436' title='bbox 2094 3991 2237 4046; x_wconf 86' lang='lat' dir='ltr'><strong>hanc</strong></span> <span class='ocrx_word' id='word_1_437' title='bbox 2268 3990 2355 4043; x_wconf 83' lang='lat' dir='ltr'><strong>ille</strong></span> <span class='ocrx_word' id='word_1_438' title='bbox 2380 3988 2715 4043; x_wconf 85' lang='lat' dir='ltr'><strong>sententiam</strong></span> <span class='ocrx_word' id='word_1_439' title='bbox 2752 3990 3170 4059; x_wconf 84' lang='lat' dir='ltr'><strong>propendissct,</strong></span> <span class='ocrx_word' id='word_1_440' title='bbox 3202 4008 3308 4061; x_wconf 85' lang='lat' dir='ltr'><strong>qua</strong></span> <span class='ocrx_word' id='word_1_441' title='bbox 3342 3993 3554 4045; x_wconf 81' lang='lat' dir='ltr'><strong>ratione</strong></span> <span class='ocrx_word' id='word_1_442' title='bbox 3584 3992 3690 4044; x_wconf 81' lang='lat' dir='ltr'><strong>du-</strong></span> 
     </span>
    </p>
   </div>
   <div class='ocr_carea' id='block_1_65' title="bbox 2094 4082 3690 4153">
    <p class='ocr_par' dir='ltr' id='par_1_65' title="bbox 2094 4082 3690 4153">
     <span class='ocr_line' id='line_1_65' title="bbox 2094 4082 3690 4153; baseline 0.001 -15"><span class='ocrx_word' id='word_1_443' title='bbox 2094 4084 2350 4149; x_wconf 89' lang='lat' dir='ltr'><strong>bitasset,</strong></span> <span class='ocrx_word' id='word_1_444' title='bbox 2386 4082 2855 4151; x_wconf 87' lang='lat' dir='ltr'><strong>asseruissetque,</strong></span> <span class='ocrx_word' id='word_1_445' title='bbox 2889 4096 2948 4136; x_wconf 87' lang='lat' dir='ltr'><strong>se</strong></span> <span class='ocrx_word' id='word_1_446' title='bbox 3016 4083 3259 4137; x_wconf 84' lang='lat' dir='ltr'><strong>nondum</strong></span> <span class='ocrx_word' id='word_1_447' title='bbox 3296 4090 3490 4150; x_wconf 79' lang='lat' dir='ltr'><strong>capere</strong></span> <span class='ocrx_word' id='word_1_448' title='bbox 3528 4098 3690 4153; x_wconf 79' lang='lat' dir='ltr'><strong>posse</strong></span> 
     </span>
    </p>
   </div>
   <div class='ocr_carea' id='block_1_66' title="bbox 2090 4174 3719 4245">
    <p class='ocr_par' dir='ltr' id='par_1_66' title="bbox 2090 4174 3719 4245">
     <span class='ocr_line' id='line_1_66' title="bbox 2090 4174 3719 4245; baseline 0.002 -15"><span class='ocrx_word' id='word_1_449' title='bbox 2090 4175 2335 4230; x_wconf 87' lang='lat' dir='ltr'><strong>nominis</strong></span> <span class='ocrx_word' id='word_1_450' title='bbox 2380 4174 2744 4231; x_wconf 81' lang='lat' dir='ltr'><strong>abscissiouis</strong></span> <span class='ocrx_word' id='word_1_451' title='bbox 2793 4176 3058 4229; x_wconf 84' lang='lat' dir='ltr'><strong>causam?</strong></span> <span class='ocrx_word' id='word_1_452' title='bbox 3101 4177 3378 4245; x_wconf 87' lang='lat' dir='ltr'><strong>quomodo</strong></span> <span class='ocrx_word' id='word_1_453' title='bbox 3423 4177 3592 4243; x_wconf 82' lang='lat' dir='ltr'><strong>item,</strong></span> <span class='ocrx_word' id='word_1_454' title='bbox 3634 4188 3719 4241; x_wconf 33' lang='lat' dir='ltr'><strong>et,</strong></span> 
     </span>
    </p>
   </div>
   <div class='ocr_carea' id='block_1_67' title="bbox 2091 4266 3687 4338">
    <p class='ocr_par' dir='ltr' id='par_1_67' title="bbox 2091 4266 3687 4338">
     <span class='ocr_line' id='line_1_67' title="bbox 2091 4266 3687 4338; baseline 0.004 -17"><span class='ocrx_word' id='word_1_455' title='bbox 2091 4268 2468 4335; x_wconf 81' lang='lat' dir='ltr'><strong>maximopere</strong></span> <span class='ocrx_word' id='word_1_456' title='bbox 2505 4266 2904 4321; x_wconf 77' lang='lat' dir='ltr'><strong>adhortabatur</strong></span> <span class='ocrx_word' id='word_1_457' title='bbox 2937 4267 3025 4322; x_wconf 92' lang='lat' dir='ltr'><strong>his</strong></span> <span class='ocrx_word' id='word_1_458' title='bbox 3061 4268 3194 4338; x_wconf 80' lang='lat' dir='ltr'><strong>ipsis</strong></span> <span class='ocrx_word' id='word_1_459' title='bbox 3231 4270 3438 4334; x_wconf 80' lang='lat' dir='ltr'><strong>verbis,</strong></span> <span class='ocrx_word' id='word_1_460' title='bbox 3475 4269 3687 4327; x_wconf 67' lang='lat' dir='ltr'><strong>Sufﬁcit</strong></span> 
     </span>
    </p>
   </div>
   <div class='ocr_carea' id='block_1_68' title="bbox 2087 4360 3687 4434">
    <p class='ocr_par' dir='ltr' id='par_1_68' title="bbox 2087 4360 3687 4434">
     <span class='ocr_line' id='line_1_68' title="bbox 2087 4360 3687 4434; baseline 0.001 -17"><span class='ocrx_word' id='word_1_461' title='bbox 2087 4361 2131 4417; x_wconf 89' lang='lat' dir='ltr'><strong>si</strong></span> <span class='ocrx_word' id='word_1_462' title='bbox 2166 4362 2306 4430; x_wconf 88' lang='lat' dir='ltr'><strong>apud</strong></span> <span class='ocrx_word' id='word_1_463' title='bbox 2341 4376 2457 4424; x_wconf 84' lang='lat' dir='ltr'><strong>eos,</strong></span> <span class='ocrx_word' id='word_1_464' title='bbox 2490 4360 2771 4415; x_wconf 83' lang='lat' dir='ltr'><strong>Romanos</strong></span> <span class='ocrx_word' id='word_1_465' title='bbox 2803 4375 3018 4430; x_wconf 85' lang='lat' dir='ltr'><strong>nempe,</strong></span> <span class='ocrx_word' id='word_1_466' title='bbox 3053 4378 3140 4417; x_wconf 89' lang='lat' dir='ltr'><strong>res</strong></span> <span class='ocrx_word' id='word_1_467' title='bbox 3171 4362 3352 4418; x_wconf 79' lang='lat' dir='ltr'><strong>divina</strong></span> <span class='ocrx_word' id='word_1_468' title='bbox 3386 4377 3532 4418; x_wconf 84' lang='lat' dir='ltr'><strong>reetc</strong></span> <span class='ocrx_word' id='word_1_469' title='bbox 3563 4378 3687 4434; x_wconf 87' lang='lat' dir='ltr'><strong>per-</strong></span> 
     </span>
    </p>
   </div>
   <div class='ocr_carea' id='block_1_69' title="bbox 2087 4452 3687 4525">
    <p class='ocr_par' dir='ltr' id='par_1_69' title="bbox 2087 4452 3687 4525">
     <span class='ocr_line' id='line_1_69' title="bbox 2087 4452 3687 4525; baseline 0.002 -19"><span class='ocrx_word' id='word_1_470' title='bbox 2087 4462 2375 4512; x_wconf 80' lang='lat' dir='ltr'><strong>tractatur.</strong></span> <span class='ocrx_word' id='word_1_471' title='bbox 2411 4462 2465 4506; x_wconf 88' lang='lat' dir='ltr'><strong>ct</strong></span> <span class='ocrx_word' id='word_1_472' title='bbox 2498 4461 2555 4507; x_wconf 89' lang='lat' dir='ltr'><strong>ut</strong></span> <span class='ocrx_word' id='word_1_473' title='bbox 2590 4452 2790 4505; x_wconf 81' lang='lat' dir='ltr'><strong>veritas</strong></span> <span class='ocrx_word' id='word_1_474' title='bbox 2824 4454 3085 4521; x_wconf 86' lang='lat' dir='ltr'><strong>postulat,</strong></span> <span class='ocrx_word' id='word_1_475' title='bbox 3120 4456 3311 4507; x_wconf 87' lang='lat' dir='ltr'><strong>eodem</strong></span> <span class='ocrx_word' id='word_1_476' title='bbox 3344 4471 3534 4518; x_wconf 78' lang='lat' dir='ltr'><strong>sensu,</strong></span> <span class='ocrx_word' id='word_1_477' title='bbox 3571 4470 3687 4525; x_wconf 58' lang='lat' dir='ltr'><strong>quo,</strong></span> 
     </span>
    </p>
   </div>
   <div class='ocr_carea' id='block_1_70' title="bbox 2086 4542 3683 4613">
    <p class='ocr_par' dir='ltr' id='par_1_70' title="bbox 2086 4542 3683 4613">
     <span class='ocr_line' id='line_1_70' title="bbox 2086 4542 3683 4613; baseline 0.003 -15"><span class='ocrx_word' id='word_1_478' title='bbox 2086 4551 2140 4598; x_wconf 86' lang='lat' dir='ltr'><strong>et</strong></span> <span class='ocrx_word' id='word_1_479' title='bbox 2179 4544 2323 4613; x_wconf 82' lang='lat' dir='ltr'><strong>apud</strong></span> <span class='ocrx_word' id='word_1_480' title='bbox 2360 4558 2460 4596; x_wconf 89' lang='lat' dir='ltr'><strong>nos</strong></span> <span class='ocrx_word' id='word_1_481' title='bbox 2499 4542 2549 4595; x_wconf 86' lang='lat' dir='ltr'><strong>id</strong></span> <span class='ocrx_word' id='word_1_482' title='bbox 2591 4543 2892 4612; x_wconf 83' lang='lat' dir='ltr'><strong>peragitur,</strong></span> <span class='ocrx_word' id='word_1_483' title='bbox 2927 4543 3183 4597; x_wconf 79' lang='lat' dir='ltr'><strong>laudatur</strong></span> <span class='ocrx_word' id='word_1_484' title='bbox 3216 4555 3269 4597; x_wconf 87' lang='lat' dir='ltr'><strong>et</strong></span> <span class='ocrx_word' id='word_1_485' title='bbox 3304 4547 3683 4613; x_wconf 73' lang='lat' dir='ltr'><strong>glorificatur?</strong></span> 
     </span>
    </p>
   </div>
   <div class='ocr_carea' id='block_1_71' title="bbox 2084 4635 3683 4711">
    <p class='ocr_par' dir='ltr' id='par_1_71' title="bbox 2084 4635 3683 4711">
     <span class='ocr_line' id='line_1_71' title="bbox 2084 4635 3683 4711; baseline 0.001 -21"><span class='ocrx_word' id='word_1_486' title='bbox 2084 4636 2152 4690; x_wconf 84' lang='lat' dir='ltr'><strong>Et</strong></span> <span class='ocrx_word' id='word_1_487' title='bbox 2182 4652 2412 4700; x_wconf 89' lang='lat' dir='ltr'><strong>rursus,</strong></span> <span class='ocrx_word' id='word_1_488' title='bbox 2436 4635 2652 4711; x_wconf 70' lang='lat' dir='ltr'><strong>Bonum</strong></span> <span class='ocrx_word' id='word_1_489' title='bbox 2687 4635 2830 4688; x_wconf 75' lang='lat' dir='ltr'><strong>enim</strong></span> <span class='ocrx_word' id='word_1_490' title='bbox 2866 4644 2981 4697; x_wconf 86' lang='lat' dir='ltr'><strong>est.</strong></span> <span class='ocrx_word' id='word_1_491' title='bbox 3016 4652 3116 4690; x_wconf 89' lang='lat' dir='ltr'><strong>nos</strong></span> <span class='ocrx_word' id='word_1_492' title='bbox 3148 4637 3213 4691; x_wconf 78' lang='lat' dir='ltr'><strong>ad</strong></span> <span class='ocrx_word' id='word_1_493' title='bbox 3245 4639 3559 4706; x_wconf 66' lang='lat' dir='ltr'><strong>aequitatem</strong></span> <span class='ocrx_word' id='word_1_494' title='bbox 3595 4641 3683 4692; x_wconf 58' lang='lat' dir='ltr'><strong>ina</strong></span> 
     </span>
    </p>
   </div>
   <div class='ocr_carea' id='block_1_72' title="bbox 2084 4727 3680 4800">
    <p class='ocr_par' dir='ltr' id='par_1_72' title="bbox 2084 4727 3680 4800">
     <span class='ocr_line' id='line_1_72' title="bbox 2084 4727 3680 4800; baseline 0.002 -18"><span class='ocrx_word' id='word_1_495' title='bbox 2084 4730 2342 4791; x_wconf 87' lang='lat' dir='ltr'><strong>cliuatos,</strong></span> <span class='ocrx_word' id='word_1_496' title='bbox 2388 4729 2479 4783; x_wconf 87' lang='lat' dir='ltr'><strong>ubi</strong></span> <span class='ocrx_word' id='word_1_497' title='bbox 2526 4728 2611 4782; x_wconf 86' lang='lat' dir='ltr'><strong>vel</strong></span> <span class='ocrx_word' id='word_1_498' title='bbox 2661 4727 2799 4782; x_wconf 82' lang='lat' dir='ltr'><strong>Deus</strong></span> <span class='ocrx_word' id='word_1_499' title='bbox 2842 4728 2979 4798; x_wconf 87' lang='lat' dir='ltr'><strong>ipse,</strong></span> <span class='ocrx_word' id='word_1_500' title='bbox 3026 4729 3105 4782; x_wconf 82' lang='lat' dir='ltr'><strong>vel</strong></span> <span class='ocrx_word' id='word_1_501' title='bbox 3154 4729 3288 4785; x_wconf 74' lang='lat' dir='ltr'><strong>litles</strong></span> <span class='ocrx_word' id='word_1_502' title='bbox 3334 4732 3386 4784; x_wconf 85' lang='lat' dir='ltr'><strong>in</strong></span> <span class='ocrx_word' id='word_1_503' title='bbox 3436 4734 3680 4800; x_wconf 78' lang='lat' dir='ltr'><strong>periculo</strong></span> 
     </span>
    </p>
   </div>
   <div class='ocr_carea' id='block_1_73' title="bbox 2085 4820 3676 4888">
    <p class='ocr_par' dir='ltr' id='par_1_73' title="bbox 2085 4820 3676 4888">
     <span class='ocr_line' id='line_1_73' title="bbox 2085 4820 3676 4888; baseline 0.001 -15"><span class='ocrx_word' id='word_1_504' title='bbox 2085 4836 2193 4874; x_wconf 90' lang='lat' dir='ltr'><strong>non</strong></span> <span class='ocrx_word' id='word_1_505' title='bbox 2233 4820 2490 4881; x_wconf 77' lang='lat' dir='ltr'><strong>vertitur,</strong></span> <span class='ocrx_word' id='word_1_506' title='bbox 2528 4834 2743 4886; x_wconf 81' lang='lat' dir='ltr'><strong>semper</strong></span> <span class='ocrx_word' id='word_1_507' title='bbox 2776 4829 2830 4872; x_wconf 89' lang='lat' dir='ltr'><strong>ct</strong></span> <span class='ocrx_word' id='word_1_508' title='bbox 2868 4820 2934 4872; x_wconf 89' lang='lat' dir='ltr'><strong>ad</strong></span> <span class='ocrx_word' id='word_1_509' title='bbox 2979 4835 3197 4888; x_wconf 81' lang='lat' dir='ltr'><strong>pacem,</strong></span> <span class='ocrx_word' id='word_1_510' title='bbox 3235 4830 3289 4875; x_wconf 89' lang='lat' dir='ltr'><strong>et</strong></span> <span class='ocrx_word' id='word_1_511' title='bbox 3331 4823 3396 4875; x_wconf 88' lang='lat' dir='ltr'><strong>ad</strong></span> <span class='ocrx_word' id='word_1_512' title='bbox 3444 4823 3676 4876; x_wconf 69' lang='lat' dir='ltr'><strong>Fratrum</strong></span> 
     </span>
    </p>
   </div>
   <div class='ocr_carea' id='block_1_74' title="bbox 2080 4912 3675 4982">
    <p class='ocr_par' dir='ltr' id='par_1_74' title="bbox 2080 4912 3675 4982">
     <span class='ocr_line' id='line_1_74' title="bbox 2080 4912 3675 4982; baseline 0.002 -15"><span class='ocrx_word' id='word_1_513' title='bbox 2080 4929 2324 4967; x_wconf 88' lang='lat' dir='ltr'><strong>amorem</strong></span> <span class='ocrx_word' id='word_1_514' title='bbox 2370 4913 2667 4966; x_wconf 85' lang='lat' dir='ltr'><strong>voluntatis</strong></span> <span class='ocrx_word' id='word_1_515' title='bbox 2719 4912 3078 4966; x_wconf 84' lang='lat' dir='ltr'><strong>inclinatione</strong></span> <span class='ocrx_word' id='word_1_516' title='bbox 3129 4916 3491 4982; x_wconf 82' lang='lat' dir='ltr'><strong>propendere.</strong></span> <span class='ocrx_word' id='word_1_517' title='bbox 3537 4916 3675 4971; x_wconf 86' lang='lat' dir='ltr'><strong>Cum</strong></span> 
     </span>
    </p>
   </div>
   <div class='ocr_carea' id='block_1_75' title="bbox 2082 5004 3676 5074">
    <p class='ocr_par' dir='ltr' id='par_1_75' title="bbox 2082 5004 3676 5074">
     <span class='ocr_line' id='line_1_75' title="bbox 2082 5004 3676 5074; baseline 0.003 -16"><span class='ocrx_word' id='word_1_518' title='bbox 2082 5021 2209 5058; x_wconf 79' lang='lat' dir='ltr'><strong>vero</strong></span> <span class='ocrx_word' id='word_1_519' title='bbox 2244 5004 2492 5059; x_wconf 87' lang='lat' dir='ltr'><strong>nonnulli</strong></span> <span class='ocrx_word' id='word_1_520' title='bbox 2526 5021 2589 5058; x_wconf 81' lang='lat' dir='ltr'><strong>ex</strong></span> <span class='ocrx_word' id='word_1_521' title='bbox 2627 5005 2692 5060; x_wconf 91' lang='lat' dir='ltr'><strong>iis</strong></span> <span class='ocrx_word' id='word_1_522' title='bbox 2723 5005 2816 5074; x_wconf 89' lang='lat' dir='ltr'><strong>qui</strong></span> <span class='ocrx_word' id='word_1_523' title='bbox 2847 5016 2971 5058; x_wconf 90' lang='lat' dir='ltr'><strong>ante</strong></span> <span class='ocrx_word' id='word_1_524' title='bbox 3002 5022 3104 5061; x_wconf 89' lang='lat' dir='ltr'><strong>nos</strong></span> <span class='ocrx_word' id='word_1_525' title='bbox 3135 5008 3420 5061; x_wconf 80' lang='lat' dir='ltr'><strong>dissidium</strong></span> <span class='ocrx_word' id='word_1_526' title='bbox 3453 5017 3676 5062; x_wconf 78' lang='lat' dir='ltr'><strong>consta-</strong></span> 
     </span>
    </p>
   </div>
   <div class='ocr_carea' id='block_1_76' title="bbox 2082 5096 3671 5168">
    <p class='ocr_par' dir='ltr' id='par_1_76' title="bbox 2082 5096 3671 5168">
     <span class='ocr_line' id='line_1_76' title="bbox 2082 5096 3671 5168; baseline 0.005 -21"><span class='ocrx_word' id='word_1_527' title='bbox 2082 5096 2399 5157; x_wconf 84' lang='lat' dir='ltr'><strong>bilivcrunt,</strong></span> <span class='ocrx_word' id='word_1_528' title='bbox 2432 5097 2484 5149; x_wconf 90' lang='lat' dir='ltr'><strong>in</strong></span> <span class='ocrx_word' id='word_1_529' title='bbox 2517 5098 2636 5150; x_wconf 90' lang='lat' dir='ltr'><strong>solo</strong></span> <span class='ocrx_word' id='word_1_530' title='bbox 2667 5097 2926 5168; x_wconf 80' lang='lat' dir='ltr'><strong>Symbolo</strong></span> <span class='ocrx_word' id='word_1_531' title='bbox 2954 5100 3292 5152; x_wconf 64' lang='lat' dir='ltr'><strong>aii-titionem</strong></span> <span class='ocrx_word' id='word_1_532' title='bbox 3323 5100 3671 5168; x_wconf 82' lang='lat' dir='ltr'><strong>improbasse</strong></span> 
     </span>
    </p>
   </div>
   <div class='ocr_carea' id='block_1_77' title="bbox 375 5171 1977 5263">
    <p class='ocr_par' dir='ltr' id='par_1_77' title="bbox 375 5188 1972 5260">
     <span class='ocr_line' id='line_1_77' title="bbox 375 5188 1972 5260; baseline -0.003 -15"><span class='ocrx_word' id='word_1_533' title='bbox 375 5192 467 5246; x_wconf 72' lang='grc' dir='ltr'>καὶ</span> <span class='ocrx_word' id='word_1_534' title='bbox 488 5192 518 5244; x_wconf 89' lang='grc' dir='ltr'><strong>λ</strong></span> <span class='ocrx_word' id='word_1_535' title='bbox 531 5191 664 5260; x_wconf 71' lang='grc' dir='ltr'>ςγοις</span> <span class='ocrx_word' id='word_1_536' title='bbox 684 5190 969 5260; x_wconf 78' lang='grc' dir='ltr'>περικλεῆ,</span> <span class='ocrx_word' id='word_1_537' title='bbox 982 5191 1081 5259; x_wconf 84' lang='grc' dir='ltr'>τὴν</span> <span class='ocrx_word' id='word_1_538' title='bbox 1099 5189 1290 5260; x_wconf 75' lang='grc' dir='ltr'>κλῆσιν</span> <span class='ocrx_word' id='word_1_539' title='bbox 1308 5207 1366 5241; x_wconf 85' lang='grc' dir='ltr'><strong>τε</strong></span> <span class='ocrx_word' id='word_1_540' title='bbox 1384 5188 1786 5258; x_wconf 84' lang='grc' dir='ltr'>Θεοφύλακτον,</span> <span class='ocrx_word' id='word_1_541' title='bbox 1806 5191 1972 5260; x_wconf 74' lang='grc' dir='ltr'>εὑρη.-</span> 
     </span>
    </p>
   </div>
   <div class='ocr_carea' id='block_1_78' title="bbox 2090 5171 3670 5263">
    <p class='ocr_par' dir='ltr' id='par_1_78' title="bbox 2090 5187 3670 5263">
     <span class='ocr_line' id='line_1_78' title="bbox 2090 5187 3670 5263; baseline 0.003 -22"><span class='ocrx_word' id='word_1_542' title='bbox 2090 5187 2175 5242; x_wconf 74' lang='lat' dir='ltr'><strong>risi</strong></span> <span class='ocrx_word' id='word_1_543' title='bbox 2214 5196 2343 5241; x_wconf 86' lang='lat' dir='ltr'><strong>sunt</strong></span> <span class='ocrx_word' id='word_1_544' title='bbox 2366 5226 2380 5249; x_wconf 87' lang='lat'><strong>,</strong></span> <span class='ocrx_word' id='word_1_545' title='bbox 2415 5189 2579 5243; x_wconf 88' lang='lat' dir='ltr'><strong>rebus</strong></span> <span class='ocrx_word' id='word_1_546' title='bbox 2615 5205 2743 5245; x_wconf 80' lang='lat' dir='ltr'><strong>vero</strong></span> <span class='ocrx_word' id='word_1_547' title='bbox 2780 5195 2831 5244; x_wconf 91' lang='lat' dir='ltr'><strong>in</strong></span> <span class='ocrx_word' id='word_1_548' title='bbox 2870 5193 2993 5247; x_wconf 89' lang='lat' dir='ltr'><strong>aliis</strong></span> <span class='ocrx_word' id='word_1_549' title='bbox 3030 5209 3374 5263; x_wconf 77' lang='lat' dir='ltr'><strong>nequaquam</strong></span> <span class='ocrx_word' id='word_1_550' title='bbox 3399 5233 3412 5256; x_wconf 89' lang='lat'><strong>,</strong></span> <span class='ocrx_word' id='word_1_551' title='bbox 3444 5195 3670 5263; x_wconf 78' lang='lat' dir='ltr'><strong>perqui-</strong></span> 
     </span>
    </p>
   </div>
   <div class='ocr_carea' id='block_1_79' title="bbox 375 5278 1968 5352">
    <p class='ocr_par' dir='ltr' id='par_1_79' title="bbox 375 5278 1968 5352">
     <span class='ocr_line' id='line_1_79' title="bbox 375 5278 1968 5352; baseline -0.001 -16"><span class='ocrx_word' id='word_1_552' title='bbox 375 5299 557 5336; x_wconf 89' lang='grc' dir='ltr'>σουσιν</span> <span class='ocrx_word' id='word_1_553' title='bbox 583 5281 712 5336; x_wconf 82' lang='grc' dir='ltr'>ἔνθα</span> <span class='ocrx_word' id='word_1_554' title='bbox 745 5282 839 5334; x_wconf 72' lang='grc' dir='ltr'>καὶ</span> <span class='ocrx_word' id='word_1_555' title='bbox 871 5281 1122 5334; x_wconf 78' lang='grc' dir='ltr'>λέλεκται</span> <span class='ocrx_word' id='word_1_556' title='bbox 1145 5281 1327 5350; x_wconf 84' lang='grc' dir='ltr'>μόνον,</span> <span class='ocrx_word' id='word_1_557' title='bbox 1356 5280 1457 5345; x_wconf 84' lang='grc' dir='ltr'>τὴν</span> <span class='ocrx_word' id='word_1_558' title='bbox 1491 5278 1806 5352; x_wconf 83' lang='grc' dir='ltr'>ἐκφώνησιν</span> <span class='ocrx_word' id='word_1_559' title='bbox 1833 5280 1968 5334; x_wconf 83' lang='grc' dir='ltr'>ταύ-</span> 
     </span>
    </p>
   </div>
   <div class='ocr_carea' id='block_1_80' title="bbox 374 5372 1962 5445">
    <p class='ocr_par' dir='ltr' id='par_1_80' title="bbox 374 5372 1962 5445">
     <span class='ocr_line' id='line_1_80' title="bbox 374 5372 1962 5445; baseline 0.001 -19"><span class='ocrx_word' id='word_1_560' title='bbox 374 5390 472 5445; x_wconf 84' lang='grc' dir='ltr'><strong>της</strong></span> <span class='ocrx_word' id='word_1_561' title='bbox 509 5374 966 5444; x_wconf 83' lang='grc' dir='ltr'>ἀπαναινόμενον,</span> <span class='ocrx_word' id='word_1_562' title='bbox 999 5372 1237 5443; x_wconf 81' lang='grc' dir='ltr'>ἀλλαχοῦ</span> <span class='ocrx_word' id='word_1_563' title='bbox 1262 5373 1319 5425; x_wconf 78' lang='grc' dir='ltr'>δὲ</span> <span class='ocrx_word' id='word_1_564' title='bbox 1343 5375 1584 5445; x_wconf 76' lang='grc' dir='ltr'>γραφαῖς</span> <span class='ocrx_word' id='word_1_565' title='bbox 1605 5375 1662 5427; x_wconf 84' lang='grc' dir='ltr'>ὲν</span> <span class='ocrx_word' id='word_1_566' title='bbox 1694 5373 1962 5438; x_wconf 78' lang='grc' dir='ltr'>ἁπάσαις,</span> 
     </span>
    </p>
   </div>
   <div class='ocr_carea' id='block_1_81' title="bbox 373 5464 1967 5538">
    <p class='ocr_par' dir='ltr' id='par_1_81' title="bbox 373 5464 1967 5538">
     <span class='ocr_line' id='line_1_81' title="bbox 373 5464 1967 5538; baseline -0.001 -18"><span class='ocrx_word' id='word_1_567' title='bbox 373 5468 435 5535; x_wconf 69' lang='grc' dir='ltr'>ἐν</span> <span class='ocrx_word' id='word_1_568' title='bbox 455 5466 717 5538; x_wconf 76' lang='grc' dir='ltr'>ὁμιλίαις,</span> <span class='ocrx_word' id='word_1_569' title='bbox 765 5467 823 5518; x_wconf 80' lang='grc' dir='ltr'>ὲν</span> <span class='ocrx_word' id='word_1_570' title='bbox 854 5465 1143 5533; x_wconf 76' lang='grc' dir='ltr'>διαλέξεσι,</span> <span class='ocrx_word' id='word_1_571' title='bbox 1196 5464 1555 5533; x_wconf 73' lang='grc' dir='ltr'>ἐκιρωνεῑσθαι</span> <span class='ocrx_word' id='word_1_572' title='bbox 1593 5464 1822 5527; x_wconf 85' lang='grc' dir='ltr'>διδόντα,</span> <span class='ocrx_word' id='word_1_573' title='bbox 1874 5466 1967 5519; x_wconf 79' lang='grc' dir='ltr'>καὶ</span> 
     </span>
    </p>
   </div>
   <div class='ocr_carea' id='block_1_82' title="bbox 375 5556 1966 5629">
    <p class='ocr_par' dir='ltr' id='par_1_82' title="bbox 375 5556 1966 5629">
     <span class='ocr_line' id='line_1_82' title="bbox 375 5556 1966 5629; baseline -0.001 -18"><span class='ocrx_word' id='word_1_574' title='bbox 375 5557 660 5629; x_wconf 61' lang='grc' dir='ltr'>παρρησίᾳ.</span> <span class='ocrx_word' id='word_1_575' title='bbox 691 5556 1078 5626; x_wconf 83' lang='grc' dir='ltr'>κηρύττεσθαι.</span> <span class='ocrx_word' id='word_1_576' title='bbox 1100 5558 1210 5611; x_wconf 76' lang='grc' dir='ltr'><strong>Καὶ</strong></span> <span class='ocrx_word' id='word_1_577' title='bbox 1236 5557 1394 5626; x_wconf 81' lang='grc' dir='ltr'>δῆλον</span> <span class='ocrx_word' id='word_1_578' title='bbox 1410 5556 1487 5618; x_wconf 77' lang='grc' dir='ltr'>ὡς</span> <span class='ocrx_word' id='word_1_579' title='bbox 1518 5558 1620 5609; x_wconf 76' lang='grc' dir='ltr'><strong>οὐκ</strong></span> <span class='ocrx_word' id='word_1_580' title='bbox 1647 5556 1714 5610; x_wconf 84' lang='grc' dir='ltr'>ἂν</span> <span class='ocrx_word' id='word_1_581' title='bbox 1744 5556 1966 5611; x_wconf 82' lang='grc' dir='ltr'>ότοιοῦ-</span> 
     </span>
    </p>
   </div>
   <div class='ocr_carea' id='block_1_83' title="bbox 372 5640 1963 5719">
    <p class='ocr_par' dir='ltr' id='par_1_83' title="bbox 372 5640 1963 5719">
     <span class='ocr_line' id='line_1_83' title="bbox 372 5640 1963 5719; baseline -0.001 -18"><span class='ocrx_word' id='word_1_582' title='bbox 372 5640 463 5712; x_wconf 80' lang='grc' dir='ltr'><strong>τος</strong></span> <span class='ocrx_word' id='word_1_583' title='bbox 495 5647 667 5710; x_wconf 70' lang='grc' dir='ltr'>οὕτως</span> <span class='ocrx_word' id='word_1_584' title='bbox 688 5647 946 5717; x_wconf 78' lang='grc' dir='ltr'>ἐμφανῶς</span> <span class='ocrx_word' id='word_1_585' title='bbox 976 5649 1375 5719; x_wconf 77' lang='grc' dir='ltr'>ὲγνωμάτευεν,</span> <span class='ocrx_word' id='word_1_586' title='bbox 1406 5650 1454 5701; x_wconf 78' lang='grc' dir='ltr'><strong>εί</strong></span> <span class='ocrx_word' id='word_1_587' title='bbox 1482 5647 1543 5702; x_wconf 83' lang='grc' dir='ltr'>τὸ</span> <span class='ocrx_word' id='word_1_588' title='bbox 1563 5651 1661 5718; x_wconf 77' lang='grc' dir='ltr'>τῆς</span> <span class='ocrx_word' id='word_1_589' title='bbox 1684 5648 1963 5715; x_wconf 76' lang='grc' dir='ltr'>θεολογίας</span> 
     </span>
    </p>
   </div>
   <div class='ocr_carea' id='block_1_84' title="bbox 290 5739 1958 5813">
    <p class='ocr_par' dir='ltr' id='par_1_84' title="bbox 290 5739 1958 5813">
     <span class='ocr_line' id='line_1_84' title="bbox 290 5739 1958 5813; baseline -0.001 -20"><span class='ocrx_word' id='word_1_590' title='bbox 290 5778 299 5787; x_wconf 81' lang='lat'>.</span> <span class='ocrx_word' id='word_1_591' title='bbox 376 5740 666 5812; x_wconf 79' lang='grc' dir='ltr'>εἱλικρινὲς</span> <span class='ocrx_word' id='word_1_592' title='bbox 697 5740 949 5794; x_wconf 76' lang='grc' dir='ltr'>ἐντεῦθεν</span> <span class='ocrx_word' id='word_1_593' title='bbox 988 5741 1103 5813; x_wconf 76' lang='grc' dir='ltr'>ᾔδει</span> <span class='ocrx_word' id='word_1_594' title='bbox 1133 5739 1678 5812; x_wconf 77' lang='grc' dir='ltr'>παραϐλαπτόμενον.</span> <span class='ocrx_word' id='word_1_595' title='bbox 1724 5739 1782 5795; x_wconf 84' lang='grc' dir='ltr'>Ὀ</span> <span class='ocrx_word' id='word_1_596' title='bbox 1814 5740 1958 5809; x_wconf 78' lang='grc' dir='ltr'>μέν-</span> 
     </span>
    </p>
   </div>
   <div class='ocr_carea' id='block_1_85' title="bbox 374 5830 1955 5905">
    <p class='ocr_par' dir='ltr' id='par_1_85' title="bbox 374 5830 1955 5905">
     <span class='ocr_line' id='line_1_85' title="bbox 374 5830 1955 5905; baseline 0.002 -21"><span class='ocrx_word' id='word_1_597' title='bbox 374 5848 455 5884; x_wconf 88' lang='grc' dir='ltr'><strong>τοι</strong></span> <span class='ocrx_word' id='word_1_598' title='bbox 492 5830 591 5904; x_wconf 81' lang='grc' dir='ltr'>τῆς</span> <span class='ocrx_word' id='word_1_599' title='bbox 632 5830 908 5904; x_wconf 84' lang='grc' dir='ltr'>Ἀντιόχου</span> <span class='ocrx_word' id='word_1_600' title='bbox 937 5832 1035 5905; x_wconf 82' lang='grc' dir='ltr'>τὴν</span> <span class='ocrx_word' id='word_1_601' title='bbox 1065 5833 1165 5905; x_wconf 80' lang='grc' dir='ltr'>τῆς</span> <span class='ocrx_word' id='word_1_602' title='bbox 1220 5831 1539 5904; x_wconf 78' lang='grc' dir='ltr'>προσθήκης</span> <span class='ocrx_word' id='word_1_603' title='bbox 1571 5831 1955 5905; x_wconf 71' lang='grc' dir='ltr'>ἀναγόρευσιν,</span> 
     </span>
    </p>
   </div>
   <div class='ocr_carea' id='block_1_86' title="bbox 2080 5280 3669 5355">
    <p class='ocr_par' dir='ltr' id='par_1_86' title="bbox 2080 5280 3669 5355">
     <span class='ocr_line' id='line_1_86' title="bbox 2080 5280 3669 5355; baseline 0.006 -23"><span class='ocrx_word' id='word_1_604' title='bbox 2080 5287 2237 5345; x_wconf 87' lang='lat' dir='ltr'><strong>rant,</strong></span> <span class='ocrx_word' id='word_1_605' title='bbox 2270 5282 2365 5350; x_wconf 92' lang='lat' dir='ltr'><strong>qui</strong></span> <span class='ocrx_word' id='word_1_606' title='bbox 2398 5280 2599 5335; x_wconf 86' lang='lat' dir='ltr'><strong>similia</strong></span> <span class='ocrx_word' id='word_1_607' title='bbox 2633 5283 2786 5351; x_wconf 86' lang='lat' dir='ltr'><strong>sequi</strong></span> <span class='ocrx_word' id='word_1_608' title='bbox 2820 5285 3081 5339; x_wconf 85' lang='lat' dir='ltr'><strong>audacter</strong></span> <span class='ocrx_word' id='word_1_609' title='bbox 3107 5300 3474 5355; x_wconf 69' lang='lat' dir='ltr'><strong>praesumunt,</strong></span> <span class='ocrx_word' id='word_1_610' title='bbox 3510 5303 3669 5355; x_wconf 87' lang='lat' dir='ltr'><strong>eum,</strong></span> 
     </span>
    </p>
   </div>
   <div class='ocr_carea' id='block_1_87' title="bbox 2072 5371 3668 5444">
    <p class='ocr_par' dir='ltr' id='par_1_87' title="bbox 2072 5371 3668 5444">
     <span class='ocr_line' id='line_1_87' title="bbox 2072 5371 3668 5444; baseline 0.006 -21"><span class='ocrx_word' id='word_1_611' title='bbox 2072 5371 2164 5440; x_wconf 88' lang='lat' dir='ltr'><strong>qui</strong></span> <span class='ocrx_word' id='word_1_612' title='bbox 2196 5372 2694 5441; x_wconf 75' lang='lat' dir='ltr'><strong>areliiepiscopatui</strong></span> <span class='ocrx_word' id='word_1_613' title='bbox 2724 5373 2991 5443; x_wconf 64' lang='lat' dir='ltr'><strong>Bulgaria!</strong></span> <span class='ocrx_word' id='word_1_614' title='bbox 3019 5377 3255 5444; x_wconf 71' lang='lat' dir='ltr'><strong>praefuit,</strong></span> <span class='ocrx_word' id='word_1_615' title='bbox 3281 5380 3456 5432; x_wconf 81' lang='lat' dir='ltr'><strong>virum</strong></span> <span class='ocrx_word' id='word_1_616' title='bbox 3487 5379 3668 5433; x_wconf 84' lang='lat' dir='ltr'><strong>diser-</strong></span> 
     </span>
    </p>
   </div>
   <div class='ocr_carea' id='block_1_88' title="bbox 2076 5463 3667 5540">
    <p class='ocr_par' dir='ltr' id='par_1_88' title="bbox 2076 5463 3667 5540">
     <span class='ocr_line' id='line_1_88' title="bbox 2076 5463 3667 5540; baseline 0.005 -25"><span class='ocrx_word' id='word_1_617' title='bbox 2076 5473 2189 5516; x_wconf 85' lang='lat' dir='ltr'><strong>tum</strong></span> <span class='ocrx_word' id='word_1_618' title='bbox 2227 5478 2292 5518; x_wconf 90' lang='lat' dir='ltr'><strong>ac</strong></span> <span class='ocrx_word' id='word_1_619' title='bbox 2323 5463 2667 5533; x_wconf 81' lang='lat' dir='ltr'><strong>eloquentem</strong></span> <span class='ocrx_word' id='word_1_620' title='bbox 2692 5505 2707 5529; x_wconf 88' lang='lat'><strong>,</strong></span> <span class='ocrx_word' id='word_1_621' title='bbox 2743 5466 2821 5519; x_wconf 79' lang='lat' dir='ltr'><strong>illi</strong></span> <span class='ocrx_word' id='word_1_622' title='bbox 2853 5482 3049 5522; x_wconf 86' lang='lat' dir='ltr'><strong>nomen</strong></span> <span class='ocrx_word' id='word_1_623' title='bbox 3085 5470 3499 5540; x_wconf 78' lang='lat' dir='ltr'><strong>Tlreopbylacto</strong></span> <span class='ocrx_word' id='word_1_624' title='bbox 3531 5472 3667 5537; x_wconf 77' lang='lat' dir='ltr'><strong>fuit,</strong></span> 
     </span>
    </p>
   </div>
   <div class='ocr_carea' id='block_1_89' title="bbox 2079 5557 3662 5633">
    <p class='ocr_par' dir='ltr' id='par_1_89' title="bbox 2079 5557 3662 5633">
     <span class='ocr_line' id='line_1_89' title="bbox 2079 5557 3662 5633; baseline 0.006 -24"><span class='ocrx_word' id='word_1_625' title='bbox 2079 5572 2162 5611; x_wconf 77' lang='lat' dir='ltr'><strong>me</strong></span> <span class='ocrx_word' id='word_1_626' title='bbox 2190 5573 2313 5613; x_wconf 89' lang='lat' dir='ltr'><strong>eum</strong></span> <span class='ocrx_word' id='word_1_627' title='bbox 2349 5557 2629 5613; x_wconf 83' lang='lat' dir='ltr'><strong>invenient</strong></span> <span class='ocrx_word' id='word_1_628' title='bbox 2661 5562 3061 5621; x_wconf 77' lang='lat' dir='ltr'><strong>tantummodo,</strong></span> <span class='ocrx_word' id='word_1_629' title='bbox 3095 5564 3145 5615; x_wconf 90' lang='lat' dir='ltr'><strong>in</strong></span> <span class='ocrx_word' id='word_1_630' title='bbox 3174 5577 3286 5633; x_wconf 83' lang='lat' dir='ltr'><strong>quo</strong></span> <span class='ocrx_word' id='word_1_631' title='bbox 3315 5564 3521 5617; x_wconf 90' lang='lat' dir='ltr'><strong>dictum</strong></span> <span class='ocrx_word' id='word_1_632' title='bbox 3555 5575 3662 5629; x_wconf 86' lang='lat' dir='ltr'><strong>est,</strong></span> 
     </span>
    </p>
   </div>
   <div class='ocr_carea' id='block_1_90' title="bbox 2077 5647 3666 5718">
    <p class='ocr_par' dir='ltr' id='par_1_90' title="bbox 2077 5647 3666 5718">
     <span class='ocr_line' id='line_1_90' title="bbox 2077 5647 3666 5718; baseline 0.006 -18"><span class='ocrx_word' id='word_1_633' title='bbox 2077 5647 2227 5703; x_wconf 89' lang='lat' dir='ltr'><strong>illius</strong></span> <span class='ocrx_word' id='word_1_634' title='bbox 2253 5650 2687 5704; x_wconf 85' lang='lat' dir='ltr'><strong>enuntiationem</strong></span> <span class='ocrx_word' id='word_1_635' title='bbox 2719 5649 3059 5718; x_wconf 79' lang='lat' dir='ltr'><strong>improbasse</strong></span> <span class='ocrx_word' id='word_1_636' title='bbox 3088 5672 3101 5707; x_wconf 90' lang='lat'><strong>:</strong></span> <span class='ocrx_word' id='word_1_637' title='bbox 3134 5654 3187 5706; x_wconf 85' lang='lat' dir='ltr'><strong>in</strong></span> <span class='ocrx_word' id='word_1_638' title='bbox 3217 5655 3341 5708; x_wconf 81' lang='lat' dir='ltr'><strong>aliis</strong></span> <span class='ocrx_word' id='word_1_639' title='bbox 3363 5670 3494 5709; x_wconf 82' lang='lat' dir='ltr'><strong>vero</strong></span> <span class='ocrx_word' id='word_1_640' title='bbox 3519 5656 3629 5709; x_wconf 81' lang='lat' dir='ltr'><strong>seri</strong></span> <span class='ocrx_word' id='word_1_641' title='bbox 3650 5685 3666 5697; x_wconf 83' lang='lat'><strong>-</strong></span> 
     </span>
    </p>
   </div>
   <div class='ocr_carea' id='block_1_91' title="bbox 2070 5741 3658 5815">
    <p class='ocr_par' dir='ltr' id='par_1_91' title="bbox 2070 5741 3658 5815">
     <span class='ocr_line' id='line_1_91' title="bbox 2070 5741 3658 5815; baseline 0.004 -19"><span class='ocrx_word' id='word_1_642' title='bbox 2070 5742 2349 5811; x_wconf 89' lang='lat' dir='ltr'><strong>ptionibus</strong></span> <span class='ocrx_word' id='word_1_643' title='bbox 2383 5741 2889 5809; x_wconf 73' lang='lat' dir='ltr'><strong>scilicetomnibus,</strong></span> <span class='ocrx_word' id='word_1_644' title='bbox 2913 5746 3223 5814; x_wconf 83' lang='lat' dir='ltr'><strong>colloquiis,</strong></span> <span class='ocrx_word' id='word_1_645' title='bbox 3256 5746 3658 5815; x_wconf 82' lang='lat' dir='ltr'><strong>dissertatioul,</strong></span> 
     </span>
    </p>
   </div>
   <div class='ocr_carea' id='block_1_92' title="bbox 2068 5833 3650 5906">
    <p class='ocr_par' dir='ltr' id='par_1_92' title="bbox 2068 5833 3650 5906">
     <span class='ocr_line' id='line_1_92' title="bbox 2068 5833 3650 5906; baseline 0.003 -15"><span class='ocrx_word' id='word_1_646' title='bbox 2068 5836 2169 5892; x_wconf 82' lang='lat' dir='ltr'><strong>bus</strong></span> <span class='ocrx_word' id='word_1_647' title='bbox 2198 5833 2560 5906; x_wconf 80' lang='lat' dir='ltr'><strong>pronuntiari,</strong></span> <span class='ocrx_word' id='word_1_648' title='bbox 2588 5842 2642 5890; x_wconf 82' lang='lat' dir='ltr'><strong>et</strong></span> <span class='ocrx_word' id='word_1_649' title='bbox 2672 5834 2857 5905; x_wconf 82' lang='lat' dir='ltr'><strong>palam</strong></span> <span class='ocrx_word' id='word_1_650' title='bbox 2884 5846 2937 5892; x_wconf 85' lang='lat' dir='ltr'><strong>et</strong></span> <span class='ocrx_word' id='word_1_651' title='bbox 2963 5837 3139 5893; x_wconf 87' lang='lat' dir='ltr'><strong>libere</strong></span> <span class='ocrx_word' id='word_1_652' title='bbox 3169 5853 3353 5893; x_wconf 86' lang='lat' dir='ltr'><strong>coram</strong></span> <span class='ocrx_word' id='word_1_653' title='bbox 3386 5837 3650 5895; x_wconf 74' lang='lat' dir='ltr'><strong>omnibus</strong></span> 
     </span>
    </p>
   </div>
  </div>
