4072 6542
353 436 492 505 ἱιὶιὸ

1540 438 1870 505 GEORGII
1916 436 2394 506 METOCHITA!

3469 439 3636 509 ’Ῑίίθ

344 555 632 626 praedicari
664 556 989 613 concedere.
1023 552 1091 612 Et
1124 556 1475 614 manifestum
1508 567 1592 614 est
1613 599 1628 624 ,
1663 577 1787 616 eum
1825 578 1930 617 non

2058 564 2082 614 :t
2113 564 2206 616 καὶ
2234 563 2475 626 κακίζων
2508 560 2565 615 ὲν
2596 558 2673 631 τῷ
2705 559 2833 633 θείῳ
2884 558 3152 631 Συμϐόλῳ
3206 560 3478 629 φαίνεται,
3540 563 3640 615 καὶ

343 649 483 704 adeo
522 650 670 704 clare
711 648 1057 704 decreturum
1106 648 1311 715 fuisse,
1348 649 1393 705 si
1440 650 1723 724 tlteOIOgiae
1764 656 1933 709 since-

284 795 293 801 ,
341 755 463 795 rum
519 757 584 795 ac
635 743 899 812 integrum
951 742 1072 796 hedi
1121 744 1489 811 cognovisset.
1544 744 1932 801 Verumtamen

343 833 742 895 Antiochcnus,
769 834 892 887 licet
917 836 1212 889 additionis
1235 837 1670 892 enuntiationem
1701 841 1752 892 in
1782 840 1937 911 Sym-

346 924 471 977 bolo
515 925 912 992 reprehendere
952 926 1223 992 videatur,
1263 938 1312 981 et
1360 930 1638 985 Romanos
1680 931 1752 984 ob
1788 947 1937 985 eam-

345 1018 467 1068 dem
506 1019 825 1082 criminari,
863 1028 914 1070 ct
953 1034 981 1072 a
1022 1030 1169 1073 recta
1208 1022 1474 1074 sententia
1516 1021 1687 1076 fertur
1722 1024 1933 1091 lapsum

346 1105 480 1173 ipsis
506 1107 821 1174 nppittgr‘l‘e,
849 1118 902 1160 et
932 1108 1014 1161 his
1045 1109 1245 1162 similia
1280 1111 1666 1176 internectere,
1694 1122 1933 1167 attamen

346 1213 523 1265 neque
551 1199 743 1259 Deum,
778 1215 953 1267 neque
983 1201 1142 1254 ﬁdem
1174 1203 1498 1271 in'periculo
1525 1205 1660 1258 verti
1690 1204 1936 1273 apprime

344 1289 587 1353 callens,
626 1301 683 1342 ut
720 1291 833 1356 ipse
870 1290 1139 1354 amrmat,
1176 1309 1299 1346 cum
1336 1294 1505 1358 dicit,
1542 1295 1668 1349 licet
1707 1295 1848 1351 hunc
1881 1297 1934 1350 in

346 1381 570 1433 modum
606 1383 810 1435 additio
844 1386 1185 1448 enuntietur,
1218 1401 1335 1448 eos,
1364 1387 1457 1455 qui
1491 1404 1614 1440 cum
1645 1404 1712 1442 eo
1743 1401 1934 1454 erant,

346 1471 411 1521 ad
443 1487 629 1537 pacem
660 1482 712 1525 ct
737 1474 801 1526 ad
832 1473 1062 1527 fratrum
1093 1491 1336 1528 amorem
1369 1477 1618 1531 inclinari
1652 1492 1856 1542 monet,
1882 1489 1937 1534 et

347 1564 535 1616 verbis
566 1565 928 1630 supplicibus,
961 1576 1009 1618 et
1039 1567 1253 1619 eximiis
1284 1566 1766 1622 adhortationibus
1795 1571 1940 1623 Con—

347 1655 921 1724 stantinopolitanum,
964 1658 1028 1710 ad
1075 1659 1385 1711 concordia:
1428 1660 1627 1712 honttm
1669 1659 1939 1714 deducere

347 1762 560 1800 summa
600 1762 699 1815 ope
737 1748 951 1801 nititur.
987 1747 1125 1802 Hinc
1161 1758 1215 1801 et
1259 1749 1309 1800 in
1349 1749 1653 1818 exemplum
1696 1751 1935 1816 adducit,

348 1838 493 1906 quod
529 1841 581 1891 in
615 1839 964 1893 sanctissimo
997 1839 1176 1899 Studii
1213 1843 1546 1895 monasterio
1578 1848 1692 1894 tum
1729 1851 1940 1907 tempo-

347 1932 426 1986 ris
452 1932 735 1999 agcbatur,
763 1932 832 1985 ab
860 1933 1115 1986 Ecclesia:
1143 1932 1437 1987 traditione
1464 1934 1723 2000 alienum,
1750 1936 1936 1989 diaco-
1974 1908 2013 1965 Β

348 2038 449 2077 nos
478 2024 687 2077 scilicet
717 2024 939 2091 cingulo
969 2039 1090 2077 sese
1124 2026 1452 2095 astringere,
1481 2034 1536 2081 et
1570 2028 1634 2080 ad
1665 2041 1731 2080 ea
1763 2043 1939 2096 usque

350 2123 593 2183 tempora
632 2116 760 2169 licet
792 2116 944 2169 multi
979 2117 1043 2170 ad
1081 2116 1211 2169 illud
1244 2118 1665 2189 corrigendum,
1701 2119 1938 2172 laborem

349 2208 704 2273 Stttdiumque
749 2208 1116 2267 contulerint,
1169 2206 1367 2261 frustra
1420 2221 1648 2262 navasse
1693 2223 1937 2276 operam.

350 2293 499 2356 Hoc,
530 2296 752 2364 inquam
777 2336 791 2361 ,
823 2285 1071 2367 exemplo
1105 2299 1194 2351 ille
1226 2298 1502 2352 contendit
1523 2338 1538 2363 ,
1571 2300 1684 2352 lieri
1717 2299 1942 2352 minimc

355 2401 549 2454 posse,
599 2396 658 2440 ut
707 2388 1007 2441 ltomani'a
1054 2404 1151 2442 sua
1185 2390 1480 2442 inveterata
1516 2388 1938 2453 consuetudine,

356 2476 689 2530 additionem
718 2478 926 2531 scilicet
972 2477 1247 2531 scribendi
1275 2488 1325 2529 el
1355 2478 1568 2546 publice
1594 2478 1940 2540 enuntiandi,

351 2569 729 2635 abducantur;
764 2570 920 2637 quasi
953 2570 1176 2628 (liceret.
1207 2568 1262 2623 Si
1295 2584 1507 2630 eorum,
1537 2569 1628 2638 qui
1656 2569 1813 2622 nobis
1841 2568 1943 2621 ob-

354 2657 500 2709 noxii
553 2665 698 2714 sunt.
752 2670 931 2710 mores
980 2657 1254 2725 corrigere
1305 2659 1617 2725 nequimus,
1669 2659 1945 2726 quomodo

354 2762 450 2800 eos
489 2760 518 2800 a
562 2747 801 2815 propriis
843 2746 1337 2801 consuetmliuilms
1384 2757 1699 2800 convertere
1744 2748 1944 2813 poteri-

262 2866 267 2871 -
358 2838 517 2892 mus?
533 2838 796 2892 Przctcrca
816 2839 1055 2907 graviter
1074 2840 1138 2891 de
1158 2839 1767 2906 ConstantinOpolitano
1785 2842 1944 2892 char-

357 2932 640 3001 tophylace
675 2934 945 2999 queritur,
983 2934 1128 3000 quod
1166 2932 1256 2985 ille
1292 2931 1346 2984 in
1382 2932 1585 3000 proprii
1624 2932 1947 2999 patriarcha:

361 3026 426 3077 azl
456 3039 513 3077 se
540 3024 681 3077 datis
707 3025 899 3079 litteris
925 3024 1229 3092 scripserit,
1255 3024 1322 3075 ab
1350 3025 1596 3092 antiquo,
1625 3034 1673 3078 et
1704 3040 1734 3077 a
1761 3035 1946 3077 saneta

359 3126 512 3169 sexta
551 3116 891 3170 mettmenica
927 3115 1136 3186 synodo
1172 3130 1320 3183 papa:
1355 3116 1590 3170 nominis
1624 3131 1952 3170 commetno-
1996 3110 2003 3115 ”

359 3209 627 3263 rationem
655 3210 906 3262 abrasam
940 3207 1128 3271 fuisse,
1157 3209 1342 3276 illique
1374 3208 1769 3276 impr0pcrans,
1796 3210 1942 3276 quod

2055 651 2345 723 Ῥωμαίων
2396 652 2807 721 καθαπτόμενος
2840 653 2936 707 ἐπ’
2983 652 3144 722 αὐτῇ,
3174 652 3269 704 καὶ
3298 652 3398 721 τὴν
3423 652 3518 706 τοῦ
3553 652 3638 706 εί-

2040 746 2195 808 κότος
2242 745 2515 802 ἔκπτωσιν
2541 745 2721 806 αὐτοῖς
2749 745 3049 813 ἐπιφέρων,
3085 744 3182 797 καὶ
3205 744 3431 797 τοιαῦτα
3490 762 3640 815 παρ-

2038 839 2196 905 όμοια
2230 837 2591 907 παρενείρων,
2616 836 2729 890 ἀλλ’
2760 834 2852 890 οὖν
2891 839 2966 903 μὴ
3007 836 3195 906 Θεὸνῆ
3238 837 3422 889 πίστιν
3454 837 3640 891 ἐντεῦ-

2039 930 2129 981 θεν
2162 927 2307 982 εἶναι
2339 931 2397 981 τό
2426 931 2875 997 κινδυνευόμενον
2911 918 2970 982 εὖ
3000 928 3180 992 εἰδὼς,
3212 931 3288 989 ὡς
3320 930 3481 992 αὐτὸς
3519 931 3641 981 δια-

2039 1017 2353 1070 ϐεϐαιοῦται
2401 1018 2796 1085 φθεγγόμενος,
2828 1018 2926 1070 καὶ
2952 1016 3159 1084 ταύτης
3194 1013 3338 1068 οὕτω
3365 1032 3641 1083 κηρυττο-

2042 1110 2232 1178 μένης.
2277 1108 2453 1162 νεύειν
2522 1110 2652 1170 τοὺς
2712 1108 2947 1161 ἐνταῦθα
2977 1107 3111 1177 πρὸς
3147 1109 3208 1160 τὸ
3236 1107 3513 1177 εἰρηνικὸν
3543 1108 3640 1158 καὶ

2040 1204 2360 1271 φιλάδελφον
2422 1206 2748 1274 εἰσηγεῖται.
2812 1205 2918 1256 Καὶ
2972 1203 3152 1271 λόγοις
3212 1204 3492 1263 ίκετὰοῖς,
3544 1202 3641 1254 καὶ

2041 1295 2452 1363 παρακλήσεσιν
2500 1292 2969 1361 ὑπερϐαλλούσαις
3001 1296 3093 1347 τὸν
3127 1296 3645 1347 Κωνσταντινουπό-

2038 1384 2176 1447 λεως
2205 1376 2488 1452 ἐπείγεται
2524 1385 2840 1454 μεταθεῖναι
2873 1385 3009 1454 πρὸς
3030 1385 3092 1437 τὸ
3123 1389 3220 1453 τῆς
3254 1386 3511 1451 ὁμονοίας
3542 1403 3645 1438 κα-

2038 1474 2152 1529 λόν.
2193 1475 2362 1530 ’Ὀθεν
2395 1476 2489 1529 καὶ
2515 1476 2881 1546 παρατίθησιν
2906 1477 2987 1538 είς
3014 1475 3365 1544 παράδειγμα
3404 1474 3464 1528 τὸ
3495 1477 3551 1528 ἐν
3573 1479 3640 1546 τῇ

2040 1567 2388 1638 εὑαγεστάτῃ
2421 1569 2556 1637 μονῇ
2596 1566 2689 1618 τοῦ
2724 1565 2975 1618 Στουδίου
3013 1565 3320 1633 τηνικαῦτα
3379 1566 3644 1636 τελούμεο

2040 1674 2131 1710 νον
2189 1657 2554 1710 ἀνακόλουθον
2598 1659 2665 1725 τῇ
2698 1657 3123 1726 ἐκκλησιαστικῇ
3177 1656 3478 1724 παραδόσει
3510 1672 3526 1688 ο
3579 1656 3644 1709 τὸ

2040 1748 2165 1817 τοὺς
2194 1749 2471 1809 διακόνους
2503 1747 2823 1813 ζώννυσθαι,
2857 1748 2950 1799 καὶ
3008 1747 3081 1815 μὴ
3134 1746 3362 1813 δυνηθὲν
3399 1746 3645 1815 ἐκκοπῆ-

2044 1860 2131 1895 ναι
2189 1843 2303 1905 τοῖς
2351 1840 2523 1893 πολλὰ
2582 1834 2880 1892 κοπιάσασι
2934 1838 3030 1891 καὶ
3084 1836 3512 1906 μοχθήσασιτοῦ
3569 1834 3647 1906 μὴ

2043 1932 2273 1988 δυνατὶν
2353 1932 2658 2000 ἀποστῆσαι
2721 1928 3032 1998 Ῥωμαίους
3083 1926 3180 1981 τοῦ
3240 1929 3649 1996 κεκρατηκότος

2043 2024 2217 2087 ἔθους.
2267 2022 2410 2077 οὕτω
2464 2023 2696 2094 γράφειν
2747 2039 2806 2075 τε
2837 2023 2932 2075 καὶ
2980 2021 3272 2091 κηρύττειν
3300 2059 3318 2090 ,
3359 2021 3555 2088 λέγων,
3581 2002 3649 2075 Εἰ

2044 2116 2427 2187 περιγενέσθαι
2486 2117 2595 2169 τῶν
2643 2117 2941 2169 τελούντων
2963 2114 3054 2185 ὑφ’
3084 2117 3234 2185 ἡμᾶς
3257 2117 3319 2167 οὐ
3346 2115 3647 2183 δυνάμεθα,

2045 2209 2163 2272 πῶς
2194 2207 2440 2271 ἐκείνους
2469 2210 2578 2262 τῶν
2631 2210 2787 2262 ίδίων
2831 2209 3041 2279 ὲθίμων
3093 2209 3363 2276 ἐκστῆσαι
3419 2207 3650 2276 δυνησό-

2048 2294 2223 2369 μεθας
2255 2299 2377 2352 "Et;
2413 2317 2474 2365 γε
2500 2300 2607 2368 μὴν
2635 2300 3014 2369 ἐπιμέμφεται
3040 2301 3177 2370 πρὸς
3211 2300 3381 2352 τῶνδε
3416 2300 3649 2351 πλεῖστα

2044 2387 2140 2441 τοῦ
2170 2389 2419 2441 τοιούτου
2445 2390 3078 2458 Κωνσταντινουπόλεως
3108 2389 3547 2460 χαρτοφύλακος,
3572 2390 3653 2452 ὡς

2046 2479 2105 2530 ἐν
2137 2481 2248 2541 τοῖς
2279 2477 2416 2546 πρὸς
2450 2479 2613 2532 αὐτὸν
2647 2480 2742 2531 τοῦ
2782 2478 2914 2532 ίδίου
2963 2483 3308 2550 πατριάρχου
3347 2478 3652 2550 γράμμασι

2045 2571 2345 2640 γεγραφότι
2376 2571 2545 2625 πάλαι
2571 2572 2663 2625 τοῦ
2696 2573 2897 2626 πάππα
2924 2573 3022 2641 τῆς
3042 2573 3338 2642 ἀναφορᾶς.
3378 2570 3472 2623 τοῦ
3523 2569 3656 2622 (ivd-

2048 2676 2218 2729 ματος
2283 2660 2390 2713 ἀπὸ
2474 2663 2575 2731 τῆς
2634 2663 2798 2731 ἁγίας
2874 2658 2971 2716 καί⁸
3028 2661 3415 2729 οίκουμενικῆς
3479 2660 3656 2731 ἕκτης

2048 2748 2269 2804 συνόδου
2297 2754 2551 2816 γενέσθαι
2578 2756 2678 2823 τὴν
2703 2756 2969 2824 ἐκκοπὴν.
3003 2751 3116 2806 Καὶ
3141 2751 3330 2805 τοῦτον
3357 2752 3654 2817 ὀνειδίσας,

2046 2842 2121 2905 ὡς
2168 2844 2267 2913 τῆς
2314 2838 2637 2913 Ἑλληνικῆς
2671 2843 2861 2912 σοφίας
2920 2843 3371 2913 ἐπιμελούμενον,
3436 2842 3660 2911 ἀμελῶς

2052 2937 2183 3005 περὶ
2222 2936 2289 2987 τὰ
2317 2937 2749 3003 ὲκκλησιαστικὰ
2777 2931 3107 3000 διακεῖσθαι,
3160 2936 3451 2988 πιστοῦται
3517 2938 3661 3003 μάρ-

2049 3043 2190 3097 τυρα
2221 3028 2398 3090 διδοὺς
2452 3026 2645 3081 ἑαυτὸν
2678 3031 3117 3099 ἁπαράγραπτον
3166 3029 3223 3080 ὲν
3285 3031 3351 3096 τῇ
3425 3026 3659 3096 βασιλίδι

2047 3120 2157 3172 τῶν
2181 3120 2387 3174 πόλεων
2415 3121 2521 3191 πρὸ
2562 3121 2770 3191 χρόνων
2808 3120 2966 3174 πέντε
2991 3118 3084 3172 καὶ
3108 3120 3522 3189 τεσσαράκοντα
3559 3119 3659 3170 τὸν

2059 3212 2283 3282 Ῥώμης
2334 3213 2391 3264 ἐν
2446 3214 2559 3274 τοῖς
2614 3213 2778 3282 ἱεροῖς
2823 3194 3103 3281 διπτύχοις
3143 3210 3282 3278 μετᾶ
3333 3211 3442 3263 τῶν
3480 3208 3659 3262 ἄλλων

361 3301 643 3377 gentilium
671 3302 951 3367 sapientia:
973 3300 1243 3366 addictus,
1272 3316 1356 3355 res
1381 3301 1779 3356 ecclesiasticas
1802 3302 1942 3355 osci-

2058 3304 2405 3375 πατριαρχῶν
2437 3305 2829 3374 ἀναφέρεσθαι.
2867 3304 2926 3357 '0
2957 3302 3086 3371 γοῦν
3119 3302 3275 3365 εἰδὼς
3301 3301 3370 3354 τὰ
3423 3302 3517 3355 τοῦ
3554 3319 3662 3371 με·

363 3398 545 3443 tanter
589 3389 904 3457 negligeret,
952 3391 1031 3443 uti
1086 3389 1300 3443 ﬁrmum
1354 3391 1542 3452 tradit,
1593 3392 1950 3457 semetipsum

365 3486 556 3530 testem
591 3476 709 3530 sine
738 3478 846 3530 ttlla
879 3481 1197 3546 exceptione
1228 3478 1518 3540 exhibens,
1549 3481 1603 3532 in
1640 3482 1821 3549 regina
1857 3498 1954 3534 ur-

365 3565 512 3619 bium
541 3574 668 3621 aute
692 3582 868 3622 annos
891 3568 1135 3637 quinque
1158 3578 1207 3621 et
1238 3570 1623 3639 quadraginta,
1651 3570 1954 3642 Romanum

365 3659 677 3727 pontiﬁcem
709 3659 761 3713 in
791 3661 964 3714 sacris
989 3660 1261 3730 diptychis
1292 3677 1397 3715 una
1427 3677 1548 3716 cum
1576 3662 1699 3716 aliis
1726 3663 1955 3729 patriar-

365 3749 486 3805 chis
519 3752 816 3807 ceusitum.
849 3750 952 3817 Qui
989 3752 1157 3821 igitur
1189 3769 1276 3808 res
1311 3755 1491 3823 magni
1530 3754 1751 3833 Maximi
1788 3766 1955 3820 tenet,

366 3858 572 3912 easque
612 3844 799 3899 animo
832 3846 1004 3899 volvit
1070 3846 1314 3914 (revocat
1350 3862 1589 3916 namque
1627 3866 1724 3901 nos
1766 3865 1959 3903 rursus

367 3937 435 3990 ad
486 3939 633 3993 illius
682 3942 1006 4005 memoriam
1057 3942 1330 3997 dictorum
1382 3944 1729 4014 necessitas).
1761 3955 1815 4000 et
1845 3946 1957 4016 jam

370 4028 575 4082 laudati
631 4029 962 4087 Autiocheni
1016 4033 1159 4088 dicta
1219 4034 1480 4090 meditate
1533 4037 1849 4101 examinat,
1904 4038 1958 4091 in

369 4121 608 4175 Maximo
650 4124 870 4192 quidam
914 4125 1186 4196 dogmatis
1226 4117 1601 4182 defensionem
1645 4141 1827 4199 aperte
1866 4133 1962 4185 dc-

369 4215 693 4283 prehendet,
725 4227 777 4269 ct
804 4231 1021 4284 causas,
1057 4218 1127 4271 ob
1158 4235 1295 4288 quas
1330 4231 1555 4285 temere,
1588 4232 1645 4277 ut
1680 4224 1865 4289 tradit,
1898 4241 1964 4279 eo

374 4314 619 4373 tempore
655 4307 1297 4381 eriminaristudehant,
1334 4310 1482 4364 Petri
1520 4327 1649 4366 vero
1682 4328 1964 4370 sermones

372 4395 427 4449 in
468 4398 699 4465 epistola
740 4398 806 4453 ad
845 4414 942 4455 eos
983 4401 1075 4470 qui
1123 4401 1423 4456 scissuram
1465 4404 1780 4468 elfecerant,
1818 4407 1965 4460 addi-

374 4489 579 4542 tionem
618 4490 672 4542 in
711 4490 970 4560 Symbolo
1006 4493 1494 4561 reprehendentes,
1531 4503 1584 4548 et
1619 4496 1723 4549 alia
1762 4497 1965 4565 quibus

374 4583 753 4653 imponeretur
787 4584 1073 4651 Romanis,
1114 4600 1169 4642 et
1210 4588 1494 4642 barbaries
1535 4590 1642 4643 illis
1683 4592 1963 4661 objicitur,

374 4685 429 4730 et
458 4679 657 4732 mentis
682 4678 949 4739 defectus.
980 4679 1213 4734 dictatus
1241 4696 1364 4735 esse
1394 4682 1459 4734 ad
1493 4681 1820 4743 medicinam
1854 4685 1972 4738 alis-

377 4786 484 4839 que
511 4770 681 4824 dubio
713 4771 989 4826 ferendam
1018 4772 1106 4835 iis,
1134 4771 1337 4841 quibus
1364 4772 1565 4827 similia
1588 4774 1970 4836 mittebantur,

377 4862 638 4929 tanquam
699 4862 791 4928 qui
851 4863 1268 4918 accusatoribus
1350 4864 1735 4928 enuntiarent,
1800 4881 1976 4934 neque

380 4954 575 5017 Deum,
627 4939 826 5022 neque
860 4953 1017 5008 iidem
1075 4970 1172 5024 per
1222 4955 1554 5009 additionem
1611 4958 1663 5009 in
1724 4959 1972 5025 periculo

379 5043 538 5105 verti,
585 5057 649 5098 ea
685 5057 845 5111 vero,
879 5059 1000 5113 qua:
1031 5046 1341 5100 concordiae
1372 5056 1529 5109 sunt,
1563 5046 1817 5115 amplecti
1852 5062 1973 5101 sua-

381 5138 606 5201 derent,
638 5151 814 5207 neque
845 5152 971 5201 eos,
1003 5137 1095 5206 qui
1131 5153 1320 5206 pacein
1353 5152 1417 5192 ac
1447 5138 1682 5206 quietem
1714 5138 1969 5192 eximiam

384 5229 735 5283 introducere
761 5242 1054 5293 conantur,
1075 5212 1331 5300 abjicere.
1359 5229 1569 5285 interea
1596 5246 1660 5283 cx
1688 5247 1751 5283 eo
1777 5231 1843 5285 ad
1875 5232 1974 5286 hoc

386 5328 604 5389 tempus
632 5322 974 5377 interval'um
1004 5324 1189 5377 animo
1215 5321 1459 5391 agitabit.
1488 5332 1541 5376 et
1570 5305 1760 5376 vanam
1791 5338 1855 5378 ac
1882 5339 1982 5378 nu-

388 5427 574 5477 gacem
610 5416 993 5480 loquacitatem
1029 5415 1178 5469 nullo
1208 5416 1364 5468 ﬁrmo
1391 5414 1490 5467 niti
1522 5414 1875 5484 fundamento
1907 5416 1982 5468 in.

391 5503 627 5572 telliget,
664 5515 777 5556 tum
809 5521 1002 5560 eorum
1038 5507 1130 5575 qui
1163 5521 1192 5559 a
1227 5516 1415 5561 sancta
1445 5517 1597 5560 sexta
1630 5506 1850 5577 Synodo
1878 5506 1964 5561 dis

391 5595 589 5663 sidiiun
637 5597 1008 5652 introductum
1054 5596 1320 5657 fatentur,
1357 5605 1473 5650 tum
1510 5611 1702 5650 eorum
1739 5597 1834 5666 qui
1877 5597 1981 5652 hoc

395 5684 573 5751 ipsum
607 5668 824 5756 negant,
859 5699 911 5741 et
940 5688 1139 5743 Pbotio
1168 5688 1402 5743 similem
1438 5688 1847 5741 innovationem
1879 5703 1979 5755 ap-

399 5777 649 5845 pingunt,
674 5789 728 5834 et
758 5780 904 5836 illius
932 5780 1218 5835 eversione
1244 5779 1491 5834 eamdem
1521 5794 1740 5849 quoque
1766 5779 1984 5834 destru-

399 5876 541 5920 ctam
571 5869 918 5940 confitentur,
949 5881 1003 5928 et
1031 5870 1363 5926 additionem
1397 5870 1451 5924 in
1486 5869 1745 5940 Symbolo
1778 5867 1981 5926 Roma-

2058 3397 2223 3464 γάλου
2258 3398 2512 3468 Μαξίμου
2540 3399 2633 3450 καὶ
2661 3398 2737 3466 τῷ
2768 3395 2849 3450 νοῒ
2906 3399 3247 3466 περιφέρων,
3309 3396 3495 3463 ἐνάγει
3550 3397 3663 3465 γὰρ

2060 3492 2151 3542 καὶ
2183 3490 2343 3543 πάλιν
2375 3491 2523 3560 ἡμᾶς
2561 3491 2639 3553 είς
2667 3488 2764 3560 τὴν
2813 3491 3003 3543 τούτου
3041 3490 3267 3558 μνήμην
3317 3489 3350 3557 ἡ
3408 3489 3515 3540 τῶν
3570 3488 3663 3540 λε-

2059 3584 2308 3648 γομένων
2349 3583 2590 3652 ἀνάγκη,
2663 3581 2759 3635 καὶ
2811 3582 2879 3634 τά
2930 3579 3024 3633 τοῦ
3079 3576 3386 3648 δηλωθένος
3456 3580 3665 3633 Ἀντιο-

2060 3676 2212 3742 χείας
2243 3673 2488 3727 ἐπελθὼν
2529 3674 2916 3743 ἐσκεμμένως,
2949 3666 3159 3725 ἐκείνου
3189 3672 3285 3741 μὲν
3320 3672 3422 3741 τὴν
3467 3673 3550 3733 είς
3601 3673 3663 3725 τὸ

2060 3766 2235 3832 δόγμα
2267 3766 2523 3832 καθαρῶς
2555 3766 2934 3836 ὑπερηγορίαν
2966 3765 3366 3834 ἀντιλογήσεται
3390 3805 3404 3826 ,
3434 3765 3531 3817 καὶ
3562 3764 3663 3826 τὰς

2062 3857 2244 3921 αἰτίας
2274 3856 2333 3922 ἐξ
2364 3851 2440 3910 ὧν
2486 3874 2652 3928 φησιν
2685 3858 2892 3918 ἐκεῖνος
2932 3855 3043 3908 τῶν
3085 3855 3341 3923 διακενῆς
3395 3856 3517 3908 τότε
3564 3855 3664 3924 ζηο

2062 3936 2300 4002 τούντων
2321 3948 2707 4009 ὲπιλαὸἐσθαι,
2741 3947 2932 4001 τούτου
2955 3947 3012 3999 δὲ
3041 3948 3237 4013 λόγους
3264 3945 3392 4009 τοὺς
3444 3948 3502 3999 ἐν
3542 3947 3664 3997 ἐπι-

2066 4040 2225 4109 στολῇ
2268 4039 2405 4111 πρδς
2437 4039 2563 4102 τοὺς
2598 4038 2993 4108 εἰργασμένους
3018 4039 3077 4091 τὸ
3109 4038 3319 4109 ῥῆγμα,
3356 4039 3458 4105 τὴν
3495 4052 3664 4105 προσ-

2066 4133 2243 4203 θήκην
2310 4132 2408 4202 μὲν
2469 4135 2526 4184 ἐν
2564 4130 2641 4200 τῷ
2684 4131 2948 4200 Συμϐόλῳ
2986 4130 3334 4194 κακίζοντας,
3395 4129 3487 4182 καί
3538 4144 3665 4181 τινα

2066 4222 2459 4291 καθαπτόμενοι
2505 4222 2794 4292 Ῥωμαίων
2822 4225 2902 4284 είς
2932 4221 3317 4291 βαρϐαρότητα
3351 4218 3536 4288 δῆθεν,
3569 4222 3664 4273 καὶ

2066 4311 2319 4376 γνώσεως
2341 4312 2656 4383 ὑστέρησιν,
2688 4314 2781 4365 ἐπὶ
2806 4308 3077 4382 θεραπείᾳ
3107 4311 3365 4381 προδήλῳ
3385 4311 3494 4363 τῶν
3527 4310 3666 4378 πρὸς

2068 4402 2161 4465 οὓς
2200 4404 2267 4456 τά
2301 4404 2529 4456 τοιαῦτα
2584 4403 2931 4472 συνείροντας
2962 4418 2977 4433 ⁸
3024 4388 3101 4465 ὡς
3152 4402 3209 4455 δὲ
3254 4402 3328 4473 μὴ
3385 4402 3537 4464 Θεὸν,
3592 4400 3666 4473 μὴ

2070 4496 2253 4547 πίστιν
2274 4491 2426 4548 ἐἶναι
2455 4495 2513 4547 τὸ
2544 4494 2986 4564 κινδυνευόμενον
3024 4494 3094 4547 δι’
3130 4495 3302 4561 αὐτὴν
3351 4491 3666 4561 διαγγελλοο

2077 4584 2246 4655 μένην
2274 4586 2386 4647 τοῖς
2418 4584 2814 4649 διαγγέλλουσι,
2841 4584 2908 4636 τὰ
2936 4582 3036 4653 τῆς
3077 4583 3334 4651 ὁμονοίας
3393 4585 3665 4650 στέργειν,

2080 4676 2173 4728 καὶ
2199 4675 2273 4745 μὴ
2301 4674 2640 4727 ἀπωθεῖσθαι
2673 4674 2735 4727 τδ
2764 4675 3143 4743 δυσωπητικδν
3184 4675 3507 4742 εἰσάγοντας
3572 4677 3669 4727 ἁν-

2079 4767 2440 4837 υπέρσλητον.
2473 4763 2607 4819 Εἶτα
2637 4768 2731 4819 καὶ
2752 4767 2815 4819 τὸ
2846 4766 3056 4819 ικεῑθεν
3093 4767 3256 4837 μέχρι
3286 4766 3454 4818 τῶνδε
3485 4764 3673 4819 τοσοῦ-

2076 4874 2169 4911 τον
2227 4858 2504 4928 διάστημα
2535 4858 2786 4928 κρονικόν
2826 4858 3161 4927 ἀναπολήσει
3219 4857 3361 4911 κατὰ
3410 4857 3668 4921 διάνοιαν,

2077 4952 2168 5003 καὶ
2190 4950 2257 5003 τὸ
2282 4949 2390 5003 τῶν
2420 4950 2804 5025 εὑρεσιλογιῶν
2836 4951 3233 5014 ἀνυπόστατον,
3263 4950 3372 5001 τῶν
3407 4951 3528 5020 μὲν,
3564 4949 3674 5002 ἀπὸ

2076 5043 2174 5111 τῆς
2207 5043 2371 5110 ἁγίας
2403 5042 2570 5113 ἕκτης
2604 5043 2824 5096 συνόδου
2856 5042 2923 5096 τὰ
2947 5043 3047 5111 τῆς
3099 5041 3439 5102 διαστάσεως
3487 5042 3676 5093 ἐπεισ-

2083 5135 2290 5205 φρῆσαι
2312 5121 2653 5204 φασκόντων,
2679 5138 2745 5205 τῇ
2776 5135 2822 5187 δ’
2843 5136 3124 5204 ἀνατροπῇ
3163 5134 3671 5204 συνανατραπῆναι,

2085 5226 2316 5281 καὶτῶν
2340 5227 2396 5278 δὲ
2416 5225 2513 5280 νῦν
2534 5226 2632 5295 οὐχ
2664 5225 2857 5289 οὕτως,
2909 5225 3045 5278 ἀλλὰ
3099 5225 3293 5294 Φωτίῳ
3348 5240 3677 5295 καινουργη-

2087 5317 2246 5386 θῆναι
2301 5318 2850 5389 καθομολογούντων,
2904 5317 3002 5372 καὶ
3052 5318 3215 5373 πάλιν
3269 5316 3677 5389 ἀνατραπῆναι,

2089 5412 2186 5463 καὶ
2211 5409 2309 5480 τὴν
2340 5401 2967 5479 προσθήκηνῬωμαίοις
2990 5409 3047 5461 ὲν
3067 5408 3142 5478 τῷ
3163 5408 3430 5479 Συμϐόλῳ
3457 5423 3682 5475 προστι-

2089 5503 2353 5571 θεμένων,
2382 5503 2475 5554 καὶ
2508 5500 2693 5569 σφίσιν
2717 5499 2873 5561 αὖθις
2899 5499 2976 5562 ὼς
3020 5500 3419 5568 ἁνανεωθεὶσης
3445 5514 3685 5553 συνανι-

2088 5591 2378 5662 νεωθῆναι,
2440 5591 2537 5644 καὶ
2567 5590 2708 5643 κατὰ
2735 5589 2828 5643 τοῦ
2858 5591 3329 5661 ἐπικρατήσαντος
3356 5589 3683 5658 σχίσματος,

2090 5683 2236 5753 ἅπερ
2290 5681 2569 5750 ἀνεμώλια
2622 5681 2917 5747 δείκνυσιν,
2973 5676 3054 5745 οἷς
3119 5698 3286 5750 φησιν
3352 5680 3686 5735 ἐπιστέλλων

2088 5776 2117 5828 ό
2143 5776 2242 5844 τῆς
2288 5774 2563 5844 Ἀντιόχου
2594 5773 2756 5841 σοφός
2813 5773 3154 5843 ἁρχιποίμην
3197 5774 3259 5823 ὲκ
3315 5771 3422 5824 τῶν
3448 5770 3679 5842 χρόνων,

2086 5859 2162 5923 ὧν
2185 5864 2564 5936 διαλαμϐάνει,
2600 5863 2662 5918 ἐκ
2693 5880 2751 5917 τε
2790 5864 2883 5917 τοῦ
2915 5864 3101 5917 καλεῖν
3130 5862 3317 5932 ἔθιμον
3380 5862 3691 5933 Ῥωμαίοις
