4072 6400
1493 375 1528 386 κ

337 487 471 551 1417

1683 473 2184 539 FRAGMENTA.

3473 475 3527 540 Η
3546 482 3610 543 P3

313 599 455 656 οὕτω
481 600 711 672 γράφειν
739 618 798 654 τε
824 601 919 656 καὶ
951 598 1263 671 κηρύττειν,
1305 597 1398 652 καὶ
1427 593 1522 650 τοῦ
1559 593 1635 665 μὴ
1666 591 1891 646 δυνατδν

2002 590 2083 645 nis
2109 590 2412 657 obiectant,
2437 597 2493 645 et
2523 603 2646 645 cum
2677 603 2739 645 ea
2765 588 2882 660 jam
2917 587 3160 644 rediviva
3192 589 3425 656 dissidii,
3457 595 3603 660 quod

313 693 484 754 άλλως
516 692 707 745 ἐκτῶν
743 693 824 749 είς
863 691 1025 744 τοῦτο
1074 688 1563 759 παραδειγμάτων,
1618 683 1763 736 ὥστε
1817 683 1894 751 μὴ

313 779 497 849 χώραν
526 779 587 831 τὸ
618 778 956 848 παλίμϐολον
979 777 1123 848 ἔχειν
1170 777 1424 840 ἐκείνοις,
1465 773 1600 828 ἀλλά
1662 771 1756 826 καὶ
1803 770 1896 823 τοῦ

312 869 412 938 τὴν
438 868 727 938 ὁμολογίαν
782 866 1128 938 ύπερςρεροῦς
1170 864 1449 934 Μαξίμου,
1495 862 1652 925 ἔθους
1713 861 1900 923 αὐτοῖς

316 960 716 1030 κεκρατηκότος
739 957 885 1012 οὕτω
925 959 1097 1012 ποιεῖν
1139 956 1237 1012 καὶ
1271 957 1506 1026 γράφειν
1551 951 1897 1022 διαγορεύον-

313 1069 424 1115 τος.
470 1054 530 1105 Ὀ
559 1051 690 1120 γοῦν
723 1051 881 1116 εἰδὼς
912 1050 1088 1105 ταῦτα
1124 1050 1309 1113 καθὼς
1371 1049 1592 1118 ἔχουσιν
1637 1043 1900 1116 ἀληθείας

314 1142 716 1211 ἀναλογίσαιτο,
742 1141 860 1206 πῶς
897 1141 1018 1196 ποτ’
1073 1142 1141 1196 ἂν
1193 1141 1418 1210 φήσειεν
1466 1136 1776 1208 όρθοποδεῖν
1838 1134 1899 1187 τὸ

315 1235 523 1304 σχίσμα
571 1235 692 1287 κατ’
721 1233 890 1304 αὐτὴν
913 1234 1014 1304 τὴν
1043 1234 1154 1286 τῶν
1205 1230 1549 1302 πραγμάτων
1610 1228 1711 1299 τῆς
1761 1227 1898 1297 ἀλη-

315 1325 466 1390 θείας
498 1327 827 1398 συντήρησιν
864 1343 879 1360 ’
904 1327 1020 1390 πῶς
1054 1325 1120 1380 ἂν
1152 1324 1312 1388 ὅλως,
1337 1323 1468 1377 ἔνθα
1487 1322 1713 1390 τοιαύτη
1752 1335 1837 1382 τις
1864 1321 1898 1388 ἡ

314 1417 380 1470 ἐκ
411 1417 728 1486 μαρτυριῶν
761 1415 1097 1483 ἀξιοπιστία,
1122 1415 1248 1469 ἔνθα
1281 1416 1381 1484 τῆς
1426 1413 1532 1466 τῶν
1561 1411 1734 1481 ἁγίων
1789 1410 1900 1464 διτ-

315 1509 424 1562 τῶν
460 1510 860 1580 οἰκουμενικῶν
885 1511 1053 1580 ἕκτης
1111 1526 1174 1564 τε
1216 1509 1310 1562 καὶ
1365 1508 1600 1578 ἑϐδόμης
1656 1505 1899 1575 ἐγεγόνει

319 1600 685 1664 συνελεύσεως
730 1603 763 1671 ή
821 1601 1210 1672 συγκρότησις,
1262 1599 1350 1653 διὰ
1410 1598 1590 1670 μέσων
1640 1594 1906 1649 ἐνιαυτῶν

317 1692 412 1748 τοῦ
470 1694 569 1765 τὴν
621 1695 940 1765 προσθήκην
991 1695 1085 1746 καὶ
1133 1691 1449 1762 γράφεσθαι
1490 1687 1771 1761 πανταχοῦ
1800 1689 1895 1742 καὶ

317 1787 691 1857 κηρύττεσθαι
731 1786 872 1841 κατά
897 1786 995 1849 τὰς
1040 1786 1151 1839 τῶν
1182 1785 1487 1855 εἰρημένων
1534 1783 1897 1851 περιωνύμων

317 1878 636 1945 πιστώσεις,
663 1878 759 1932 τοῦ
794 1878 894 1949 μὲν
923 1879 1014 1930 ἐπὶ
1031 1875 1408 1948 ὁμολογίᾳκαὶ
1434 1875 1598 1945 λοιπῇ
1626 1872 1896 1942 ἁγιότητι,

2002 680 2279 737 Ecclesiae
2297 682 2606 750 occupavit,
2627 681 2904 751 negotium
2925 681 3036 750 jam
3062 690 3383 734 renovatum
3407 680 3604 738 fuisse.

2003 773 2137 840 Quae
2187 775 2368 830 omnia
2421 785 2628 829 temere
2678 790 2742 829 ac
2791 773 3026 828 inaniter
3070 773 3215 828 dicta
3261 774 3598 827 Antiocheni

2001 866 2306 922 doctissimi
2339 866 2588 936 praesulis
2614 866 2817 934 scripta
2847 865 2900 919 in
2928 865 3163 934 epistola
3195 865 3451 934 probant,
3487 873 3605 918 tum

2002 956 2186 1022 annis,
2241 971 2382 1024 quos
2431 955 2520 1009 ille
2571 961 2878 1022 computat,
2931 961 3045 1006 tum
3096 967 3162 1006 ex
3216 951 3608 1006 Romanomm»

2004 1048 2323 1104 continuata
2353 1035 2771 1107 consuetudine,
2800 1061 2861 1099 ca
2895 1045 3108 1098 ratione
3141 1044 3417 1097 scribendi
3453 1059 3590 1113 prae-

2001 1141 2352 1210 dicandique,
2390 1149 2506 1194 tum
2552 1139 2740 1205 etiam,
2784 1138 2930 1205 quod
2979 1137 3096 1192 ﬁeri
3147 1144 3404 1206 nequeat,
3449 1144 3508 1190 ut.
3549 1145 3605 1191 ct

2002 1233 2254 1288 adductis
2288 1233 2552 1300 exemplis
2587 1230 2933 1295 constabilit,
2964 1229 3284 1284 eorumdem
3322 1228 3596 1281 sententia

2003 1327 2359 1392 immutetur;
2407 1325 2501 1380 sed
2548 1334 2605 1380 et
2648 1306 3009 1378 assertionem
3057 1321 3292 1376 celebris
3345 1320 3608 1386 lliaximi,

2001 1433 2097 1474 cos
2131 1432 2228 1486 pro
2260 1431 2361 1471 suo
2395 1429 2548 1468 more
2579 1414 2885 1468 inveterato
2918 1413 2994 1466 ita
3027 1410 3209 1465 facere
3240 1411 3402 1464 scrib:
3425 1425 3600 1478 reque

2004 1505 2290 1561 tradentis.
2318 1505 2422 1572 Qui
2452 1519 2582 1574 ergo
2610 1504 2714 1558 ista
2745 1503 2982 1557 similem
3017 1500 3406 1555 ﬁrmitudinem
3442 1508 3598 1554 nacta

2001 1600 2335 1665 considerat,
2388 1612 2628 1667 quanam
2679 1610 2917 1664 unquam
2971 1594 3186 1648 ratione
3238 1593 3600 1649 asseverabitv

2001 1692 2292 1749 dissidium
2325 1698 2473 1745 recte
2503 1689 2780 1751 incedere,
2813 1687 2858 1743 si
2890 1687 2956 1741 ad
2991 1701 3102 1749 res,
3134 1686 3210 1740 uti
3244 1695 3410 1754 gesta:
3442 1695 3596 1754 sunt,

2001 1784 2358 1840 conferatur?
2389 1782 2509 1849 Quo
2543 1781 2670 1836 item
2708 1781 2906 1846 modo,
2943 1779 3034 1833 ubi
3076 1778 3200 1834 talis
3237 1795 3299 1834 ac
3333 1790 3482 1834 tanta
3519 1789 3603 1833 te-

2003 1877 2168 1932 stium
2201 1877 2515 1944 incorrnpta
2550 1873 2684 1928 ﬁdes
2720 1870 3044 1938 intercedit,
3079 1883 3138 1925 ut
3166 1882 3249 1926 est
3279 1878 3605 1926 sanctarum

315 1968 411 2022 τοῦ
450 1970 507 2022 δὲ
658 1941 1033 2040 πατριαρχικῇ
1065 1941 1183 2022 ⁷καὶ
1210 1941 1443 2037 τριλοθέιρ
1477 1941 1894 2035 μεγαλειότητι·

2005 1970 2237 2025 duarum
2276 1966 3112 2044 meumenicarumsynodorum
3157 1983 3261 2019 una
3302 1981 3600 2036 congrega-

317 2063 415 2116 καὶ
438 2062 621 2125 καθὼς
645 2062 1022 2133 ἐντελὲστερον
1057 2061 1199 2116 κατά
1255 2077 1314 2113 τε
1377 2058 1478 2130 τὴν
1522 2057 1900 2129 ἀπαρίθμησιν

315 2153 426 2206 τῶν
455 2154 611 2217 ἑτῶν,
641 2154 734 2206 καὶ
759 2153 951 2223 λοιπὴν
973 2152 1209 2216 ἔκθεσιν,
1241 2154 1291 2205 oi
1338 2152 1437 2221 τῆς
1496 2152 1781 2221 ἡμετέρας.
1821 2149 1904 2221 βί-

315 2243 446 2296 ϐλου
473 2244 618 2311 λόγοι
647 2244 1064 2314 παρατιθέασιν.
1103 2242 1196 2308 Ἐξ
1219 2237 1294 2298 ὧν
1317 2245 1424 2314 ἄρα
1456 2244 1551 2297 καὶ
1580 2245 1750 2314 χωρὶς
1791 2243 1901 2296 τῶν

317 2337 723 2407 διειλημμένων
761 2337 1040 2407 ἀκραιφνῆ
1099 2337 1253 2405 σχοίη
1309 2336 1376 2388 ἂν
1431 2336 1459 2388 ό
1503 2334 1900 2405 βεϐουλημένος

317 2429 647 2500 φανέρωσιν.
673 2428 748 2492 ὡς
776 2430 835 2482 οὐ
864 2430 952 2481 διὰ
977 2427 1133 2495 λόγον
1153 2427 1445 2497 δόγματος,
1474 2427 1507 2497 ἢ
1551 2425 1895 2497 προσθήκης.

314 2521 349 2590 ὴ
382 2520 480 2588 τῆς
505 2521 842 2583 διαστάσεως
868 2519 1292 2590 παρεισεφθάρη
1350 2519 1635 2588 σκαιότης,
1677 2519 1790 2573 ἀλλ’
1832 2521 1905 2574 ἐκ·

317 2611 648 2680 σωματικῶν
676 2613 736 2664 τὸ
766 2611 987 2682 σύμπαν
1027 2611 1217 2664 αίτιῶν
1247 2612 1344 2665 καὶ
1367 2611 1764 2681 συ-μπτώσεων,
1798 2612 1898 2682 τῆς

320 2701 418 2770 μὲν
446 2703 716 2772 προτέρας
747 2702 812 2754 ὲκ
843 2703 943 2771 τῆς
977 2701 1066 2754 τοῦ
1104 2703 1311 2754 Φωτίου
1343 2702 1639 2772 φιλαρχίας
1678 2702 1895 2755 καὶτῶν

313 2793 568 2847 ἐντεῦθεν
604 2794 1191 2865 παρηκολουθηκότων,
1231 2795 1328 2864 τῆς
1380 2795 1437 2848 δὲ
1493 2796 1753 2867 δευτέρας
1801 2795 1898 2848 καὶ

314 2888 765 2959 ὲπικρατησάσης
796 2887 862 2941 ἐκ
895 2905 951 2942 τε
968 2888 1075 2940 τῶν
1100 2888 1239 2941 κατὰ
1261 2889 1357 2957 τὴν
1384 2888 1634 2941 Σικελίαν
1663 2890 1899 2958 ἐπισυμ-

315 2980 630 3050 ϐεϐηκότων
659 2982 739 3051 τῷ
769 2981 1062 3053 στρατηγῷ
1109 2980 1364 3052 Μανιάκῃ
1414 2981 1766 3052 διεγερτικῶν
1815 2983 1897 3046 είς

316 3074 680 3139 ἀποστασίαν,
715 3073 778 3127 ί-Ξκ
810 3089 870 3126 τε
892 3075 1026 3139 τῶν,
1053 3067 1126 3126 ὧν
1145 3073 1205 3137 ἐξ
1231 3072 1418 3144 ἑτέρου
1468 3061 1673 3142 μέρους
1697 3075 1725 3127 ό
1765 3073 1900 3127 Ἰτα-

315 3167 400 3230 λὸς
423 3167 684 3240 ’Δργυρὸς
708 3167 895 3229 δολίως
915 3167 1008 3220 καὶ
1029 3170 1337 3236 περιέργως
1360 3165 1898 3239 ἑδραματούργησεν.

2008 2069 2188 2116 tarum
2242 2059 2601 2130 conspiratio,
2644 2075 2878 2129 quarum
2937 2059 3099 2114 annis
3151 2059 3600 2128 iuterjaecntibus

2007 2153 2218 2209 additio
2246 2161 2302 2208 et
2329 2153 2673 2209 scribebatur
2702 2152 2838 2208 locis
2871 2153 2924 2206 in
2956 2152 3216 2205 omnibus
3247 2160 3302 2205 et
3332 2151 3598 2220 praedica-

2009 2249 2192 2312 batur,
2233 2246 2400 2302 sicuti
2437 2246 2546 2316 jam
2591 2246 2934 2300 laudatorum
2980 2244 3292 2299 testimonia
3343 2245 3598 2313 probant,

2008 2339 2157 2394 illius
2196 2338 2416 2409 quidem
2460 2347 2514 2393 et
2540 2337 2902 2393 confessione
2963 2344 3016 2391 et
3056 2336 3265 2406 reliqua
3308 2337 3602 2391 sanctitate

2005 2430 2634 2502 praeclarissimi,"hujus
2668 2428 3033 2498 patriarcltiea
3071 2428 3336 2498 dignitate
3371 2438 3433 2480 et.
3466 2428 3602 2481 reli-

2004 2523 2156 2591 giosa
2182 2521 2556 2592 magnitudine
2585 2519 2940 2575 illustrissimi
2970 2536 2985 2574 :
3011 2530 3064 2574 et
3093 2518 3615 2582 annis-recensitis,

2006 2627 2062 2673 et
2097 2616 2221 2672 aliis
2255 2615 2518 2685 expositis
2557 2612 2729 2668 nostri
2767 2611 3150 2667 commentarii
3185 2611 3332 2666 dicta
3369 2611 3599 2665 absolu-

2006 2711 2114 2766 tius
2144 2710 2422 2780 digerunt,
2453 2717 2650 2778 praeter
2676 2707 2788 2775 jam
2825 2706 2990 2771 dicta,
3022 2715 3207 2776 aperte
3256 2706 3595 2784 cuicunque,

2005 2805 2050 2858 si
2067 2803 2310 2866 libuerit,
2331 2818 2436 2856 non
2455 2800 2690 2871 patebit,
2712 2814 2820 2854 non
2841 2799 3059 2854 ratione
3078 2796 3374 2868 dogmatis,
3397 2796 3602 2850 autad-

2003 2895 2254 2959 ditionis,
2286 2893 2650 2965 separationis
2682 2892 2985 2948 fatuitatem
3016 2891 3381 2946 introductam
3405 2889 3600 2969 fuisse,

2005 2989 2098 3044 sed
2132 3003 2199 3042 ex
2228 2985 2584 3042 saecularibus
2614 2999 2782 3054 prope
2812 2985 2996 3040 causis
3026 2992 3080 3039 et
3111 2982 3420 3046 eventibus,—
3448 2982 3599 3052 prio-

2008 3081 2084 3136 ris
2125 3080 2346 3150 quidem
2393 3095 2461 3134 ex
2506 3077 2806 3133 ambitione
2848 3075 3053 3144 Pbotii,
3096 3085 3149 3131 et
3196 3076 3264 3130 iis
3307 3091 3428 3146 quae
3473 3074 3600 3129 inde

2011 3173 2305 3228 subsecuta
2338 3180 2504 3234 sunt;
2539 3170 2815 3237 secundae,
2845 3178 2899 3223 et
2931 3183 3054 3239 quae
3078 3166 3190 3238 jam
3223 3168 3327 3222 vim
3362 3167 3598 3238 obtinet,

314 3273 427 3318 tum
473 3263 560 3326 iis,
605 3276 727 3330 qua:
772 3260 825 3314 in
873 3260 1046 3315 insula
1089 3260 1287 3315 Siciliae
1328 3261 1626 3329 contigere,
1670 3263 1898 3317 ductore
1935 3263 2276 3319 exercituum
2305 3262 2652 3327 M.aniace,1n
2685 3259 3040 3316 rebellionem
3108 3258 3415 3322 incitautia,
3482 3266 3598 3312 tum

314 3355 403 3420 iis,
441 3369 562 3422 quae
592 3369 657 3407 ex
695 3354 800 3408 alia
835 3364 991 3422 parte
1027 3355 1271 3425 Argyrus
1333 3353 1502 3410 [talus
1579 3351 1956 3410 fraudulenter
2026 3357 2321 3414 admodum
2368 3365 2534 3427 atque
2581 3355 2870 3412 ambitiose
2919 3369 2988 3410 ex
3040 3350 3262 3422 ingenio
3310 3365 3599 3406 commen-

315 3463 404 3508 tns
436 3460 516 3505 est
533 3450 556 3503 ?

331 3647 2800 3674 mw

1199 3835 2024 3929 FRAGMENTUM
2115 3832 2685 3924 ALTERUM

1606 4045 1699 4100 EX
1769 4043 2004 4103 EODEM
2069 4043 2301 4100 LIBRO.

1309 4214 1475 4279 (Apud
1494 4215 1731 4266 Allatium
1772 4217 1956 4267 Contra
1988 4215 2349 4281 Hottingerum,
2381 4231 2431 4280 p.
2464 4215 2598 4279 5H.)

360 4523 491 4578 ,Τὸν
535 4516 697 4571 αὐτὸν
750 4515 949 4585 τρόπον
985 4513 1262 4567 κάνταῦθα
1303 4513 1430 4567 ἔνθα
1484 4514 1542 4567 τὸ
1583 4531 1895 4586 πραγματι‹

2078 4516 2194 4572 Hoc
2236 4517 2425 4573 eodem
2469 4517 2889 4589 quoque‘modo
2911 4531 3037 4573 cum
3083 4517 3192 4573 illis
3222 4518 3581 4574 considerate

315 4609 425 4672 κῶς
455 4605 772 4676 ἀποφαίνειν
820 4605 1001 4665 αὐτοῖς
1041 4603 1102 4656 τδ
1129 4603 1226 4669 τῆς
1256 4604 1588 4668 διαστάσεως
1630 4606 1892 4678 κραταιὸν

313 4695 673 4768 ἀντιῤῥητικὴ
701 4696 762 4748 τὺ
791 4696 1014 4762 σύμπαν
1041 4693 1419 4764 θρασυστομία
1448 4696 1580 4767 πρὸς
1609 4697 1738 4760 τοὺς
1769 4696 1891 4750 Geo.

313 4793 590 4860 φάντορας
616 4787 983 4850 ἀποτείνεται,
1010 4784 1063 4837 εῐ
1085 4802 1147 4853 γε
1177 4785 1412 4850 τοιοῦτος
1438 4789 1470 4839 ὁ
1493 4788 1560 4840 τά
1583 4787 1701 4842 θεῖα
1727 4788 1894 4853 πολὺς

312 4882 564 4950 Μάξιμος
599 4882 694 4934 καὶ
743 4877 1080 4948 φερωνύμως
1125 4876 1217 4928 τὸν
1251 4875 1410 4946 ζῆλον
1443 4879 1536 4931 καὶ
1569 4879 1669 4950 τὴν
1697 4880 1893 4949 ὁμολο-

313 4971 437 5042 γίαν
475 4974 503 5024 ὁ
539 4971 816 5041 μέγιστος,
845 4967 901 5031 ὃς
939 4968 1156 5020 συνόδου
1205 4966 1303 5036 τῆς
1337 4966 1504 5037 ἕκτης
1544 4971 1649 5038 πρὸ
1685 4972 1892 5040 χρόνων

316 5062 516 5118 ἱκανῶν
549 5063 804 5130 ἀκμάσας
841 5059 934 5110 καὶ
968 5056 1058 5110 τὸν
1091 5057 1230 5126 ὑπὲρ
1263 5057 1544 5120 εὐσεϐείας
1582 5042 1890 5128 ἀθλητικῶς

312 5157 528 5210 δίαυλον
574 5151 852 5216 διανύσας,
902 5150 929 5202 ὅ
966 5166 1126 5218 φασιν
1167 5145 1331 5214 οὗτοι,
1382 5149 1520 5220 μετὰ
1565 5150 1892 5218 παρέλευσιν

315 5246 544 5302 ἁπασῶν
608 5242 1002 5308 οίκουμενικῶν
1054 5241 1287 5294 συνόδων
1338 5243 1463 5304 τοὺς
1509 5241 1610 5312 τῆς
1668 5239 1887 5313 Ῥώμης

314 5340 606 5410 κηρύττειν
642 5333 971 5403 παρίστησιν
1016 5334 1263 5403 ἐναργῶς
1298 5336 1356 5388 ὲν
1391 5319 1684 5398 συνοδικοῖς
1708 5337 1886 5407 γράμ.

318 5447 454 5501 μασι
485 5430 595 5490 τοῖς
625 5425 719 5478 τοῦ
754 5425 955 5476 πάππα
998 5425 1299 5492 τηνικαῦτα
1331 5427 1471 5480 κατά
1515 5426 1659 5492 λέξιν
1689 5429 1817 5497 ἀνα]
1831 5446 1887 5482 o-

317 5519 494 5590 ρεύειν
525 5520 598 5580 ὡς
646 5516 792 5567 ἐστιν
825 5516 1005 5576 αὐτοῖς
1048 5501 1288 5587 σῆμερον
1322 5519 1750 5586 κηρυττόμενον,
1794 5521 1888 5572 καὶ

313 5614 381 5664 τὰ
411 5611 510 5678 τῆς
547 5607 917 5676 ὑπερηγορίας
949 5608 1234 5660 ἐπιπλέκει
1264 5608 1498 5676 τρανῶς,
1529 5605 1590 5664 οὗ
1619 5612 1710 5663 καὶ
1745 5613 1884 5680 μετὰ

315 5703 414 5772 τὴν
443 5690 784 5770 μαρτυρικὴν
826 5699 1146 5766 ἀποόίωσιν,
1177 5699 1316 5769 ὑπὲρ
1343 5693 1404 5754 οὗ
1443 5702 1708 5768 γενναίως
1733 5698 1884 5767 οὗτος

313 5792 618 5865 ἠγωνίσατο
642 5789 908 5855 δόγματος
937 5790 1032 5842 καὶ
1062 5791 1119 5842 τὸ
1157 5791 1318 5860 ῥηθὲν
1350 5794 1692 5862 παγκόσμιον
1724 5794 1880 5849 ἕκτον

318 5879 682 5953 συνεκροτήθη
745 5878 1040 5946 συνέδριον,
1094 5885 1184 5934 καὶ
1249 5887 1476 5952 προσέτι

593 5977 862 6039 Parum.
915 5979 1028 6040 GR.
1065 5982 1160 6040 ex
1176 5978 1276 6039 LI.

2001 4604 2215 4661 dissidii
2252 4605 2562 4660 ﬁrmitatem
2600 4606 2977 4661 demonstrare
3012 4607 3264 4673 nitimur,
3297 4610 3588 4662 temeraria

2001 4699 2330 4769 loquacitate
2358 4713 2480 4752 sese
2505 4709 2846 4768 opponentes
2872 4700 3072 4754 divinis
3102 4702 3307 4756 nostris
3335 4700 3590 4757 Patribns

2001 4790 2358 4845 insolescunt.
2407 4787 2858 4858 Quandoquidem
2906 4791 3069 4844 rebus
3118 4789 3322 4844 divinis
3371 4805 3588 4860 pertra-

2000 4878 2213 4934 ctandis
2259 4877 2602 4948 praecelcbris
2649 4877 2921 4932 Maximus
2967 4893 3069 4933 suo
3111 4882 3336 4934 nomine
3383 4881 3596 4952 dignus.

2001 4979 2258 5038 tanquam
2283 4967 2390 5037 .qui
2426 4979 2477 5022 et
2513 4968 2628 5022 zelo
2664 4967 2950 5022 catholicae
2984 4969 3106 5023 ﬁdei
3147 4978 3201 5024 et
3233 4970 3586 5044 confessione

1999 5059 2274 5114 maximus
2309 5059 2539 5125 exstitit,
2578 5058 2624 5114 is
2663 5066 2790 5113 ante
2826 5068 3036 5114 sextam
3075 5062 3345 5132 synodum
3381 5063 3586 5118 multos

1998 5170 2173 5210 annos
2197 5164 2356 5209 aetate
2379 5165 2500 5211 acta
2525 5165 2578 5210 ct
2603 5157 2818 5225 pietatis
2837 5157 3019 5212 studio
3039 5159 3309 5214 athleticae
3332 5175 3581 5226 emenso,
3639 5190 3646 5226 .~

1997 5251 2140 5319 quod
2179 5249 2279 5318 ipsi
2317 5248 2508 5313 aiunt,
2543 5258 2665 5320 post
2705 5245 2897 5304 o‘mnes
2934 5253 3305 5307 (ecumcnicas
3341 5255 3583 5322 synodos

1997 5351 2247 5410 peractas
2286 5340 2562 5397 Romanos
2597 5341 2898 5410 prmdicare
2933 5342 3110 5411 palam
3146 5343 3492 5400 demonstrat-
3526 5348 3580 5401 in

1997 5432 2271 5503 synodicis
2298 5432 2493 5488 litteris
2526 5448 2676 5504 papa:
2701 5433 2794 5503 qui
2823 5442 2936 5488 tum
2967 5444 3200 5504 praeerat
3228 5437 3392 5492 verbo
3422 5447 3581 5493 tenus

1994 5524 2267 5578 enuntiari
2318 5535 2376 5596 ut
2423 5525 2582 5579 hodie
2625 5539 2849 5594 quoque
2899 5527 3230 5594 praedicatur
3274 5544 3580 5607 eorumque

1995 5617 2154 5686 plane
2178 5615 2547 5670 defensionem
2577 5616 2815 5670 adnectit
2841 5627 2959 5685 post
2985 5617 3141 5687 cujus
3164 5632 3406 5674 exactam
3438 5639 3582 5676 mar-

1994 5710 2136 5778 tyrio
2169 5710 2332 5762 vitam
2355 5750 2368 5774 ,
2405 5724 2502 5777 pro
2537 5725 2646 5777 quo
2685 5709 2800 5777 ipse
2835 5709 3093 5780 dogmate
3129 5712 3431 5770 decertavit
3461 5715 3576 5784 jam

1996 5801 2138 5854 dicta
2184 5799 2509 5853 uuiVersalis
2550 5799 2794 5870 synodus
2835 5802 3108 5857 celebrata
3146 5815 3231 5858 est
3269 5814 3380 5858 tum
3421 5807 3580 5860 dein-

1541 5885 1600 5938 τὸ
1657 5886 1878 5956 ἕϐδομον
1911 5875 1964 5934 D
1991 5905 2115 5959 ccps
2152 5887 2379 5957 St‘plillta
2417 5903 2516 5956 pro
2546 5889 2980 5945 vcnerandarum
3016 5892 3315 5964 imaginum
3353 5897 3576 5950 restitu-

3029 5989 3106 6049 Ῐιξι
