4072 6464
382 492 517 559 H21

1760 481 2247 549 FRAGMENTA.

3505 475 3643 542 1422

356 622 469 691 γὰρ
494 620 560 670 ὲκ
585 611 790 685 ταύτης
814 610 1107 684 ·ἀρ;δήλως
1137 606 1479 680 καταμαθεῖν
1516 603 1593 677 τῷ
1627 601 1942 678 βουλομένῳ

2062 617 2147 658 ies
2176 614 2369 656 omnes
2396 598 2677 657 Romanas
2697 635 2717 665 ,
2744 612 2885 671 quas
2917 597 3032 669 ipse
3060 598 3116 653 in
3148 596 3431 669 encyclica
3457 598 3648 651 crimi-

359 711 523 765 παντὶ¹
548 709 624 771 ὡς
657 707 825 778 ἔθιμα
852 705 1030 760 πάντα
1074 703 1369 781 Ῥωμαίοις
1398 700 1656 772 ἐπιστολῇ
1684 702 1752 772 τῇ
1780 701 1947 769 ἐγκυ-

357 800 497 870 κλίῳ
534 798 958 868 διαϐαλλόμενος
985 797 1204 866 γνωστά
1236 794 1597 866 καθειστήκει
1633 793 1824 863 Φωτίῳ
1852 792 1948 847 καὶ

358 892 662 962 ἀδιάϐλητα
714 891 794 961 τῷ
841 891 942 961 τῆς
989 891 1216 961 εἰρήνης
1247 888 1448 960 καιρῷ,
1500 889 1597 943 καὶ
1624 886 1701 951 ὡς
1743 887 1835 942 ἀεὶ
1885 885 1950 940 τὸ

362 985 592 1055 στέργον
632 984 701 1038 ἂν
731 979 847 1054 εἶχε
878 983 974 1037 καὶ
995 983 1061 1037 τὸ
1088 982 1448 1053 ἀνέγκλητον,
1481 981 1598 1049 εἴγε
1630 978 1707 1052 μὴ
1740 978 1850 1034 τῶν
1872 972 1950 1035 ὧν

369 1077 663 1146 ἐφιέμενος
691 1076 1003 1147 ἐτύγχανεν
1036 1075 1310 1147 ἀμοιρῶν.

2046 704 2212 749 natur
2262 694 2423 764 plane
2473 692 2669 748 Photio
2724 691 3032 749 innotuisse
3082 703 3136 746 et
3194 691 3349 759 pacis
3400 699 3649 758 tempore

2047 785 2213 840 nullis
2244 785 2541 841 calumniis
2570 785 2839 840 obnoxais
2869 783 3054 839 fuisse.
3070 793 3125 838 et
3157 783 3272 852 ipse
3297 797 3393 836 eas
3424 780 3503 837 uti
3532 783 3645 836 cri-

2002 940 2023 961 ⁴
2048 874 2199 930 mine
2227 878 2376 930 omni
2410 875 2728 945 superiores
2758 883 3105 944 acceptasset
3134 872 3564 941 adniisissetque
3596 884 3649 937 si

2049 982 2173 1038 quae
2203 966 2484 1024 ambiebat
2511 967 2869 1025 obtinuisset.

345 1290 355 1299 .
738 1300 755 1310 ,,
816 1296 2390 1315 ,__________.__————_——-—-——-—————

1319 1483 1824 1580 GEORGII
1911 1483 2671 1577 ΜΕΤΟΟΗΙΤᾹΞ

866 1684 969 1747 DE
1005 1682 1351 1746 DISSIDIO
1388 1679 1944 1744 ECCLESIARUM
1968 1678 2465 1741 FRAGMENTA
2491 1680 2649 1744 DUO
2686 1681 3145 1748 HISTORICA.

1477 1841 1643 1908 (Apud
1667 1839 1908 1894 Allatlum
1932 1838 2055 1891 ibid.
2080 1852 2129 1904 p.
2153 1840 2247 1891 458
2275 1845 2329 1892 et
2361 1839 2493 1905 462.)

432 2115 546 2171 Καὶ
570 2110 635 2183 δὴ
660 2109 870 2164 στέλλει
892 2108 1032 2180 πρὸς
1053 2107 1147 2162 τὸν
1172 2104 1272 2174 τῆς
1295 2101 1686 2175 πρεσϐυτέρας
1728 2099 1955 2169 Ῥώμης

2130 2097 2321 2171 Neque
2348 2111 2595 2161 moratus
2627 2114 2739 2171 est;
2769 2107 2836 2161 ad
2865 2106 3102 2164 senioris
3130 2108 3315 2168 Romae
3340 2082 3654 2183 pontiﬁcem

361 2207 634 2281 ἀρχιερέα
679 2204 742 2257 τδ
786 2203 973 2273 δρᾶμα
1019 2200 1129 2254 πᾶν
1160 2195 1551 2267 ἀπαγγέλλων,
1595 2193 1698 2266 τὴν
1733 2192 1952 2247 ἀδικίαν

361 2297 689 2369 ἑᾶτεγκαλῶν
716 2295 811 2350 τοῦ
837 2292 1301 2364 τυραννήσαντος,
1323 2287 1386 2341 τὸ
1429 2286 1631 2341 οἰκεῖον
1660 2282 1951 2339 καταϐοὼ·

362 2413 549 2469 μενος,
596 2393 693 2447 καὶ
741 2388 875 2460 παρ’
903 2386 1072 2443 αὐτοῦ
1103 2388 1229 2455 Ιτινι
1280 2381 1470 2452 τρόπῳ
1515 2379 1615 2451 τὴν
1666 2378 1956 2448 ἐκδίκησιν

360 2486 771 2557 ἐκκαλούμενος
794 2482 889 2538 ἀτε
909 2481 1007 2535 καὶ
1029 2482 1095 2534 ὲκ
1111 2478 1368 2548 γειτόνων
1389 2475 1539 2537 ὄντος
1558 2473 1638 2545 τῷ
1653 2472 1952 2559 ἀδικοῦντι,

356 2581 541 2650 τούτῳ
575 2577 632 2630 δὲ
682 2580 782 2646 τὴν
832 2573 1006 2644 φυλὴν
1043 2569 1232 2641 Ἰταλῷ
1286 2571 1382 2623 καὶ
1424 2566 1575 2638 παρά
1626 2564 1803 2635 τούτῳ
1854 2561 1957 2634 τὴν

357 2671 501 2743 πρὸς
532 2669 682 2724 ἀπαν
731 2665 981 2737 ὑπακοὴν
1029 2663 1180 2733 αὐτῷ
1229 2661 1392 2716 πλέον
1421 2660 1533 2714 τῶν
1581 2659 1762 2714 ἀλλων
1803 2657 1958 2728 ὀφεί-

358 2759 533 2813 λοντι.
568 2757 758 2810 Ταῦτα
785 2754 895 2808 τῶν
944 2753 1197 2808 Αὐσόνων
1227 2753 1257 2805 ό
1284 2754 1356 2806 τά
1410 2750 1666 2822 σκῆπτρα
1711 2748 1955 2820 κρατῶν.

370 2852 434 2907 '0
476 2850 533 2904 δὲ
563 2850 667 2917 τῆς
706 2845 1029 2917 Ῥωμαῖκῆς
1073 2842 1408 2915 Ἐκκλησίας
1446 2842 1568 2897 τότε
1599 2842 1698 2915 τὴν
1720 2858 1960 2913 προστα-

362 2947 490 3000 σίαν
534 2944 718 3014 λαχὼν
765 2942 895 3015 περὶ
936 2940 1037 3012 τὴν
1081 2939 1299 3010 αῖτησιν
1331 2937 1668 3010 νωθρότερος
1716 2933 1959 3005 γεγονὼς

359 3038 462 3093 καὶ
490 3036 782 3099 ἀναϐολαῖς
807 3035 910 3088 οὐκ
936 3030 1041 3087 οἵδ’
1065 3033 1215 3095 ὅπως
1240 3031 1614 3102 χρησάμενος,
1647 3029 1960 3097 πέπεισμαι

362 3129 422 3185 δὲ
461 3128 540 3191 ὡς
569 3127 660 3181 διά
688 3143 838 3189 τινας
870 3124 1341 3196 προηγησαμένας
1384 3121 1595 3187 αἰτίας,
1623 3121 1787 3175 όποῖα
1814 3120 1962 3189 φιλεῖ

363 3218 692 3289 συμϐαίνειν
741 3219 908 3290 μέσον
941 3217 1215 3288 ῖεραρχῶν
1251 3215 1348 3271 καὶ
1388 3213 1643 3270 ἀνάκτων
1674 3211 1958 3279 τοιούτων,

362 3315 467 3368 καὶ
522 3311 760 3381 μάλιστα
803 3310 905 3381 τὴν
956 3309 1243 3378 ἑκατέροις
1292 3307 1608 3377 ἀνήκουσαν
1662 3303 1818 3375 ίσχὺν
1865 3319 1964 3358 πε-

2055 2194 2246 2258 mittit,
2299 2194 2516 2251 facinus
2570 2198 2928 2265 denuntians,
2977 2200 3305 2271 injustitiam
3359 2220 3652 2276 accusans,

2055 2288 2149 2357 qui
2189 2302 2289 2342 sua
2327 2297 2686 2359 tyrannorum
2726 2307 2879 2347 more
2914 2307 3273 2363 usui-paverat
3313 2298 3657 2360 clamoribus

2054 2375 2328 2440 deferens,
2367 2386 2420 2432 et
2463 2381 2531 2433 ah
2572 2395 2640 2434 eo
2685 2397 2905 2451 quoque
2949 2387 3114 2440 modo
3149 2389 3449 2446 vindictam
3489 2409 3660 2462 expo-

2058 2482 2244 2534 scens,
2275 2477 2534 2545 tanquam
2572 2473 2666 2539 qui
2700 2484 2754 2528 et
2784 2476 3072 2539 proximus
3105 2478 3181 2534 illi
3212 2492 3358 2538 esset
3386 2484 3481 2553 qni
3512 2486 3659 2556 inju-

2058 2560 2199 2615 riam
2236 2560 2439 2617 fecerat
2472 2578 2673 2633 genere
2706 2566 2866 2633 italo,
2898 2576 2953 2623 et
2986 2584 3016 2624 a
3052 2585 3160 2639 quo
3197 2573 3263 2627 ad
3302 2577 3490 2632 omnia
3526 2577 3658 2633 obe-

2058 2653 2319 2710 dientiam
2344 2656 2447 2712 sibi
2474 2657 2713 2715 debitam
2737 2663 2958 2731 exigere
2984 2674 3191 2733 posset.
3216 2667 3281 2722 Et
3302 2667 3417 2725 haec
3436 2670 3658 2740 quidem

2059 2747 2293 2805 Ausonii
2340 2751 2554 2821 imperii
2601 2755 2935 2811 moderator.
2977 2756 3081 2824 Qui
3120 2773 3254 2815 vero
3300 2776 3366 2817 eo
3411 2771 3661 2834 tempore

2062 2843 2325 2900 Romana:
2383 2844 2645 2905 Ecclesia
2701 2857 2935 2919 praeerat
2985 2866 3111 2907 cum
3170 2852 3320 2910 circa
3376 2856 3657 2926 postulata

2062 2954 2229 3009 quam
2264 2950 2364 3009 par
2393 2950 2513 2995 erat
2546 2944 2769 3012 segnior
2797 2943 3158 3001 dilationibus
3192 2957 3461 3012 uteretur.
3491 2957 3566 3014 ct,
3598 2959 3661 3007 ut

2063 3028 2198 3083 mihi
2243 3028 2472 3095 suadeo,
2507 3029 2580 3086 ob
2619 3033 2885 3100 quasdam
2925 3049 3049 3103 quae
3091 3050 3486 3105 prmcesserant
3529 3055 3665 3096 cau-

2063 3136 2176 3189 sas,
2211 3123 2288 3178 uti
2323 3124 2466 3178 inter
2496 3126 2759 3195 praesules
2788 3136 2836 3180 el
2873 3125 3232 3196 imperatores
3267 3132 3488 3187 evenire
3518 3134 3662 3189 solet

2062 3221 2119 3269 et
2156 3214 2300 3268 inter
2331 3230 2429 3269 eos
2463 3214 2812 3282 potissimum
2845 3215 3048 3283 quibus
3080 3217 3310 3274 alterius
3343 3221 3662 3277 dominatus

2067 3302 2122 3357 in
2174 3303 2488 3371 suspicione
2533 3314 2648 3369 est,
2689 3316 2744 3360 et
2795 3305 3051 3375 plurimis
3102 3307 3666 3381 interdistinguuntur

366 3406 611 3474 ριόπτων
643 3405 738 3457 καὶ
782 3402 1003 3466 πολλοῖς
1049 3400 1445 3470 διειργομένων
1475 3397 1625 3452 ἔθεσι
1671 3398 1767 3451 καὶ
1800 3414 1960 3451 τοπι-

2065 3394 2582 3459 consuetudinibus,
2615 3405 2669 3451 et
2700 3412 2842 3466 quos
2873 3398 3114 3457 locorum
3147 3401 3429 3457 intervalla
3463 3403 3666 3459 discri-

365 3501 489 3561 κοῖς
518 3498 875 3568 διαστήμασι,
901 3496 994 3549 τὸν
1024 3494 1121 3547 τοῦ
1150 3494 1421 3564 βασιλέως
1449 3490 1763 3546 ὕπανάπτει
1790 3490 1960 3557 θυμὸν

2069 3485 2315 3553 minant,
2359 3486 2601 3543 furorem
2644 3489 2995 3558 imperatoris
3035 3492 3323 3549 sul-cendit
3361 3495 3454 3566 qui
3499 3498 3666 3556 rebus

365 3593 429 3645 τὸ
486 3590 748 3659 σφέτερον
794 3586 1249 3658 συμϐαλλομένου
1297 3584 1392 3639 καὶ
1427 3583 1563 3657 μηδὲ
1596 3583 1737 3655 πρὸς
1782 3581 1965 3651 ὀλίγον

364 3683 473 3751 τῆς
532 3678 927 3743 ἀνενδοιάστως
965 3678 1120 3749 αὐτῷ
1160 3679 1625 3751 προσδοκωμένης
1654 3675 1962 3745 ἐπιτυγχά-

365 3790 558 3837 νοντος
585 3773 944 3845 ἀντιλήψεως.
969 3771 1277 3843 Τοιγαροῦν
1310 3771 1645 3842 μελετῶνται
1676 3770 1775 3824 καὶ
1796 3769 1964 3823 πάλιν

372 3866 692 3935 κατατομαὶ
755 3864 851 3919 τοῦ
921 3866 1023 3934 τῆς
1093 3864 1427 3935 Ἐκκλησίας
1492 3863 1707 3918 ἑνιαίου
1776 3860 1966 3932 σώμα-

365 3975 459 4021 τος
504 3956 600 4011 τοῦ
635 3955 878 4027 Χριστοῦ
913 3955 1371 4033 συσκευάζονται,
1413 3954 1510 4011 καὶ
1563 3953 1635 4010 αὖ
1686 3955 1965 4026 χωρισμοὶ

368 4051 484 4104 τῶν
530 4049 640 4103 ἀπὸ
690 4047 930 4119 Χριστοῦ
980 4048 1340 4118 κεκλημένων
1392 4047 1723 4120 ἀμφοτέρων
1768 4047 1961 4104 ἐθνῶν.

367 4139 787 4209 Συνεφάπτεται
833 4141 924 4194 τοῦ
968 4138 1134 4210 ἔργου
1181 4140 1549 4209 διαφερόντως
1582 4140 1611 4193 ό
1652 4138 1966 4208 τηνικαῦτα

368 4234 463 4288 τδν
490 4230 890 4303 πατριαρχικδν
920 4231 1110 4302 θρόνον
1134 4230 1381 4303 κατέχων
1412 4230 1634 4302 Μιχαὴλ
1655 4232 1750 4284 τού
1760 4229 1964 4297 πίκλην

369 4326 399 4378 ὁ
461 4300 840 4396 Κηρουλάριος
903 4300 1103 4378 παλαι“
1155 4300 1302 4394 μῗὶνή
1334 4300 1542 4377 ὠδίνων
1590 4300 1666 4376 ντὸ
1711 4321 1820 4376 ἀπὸ
1868 4320 1965 4376 τοῦ

371 4417 574 4471 πάππα
600 4415 989 4488 διαρραγῆναι,
1020 4416 1096 4478 ὡς
1116 4414 1177 4468 τδ
1198 4416 1465 4486 πρωτεῖον
1495 4412 1807 4479 ἰδιαζόντως
1832 4413 1960 4485 κλη·

376 4509 634 4580 ρὼσαιτο,
661 4509 737 4577 μὴ
773 4505 1280 4578 παραχωρούμενος
1306 4505 1499 4559 τούτου
1525 4504 1758 4560 καθόσον
1781 4505 1967 4574 ἐφίετο

376 4599 686 4656 συνελεύσει
713 4599 808 4654 καὶ
838 4600 1031 4653 ένώσει
1054 4601 1121 4668 τῇ
1147 4599 1284 4669 πρὸς
1310 4598 1475 4652 αὐτὸν
1499 4599 1596 4653 καὶ
1626 4596 1692 4652 τὸ
1713 4595 1967 4651 ὁπωσοῦν

373 4692 761 4763 ἀνακρίνεσθαι
815 4693 875 4745 ὲν
908 4691 1077 4759 δεινῷ
1107 4690 1395 4758 τιθέμενος
1446 4694 1544 4746 καὶ
1582 4690 1646 4745 οὑ
1697 4689 1961 4762 φορητῷ·

2067 3580 2186 3635 suis
2230 3580 2435 3635 auxilia
2480 3581 2744 3651 poscebat
2777 3592 2833 3638 ct
2874 3598 2977 3653 ope
3013 3600 3179 3654 quam
3218 3587 3357 3643 nihil
3403 3589 3666 3649 haesitans

2066 3677 2444 3742 exspectabat,
2499 3689 2727 3745 prorsus
2780 3675 3176 3734 irustrabatur.
3226 3678 3410 3746 Quare
3463 3695 3663 3740 rursus

2067 3766 2235 3823 unius
2259 3766 2466 3823 Christi
2494 3767 2742 3837 corporis
2769 3766 3030 3825 Ecclesiae
3053 3770 3328 3828 sectiones
3355 3773 3654 3844 agitantur,

2067 3868 2123 3914 et
2163 3859 2488 3930 populorum
2525 3861 2619 3930 qui
2659 3875 2689 3915 a
2727 3860 2948 3916 Christo
2985 3877 3187 3920 nomen
3230 3864 3335 3920 sihi
3381 3865 3666 3925 vindicant

2069 3946 2349 4023 separatio
2384 3954 2565 4011 denuo
2598 3954 2981 4020 constituitur,
3017 3964 3075 4012 et
3105 3971 3220 4027 prae
3251 3957 3373 4012 aliis
3409 3958 3504 4029 qui
3541 3968 3662 4014 tum

2070 4048 2436 4119 patriarchale
2470 4049 2668 4105 solium
2707 4049 2957 4115 tenebat,
2993 4049 3260 4117 Michael,
3297 4064 3664 4124 cognomento

2064 4142 2405 4206 Cerularius,
2451 4142 2601 4212 operi
2643 4152 2844 4198 manus
2888 4142 2982 4198 dat
3022 4144 3115 4214 qui
3162 4153 3218 4198 et
3262 4146 3494 4201 multum
3537 4154 3664 4204 ante

2068 4243 2286 4304 tempus
2316 4248 2344 4285 a
2378 4248 2512 4302 papa
2532 4247 2655 4289 sese
2679 4233 3006 4290 abscindere
3034 4230 3423 4301 meditabatur,
3455 4248 3514 4290 ut
3546 4238 3664 4306 ipse

2067 4326 2172 4382 sibi
2212 4325 2312 4380 ευιί
2352 4325 2646 4395 primatum
2686 4333 3012 4396 usurparet,
3049 4325 3143 4396 qui
3179 4328 3258 4382 uti
3294 4329 3517 4396 Optabat
3554 4345 3660 4384 non

2068 4420 2476 4474 concedebatur
2499 4419 2764 4474 dumuna
2791 4434 2917 4473 cum
2946 4419 3039 4473 illo
3061 4435 3393 4489 congressus
3422 4426 3664 4492 nnioque

2065 4511 2390 4579 procederet
2429 4518 2482 4566 et
2525 4524 2746 4580 quoquo
2789 4511 2955 4565 modo
2994 4512 3064 4565 ab
3099 4512 3206 4566 alio
3246 4513 3480 4582 judicari
3520 4529 3666 4583 αδκτο

2067 4603 2284 4666 ferens.
2317 4618 2383 4658 ac
2417 4602 2762 4657 intolerabile
2794 4602 3027 4657 ducens.
3057 4600 3460 4659 Circumfertnr
3489 4605 3660 4660 etiam

2069 4713 2278 4762 sermo,
2307 4711 2431 4751 eum
2460 4695 2645 4750 stultis
2676 4693 3157 4765 imaginationibus
3190 4693 3416 4762 fretum,
3448 4698 3501 4750 in
3531 4684 3667 4753 faci-

372 4785 496 4837 ιπιὶ
528 4784 685 4852 λόγος
739 4783 833 4836 καὶ
870 4782 1051 4850 λόγοις
1096 4782 1350 4852 ματαίοις
1394 4783 1455 4838 ὲν
1504 4783 1777 4854 φαντασίᾳ
1811 4782 1960 4851 γενέ-

2074 4806 2179 4845 nus
2209 4791 2505 4845 adductum
2532 4803 2658 4843 cum
2685 4786 2847 4842 vellet
2870 4802 3025 4856 teque
3050 4793 3218 4855 atque
3247 4787 3339 4843 ille
3369 4789 3553 4844 ruiris
3583 4791 3669 4844 in-

375 4880 501 4932 σθαι
539 4878 633 4931 τοῦ
666 4877 787 4931 κατ’
817 4878 1026 4930 ἐκεῖνον
1071 4875 1558 4946 ἐλλαμπρυνθῆναι
1590 4880 1700 4940 τοῖς
1730 4877 1964 4947 έρυθροο

376 4969 612 5038 ϐαφέσιν
645 4967 888 5038 ἀπήχθη.
923 4968 1056 5021 Τότε
1092 4966 1149 5020 δὲ
1192 4967 1293 5037 τὴν
1322 4966 1487 5020 ὠδῖνα
1516 4966 1688 5031 λύσας
1719 4969 1814 5021 καὶ
1840 4986 1967 5022 κυο-

378 5063 623 5134 φορήσας
648 5063 706 5116 τὸ
731 5058 1034 5131 συλληφθὲν
1055 5058 1150 5112 τοῦ
1174 5058 1367 5126 καιροῦ
1396 5061 1683 5130 μονονουχὶ.
1713 5063 1969 5116 ἐπιστάν-

375 5171 464 5218 τος
509 5156 608 5225 τῆς
636 5155 717 5217 είς
765 5154 882 5222 φῶς
910 5152 1003 5207 τοῦ
1055 5151 1402 5221 ὠδίνωμένου
1447 5155 1962 5222 παρεισφορήσεως,

378 5245 543 5317 ἡνίκα
579 5246 676 5299 καὶ
704 5246 738 5315 ἡ
776 5244 920 5298 κατά
953 5244 1046 5297 τοῦ
1080 5244 1287 5299 πάππα
1330 5243 1607 5314 βασίλειος
1641 5245 1961 5313 ἀγανάκτη-

379 5355 464 5403 σις
503 5339 655 5393 ἔνθεν
700 5338 1109 5408 κυοφορηθεῖσα
1165 5338 1540 5406 καταφέρεται
1584 5336 1737 5409 ῥύμῃ
1787 5337 1958 5409 πολλῇ

377 5433 479 5501 τῆς
538 5435 804 5504 ὲνωτικῆς
854 5430 1216 5500 ἀλληλουχίας
1260 5431 1536 5500 ἑκατέρων
1592 5430 1959 5500 Ἐκκλησιῶν,

380 5524 488 5579 xix
512 5540 676 5578 τινων
726 5521 1153 5595 συμπτωμάτων
1187 5523 1617 5593 κοσμικωτέρων
1649 5524 1746 5585 τὰς
1782 5521 1961 5592 ἀρχὰς

380 5615 623 5671 λαϐοῦσα
647 5616 756 5670 τῶν
783 5616 995 5677 αἰτιῶν,
1022 5616 1089 5668 τὰ
1117 5615 1548 5685 ἐκκλησιαστικά
1571 5616 1753 5668 τέλεον
1781 5615 1962 5685 διιστᾷ

383 5709 476 5761 καὶ
506 5710 584 5772 εἰς
611 5709 853 5778 παντελῆ
885 5708 1200 5762 συνελαύνει
1229 5708 1497 5774 διάλυσιν,
1525 5710 1623 5761 καὶ
1644 5707 1679 5762 ἀ
1717 5706 1960 5772 σύνοδος,

380 5800 456 5863 ὡς
483 5800 699 5872 ἐλέχθη,
727 5801 997 5854 τοσούτων
1027 5799 1331 5872 ἀρχιερέων
1356 5799 1628 5871 ὁμηγύρει
1660 5818 1967 5872 τιυγκροτη⁰

385 5891 539 5945 θεῖσα
587 5894 793 5947 Φωτίου
838 5893 907 5946 τὰ
963 5893 1158 5960 πρῶτα
1190 5894 1449 5962 φέροντος
1495 5894 1596 5946 οὐκ
1651 5895 1970 5965 ἐπέρρωσεν

384 5982 924 6059 ὲποικοδομησαμένη
953 5985 1046 6039 καὶ
1081 5984 1431 6041 ϐεϐαιώσασα
1466 5987 1559 6040 καὶ
1592 5987 1703 6041 πᾶν
1750 5985 1840 6039 τοῦ
1872 5988 1969 6055 p.5-

2073 4882 2353 4938 dumentis
2399 4882 2500 4937 uti.
2549 4879 2688 4935 Tum
2735 4895 2867 4935 vero
2894 4879 3058 4950 quod
3106 4881 3293 4935 animo
3335 4889 3665 4949 conceperat

2072 4974 2388 5043 parturiens
2428 4974 2515 5027 vix
2561 4972 2745 5026 oblata
2790 4971 2896 5027 sibi
2940 4975 3232 5028 occas'one
3281 4980 3339 5025 ut
3385 4973 3436 5024 in
3484 4972 3664 5026 lucem

2074 5068 2268 5122 [tntum
2301 5066 2489 5120 ederet
2517 5080 2641 5121 cum
2674 5075 2732 5120 et
2760 5064 3109 5134 imperatoris
3139 5063 3433 5119 adversum
3466 5080 3662 5134 papam

2071 5157 2373 5225 indignatio
2417 5156 2543 5210 inde
2576 5165 2767 5210 exorta
2805 5166 3020 5210 tumens
3058 5157 3233 5210 multo
3267 5155 3477 5223 impetu
3525 5157 3667 5210 fere-

2068 5247 2228 5302 batur
2280 5249 2333 5301 in
2385 5247 2586 5301 unione
2636 5247 2929 5317 utriusque
2982 5247 3237 5302 Ecclesiae
3281 5247 3665 5313 dissolvenda,

2067 5353 2192 5392 cum
2238 5353 2304 5392 ex
2357 5338 2636 5393 nonnullis
2685 5337 3062 5393 accidentibus
3109 5352 3259 5392 mere
3304 5338 3664 5394 smeularibus

2068 5444 2267 5485 causas
2292 5429 2580 5484 divisionis
2607 5437 2662 5484 et
2694 5444 2885 5483 earum
2922 5429 3193 5498 principia
3233 5428 3540 5494 habuisset,
3577 5446 3665 5483 res

2067 5523 2480 5578 ecclesiasticas
2532 5536 2762 5592 prorsus
2812 5521 3078 5591 disjungit
3126 5531 3185 5578 et
3234 5522 3302 5576 ad
3354 5521 3662 5577 absolutam

2052 5616 2492 5670 dissolutionem
2521 5613 2818 5684 compellit,
2845 5622 2899 5669 et
2923 5630 3046 5685 quae
3075 5615 3338 5684 synodus.
3370 5623 3429 5669 ut
3453 5614 3662 5668 dictum

2068 5721 2172 5772 est,
2202 5719 2280 5764 tot
2308 5712 2602 5778 praesnlum
2634 5724 2934 5779 congressu
2963 5710 3235 5765 celebrata
3261 5710 3390 5763 dum
3419 5707 3663 5778 primum

2046 5800 2250 5856 'iocum
2286 5802 2594 5864 obtineret,
2628 5799 2860 5856 Photius
2896 5816 3004 5856 non
3043 5801 3285 5856 ﬁrmavit
3318 5808 3574 5855 astruens
3607 5808 3665 5856 et

2067 5896 2440 5950 c-irrohorans
2480 5903 2533 5948 et
2575 5909 2738 5948 omne
2772 5907 2993 5949 enatum
3032 5893 3178 5970 inter;
3208 5910 3304 5948 cos
3338 5893 3659 5947 scandalum

2068 5990 2329 6044 dirimens
2363 5988 2648 6044 canonicis
2681 5987 2839 6044 editis
2871 5986 3127 6054 decretis,
3161 6002 3224 6043 ea
3254 5996 3660 6042 conmemora-
