4054 6188
244 223 298 276 17
727 227 732 232 ⁷
1349 221 1624 276 ΝΟἸῚΊΊΑ
1664 220 1867 275 HlS'l‘O

1995 222 2034 272 A
2077 219 2160 273 ET
2197 219 2536 276 BIBLIOGR.

237 342 506 416 qmedam
534 341 790 414 sumpsit
815 341 1079 412 (53),alia
1107 344 1220 414 (54)
1247 359 1318 398 ex
1340 344 1670 400 Annalibus
1701 343 1875 416 Aqui-
1903 348 1948 398 Α
2055 343 2111 408 2)
2151 341 2315 411 regio
2347 342 2608 398 Pariensi
2641 358 2700 397 ιι.
2732 345 2894 408 5926,
2929 341 3107 408 mbr.,
3151 357 3286 398 sake.
3315 357 3396 398 ιω
3423 357 3646 398 exeun-

237 432 450 497 tauicis,
483 448 638 504 quos
666 437 724 487 et
749 431 877 504 ipse
907 431 1239 488 Ademarns
1280 433 1610 495 habuerat;
1655 433 1712 488 in
1747 432 1876 488 aliis

233 537 360 576 cum
386 521 582 576 Cestis
610 519 1034 593 episcoporum
1075 519 1614 591 Engolismensinm
1662 537 1879 575 conve-

233 611 307 666 nit
329 611 464 682 (55).
501 612 772 676 Quorum
802 615 1010 664 auctor
1032 626 1170 665 cum
1199 609 1340 664 alibi
1359 627 1582 682 purum
1603 610 1880 666 Adcmari

235 703 442 752 textum
475 702 767 770 sequatur
791 699 924 768 (56),
964 714 1087 753 non
1136 699 1336 771 ipsum
1389 700 1592 754 codice
1621 699 1881 771 interpo-

233 786 335 842 lato
359 803 569 857 usum,
591 787 699 842 sed
729 788 928 859 potius
953 803 1025 842 ex
1046 788 1234 842 Gestis
1264 788 1546 860 qmedam
1586 789 1882 843 Adcmaro

232 881 420 932 assuta
451 891 588 930 esse
628 876 912 948 putarim,
963 877 1292 949 praesertim
1341 893 1482 932 cum
1533 877 1712 932 etiam
1757 877 1908 933 aliis‘

229 966 358 1022 locis
384 966 689 1037 ejusmodi
718 982 816 1021 res
847 983 883 1022 a
909 969 1220 1022 Gestorum
1253 967 1538 1039 scriptore
1561 953 1886 1023 narrationi

227 1071 288 1110 ex
315 1055 613 1112 Ademaro
645 1056 874 1111 haustze
903 1055 1123 1112 additae
1151 1056 1268 1111 sint
1289 1061 1419 1122 (57).
1457 1056 1592 1112 ideo
1623 1073 1745 1112 non
1777 1072 1878 1112 an-

228 1143 400 1199 tesed
432 1148 657 1216 posta.
713 1149 869 1211 1159,
923 1161 1046 1216 quo
1100 1147 1271 1200 Gesta
1327 1144 1425 1200 illa
1476 1145 1694 1218 scripta
1745 1161 1877 1199 esse

227 1237 459 1297 constat,
510 1232 1000 1306 interpolatorem
1057 1249 1212 1305 opus
1275 1249 1452 1288 suum
1519 1233 1876 1306 compilasse

226 1326 365 1377 recte
387 1326 651 1378 statuere
681 1322 831 1378 mihi
875 1323 1099 1378 videor.
1133 1323 1244 1388 Qui
1279 1340 1416 1378 cum
1447 1341 1539 1378 res
1587 1324 1646 1378 in
1673 1340 1874 1378 emno-

227 1409 313 1465 bio
339 1411 394 1466 S.
428 1411 712 1466 Martialis
745 1411 1149 1466 Lemovicensi
1179 1417 1393 1481 gestas,
1423 1412 1552 1483 jam
1592 1413 1670 1467 ab
1722 1411 1873 1468 Ade-

225 1514 378 1555 maro
427 1499 575 1555 satis
623 1504 900 1556 accurate
951 1500 1273 1572 expositas,
1333 1501 1619 1570 singulari
1677 1487 1872 1557 studio

223 1593 612 1661 prosequatur
657 1591 816 1661 (58),
867 1590 1092 1645 ibidem
1145 1591 1359 1645 vixisse
1413 1591 1716 1662 putandus
1763 1597 1870 1655 est,

222 1677 460 1750 ideoque
489 1679 555 1733 in
577 1678 673 1734 his
697 1679 877 1734 etiam
910 1679 1204 1749 majorem
1233 1679 1418 1734 tidem
1451 1685 1727 1736 meretur.

285 1770 343 1822 ln
369 1767 482 1822 hac
511 1767 798 1822 Ademari
825 1767 1082 1822 editione
1111 1768 1172 1822 id
1200 1769 1459 1824 maxime
1487 1769 1715 1824 consilii
1753 1771 1871 1840 egi,

223 1860 276 1910 ut
303 1855 492 1929 primo
521 1856 664 1911 loco
693 1856 988 1926 integrum
1039 1862 1096 1911 et
1143 1873 1364 1928 purum
1405 1857 1590 1930 ipsius
1648 1863 1871 1914 textum

221 1945 572 2014 exhiberem,
623 1944 827 2001 codice
874 1945 1253 2018 potissimum
1311 1948 1453 2001 usus
1507 1946 1872 2020 praestantis-

223 2049 333 2089 mo.

285 2125 334 2192 1)
360 2122 520 2191 regio
553 2122 871 2179 Parisiensi
899 2139 959 2178 ιι.
993 2127 1155 2192 5927,
1188 2123 1342 2180 mbr.
1402 2123 1524 2194 lol.,
1550 2123 1696 2179 olim
1731 2129 1766 2180 l.
1801 2128 1866 2180 Α.

218 2210 448 2274 'l‘huam,
475 2212 584 2284 qui
617 2211 838 2268 saeculo
865 2228 922 2267 χι
946 2213 1146 2268 medio
1173 2229 1313 2268 cum
1345 2228 1568 2284 magna
1617 2213 1866 2283 diligen-

218 2301 289 2356 tia
310 2306 365 2357 et
391 2302 534 2358 satis
568 2301 877 2372 eleganter
922 2302 984 2357 in
1022 2303 1392 2359 membranis
1448 2303 1689 2376 optimis
1744 2319 1864 2358 non

219 2405 326 2445 una
355 2407 542 2447 manu
573 2397 876 2458 exaratus,
907 2391 1110 2447 litteris
1134 2408 1289 2464 quas
1317 2393 1526 2448 dicunt
1544 2393 1867 2449 initialibus

220 2479 463 2551 pulchris
489 2485 548 2536 et
585 2480 762 2538 variis
793 2481 1094 2536 coloribus
1119 2481 1314 2554 pictus
1345 2487 1612 2550 ornatus,
1649 2487 1746 2538 165
1779 2481 1867 2537 fo-

220 2566 298 2622 liis
327 2575 586 2635 constat,
613 2585 875 2642 quorum
905 2569 1090 2626 modo
1119 2569 1313 2642 plura,
1372 2572 1554 2628 modo
1583 2572 1870 2644 pauciora

221 2653 516 2724 conjuncta
551 2659 713 2709 sunt.
743 2653 1021 2710 Ademari
1055 2654 1298 2711 historia
1332 2661 1422 2712 131
1459 2657 1676 2729 explet.
1704 2660 1868 2714 Hunc

221 2740 416 2798 librum
445 2741 670 2816 partim
700 2742 1012 2816 descripsi,
1044 2743 1264 2816 partim
1293 2761 1428 2800 cum
1476 2745 1646 2801 ediﬁi;
1698 2761 1870 2802 accu-

221 2832 490 2888 ratissime
547 2833 798 2902 contuli,
849 2833 1077 2906 quippe
1123 2834 1228 2906 qui
1285 2850 1506 2907 purum
1569 2835 1870 2893 contineat

221 2925 442 2990 textum,
467 2922 879 2996 paucissimas
909 2927 1144 2979 tantum
1175 2939 1398 2996 easque
1426 2923 1676 2980 leviores
1705 2941 1871 2981 men-

220 3007 314 3064 das
355 3009 602 3082 habeat,
661 3015 718 3066 et
745 3011 806 3067 in
832 3010 1171 3083 Aquitania,
1229 3012 1483 3068 fortasse
1511 3013 1866 3082 Engolismae

221 3103 310 3154 aut
337 3101 686 3170 Lemovicaa,
719 3101 996 3173 scriptus,
1029 3101 1299 3174 proxime
1317 3101 1394 3156 ad
1421 3103 1864 3174 autographum

221 3189 476 3246 accedere
531 3190 831 3247 videatur.
885 3190 1206 3247 Historiam
1249 3190 1332 3246 ibi
1374 3191 1540 3248 nullo
1589 3191 1756 3247 titulo
1783 3191 1842 3248 in

227 3278 508 3352 scriptam,
531 3285 591 3336 et
620 3279 892 3350 singulos
921 3279 1106 3336 libros
1134 3279 1312 3335 nullis
1340 3279 1538 3336 rubris
1558 3279 1866 3337 distinctos

225 3364 493 3435 legimus:
524 3369 725 3442 primo
749 3374 952 3424 tamen
979 3369 1245 3442 capitum
1293 3369 1475 3424 index
1517 3370 1864 3442 praemissus

226 3461 317 3526 est,
346 3459 590 3514 secundi
615 3475 757 3514 vero
785 3462 843 3514 et
881 3458 1032 3514 tertii
1077 3457 1314 3514 initium
1367 3459 1626 3532 capitulo
1671 3460 1866 3532 primo

226 3547 459 3620 ascripta
483 3548 803 3604 indicatur.
837 3549 1001 3604 Idem
1030 3547 1313 3604 volumen
1368 3549 1629 3605 continet
1681 3548 1718 3604 ι.
1767 3555 1866 3606 132

225 3633 471 3706 diploma
501 3637 692 3694 Caroli
721 3637 877 3707 regis
905 3637 980 3693 de
1022 3641 1218 3693 castro
1250 3637 1570 3694 Fronciaco
1600 3637 1865 3694 ecclesiae

229 3722 640 3792 Engolismensi
693 3724 1069 3792 confirmato,
1129 3725 1168 3780 f.
1240 3729 1342 3782 133
1409 3727 1864 3782 conventionem

226 3809 472 3867 Willelmi
525 3817 584 3868 et
639 3812 900 3882 Hugonis
930 3829 1002 3868 ex
1052 3815 1184 3886 ipso
1231 3813 1436 3869 codice
1467 3831 1503 3870 a
1529 3814 1766 3870 Labbeo
1797 3817 1862 3884 ll,

226 3911 281 3969 p.
315 3903 428 3964 135,
482 3901 727 3971 editam,
780 3905 838 3958 et
885 3901 926 3957 f.
983 3905 1086 3957 140
1132 3917 1265 3974 sqq.
1316 3903 1637 3972 Eginhardi
1675 3903 1865 3960 Vitam

229 3987 412 4044 Caroli
432 3993 618 4061 Magni
646 4007 949 4048 mancam.
1003 3994 1085 4047 Ex
1127 3992 1243 4048 hoc
1283 3992 1487 4048 codice
1531 3992 1864 4066 descriptus

230 4081 313 4132 est

295 4171 370 4234 1⁸)
397 4169 594 4240 regius
623 4169 968 4226 Parisiensis
1003 4169 1208 4244 Suppl.
1238 4173 1360 4227 Lat.
1393 4186 1453 4226 ιι.
1490 4175 1613 4238 142,
1653 4172 1865 4243 chart.,

230 4261 387 4328 an,
417 4257 540 4329 fol.,
588 4259 693 4333 qui
740 4259 955 4316 eadem
1007 4275 1192 4332 opera
1243 4260 1505 4316 continet
1555 4266 1612 4316 et
1654 4261 1868 4318 iisdem

231 4345 530 4414 Eginhardi
555 4349 754 4404 verbis
778 4347 926 4404 ﬁnit.
985 4351 1250 4406 Fortasse
1305 4349 1400 4405 hic
1444 4353 1532 4405 est
1574 4366 1756 4422 quem
1803 4350 1865 4406 in

230 4433 458 4506 collegio
510 4436 976 4494 Claromontano
1032 4436 1180 4493 vidit
1227 4437 1519 4506 Labbeus,
1573 4438 1679 4511 qui
1709 4443 1864 4495 certe

230 4517 350 4578 huic
375 4523 756 4582 silimillimus
785 4523 912 4582 fuit.

289 4609 641 4687 lnterpolata
669 4613 914 4672 historia
935 4617 1127 4672 exstat
1143 4613 1207 4670 in
1237 4613 1440 4697 codice

1897 3054 1936 3106 C

1990 431 2078 496 tis,
2109 432 2206 486 fol.
2245 431 2412 500 min.,
2446 432 2590 486 olim
2617 435 2746 487 Ant.
2775 434 2980 502 Faurc,
3019 447 3204 502 quem
3232 447 3304 486 ex
3335 429 3649 490 bibliothe-

1989 536 2060 574 ca
2091 519 2268 574 Hadr.
2305 519 2513 574 Vales-ii
2543 519 2764 592 recepit
2794 518 3086 574 Labbcus.
3144 519 3430 574 Volumen
3480 525 3543 574 17
3589 524 3650 576 et

1990 608 2170 663 semis
2199 609 2698 680 qi'iatcrnionibus
2726 611 2983 669 constat,
3009 607 3114 678 qui
3145 606 3205 662 in
3257 607 3464 664 ultimo
3507 607 3648 664 folio

1991 713 2090 754 a-r
2119 697 2333 765 signati
2363 702 2522 753 sunt.
2555 701 2610 753 In
2643 696 3035 768 quaternionc
3063 712 3120 750 m
3159 696 3268 752 tria
3292 697 3514 752 desunt
3557 697 3646 753 fo-

1990 786 2087 840 lia.
2119 786 2238 841 tr‘ol.
2280 791 2397 842 1-63
2449 787 2633 840 libros
2678 791 2711 840 2
2769 785 2994 858 priores
3041 783 3319 840 Ademari
3365 785 3646 855 continet,

1993 874 2093 930 fol.
2125 880 2296 930 63-79
2325 875 2643 946 Eginliardi
2674 877 2864 930 Vitam
2896 873 3229 942 Karoli,i'ol.
3253 875 3468 930 79-114*
3493 879 3650 930 Ληο-

1991 963 2160 1034 nymi
2192 963 2380 1018 Vitam
2411 963 2688 1018 Ludovici
2719 963 2820 1029 Pii,
2865 962 2966 1018 fol.
3020 963 3137 1016 114⁹
3179 976 3314 1034 sqq.
3369 961 3650 1018 Ademari

1989 1053 2302 1108 Historiam
2329 1053 2466 1107 inde
2497 1069 2635 1118 am,
2688 1057 2745 1107 16
2769 1052 3169 1124 prosequitur.
3227 1051 3417 1124 Ipsius
3462 1051 3650 1110 verba

1986 1142 2160 1196 etiam
2189 1141 2490 1214 prioribus
2521 1141 2685 1196 libris
2706 1141 3038 1214 saepissime
3067 1141 3337 1208 mutarit,
3366 1145 3425 1198 et
3461 1141 3648 1197 modo

1984 1229 2204 1301 ipsum,
2239 1230 2421 1285 modo
2451 1245 2604 1302 quos
2645 1228 2955 1302 exscripsit
2981 1230 3192 1300 fontes,
3245 1232 3418 1285 Gesta
3462 1231 3645 1286 Fran-

1985 1337 2189 1375 corum
2224 1324 2281 1374 et
2309 1319 2565 1374 Annales
2602 1317 3037 1386 Laurissenses,
3093 1323 3331 1378 secutus
3385 1320 3474 1376 est
3508 1321 3644 1389 (59),

1981 1409 2062 1464 ita
2094 1413 2154 1463 ut
2189 1407 2481 1474 Labbcus,
2511 1424 2649 1463 cum
2681 1407 2862 1463 etiam
2891 1407 3152 1476 integras
3195 1407 3388 1464 Caroli
3432 1412 3494 1465 et
3532 1411 3644 1464 Lu-

1981 1497 2176 1554 dovici
2225 1497 2380 1552 Vitas
2438 1496 2688 1552 insertas
2737 1495 2996 1562 vidisset,
3025 1495 3272 1550 nonnisi
3315 1499 3644 1553 extremam

1982 1573 2215 1656 partem
2245 1584 2543 1639 Ademaro
2575 1583 2998 1640 ascribendam
3028 1598 3156 1638 esse
3197 1587 3450 1656 putaret.
3497 1587 3644 1640 'l‘ex-

1903 1697 1943 1750 Β
1981 1678 2094 1739 tus,
2124 1689 2348 1742 magna
2380 1671 2742 1742 negligentia
2771 1671 3126 1743 descriptus,
3169 1671 3404 1727 mendis
3435 1669 3642 1728 taedis-

1983 1763 2146 1818 simis
2173 1767 2375 1829 scatet,
2407 1779 2544 1834 quae
2576 1761 2926 1834 scriptorem
2954 1759 3192 1830 rudem,
3233 1776 3428 1833 neque
3455 1761 3515 1817 in
3540 1777 3643 1817 ve-

1983 1853 2204 1908 teribus
2235 1853 2400 1908 libris
2426 1851 2692 1922 legendis
2720 1866 2916 1923 neque
2947 1850 3008 1905 in
3055 1849 3375 1906 scribendo
3421 1851 3642 1907 exerci-

1981 1948 2170 2000 tatum
2200 1947 2476 2012 arguunt.
2533 1942 2857 1998 Literarum
2905 1941 3119 2010 forma,
3177 1940 3419 2013 qualem
3465 1941 3526 1997 in
3573 1941 3644 1996 li-

1977 2031 2101 2087 bris
2149 2031 2570 2102 manuscriptis
2624 2029 3144 2085 Lemovicensibus
3213 2029 3436 2101 szepius
3489 2029 3635 2096 vidi,

1978 2120 2158 2191 hujus
2233 2119 2395 2176 urbis
2472 2118 2844 2174 monachum
2896 2117 3160 2174 indicare
3217 2118 3472 2187 videtur,
3535 2117 3639 2174 ubi

1977 2210 2156 2267 etiam
2188 2211 2384 2283 ipsum
2415 2209 2900 2282 interpolatorem
2957 2207 3236 2278 deguisse
3286 2223 3472 2282 supra
3510 2223 3640 2264 mo-

1977 2301 2100 2356 nui.
2133 2300 2318 2356 Bliam
2349 2299 2408 2354 in
2437 2300 2549 2354 hoc
2580 2299 2806 2366 codice,
2861 2313 3044 2370 quem
3095 2313 3169 2353 ex
3223 2303 3240 2353 t
3301 2297 3636 2354 derivatum

1979 2389 2259 2462 quamvis
2317 2405 2438 2444 non
2498 2406 2566 2443 ex
2603 2388 2864 2461 criptum
2911 2403 3045 2443 esse
3093 2403 3214 2443 non
3267 2386 3479 2444 dubito
3503 2387 3637 2460 (60),

1975 2480 2222 2534 historia
2249 2478 2416 2534 titulo
2443 2482 2621 2533 caret.

2047 2568 2102 2638 3)
2127 2566 2367 2623 Plurimi
2395 2566 2496 2640 qui
2530 2569 2768 2622 exstant
2810 2565 3088 2622 Ademari
3136 2565 3375 2622 codices
3421 2579 3497 2622 ex
3544 2581 3642 2622 eo-

1975 2657 2114 2712 dem
2167 2655 2496 2728 exemplari
2541 2655 2661 2710 ﬁne
2714 2653 2995 2710 destituto
3045 2654 3366 2724 ﬂuxerunt,
3410 2654 3638 2728 quippe

1975 2745 2078 2818 qui
2109 2761 2190 2816 ιιι,
2221 2749 2312 2810 24,
2353 2744 2552 2800 verbis
2605 2761 2618 2799 :
2674 2743 2904 2800 vicaria
2955 2743 3294 2800 Pitiacense
3349 2746 3430 2812 (et
3482 2744 3638 2799 alias

1976 2851 2155 2907 quam
2179 2837 2480 2906 plurimas
2500 2833 2796 2904 ecclesias)
2823 2832 3132 2890 historiam
3153 2831 3638 2890 tiniant.Textum

1976 2925 2152 2980 nullis
2176 2923 2738 2998 interpolationibus
2785 2921 3159 2980 maculatum
3203 2923 3449 2980 habent.
3501 2927 3636 2997 Ipse

1977 3019 2092 3070 tres
2123 3013 2242 3069 vidi
2269 3015 2397 3086 (61).

2045 3105 2128 3175 3⁸)
2159 3103 2774 3175 Montispcssulannm
2817 3118 2878 3158 ιι.
2934 3106 3024 3173 94,
3083 3102 3262 3159 mbr..
3297 3119 3344 3158 s.
3375 3118 3475 3171 xu,
3508 3101 3633 3170 fol.,

1974 3191 2118 3247 olim
2171 3191 2401 3262 collegii
2455 3191 2777 3259 Trecensis,
2833 3191 2938 3264 qui
2984 3207 3180 3264 neque
3225 3189 3425 3248 titulos
3454 3190 3636 3248 habet

1973 3296 2170 3354 neque
2197 3281 2437 3336 tertium
2464 3280 2683 3336 librum
2715 3279 3044 3348 distinguit.

2045 3369 2128 3441 3b)
2159 3367 2758 3440 Montispessnlanum
2789 3383 2850 3422 ιι.
2876 3371 3004 3438 227,
3035 3366 3215 3433 mbr.,
3263 3365 3389 3435 fol.,
3437 3383 3484 3422 s.
3525 3381 3634 3421 xu-

1972 3473 2092 3524 xm,
2123 3461 2253 3527 8vo,
2285 3456 2388 3530 qui
2413 3457 2576 3530 operi
2628 3456 2863 3512 titulum
2915 3457 3205 3528 Hystoria
3256 3456 3634 3512 Francorum

1973 3545 2260 3615 inscribit,
2301 3550 2358 3602 et
2385 3544 2634 3617 singulis
2661 3544 2826 3602 libris
2861 3545 3128 3619 capitum
3173 3541 3436 3601 indicem
3486 3558 3636 3618 prae-

1975 3635 2168 3692 mittit.

2045 3727 2126 3794 3°)
2155 3723 2756 3798 Montispessulanum
2779 3739 2840 3778 ιι.
2870 3728 2962 3790 27,
3002 3723 3182 3791 mbr.,
3232 3739 3280 3778 s.
3332 3737 3454 3792 xw,
3503 3720 3631 3789 fol.,

1975 3813 2078 3886 qui
2105 3829 2241 3868 cum
2273 3813 2335 3868 3b
2356 3813 2712 3885 plerumque
2733 3811 3031 3878 convenit,
3060 3811 3122 3867 in
3143 3811 3411 3885 capitum
3431 3815 3633 3866 tamen

1976 3901 2126 3958 tertii
2156 3900 2289 3956 libri
2318 3900 2526 3956 ordine
2557 3901 2634 3956 ab
2660 3900 2796 3973 ipso
2825 3900 3040 3972 differt,
3100 3905 3163 3957 18
3207 3916 3319 3973 pro
3363 3903 3431 3956 22
3479 3897 3637 3956 exhi-

1973 3991 2148 4047 bens.

2045 4079 2156 4136 Alii
2185 4079 2483 4152 ejusmodi
2509 4078 2746 4136 codices
2774 4078 3155 4134 inveniuntur

2049 4171 2134 4243 3d)
2165 4173 2362 4226 Romae
2386 4170 2448 4226 in
2476 4168 2619 4225 bibl.
2657 4171 2856 4225 Vat.n.
2897 4173 3054 4239 1795,
3082 4169 3265 4237 mbr.,
3298 4167 3398 4224 fol.
3433 4184 3482 4223 s.
3511 4182 3633 4222 xm.

1978 4261 2174 4332 (Arch.
2206 4262 2271 4329 v,
2303 4277 2363 4332 p.
2402 4261 2542 4332 116).

2049 4349 2124 4420 3ο)
2167 4351 2368 4404 Romae
2417 4347 2480 4406 in
2525 4347 2674 4405 bibl.
2729 4347 2941 4405 Christ.
3000 4362 3061 4403 ιι.
3112 4351 3236 4414 905,
3297 4345 3478 4414 mbr.,
3531 4345 3632 4402 fol.

1903 4407 1946 4460 θ
1977 4407 2173 4510 (Arch.
2209 4440 2296 4505 Ill,
2329 4453 2388 4510 p.
2420 4441 2544 4504 42-2,
2571 4439 2696 4504 423,
2725 4435 2858 4492 coll.
2890 4451 2949 4492 v.
2981 4451 3042 4508 p.
3084 4407 3354 4508 tl7),'qui
3375 4407 3636 4490 eundem

1975 4527 2242 4600 capitum
2271 4525 2547 4583 ordinem
2576 4541 2759 4600 quem
2791 4525 2852 4582 31³
2871 4524 3095 4582 habere
3124 4525 3374 4582 videtur.

2048 4621 2120 4685 3f)
2153 4621 2355 4674 Bernae
2382 4633 2444 4674 ιι.
2477 4619 2602 4685 208,
2635 4615 2816 4684 mbr.,
2849 4634 2896 4672 s.
2927 4632 3029 4672 xm
3061 4615 3252 4688 (Arch.
3291 4618 3353 4688 V,
3391 4630 3453 4688 p.
3482 4615 3632 4687 488).

1811 4795 2040 4852 NOTIE.

270 4964 405 5160 ἐξ)
669 5043 754 5096 19.
818 5038 930 5096 Sed
977 5037 1108 5094 haec
1166 5039 1310 5096 satis
1367 5037 1674 5097 infeliciter
1733 5058 1873 5098 cum

308 5109 489 5160 emari
519 5111 862 5160 narratione
893 5109 1222 5160 coniunxit.

229 5109 496 5181 Adeuiari
519 5109 862 5181 narratione
893 5109 1222 5181 conjunxit.

294 5180 396 5250 (55)
425 5179 514 5237 Cf.
549 5197 626 5253 ιιι,
655 5185 743 5248 16,
775 5180 852 5253 de
883 5179 1126 5253 moneta
1157 5181 1483 5251 Engolism.
1531 5197 1670 5238 cum
1717 5185 1870 5240 Gest.

232 5261 275 5326 c.
307 5253 386 5326 13,
419 5267 500 5318 ιιι,
534 5251 624 5320 24,
655 5253 729 5326 de
759 5251 1024 5324 reliquiis
1075 5253 1487 5326 Hierosolyma
1511 5254 1825 5326 reportatis
1858 5272 1872 5322 ;

232 5323 393 5447 £1228
445 5338 588 5380 cum
646 5325 797 5380 Gest.
827 5323 997 5391 c.’l9,
1055 5339 1138 5396 ιιι,
1197 5328 1266 5381 60
1295 5343 1308 5394 ;
1342 5323 1420 5380 “θι
1457 5328 1523 5381 66
1555 5323 1694 5382 οάιιι
1720 5328 1871 5383 Gest.

265 5431 277 5444 ο
302 5406 316 5416 “
336 5413 386 5446 ὓ.

233 5403 277 5444 c.
302 5395 386 5446 ‘25.

297 5462 399 5532 (56)
438 5463 525 5526 Cf,
557 5465 710 5520 Gest.
746 5480 799 5536 c,
835 5470 890 5520 11
927 5471 1067 5522 cum
1114 5465 1376 5522 Ademar
1422 5483 1504 5536 ιιι,
1551 5471 1660 5536 20;
1717 5469 1870 5524 Gest.

237 5545 281 5609 ς.
313 5535 394 5600 14,
429 5537 516 5601 16,
547 5551 684 5592 cum
712 5535 921 5592 Adem.
955 5553 1035 5605 ιιι,
1062 5541 1283 5609 23,,etc.
1315 5539 1456 5606 Quae
1492 5535 1655 5595 ’Gest.
1709 5556 1760 5596 c.
1805 5543 1873 5594 25

553 5622 842 5678 magnam
870 5597 1103 5682 partem
1134 5597 1219 5665 'in
1275 5597 1479 5667 cadica
1519 5610 1876 5684 interpolata

2051 4972 2165 5054 (57)
2194 4971 2279 5030 Cf.
2299 4989 2354 5054 εξ.
2389 4977 2442 5044 9,
2467 4976 2563 5054 _1_o,
2590 4977 2648 5030 et
2674 4971 3002 5054 praesertim
3047 4984 3098 5026 c.
3141 4973 3235 5054 25,
3277 4970 3395 5054 26,7
3558 4966 3634 5054 de

1983 5037 2268 5100 Willelmo
2299 5037 2733 5114 Engolismen'si
2783 5043 2996 5114 comite
3033 5040 3224 5114 multa
3247 5053 3411 5114 nova
3423 5037 3637 5114 _legunf

1984 5119 2096 5185 tur,
2124 5108 2555 5190 quorumfpars
2581 5120 2812 5172 tantum
2841 5115 2922 5190 _in
2971 5109 3326 5190 interpolato
3354 5108 3636 5190 Ademari

1985 5179 2160 5260 textu
2174 5179 2444 5260 occurrit,
2472 5202 2608 5260 quae
2639 5201 2780 5242 vero
2805 5185 2883 5241 ab
2911 5198 3034 5240 uno
3060 5179 3395 5254 eodemque
3423 5179 3634 5254 procul

1981 5257 2169 5330 dubio
2195 5257 2413 5330 scripta
2444 5257 2601 5312 sunt.

2053 5329 2166 5400 (58)
2205 5345 2284 5400 ιιι,
2313 5328 2382 5386 ‘19
2414 5331 2524 5400 [-20]
2548 5331 2876 5400 22,2535,
2903 5329 2993 5394 43,
3025 5329 3115 5400 49,
3143 5329 3236 5394 57,
3262 5328 3373 5381 etc.

2055 5396 2169 5470 (59)
2209 5399 2292 5472 Ct_'.
2325 5396 2463 5472 quia
2489 5396 3014 5472 Archiv._Vol._Vll_l
3039 5397 3307 5472 dicturus
3329 5409 3488 5472 sum.

2055 5464 2169 5542 (60)
2209 5470 2292 5528 Cf.
2323 5464 2458 5543 quae
2489 5467 2930 5543 deEginhardo
2957 5468 3100 5526 dicit
3127 5471 3286 5525 Pertz
3333 5465 3371 5522 l.
3421 5469 3462 5534 ι,
3519 5464 3636 5520 Pa-

1984 5543 2252 5614 trologiae
2270 5542 2418 5614 tom.
2444 5542 2624 5614 _X_CVI.

2057 5611 2170 5685 (61)
2217 5611 2300 5669 Cf.
2331 5612 2562 5670 Archiv.
2596 5614 2710 5683 VII,
2735 5627 2878 5689 pag.
2905 5615 3032 5683 433,
3058 5627 3192 5686 sqq.
