4048 6178
366 187 431 242 19
844 256 857 267 κ
1549 183 1861 240 ADEMARI
1907 183 1962 238 S.
2006 178 2286 237 CIBARDI
2326 178 2637 235 MONACHI
3717 184 3799 237 20

326 374 339 382 ,
431 308 488 378 4)
524 307 709 364 Paris.
739 323 802 363 n.
849 311 989 365 6190
1037 310 1171 380 (62).
1223 308 1421 365 Glabri
1476 308 1773 381 Rodulphi
1832 305 2020 363 codici
2059 310 2105 360 Α
2131 301 2381 371 singulis
2410 302 2782 374 quibusdam
2811 303 2957 361 locis
2989 306 3220 360 tantum
3259 303 3481 360 codicis
3527 304 3801 362 Thuanei

360 398 622 468 quatuor
649 394 792 454 folia
815 412 951 452 suae.
982 413 1149 453 ιιι-χιι
1202 401 1408 453 assuta
1447 402 1604 464 sunt,
1662 412 1798 469 quae
1857 394 2021 450 varia

359 500 434 541 ex
463 484 762 541 Ademaro
791 489 1071 558 excerpta
1096 486 1421 563 continent,
1447 490 1659 558 postea
1705 500 1774 540 ex
1808 483 2022 540 eodem

357 572 521 630 fonte
552 578 747 630 aucta.
780 575 942 640 Quae,
971 574 1137 629 nullo
1168 574 1376 630 ordine
1424 575 1663 647 scripta,
1716 573 1898 628 modo
1932 571 2019 644 ip-

360 662 487 718 sius
515 662 704 719 verba
726 663 997 730 retinent,
1026 663 1211 719 modo
1241 666 1472 719 mutato
1518 663 1671 735 stylo
1714 661 1889 717 valde
1936 660 2019 715 di-

356 766 597 808 versam
627 751 913 808 narrandi
935 752 1228 809 rationem
1257 752 1599 820 ostendunt,
1634 756 1709 820 et,
1742 749 2021 823 quamvis

358 857 433 899 ex
462 841 667 898 codice
693 858 818 898 non
846 841 1204 915 interpolata
1233 842 1553 915 descripta,
1572 843 1631 896 in
1653 840 2020 912 quibusdam

357 935 562 988 tamen
590 947 729 987 cum
758 936 791 987 2
822 932 1185 987 conveniunt
1207 932 1340 1003 (63),
1371 932 1449 987 ita
1482 936 1545 987 ut
1584 930 1830 985 fortasse
1872 928 2023 985 inter

356 1019 546 1093 ipsius
572 1018 691 1075 sint
720 1020 1031 1076 referenda
1054 1020 1267 1076 fontes.

426 1106 711 1165 Ademari
737 1107 888 1164 liber
916 1108 1143 1177 integer
1167 1124 1483 1181 nunquam
1523 1105 1761 1179 prodiit.
1798 1108 2017 1162 Secun-

356 1196 507 1253 dum
531 1194 755 1253 librum
784 1195 1043 1251 Pithoeus
1070 1196 1175 1251 SS.
1212 1196 1337 1251 ΧΙῙ
1361 1197 1646 1251 ροεειαηθί
1669 1194 1763 1249 ed.
1806 1197 1933 1249 Par.
1964 1198 2016 1261 2,

355 1300 418 1358 p.
451 1289 505 1352 6,
537 1284 751 1340 Franci
774 1300 836 1357 p.
870 1287 996 1345 230)
1031 1283 1262 1355 primus
1295 1299 1368 1338 ex
1395 1282 1529 1338 cod.
1564 1288 1581 1338 1
1621 1282 1825 1350 edidit,
1867 1281 2019 1336 Ade-

356 1371 511 1429 mari
546 1371 791 1428 nomine
823 1387 1189 1444 suppresso;
1242 1371 1501 1443 indeque
1552 1370 1778 1427 transiit
1822 1369 1881 1424 in
1910 1372 2021 1424 Du-

357 1459 588 1516 chesnii
615 1460 711 1516 SS.
750 1460 833 1530 (Il,
859 1476 918 1531 p.
954 1462 1040 1530 68)
1067 1462 1125 1515 et
1152 1461 1248 1516 SS.
1284 1459 1664 1532 Kulpisianos
1704 1462 1778 1529 (3,
1812 1476 1871 1531 p.
1905 1460 2016 1528 i5).

357 1548 522 1604 Idem
547 1547 807 1603 Pithoeus
837 1547 1117 1603 Ademari
1146 1553 1422 1620 excerpta
1449 1566 1495 1603 s.
1528 1554 1564 1604 t.
1593 1571 1619 1596 ‹‹
1654 1547 2020 1619 Aquitanicae

2131 389 2316 445 verba
2365 390 2644 447 referens.
2700 396 2781 448 Ex
2818 393 3014 466 primo
3062 392 3215 449 libro
3244 393 3483 449 nonnisi
3513 398 3800 465 excerpta

2129 478 2413 549 quaedam
2459 479 2640 546 dedit,
2693 481 3027 537 secundum
3082 485 3373 553 tanquam
3425 482 3554 552 jam
3613 486 3801 538 antea

2130 565 2357 622 editum
2382 569 2775 639 praetermisit,
2833 570 2981 626 tertii
3036 585 3279 643 quoque
3326 569 3492 625 initio
3529 570 3801 644 plurima

2131 669 2202 709 ex
2258 660 2409 711 Ann.
2472 658 2958 714 Laurissensibus
3006 659 3223 715 hausta
3288 660 3639 731 suppressit.
3715 662 3800 715 Ex

2136 744 2353 800 Labbei
2401 750 2458 801 et
2513 748 2828 803 Duchesnii
2879 747 3239 803 editionibus
3287 749 3484 819 major
3513 748 3802 805 Ademari

2106 834 2399 889 ~Historiae
2455 851 2595 907 pars
2647 836 2709 891 in
2771 837 3056 910 Bouqueti
3103 837 3512 894 collectionem
3556 842 3801 910 recepta

2132 928 2220 979 est
2277 924 2361 993 (ll,
2412 939 2471 996 p.
2533 928 2684 991 5H;
2738 928 2800 993 V,
2859 943 2920 998 p.
2980 930 3117 992 184;
3196 929 3282 993 Vl,
3337 942 3399 999 p.
3453 930 3605 994 223;
3681 930 3801 998 .Vll,

2126 1029 2186 1086 p.
2249 1018 2394 1079 225;
2467 1016 2601 1081 Vlll,
2659 1030 2718 1086 p.
2776 1019 2925 1081 232;
2977 1018 3038 1084 Χ,
3096 1031 3154 1089 p.
3214 1018 3467 1086 144-164)
3519 1015 3803 1088 notisque

2128 1101 2433 1157 illustrata.

2202 1191 2389 1247 Etiam
2418 1191 2479 1246 in
2509 1192 2621 1248 hac
2650 1208 2837 1265 quam
2863 1192 3089 1249 institui
3138 1209 3298 1249 nova
3355 1192 3613 1250 editione
3670 1209 3802 1249 non

2127 1280 2425 1348 integrum
2456 1296 2609 1353 opus
2640 1280 2758 1336 luci
2787 1281 3057 1338 dandum
3088 1287 3232 1347 erat,
3268 1282 3375 1337 sed
3396 1282 3526 1339 haec
3556 1286 3801 1341 tantum

2128 1369 2371 1425 exhibui
2397 1386 2533 1442 quae
2576 1370 2911 1427 Ademarus
2969 1371 3234 1428 fontibus
3296 1370 3409 1427 illis
3457 1370 3803 1443 majoribus

2129 1458 2345 1529 adjecit
2395 1463 2500 1514 aut
2549 1460 2794 1532 proprio
2847 1463 3023 1516 Marte
3079 1460 3452 1532 conscripsit.
3502 1464 3565 1516 1n
3605 1476 3801 1534 quem

2128 1547 2312 1603 ﬁnem
2342 1548 2609 1604 codicem
2642 1549 2914 1622 1'perlegi
2942 1549 3266 1622 omniaque
3292 1550 3584 1605 memoria
3606 1549 3804 1619 digna

356 1636 616 1693 historia:
646 1636 1053 1706 fragmentum
1087 1659 1114 1685 η
1162 1653 1235 1692 ex
1280 1637 1481 1693 codice
1524 1641 1557 1692 4
1604 1636 1827 1710 publici
1870 1635 2021 1707 juris
2054 1656 2092 1710 Β
2131 1652 2202 1692 ex
2232 1636 2441 1709 primis
2467 1637 2631 1694 libris
2661 1638 2966 1711 exscripsi.
3001 1643 3065 1694 1n
3092 1637 3484 1711 sequentibus
3506 1637 3802 1694 eumdem

356 1726 494 1782 fecit
526 1726 653 1793 (SS.
697 1727 824 1782 XII
847 1732 1011 1782 caret.
1045 1726 1138 1782 ed.
1169 1730 1297 1782 Par.
1340 1731 1391 1793 2,
1421 1742 1480 1799 p.
1514 1730 1637 1793 416,
1670 1726 1764 1781 ed.
1790 1724 2017 1781 Franci.

357 1831 418 1887 p.
448 1820 574 1882 517,
626 1819 682 1870 et
731 1814 833 1870 SS.
880 1816 1005 1870 ΧΠ
1032 1818 1318 1871 coa’tanei
1349 1832 1409 1888 p.
1457 1816 1570 1887 79),
1615 1831 1751 1888 quae
1794 1816 2021 1870 Duche-

361 1903 497 1969 snii,
524 1919 597 1959 ex
626 1902 815 1975 ipsius
844 1903 1124 1959 Ademari
1172 1908 1235 1960 ut
1285 1904 1519 1960 videtur
1567 1902 1770 1959 codice
1823 1907 2019 1971 aucta,

354 1990 759 2063 repetiverunt
790 1992 912 2063 (SS.
945 1996 1010 2061 ll,
1044 2010 1103 2066 p.
1139 1997 1275 2061 632;
1316 1996 1402 2063 ιν,
1430 2011 1489 2066 p.
1523 1997 1590 2048 80
1600 2004 1633 2061 ).
1670 1995 1847 2047 Breve
1878 1992 2023 2047 Ade-

356 2079 511 2136 mari
565 2079 971 2151 fragmentum
1028 2088 1093 2137 A.
1170 2081 1539 2138 Duchesnius
1617 2081 1794 2137 etiam
1883 2080 2019 2136 Hist.

358 2171 558 2225 Norm.
623 2171 720 2225 SS.
784 2170 1115 2226 collectioni
1168 2171 1249 2243 (p.
1312 2175 1398 2242 19)
1448 2170 1712 2226 inseruit.
1775 2170 2022 2241 Majores

355 2256 522 2313 locos
582 2273 808 2331 eosque
860 2274 933 2314 ex
990 2259 1220 2331 optimo
1264 2259 1488 2326 codice,
1529 2259 1778 2314 fortasse
1808 2258 2021 2314 eodem

354 2361 539 2419 quem
573 2352 620 2402 1.
650 2348 983 2417 nominavi,
1014 2348 1344 2421 descriptos
1379 2350 1507 2420 (6'1),
1542 2348 1763 2403 Bcslius
1793 2348 1852 2403 in
1888 2363 2021 2420 pro-

354 2434 701 2491 bationibus
758 2437 1016 2492 historiae
1065 2437 1351 2493 comitum
1407 2438 1839 2493 Pictavensium
1903 2440 2014 2507 (65)

355 2523 643 2580 exhibuit.
673 2525 991 2581 Historiam
1022 2542 1092 2582 ex
1123 2526 1421 2583 Ademaro
1449 2526 1697 2599 aliisque
1728 2525 2015 2598 compila-

352 2616 480 2671 tam
531 2616 733 2671 Petrus
786 2632 822 2671 a
986 2616 1317 2672 Romualdo
1367 2616 1482 2671 luci
1521 2616 1841 2683 dedit(66).
1875 2614 2019 2671 Lab-

354 2703 505 2759 beus
534 2704 719 2777 paulo
746 2710 884 2777 post
924 2705 1246 2762 editionem
1302 2706 1646 2762 absolutam
1698 2720 2017 2775 aggressus

355 2798 463 2865 est,
518 2793 709 2849 tribus
763 2794 1072 2850 codicibus
1123 2811 1307 2867 supra
1362 2795 1636 2851 indicatis
1684 2796 1753 2865 (1,
1810 2800 1886 2856 1“.
1938 2795 2016 2864 2.)

354 2898 544 2951 usus;
604 2882 710 2938 sed
754 2882 1043 2953 singulari
1091 2900 1289 2939 errore
1342 2884 1563 2939 librum
1592 2882 2016 2956 interpolatum

355 2975 612 3038 secutus,
666 2969 964 3041 integram
1017 2971 1297 3029 Ademari
1350 2972 1664 3029 Historiam
1738 2971 2012 3041 neglexit,

2130 1724 2397 1782 codicem
2428 1731 2701 1783 accurate
2745 1727 3206 1799 exprimendum
3263 1726 3488 1794 curavi,
3547 1730 3604 1782 et
3656 1741 3801 1799 quae

2129 1816 2356 1873 correxi
2385 1816 2447 1872 in
2472 1817 2627 1872 notis
2657 1833 2893 1890 semper
2916 1816 3089 1873 retuli
3134 1819 3267 1887 (67).
3320 1820 3385 1872 1n
3432 1815 3635 1872 codice
3690 1832 3801 1871 sae-

2129 1905 2266 1979 pius
2286 1923 2323 1962 a
2354 1922 2464 1978 pro
2489 1923 2521 1963 e
2548 1906 2840 1972 scribitur,
2882 1906 3049 1979 quod
3077 1922 3149 1962 ex
3174 1905 3497 1962 verborum
3522 1920 3799 1977 pronun-

2131 1994 2373 2051 tiatione
2424 1995 2484 2051 in
2540 1995 2873 2068 Aquitania:
2917 1995 3264 2066 regionibus
3318 1994 3536 2051 usitata
3591 1999 3799 2051 ortum

2131 2100 2263 2140 esse
2289 2083 2523 2140 videtur
2551 2101 2563 2139 :
2588 2101 2639 2151 e,
2675 2100 2788 2155 gr.,
2841 2086 3343 2155 Nannetansium,
3391 2085 3797 2153 Rotomansis,

2132 2173 2460 2241 biannium,
2494 2174 2857 2240 emandatio,
2877 2174 3382 2243 commandatum,
3406 2173 3802 2243 opulantissi-

2129 2277 2309 2330 mam,
2339 2262 2839 2331 amplectabatur,
2874 2278 3205 2332 assumans,
3234 2268 3563 2328 rerertans,
3615 2262 3796 2318 deco-

2130 2365 2284 2420 ram,
2314 2351 2833 2419 Engolismensam
2861 2353 2993 2422 (68).
3055 2353 3187 2406 Haec
3239 2366 3317 2408 an
3355 2350 3651 2405 Ademaro
3698 2350 3799 2406 tri-

2127 2438 2375 2493 buerem
2406 2438 2690 2507 hmsitavi,
2725 2440 2986 2512 recipere
3017 2444 3220 2496 tamen
3250 2439 3431 2496 nolui.
3462 2440 3602 2505 Quae
3647 2438 3712 2494 in
3761 2444 3795 2495 2

2127 2526 2452 2594 adduntur,
2484 2532 2589 2583 aut
2613 2533 2843 2584 mutata
2871 2528 3168 2599 leguntur,
3218 2528 3373 2584 infra
3419 2526 3645 2593 addidi,
3692 2542 3795 2582 ne-

2126 2632 2244 2688 que
2275 2619 2477 2672 tamen
2502 2633 2713 2674 omnes
2742 2634 2964 2691 easque
2992 2633 3149 2690 saepe
3193 2617 3539 2674 falsissimas
3585 2615 3793 2672 lectio-

2128 2721 2235 2761 nes
2266 2705 2524 2761 enotavi.
2552 2710 2615 2762 ln
2641 2706 2913 2777 margine
2952 2710 3179 2762 certum
3214 2705 3488 2761 ordinem
3538 2703 3795 2759 chrono-

2127 2793 2391 2864 logicum
2424 2793 2705 2861 stabilire,
2738 2794 2801 2851 in
2826 2795 2981 2851 notis
3019 2810 3247 2850 errores
3277 2793 3569 2863 corrigere
3615 2796 3673 2846 et
3695 2806 3792 2847 res

2128 2882 2513 2955 Aquitanicas
2542 2883 2811 2956 aliasque
2840 2883 3132 2940 memoria
3161 2882 3377 2953 dignas
3423 2896 3613 2954 quam
3659 2878 3793 2936 bre-

2127 2971 2370 3027 vissime
2397 2970 2695 3044 explicare
2725 2977 2975 3029 conatus
3006 2988 3163 3028 sum.
3440 2972 3505 3026 G.
3539 2971 3750 3023 Wurz.

1963 3096 2187 3152 NOTAE.

426 3197 542 3267 (62)
581 3192 779 3267 Codex
804 3192 947 3267 olim
981 3196 1039 3267 E_.
1078 3193 1259 3249 Vineti
1288 3199 1513 3267 postea
1558 3195 1813 3262 Thuani,
1837 3193 2015 3250 fuisse

354 3264 625 3403 vidg'tur;
657 3264 935 3391 038835in
967 3264 1107 3319 Hist.
1142 3264 1430 3321 comitum
1470 3267 1711 3334 Pictav.,
1771 3284 1829 3339 p.
1886 3271 2007 3321 199.

487 3375 497 3387 .
580 3351 662 3403 ιιι,
696 3378 726 3391 -
771 3378 783 3402 ,
854 3369 907 3389 -.

452 3340 541 3404 63)
580 3351 662 3404 ιιι,
695 3340 783 3402 28,
819 3340 907 3391 34.

428 3404 543 3548 (61)
581 3424 635 3461 v.
664 3422 724 3479 p.
766 3410 883 3462 199.

452 3483 517 3533 65
579 3478 883 3533 Histoiree

452 3478 541 3536 65)
579 3478 843 3533 Histoire
872 3478 973 3533 des
1003 3483 1216 3534 comtes
1241 3479 1315 3535 de
1340 3480 1588 3535 Poictou
1627 3486 1680 3536 et
1728 3480 1830 3536 des
1866 3479 2010 3536 ducs

358 3550 743 3623 depGuyenne
763 3563 884 3623 par
912 3549 1187 3623 ILBesly.
1212 3548 1392 3615 Paris,
1422 3550 1725 3623 1647,1ὀΙ.,
1757 3551 2008 3623 passim.

430 3621 543 3689 (66)
581 3619 867 3674 Historiae
930 3620 1307 3676 Francorum
1361 3636 1461 3677 seu
1513 3619 1798 3678 Chronici
1860 3623 2014 3678 Ade-

358 3691 517 3746 mari
544 3690 1011 3759 Engolismensis
1036 3692 1285 3760 epitome
1313 3723 1380 3731 -—
1410 3708 1543 3748 cum
1574 3695 1729 3749 notis
1760 3695 2011 3749 nonnul-

360 3764 548 3831 lisque
594 3761 972 3832 interpolatis
1030 3763 1383 3832 quibusdam
1432 3766 1609 3820 etiam
1694 3765 1912 3820 odditis
1974 3780 2012 3821 a

358 3832 573 3888 domno
610 3831 790 3887 Petro
847 3846 883 3888 α
937 3834 1000 3888 S.
1033 3831 1366 3890 Romualdo
1415 3835 1702 3892 Fuliensi.
1758 3837 2012 3893 Parisiis

2127 3195 2294 3263 apud
2317 3196 2383 3250 L.
2418 3195 2850 3265 Chamhoudry
2905 3198 3061 3263 1652,
3125 3198 3210 3249 12.
3274 3192 3469 3251 Simile
3513 3210 3669 3265 opus
3697 3210 3794 3250 ex-

2124 3269 2237 3320 stat
2263 3266 2325 3321 in
2352 3266 2485 3321 cod.
2518 3268 2646 3321 Par.
2681 3281 2741 3321 ιι.
2772 3268 2931 3331 6182,
2982 3265 3194 3335 chart.,
3253 3284 3299 3320 s.
3331 3281 3453 3321 xvn
3485 3284 3497 3321 :
3551 3265 3637 3323 De
3674 3267 3793 3321 ori-

2121 3337 2259 3406 gine
2304 3337 2682 3409 Francorum
2730 3352 2806 3393 ea:
2847 3338 3130 3393 chronica
3173 3337 3466 3393 Ademari
3504 3338 3788 3409 Engolis-

2121 3409 2336 3463 mensis
2365 3407 2650 3464 monachi
2673 3410 2872 3464 sancti
2906 3408 3233 3465 Martialis.

2195 3479 2476 3552 (67)_Hoc_
2499 3494 2621 3534 uno
2649 3484 2920 3552 excepto,
2950 3478 3118 3552 quod
3142 3478 3204 3535 in
3250 3477 3508 3552 genitivo
3530 3494 3792 3552 semper

2123 3565 2171 3605 se
2201 3549 2589 3623 scribendum
2621 3565 2749 3606 esse
2780 3549 2947 3623 duxi,
2971 3549 3113 3606 cum
3135 3550 3345 3623 codex
3384 3549 3496 3623 sibi
3525 3549 3638 3623 ipsi
3666 3549 3789 3623 non

2122 3624 2409 3694 constans
2434 3621 2618 3694 modo
2645 3637 2693 3677 te
2724 3621 2907 3677 modo
2933 3638 2964 3677 e
3002 3621 3404 3694 (potissimum
3436 3621 3503 3694 in_
3537 3620 3790 3694 urbium

2122 3692 2471 3747 nominibus
2500 3693 2865 3763 Engolisme,
2896 3691 3218 3757 Leniovice,
3246 3694 3382 3761 etc.)
3415 3691 3711 3748 exhibeat.

2194 3764 2307 3833 (68)
2351 3766 2480 3818 Haec
2510 3763 2812 3820 interdum
2834 3765 2964 3835 jam
2993 3764 3055 3818 in
3085 3763 3287 3819 codice
3319 3767 3585 3835 correcta
3610 3766 3785 3817 sunt:

2123 3834 2318 3890 classa
2348 3850 2498 3890 corr.
2529 3836 2735 3902 classe,
2767 3834 3151 3892 Salasensam
3201 3850 3351 3890 corr.
3385 3834 3783 3890 Salasensem.

1437 4076 1920 4167 LIBER
2048 4076 2704 4166 PRIMUS.

434 4322 482 4373 1.
524 4316 884 4391 Principium
910 4321 1078 4391 regni
1110 4325 1492 4397 Francorum,
1537 4334 1671 4397 etc.,
1726 4336 1789 4385 ut
1841 4331 2017 4388 Gesta

355 4406 755 4462 Francorum.

434 4500 518 4550 11.
561 4498 738 4564 (Gest.
769 4498 1148 4558 Francorum
1175 4519 1225 4559 c.
1256 4506 1336 4575 1s)
1378 4506 1506 4563 lucc
1535 4509 1850 4565 adduntur
1885 4525 1906 4565 :
1938 4512 2017 4565 Eo

360 4587 626 4656 tempore
650 4591 893 4643 sanctus
927 4591 1255 4661 Eparchius
1287 4600 1463 4651 natus
1496 4601 1584 4653 est
1609 4602 1777 4670 patre
1804 4598 2017 4654 comite

356 4672 743 4743 Petrogoricee
768 4676 1012 4733 nomine
1046 4679 1248 4752 Felice,
1276 4683 1380 4755 qui
1410 4690 1623 4757 postea
1644 4685 1857 4759 plenus
1882 4702 2017 4743 san-

358 4759 553 4816 ctitate
584 4765 873 4833 patronus
896 4765 1207 4836 Egolismte
1238 4770 1489 4828 civitatis
1519 4773 1709 4830 factus
1739 4778 1845 4831 est.

433 4851 543 4903 16‘.
572 4850 711 4920 (Αη.
746 4856 869 4907 508.
902 4855 1056 4911 Gest.
1088 4872 1137 4912 c.
1176 4860 1263 4929 17)
1314 4860 1454 4916 add.
1488 4878 1501 4916 :
1531 4866 1593 4917 ln
1636 4862 1770 4936 ipsa
1819 4863 2018 4920 civita-

358 4940 413 4993 te
442 4937 459 5007 (
471 4940 523 5009 1)
552 4955 898 4997 consecrare
928 4942 1065 5000 fecit
1104 4945 1166 5001 in
1218 4947 1569 5022 episcopatu
1614 4952 2017 5010 venerabilem

354 5025 554 5081 virum
578 5030 900 5101 Aptonium
932 5032 1316 5106 capellanum
1348 5053 1546 5107 suum,
1589 5043 1847 5113 expulso
1903 5042 2021 5115 pri-

356 5129 460 5169 mo
489 5115 775 5191 episcopo
803 5119 1052 5178 Arriano
1079 5124 1406 5180 Gothorum
1431 5126 1506 5182 de
1522 5129 1738 5186 eadem
1759 5130 2013 5187 civitate.

2194 4334 2283 4388 24.
2312 4333 2453 4404 (An.
2489 4334 2611 4387 581.
2648 4330 2716 4385 G.
2747 4344 2798 4385 c.
2832 4330 2922 4400 25)
2944 4326 3083 4383 add.
3122 4345 3135 4383 :
3185 4330 3290 4383 Per
3347 4325 3509 4383 idem
3547 4328 3787 4399 tempus

2126 4424 2367 4476 sanctus
2424 4418 2751 4494 Eparchius
2801 4415 3022 4490 praesul
3050 4417 3072 4451 ¹
3117 4414 3451 4473 Sanctionis
3506 4419 3564 4471 et
3618 4418 3789 4487 pater

2128 4509 2557 4580 Egolismensis
2582 4507 2860 4578 migravit
2883 4506 2962 4563 ad
2982 4504 3279 4563 Christum
3295 4504 3390 4560 die
3412 4505 3609 4577 primo
3629 4502 3782 4560 Julii.

2195 4604 2283 4655 29.
2315 4600 2405 4666 (G.
2440 4615 2490 4656 c.
2521 4598 2611 4669 30)
2637 4598 2779 4654 add.
2812 4614 2824 4651 :
2857 4598 2935 4652 Eo
2965 4600 3232 4667 tempore
3277 4598 3519 4650 sanctus
3568 4596 3786 4663 Grego-

2124 4688 2247 4745 rius
2276 4687 2762 4762 archiepiscopus
2803 4684 3164 4742 Turonensis
3203 4683 3441 4753 magnis
3471 4682 3786 4739 virtutibus

2125 4777 2526 4849 fulgebat.Per
2544 4775 2707 4832 idem
2737 4779 2973 4847 tempus
2995 4777 3237 4830 sanctus
3280 4774 3613 4828 Germanus
3635 4770 3790 4826 Pari-

2126 4866 2354 4923 siorum
2385 4867 2725 4940 episcopus,
2750 4863 2970 4919 missus
2990 4878 3027 4919 a
3044 4877 3182 4931 rege
3206 4859 3549 4918 Chariberto
3570 4859 3792 4930 Egolis-

2125 4970 2293 5012 mam
2319 4955 2639 5022 civitatem,
2666 4950 3040 5009 consecravit
3063 4949 3377 5006 basilicam
3400 4948 3590 5005 sancti
3611 4951 3790 5021 Epar-

2126 5042 2263 5111 chii,
2297 5043 2402 5099 ubi
2425 5044 2553 5116 ipse
2573 5057 2767 5115 nuper
2794 5040 3063 5113 sepultus
3084 5038 3277 5094 fuerat
3304 5055 3319 5105 ;
3348 5037 3539 5094 adfuit
3559 5053 3697 5093 cum
3716 5050 3788 5091 eo

2126 5132 2484 5191 venerabilis
2514 5129 2829 5201 Gregorius
2858 5128 3178 5203 episcopus
3212 5126 3589 5194 Turonensis,
3644 5128 3701 5181 et
3727 5123 3790 5179 in

1736 5230 1966 5285 VARl/E
2010 5228 2302 5287 LECTION
2310 5231 2413 5287 ES.

379 5378 390 5389 _
430 5309 445 5342 ¹
480 5324 530 5395 (ξ.
560 5313 993 5395 16._Gestorum
1027 5328 1099 5384 (c.
1130 5322 1240 5385 15.)
1270 5320 1450 5395 verba
1478 5323 1566 5378 ita
1599 5325 1890 5394 leguntur
1922 5344 1934 5381 :
1961 5327 2248 5394 Deinceps
2277 5341 2490 5382 omnes
2521 5323 2803 5381 accelesize
2848 5323 2949 5380 Dei
2992 5338 3130 5395 cum
3162 5323 3512 5395 auctoritate
3556 5324 3796 5395 aposto-

352 5377 622 5473 liffB‘gflf')
653 5384 907 5473 humani
935 5377 1049 5467 hoc
1078 5377 1422 5473 exemplum
1447 5377 1933 5473 agente's'uvsque‘
1961 5377 2880 5473 Ba'Br'eEEdsTi—ﬁéaéiééiéﬁiaé
2903 5377 3502 5466 triduanasvubique
3540 5377 3792 5447 célebro

351 5452 623 5509 recolunt
647 5460 783 5512 ante
812 5458 1227 5525 ascensionem
1253 5452 1521 5527 Domini?
1588 5468 1609 5500 ²
1646 5483 1706 5547 p.
1745 5485 1793 5524 s.
1813 5452 1890 5523 ‘et
1912 5452 2050 5537 post
2074 5452 2249 5526 Erasa
2264 5452 2329 5525 71.

1978 5567 2177 5623 ΝΟΤᾸΞ

419 5618 437 5690 (
449 5621 499 5692 1)
541 5624 899 5692 Engolisma.
