4048 6178
245 172 315 224 21
1341 147 1856 211 HISTORIARUM
1902 145 1960 198 LI

2124 142 2342 203 TBES.
2377 178 2443 187 —
2477 149 2606 203 Lm.
2650 151 2688 203 ι.
3676 114 3772 208 ’22

248 290 387 364 ipsa
412 285 669 344 basilica
699 281 889 340 multa
917 280 1171 355 pignora
1184 277 1575 350 reliquiarum
1594 266 1795 364 beati
1824 269 1974 364 Mar-
2011 272 2051 323 Α
2072 266 2408 364 Martellus,
2440 268 2772 341 Chilperico
2817 233 3079 341 recepto,
3110 284 3314 339 regem
3371 287 3511 327 eum
3546 274 3769 329 consti—

248 354 356 435 tini
412 374 687 449 episcopi
745 354 1125 438 collocantes,
1178 359 1652 423 dedicaverunt“
1684 370 1858 449 eam
1910 354 1967 410 in

247 441 529 539 ejusdem
561 441 757 521 sancti
783 460 1009 520 Martini
1068 460 1321 515 honore.
1356 452 1616 524 Denique
1657 444 1731 501 in
1770 441 1968 501 altare

246 538 443 629 ipsius
486 552 569 609 ab
621 550 841 607 eodem
888 550 1094 604 sancto
1142 547 1439 602 Germano
1489 542 1673 609 atque
1744 538 1965 589 sancto

252 641 549 713 Gregorio
601 641 956 695 consecrato
1007 637 1228 690 sanctas
1260 630 1450 688 crucis
1476 629 1737 683 actenus
1766 635 1962 695 appa-

251 710 397 790 rent
413 732 721 804 impressa
747 724 1079 798 signacula.
1112 727 1257 779 Item
1278 721 1341 777 in
1369 721 1600 777 honore
1622 710 1832 769 sancti
1858 714 1961 768 Pe-

252 821 329 878 tri
354 800 876 877 consecraverunt
933 811 1264 869 acclesiam
1316 807 1475 865 sedis
1521 800 1892 878 episcopalis
1916 803 1959 888 ’θ’

251 924 453 985 quam
483 906 824 965 Clodoveus
868 918 971 959 rex
1025 898 1408 973 supradictus
1436 912 1472 953 a
1528 908 1693 949 novo
1728 890 1956 947 incoari

247 978 548 1071 jusserat,
579 995 884 1050 destructa
913 989 1098 1063 priori
1147 986 1310 1056 sede,
1343 1000 1533 1057 quam
1566 978 1742 1037 Gothi
1766 979 1961 1035 Arria-

251 1068 341 1144 na
374 1082 789 1141 maculatione
821 1078 1211 1141 foedaverant,
1241 1075 1303 1129 in
1355 1074 1590 1129 honore
1635 1068 1829 1124 sancti
1857 1069 1961 1124 Sa-

575 1168 1136 1236 Ordinaveruntque
1184 1162 1247 1218 in
1289 1162 1421 1235 ipsa
1461 1157 1699 1215 civitate
1724 1156 1959 1229 episco-

256 1279 421 1339 pum
453 1259 706 1317 nomine
732 1255 1042 1315 Mererium
1072 1252 1164 1325 (2),
1192 1251 1294 1324 qui
1328 1250 1388 1306 in
1414 1246 1662 1305 Francia
1695 1245 1957 1318 capella-

256 1335 385 1409 nus
457 1349 621 1420 regis
650 1347 862 1403 fuerat.
898 1341 1190 1417 Aptonius
1219 1340 1376 1396 enim
1409 1336 1756 1411 nuperrime
1785 1335 1957 1391 obie-

254 1446 361 1499 rat
390 1441 456 1496 in
484 1438 750 1516 Chrirto.

337 1535 430 1588 3t.
463 1529 607 1601 (An.
640 1510 766 1581 575‘.
794 1525 953 1580 Gest.
978 1537 1029 1577 ε.
1056 1524 1145 1590 82)
1172 1519 1300 1576 Ιιίεσ
1320 1519 1604 1588 leguntur
1624 1504 1655 1571 ἴ
1659 1513 1771 1580 Qui
1791 1529 1960 1570 com-

2071 349 2213 421 tuit,
2246 358 2468 414 oblitus
2527 363 2883 415 cunctorum
2937 374 2994 429 q:
3023 374 3071 411 aa
3128 357 3189 413 in
3232 375 3304 414 eo
3335 359 3558 416 fecerat
3582 360 3771 416 malo—

2070 457 2239 512 rum,
2274 448 2377 503 sed
2401 464 2549 503 cum
2582 445 2912 503 Raenfredo
2941 446 3230 503 amicitias
3265 450 3283 482 τ
3310 447 3505 504 facere
3551 448 3763 506 noluit.

2073 536 2197 589 Rex
2228 536 2627 609 Chilpericus,
2663 535 2811 591 urbe
2864 534 3154 592 Noxiomo
3176 539 3196 570 ⁸
3230 537 3497 607 veniens,
3546 535 3765 593 morbo

2071 622 2245 696 obiit,
2266 630 2323 682 et
2350 625 2638 696 regnavit
2669 624 2845 680 annis
2873 640 2994 680 sex.
3044 625 3247 682 Franci
3276 642 3418 681 vero
3447 623 3764 682 Theoderi-

2072 729 2235 784 cum,
2266 714 2466 770 tilium
2498 713 2821 783 Dagoberti
2844 712 3119 785 junioris,
3146 715 3209 769 in
3228 713 3600 770 monasterio
3623 710 3762 767 Cala

2071 804 2423 874 enutritum,
2458 819 2650 876 super
2674 820 2735 859 se
2759 818 2964 873 regem
2997 807 3285 873 statuunt,
3313 817 3619 859 consensu
3650 801 3760 852 Κει-

2070 892 2471 949 roliMartelli.
2542 892 2793 948 Karolus
2840 908 2982 947 vero
3011 891 3287 965 princeps
3358 886 3761 947 ltaenfredum

2070 982 2398 1051 insecutus,
2434 981 2783 1051 Andegavis
2841 979 3136 1037 civitatem
3165 980 3419 1047 obsedit,
3444 983 3502 1033 et
3529 976 3765 1029 vastata

2069 1071 2314 1140 regione
2345 1070 2599 1138 eadem,
2629 1087 2767 1126 cum
2798 1069 3071 1142 plurimis
3102 1069 3309 1142 spoliis
3342 1078 3622 1123 reversus
3652 1066 3765 1136 est,

2071 1164 2129 1214 et
2157 1159 2354 1230 major
2383 1159 2620 1215 domus
2652 1160 2895 1215 effectus
2928 1158 3161 1231 estipse
3186 1156 3448 1214 Karolus
3474 1150 3769 1209 Martellus

2070 1248 2132 1304 in
2154 1262 2339 1317 regno
2364 1250 2763 1304 Francorum.
2801 1247 3080 1319 Sequenti
3104 1263 3271 1303 anno
3320 1241 3664 1313 Andegavis
3691 1244 3772 1303 ci-

2069 1337 2312 1393 vitatem
2358 1335 2695 1391 fortissime
2726 1334 3037 1391 debellans
3070 1334 3280 1407 erepit,
3334 1335 3423 1400 et,
3450 1333 3778 1396 ltaentredo

2070 1425 2401 1493 interfecto,
2437 1440 2726 1481 reversus
2752 1431 2856 1479 est.

2268 1517 2387 1587 (An
2409 1521 2543 1572 732.
2576 1517 2900 1586 Fredegar.
2926 1532 2975 1571 c.
3018 1514 3136 1585 108)
3160 1521 3325 1583 post
3374 1532 3390 1572 ι
3421 1518 3600 1581 victor
3625 1529 3799 1587 Fran.

252 1621 585 1678 moventes
619 1613 969 1680 exercitum,
1005 1609 1295 1666 adversus
1347 1621 1485 1662 eum
1510 1607 1771 1678 pergunt
1814 1619 1958 1660 con-
1996 1628 2038 1681 Β
2069 1604 2222 1660 ciam
2252 1604 2430 1660 rediit
2458 1604 2606 1660 add.
2633 1621 2655 1659 .’
2683 1610 2740 1660 et
2768 1608 2985 1661 extunc
3016 1616 3242 1658 omnes
3283 1616 3622 1687 αοερειιηῐη
3666 1636 3806 1680 eum

254 1713 356 1764 tra
390 1705 789 1777 Egolismam,
822 1700 927 1757 ubi
953 1698 1257 1756 residebat
1275 1700 1519 1771 propter
1544 1692 1960 1751 fortitudinem

248 1811 618 1854 murorum.
654 1792 755 1850 llle
785 1806 1034 1864 quoque
1064 1786 1381 1844 derelictus
1410 1801 1447 1841 a
1478 1784 1602 1840 suis
1633 1799 1774 1839 cum
1806 1799 1959 1856 pau-

250 1887 353 1943 cis
385 1882 699 1950 remansit,
736 1879 846 1936 sed
874 1883 1079 1935 tamen
1111 1875 1191 1933 ad
1240 1873 1472 1931 bellum
1497 1873 1581 1929 ire
1618 1887 1743 1928 non
1782 1870 1962 1928 dubi-

250 1979 374 2032 tat.
405 1972 845 2043 Venientesque
877 1966 957 2023 ad
978 1979 1249 2040 pugnam
1274 1964 1409 2018 octo
1434 1960 1697 2017 millibus
1712 1958 1791 2016 ab
1808 1961 1961 2031 Ego-

244 2065 447 2121 lisma
462 2062 643 2133 juxta
656 2058 922 2114 ﬂuvium
940 2058 1260 2113 Carantam
1277 2067 1447 2107 secus
1466 2049 1685 2105 silvam
1707 2051 1957 2117 Buxam,

243 2150 720 2211 'l'heodebertus
770 2146 1042 2203 devictus
1096 2140 1509 2217 prosternitur,
1560 2142 1959 2211 mortuusque

247 2247 352 2300 est
377 2240 491 2297 ibi.
526 2237 620 2294 Ab
642 2234 909 2292 Annulfo
931 2247 1174 2307 quoque
1194 2230 1350 2286 duce
1381 2228 1685 2295 collectus,
1719 2227 1960 2298 Egolisi-

245 2345 410 2387 nam
444 2325 758 2384 civitatem
779 2325 1077 2397 portatus,
1109 2317 1335 2375 ibidem
1367 2315 1638 2389 sepultus
1680 2319 1767 2373 est
1795 2315 1959 2388 apud

254 2421 575 2478 Sanctum
603 2411 993 2488 Eparchium.
1045 2407 1387 2480 Sigebertus
1414 2421 1557 2460 vero
1579 2410 1633 2461 et
1685 2404 1960 2478 Chilperi-

252 2525 374 2566 cus
401 2502 783 2581 pugnabant
833 2500 988 2556 inter
1032 2513 1093 2553 se
1140 2496 1204 2552 in
1234 2492 1499 2551 Francia.
1533 2495 1695 2549 Tunc
1736 2492 1962 2566 Chilpe-

254 2613 666 2754 ncimus."(.Gest.
700 2697 753 2737 ο.
783 2682 853 2736 34
906 2677 1101 2747 initio)
1154 2673 1297 2731 add.
1333 2690 1348 2729 :
1410 2674 1544 2728 Erat
1567 2671 1728 2728 enim
1758 2670 1859 2727 illa
1888 2670 1964 2743 (3)

257 2773 499 2833 ancilla
557 2768 964 2843 nequissima,
1014 2765 1117 2822 sed
1166 2764 1414 2838 propter
1459 2759 1965 2834 pulchritudinem

252 2865 475 2921 vultus
538 2876 681 2919 eam
707 2874 817 2915 rex
847 2855 1030 2912 nimis
1078 2853 1348 2920 amabat,
1407 2854 1464 2906 et
1499 2850 1663 2906 mala
1718 2849 1965 2905 consilia

2073 1693 2516 1763 cognominare
2548 1693 2894 1761 Martellum,
2926 1690 3073 1764 quia
3105 1688 3285 1744 sicut
3324 1711 3645 1768 rnartcllus
3667 1732 3811 1771 cun-

2073 1790 2234 1841 ctum
2258 1785 2494 1840 ferrum
2530 1784 2864 1854 subigit,sic
2884 1784 3017 1857 ipse
3047 1784 3167 1836 Deo
3193 1779 3288 1835 ad
3289 1785 3560 1855 juvantc
3589 1810 3805 1861 cuncta

2072 1873 2271 1946 praelia
2303 1872 2650 1942 frangebat.

2144 1964 2230 2015 54.
2265 1961 2385 2029 (An
2408 1964 2542 2015 736.
2579 1962 2752 2017 Fred.
2796 1978 2846 2017 ο.
2884 1958 3008 2030 109)
3040 1956 3187 2013 add.
3226 1973 3240 2011 :
3286 1963 3453 2021 Tunc
3508 1975 3790 2025 mortuus

2071 2055 2159 2104 est
2186 2047 2597 2104 Theodericus
2626 2066 2749 2111 rex,
2805 2049 2963 2105 tilius
3019 2044 3351 2115 Dagoberti
3408 2052 3687 2119 minoris,
3724 2060 3782 2109 et

2072 2136 2322 2193 Karolus
2351 2137 2656 2192 Mai-tellus
2683 2139 2744 2194 in
2775 2138 2913 2210 ipsa
2939 2133 3156 2190 intirmi
3169 2138 3287 2190 tate
3319 2136 3412 2189 sui
3438 2137 3624 2204 jussit
3654 2138 3773 2191 ele-

2075 2241 2210 2281 vare
2242 2224 2302 2279 in
2330 2240 2544 2293 regem
2571 2226 2946 2281 Hildericum‘
2966 2223 3207 2278 fratrem
3234 2220 3605 2278 Theoderici.
3659 2222 3769 2284 Qui

2072 2328 2279 2369 vecors
2319 2318 2472 2381 erat,
2504 2314 2653 2369 sicut
2683 2319 2743 2369 et
2772 2312 2954 2367 frater
2983 2311 3110 2381 ejus
3158 2309 3357 2365 fuerat
3387 2324 3400 2373 ;
3436 2307 3539 2361 sed
3562 2306 3766 2361 melio-

2071 2419 2197 2458 rem
2230 2400 2328 2455 illo
2355 2416 2485 2456 non
2517 2406 2802 2475 poterant
2851 2399 3055 2455 Franci
3085 2397 3357 2455 invenire
3379 2394 3454 2450 de
3484 2393 3651 2467 prole
3675 2408 3763 2448 re-

2073 2490 2304 2562 gali.....

2147 2582 2281 2651 (An.
2314 2582 2445 2635 741.
2480 2583 2661 2638 Fred.
2703 2596 2758 2636 ι’.
2795 2580 2982 2650 HO)...
3034 2597 3103 2633 eo
3135 2581 3349 2650 pacto,
3372 2580 3435 2630 ut
3464 2577 3763 2630 Romanos

2073 2666 2419 2724 defenderet
2440 2670 2515 2725 de
2541 2666 2981 2737 Langobardis,
3013 2666 3118 2739 qui
3138 2666 3347 2724 multa
3378 2663 3531 2722 mala
3558 2666 3617 2719 in
3650 2668 3762 2720 ter-

2075 2774 2140 2813 ra
2165 2760 2186 2791 θ
2218 2757 2409 2812 sancti
2436 2758 2581 2813 Petri
2612 2754 2938 2812 faciebant.
2974 2759 3157 2828 lpse..
3179 2803 3196 2814 .

2150 2846 2436 2901 .....ordo
2499 2843 2952 2902 sacratissimus
3010 2847 3334 2916 paschalis
3390 2846 3652 2903 turbatus
3680 2848 3767 2903 est

258 2968 521 3027 semper
553 2947 850 3007 audiebat
901 2944 980 3003 ab
1033 2943 1155 3011 illa,
1202 2948 1260 2997 et
1288 2955 1422 2996 eam
1474 2938 1754 2995 credebat
1782 2954 1963 3011 super
2003 2979 2042 3031 Ο
2074 2934 2433 3007 permultas
2466 2935 2747 3003 regiones
2800 2952 2909 3008 per
2961 2948 3247 2994 errorem
3279 2944 3335 2996 ει
3369 2938 3763 3010 ignorantiam

255 3059 491 3102 omnes
525 3035 914 3097 consiliarios
940 3036 1329 3090 Francorum.

332 3138 436 3190 41.
463 3131 565 3200 (G.
604 3144 657 3186 c.
677 3128 768 3199 42)
798 3123 943 3181 add.
975 3138 1000 3179 .·
1022 3124 1185 3179 Tunc
1208 3116 1472 3175 Eraclius
1500 3116 1963 3188 imperatorcru-

256 3238 404 3279 cem
439 3215 685 3276 Domini
740 3215 819 3270 de
850 3212 995 3268 fano
1026 3208 1311 3277 Cosdroe,
1343 3206 1508 3279 quod
1533 3211 1659 3261 erat
1685 3204 1744 3260 in
1776 3205 1962 3261 Persi-

254 3311 362 3384 de,
395 3308 597 3365 victor
623 3302 839 3361 detulit
867 3301 929 3357 in
954 3296 1417 3384 Hierusalem,et
1438 3294 1715 3351 exaltatio
1741 3299 1961 3351 sanctae

256 3398 467 3457 crucis
492 3397 557 3453 in
599 3409 779 3450 suam
813 3393 834 3425 ⁵
867 3389 1166 3447 civitatem
1198 3392 1341 3443 tunc
1368 3383 1527 3440 facta
1553 3388 1662 3439 est.
1697 3385 1778 3439 Eo
1808 3387 1960 3440 tem-

255 3503 419 3565 pore
450 3484 773 3560 piissimus
794 3480 1126 3553 imperator
1157 3473 1425 3532 Eraclius
1462 3470 1791 3542 Dagobcrio
1824 3488 1960 3528 mu-

258 3558 421 3634 nera
441 3558 629 3640 misit,
663 3574 721 3628 et
744 3567 987 3640 rogavit
999 3570 1067 3623 ut
1089 3563 1398 3638 baptizare
1430 3558 1811 3634 compelleret
1834 3576 1961 3617 om-

255 3683 380 3725 nes
403 3663 635 3721 Judeos
662 3660 773 3734 qui
799 3661 972 3714 erant
996 3655 1061 3712 in
1091 3652 1261 3711 omni
1291 3664 1478 3720 regno
1505 3650 1634 3720 ejus
1669 3667 1682 3717 ;
1714 3648 1880 3721 quod
1905 3654 1963 3707 et

258 3756 508 3813 factum
528 3756 639 3807 est.

345 3849 443 3900 49.
472 3842 617 3912 (An.
657 3840 789 3894 714.
821 3835 892 3892 G.
927 3834 1014 3908 51)
1067 3834 1195 3890 haec
1228 3833 1556 3902 leguntur:
1588 3829 1666 3882 Eo
1697 3830 1961 3901 tempore

255 3931 529 4007 Pipinus
558 3927 760 3985 Brevis
793 3923 1200 3999 supradictus,
1228 3922 1401 3993 pater
1430 3916 1719 4007 Drogonis
1757 3920 1814 3972 et
1843 3918 1961 3974 Gri-

256 4004 475 4080 maldi
500 4022 555 4075 et
584 4015 781 4076 Caroli
811 4011 1056 4073 Martelli
1086 4013 1130 4080 θ,
1181 4011 1494 4081 correptus
1552 4005 1715 4061 febre
1742 4004 1954 4075 valida,

251 4114 557 4170 mortuus
579 4112 761 4164 est....
790 4104 1069 4161 discreto.
1104 4102 1171 4156 Et
1216 4100 1545 4172 postquam
1568 4097 1840 4150 mortuus
1870 4099 1960 4152 est

254 4199 665 4275 supradictus
724 4195 971 4268 Pipinus
1026 4189 1271 4248 Vetulus
1310 4186 1402 4243 vel
1442 4184 1659 4255 Brevis,
1682 4183 1803 4275 qui
1851 4184 1958 4241 fuit

250 4272 547 4367 proavus
580 4285 793 4342 domui
824 4281 1024 4339 Karoli
1067 4276 1445 4352 imperatoris
1491 4273 1714 4345 magni,
1750 4272 1955 4330 Franci

252 4362 325 4438 in
363 4383 641 4437 Francos
673 4373 932 4431 invicem
977 4370 1214 4427 irruunt
1239 4366 1303 4423 in
1329 4364 1506 4424 Cosia
1550 4362 1764 4421 silva...
1795 4365 1955 4419 Tunc

255 4463 635 4531 Plectrudis,
668 4476 823 4518 uxor
853 4457 1040 4532 Pipini
1072 4454 1281 4525 Vetuli,
1309 4450 1488 4525 coepit
1514 4465 1621 4523 per
1647 4450 1955 4521 ingenium

257 4553 572 4613 Kal-clum
622 4548 972 4615 Martellum,
1026 4544 1222 4601 ﬁlium
1267 4539 1459 4615 Pipini
1519 4539 1843 4612 supradicti
1880 4538 1955 4594 de

256 4644 394 4703 alia
424 4656 620 4697 uxore
652 4635 960 4711 Calpiade,
993 4632 1118 4707 qui,
1151 4632 1299 4688 dum
1329 4628 1443 4684 sub
1487 4627 1753 4684 custodia
1803 4632 1955 4684 tene-

256 4738 465 4801 retur,
497 4727 829 4786 auxiliante
860 4726 1002 4791 Deo,
1026 4721 1129 4777 vix
1153 4719 1359 4776 evasit.

343 4827 444 4877 51.
475 4819 570 4891 (G.
603 4833 656 4873 c.
681 4816 861 4888 33)z'ta
886 4814 1195 4869 Gestorum
1226 4807 1641 4865 narrationem
1669 4821 1802 4862 cum
1824 4820 1959 4861 con-

256 4915 593 4969 tinuatore
620 4904 979 4975 Fredegam'i
996 4900 1312 4970 conjunxit
1329 4914 1352 4955 .·
1368 4896 1533 4952 Eudo
1564 4894 1954 4968 Chilpericum

256 5003 323 5060 ei
381 4997 660 5056 reddidit
707 5010 849 5050 cum
908 4990 1113 5048 multis
1160 4986 1565 5053 muneribus;
1620 4989 1676 5040 et
1706 4984 1956 5040 Karolus

2021 3014 2042 3033 ³
2072 3023 2527 3094 calculatorum,
2578 3024 2686 3096 qui
2742 3024 2897 3081 bene
2946 3021 3315 3085 nesciebant
3344 3032 3388 3065 ¹⁰
3450 3031 3763 3089 terminum

2074 3112 2421 3186 pasclialem
2454 3111 2735 3184 reperire,
2787 3120 2845 3170 et
2878 3127 2989 3185 per
3035 3114 3270 3174 multas
3329 3120 3591 3180 civitates
3622 3124 3765 3181 cele-

2071 3205 2312 3258 bratum
2344 3206 2431 3257 est
2470 3200 2700 3273 pascha
2734 3204 2821 3258 vel
2853 3204 2912 3257 in
2972 3202 3198 3261 Marcio
3229 3209 3319 3265 vel
3347 3211 3402 3266 in
3431 3214 3612 3286 Aprili
3666 3216 3759 3273 vel

2069 3293 2128 3349 in
2160 3290 2401 3348 Maio....
2454 3289 2770 3347 Carolus...
2828 3289 2981 3347 obiit
3008 3289 3065 3343 in
3094 3306 3251 3362 pace
3274 3314 3435 3356 anno
3465 3304 3504 3338 “
3536 3306 3757 3377 septin-

2071 3382 2406 3454 gentesimo
2449 3379 2930 3453 quadragesimo
2974 3378 3175 3452 primo
3227 3386 3306 3442 ab
3342 3388 3753 3452 incarnatione

2072 3470 2326 3528 Domini.
2390 3472 2454 3525 Et
2525 3473 2682 3523 retro
2762 3470 2822 3526 in
2880 3468 3001 3524 alio
3072 3485 3240 3529 anno
3286 3475 3434 3533 dum
3494 3481 3749 3541 turbatio

2069 3561 2177 3616 fuit
2204 3558 2279 3613 de
2309 3558 2556 3632 pascha,
2589 3556 2801 3615 debuit
2830 3573 2965 3614 esse
2997 3559 3344 3619 Dominicus
3394 3566 3521 3622 dies
3549 3586 3745 3628 resur-

2069 3647 2345 3705 rectionis
2377 3645 2589 3703 Christi
2633 3652 2854 3704 octavo
2904 3646 3206 3705 Kalendas
3252 3653 3403 3725 Maii,
3440 3660 3605 3729 quod
3638 3661 3746 3718 fuit

2065 3740 2127 3794 in
2184 3736 2394 3793 ultimo
2462 3751 2624 3791 anno
2691 3736 2821 3793 cicli
2897 3735 3442 3811 decemnovenalis,
3513 3747 3741 3822 fuitque

2067 3827 2355 3885 terminus
2433 3824 2674 3897 paschte
2728 3824 3035 3881 dominica
3086 3827 3131 3861 ¹²
3192 3830 3433 3888 Osanna
3488 3840 3548 3889 15
3610 3838 3734 3893 Kal,

2065 3916 2214 3975 Maii.
2271 3914 2554 3985 Regnavit
2583 3917 2784 3968 autem
2841 3915 2886 3947 ¹³
2918 3914 3172 3969 Karolus
3209 3918 3252 3950 ³⁸
3285 3921 3459 3975 annis
3506 3928 3594 3991 2:5,
3630 3927 3735 3981 sed

2064 4021 2185 4061 non
2217 4009 2305 4059 est
2335 4007 2579 4058 vocatus
2648 4017 2773 4070 rex,
2813 4001 2957 4073 quia
3005 4000 3132 4072 ipse
3184 4019 3305 4058 non
3354 4006 3737 4077 permittebat

2065 4110 2126 4148 se
2186 4108 2388 4162 regem
2438 4088 2661 4158 vocari,
2710 4090 2826 4145 nisi
2876 4089 3092 4145 ducem
3148 4094 3533 4161 Francorum,
3586 4096 3733 4168 quia

2065 4180 2265 4253 pueris
2290 4178 2536 4248 regibus
2583 4176 2888 4232 deferebat
2916 4177 3209 4234 honorem
3264 4181 3527 4236 nominis
3554 4198 3729 4253 rega-

2063 4269 2157 4338 lis,
2196 4266 2556 4325 Theoderico
2604 4265 2873 4322 videlicet
2929 4270 2986 4321 et
3042 4266 3389 4335 Childerico,
3447 4272 3729 4342 quamvis

2065 4359 2301 4433 ineptis,
2342 4355 2659 4432 prudentia
2705 4359 2763 4410 et
2819 4371 2998 4410 sensu
3046 4356 3388 4413 carentibus
3446 4361 3511 4414 ’5.
3572 4360 3727 4418 Obiit

2067 4456 2121 4507 11
2182 4447 2305 4504 Kal.
2340 4444 2651 4513 Novemb,
2710 4442 2937 4498 cunctis
2967 4443 3030 4498 in
3061 4459 3210 4517 gyro
3261 4447 3460 4516 regnis
3518 4448 3727 4521 adqui.

2065 4538 2209 4605 sitis,
2262 4533 2650 4607 sepultusque
2693 4535 2785 4586 est
2834 4531 2896 4585 in
2953 4530 3204 4588 basilica
3256 4535 3445 4590 sancti
3480 4535 3723 4591 Dionisii

2063 4622 2338 4682 martiris.
2402 4621 2641 4692 Pipinus
2709 4622 2909 4674 autem
2980 4619 3237 4675 Vetulus-
3269 4621 3314 4656 ¹⁶
3371 4626 3541 4695 pater
3591 4622 3722 4692 ejus

2062 4708 2336 4783 regnavit
2404 4714 2463 4763 t7
2519 4706 2694 4762 annis
2763 4705 2823 4761 in
2889 4722 3215 4779 puerorum
3279 4725 3491 4780 regum
3533 4708 3723 4765 ﬁdeli-

2062 4807 2200 4861 tate.

2135 4895 2223 4946 56.
2255 4889 2439 4957 (Ann.
2472 4888 2657 4942 Laur.
2684 4900 2741 4941 a.
2770 4884 2915 4956 749).
2954 4928 2967 4941 .
3007 4887 3168 4940 Tunc
3189 4883 3456 4941 dolentes
3486 4887 3714 4954 Franci,

2066 4980 2209 5054 quia
2237 4976 2361 5034 non
2389 4974 2696 5032 habebant
2719 4973 3075 5047 prudentem
3103 4973 3449 5042 regem,sed
3459 4973 3590 5044 jam
3609 4990 3718 5047 per

1670 5136 1903 5189 VARIE
1944 5132 2342 5189 LECTIONES.

347 5276 377 5311 ³
407 5270 866 5330 dedecaverunt
895 5279 1054 5321 corr.
1084 5260 1514 5317 dedicaverunt
1547 5262 1595 5313 l.
1657 5259 1681 5294 ⁸
1707 5272 1736 5314 e
1760 5272 1917 5313 corr.
1957 5260 2016 5330 I._
2044 5257 2078 5330 _5
2110 5258 2381 5330 sanctam
2412 5252 2464 5330 ?_
2499 5254 2519 5286 θ
2547 5252 2633 5330 ita
2656 5248 3109 5330 Carolusgtiqgn
3126 5263 3182 5330 ρ.
3217 5249 3531 5330 ϐβᾼββξεᾳ.
3565 5264 3596 5302 c
3615 5253 3708 5329 b2)

265 5345 691 5419 appellatur._
725 5335 1029 5419 ?_amicias
1064 5334 1193 5419 tu“
1225 5332 1488 5419 no‘vionp
1680 5330 1701 5363 ⁰
1736 5333 1867 5419 με.
1900 5344 1940 5400 p

1948 5369 1960 5381 .
1995 5327 2080 5382 bis
2124 5328 2414 5396 scriptum
2448 5327 2496 5379 1.
2560 5323 2606 5356 ¹⁰
2635 5318 2879 5376 nuntius
2918 5322 2972 5373 2.
3026 5320 3067 5352 “
3098 5318 3255 5375 deest
3282 5318 3336 5374 2'.
3391 5321 3434 5355 ¹²
3464 5318 3710 5376 domina

266 5395 639 5477 {ﬁniat
664 5407 731 5467 2.
768 5410 813 5445 ν’
845 5405 1091 5464 Carolus
1117 5402 1410 5461 Martellus
1439 5404 1492 5455 2.
1564 5402 1611 5434 ¹⁵
1637 5395 1944 5457 arentibus
1970 5402 2022 5452 2.
2084 5400 2130 5433 ¹⁶
2157 5395 2425 5470 sepultus
2448 5399 2501 5450 2.

1903 5497 2124 5553 NOTAE.

364 5611 448 5680 (2)
477 5604 885 5667 Maracharius
916 5598 1085 5678 apud
1115 5601 1284 5671 Greg.
1317 5602 1477 5667 Tur.,
1502 5601 1568 5666 V,
1596 5602 1684 5653 37.

2149 5594 2227 5666 (3)
2257 5589 2682 5663 Fredegundis.
