4054 6188
349 172 425 235 23
596 216 617 227 μ
1514 172 1828 229 ΑΒΕΜΛΒΙ
1873 169 1929 225 S.
1972 170 2007 223 C

2119 170 2253 223 tRDl
2292 169 2589 225 MONACH
2598 174 2634 226 ι.
3703 166 3777 220 24

348 301 571 358 multos
621 314 812 357 annos
868 297 1273 356 susb'nuerzmt
1323 297 1398 353 de
1441 296 1623 366 regali
1680 294 1845 369 prole
1875 292 2011 348 insi-
2047 298 2092 348 Α
2190 297 2276 348 58.
2323 293 2502 363 (Ama.
2534 294 2719 348 Laur.
2745 305 2802 346 α.
2830 291 2976 362 763).
3011 335 3022 347 .
3056 294 3114 346 et
3140 288 3489 345 revertendo
3521 301 3629 359 per
3670 289 3773 342 Le-

349 390 581 465 pientcs
610 390 783 453 viros,
814 387 1130 442 voluerunt
1155 386 1385 443 elevare
1414 386 1473 441 in
1505 402 1706 455 regem
1739 382 2008 448 Pipinum

350 480 544 536 Pium.
578 476 688 544 Qui
718 475 864 532 nolit
897 475 1313 549 adquiescere,
1360 475 1485 539 sed,
1531 472 1811 530 adunatis
1865 486 2011 526 cun-

2122 381 2388 436 movicas
2413 380 2660 436 contulit
2681 384 2886 435 sancto
2905 378 3159 436 Marciali
3179 381 3220 413 ίῖ
3240 381 3511 433 bannum
3526 390 3771 430 aureum

2121 469 2281 541 quod
2303 474 2566 542 cmperat
2592 469 2653 524 in
2677 467 2882 541 praelio
2910 467 3182 537 Waiferii,
3215 465 3512 539 simulque
3529 462 3775 520 donavit

347 567 458 625 etis
488 564 849 640 primoribus
886 567 1269 631 Francorum,
1322 579 1391 619 ex
1421 568 1584 636 parte
1615 577 1823 617 eorum
1856 558 2012 614 misit
2125 558 2322 614 villam
2362 560 2436 615 de
2462 564 2670 615 sancto
2691 557 2951 614 Valerico
2992 556 3294 613 canonicis
3324 554 3513 610 sancti
3538 552 3771 610 Marcia-

503 670 619 710 τε...

503 670 619 710 re...

537 742 716 814 (Ama.
760 743 947 797 Laur.
976 743 1131 807 753.)
1166 784 1179 797 .
1209 784 1225 798 ,
1279 741 1736 798 Carlomannus.
1776 783 1787 794 .
1833 740 2009 792 Fran-

345 830 502 888 ciam
530 830 712 903 venit,
741 834 805 886 ut
834 835 1163 904 reportaret
1183 831 1243 886 in
1276 829 1587 887 Cassinnm
1614 843 1835 899 corpus
1876 841 2010 881 san-

348 920 424 978 eti
454 918 869 977 Benedicti.....

2118 647 2207 703 lis.
2240 651 2304 704 Et
2335 648 2638 704 canonicis
2665 647 2854 703 sancti
2889 645 3170 719 Stephani
3200 643 3361 701 dedit
3400 642 3603 700 villam
3655 655 3772 714 que

2118 736 2331 793 dicitur
2363 736 2864 801 Solanniacensis,
2890 740 2947 791 et
2976 733 3262 790 remeavit
3279 734 3340 789 in
3372 731 3699 788 Franciam.

2189 832 2274 884 59.
2312 871 2324 882 .
2360 871 2373 884 .
2406 827 2885 899 planxeruntque
2901 841 3040 880 eum
3064 824 3137 894 (4)
3160 821 3364 879 Franci
3383 821 3628 894 planctu
3641 834 3768 875 ma-

2107 926 2257 985 ‘gno,
2291 921 2347 973 et
2366 917 2631 985 regnavit
2659 915 2903 973 Carolus
2929 917 3098 984 Magn
3111 930 3179 968 us
3203 911 3361 968 ﬁlius
3380 912 3511 982 ejus
3538 926 3649 983 pro
3677 925 3766 965 eo.

1582 1037 1918 1124 LIBER
1999 1038 2555 1125 SECUNDUS

419 1173 471 1225 1.
502 1171 553 1223 Α
577 1167 780 1241 primo
804 1180 943 1238 rege
975 1169 1339 1223 Francorum
1367 1165 1639 1221 dicemus
1663 1163 2013 1237 prosapiam
2054 1169 2092 1221 Β
2116 1165 2334 1221 infulas
2368 1165 2624 1221 tenebat.
2675 1166 2803 1231 Quo
2838 1170 3102 1237 tempore
3132 1160 3426 1233 regnabat
3457 1176 3597 1216 cum
3621 1157 3769 1215 Chil-

304 1304 305 1307 η
345 1257 578 1316 domini
624 1257 874 1330 precelsi
924 1257 1082 1326 regis
1138 1255 1329 1325 Magni
1384 1254 1600 1319 Karoli,
1629 1269 1813 1325 quem
1856 1256 2008 1308 Deus

346 1347 574 1405 amavit
599 1350 658 1403 et
683 1345 966 1403 exaltavit
988 1350 1046 1401 et
1074 1359 1366 1413 magnum
1392 1342 1723 1416 principem
1763 1346 1819 1397 et
1847 1357 2008 1397 ama-

344 1434 528 1491 bilem
557 1451 595 1491 a
621 1438 837 1490 cuncto
867 1431 1095 1506 populo
1129 1431 1459 1489 Christiano
1506 1447 1612 1504 per
1662 1430 2008 1485 universum

344 1522 648 1580 mundum
670 1521 825 1579 fecit.
860 1521 1042 1591 Igitur
1070 1525 1144 1588 (5)
1166 1520 1227 1576 in
1260 1524 1525 1592 tempore
1550 1517 1940 1574 Valentiniani
1962 1519 2007 1551 ¹⁸

344 1611 747 1686 imperatoris,
777 1610 882 1683 qui
912 1608 1201 1681 septimus
1252 1613 1553 1678 Augustus
1608 1607 1716 1663 fuit
1763 1624 1798 1663 a
1829 1610 2007 1664 Cons-

347 1700 575 1759 tantino
596 1702 811 1769 Magno
835 1698 977 1754 divo
1000 1700 1291 1767 Augusto,
1324 1712 1504 1768 quem
1552 1701 1793 1751 sanctus
1846 1711 2008 1768 papa

348 1790 624 1849 Silvester
651 1786 996 1860 baptizavit,
1028 1786 1142 1841 sub
1172 1802 1295 1858 quo
1326 1791 1591 1859 tempore
1620 1790 1863 1841 sanctus
1886 1785 2009 1840 Hie-

343 1879 615 1935 ronimus
645 1875 876 1943 claruit,
911 1875 1117 1931 Franci
1146 1874 1346 1930 adhuc
1378 1875 1601 1947 pagani
1630 1874 1895 1947 primum
1921 1889 2009 1928 re-

345 1981 449 2039 ges
475 1966 699 2023 habere
727 1967 1040 2038 coeperunt
1055 1963 1130 2019 de
1158 1969 1345 2019 semet
1368 1964 1532 2036 ipsis.
1559 1963 2007 2035 Primusitaque

343 2070 448 2113 rex
498 2058 862 2111 Francorum
911 2052 1022 2109 fuit
1070 2052 1314 2108 nomine
1366 2051 1800 2118 Faramundus,
1851 2051 2007 2106 ﬁlius

343 2143 705 2203 Harcomiris
735 2143 1005 2215 ejusdem
1033 2141 1225 2211 gentis
1251 2141 1514 2197 inlustris
1552 2141 1681 2197 viri.
1744 2144 1879 2196 Post
1908 2143 2008 2196 Fa-

343 2233 716 2291 ramundum
748 2230 1022 2303 regnavit
1059 2230 1263 2288 Clodio
1322 2229 1479 2285 ﬁlius
1511 2231 1659 2301 ejus.
1717 2231 1855 2284 Post
1886 2229 2010 2286 Clo-

342 2322 588 2381 dionem
612 2319 885 2392 regnavit
920 2323 1223 2377 Merovcus
1266 2319 1423 2374 ﬁlius
1466 2319 1613 2389 ejus.
1669 2319 1808 2374 Post
1831 2321 2008 2375 Mero-

341 2426 524 2468 veum
547 2409 823 2480 regnavit
859 2407 1221 2466 Childericus
1247 2407 1406 2463 ﬁlius
1436 2408 1586 2477 ejus.
1623 2411 1750 2473 Quo
1782 2412 2008 2480 tempo-

341 2514 405 2555 re
433 2504 672 2555 exortus
703 2501 792 2553 est
818 2496 1031 2553 beatus
1060 2496 1382 2568 Eparchius
1413 2511 1484 2550 ex
1534 2496 1765 2552 civitate
1805 2498 2004 2551 Petru-

343 2586 566 2656 gorica,
596 2588 765 2658 patre
796 2582 980 2640 Felice
1009 2582 1287 2652 Aureolo,
1320 2582 1537 2638 comite
1562 2583 1831 2655 ejusdem
1864 2583 2005 2639 civi-

341 2671 499 2727 tatis.
530 2674 665 2727 Post
721 2670 1116 2728 Childerieum
1167 2669 1437 2740 regnavit
1488 2669 1819 2727 Clodoveus
1851 2669 2006 2725 ﬁlius

341 2758 492 2830 ejus,
515 2759 620 2832 qui
645 2759 876 2833 primus
905 2758 980 2815 de
1005 2759 1248 2830 regibus
1278 2762 1636 2815 Francorum
1669 2757 1917 2815 credidit
1946 2757 2004 2812 in

343 2848 665 2919 Christum,
688 2853 747 2904 et
774 2847 1110 2922 baptizatus
1132 2852 1219 2904 est
1247 2864 1285 2904 a
1325 2852 1533 2903 sancto
1564 2846 1829 2917 Remigio
1850 2847 2005 2920 epis-

343 2953 497 3010 copo
523 2953 661 2993 cum
693 2937 859 2993 omni
889 2937 1154 2994 exercitu
1198 2953 1311 2993 suo
1345 2941 1404 2993 et
1459 2936 1738 2992 universo
1778 2936 2006 3009 populo

343 3029 728 3084 Francorum.
761 3026 901 3083 Post
952 3025 1321 3083 Clodoveum
1350 3024 1624 3096 regnavit
1666 3025 2005 3081 Childeber-

344 3120 440 3171 tus
459 3114 620 3172 ﬁlius
644 3116 776 3186 ejus
802 3131 939 3171 cum
971 3114 1161 3172 tribus
1186 3114 1468 3171 fratribus
1523 3113 1665 3182 suis,
1697 3114 2008 3172 Theoderi-

343 3218 436 3277 co,
465 3204 801 3262 Clodomire
827 3210 886 3261 et
933 3204 1206 3263 Clotario.
1251 3206 1380 3271 Quo
1434 3209 1705 3278 tempore
1763 3210 2005 3261 sanctus

344 3291 675 3366 Eparchius
698 3293 763 3348 in
809 3293 1114 3364 Egolisma
1143 3292 1461 3349 virtutibus
1501 3292 1731 3359 claruit,
1764 3297 1841 3362 et,
1872 3294 2007 3366 ipso

345 3380 722 3439 Childeberto
742 3385 1049 3451 regnante,
1076 3385 1217 3452 post
1240 3379 1755 3452 septuagesimum
1777 3395 2007 3435 annum

346 3469 532 3526 aetatis
562 3486 685 3525 sua;
715 3469 779 3524 in
836 3485 985 3541 pace
1039 3467 1119 3525 ad
1170 3468 1491 3523 Dominum
1533 3466 1827 3537 migravit.
1881 3471 2006 3534 Quo

346 3562 613 3631 tempore
646 3559 993 3613 Anastasius
1046 3555 1373 3629 imperator
1423 3559 1726 3625 Augustus
1774 3555 2008 3628 imperii

2116 1254 2360 1311 deberto
2390 1253 2832 1310 Theodebertus
2860 1268 3050 1325 nepos
3078 1252 3228 1323 ejus,
3272 1249 3430 1305 filius
3458 1246 3769 1306 Theoderi-

2117 1343 2188 1398 ci.
2246 1348 2373 1410 Quo
2432 1349 2697 1416 tempore
2752 1342 3093 1398 claruerunt
3150 1344 3393 1395 sanctus
3460 1337 3771 1408 Gregorius

2117 1449 2274 1505 papa
2306 1433 2560 1506 primus,
2590 1435 2646 1487 et
2684 1431 2998 1501 Gregorius
3050 1428 3366 1502 episcopus
3393 1424 3767 1491 Turonensis,

2117 1526 2176 1579 et
2199 1526 2443 1578 sanctus
2472 1520 2722 1576 Aredius
2765 1520 2977 1585 abbas,
3037 1524 3093 1574 et
3138 1517 3403 1574 Nicecius
3455 1515 3770 1589 episcopus

2119 1609 2550 1680 Lugdunensis.
2580 1612 2715 1664 Post
2734 1607 3177 1664 Cbildebertum
3202 1605 3472 1675 regnavit
3487 1602 3772 1660 Clotarius

2116 1700 2294 1756 frater
2314 1700 2466 1770 ejus,
2491 1698 2595 1770 qui
2632 1702 2902 1753 sanctam
2931 1695 3360 1765 Badegundem
3390 1694 3450 1750 in
3471 1691 3771 1749 matrimo-

2118 1790 2216 1846 nio
2247 1788 2474 1844 habuit.
2528 1789 2670 1842 Post
2727 1786 3047 1843 Clotarium
3103 1784 3375 1855 regnavit
3412 1781 3772 1854 Chilpericus

2116 1876 2272 1932 ﬁlius
2320 1877 2449 1947 ejus
2503 1892 2639 1930 cum
2694 1873 2882 1930 tribus
2936 1873 3216 1930 fratribus
3264 1871 3407 1939 suis,
3449 1869 3770 1939 Cariborto,

2118 1969 2489 2021 Guntramno
2516 1970 2573 2019 et
2604 1963 2928 2034 Sigeberto,
2959 1962 3065 2035 qui
3100 1962 3314 2017 habuit
3339 1957 3772 2016 Brunichildem

2115 2054 2176 2110 in
2207 2053 2609 2110 matrimonio.
2650 2055 2785 2106 Post
2838 2050 3232 2123 Chilpericum
3289 2048 3561 2119 regnavit
3588 2046 3773 2104 Clota-

2115 2142 2237 2199 rius
2266 2142 2422 2197 ﬁlius
2453 2142 2604 2212 ejus.
2630 2139 2961 2197 Clotharius
2996 2139 3102 2195 iste
3133 2138 3337 2210 genuit
3370 2136 3773 2207 Dagobertum

2116 2236 2173 2286 ct
2200 2229 2385 2285 ﬁliam
2418 2246 2602 2285 uuam
2632 2227 2878 2284 nomine
2930 2228 3214 2283 lilitildem
3246 2227 3325 2297 (6)
3360 2245 3373 2294 ;
3406 2225 3481 2281 de
3510 2241 3634 2297 qua
3664 2221 3770 2279 Bli-

2121 2319 2255 2375 tilde
2287 2317 2393 2375 fuit
2424 2318 2725 2388 generatio
2752 2316 2961 2373 domni
3020 2315 3229 2373 Caroli.
3289 2319 3434 2372 Nam
3464 2314 3576 2371 ista
3607 2311 3775 2368 Blitil-

2116 2408 2234 2472 dis,
2261 2423 2429 2463 soror
2462 2405 2776 2477 Dagoberti
2804 2405 2983 2477 regis,
3011 2404 3221 2460 habuit
3256 2404 3445 2460 virum
3471 2402 3532 2459 in
3562 2400 3771 2473 conju-

2062 2522 2083 2574 ξι
2118 2497 2214 2567 gio
2265 2496 2529 2551 nobilem
2586 2494 2737 2551 inter
2782 2497 3039 2552 Francos
3101 2494 3343 2550 nomine
3390 2488 3770 2562 Ansbertum,

2116 2586 2189 2640 de
2221 2600 2343 2656 quo
2374 2583 2579 2651 genuit
2605 2582 2795 2638 ﬁlium
2826 2581 3069 2637 nomine
3095 2580 3444 2636 Arnaddum.
3477 2577 3772 2633 Arualdus

2116 2673 2319 2744 genuit
2370 2671 2706 2737 Arnulfum,
2777 2670 2882 2745 qui
2926 2675 3155 2742 postea,
3208 2668 3486 2725 derelicto
3547 2665 3768 2733 seculo,

2117 2762 2307 2816 factus
2328 2764 2414 2816 est
2444 2759 2761 2832 episcopus
2804 2759 2961 2816 Metis
2993 2757 3261 2814 civitatis.
3320 2753 3622 2824 Arnulfus,
3672 2770 3773 2810 an-

2119 2854 2358 2921 tequam
2423 2853 2576 2905 esset
2631 2846 2899 2918 clericus,
2957 2846 3167 2903 habuit
3217 2861 3467 2901 uxorem
3530 2842 3774 2900 nomine

2116 2941 2357 3008 Begam.
2389 2936 2576 2992 ﬁliam
2625 2935 2813 3011 Pipini
2842 2935 3088 3007 majoris
3120 2934 3363 3004 domus,
3390 2938 3446 2990 et
3472 2931 3675 3003 genuit
3702 2948 3774 2987 ex

2117 3043 2188 3083 ea
2237 3025 2654 3095 Ansegisilum.
2711 3024 3075 3095 Ansegisilus
3134 3025 3179 3059 ¹⁹
3233 3022 3436 3095 genuit
3501 3021 3774 3097 Pipinum

2116 3111 2388 3168 Vetulum
2442 3113 2707 3177 Brevem,
2739 3109 2844 3183 qui
2902 3108 3010 3166 fuit
3060 3109 3293 3166 abavus
3326 3106 3535 3165 domni
3580 3104 3775 3163 Karoli

2116 3200 2293 3271 regis.
2362 3198 2603 3271 Pipinus
2676 3197 2910 3253 Vetulus
2979 3197 3104 3253 dux
3159 3200 3521 3254 Francorum
3573 3195 3775 3267 genuit

2119 3288 2402 3345 Karolum
2429 3285 2773 3343 Martellum.
2804 3282 3053 3342 Karolus
3078 3286 3371 3343 Martellus
3403 3282 3775 3358 genuitPipi-

2117 3392 2261 3432 num
2295 3375 2488 3445 Pium,
2519 3374 2625 3447 qui
2654 3373 2729 3430 de
2760 3374 2858 3431 illa
2905 3374 3063 3431 linea
3092 3375 3490 3446 generationis
3516 3373 3776 3431 elevatus

2116 3470 2205 3522 est
2225 3464 2456 3539 primus
2484 3480 2521 3520 a
2578 3464 2815 3520 Francis
2866 3465 2927 3521 in
2954 3480 3176 3536 regem,
3209 3469 3501 3521 evacuata
3528 3461 3775 3519 omnino

2116 3556 2273 3611 linea
2302 3554 2376 3610 de
2407 3569 2622 3625 genere
2654 3555 3035 3612 Faramundi.
3084 3555 3326 3629 Pipinus
3377 3554 3516 3611 Pius
3572 3550 3777 3623 genuit

353 3698 432 3754 In
460 3698 588 3780 cod.
618 3700 651 3754 2
678 3699 869 3780 ιιι-ςῖῖξὸ
899 3697 1023 3755 hac
1047 3697 1408 3780 adduntur;
1444 3697 1788 3780 Annqvqrq
1845 3697 2375 3780 septingentesimo
2522 3713 2684 3780 sepe.
2703 3698 3051 3780 nominatus
3081 3714 3244 3780 papa
3268 3698 3603 3780 Stephanus
3633 3712 3774 3777 cum

418 3767 529 3853 pio.
555 3784 693 3840 rege
718 3767 945 3842 Pipino,
966 3774 1113 3853 post
1132 3767 1571 3853 dedicationem
1603 3768 1881 3853 Parisius.
1908 3767 1984 3853 in
2023 3767 2291 3853 mcclesia
2319 3769 2475 3825 beati
2514 3767 2790 3853 ¹υἱρῐξὶειίἱ⁸
2821 3767 3222 3851 ἶίιοῐεξῳίὶῐόιι
3270 3770 3329 3824 in
3365 3767 3760 3853 '{t‘qmtaniam

418 3837 664 3922 faciens,
695 3837 888 3922 usi—lue
909 3837 994 3896 ad
1016 3840 1217 3922 locum
1245 3840 1350 3913 qui
1380 3839 1584 3922 Fiacus
1605 3841 1680 3920 (7)
1714 3841 2066 3922 nominatur
2088 3845 2136 3877 ²⁰
2161 3841 2547 3922 devenerunt.
2582 3840 2669 3897 lbi
2698 3840 2859 3922 enim
2913 3841 3216 3922 piissimus
3242 3856 3345 3922 rex
3383 3837 3647 3915 Pipinus,

420 3911 565 3969 vino
593 3909 857 3989 monitus
887 3912 1130 3976 nuncio,
1161 3909 1593 3989 monasterium
1616 3909 1681 3989 in
1712 3912 1966 3989 honore
1997 3912 2209 3969 mundi
2243 3911 2561 3989 salvatoris
2592 3909 3025 3989 construxerat,
3057 3912 3135 3968 ad
3161 3910 3334 3989 cujus
3375 3909 3773 3989 consecratio~

420 3999 561 4057 nem
590 3983 1044 4057 ipsumpapam
1076 3999 1296 4057 secum‘
1309 3981 1680 4057 adduxerat;
1709 3982 1819 4057 _s_ed
1850 3983 2053 4057 divino
2083 3987 2405 4057 preventus
2435 3986 2529 4057 est
2554 3982 2863 4057 miraculo.
2900 3979 3066 4053 Nam,
3118 3979 3292 4057 nocte
3312 3979 3775 4057 consecrationis

421 4054 582 4128 diem
604 4053 979 4128 precedente,
1013 4071 1049 4128 a
1070 4053 1352 4128 nonnulis
1384 4070 1559 4128 voces
1588 4053 1977 4128 psallentium
2008 4055 2068 4110 in
2087 4053 2103 4057 “
2125 4054 2396 4128 recclesia
2422 4054 2635 4128 eadem
2666 4053 2884 4128 auditae
2914 4058 3072 4128 sunt,
3103 4059 3178 4120 et,
3236 4054 3336 4128 die
3371 4054 3770 4128 illucescente,

423 4122 625 4206 subito
652 4125 845 4206 nubes
873 4123 1262 4206 densissima,
1282 4122 1645 4206 suavissimo
1676 4126 1976 4206 fragrante
2001 4128 2044 4161 ²¹
2108 4126 2532 4206 Οίὶοξθλ-Ῑίοῖᾶω
2598 4125 2789 4206 ipsius
2815 4122 3440 4206 temp1i_;superﬁciem
3469 4123 3552 4178 ita
3600 4122 3778 4206 coho-

420 4195 632 4276 paruit,
666 4199 728 4276 ut
757 4196 1005 4276 omnino
1037 4191 1267 4265 ingredi
1299 4194 1640 4276 volentibus
1672 4191 1901 4252 aditum
1931 4196 2276 4276 denegaret.
2296 4191 2477 4276 'Ci‘rca
2513 4191 2658 4276 _ver'o
2711 4195 2868 4252 illius
2935 4191 3167 4274 tertiam
3197 4193 3336 4276 diei
3344 4194 3559 4275 horam
3612 4191 3774 4276 nube

421 4262 1077 4341 Zl_iscedente,_domnus
1101 4262 1266 4341 papa
1297 4267 1635 4341 Stephanus
1658 4283 1799 4322 cum
1827 4262 2214 4341 coepiscopis
2226 4282 2303 4341 _ae
2333 4266 2557 4341 clericis
2589 4270 2647 4320 et
2677 4281 2796 4341 rex‘
2826 4263 3244 4319 serenissimus
3278 4263 3540 4341 Pipinus
3565 4262 3775 4341 _teccle-

422 4336 584 4418 siam.
605 4333 1026 4418 ingredientes,
1054 4333 1323 4418 parietes.
1342 4333 1637 4418 et'altaria
1667 4353 1837 4393 sacra
1870 4333 2150 4418 unctione
2179 4337 2461 4418 divinitus
2492 4337 2840 4418 consecrata
2857 4338 3312 4418 conspexerunt.
3330 4333 3493 4416 Unde
3518 4333 3774 4389 nimium

423 4403 1115 4489 admiratimaximoque
1145 4406 1366 4489 gaudio
1411 4406 1637 4489 repleti,
1678 4408 2057 4489 supradictus
2088 4407 2355 4489 pontifex
2401 4411 2583 4489 etr‘ex
2628 4403 3125 4487 clementissimus
3158 4404 3404 4489 Pipinus
3423 4405 3773 4489 innumeras

424 4480 543 4550 Deo
575 4477 796 4550 gratias
826 4474 1780 4550 reddentesf'ﬂgeidem'mcclesiae
1811 4474 2618 4550 diversos'honores,_villas,
2650 4476 3081 4550 possessiones,
3093 4474 3360 4550 castella
3388 4491 3460 4532 ac
3512 4474 3773 4550 plurima

422 4548 555 4606 loca
583 4547 961 4606 contulerunt
983 4550 1081 4620 (8),
1114 4548 1385 4605 videlicet
1414 4547 1963 4620 monasteriumrde
1987 4551 2200 4605 Juante
2229 4548 2327 4619 (9),
2355 4547 2522 4620 olim_
2551 4564 2587 4604 a

424 4615 1076 4693 doveoconstnuctum,
1097 4636 1167 4676 ac
1196 4624 1334 4693 post
1360 4618 1686 4693 multorum
1715 4619 2009 4693 curricula
2035 4615 2561 4693 annorumnirniis
2588 4615 2928 4693 pluviarum
2953 4635 3022 4693 ac
3044 4617 3365 4693 ﬂuviorum
3388 4615 3772 4693 innuiidatio-

422 4691 604 4760 nibus
620 4690 888 4748 funditus
912 4688 1218 4759 everSum,
1241 4695 1298 4746 et
1327 4691 1758 4745 monasterium
1784 4690 1974 4746 sancti
2006 4689 2269 4756 Quintini
2316 4688 2390 4744 de
2421 4688 2679 4745 Galliaco
2711 4691 2825 4760 (10)
2857 4693 2914 4745 et
2953 4689 3380 4760 heremitarum
3429 4689 3773 4760 Conchense

425 4758 747 4841 cenobium
775 4758 1623 4841 (ll)_aliasque_quamplures
1682 4760 1981 4841 ecclesias.
2037 4777 2107 4841 ac
2156 4760 2486 4841 maximam
2539 4765 2771 4833 partem
2796 4758 3429 4841 Circum'adjacentium
3458 4759 3774 4841 regionum

428 4849 557 4889 esse
582 4832 695 4906 sub
719 4830 1070 4906 jure'ipsius
1086 4830 1377 4906 iecclésiaa
1418 4830 1866 4906 constituerunt.
1923 4846 1995 4889 ac
2048 4833 2128 4888 ab
2170 4830 2665 4906 omniﬂhumano
2709 4831 2946 4906 servitio
2981 4831 3243 4906 _liberam
3299 4831 3593 4906 ﬁerignisi
3646 4830 3775 4888 sola

424 4905 675 4961 Romani
694 4902 994 4984 pontificis
1023 4903 1269 4984 tuitione
1295 4902 1552 4976 propriis
1580 4903 1899 4984 privilegiis
1957 4907 2301 4960 sanxerunt.
2336 4902 2433 4958 His
2490 4902 2691 4975 itaque
2745 4902 3085 4960 solemniter
3111 4903 3387 4976 peractis,
3439 4902 3774 4976 Stephanus

431 4991 596 5050 papa
620 4974 761 5032 cuin
791 4991 930 5047 rege
957 4975 1019 5032 in
1044 4974 1356 5032 Franciam
1376 4974 1598 5030 reversi
1618 4980 1776 5050 sunt.

1727 5045 1967 5101 νΑΒιιΕ
2009 5045 2411 5102 LECTIONES.

432 5119 479 5153 ¹⁷
508 5116 765 5174 martiali
783 5123 836 5173 2.
865 5119 970 5175 ubi
995 5118 1269 5174 bannum
1299 5148 1367 5155 —
1394 5115 1641 5172 waiferii
1679 5118 1910 5175 desunt.
1950 5118 1993 5151 ιθ
2027 5115 2347 5172 valentiani
2380 5119 2429 5172 1.
2488 5116 2533 5150 ¹⁰
2564 5116 2867 5188 ansegilus
2930 5120 2979 5170 1.
3043 5116 3092 5149 ²⁰
3119 5114 3422 5171 nomiatur
3447 5132 3498 5172 c.
3585 5118 3627 5151 ²¹
3660 5114 3772 5169 fra-

358 5188 557 5261 glante
586 5203 636 5244 c.
688 5189 736 5223 ²²
759 5188 1032 5245 radentes
1064 5204 1115 5245 ε.

1955 5260 2180 5315 NOTAE.

425 5330 503 5411 (+2
535 5329 879 5411 Eiprmum-
1199 5404 1209 5411 .
1780 5402 1789 5411 .
2178 5328 2268 5411 .0?)
2290 5327 2571 5411 Pirlpma
2588 5326 2859 5411 -Pipeini
2883 5325 3242 5411 falsae-.37-
3268 5327 3545 5411 ρεςιιρνγ
3574 5324 3770 5411 Srion-

431 5398 511 5483 (ἰῇ
537 5398 728 5457 Etiam
775 5416 907 5483 (χρῶ
953 5404 1288 5483 sequuntur
1332 5413 1620 5483 magnam
1663 5402 1894 5471 partem
1942 5415 2016 5455 ex
2288 5404 2340 5483 2',
2367 5398 2552 5483 111,3.
2586 5398 3025 5483 359:"‘Stephani
3057 5398 3242 5457 Gallia
3262 5398 3467 5456 Christ.
3504 5398 3543 5466 l,
3575 5400 3666 5453 43.

360 5468 546 5531 GeStis
568 5486 781 5541 regum
793 5468 1170 5542 “Francorum
1186 5468 1504 5542 ﬂuxerunt.
1667 5468 1682 5471 ’
2198 5471 2267 5542 (9)
2302 5472 2380 5525 La
2399 5468 2588 5525 vallée
2609 5469 2684 5524 de
2704 5468 2973 5542 lunault.

431 5542 622 5622 (_6)ACt:.
642 5539 1091 5613 ﬁGenealogiam
1150 5543 1206 5598 S.
1259 5540 1485 5597 Arnulﬁ
1516 5543 1775 5597 Monum.
1818 5542 1916 5598 SS.
1946 5544 2013 5610 ll,
2335 5545 2397 5622 [_n
2428 5555 2589 5612 pago
2622 5544 2679 5622 et
2703 5539 2856 5622 dice.
2886 5540 3242 5622 Caturcensi.
3282 5609 3293 5620 .

359 5611 641 5697 308,313.
782 5684 792 5696 I
914 5611 957 5696 _'
1077 5683 1088 5695 .
1442 5682 1453 5694 .
2193 5611 2304 5685 (12)
2333 5611 2633 5688 Conques,
2660 5611 2723 5667 in
2750 5611 2906 5672 dioc.
2934 5611 3316 5671 Ruthenensi.

430 5686 507 5759 (7)
543 5688 749 5757 Figeac
776 5699 839 5743 m
867 5683 1091 5742 dioces1
1116 5686 1477 5742 Caturcenm.

2677 4547 3047 4604 otentissimo
3089 4549 3453 4603 Francorum
3489 4546 3627 4617 rege
3650 4546 3774 4617 Clo-
