4048 6178
283 150 349 204 ιδ
1359 132 1873 196 ΗΙΒΤΟΒΙΑΗΗΠ
1917 130 1964 184 ι.

2072 129 2084 184 ἱ
2115 131 2339 204 IRES.
2379 171 2449 186 --
2487 145 2611 204 UB.
2655 151 2720 215 II,
3745 169 3826 224 ι.

284 271 582 325 domuum
603 281 815 336 regem
843 270 1181 336 Augustum
1197 266 1627 339 imperatorem
1652 253 2003 343 Karolum.
2035 258 2079 309 A
2114 256 2388 321 Romani
2448 269 2758 341 elegorum
2816 274 2929 331 sibi
2987 275 3352 336 advocatum
3412 284 3605 341 sancti
3665 288 3821 343 potri

284 360 551 413 Domnus
578 355 836 412 Karolus
869 355 1076 423 genuit
1125 356 1426 410 domuum
1474 344 1842 407 Ludoicum
1901 342 2009 399 im-

283 452 648 520 peratorem.
680 444 986 500 Ludoicus
1018 445 1222 514 genuit
1267 443 1546 500 Carolum
1600 433 1893 492 Calvum
1939 450 2009 491 ex

282 538 438 593 Jndit
478 535 718 606 regina.
784 534 900 591 Sed
953 538 1217 590 revertar
1278 534 1358 590 ad
1411 530 1687 587 ordinem
1746 535 2001 591 regum.

283 630 417 682 Post
470 625 809 681 Clotarium
862 623 1139 693 regnavit
1191 622 1567 691 Dagobertus
1614 613 1793 670 ﬁlius
1851 615 2000 686 ejus,

284 731 405 787 quo
466 719 748 786 tempore
810 717 1058 768 sanctus
1110 711 1348 781 Elegius
1395 709 1722 781 episcopus
1760 700 1996 762 claruit.

282 804 387 860 Cui
423 803 772 872 Dagoberto
804 801 917 857 fuit
947 801 1191 874 Pipinus
1221 801 1422 869 major
1451 798 1679 853 domus
1710 792 1812 849 vir
1835 810 1999 863 egre-

281 893 444 963 gius,
476 893 654 962 cujus
685 891 880 962 Pipini
915 890 1105 946 ﬁliam
1133 889 1384 945 nomine
1423 889 1674 958 [Begam
1706 884 1784 953 ’3]
1833 901 2000 941 acce-

279 984 370 1056 pit
415 983 480 1038 in
511 997 771 1036 uxorem
830 980 1117 1035 Arnulfus
1171 979 1262 1034 vir
1315 975 1760 1040 nobilissimus,
1822 980 1995 1046 pater

282 1070 604 1141 Ansegisili
635 1072 706 1125 ³⁸.
781 1072 918 1124 Post
981 1068 1390 1138 Dagobertum
1439 1063 1718 1135 regnavit
1773 1063 1991 1120 Clodo-

281 1178 433 1216 veus
478 1159 640 1214 ﬁlius
674 1160 830 1228 ejus,
889 1159 995 1230 qui
1028 1157 1241 1212 habuit
1271 1161 1547 1212 sanctam
1604 1152 1894 1208 Baltidem
1925 1153 1989 1210 in

280 1249 698 1305 matrimonio.
735 1249 868 1312 Quo
900 1251 1169 1318 tempore
1202 1245 1394 1300 sancti
1429 1241 1731 1298 Benedicti
1761 1258 1990 1315 corpus

280 1339 651 1394 translatum
681 1341 772 1392 est
804 1336 880 1391 de
910 1339 1246 1390 Benevento
1277 1334 1337 1389 in
1369 1332 1704 1398 Franciam,
1747 1331 1808 1386 in
1842 1333 1989 1389 villa

283 1428 578 1484 Floriaco.
613 1431 755 1482 Post
781 1425 1159 1481 Clodoveum
1188 1423 1460 1494 regnavit
1490 1421 1784 1478 Clotarius
1823 1421 1988 1478 ﬁlius

287 1519 444 1588 ejus.
472 1520 613 1572 Post
645 1515 976 1571 Clotarium
1014 1514 1288 1582 regnavit
1327 1510 1724 1568 Theodericus
1769 1510 1988 1567 fratrer

2115 353 2341 411 contra
2367 373 2541 426 reges
2569 363 3124 430 Langobardorum.
3162 368 3382 427 Deinde
3399 371 3606 444 ipsum
3637 374 3815 432 dom-

2113 449 2277 497 num
2308 446 2596 504 Carolum
2627 451 2933 520 elegerunt
2959 453 3072 510 sibi
3128 455 3188 511 in
3237 459 3560 530 patricium
3601 465 3815 520 Roma-

2113 541 2362 620 norum.
2427 537 2660 592 Deinde
2709 540 3092 598 elevaverunt
3142 544 3204 600 in
3269 547 3699 620 imperatorem
3755 553 3813 604 et

2113 617 2483 712 APBllStum.
2523 629 2856 700 Tenuitque
2906 629 3169 687 domnus
3219 617 3486 702 Carolus,
3536 641 3658 694 Deo
3697 636 3811 692 lar.

2112 711 2334 780 giente,
2365 711 2427 766 in
2461 720 2768 784 potestate
2799 735 2908 774 sua
2940 735 3183 776 omnem
3237 728 3454 780 terram
3501 725 3579 783 de
3630 738 3804 780 mon-

2110 799 2164 849 te
2199 798 2483 869 Gargano
2519 819 2716 876 usque
2744 804 2804 861 in
2854 807 3198 864 Cordubam
3248 810 3545 867 civitatem
3592 811 3804 879 Hispa-

2110 883 2245 941 niae.
2279 888 2536 960 Pipinus
2565 908 2705 949 vero
2737 893 2893 962 Pius,
2929 900 3098 968 pater
3136 897 3344 956 domni
3376 898 3592 961 Caroli,
3641 899 3806 967 post-

2107 985 2297 1041 quam
2327 975 2613 1035 elevatus
2641 986 2731 1037 est
2755 983 2816 1037 in
2846 999 3069 1052 regem,
3103 987 3377 1057 regnavit
3419 989 3654 1058 septem
3701 996 3806 1039 an-

2108 1075 2240 1128 nos,
2270 1068 2325 1118 et
2358 1065 2519 1122 obiit
2568 1071 3098 1141 septingentesimo
3158 1075 3543 1145 sexagesimo
3593 1075 3808 1130 octavo

2106 1164 2269 1206 anno
2301 1153 2380 1208 ab
2410 1154 2838 1216 incarnatione
2869 1165 3123 1221 Domini.
3184 1169 3249 1222 Et
3302 1165 3442 1237 ipso
3481 1174 3642 1216 anno
3669 1177 3806 1226 ,οω-

2104 1255 2212 1293 nes
2240 1243 2452 1298 Franci
2482 1261 2717 1317 magno
2764 1250 2986 1319 gaudio
3026 1253 3375 1309 exultantes
3426 1249 3815 1316 elevaverunt

2103 1328 2216 1383 sibi
2245 1329 2306 1384 in
2337 1347 2555 1401 regem
2589 1335 2884 1394 domnum
2913 1342 3193 1398 Carolum
3227 1346 3530 1411 Magnum
3556 1357 3716 1405 anno
3735 1347 3814 1406 ab

2101 1418 2530 1510 incarnatione
2565 1425 2800 1481 Domini
2831 1432 2954 1483 768.
3007 1429 3097 1485 Sic
3151 1430 3334 1485 enim
3401 1440 3822 1510 computantur

2102 1504 2355 1600 anniab
2386 1510 2629 1578 origine
2680 1515 2890 1570 mundi
2945 1532 3136 1588 usque
3186 1517 3276 1573 ad
3347 1504 3829 1600 incarnationem

291 1608 447 1677 ejus,
482 1606 580 1661 cui
613 1604 912 1695 Ebroinus
940 1602 1051 1658 fuit
1081 1603 1278 1695 major
1325 1601 1544 1695 domus
1581 1619 1594 1665 ;
1655 1604 1712 1695 et
1756 1601 1981 1695 beode-
2021 1613 2064 1666 Β
2107 1595 2339 1695 Domini
2397 1600 2751 1695 secundum
2808 1605 3192 1695 septuaginta
3271 1611 3680 1695 Interpretes.
3747 1595 3835 1692 Ab

294 1697 499 1763 garius
530 1699 777 1749 sanctus
809 1692 1136 1764 episcopus
1168 1690 1402 1760 claruit,
1449 1705 1634 1762 quem
1690 1689 1993 1745 interemit

289 1784 424 1856 ipse
453 1782 773 1838 Ebroinus.
811 1782 940 1843 Quo
986 1784 1255 1852 tempore
1303 1777 1545 1850 Pipinus
1599 1776 1841 1850 Yetulus
1882 1778 1991 1834 fuit

288 1872 498 1942 major
525 1871 746 1926 domus
779 1869 841 1924 in
872 1868 1191 1924 Austrasiis
1215 1883 1356 1922 cum
1379 1865 1624 1934 regibus
1651 1865 1988 1922 Childerico

292 1965 356 2016 et
388 1959 758 2016 Childeberto
778 1958 1042 2028 juniore.
1073 1957 1185 2022 Qui
1213 1955 1457 2028 Pipinus
1486 1955 1792 2010 consensit
1814 1954 1988 2010 nobi-

291 2049 458 2105 libus
493 2048 729 2104 Francis
759 2046 1094 2102 interﬁcere
1121 2045 1466 2100 Ebroinum.
1490 2048 1557 2099 Et
1583 2045 1710 2116 ipse
1739 2044 1984 2117 Pipinus

291 2140 521 2208 Brevis,
553 2143 800 2210 propter
841 2135 1243 2192 Childericum
1291 2151 1492 2203 regem
1535 2135 1981 2190 Austrasiorum

290 2245 331 2284 a
363 2227 610 2283 Francis
643 2226 939 2293 occisum,
971 2221 1256 2297 proelium
1279 2223 1410 2278 fecit
1443 2240 1584 2278 cum
1616 2223 1981 2278 Theoderico

286 2332 435 2386 rege
473 2318 862 2383 Francorum,
895 2319 953 2368 et
981 2312 1198 2368 devicit
1231 2327 1391 2376 eum,
1424 2317 1479 2366 et
1506 2329 1649 2368 cum
1679 2329 1749 2367 eo
1771 2317 1979 2384 postea

290 2404 702 2469 concordans,
744 2403 945 2473 major
990 2402 1210 2457 domus
1264 2401 1449 2456 extitit
1487 2401 1549 2456 in
1611 2401 1876 2469 Francia,
1924 2406 1980 2456 et

290 2493 456 2549 bella
498 2493 690 2548 multa
719 2497 935 2547 contra
965 2493 1191 2547 Suevos
1248 2495 1305 2544 et
1337 2489 1482 2545 alias
1515 2495 1719 2556 gentes
1757 2489 1979 2545 fortiter

293 2582 455 2636 fecit.
493 2585 559 2636 Et
588 2581 712 2652 ipse
739 2581 986 2653 Pipinus
1011 2579 1207 2634 Brevis
1239 2578 1314 2633 de
1347 2594 1528 2633 uxore
1562 2594 1675 2632 sua
1697 2575 1978 2649 Calpiade

294 2670 504 2741 genuit
545 2669 828 2727 Carolum
858 2668 1211 2725 Martellum.
1247 2670 1383 2722 Post
1409 2667 1836 2722 Theodericum
1875 2680 1976 2719 ve-

296 2777 366 2814 ro
427 2775 629 2828 regem
686 2757 964 2828 regnavit
1022 2757 1379 2822 Clodoveus,
1433 2755 1591 2812 ﬁlius
1639 2757 1787 2826 ejus.
1844 2758 1978 2810 Post

297 2849 672 2903 Clodoveum
727 2848 1007 2920 regnavit
1060 2846 1469 2903 Childebertus
1523 2847 1745 2916 junior,
1797 2845 1978 2901 frater

295 2939 452 3008 ejus.
485 2940 619 2992 Post
643 2936 1093 2992 Childebertum
1121 2935 1424 3005 juniorem
1473 2935 1742 3003 regnavit
1790 2937 1974 3002 Dago—
2013 2959 2053 3012 ρ

295 3026 504 3081 bertus
531 3025 754 3094 junior,
787 3025 950 3080 ﬁlius
981 3025 1134 3094 ejus.
1195 3026 1332 3078 Post
1378 3022 1778 3092 Dagobertum
1810 3023 1971 3077 defe-

295 3115 377 3169 cit
409 3130 598 3184 genus
630 3113 829 3182 regale
861 3129 899 3169 a
924 3111 1265 3186 prudentia,
1300 3116 1355 3166 et
1384 3110 1657 3181 regnavit
1702 3115 1836 3182 post
1881 3111 1972 3182 ip—

299 3220 438 3258 sum
472 3202 878 3271 Dagobertum
905 3201 1151 3258 Danihel
1185 3200 1434 3255 clericus
1465 3200 1802 3254 insensatus
1851 3199 1971 3255 fra-

297 3299 385 3348 ter
416 3294 564 3362 ejus,
607 3307 789 3363 quem
827 3290 1031 3345 Franci
1059 3293 1294 3346 mutato
1323 3288 1568 3344 nomine
1611 3296 1974 3345 vocaverunt

296 3380 718 3453 Chilpericum.
755 3379 1122 3452 Chilpericus
1155 3379 1265 3434 iste
1297 3379 1534 3450 ineptus
1573 3377 1755 3432 movit
1802 3394 1970 3434 exer-

294 3471 484 3526 citum
516 3476 722 3525 contra
745 3468 1026 3524 Carolum
1057 3467 1410 3534 Martellum,
1438 3466 1541 3538 qui
1564 3471 1704 3521 tunc
1731 3467 1970 3536 juvenis

295 3564 427 3614 erat
455 3559 517 3613 in
543 3558 884 3614 Austrasios
914 3558 1110 3628 major
1139 3556 1362 3612 domus
1411 3560 1467 3609 et
1495 3555 1618 3609 dux
1649 3571 1787 3609 cum
1837 3556 1970 3611 Clo-

295 3649 453 3704 tario
483 3663 620 3718 rege
651 3666 664 3715 ;
719 3652 778 3704 et
833 3648 1021 3703 victus
1070 3650 1159 3702 est
1213 3647 1274 3701 in
1304 3645 1462 3701 bello
1495 3644 1880 3717 Chilpericus,
1914 3651 1971 3703 et

295 3739 489 3794 victor
538 3738 723 3793 extitit
777 3737 1023 3794 Carolus
1078 3735 1397 3793 Martellus.
1441 3738 1602 3790 Tunc
1649 3735 1813 3790 Eudo
1843 3737 1967 3793 dux

296 3827 756 3898 Aquitaniorum
813 3827 873 3880 in
921 3826 1215 3882 auxilium
1296 3823 1605 3895 Chilperici
1685 3825 1965 3882 insensati

300 3920 510 3969 movet
551 3915 867 3970 exercitum
925 3919 1132 3969 contra
1187 3912 1469 3970 Carolum
1514 3913 1861 3983 Martellum,
1911 3920 1967 3971 et

299 4003 502 4058 victus
533 4008 614 4057 est
639 4004 713 4059 ab
744 4019 814 4058 eo
846 4003 902 4058 in
937 4003 1168 4074 proelio,
1218 4001 1519 4073 caapitque
1552 4003 1794 4058 Carolus
1823 4007 1965 4061 Mar-

295 4091 478 4150 tellus
505 4092 807 4148 inimicum
861 4109 1039 4148 suum
1090 4091 1491 4164 Chilpericum
1538 4106 1740 4161 regem
1772 4093 1962 4148 insen-

290 4188 528 4249 satum;
562 4182 661 4236 sed
694 4183 990 4238 inmemor
1019 4182 1272 4237 maliciae
1308 4197 1434 4235 suae
1480 4180 1735 4236 reddidit
1785 4182 1835 4237 ei
1878 4200 1966 4238 re-

292 4289 492 4341 gnum
522 4288 714 4328 suum.
747 4275 879 4328 Post
905 4273 1306 4344 Chilpericum
1336 4286 1539 4340 regem
1589 4271 1960 4328 insensatum
2000 4309 2045 4360 Ι)

294 4361 574 4429 regnavit
602 4361 726 4416 solo
752 4361 992 4416 nomine
1026 4361 1425 4416 Theodericus
1455 4360 1790 4417 insensatus
1817 4379 1959 4418 con-

297 4450 672 4518 sanguineus
701 4451 847 4520 ejus.
881 4453 1016 4506 Post
1043 4450 1474 4506 Theodericum
1515 4452 1787 4520 regnavit
1833 4453 1960 4509 solo

294 4538 548 4594 nomine
575 4539 930 4595 Childericus
957 4539 1300 4596 insensatus
1334 4538 1510 4594 frater
1538 4540 1688 4610 ejus,
1779 4546 1837 4597 et
1863 4543 1962 4598 de-

297 4627 443 4684 fecit
499 4632 685 4683 totum
738 4644 925 4695 genus
979 4627 1197 4697 regale.
1277 4627 1604 4684 Childerico
1657 4631 1962 4688 insensato

297 4716 576 4788 deposito
601 4716 673 4772 de
705 4717 853 4772 solio
883 4722 941 4773 et
982 4717 1139 4772 facto
1191 4716 1405 4773 clerico
1462 4717 1523 4772 in
1572 4722 1958 4789 monasterio,

305 4805 513 4861 Franci
567 4822 705 4861 cum
755 4805 1002 4862 consilio
1050 4805 1257 4861 domni
1314 4822 1490 4879 papas
1539 4809 1834 4865 Zachariae
1905 4814 1962 4866 et

304 4911 450 4950 cum
475 4895 717 4951 consilio
744 4895 1037 4951 nobilium
1076 4897 1506 4966 Romanorum,
1557 4901 1676 4953 Deo
1702 4898 1958 4969 volenfe,

303 5000 436 5040 uno
479 5001 770 5042 consensu
825 4990 880 5041 et
926 5001 1048 5041 una
1096 4985 1397 5042 voluntate
1438 4987 1819 5045 elevaverunt
1849 4990 1961 5046 sibi

295 5075 367 5131 in
400 5089 598 5143 regem
644 5074 913 5148 Pipinum
963 5074 1151 5144 Pium,
1207 5075 1399 5132 tilium
1459 5077 1649 5134 Caroli
1699 5079 1957 5136 Martelli.

296 5165 410 5221 Hic
454 5165 691 5236 Pipinus
738 5165 872 5220 Pius
925 5164 1032 5220 fuit
1083 5165 1291 5221 domni
1343 5167 1534 5224 Caroli
1581 5168 1960 5242 imperatoris

297 5253 499 5321 Magni
527 5258 715 5326 pater.
751 5257 952 5326 Itaque
983 5258 1116 5325 post
1155 5256 1201 5288 ²⁵
1234 5255 1508 5327 Pipinum
1536 5258 1703 5314 Pium
1753 5274 1962 5329 regna-

294 5343 388 5397 vit
442 5339 704 5398 domnus
753 5341 1014 5408 Carolus,
1073 5341 1231 5398 ﬁlius
1305 5345 1454 5416 ejus,
1508 5362 1691 5419 quem
1749 5353 1962 5422 postea

2107 1682 2304 1784 Adam.
2332 1689 2639 1784 usque-“ad
2660 1691 2965 1784 diluvium
2999 1693 3164 1784 fiunt
3184 1702 3386 1760 anni
3415 1682 3536 1772 ἀὖο

2105 1771 2259 1870 centi
2401 1780 2445 1828 A
2481 1775 2712 1834 diluvio
2742 1797 2934 1854 usque
2975 1782 3053 1836 ad
3100 1782 3458 1855 Abraham
3508 1771 3841 1870 31:17:13;

2103 1859 2262 1959 genti
2311 1865 2411 1959 42...
2459 1867 2556 1959 De
2596 1867 2901 1926 Abraham
2963 1887 3158 1942 usque
3219 1873 3319 1932 ad
3381 1859 3650 1958 Moyse;
3686 1859 3832 1955 ξι,ῐῖἔὶ

2099 1951 2416 2021 quingenti
2449 1955 2743 2029 quinque.
2764 1966 2809 2014 Α
2833 1964 3030 2033 Moyse
3063 1975 3268 2031 usque
3309 1973 3392 2025 ad
3428 1951 3818 2036 Salomone;

2098 2039 2243 2093 anni
2271 2040 2671 2113 quadraginti
2702 2049 2750 2082 "5
2781 2051 2870 2105 89.
2904 2054 2952 2104 Α
2986 2047 3319 2108 Salomone
3364 2074 3563 2128 usque
3613 2063 3693 2115 ad
3722 2081 3813 2117 re-

2097 2128 2537 2188 staurationem
2575 2137 2778 2209 templi
2807 2139 2921 2192 sub
2957 2136 3133 2192 Dario
3155 2153 3301 2208 rege
3319 2145 3638 2198 Persarum
3656 2149 3801 2202 anni

2093 2217 2409 2288 quingenti
2461 2225 2552 2278 42.
2609 2230 2654 2280 Α
2703 2225 3141 2284 restauratione
3163 2230 3208 2262 ’7
3245 2229 3453 2300 templi
3485 2245 3683 2299 usque
3714 2232 3794 2286 ad

2092 2305 2426 2362 adventum
2463 2313 2700 2369 Domini
2728 2314 3068 2370 secundum
3119 2315 3518 2389 Septuaginta
3549 2316 3596 2349 ⁸⁸
3645 2316 3788 2372 anni

2090 2392 2406 2464 quingenti
2447 2402 2529 2456 i8.
2562 2404 2626 2458 Et
2655 2403 2738 2458 ab
2760 2403 2931 2458 initio
2965 2405 3174 2460 mundi
3215 2419 3412 2475 usque
3467 2401 3546 2456 ad
3595 2401 3786 2457 incar-

2088 2480 2399 2537 nationem
2426 2488 2664 2544 Domini
2694 2491 3035 2548 secundum
3068 2491 3462 2565 septuaginta
3500 2493 3784 2561 Interpre-

2087 2575 2176 2626 tes
2207 2575 2346 2625 sunt
2374 2577 2523 2631 anni
2553 2578 2834 2650 quinque
2864 2580 3026 2635 milia
3055 2586 3193 2638 200.
3251 2578 3588 2640 Secundum
3633 2577 3780 2634 veri-

2088 2664 2270 2716 tatem
2299 2661 2659 2722 Hebraicam
2691 2667 2778 2721 ita
2809 2674 3233 2742 conputantur
3269 2689 3281 2728 :
3324 2669 3410 2726 Ab
3455 2669 3646 2726 Adam
3690 2685 3783 2725 us-

2085 2765 2202 2822 que
2233 2747 2309 2804 ad
2345 2753 2466 2808 Noe
2497 2754 2608 2810 fuit
2638 2753 2844 2827 prima
2867 2761 3030 2824 tetas,
3064 2762 3122 2813 et
3147 2759 3374 2821 habuit
3401 2775 3590 2818 annos
3622 2757 3780 2818 mille

2085 2843 2142 2893 et
2172 2846 2490 2896 sexcentos
2519 2848 2576 2900 et
2597 2849 2691 2899 56.
2727 2845 3001 2903 Secunda
3029 2851 3196 2905 tetas
3225 2869 3260 2912 a
3286 2855 3330 2888 ²⁹
3353 2855 3469 2910 Noe
3490 2867 3681 2925 usque
3703 2849 3781 2911 ad

2084 2927 2393 2984 Abraham
2421 2930 2635 2988 habuit
2669 2947 2867 2992 annos
2897 2936 3214 2996 ducentos
3262 2948 3348 3001 92.
3404 2943 3601 3001 Tercia
3638 2947 3780 3002 aatas

2083 3017 2157 3071 de
2182 3015 2492 3074 Abraham
2523 3037 2722 3093 usque
2751 3026 2830 3081 ad
2854 3024 3045 3082 David
3070 3025 3300 3092 habuit
3329 3051 3518 3094 annos
3549 3040 3671 3096 942.
3716 3040 3781 3096 Et

2084 3105 2261 3162 simul
2286 3107 2480 3177 juncti
2511 3111 2656 3166 anni
2699 3115 2878 3172 trium
2925 3119 3187 3176 aetatum
3241 3124 3392 3184 ﬁunt
3442 3128 3564 3188 duo
3594 3130 3778 3190 millia

2082 3196 2744 3297 octingenti-undecim.
2772 3207 3006 3297 Quarta
3037 3209 3195 3297 aetas
3221 3230 3258 3269 a
3278 3217 3326 3250 ³ο
3348 3220 3534 3277 David
3585 3239 3773 3297 usque

2082 3286 2624 3386 adcapti‘vita-temn
2651 3288 2712 3386 in
2760 3291 3090 3386 BabiloneA
3116 3295 3332 3360 habuit
3387 3323 3580 3366 annos
3623 3286 3771 3386 qua-

2081 3375 2433 3475 dringentos
2588 3378 2811 3475 Quinta
2840 3385 2989 3475 aetas
3019 3381 3126 3475 a3°
3146 3396 3532 3456 restructione
3562 3375 3767 3475 templi

2081 3479 2276 3563 usque
2309 3464 2388 3563 ad
2415 3465 2762 3563 adventum
2790 3468 3054 3563 Domini
3085 3471 3301 3563 babuit
3355 3499 3548 3544 annos
3593 3464 3764 3563 quin-

2079 3556 2290 3622 gentos
2319 3556 2405 3607 80.
2429 3555 2507 3642 ‘Et
2530 3552 2685 3611 ﬁunt
2716 3557 2899 3614 simul
2926 3556 3005 3614 ab
3029 3561 3226 3622 Adam
3257 3584 3448 3642 usque
3493 3577 3571 3632 ad
3603 3552 3762 3638 Chri-

2079 3645 2240 3696 stum
2272 3639 2591 3696 Dominum
2617 3646 2767 3701 anni
2797 3646 2908 3703 tria
2939 3645 3106 3705 milia
3136 3639 3381 3723 nogenti
3407 3666 3494 3718 52.
3537 3668 3584 3722 Α
3609 3668 3758 3725 nati-

2077 3729 2255 3784 vitate
2302 3729 2535 3784 Domini
2577 3746 2772 3804 usque
2819 3733 2898 3790 ad
2954 3738 3276 3799 transitum
3307 3750 3496 3806 sancti
3527 3755 3752 3812 Martini

2077 3823 2216 3873 sunt
2239 3817 2382 3874 anni
2411 3818 2818 3889 quadragenti
2847 3827 2999 3880 -i5.A
3026 3829 3279 3887 transitu
3311 3839 3503 3895 sancti
3526 3843 3750 3902 Martini

2076 3923 2264 4003 usque
2290 3906 2368 4003 ad
2398 3907 2717 4003 transitum
2751 3911 3029 3968 Clodovei
3053 3919 3210 3984 regis
3238 3923 3623 3997 Francorum,
3642 3934 3750 4003 qui

2074 3995 2304 4067 primus
2334 3995 2444 4051 fuit
2464 3996 2834 4055 Christianus
2852 4000 2927 4056 de
2944 4001 3186 4069 regibus
3213 3995 3748 4085 Francorum,s1fnt

2073 4085 2215 4141 anni
2245 4090 2364 4141 H2.
2399 4091 2444 4141 Λ
2473 4085 2727 4142 transitu
2767 4089 2958 4148 sancti
2987 4093 3213 4153 Martini
3255 4115 3444 4172 usque
3481 4104 3559 4160 ad
3588 4110 3747 4166 tran-

2073 4174 2253 4230 situm
2287 4173 2480 4229 sancti
2513 4177 2786 4246 Eparchii
2839 4178 3266 4249 Egolismensis
3320 4193 3557 4260 patroni
3605 4203 3746 4256 sunt

2075 4263 2218 4355 anni
2247 4267 2489 4319 centum
2515 4263 2741 4355 viginti.
2777 4269 2957 4324 Natus
2989 4273 3077 4326 est
3103 4273 3263 4331 enim
3297 4285 3539 4337 sanctus
3565 4286 3744 4355 Epar-

2074 4352 2244 4444 chius
2269 4351 2848 4444 temporeMerovei
2900 4359 3262 4418 Francorum
3310 4367 3466 4436 regis
3493 4351 3736 4444 pagani,

2071 4439 2173 4513 qui
2199 4439 2307 4495 fuit
2335 4455 2485 4495 avus
2509 4439 2790 4498 Clodovei
2810 4443 2967 4514 regis
2986 4447 3352 4508 Francorum
3377 4439 3556 4526 primi
3578 4439 3738 4514 Chri-

2072 4529 2267 4601 stiani,
2299 4533 2355 4585 et
2379 4528 2441 4584 in
2468 4533 2735 4602 tempore
2765 4531 3077 4590 Theodorii
3099 4537 3356 4608 junioris
3385 4541 3510 4599 divi
3536 4549 3736 4616 Augu-

2071 4619 2142 4674 sti
2167 4617 2561 4690 imperatoris.
2599 4619 2746 4674 Vixit
2773 4635 2882 4692 per
2912 4625 3183 4696 tempora
3207 4628 3542 4701 Theodosii,
3590 4635 3736 4689 Mar-

2071 4707 2247 4775 ciani,
2278 4707 2506 4775 Leonis,
2541 4709 2810 4778 Zenonis,
2851 4714 3166 4784 Anastasii,
3196 4720 3254 4771 et
3287 4719 3598 4775 Justiniani
3629 4721 3734 4777 im-

2071 4802 2439 4871 peratorum,
2481 4802 2538 4853 et
2590 4813 2696 4873 per
2754 4803 3025 4874 tempora
3075 4819 3288 4874 regum
3345 4808 3728 4879 Francorum,

2070 4885 2361 4943 Merovehi
2390 4891 2447 4942 et
2471 4885 2782 4945 Childerici
2805 4893 2863 4946 et
2887 4889 3259 4959 Clodovei,et
3289 4897 3556 4967 tempore
3582 4897 3733 4959 Chil.

2070 4974 2297 5032 deberti
2325 4975 2480 5045 regis
2507 4978 2888 5033 Francorum.
2923 4977 3076 5034 Obiit
3101 4983 3366 5052 tempore
3402 4985 3726 5046 Iustiniani

2069 5064 2448 5137 imperatoris
2478 5069 2535 5120 et
2563 5065 2917 5122 Childeberti
2941 5066 3096 5138 regis
3149 5070 3531 5143 Francorum,
3564 5081 3728 5134 octo-

2071 5152 2297 5225 gesimo
2319 5168 2480 5209 anno
2505 5154 2691 5211 aetatis
2721 5170 2863 5208 suae.
2895 5158 2942 5210 Α
2972 5154 3271 5216 nativitate
3303 5161 3514 5223 Christi
3536 5181 3726 5240 usque

2070 5242 2149 5298 ad
2174 5241 2437 5315 primum
2462 5243 2630 5311 regni
2661 5258 2889 5298 annum
2921 5244 3114 5303 Caroli
3142 5253 3281 5308 sunt
3318 5251 3459 5311 anni
3510 5255 3728 5326 septin-

2071 5331 2227 5404 genti
2255 5333 2562 5403 sexaginta
2587 5335 2738 5388 octo.

1680 5446 1916 5502 VARI/B1
1955 5447 2248 5506 LECTION
2255 5449 2356 5503 ES.

379 5535 1010 5626 ξξρςηνηαζξαᾼίξάᾴἰέ.
1039 5537 1194 5626 deest
1219 5542 1288 5626 2°.“
1327 5540 1669 5626 i’fansegili
1705 5547 1753 5598 ί.
1836 5543 1884 5578 ³⁵
1905 5541 2065 5600 deest
2096 5549 2145 5599 1.
2224 5544 2272 5578 ²⁶
2301 5543 2388 5598 ita
2422 5547 2469 5597 t.
2507 5542 2552 5577 ³⁷
2593 5542 2680 5599 Ad
2722 5546 3217 5606 restaurationem
3265 5556 3315 5608 1.
3392 5551 3440 5587 ’⁸
3469 5555 3530 5610 ta
3557 5568 3616 5608 ιι.
3656 5567 3718 5626 q.

298 5605 522 5662 desunt
550 5611 597 5662 1.
674 5608 719 5640 ²⁹
749 5606 827 5664 ad
857 5622 1011 5664 corr.
1043 5623 1080 5665 a
1114 5613 1161 5664 l.
1239 5610 1288 5644 ⁸ο
1319 5609 1398 5666 ad
1432 5617 1482 5668 1.
