4048 6178
277 175 351 230 27
1432 171 1744 229 ADEMARI
1785 168 1841 225 S.
1884 165 2164 223 CIBARDI
2202 166 2536 225 MONACHI.
3640 173 3725 225 ης

348 298 403 351 2.
444 298 617 352 Anno
641 295 823 366 igitur
853 295 931 352 ab
963 295 1370 352 incarnatione
1404 294 1636 351 Domini
1659 297 1784 359 768,
1806 292 1940 365 ipso
1976 294 2023 345 A
2053 291 2255 360 ginem
2282 291 2587 363 puriorem
2616 308 2770 362 esse,
2801 291 3025 348 rivulos
3051 294 3251 348 autem
3283 291 3433 363 ejus,
3482 297 3713 365 quanto

279 400 442 443 anno
494 401 617 458 quo
671 400 777 441 rex
822 385 1065 457 Pipinus
1119 386 1252 441 Pius
1301 384 1466 454 obiit,
1510 385 1632 440 duo
1675 383 1780 438 ﬁlii
1808 385 1939 451 ejus

279 475 543 531 domnus
574 474 819 531 Carolus
844 479 902 530 et
930 474 1320 531 Carlomanus
1349 473 1558 529 elevati
1588 477 1727 528 sunt
1763 471 1822 526 in
1852 484 1941 525 re-

281 578 472 633 gnum
496 578 619 618 uno
649 561 746 618 die
778 561 979 628 simul,
1010 562 1071 618 id
1102 567 1189 618 est
1217 570 1247 619 7
1283 563 1420 618 ldus
1466 560 1758 630 Octobris,
1804 565 1938 626 etc.,

280 658 347 708 ut
375 653 540 707 Ann.
572 654 838 709 Lauriss.
866 667 922 708 α.
949 656 1052 708 768
1075 668 1200 725 sqq.

352 740 538 811 (Ann.
566 742 753 797 Laur.
786 757 843 797 a.
876 742 1023 811 769.)
1060 785 1072 797 .
1118 783 1130 795 .
1202 744 1266 797 Et
1292 740 1432 796 inde
1470 742 1584 809 (12)
1616 736 1875 810 sumpsit
1902 778 1939 790 ..

283 829 583 902 simulque
608 833 881 886 Launum
947 831 1297 903 episcopum
1352 829 1625 901 ejusdem
1666 825 1940 891 civitatis,

281 918 386 991 qui
442 919 638 974 fuerat
687 918 1036 991 capallanus
1084 919 1293 975 domni
1338 917 1525 990 Pipini
1553 915 1709 985 regis
1758 914 1943 986 patris

284 1006 400 1077 sui,
428 1023 613 1079 quem
649 1007 775 1080 ipse
803 1024 907 1064 rex
937 1008 1175 1080 Pipinus
1220 1004 1572 1079 epiSCOpum
1622 1003 1841 1059 fecerat
1869 1002 1944 1058 de

281 1097 417 1169 ipsa
447 1096 748 1153 civitate...

356 1225 376 1244 .
417 1228 432 1242 .
475 1227 490 1242 .
529 1186 700 1242 rediit
728 1186 808 1242 ad
834 1186 1194 1256 Egolisman,
1230 1184 1334 1240 ubi
1360 1183 1702 1256 postulante
1736 1185 1942 1238 Launo

285 1275 568 1348 episcopo
597 1274 734 1331 fecit
759 1274 821 1330 in
842 1273 1207 1331 monasterio
1237 1274 1427 1330 sancti
1450 1272 1718 1346 Eparchii
1745 1276 1947 1328 aucto-

284 1364 516 1419 ritatem
546 1365 826 1435 praecepti
853 1364 928 1420 de
957 1363 1125 1420 terris
1150 1380 1286 1436 quae
1315 1362 1397 1419 ibi
1428 1363 1553 1419 sine
1571 1360 1945 1418 contentione

287 1456 475 1521 erant,
505 1451 568 1507 id
596 1457 684 1508 est
713 1467 895 1524 super
931 1452 1185 1508 ﬂuvium
1209 1453 1521 1509 Tolveram
1569 1454 1943 1520 Magnacum,

286 1539 668 1611 Vivenacum,
727 1544 1086 1611 Vasnacum,
1154 1541 1586 1605 Monteriorem,
1642 1539 1942 1606 Visacum,

2046 377 2287 447 longius
2334 395 2370 435 a
2417 379 2578 438 fonte
2632 381 2999 446 recesserint,
3053 384 3216 437 tanto
3254 380 3629 437 turbulentos
3658 386 3718 437 ct

2049 467 2326 523 sordibus
2352 484 2422 525 ac
2450 470 2856 528 immundiciis
2886 475 3219 542 corruptos.
3248 473 3315 526 Et
3341 469 3423 526 ait
3450 470 3714 526 domnus

2046 571 2151 610 rex
2182 557 2432 614 Karolus
2465 578 2478 615 :
2511 561 2907 618 Revertimini
2963 574 3064 616 vos
3116 561 3198 615 ad
3243 560 3471 629 fontem
3518 561 3718 616 sancti

2052 644 2346 715 Gregorii,
2405 650 2548 719 quia
2596 649 2912 718 manifeste
2964 648 3317 717 corrupistis
3346 649 3712 705 cantilenam

2052 734 2549 793 wcclesiasticam.
2603 739 2731 792 Mox
2786 736 2954 809 petiit
3005 736 3270 792 domnus
3318 752 3421 792 rex
3459 736 3710 793 Karolus

2051 822 2130 877 ab
2159 823 2419 880 Adriano
2450 841 2611 898 papa
2640 832 2933 896 cantores,
2984 827 3088 898 qui
3121 826 3429 882 Franciam
3459 827 3712 897 corrige-

2051 916 2183 968 rent
2219 912 2294 968 de
2320 918 2519 969 cantu.
2554 919 2624 969 At
2648 914 2742 970 ille
2769 915 2935 970 dedit
2962 916 3015 971 ei
3038 915 3418 972 Theodorum
3450 921 3508 972 et
3538 920 3714 972 Bene-

2051 1001 2279 1057 dictum
2338 1005 2537 1058 Romte
2584 1003 2864 1059 {ecclesias
2940 1004 3319 1060 doctissimos
3391 1011 3665 1061 cantores
3697 1048 3712 1073 ,

2052 1088 2156 1161 qui
2186 1104 2222 1144 a
2247 1094 2455 1146 sancto
2487 1092 2767 1161 Gregorio
2810 1093 3022 1149 eruditi
3077 1092 3336 1160 fuerant,
3392 1093 3714 1166 tribuitque

2053 1177 2507 1255 antiphonarios
2538 1180 2727 1235 sancti
2758 1180 3038 1253 Gregorii,
3065 1197 3221 1254 quos
3250 1181 3375 1255 ipse
3401 1186 3714 1238 notaverat

2052 1271 2197 1321 nota
2227 1269 2514 1324 Romana.
2549 1270 2818 1325 Domnus
2861 1286 3001 1326 vero
3048 1286 3151 1325 rex
3203 1270 3474 1340 Karolus,
3526 1286 3718 1326 rever-

2052 1359 2182 1411 tens
2211 1357 2272 1412 in
2300 1358 2629 1425 Franciam,
2689 1359 2854 1414 misit
2898 1375 3090 1415 unum
3128 1364 3435 1416 cautorem
3465 1361 3526 1416 in
3558 1360 3716 1417 Metis

2054 1444 2308 1514 civitate,
2331 1446 2584 1503 alterum
2603 1448 2667 1503 in
2685 1449 3022 1505 Suessionis
3049 1446 3279 1505 civitate
3307 1467 3320 1517 ;
3339 1449 3714 1522 praecipiens,

2055 1532 2130 1589 de
2157 1535 2442 1591 omnibus
2472 1535 2808 1592 civitatibus
2863 1537 3120 1593 Franciae
3179 1537 3497 1607 magistros
3541 1536 3716 1594 scola:

286 1628 617 1700 Roliacum,
645 1646 825 1704 super
853 1630 1103 1686 ﬂuvium
1132 1633 1371 1686 Notram
1404 1629 1817 1686 Baudidanem
1846 1627 1945 1683 vil-
1981 1639 2023 1692 B
2055 1623 2507 1697 antiphonarios
2536 1625 2620 1682 eis
2645 1625 2724 1681 ad
2749 1626 3172 1695 corrigendum
3225 1626 3475 1693 tradere,
3530 1630 3587 1682 et
3634 1626 3713 1683 ab

286 1716 433 1788 lam,
474 1717 763 1785 Camilon,
827 1721 1196 1785 Cannacum,
1258 1718 1579 1788 Ulciacum,
1638 1715 1948 1771 Roliacum

286 1806 602 1873 minorem,
663 1808 1018 1874 Tortiacum,
1078 1807 1274 1874 Sertis,
1317 1808 1714 1876 Tomolatum,
1769 1820 1951 1877 super

289 1894 541 1950 ﬂuvium
598 1896 960 1953 Dornoniam
1045 1897 1525 1965 Montemvillam,
1614 1895 1949 1964 Baciacum,

289 1983 582 2050 Triacum,
617 1985 933 2041 Marlevam
960 1986 1028 2040 ³¹.
1082 1985 1255 2051 Quod
1304 1990 1654 2058 preceptum
1694 1983 1951 2039 Bartolo-

289 2086 462 2128 meus
490 2072 879 2128 cancellarius
919 2074 1048 2144 ejus
1090 2074 1345 2146 scripsit,
1400 2080 1455 2129 et
1506 2073 1633 2145 ipse
1690 2072 1952 2128 domnus

288 2176 394 2216 rex
422 2176 611 2216 manu
640 2177 750 2217 sua
773 2162 1033 2217 firmavit
1060 2166 1118 2218 et
1146 2162 1220 2216 de
1250 2162 1475 2217 annulo
1517 2178 1626 2216 suo
1653 2159 1949 2230 sigillavit.

290 2252 427 2305 Erat
449 2265 520 2305 eo
551 2253 817 2323 tempore
845 2251 904 2306 in
934 2251 1066 2323 ipso
1115 2251 1476 2306 monasterio
1528 2250 1715 2306 sancti
1771 2252 1953 2323 Epar-

291 2337 408 2393 chii
436 2336 799 2394 canonicalis
827 2332 1090 2394 habitus.
1127 2339 1266 2394 Inde
1298 2338 1591 2408 gloriosus
1619 2354 1724 2394 rex
1773 2342 1953 2395 Caro-

290 2425 386 2482 lus
415 2442 692 2482 reversus
718 2431 804 2483 est
828 2427 888 2482 in
921 2427 1251 2483 Franciam.

362 2520 416 2571 8.
448 2516 631 2587 (Ann.
681 2518 865 2572 Laur.
921 2533 979 2573 a.
1038 2520 1164 2587 787)
1208 2558 1221 2571 .
1268 2559 1281 2573 .
1328 2559 1340 2572 .
1387 2561 1400 2573 .
1443 2520 1509 2572 Et
1536 2533 1814 2573 reversus
1865 2523 1957 2573 est

231 2623 240 2632 ·
289 2603 597 2678 piissimus
621 2621 725 2661 rex
760 2604 1007 2661 Karolus
1031 2611 1086 2661 et
1116 2605 1455 2662 celebravit
1483 2610 1685 2663 Romae
1724 2608 1957 2681 pascha

290 2708 430 2748 cum
485 2692 712 2748 domno
767 2694 1115 2767 apostolico.
1177 2698 1320 2750 Ecce
1370 2698 1500 2751 orta
1538 2700 1626 2751 est
1656 2696 1955 2751 contentio

290 2796 399 2854 per
429 2780 556 2837 dies
586 2780 767 2838 festos
796 2784 1041 2855 paschae
1069 2783 1222 2838 inter
1253 2788 1526 2839 cantores
1549 2787 1956 2840 Romanorum

292 2873 349 2925 et
372 2868 677 2925 Gallorum
707 2874 842 2939 (13).
880 2870 1164 2927 Dicebant
1193 2887 1255 2927 se
1282 2871 1427 2927 Galli
1454 2872 1668 2928 melius
1717 2877 1956 2929 cantare

293 2961 351 3013 et
378 2957 685 3030 pulchrius
713 2974 902 3031 quam
933 2959 1203 3016 Romani.
1255 2959 1542 3017 Dicebant
1597 2978 1658 3017 se
1704 2962 1957 3018 Romani
1995 2985 2035 3039 η

294 3045 637 3102 doctissime
666 3046 993 3104 cantilenas
1024 3048 1471 3105 aacclesiasticas
1497 3049 1780 3121 proferre,
1809 3051 1959 3107 sicut

295 3133 457 3190 docti
480 3133 716 3191 fuerant
744 3151 781 3191 a
811 3140 1020 3192 sancto
1052 3137 1331 3206 Gregorio
1358 3153 1519 3210 papa
1548 3138 1661 3209 (14)
1692 3157 1705 3205 ;
1761 3139 1957 3195 Gallos

296 3226 571 3296 corrupte
602 3228 864 3294 cantare,
898 3229 955 3280 et
983 3225 1347 3281 cantilenam
1390 3226 1753 3283 destruendo
1811 3228 1958 3284 dila-

294 3326 515 3367 cerare.
550 3313 693 3377 Quae
719 3313 1017 3369 contentio
1049 3318 1187 3369 ante
1217 3313 1513 3370 domnum
1543 3331 1748 3385 regem
1775 3320 1957 3373 Karo-

293 3399 421 3456 lum
450 3401 740 3473 pervenit.
775 3401 920 3458 Galli
951 3418 1095 3457 vero
1119 3407 1364 3474 propter
1389 3402 1766 3460 securitatem
1791 3405 1960 3462 dom-

212 3551 224 3559 ,
294 3488 359 3543 ni
381 3489 540 3559 regis
566 3489 764 3545 Karoli
794 3489 967 3545 valde
995 3490 1445 3562 exprobrabant
1474 3491 1820 3546 cantoribus
1847 3494 1958 3547 Ro-

295 3577 515 3633 manis.
547 3578 802 3633 Bomani
829 3594 969 3633 vero
1000 3583 1244 3651 propter
1277 3579 1688 3635 auctoritatem
1718 3596 1956 3651 magnae

295 3664 580 3721 doctrinm
612 3681 715 3721 eos
741 3666 951 3723 stultos
977 3672 1034 3722 et
1060 3668 1314 3724 rusticos
1362 3674 1419 3725 et
1464 3668 1736 3725 indoctos
1778 3670 1957 3727 velud

293 3753 473 3810 bruta
502 3753 788 3810 animalia
819 3753 1245 3825 adﬁrmabant,
1302 3760 1360 3812 et
1384 3756 1721 3814 doctrinam
1768 3759 1957 3815 sancti

297 3840 559 3910 Gregorii
588 3841 988 3914 praeferebant
1006 3843 1330 3900 rusticitate
1352 3860 1580 3900 eorum.
1616 3849 1682 3901 Et
1706 3863 1845 3903 cum
1876 3848 1956 3904 al-

294 3929 539 3986 tercatio
595 3930 670 3986 de
726 3935 979 4003 utraque
1010 3933 1058 3966 ³²
1092 3937 1260 4003 parte
1307 3932 1519 4002 finiret,
1574 3933 1656 3990 ait
1692 3934 1957 3992 domnus

274 4010 608 4091 piissimus
642 4034 745 4074 rex
799 4019 1048 4075 Karolus
1101 4021 1180 4076 ad
1231 4037 1374 4077 suos
1423 4026 1698 4078 cantores
1727 4041 1739 4078 :
1768 4026 1961 4082 Dicite

290 4109 521 4177 palam,
551 4110 683 4179 quis
697 4110 916 4178 purior
944 4116 1029 4165 est
1048 4115 1101 4165 et
1124 4111 1256 4180 quis
1284 4111 1517 4181 melior,
1545 4118 1651 4168 aut
1703 4115 1844 4183 fons
1884 4116 1962 4171 vi-

295 4211 402 4253 vus
432 4204 538 4252 aut
567 4199 756 4253 rivuli
780 4200 909 4268 ejus
937 4200 1111 4269 longe
1133 4199 1514 4258 decurrentes
1539 4206 1568 4257 ?
1622 4204 1961 4275 Responde-

293 4289 434 4343 runt
461 4301 674 4343 omnes
705 4303 827 4344 una
854 4303 999 4344 voce
1028 4286 1255 4344 fontem
1286 4288 1461 4345 velud
1485 4292 1685 4364 capud
1736 4297 1793 4348 et
1839 4293 1958 4349 ori-

2057 1712 2141 1768 eis
2171 1713 2398 1770 discere
2424 1719 2682 1771 cantare.
2713 1715 2966 1772 Correcti
2993 1720 3131 1771 sunt
3174 1730 3316 1785 ergo
3364 1715 3720 1789 antiphona-

2057 1802 2127 1858 rii
2183 1806 2564 1876 Francorum,
2623 1821 2777 1878 quos
2836 1805 3255 1878 unusquisque
3313 1822 3423 1878 pro
3475 1804 3720 1862 arbitrio

2061 1908 2170 1947 suo
2202 1892 2521 1949 viciaverat
2548 1893 2643 1949 vel
2666 1892 2899 1949 addens
2927 1893 3020 1950 vel
3050 1893 3366 1961 minuens;
3423 1898 3478 1951 et
3507 1909 3722 1950 omnes

2062 1980 2320 2037 Franciae
2373 1988 2647 2038 cantores
2701 1981 3038 2039 didicerunt
3088 1987 3298 2038 notam
3360 1985 3720 2051 Romanam,

2062 2086 2247 2142 quam
2301 2086 2461 2125 nunc
2500 2075 2720 2127 vocant
2773 2076 2979 2127 notam
3030 2071 3425 2134 Franciscam,
3474 2076 3723 2144 excepto

2061 2159 2228 2232 quod
2257 2160 2538 2215 tremulas
2566 2160 2662 2216 vel
2692 2160 3010 2217 vinnnolas
3062 2161 3177 2233 (15)
3231 2160 3353 2216 sive
3385 2160 3722 2216 collisibiles

2061 2248 2156 2303 vel
2185 2248 2471 2304 secabiles
2500 2265 2676 2305 voces
2704 2250 2763 2305 in
2796 2255 2976 2306 cantu
3008 2266 3131 2306 non
3170 2254 3445 2323 poterant
3467 2249 3723 2323 perfecte

2062 2337 2392 2409 exprimere
2454 2337 2678 2404 Franci,
2741 2337 2995 2393 naturali
3024 2354 3171 2394 voce
3210 2337 3527 2395 barbarica
3564 2337 3724 2394 fran-

2064 2431 2268 2493 gentes
2297 2425 2357 2480 in
2385 2431 2620 2496 gutture
2648 2443 2826 2483 voces
2856 2427 3068 2500 pocius
3096 2443 3285 2500 quam
3301 2426 3720 2501 exprimentes.

2064 2514 2248 2586 Majus
2273 2520 2475 2571 autem
2504 2515 2916 2586 magisterium
2941 2515 3227 2572 cantandi
3278 2514 3339 2571 in
3386 2515 3548 2572 Metis
3588 2515 3725 2571 civi-

2063 2606 2180 2658 tate
2208 2603 2531 2659 remansit:
2591 2608 3008 2676 quantumque
3067 2602 3475 2674 magisterium
3516 2606 3726 2659 Roma-

2063 2708 2212 2747 num
2266 2696 2510 2765 superat
2564 2696 2817 2750 Metense
2866 2692 2927 2749 in
2976 2697 3100 2749 arte
3167 2692 3500 2760 cantilenas,
3561 2697 3723 2749 tanto

2067 2784 2312 2853 superat
2360 2780 2626 2837 Metensis
2682 2780 2980 2837 cantilena
3032 2785 3255 2837 ceteras
3309 2779 3506 2835 scolas
3538 2778 3725 2835 Gallo-

2064 2885 2221 2924 rum.
2257 2869 2529 2926 Similiter
2554 2870 2902 2926 erudierunt
2931 2869 3182 2927 Romani
3208 2874 3481 2925 cantores
3521 2884 3726 2941 supra-

2065 2957 2207 3014 dicti
2235 2961 2510 3014 cantores
2573 2962 2935 3014 Francorum
2989 2958 3050 3014 in
3096 2963 3219 3015 arte
3262 2957 3618 3028 organandi.
3664 2960 3727 3012 Et

2066 3046 2329 3101 domnus
2355 3062 2460 3102 rex
2489 3047 2742 3103 Karolus
2769 3047 2985 3103 iterum
3033 3064 3069 3103 a
3098 3050 3288 3103 Roma
3343 3047 3485 3102 artis
3535 3059 3728 3115 gram-

2064 3136 2298 3191 maticae
2346 3140 2403 3191 et
2457 3136 2905 3209 computatoriaa
2960 3136 3279 3205 magistros
3310 3137 3358 3171 ³³
3391 3151 3595 3191 secum
3626 3134 3727 3190 ad-

2065 3222 2236 3279 duxit
2259 3222 2320 3278 in
2348 3224 2678 3290 Franciam,
2714 3228 2770 3279 et
2808 3223 3032 3296 ubique
3077 3223 3343 3280 studium
3398 3223 3724 3280 litterarum

2066 3313 2405 3386 expandere
2458 3314 2653 3385 jussit.
2714 3318 2862 3370 Ante
2914 3314 3112 3387 ipsum
3195 3315 3356 3371 enim
3432 3314 3727 3370 domnum

2064 3417 2268 3472 regem
2326 3402 2630 3473 Karolum,
2687 3403 2749 3458 in
2805 3402 2991 3459 Gallia
3044 3403 3277 3459 nullum
3311 3403 3578 3459 studium
3621 3402 3729 3459 fuit

2064 3490 2402 3547 liberalium
2431 3491 2668 3548 artium.
2704 3495 2808 3547 Per
2854 3492 3020 3565 ipsos
3080 3493 3207 3549 dies
3261 3493 3503 3566 paschae
3555 3507 3729 3547 vene-

2065 3584 2205 3636 runt
2234 3583 2488 3637 Romam
2518 3580 2596 3637 ad
2622 3581 2919 3637 domuum
2948 3582 3287 3654 piissimum
3319 3597 3520 3651 regem
3545 3584 3727 3637 Karo-

2065 3669 2192 3725 lum
2243 3670 2413 3726 missi
2464 3669 2783 3726 Tassilonis
2858 3670 3142 3727 ducis.....
3213 3670 3520 3727 Franciam
3586 3686 3725 3725 cum

2067 3758 2256 3827 gloria
2304 3774 2579 3814 reversus
2638 3763 2746 3829 est,
2801 3758 3110 3815 adducens
3180 3775 3383 3815 secum
3453 3762 3725 3814 cantores

2066 3850 2475 3903 Romanorum
2520 3852 2575 3901 et
2616 3847 3047 3916 grammaticos
3103 3847 3496 3921 peritissimos
3526 3849 3583 3901 et
3611 3842 3726 3901 cal-

2069 3936 2432 3993 culatores...

2138 4029 2190 4080 9.
2234 4024 2418 4095 (Ann.
2476 4026 2663 4081 Laur.
2717 4042 2774 4081 a.
2831 4028 2980 4097 788.)
3024 4069 3037 4081 .
3085 4069 3097 4083 .
3142 4068 3155 4081 .
3228 4024 3501 4083 Similiter
3570 4022 3727 4078 ﬁlius

2068 4116 2197 4185 ejus
2226 4114 2339 4186 (16)
2389 4114 2587 4169 Teudo
2607 4115 2911 4185 judicatus
2938 4120 3046 4182 est,
3104 4119 3160 4170 et
3210 4113 3489 4169 monachi
3543 4111 3725 4166 ambo

2066 4204 2205 4261 facti
2232 4208 2371 4260 sunt
2397 4204 2461 4260 in
2490 4203 2620 4260 Olto
2645 4205 2760 4276 (17)
2789 4204 3173 4270 monasterio,
3217 4202 3321 4257 ubi
3350 4204 3591 4255 sanctus
3624 4202 3725 4255 Bo-

2064 4292 2333 4350 nefacius
2359 4292 2788 4365 requiescit.....

1676 4419 1908 4474 VARle
1948 4420 2241 4476 LECTION
2248 4418 2349 4473 ES.

365 4509 409 4543 ³³
438 4509 531 4586 itg
560 4512 695 4586 2._et
720 4508 885 4586 P_itlt.
904 4522 928 4579 ;
956 4509 1017 4564 in
1053 4514 1076 4586 1
1111 4511 1249 4586 aliis
1276 4514 1461 4586 erasis
1492 4515 1811 4569 recentiori
1829 4530 2013 4571 manu
2042 4517 2331 4586 scriptum
2362 4520 2447 4572 est
2480 4529 2504 4571 .·
2525 4516 2592 4570 Μ.
2624 4518 2683 4570 et
2709 4515 2954 4570 Baciaco
3008 4529 3146 4568 cum
3201 4509 3324 4565 suis
3376 4507 3720 4571 attinentiis,

292 4578 453 4651 quod
474 4580 847 4636 Duchesnius
876 4578 1119 4650 recepit.
1197 4584 1246 4617 ³³
1272 4584 1358 4639 sic
1384 4598 1498 4654 pro
1528 4588 1740 4641 neutra
1772 4590 1822 4640 1.
1900 4588 1948 4621 ³³
1977 4578 2258 4643 maistros
2291 4590 2338 4641 1.

1898 4682 2119 4740 NOTAE.

365 4777 476 4841 (12)
518 4773 837 4900 Egolisma.

365 4845 487 4927 (ἐξ).
518 4847 558 4901 C
584 4888 601 4927 .
626 4846 982 4927 Ilionachum
1014 4846 1554 4927 S‘angallensem,_!,
1574 4853 1660 4919 10,
1684 4851 1951 4927 Μοψδε.

294 4919 361 4985 Il,
388 4919 602 4989 735,7et
624 4916 965 4989 Capitulare
985 4916 1064 4971 ad
1088 4917 1426 4974 Theodonis
1453 4916 1661 4975 villam
1718 4938 1773 4977 a.
1827 4925 1955 4986 805,

294 4989 501 5064 cap._2,
523 4988 755 5064 Legg].
789 4991 879 5064 13_t
910 4988 1323 5064 (Batrologiw,
1350 4994 1492 5064 tom.
1518 4993 1629 5047 CIV
1651 4996 1708 5047 et
1730 4994 1952 5064 XCVII).

416 5001 501 5052 .2,
523 5001 755 5057 Legg.i.
789 5001 879 5043 131
910 5001 1323 5059 (Batrotogue,
1350 5001 1492 5046 tom.
1518 5001 1626 5047 CIV
1651 5001 1708 5047 et
1731 5001 1952 5064 XCVII).

366 5001 481 5136 Pii)
520 5056 601 5114 Cf.
636 5058 902 5136 loannis
954 5058 1091 5136 Vita
1135 5059 1407 5136 Gregorii
1451 5065 1516 5136 l_l,
1569 5066 1627 5136 6,
1667 5062 1871 5136 quill,
1898 5070 1957 5135 7,

294 5129 489 5200 pergit
512 5145 557 5200 _:
622 5129 825 5198 Hujus
879 5130 1309 5187 modulationis
1365 5129 1737 5190 dulcedinem
1801 5129 1961 5191 inter

295 5197 452 5269 alias
499 5197 761 5268 Europa
807 5206 1007 5269 gentes
1067 5203 1355 5258 Germani
1392 5218 1495 5259 seu
1538 5206 1706 5261 Galli
1732 5206 1960 5262 discere

296 5268 620 5341 crebroque
660 5268 973 5343 rediscereg
1010 5272 1328 5343 insigniter
1372 5279 1722 5343 potuerunt,
1758 5277 1957 5332 incor-

296 5344 545 5418 ruptum
597 5354 737 5418 vero
776 5346 898 5418 tam
953 5341 1191 5418 leuitate
1246 5341 1454 5418 animi,
1485 5348 1629 5418 quia
1659 5341 1959 5403 nonnulla

298 5410 372 5466 de
447 5412 698 5487 proprio
767 5411 1152 5481 Gregorianis
1218 5410 1511 5472 cantibus'
1553 5420 1919 5473 miscuerunt
1942 5461 1956 5487 ,

299 5495 479 5552 quam
529 5482 775 5551 feritate
832 5497 1083 5553 quoque
1117 5487 1395 5542 naturali
1436 5503 1681 5545 servare
1718 5482 1960 5543 minime

292 5557 641 5629 potuerunt.
673 5552 904 5629 Alpina
926 5552 1219 5629 siquidem
1248 5572 1522 5628 corpora,
1569 5574 1775 5616 vocum
1824 5571 1961 5614 sua-

299 5637 435 5679 rum
489 5624 770 5682 tonitruis
820 5624 1104 5682 altisone‘
1122 5624 1566 5698 perstrépentia
1593 5671 1612 5701 ,
1673 5634 1961 5700 suscepta?

2063 4779 2491 4836 modulationis
2521 4777 2894 4834 dulcedinem
2939 4777 3185 4846 proprie
3234 4790 3352 4830 non
3394 4773 3720 4846 resultant,

2063 4852 2208 4921 quia
2248 4850 2437 4906 bibuli
2477 4850 2739 4920 gutturis
2781 4844 3066 4905 barbara'
3080 4847 3319 4918 feritas,
3366 4844 3509 4927 dum
3562 4844 3726 4970 ﬁlle-

2063 4920 2343 4970 (trionibus
2390 4926 2444 4970 et
2497 4919 3039 4970 renercussionibus
3080 4918 3281 4970 mitem
3310 4920 3529 4970 nititur
3556 4930 3586 4970 e
3662 4928 3726 4969 re

2062 4916 2343 4977 itionibus
2390 4926 2444 4978 et
2478 4916 3039 4991 'repercussionibus
3080 4916 3281 4991 mitem
3310 4916 3537 4991 nititur
3556 4916 3727 4991 edere

2066 4994 2452 5059 cantilenam,
2485 4986 2762 5069 naturali
2783 4986 3041 5069 quodam
3066 4990 3335 5069 fragore,
3349 4986 3537 5069 quasi
3548 4986 3725 5056 plau-

2065 5069 2197 5120 stra
2236 5077 2357 5135 per
2389 5057 2621 5135 gradus
2644 5057 2913 5135 __conf‘use
2952 5057 3255 5135 sonantia,
3300 5057 3531 5128 rigidas
3562 5070 3726 5135 uoces

2055 5128 2280 5205 jactat,
2306 5128 2506 5205 sicque
2534 5128 2908 5205 audientium
2959 5131 3239 5205 animos,_
3268 5144 3413 5201 quos
3467 5128 3732 5205 mulcere

2066 5200 2375 5275 debuerat,
2401 5200 2821 5273 exasperanda
2848 5204 3039 5273 magis
3069 5217 3142 5258 ac
3179 5200 3568 5270 obstrepentia
3593 5212 3729 5253 con-

2068 5277 2295 5332 turbat.

2166 5346 2250 5430 t?)
2302 5345 2625 5430 νξηηριαίᾳ
2654 5348 2880 5430 φθερεῖ
2912 5344 3067 5426 lenis.
3101 5350 3153 5399 ει
3198 5340 3732 5430 mussant?

2065 5415 2290 5483 mibilis,
2319 5422 2375 5473 et
2404 5415 2911 5487 vinnotatatlicta
2942 5416 3211 5487 aqvinno,
3261 5416 3370 5470 hoc
3399 5417 3481 5469 est
3508 5415 3732 5467 cincin~

2067 5503 2144 5543 no
2168 5488 2640 5614 molliter-«tero,
2670 5485 2876 5543 Isidor.
2906 5485 3064 5557 Orig.
3097 5485 3200 5555 Ill,
3222 5490 3306 5543 t9.

2138 5558 2253 5614 (16)
2293 5560 2434 5614 Tass
2479 5573 2629 5614 onis.
3028 5608 3034 5614 .

2166 5562 2253 5626 16)
2293 5556 2629 5614 Tassilonis.
3018 5556 3034 5615 ἶ

2165 5628 2250 5702 17)
2290 5627 2356 5686 ld
2379 5633 2470 5686 est
2498 5627 2702 5690 Fulda.
