4054 6188
303 164 380 218 2,
769 187 773 192 ’
1357 164 1828 223 HISTORIARUM
1868 168 2047 222 LIBRI
2085 167 2279 223 TBES.
2315 199 2383 208 —
2410 171 2536 224 LIB.
2569 173 2657 226 Ill.
3663 180 3736 232 30

375 327 392 339 .
431 327 444 339 .
479 285 659 353 (Ann.
689 287 875 341 Laur.
901 303 956 342 α.
984 291 1135 352 808.)
1171 331 1183 343 .
1221 332 1232 343 .
1271 331 1283 344 .

302 390 480 442 num,
511 374 574 429 id
601 379 688 430 est
716 375 789 430 de
813 376 1071 432 lrlandia
1100 377 1298 434 insula
1323 381 1500 450 (18)...

371 506 385 516 .
423 505 434 518 .
470 463 656 531 (Ann.
691 465 879 520 Laur.
910 481 966 520 a.
1001 469 1150 524 809.)
1183 509 1194 521 .
1230 510 1240 521 .
1281 511 1293 522 .
1349 468 1595 523 Areolus
1637 485 1840 524 comes
1892 469 1965 523 de

295 567 524 621 genere
595 542 796 608 Felicis
868 554 1103 610 Aureoli
1166 557 1662 627 Petragoricensis
1735 558 1967 612 comitis

295 646 646 697 exortus...

367 773 382 786 .
424 774 438 786 .
476 733 660 800 (Ann.
685 735 874 789 Laur.
904 750 960 789 α.
995 736 1140 806 814.)
1177 778 1188 789 .
1227 778 1239 789 .
1278 778 1289 790 .
1327 736 1643 792 Karolus...
1701 736 1966 809 sepultus

291 820 491 893 Aquis
519 821 576 875 in
610 821 857 877 basilica
889 823 986 877 Dei
1039 824 1358 891 genitricis,
1412 841 1601 897 quam
1649 826 1778 898 ipse
1827 842 1965 880 con-

292 914 618 966 struxerat.
658 913 887 983 Corpus
917 912 1046 982 ejus
1075 913 1546 981 aromatizatum,
1602 918 1659 970 et
1703 915 1764 968 in
1821 915 1960 970 sede

293 1015 491 1055 aurea
521 999 737 1055 sedens
767 1001 998 1072 positus
1031 1003 1077 1035 3"
1137 1007 1223 1057 est
1281 1001 1342 1057 in
1387 1009 1707 1059 curvatura
1761 1004 1960 1076 sepul-

292 1087 449 1156 chri,
487 1104 626 1143 ense
654 1105 839 1144 aureo
909 1089 1230 1157 accinctus,
1282 1091 1661 1160 evangelium
1709 1109 1960 1148 aureum

291 1181 512 1232 tenens
539 1176 599 1230 in
631 1176 915 1232 manibus
945 1182 1001 1232 et
1032 1178 1306 1248 genibus,
1364 1179 1663 1236 reclinatis
1695 1181 1960 1236 humeris

292 1263 354 1320 in
383 1265 692 1329 cathedra,
725 1270 782 1320 et
803 1265 994 1338 capite
1020 1267 1266 1322 honeste
1298 1272 1513 1336 erecto,
1542 1268 1724 1338 ligato
1779 1285 1960 1324 aurea

291 1353 558 1409 cathena
587 1353 665 1409 ad
691 1353 992 1409 diadema.
1022 1357 1088 1410 Et
1109 1354 1168 1410 in
1192 1355 1531 1412 diademate
1564 1357 1795 1426 lignum
1826 1374 1958 1413 cru-

293 1440 382 1495 cis
415 1441 682 1513 positum
713 1447 819 1498 est.
855 1445 923 1498 Et
976 1442 1354 1516 repleverunt
1394 1444 1778 1517 sepulchrum
1833 1446 1963 1516 ejus

1348 306 1451 346 rex
1502 289 1963 346 Nordanimbro-
1993 295 2038 346 A
2077 291 2471 361 aromatibus,
2511 293 2857 366 pigmentis,
2914 293 3190 350 balsamo
3241 299 3298 350 et
3343 311 3553 352 musco
3580 299 3627 332 ³⁵
3679 302 3737 355 et

2076 381 2367 436 thesauris
2399 383 2468 436 Γ.
2504 383 2788 439 Vestitum
2819 389 2906 440 est
2933 401 3150 456 corpus
3179 386 3308 455 ejus
3365 385 3732 442 indumentis

2074 469 2508 541 imperialibus,
2544 475 2600 526 et
2630 472 2873 527 sudario
2905 473 3016 527 sub
3038 473 3375 530 diademate
3406 475 3585 530 facies
3605 477 3734 546 ejus

2075 562 2282 630 operta
2311 565 2402 614 est
2430 561 2506 614 2'.
2535 561 2843 632 Seeptrum
2873 577 3122 616 aureum
3149 567 3204 617 et
3227 564 3281 617 3'
3311 569 3547 619 scutum
3566 581 3733 620 aure-

2076 663 2200 714 um,
2232 647 2397 720 quod
2426 651 2537 703 Leo
2570 665 2730 721 papa
2760 656 3228 718 consecraverat,
3259 657 3394 707 ante
3438 669 3575 708 eum
3631 670 3733 726 po-

2076 736 2185 791 sita
2213 738 2291 805 1t",
2324 741 2381 792 et
2410 739 2463 792 5·
2497 738 2819 808 sigillatum
2844 744 2931 794 est
2953 739 3337 811 sepulchrum
3358 742 3408 811 ej
3421 758 3488 795 us
3521 743 3588 796 ³⁸.
3623 746 3731 798 Ne-

2076 841 2176 879 mo
2203 825 2416 880 referre
2449 831 2641 898 potest
2670 832 2934 898 quantus
2965 843 3073 900 pro
3095 845 3165 884 eo
3195 828 3388 884 luctus
3419 830 3592 886 fuerit
3629 848 3734 902 per

2071 913 2411 968 universam
2445 919 2658 970 terram
2686 934 2698 981 ;
2733 932 2876 971 nam
2904 922 2959 971 et
2982 933 3017 971 a
3048 918 3306 988 paganis
3337 918 3736 989 plangebatur

2070 1003 2244 1074 quasi
2273 1007 2442 1075 pater
2471 1004 2632 1059 orbis
2660 1004 2897 1060 6'.0biit
2925 1022 3064 1060 vero
3094 1006 3154 1060 in
3176 1012 3574 1079 pace.unctus
3600 1008 3731 1063 oleo

2072 1097 2279 1146 sancto
2328 1096 2383 1146 et
2438 1091 2651 1148 viatico
2699 1093 2986 1160 munitus,
3029 1110 3191 1149 anno
3239 1094 3732 1163 octingentesimo

2070 1183 2284 1251 quarto
2313 1180 2548 1235 decimo
2575 1197 2735 1236 anno
2766 1182 3194 1237 incarnationis
3241 1183 3496 1252 Domini,
3529 1188 3586 1238 et
3643 1201 3728 1239 re-

2071 1268 2274 1338 gnavit
2302 1269 2820 1338 gloriosisissimus
2871 1271 3205 1326 Ludovicus
3235 1272 3392 1328 filius
3436 1273 3566 1343 ejus
3620 1289 3731 1346 pro

2070 1374 2162 1426 eo,
2195 1364 2482 1428 regnante
2507 1359 2756 1414 domino
2789 1364 2996 1414 nostro
3024 1363 3161 1415 Jesu
3192 1361 3443 1430 Christo,
3494 1362 3589 1417 cui
3645 1367 3730 1418 est

2075 1446 2263 1515 gloria
2287 1447 2348 1502 in
2372 1447 2600 1521 saecula
2621 1435 3222 1528 sectiloriniigagnen.

1509 1592 1850 1679 LIBER
1926 1553 2542 1681 TERTIUS

373 1746 424 1796 1.
444 1740 624 1810 igitur
639 1745 964 1814 postquam
983 1742 1519 1799 Christianissimus
1537 1743 1835 1832 gloriosus
1857 1743 1956 1832 ip}-

2087 1804 2096 1818 .
2145 1748 2175 1808 ἐκ
2522 1707 3347 1832 81⁸8.)
3405 1752 3545 1819 POSt
3592 1765 3730 1821 Pas‘

293 1834 539 1903 perator
563 1830 812 1886 Carolus
843 1835 1117 1886 mortuus
1147 1833 1628 1901 est,nunciatum
1649 1837 1740 1887 est
1771 1817 1959 1903 L'udé-

297 1919 440 1975 vico
467 1919 582 1974 tilio
603 1919 737 1989 ejus
760 1920 820 1974 in
851 1921 1190 1992 Aquitania,
1217 1928 1350 1990 etc.,
1385 1929 1449 1976 ut
1479 1923 1641 1977 Ann.
1675 1909 1864 1978 Laur:
1926 1906 1940 1924 ⁶

375 2013 428 2063 2.
458 2009 636 2078 (Ann.
670 2010 858 2064 Laur.
893 2025 948 2064 a.
985 2011 1134 2073 816.)
1169 2053 1180 2065 .
1220 2053 1231 2064 .
1265 2053 1277 2065 .
1315 2010 1419 2066 Ubi
1451 2010 1657 2066 habito
1684 2010 1956 2077 concilio,

293 2096 358 2154 id
381 2103 468 2152 est
495 2097 819 2153 indictione
845 2097 1098 2166 decima,
1131 2115 1292 2154 anno
1339 2099 1572 2171 imperii
1626 2099 1720 2154 sui
1767 2099 1956 2165 tertio,

290 2187 377 2243 ab
405 2186 817 2242 incarnatione
849 2187 1084 2242 Domini
1113 2192 1237 2253 816,
1278 2189 1458 2259 jussit
1509 2189 1636 2244 fieri
1686 2188 1957 2258 regulam

297 2275 611 2332 canonicis
637 2281 976 2349 excerptam
997 2277 1071 2332 de
1092 2277 1339 2332 diversis
1355 2281 1596 2333 Patrum
1628 2277 1957 2350 scripturis,

296 2364 687 2436 decrevitque
746 2380 881 2420 eam
929 2364 1371 2421 observandam
1426 2383 1462 2421 a
1515 2366 1839 2434 canonicis,
1895 2370 1960 2421 ut

292 2455 447 2510 sicut
471 2453 756 2509 monachi
777 2454 1100 2526 respiciunt
1121 2455 1195 2510 ad
1228 2454 1449 2510 librum
1498 2455 1718 2525 regulae
1771 2455 1955 2510 sancti

293 2543 617 2614 Benedicti,
646 2543 727 2598 sic
758 2543 1069 2616 perlegant
1097 2544 1370 2600 canonici
1413 2545 1565 2600 inter
1623 2561 1684 2600 se
1735 2544 1957 2600 librum

295 2633 432 2687 vitae
466 2631 838 2687 clericorum.
893 2633 1078 2698 Quem
1136 2632 1358 2687 librum
1384 2633 1714 2688 Amalerius
1759 2633 1958 2688 diaco-

291 2737 410 2776 nus
437 2721 515 2776 ab
538 2721 897 2792 imperatore
916 2722 1121 2791 jussus
1139 2721 1372 2791 collegit
1390 2737 1462 2776 ex
1483 2722 1733 2776 diversis
1757 2721 1958 2777 docto-

291 2825 432 2864 rum
452 2809 787 2864 sentenciis.
809 2809 974 2865 Dedit
997 2810 1050 2864 ei
1066 2810 1389 2882 imperator
1409 2811 1647 2883 copiam
1668 2810 1957 2866 librorum

297 2898 375 2953 de
403 2897 622 2970 palatio
648 2914 780 2964 suo,
809 2903 873 2954 ut
899 2915 970 2954 ex
996 2898 1142 2970 ipsis
1176 2915 1246 2954 ea
1271 2915 1405 2972 quae
1439 2900 1776 2955 viderentur
1815 2916 1956 2955 con-

296 3004 450 3058 grua
482 2993 840 3061 excerperet,
882 2993 938 3044 et
961 2988 1042 3044 ita
1069 3004 1206 3043 eum
1256 2987 1507 3044 decretis
1537 2988 1958 3062 episcoporum

295 3078 401 3150 qui
427 3077 511 3132 ibi
541 3077 783 3134 fuerunt
801 3078 921 3133 vita
952 3077 1304 3134 clericorum
1350 3077 1632 3134 roborata
1661 3083 1767 3133 est.
1804 3078 1954 3134 Scri-
1986 3101 2025 3154 ρ

291 3167 410 3238 psit
439 3166 634 3221 eidem
676 3165 1022 3238 imperatori
1075 3165 1454 3238 supradictus
1507 3165 1839 3221 Amalerius
1882 3166 1951 3221 li-

289 3255 471 3310 brum
500 3255 575 3310 de
605 3253 815 3310 ofﬁciis
837 3254 1050 3310 divinis
1079 3259 1136 3310 et
1155 3255 1230 3310 de
1258 3254 1639 3310 varietatibus
1666 3271 1875 3310 eorum
1897 3260 1955 3311 et

287 3343 362 3399 de
388 3342 601 3398 ordine
637 3343 1010 3415 psalmorum
1035 3343 1208 3414 juxta
1234 3343 1584 3399 clericorum
1600 3358 1782 3400 usum
1799 3344 1952 3400 anti-

357 3525 412 3576 3.
452 3520 543 3590 (A.
579 3522 646 3575 L.
677 3536 733 3576 a.
767 3524 919 3587 817.)
963 3564 976 3576 .
1023 3563 1035 3576 .
1082 3564 1094 3576 .
1139 3520 1421 3576 sinodum
1458 3521 1643 3594 Aquis
1670 3537 1838 3577 more
1863 3537 1952 3576 so-

285 3611 390 3666 lito
412 3609 644 3665 habuit.
676 3609 783 3667 Ubi
813 3612 920 3681 (19)
953 3610 1205 3666 abbates
1234 3609 1402 3680 regni
1447 3609 1538 3666 sui
1576 3611 1950 3678 convocavit,

285 3705 343 3755 et
382 3703 449 3753 ut
474 3698 745 3770 regulam
769 3698 1064 3754 Benedicti
1089 3699 1482 3754 observarent
1507 3699 1842 3754 ammonuit
1897 3701 1954 3753 et

287 3788 567 3845 abbatias
593 3803 803 3843 omnes
829 3787 890 3842 in
931 3804 1041 3843 sua
1064 3803 1253 3843 manu
1280 3787 1602 3857 revocavit,
1660 3793 1724 3843 ut
1772 3802 1951 3842 nemo

290 3878 583 3933 comitum
609 3877 702 3932 vel
729 3876 1153 3950 episcoporum
1183 3892 1289 3932 eas
1343 3875 1674 3949 inquietare
1730 3876 1954 3949 potuis-

292 3972 411 4035 set,
442 3971 498 4021 et
520 3966 784 4034 abbates,
815 3967 967 4022 inter
1017 3983 1077 4022 se
1107 3965 1392 4040 quaedam
1441 3966 1704 4039 capitula
1747 3966 1952 4022 decer-

289 4058 526 4123 nentes,
565 4054 862 4127 descripta
888 4055 1288 4112 recitaverunt
1318 4069 1524 4112 coram
1571 4055 1952 4128 imperatore,

284 4161 425 4219 quae
451 4144 582 4217 ipse
611 4161 800 4201 manu
847 4145 1095 4218 propria
1148 4144 1457 4201 roboravit
1487 4161 1626 4200 cum
1657 4145 1953 4218 episcopis

285 4234 668 4307 quiaderant
709 4276 721 4288 .
769 4276 782 4288 .
829 4277 841 4288 .
889 4276 900 4288 .

2069 1816 2459 1906 chajudijcah
2499 1816 3094 1906 su1it‘Coi1jui'atores
3117 1837 3163 1869 ³⁸
3213 1853 3350 1890 cum
3410 1851 3549 1904 rege
3599 1840 3730 1892 Ber-

2068 1923 2260 1979 nardo
2287 1923 2598 1995 capitalem
2654 1924 3011 1980 sententiam
3067 1924 3288 1980 subire.
3339 1927 3456 1980 Rex
3491 1927 3729 1981 Bernar-

2069 2012 2181 2067 dus
2212 2011 2778 2083 cumimpeteretur,
2831 2016 2894 2066 ut
2946 2011 3133 2067 oculis
3183 2012 3537 2084 privaretur,
3587 2029 3728 2068 ense

2069 2101 2267 2156 stricto
2298 2117 2358 2156 se
2389 2101 2738 2167 defendens,
2767 2101 3036 2172 quinque
3091 2104 3455 2156 Francorum
3488 2101 3727 2156 fortissi-

2067 2206 2200 2245 mos
2229 2189 2444 2245 occidit
2473 2194 2529 2244 et
2551 2190 2677 2262 ipse
2710 2189 3058 2244 vulneribus
3089 2189 3401 2245 confossus
3456 2194 3727 2245 mortuus

2068 2284 2172 2334 est.
2205 2278 2313 2334 Alii
2342 2285 2544 2334 autem
2573 2279 2842 2334 exorbati
2874 2280 3112 2334 fuerunt
3153 2321 3164 2332 .
3212 2321 3223 2334 .
3270 2321 3282 2333 .
3328 2321 3340 2333 .

2139 2373 2190 2422 5.
2223 2368 2319 2438 (A.
2353 2369 2421 2421 L.
2456 2368 2659 2438 a8l9.)
2703 2409 2714 2420 .
2762 2410 2772 2422 .
2821 2409 2832 2420 .
2877 2366 3221 2438 Imperatori
3245 2365 3357 2438 ipsi
3378 2366 3639 2438 porrexit
3661 2365 3726 2420 1i-

2065 2457 2244 2511 brum
2275 2455 2446 2511 valde
2476 2455 2812 2511 mirabilem
2842 2455 2915 2510 de
2947 2455 3244 2524 theologia
3275 2460 3497 2510 sanctae
3529 2455 3723 2510 crucis

2068 2545 2354 2601 Rabanus
2384 2544 2769 2614 Magnentius,
2801 2544 3139 2599 monachus
3167 2543 3568 2613 doctissimus,
3599 2559 3725 2599 ma-

2069 2635 2248 2704 gister
2275 2633 2525 2688 Alcuini.
2560 2633 2718 2688 Beda
2745 2633 2902 2688 enim
2959 2632 3164 2687 docuit
3223 2617 3614 2703 Simplicium,
3669 2637 3726 2688 et

2071 2723 2410 2796 Simplicius
2431 2721 2880 2793 Rabanum,qui
2910 2737 2945 2776 a
2974 2720 3388 2775 transmarinis
3405 2721 3524 2775 oris
3554 2737 3590 2775 a
3615 2721 3722 2775 do-

2067 2814 2233 2870 mino
2259 2812 2617 2884 imperatore
2648 2810 2863 2866 Karolo
2885 2815 3202 2882 susceptus
3235 2814 3344 2879 est,
3378 2814 3433 2865 et
3458 2809 3725 2881 pontifex

2067 2904 2128 2959 in
2182 2901 2428 2958 Francia
2493 2900 2704 2969 factus,
2760 2899 3075 2954 Alcuinum
3121 2899 3406 2967 docuit,et
3441 2897 3724 2953 Alcuinus

2071 2991 2471 3060 Smaragdum
2528 2988 2762 3055 imbuit,
2852 2987 3217 3058 Smaragdus
3278 2991 3478 3043 autem
3523 2986 3726 3042 docuit

2067 3079 2463 3137 Theodulfum
2549 3077 3060 3143 Aurelianensem,
3123 3076 3488 3134 Theodulfus
3582 3092 3722 3131 vero

2064 3170 2288 3225 Heliam
2320 3168 2697 3236 Seotigenam
2722 3167 3235 3236 Engolismensem
3267 3168 3314 3202 3°
3341 3166 3717 3238 episcopum,

2063 3259 2254 3315 Helias
2296 3263 2497 3313 autem
2548 3255 2862 3321 Heiricum,
2910 3255 3188 3311 .Heiricus
3252 3255 3585 3324 Remigium
3665 3258 3722 3308 et

2065 3346 2397 3403 Uebaldum
2415 3345 2663 3403 Calvum
2684 3345 3019 3400 monachos
3048 3341 3298 3398 heredes
3320 3341 3719 3414 philosophiae

2060 3436 2316 3509 reliquit.

2134 3526 2376 3577 6—10.

2139 3615 2222 3665 11.
2255 3611 2346 3681 (Α.
2379 3612 2448 3666 L.
2495 3626 2552 3667 a.
2584 3611 2730 3680 826.)
2777 3652 2789 3664 .
2835 3652 2848 3664 .
2895 3651 2906 3662 .
2951 3608 3242 3664 Eroldus.
3291 3651 3303 3663 .
3350 3651 3362 3662 .
3408 3650 3419 3662 .
3462 3605 3720 3680 baptiza-

2063 3703 2157 3754 tus
2187 3704 2293 3766 est,
2313 3699 2539 3771 fuitque
2561 3697 2781 3753 ﬁliolus
2812 3697 3191 3770 imperatoris
3212 3696 3288 3752 de
3307 3695 3571 3752 fontibus
3605 3737 3617 3750 .
3653 3737 3665 3749 .
3703 3737 3716 3749 .

2060 3787 2224 3842 dedit
2244 3786 2296 3841 ei
2312 3786 2634 3859 imperator
2654 3786 2716 3841 in
2732 3785 2983 3841 ﬁliolatu
3013 3801 3203 3840 unum
3225 3784 3576 3840 comitatum
3606 3825 3618 3838 .
3652 3825 3664 3838 .
3703 3824 3715 3837 .

2137 3881 2201 3931 12
2233 3909 2300 3916 —
2345 3881 2427 3930 15.

2139 3969 2221 4022 16.
2253 3966 2300 3999 ⁴⁰
2329 3969 2501 4020 Anno
2529 3965 2637 4035 (20)
2672 3962 2942 4036 sequenti
2975 3963 3116 4034 (830)
3169 3961 3496 4017 Normanni
3521 3962 3576 4015 7'
3609 3963 3717 4015 He-

2060 4055 2149 4111 rio
2179 4053 2444 4110 insulam
2472 4052 2800 4108 incendunt
2825 4067 3031 4106 mense
3071 4050 3264 4117 Junio,
3325 4054 3381 4105 et
3436 4049 3718 4105 destituta

2061 4147 2149 4200 est
2177 4160 2213 4200 a
2251 4141 2512 4213 generali
2534 4141 2975 4196 monachorum
3022 4138 3431 4206 habitatione;
3462 4137 3545 4193 ibi
3572 4137 3718 4194 fece-

2061 4237 2155 4289 rat
2183 4231 2467 4287 dominus
2493 4231 2821 4303 imperator
2847 4228 3098 4285 Karolus
3128 4228 3564 4285 monasterium
3585 4243 3717 4283 san-

290 4385 448 4453 t'th,
479 4384 684 4439 multis
703 4385 775 4456 in
798 4401 946 4441 auro
974 4389 1027 4440 2.
1105 4385 1162 4441 2'
1185 4383 1452 4456 Cilicium
1487 4384 1565 4440 ad
1599 4400 1844 4441 carnem
1893 4385 2024 4456 ejus
2052 4383 2320 4452 positum
2368 4386 2474 4456 est,
2516 4381 2683 4454 quod
2722 4383 3212 4456 secreto_semper
3239 4379 3637 4456 induebatur,
3662 4381 3721 4433 et

360 4429 544 4528 super
571 4455 934 4532 vestimentis
977 4455 1409 4532 imperialibus,
1454 4472 1599 4532 pera
1657 4423 2272 4532 peregrinJalisVaurea
2301 4423 2563 4532 posit’unii
2592 4457 2704 4532 est,
2730 4468 2916 4532 quam
2946 4423 3209 4532 Romam
3221 4455 3458 4532 portare
3511 4423 3716 4505 solitus

360 4523 488 4604 erat
512 4527 653 4582 add.
674 4531 738 4604 _2.
817 4523 1113 4604 3:et_s.‘a.
1145 4529 1360 4604 desunt
1389 4523 1476 4604 2.“
1520 4529 1576 4582 4·
1603 4523 1678 4604 p_.'
1694 4523 1832 4583 sunt
1861 4527 2224 4604 deponentia
2253 4523 2322 4581 2f
2385 4525 2440 4579 5'
2470 4529 2530 4580 at
2559 4523 2839 4604 clausum.
2860 4527 2916 4578 et
2943 4539 2989 4576 s.
3021 4525 3074 4576 2.
3123 4523 3528 4604 ‘6'"Maximus
3578 4535 3716 4604 vero

361 4599 640 4674 planctus
671 4597 821 4674 inter
848 4598 1209 4674 Christianos
1233 4597 1362 4674 fuit,
1391 4603 1448 4653 et
1474 4593 1773 4674 praecipue
1802 4593 2291 4674 peruniversum
2321 4612 2575 4666 regnum
2598 4595 2746 4674 ej‘us.
2778 4593 2918 4674 Oleo
2970 4596 3176 4674 sancto
3208 4597 3410 4648 autem
3436 4593 3716 4674 intinctus

362 4662 440 4743 ab
471 4669 786 4741 episcopis,
811 4672 867 4723 et
894 4669 1111 4743 viatico
1143 4662 1408 4743 sumpto,
1439 4662 1496 4724 et
1525 4662 1969 4743 omnibus‘suis
1994 4668 2315 4743 dispositis,
2348 4662 2782 4743 commendans
2809 4667 2928 4720 Deo
2956 4663 3228 4743 spiritum
3242 4680 3456 4743 suum,
3483 4662 3627 4717 obiit
3654 4662 3714 4743 in

362 4741 423 4795 in
452 4729 602 4816 pace
630 4729 791 4795 anno
815 4743 940 4810 814,
973 4740 1051 4796 ab
1082 4729 1495 4816 incarnatione
1522 4741 1758 4796 Domini
1787 4740 1974 4796 nostri
1997 4729 2137 4816 lesii
2168 4729 2398 4816 Christi,
2430 4737 2534 4816 qui
2553 4737 2695 4816 vivit
2723 4740 2789 4816 et
2808 4729 3020 4816 regnat
3045 4734 3208 4790 solus
3239 4737 3398 4816 Dneus.
3422 4733 3482 4787 in
3515 4729 3717 4816 secula

367 4801 704 4884 seculorum
735 4801 1007 4884 amen:_2.
1086 4812 1142 4866 7'
1175 4811 1505 4884 Normanni
1530 4827 1692 4867 anno
1743 4812 2034 4884 sequenti,
2093 4827 2232 4867 cum
2259 4801 2533 4866 timerent
2575 4801 2905 4865 Saxoniani
2930 4807 3168 4873 intrare,
3198 4803 3433 4860 reﬂexis
3459 4801 3715 4856 navibus

368 4882 445 4938 ad
476 4898 640 4938 mare
669 4881 1090 4954 Aquitanicum
1121 4897 1261 4954 app.
1296 4885 1352 4937 et
1376 4881 1550 4938 Herio
1575 4887 1627 4938 2.

1667 4983 1898 5036 VARUS
1939 4979 2339 5036 LECTIONES.

366 5078 414 5153 ξι
443 5078 705 5149 positum
726 5094 883 5153 corr.
915 5078 1147 5153 positus
1177 5083 1197 5132 1
1235 5079 1264 5153 ‘_?
1338 5079 1386 5113 ³⁵
1423 5094 1641 5153 musgo
1678 5084 1724 5134 1.
1804 5080 1864 5153 θέε-
1882 5079 1966 5134 eis
2008 5083 2081 5134 l.-
2134 5080 2180 5113 37
2208 5077 2585 5153 ἄθρει-γρὺψ
2625 5081 2673 5132 1.
2706 5071 3137 5153 Libri-initium
3168 5070 3361 5153 omisit
3404 5073 3457 5124 2.
3489 5069 3717 5153 Distin-

286 5139 545 5204 ction'em
580 5151 773 5219 recepi
803 5165 878 5206 ex
906 5139 956 5206 3.
1036 5150 1084 5184 ³⁸
1115 5150 1430 5220 conjurato
1465 5155 1511 5205 1.
1565 5139 1637 5185 ν³⁹
1670 5150 2184 5220 engolismensam
2209 5153 2258 5204 1.
2337 5149 2385 5182 ⁴⁰
2416 5149 2696 5218 Cupitum
2721 5145 3069 5202 divisionem
3098 5140 3335 5196 institui
3353 5141 3587 5210 partim
3620 5139 3711 5194 3b.

288 5224 379 5274 3c.
406 5225 664 5276 secutus.

1902 5320 2123 5375 NOTAE.

365 5417 479 5487 (18)
510 5416 595 5471 Ita
621 5415 804 5472 etiam
835 5431 888 5471 a.
923 5420 1026 5472 809
1057 5415 1259 5472 scribit
1291 5435 1303 5472 :
1337 5415 1509 5472 Missi
1533 5431 1669 5473 vero
1693 5432 1872 5486 papae
1901 5422 1956 5472 et

289 5488 675 5555 imperatoris
702 5487 776 5543 de
815 5488 1082 5543 Irtandis
1129 5493 1486 5544 revertentes
1515 5520 1583 5528 ——
1613 5503 1650 5543 a
1698 5489 1954 5559 quodam

291 5559 726 5629 regisrlrlandi
755 5559 1008 5615 homine.

367 5628 482 5701 (19)
513 5631 575 5684 ν.
607 5632 760 5686 Mon.
795 5631 971 5701 Legg.
996 5629 1041 5686 Ι.
1093 5633 1218 5685 201.
1267 5630 1708 5689 Canonicorum
1749 5628 1957 5699 regula

2065 5419 2123 5471 et
2142 5413 2428 5470 Amalarii
2452 5411 2586 5468 libri
2615 5409 2897 5464 omnibus
2922 5413 3066 5465 nota
3091 5412 3247 5464 sunt.

2135 5488 2247 5558 (20)
2279 5487 2456 5540 Anno
2532 5482 2898 5539 habitatione
2925 5496 2998 5536 ex
3026 5485 3176 5536 Ann.
3210 5478 3405 5551 Aquit.
3455 5480 3606 5534 Mon.
3645 5475 3710 5529 ll.

2063 5573 2123 5630 p.
2152 5562 2276 5614 252.
