4048 6178
193 175 250 229 41
1253 169 1727 228 HISTORIARUM
1766 168 1942 224 LIBRI
1992 165 2187 221 TRES.
2229 195 2298 206 —
2337 165 2466 221 LIB.
2507 167 2600 221 III.
3578 175 3648 228 42

190 297 426 353 functus
458 298 550 351 est
576 295 681 364 (an
736 295 882 361 930),
913 295 971 348 et
1025 290 1266 348 Pictavis
1309 293 1485 364 juxta
1532 293 1850 350 basilicam
1889 297 1934 349 Α
1962 304 2114 358 mes,
2149 286 2301 344 sicut
2325 287 2681 345 Ramnulfus
2710 289 2903 346 fuerat
2936 287 3317 359 Vulgrimno.
3355 290 3458 348 Hic
3488 293 3658 349 deni-

193 384 615 443 sancti'llilarii
646 387 700 438 4.
761 386 906 438 Non.
943 380 1156 453 Aprilis
1202 381 1494 454 sepultus.
1538 382 1866 438 Willelmus

192 490 433 548 quoque
463 474 594 529 dux
623 469 900 528 Arvernis
935 473 1211 526 mortuus
1233 474 1320 526 est
1347 471 1477 543 (69),
1498 472 1602 542 (an
1629 475 1778 544 919),
1813 475 1867 528 et

193 564 346 620 ﬁlius
369 561 653 619 Rannulﬁ
682 559 859 616 EbIUS
919 561 972 614 1'
1013 558 1283 615 Arvernis
1321 563 1380 616 et
1403 559 1656 616 Pictavis
1685 561 1866 618 simul

195 669 390 709 comes
439 655 760 724 promotus
807 652 894 704 est
942 649 1023 704 2'.
1071 651 1509 721 Acceptamque
1556 648 1619 705 in
1651 651 1864 722 conju-

194 742 355 811 gium
397 739 656 797 Adelam
687 738 813 812 (70),
841 735 1039 793 ﬁliam
1088 735 1224 792 Rosi
1254 737 1736 809 Rotomagensis,
1770 755 1867 810 ge-

194 829 320 885 nuit
347 846 420 886 ex
453 845 528 885 ea
578 826 928 884 Willelmum
970 827 1396 898 Caput-stupee.
1443 829 1578 883 Post
1605 832 1864 884 mortem

196 917 497 990 siquidem
526 913 846 988 Vulgrimni
882 913 1047 970 ﬁlius
1073 913 1202 984 ejus
1231 913 1522 972 Alduinus
1570 921 1640 972 30
1669 933 1864 974 annos

193 1004 464 1060 vixit.Hic
482 1021 542 1060 m
553 1021 687 1060 uros
698 1002 938 1060 civitatis
961 1001 1320 1072 Engolismce
1334 1008 1670 1061 restaurare
1688 1006 1861 1079 cepit.

203 1095 333 1158 Quo
355 1097 628 1166 tempore
677 1093 772 1161 (an
799 1090 920 1162 916)
967 1090 1310 1147 Gumbaldo
1341 1094 1397 1148 3'
1444 1094 1864 1165 pontiﬁcatum

195 1186 435 1252 agente,
491 1185 812 1254 repetentes
838 1179 1172 1236 Normanni
1223 1180 1466 1237 crebras
1496 1181 1863 1256 irruptiones

197 1270 246 1304 ⁸³
277 1284 384 1340 per
433 1268 799 1324 Pictavorum
843 1267 1131 1323 terminos
1182 1268 1241 1323 4‘
1283 1269 1663 1327 exercebant.
1702 1271 1866 1328 Unde

199 1357 425 1413 factum
458 1360 568 1424 est,
591 1361 658 1412 ut
681 1355 955 1412 monachi
981 1356 1176 1412 sancti
1197 1358 1426 1415 Carroﬁ
1451 1361 1506 1415 5'
1529 1360 1868 1433 pretiosum

196 1444 431 1515 lignum
458 1443 652 1500 crucis
681 1443 758 1499 ad
785 1443 1244 1501 custodiendum
1280 1445 1644 1518 Engolismae
1675 1447 1868 1504 defer-

197 1539 326 1592 rent
373 1551 514 1590 cum
566 1534 818 1590 diversis
857 1535 1224 1591 ornamentis
1286 1537 1574 1594 ecclesiae.
1633 1542 1699 1594 Et
1748 1555 1873 1595 ces-

198 1628 363 1680 sante
390 1623 775 1680 infestatione
813 1623 1228 1692 Normannica,
1286 1625 1587 1682 Alduinus
1632 1628 1696 1682 in
1736 1627 1874 1683 civi-

199 1720 310 1772 tate
339 1731 451 1771 sua
478 1715 732 1771 retinere
757 1713 1054 1786 temptavit
1084 1716 1384 1773 omnibus
1409 1716 1628 1773 diebus
1663 1734 1872 1791 supra-

197 1805 423 1862 dictum
455 1809 737 1860 sanctum
757 1803 998 1875 lignum,
1028 1803 1246 1860 nolens
1278 1805 1531 1862 reddere
1559 1823 1871 1862 commen-

199 1895 429 1952 datum.
462 1898 575 1950 Hac
605 1893 684 1950 de
711 1911 891 1950 causa
918 1895 970 1949 6'
992 1893 1164 1965 jussit
1193 1895 1508 1952 adornare
1547 1895 1872 1952 ecclesiam

205 1983 520 2042 Salvatoris
576 1982 724 2039 foris
769 1999 970 2038 muros
1014 1982 1071 2038 in
1100 1983 1328 2057 capitae
1372 1984 1636 2040 basilicae
1681 1985 1872 2040 sancti

203 2074 486 2147 Eparchii,
549 2073 654 2128 ubi
686 2077 960 2130 sanctum
1005 2073 1248 2144 lignum
1301 2075 1620 2146 deputaret
1649 2077 1725 2130 7*.
1761 2076 1873 2130 Per

195 2179 386 2220 annos
415 2179 558 2220 vero
589 2166 825 2236 septem
851 2162 1085 2233 langore
1137 2164 1419 2236 corporis
1459 2163 1749 2219 multatus
1782 2169 1874 2220 est

189 2253 338 2326 ipse,
367 2257 426 2309 et
448 2253 511 2308 in
562 2252 797 2326 p0pulo
850 2252 976 2322 ejus
1000 2251 1078 2308 ita
1106 2251 1310 2307 fames
1341 2251 1872 2309 vehementissima

191 2347 464 2414 grassata
490 2345 598 2409 est,
626 2346 715 2411 ut,
745 2340 912 2413 quod
964 2345 1212 2398 actenus
1264 2340 1708 2414 incompertum
1740 2340 1871 2412 fuit,

190 2432 264 2489 de
294 2431 476 2503 vulgo
526 2447 690 2486 unus
723 2429 975 2486 alterum
1012 2429 1088 2486 ad
1124 2429 1560 2498 devorandum
1605 2429 1879 2502 exquire-

192 2526 297 2591 ret,
329 2524 388 2577 et
417 2519 592 2576 multi
622 2519 776 2575 alios
806 2519 960 2575 ferro
985 2517 1370 2591 p'erimentes,
1391 2517 1679 2574 carnibus
1705 2534 1875 2575 more

190 2611 475 2684 luporum
492 2608 789 2665 humanis
808 2608 1448 2674 vescerentur.Quibus
1471 2612 1642 2664 actus
1672 2607 1875 2664 Aldui-

191 2716 307 2755 nus
353 2697 836 2769 necessitatibus,
895 2713 1016 2753 uno
1045 2702 1182 2753 ante
1212 2702 1471 2753 mortem
1499 2712 1674 2753 suam
1705 2712 1873 2753 anno

191 2788 423 2845 remisit
451 2787 700 2865 Garrofo
728 2787 1063 2860 pretiosum
1112 2786 1345 2856 lignum
1387 2802 1495 2858 per
1521 2802 1741 2842 manus
1766 2785 1874 2842 ﬁlii

191 2877 290 2934 sui
325 2877 596 2933 Willelmi
622 2879 1026 2947 cognomento
1060 2874 1656 2946 Sectoris-ferri,cum
1685 2890 1875 2947 capsa

191 2982 398 3034 aurea,
429 2982 621 3038 quam
675 2964 804 3038 ipse
837 2980 979 3019 cum
1033 2961 1290 3033 gemmis
1325 2962 1588 3019 construi
1616 2962 1875 3034 impera-

190 3060 373 3124 verat,
406 3054 510 3110 ubi
541 3053 794 3110 contulit
837 3051 1155 3108 Lubeliaco
1205 3051 1409 3106 villam
1436 3071 1448 3118 ;
1481 3057 1538 3107 et
1575 3067 1719 3107 mox
1748 3067 1875 3107 ces-

194 3145 340 3200 savit
384 3143 604 3218 plaga;
668 3147 727 3200 et
782 3143 912 3214 ipse
962 3143 1100 3212 post
1139 3155 1368 3195 annum
1416 3139 1789 3195 defunctus6
1825 3142 1874 3176 ει

197 3234 323 3291 Kal.
351 3233 535 3307 April.
563 3233 743 3306 juxta
771 3234 1010 3304 patrem
1036 3228 1366 3284 tumulatus
1397 3233 1503 3285 est.
1538 3231 1673 3284 Post
1703 3229 1878 3300 cujus

201 3328 449 3380 mortem
481 3321 756 3379 secundo
783 3334 948 3375 anno
969 3319 1115 3390 (918)
1141 3317 1322 3374 occisi
1339 3321 1478 3373 sunt
1508 3333 1544 3372 a
1575 3317 1878 3374 Bernardo

200 3412 258 3468 in
285 3412 577 3468 ultionem
604 3395 610 3398 ”
638 3408 860 3468 Santiee
915 3405 1141 3464 sororis
1198 3422 1336 3474 suae,
1387 3421 1576 3479 quam
1606 3405 1879 3463 occidere

195 3501 393 3557 conati
424 3504 587 3566 sunt.
627 3498 963 3556 Lanbertus
995 3496 1106 3566 (71)
1129 3495 1464 3551 vicecomes
1494 3493 1879 3552 Martiliacen-

197 3589 279 3646 sis
308 3594 367 3646 et
391 3588 694 3646 Arualdus
744 3587 927 3644 frater
951 3586 1102 3656 ejus.
1165 3583 1486 3640 Willelmus
1519 3587 1720 3639 autem
1749 3585 1882 3641 Sec-

1973 393 2092 451 que
2122 377 2476 446 Bernardus,
2529 381 2768 435 mortuo
2814 384 2983 452 patre
3037 395 3149 434 suo
3192 377 3510 450 Willelmo,
3557 382 3663 455 qui

1973 466 2083 523 fuit
2110 467 2289 523 frater
2317 466 2557 523 Alduini
2597 483 2672 524 ex
2723 466 3096 537 Vulgrimno,
3131 483 3344 524 comes
3380 473 3662 541 Petrago-

1974 555 2222 614 ricensis
2271 555 2520 612 eﬁ‘ectus
2566 561 2673 614 est.
2722 555 3049 612 Willelmus
3098 573 3250 613 vero
3299 559 3666 616 Seetor-ferri

1973 644 2330 716 Engolismee
2373 645 2782 720 principatum
2825 644 3103 713 obtinuit,
3159 650 3220 702 et
3267 663 3662 704 communem

1972 735 2320 792 habuerunt
2349 739 2546 792 totum
2589 737 2882 792 honorem
2927 750 3143 790 eorum
3176 735 3308 808 ipse
3329 742 3388 794 et
3422 742 3666 796 Bernar-

1972 825 2088 880 dus
2111 824 2604 895 consanguineus
2617 825 2768 897 ejus.
2792 825 3178 881 Adhemarus
3212 831 3414 883 tamen
3446 844 3662 902 supra-

1972 914 2188 982 dictus,
2217 913 2324 986 qui
2355 930 2626 971 sororem
2658 913 2938 970 Bel-nardi
2971 914 3249 971 Santiam
3281 932 3534 972 uxorem
3563 919 3668 972 ha-

1971 1002 2121 1072 buit,
2156 1003 2365 1058 decem
2399 1004 2505 1076 (72)
2540 1019 2733 1060 annos
2771 1002 3106 1076 supervixit
3146 1005 3427 1061 Alduino.
3466 1006 3669 1063 Santia

1973 1108 2112 1149 vero
2158 1091 2345 1148 vitam
2388 1092 2721 1149 terminans
2862 1095 3011 1148 Non.
3065 1093 3252 1165 April,
3283 1094 3538 1150 humata
3578 1099 3672 1151 est

1969 1182 2144 1254 juxta
2166 1181 2481 1238 basilicam
2505 1182 2667 1238 beati
2698 1181 2992 1254 Eparchii.

2047 1275 2136 1327 2-1.
2179 1273 2258 1326 Eo
2279 1275 2547 1345 tempore
2600 1272 2720 1343 (an.
2772 1273 2900 1341 940)
2935 1271 3298 1327 Gunbaldus
3345 1273 3672 1347 episcopus

1978 1359 2296 1428 decedens,
2354 1375 2763 1417 successorem
2819 1358 3038 1414 habuit
3085 1360 3459 1417 Fulcaldum.
3506 1366 3674 1420 Tunc

1979 1448 2303 1505 Willelmus
2336 1449 2722 1507 Sector-Ferri
2747 1453 2803 1504 et
2829 1449 3330 1520 consanguineus
3376 1451 3508 1522 ejus
3532 1456 3676 1508 Ber-

1980 1537 2227 1606 nardus,
2267 1539 2611 1609 'adgrcgato
2669 1539 2716 1572 ⁸⁵
2748 1542 3053 1593 conventu
3097 1538 3418 1610 nobilium,
3451 1539 3678 1598 iterum

1913 1641 1952 1694 Β
1979 1627 2366 1684 restituerunt
2392 1625 2798 1683 monasticum
2818 1624 3104 1682 habitum
3149 1628 3209 1683 in
3229 1627 3484 1684 basilica
3509 1630 3684 1687 beati

1983 1716 2279 1789 Eparchii,
2322 1715 2714 1789 praeﬁcientes
2757 1713 2958 1770 cidem
3008 1717 3382 1773 monasterio
3416 1718 3684 1776 Mainar-

1981 1805 2130 1860 dum
2159 1805 2463 1861 abbatem.
2499 1803 2609 1870 Qui
2661 1803 2721 1858 in
2751 1803 2946 1859 fronte
2997 1804 3260 1862 basilicae
3291 1806 3455 1863 beati
3487 1811 3684 1881 Epar-

1983 1895 2098 1950 chii
2125 1895 2457 1952 construxit
2503 1894 2745 1964 elegans
2775 1895 3113 1951 oratorium
3144 1896 3206 1951 in
3256 1897 3507 1953 nomine
3539 1915 3688 1956 san-

1984 1988 2091 2039 ctae
2140 1981 2603 2041 Resurrectionis
2652 1982 2726 2037 8'.
2778 1984 2945 2038 Tunc
2983 1983 3205 2040 domus
3255 1985 3592 2043 Willelmus
3627 1991 3688 2046 9"

1985 2089 2092 2146 per
2109 2078 2531 2130 testamentum
2561 2071 2853 2128 concessit
2879 2072 2961 2128 ad
2982 2075 3247 2130 eundem
3267 2074 3476 2131 locum
3513 2077 3687 2136 beati

1986 2163 2258 2236 Eparehii
2296 2163 2547 2229 donum,
2599 2159 2917 2216 ecclesiam
2975 2164 3165 2220 sancti
3199 2163 3403 2219 Hilarii
3441 2164 3503 2219 in
3576 2170 3683 2225 Pe-

1987 2251 2283 2322 tragorico
2313 2250 2488 2306 sitam
2537 2249 2598 2305 in
2624 2249 2846 2307 vicaria
2888 2250 3215 2308 Piliacense
3243 2254 3314 2324 εδ,
3351 2252 3682 2313 ecclesiam

1991 2345 2213 2395 sancta»
2248 2338 2523 2408 Eugcniee
2557 2338 2730 2395 sitam
2757 2338 2820 2394 in
2863 2340 3185 2398 Santonico
3217 2341 3278 2397 in
3313 2340 3540 2396 vicaria
3572 2346 3679 2400 Pe-

1989 2427 2560 2495 driacense,curtem
2588 2427 3055 2485 Fradorevillam
3079 2435 3136 2486 et
3160 2429 3367 2486 villam
3395 2428 3675 2501 Dairaco,

1987 2516 2198 2572 villam
2228 2515 2555 2582 Alviniaco,
2601 2516 2808 2573 villam
2857 2519 3343 2576 Romanorevilla
3375 2535 3514 2575 cum
3543 2520 3680 2594 ipsa

1989 2605 2263 2676 ecclesia,
2294 2621 2578 2661 mansum
2611 2621 2802 2661 unum
2847 2605 2909 2663 in
2943 2608 3304 2665 Godorvilla.
3349 2607 3521 2674 Quod
3565 2615 3678 2666 tes-

1986 2699 2325 2752 tamentum
2380 2695 2738 2751 conﬁrmare
2766 2695 2965 2766 jussit,
3001 2703 3057 2753 et
3116 2699 3513 2752 ﬁrmaverunt
3543 2714 3675 2754 ma-

1983 2785 2167 2840 nibus
2193 2783 2450 2856 propriis
2477 2799 2739 2857 quorum
2771 2786 3024 2842 nomina
3057 2787 3185 2842 haec
3220 2789 3400 2840 sunt:
3437 2786 3679 2843 Bernar-

1981 2873 2098 2930 dus
2152 2888 2375 2939 comes,
2431 2873 2730 2929 Arnaldns
2780 2872 2940 2930 ﬁlius
3002 2872 3308 2940 Bernardi,
3362 2871 3676 2931 Odolricus

1981 2963 2341 3029 vicecomes,
2398 2962 2780 3019 Adhemarus
2859 2964 3218 3029 vicecomes,
3266 2961 3565 3018 Arnaldus
3612 2964 3678 3019 ﬁ-

1981 3050 2098 3107 lius
2179 3049 2469 3118 Willelmi,
2554 3051 2932 3109 Adhemarus
2992 3052 3154 3108 ﬁlius
3220 3050 3488 3106 Willelmi
3564 3054 3670 3110 10‘.

1988 3143 2210 3199 Sancto
2239 3140 2496 3196 Marciali
2555 3141 2723 3196 dedit
2749 3142 3183 3199 nichilominus
3231 3141 3674 3199 Cantreciacen-

1989 3246 2121 3286 sem
2153 3227 2468 3285 ecclesiam
2522 3228 2584 3284 in
2639 3230 3106 3300 Engolismensi,
3164 3230 3501 3305 pariterque
3561 3236 3673 3290 Ma-

1987 3333 2190 3376 nauco
2219 3317 2532 3374 ecclesiam
2585 3318 2644 3374 in
2680 3319 3065 3375 Lemovicino
3096 3335 3231 3375 cum
3257 3321 3538 3377 omnibus
3568 3324 3670 3378 ad-

1983 3407 2262 3481 jacentiis
2291 3412 2346 3464 et
2376 3407 2592 3464 massis
2626 3409 2734 3464 11'.
2773 3409 2942 3465 lterio
2970 3408 3130 3464 ﬁdeli
3170 3426 3278 3465 suo
3314 3412 3400 3466 12‘
3425 3411 3500 3468 de
3528 3412 3668 3469 villa

1990 3495 2208 3555 Boensi
2233 3497 2397 3553 dedit
2423 3497 2633 3554 cellam
2667 3499 2713 3533 ⁸⁷
2749 3497 3141 3554 Fruinensem
3177 3501 3284 3555 13*.

2063 3591 2156 3643 25.
2194 3589 2423 3642 Interea
2452 3585 2734 3642 defuncto
2767 3585 2912 3642 Eblo
2938 3584 3091 3641 duce
3121 3586 3208 3642 Μ’
3234 3587 3663 3662 (an.935),ﬁlio-

200 3679 454 3736 tor-ferri
497 3680 798 3736 honorem
841 3689 1056 3731 eorum
1094 3671 1345 3729 restituit
1391 3670 1668 3729 Odolrico
1716 3670 1884 3728 fratri
1993 3692 2134 3731 rum
2160 3673 2290 3745 ejus
2341 3674 2487 3731 alter
2521 3691 2742 3743 comes,
2786 3674 2933 3730 alter
2985 3674 3302 3748 episcopus
3332 3678 3522 3734 factus
3553 3684 3658 3735 est.

195 3785 433 3842 eorum,
459 3769 566 3842 qui
585 3767 786 3824 minor
845 3768 995 3821 natu
1024 3766 1171 3830 erat,
1231 3762 1461 3835 fuitque
1510 3761 1624 3818 sibi
1659 3760 1884 3819 viceco-

1996 3763 2180 3819 Eblus
2206 3762 2388 3831 enim,
2421 3767 2724 3820 annuente
2755 3761 3056 3818 Ludovico
3080 3779 3240 3835 rege,
3271 3764 3536 3836 pontifex
3569 3768 3664 3820 Le-

203 3920 259 3975 1·
293 3919 475 3996 Eblus
497 3922 726 3996 manzer
753 3917 860 3996 (79)
906 3921 960 3996 2:
995 3916 1052 3971 2'
1083 3911 1922 3996 a.Carolo_re‘ge'supradicto
1974 3914 2272 3996 αςίςίᾼζ
2326 3913 2522 3996 Oliba,.
2547 3912 2964 3996 pontificatum
3015 3912 3213 3996 adhuc
3266 3929 3320 3996 a_
3349 3916 3509 3996 2.91:
3554 3928 3662 3996 per

282 3989 660 4069 Aquitaniam
685 3995 739 4069 2.
762 3983 1063 4069 'E.5"ad.hu‘c
1089 3985 1324 4069 vivente
1361 3983 1668 4069 Fulgrino;
1685 3984 1902 4069 comite
1943 3986 2088 4069 a_d_d.
2125 3990 2156 4040 2
2189 3986 2244 4040 ϐ’
2268 4001 2324 4068 Ic.
2359 3983 2644 4041 adhibitis
2673 3983 2992 4069 a_l“1‘ancia
3024 3983 3356 4069 architectis
3388 3987 3448 4069 ‘33
3477 3983 3663 4069 jussit

280 4053 561 4116 ediﬁcare
590 4059 901 4117 ecclesiam
930 4059 993 4114 in
1024 4059 1252 4114 honore
1282 4053 1608 4113 Salvatoris
1639 4060 1693 4111 2.
1728 4059 1783 4109 Τ·
1816 4060 1868 4112 2.
1902 4057 2045 4112 add.
2084 4070 2216 4127 qua:
2249 4058 2376 4127 jam
2407 4072 2597 4127 supra
2620 4071 2669 4112 c.
2707 4059 2791 4110 19.
2812 4053 2983 4127 edita
3007 4060 3145 4109 sunt
3177 4070 3198 4109 .·
3227 4053 3406 4127 simul
3437 4053 3499 4110 et
3534 4072 3659 4110 cor-

329 4148 398 4212 us
428 4131 616 4212 sancti
639 4131 914 4221 Eparchii
945 4129 1174 4221 ibidem
1203 4128 1585 4221 transferret;
1616 4130 1674 4183 et
1702 4132 1953 4221 vaccato
1994 4145 2037 4208 ρ.
2069 4125 2319 4221 Francia
2355 4125 2707 4221 Fredeberto
2729 4125 3013 4221 epispopo
3048 4125 3497 4221 consanguineo
3525 4143 3657 4221 suo;

329 4148 398 4186 US
428 4148 616 4207 saucu-
639 4148 914 4221 Epitrch
945 4148 1170 4185 11310611]
1203 4148 1585 4193 transxel‘ret;
1616 4148 1674 4183 ει
1703 4148 1953 4183 νυυοᾶιο
2069 4148 2319 4183 rrancra
2356 4148 2707 4206 I‘I'BQBDBI'IQ
2729 4148 3013 4206 BPI§UUPU
3048 4148 3497 4207 cuusuuguuico
3525 4148 3657 4193 SUO,

277 4148 427 4278 Fecit
440 4203 635 4277 ipsam
668 4201 996 4278 Ecclesiam
1040 4197 1682 4278 dedicare_in_ho_nore
1717 4197 2060 4254 Salvatoris.
2106 4200 2359 4278 “Corpus.
2379 4214 2518 4254 vero
2544 4197 2836 4278 beativiri
2857 4195 3209 4278 levarenoin
3255 4197 3461 4278 valuit,
3493 4199 3661 4270 quod

274 4267 516 4350 volebat
540 4273 862 4350 transferre
892 4272 956 4350 in
986 4270 1202 4350 eadem
1229 4269 1503 4350 ecclesia,
1529 4267 2279 4350 Ipsoquenconsecrationi‘s
2301 4268 2398 4323 die
2409 4272 2894 4350 postpe-ractum
2923 4267 3283 4350 sacriﬁcium
3306 4267 3656 4350 sollempne,

273 4345 584 4417 missaque
634 4343 827 4412 ﬁnita,
869 4341 1113 4416 placida
1166 4345 1358 4397 morte
1404 4338 1755 4397 ante—altare
1788 4341 1868 4396 Sa

274 4417 564 4467 humatus
597 4418 654 4467 et
679 4415 1007 4467 enisconus
1035 4413 1428 4467 Fredebertus
1453 4411 1532 4467 ad
1563 4410 1848 4467 eniscono

2035 4339 2111 4394 ris
2141 4338 2512 4395 obdormivit
2563 4338 2933 4408 in'Domino,
2968 4343 3025 4393 et
3052 4338 3276 4394 ibidem
3307 4345 3442 4396 ante
3473 4338 3658 4397 altare

2035 4430 2067 4467 t.
2096 4409 2203 4467 aui
2233 4413 2288 4465 et
2320 4409 2447 4467 inse
2479 4414 2621 4467 post
2649 4408 2957 4465 modicum
2988 4409 3153 4467 obiit.
3184 4413 3248 4465 ut
3280 4410 3401 4467 iam
3432 4411 3658 4467 dictum

274 4413 564 4471 humatus
597 4418 654 4470 et
679 4413 1007 4487 episcopus
1035 4413 1428 4469 Fredebertus
1453 4413 1532 4467 ad
1563 4413 1848 4536 episcolpo
1876 4413 2067 4478 Oliba,
2096 4413 2203 4482 qui
2233 4413 2288 4490 et
2320 4413 2447 4482 ipse
2479 4414 2621 4482 post
2649 4413 2957 4465 modicum
2988 4413 3153 4477 obiit,
3184 4413 3262 4490 ut.
3273 4413 3401 4482 jam
3432 4413 3658 4467 dictum

276 4492 386 4542 est.
420 4486 716 4542 Alduinus
731 4499 1256 4565 veroucomes‘per
1288 4499 1480 4539 annos
1508 4481 1734 4565 multos
1783 4497 2010 4565 angore
2037 4496 2310 4565 corporis
2336 4481 2625 4565 multatus
2650 4484 2773 4565 est.
2793 4482 2849 4536 8'
2871 4485 2926 4536 et
2955 4481 3144 4565 multa
3162 4480 3547 4565 reliquiarum
3561 4483 3659 4565 'pi-

279 4574 489 4638 gnera,
523 4556 848 4638 quzeabjl9
875 4551 1288 4638 Jherosoli‘mis
1318 4557 1753 4638 asportaverat,
1787 4551 2244 4638 ibi’recond‘idit‘
2267 4552 2411 4638 add;
2441 4557 2494 4607 '2.
2526 4553 2608 4622 cf.
2641 4553 2818 4638 Gesta
2847 4567 2978 4621 epp.
3025 4553 3240 4634 Egzgol.
3361 4558 3444 4609 19.
3474 4554 3530 4609 9‘
3559 4551 3658 4610 Se-

277 4627 570 4684 ctor-ferri
597 4628 740 4699 add.
774 4632 828 4682 2.
895 4628 984 4699 19'
1005 4627 1282 4699 ejusdem

1401 4621 1412 4681 ζ
1447 4631 1499 4681 2.
1538 4625 1649 4694 11‘,
1680 4639 1802 4678 non
1828 4623 1991 4679 enim
2037 4621 2252 4679 habuit
2283 4623 2517 4694 prolem
2559 4621 2635 4678 ex
2663 4621 2940 4694 legitima,
2958 4621 3235 4694 conjuge.
3269 4627 3419 4679 Nam
3451 4640 3656 4694 supra-

279 4699 425 4755 dicti
454 4698 756 4754 Arnaldus
788 4703 847 4754 et
875 4693 1212 4754 Ademarus
1243 4699 1291 4733 9"
1341 4713 1413 4752 ex
1443 4693 1796 4766 concubinis
1829 4695 1883 4750 ei
1935 4695 2062 4751 nati
2120 4697 2259 4749 sunt
2288 4693 2432 4750 add.
2465 4699 2518 4750 2.
2579 4693 2665 4751 12’
2693 4693 2947 4766 principi
3005 4693 3147 4751 add.
3181 4699 3234 4750 2.
3269 4696 3356 4751 13'
3384 4695 3444 4750 in
3470 4693 3658 4763 Engo-

276 4769 553 4826 lismensi
581 4769 804 4842 cespite
837 4769 980 4826 add.
1012 4774 1065 4826 2.
1102 4770 1191 4826 14‘
1223 4767 1442 4824 comite
1472 4765 1777 4823 Pictavino
1812 4771 1865 4822 2.

1596 4921 1828 4974 VARUE
1878 4918 2286 4976 LECTIONES.

283 5050 341 5085 ⁸³
354 5047 743 5130 inruptiones
795 5062 953 5130 corr.
987 5045 1348 5130 irruptiones
1378 5050 1426 5126 1.
1477 5044 1553 5130 “3‘
1585 5045 1698 5099 νη.
1725 5049 1778 5098 2.
1860 5044 1907 5130 ff
1935 5044 2270 5130 adgregatu
2289 5045 2353 5130 _1.
2421 5044 2480 5130 fe
2503 5059 2580 5130 p1
2587 5047 2654 5130 et
2680 5041 3041 5130 aliasquam
3064 5041 3352 5130 plurimas
3377 5043 3658 5130 ecclesias

190 5124 304 5179 ita
333 5115 564 5189 ﬁniunt
585 5119 780 5176 codd..
809 5123 862 5177 3.
892 5115 1144 5194 Explith
1171 5115 1447 5191 hystoria
1476 5118 1842 5174 Francorum
1869 5120 1899 5171 3
1934 5131 1987 5172 c.

191 5209 323 5252 rus
349 5206 406 5247 σ.

2093 5112 2385 5171 δτόθΠθω
2414 5119 2462 5172 1.
2503 5112 2524 5117 ⁷
2560 5114 2607 5150 ⁸⁸
2634 5112 2967 5173 architectis
2997 5129 3046 5169 ε.
3065 5112 3085 5115 “
3135 5115 3181 5148 ⁸ο
3208 5114 3287 5171 ad
3316 5131 3366 5171 c.
3409 5115 3457 5151 9°
3482 5132 3659 5174 eama-

1829 5287 1871 5340 N
1880 5285 2055 5340 OTIE.

291 5410 414 5486 (69)
441 5415 504 5486 V.
533 5416 692 5486 Ann.
724 5413 995 5471 Masciac.
1022 5415 1120 5472 SS.
1152 5411 1242 5486 ll_l,
1270 5427 1335 5486 p.
1363 5413 1484 5466 169.

284 5478 409 5566 (ἶο)
445 5484 609 5566 Ψίά.
665 5487 955 5566 gem-.1".
987 5490 1053 5566 .3,
1087 5478 1293 5566 Gerloc'
1319 5478 1785 5566 {appellatorsed
1813 5479 1888 5535 cf.

194 5552 562 5640 diplomata
578 5557 848 5640 pomarii
879 5552 1227 5629 regis'apud
1252 5552 1527 5622 Beslitim,
1557 5552 1696 5609 Hist.
1731 5567 1887 5608 com.

203 5631 453 5687 Pictav.
484 5645 545 5702 p.
577 5633 702 5699 252,
733 5633 858 5688 259.

800 5721 1046 5775 PLTROL.
1091 5719 1243 5774 CXLI

2070 5409 2185 5480 (71)
2209 5409 2273 5474 V.
2306 5423 2489 5480 supra
2510 5422 2562 5463 c.
2590 5411 2680 5480 2Q.

2076 5409 2152 5479 [71
2209 5409 2273 5474 V,
2306 5423 2489 5480 supra
2510 5422 2562 5463 c.
2590 5411 2680 5463 20.

2076 5406 2187 5620 ἓξὲξ
2212 5477 2444 5535 Rectius
2477 5481 2540 5534 14
2560 5476 2745 5559 ;_obiit
2763 5476 2924 5535 enim
2955 5495 3009 5535 a.
3042 5483 3166 5536 930.

2108 5553 2162 5605 l3
2214 5548 2278 5605 ld
2305 5553 2397 5605 est
2423 5564 2685 5619 spumas.

2108 5548 2187 5619 73)
2214 5548 2278 5605 ld
2305 5553 2397 5605 est
2423 5550 2685 5619 spurius.
