4048 6178
269 187 329 244 51
644 242 649 247 ,
1432 181 1745 239 ADEMARI
1787 182 1843 239 S.
1893 181 2171 239 CIBARDI
2209 184 2519 244 MONACH.
3637 186 3704 240 52

268 310 555 368 deberent
586 308 741 365 cives
772 307 825 365 ei
849 307 1075 376 bellum
1098 307 1420 366 intuerunt.
1447 308 1665 365 Urbem
1686 324 1929 383 quoque
1967 312 2013 364 Α
2044 312 2128 364 ter
2154 311 2302 381 ejus,
2336 328 2442 386 per
2471 327 2722 368 manum
2753 310 3021 367 Willelmi
3044 309 3237 379 ducis,
3298 312 3705 367 consecratus-

267 398 513 458 Turonis
544 397 855 455 obsidione
884 397 1161 453 affectam
1192 398 1252 453 in
1284 398 1652 454 deditionem
1680 398 1927 471 accepit,

268 494 326 547 et
355 488 636 546 Fulchoni
658 487 861 543 comiti
890 487 1311 558 Andegavensi
1361 488 1648 556 donavit;
1702 488 1806 544 sed
1836 487 1929 542 ille

267 577 507 649 ingenio
544 576 755 633 doloso
807 577 859 633 1'
889 577 1109 632 civium
1156 577 1354 633 amisit
1408 583 1543 651 post
1592 576 1928 649 paululum,

268 670 325 723 et
352 665 566 721 iterum
613 665 741 721 Odo
794 666 1226 739 Campanensis
1276 682 1410 722 eam
1456 664 1827 738 recuperavit
1853 664 1925 719 2'.

265 756 396 809 Dux
419 770 561 810 vero
586 753 911 809 Willelmus
955 754 1015 809 in
1047 754 1386 810 monastico
1426 755 1636 811 habitu
1662 752 1930 808 seculum

267 842 709 915 derelinquens,
735 842 1020 899 humatus
1050 830 1137 898 est
1162 842 1327 916 apud
1345 842 1776 898 monasterium
1798 857 1932 896 san-

268 930 345 989 cti
365 932 638 990 Maxentii
670 932 787 1003 (an.
823 936 971 1002 993),
1032 936 1089 988 et
1142 932 1546 1006 principatum
1599 935 1735 1004 post
1790 947 1930 985 eum

267 1020 675 1078 strenuissime
705 1020 1143 1077 administravit
1172 1021 1495 1076 Willelmus
1524 1019 1681 1075 ﬁlius
1698 1020 1844 1091 ejus.
1866 1022 1932 1075 Et

266 1109 644 1181 Aldebertus,
700 1108 976 1165 Gentiaco
1030 1114 1205 1182 capto
1265 1114 1459 1165 castro
1503 1113 1559 1164 et
1606 1109 1926 1176 destructo,

266 1201 532 1273 itemque
563 1217 598 1256 a
628 1200 913 1256 Willelmo
942 1200 995 1255 3'
1024 1198 1431 1255 rcediﬁcatum
1455 1198 1603 1254 dum
1636 1199 1697 1254 id
1724 1198 1931 1272 ipsum

266 1288 621 1356 obsedisset,
650 1293 707 1344 et
732 1287 998 1345 secundo
1028 1287 1449 1356 destrueretur,
1500 1293 1555 1343 et
1596 1305 1840 1343 securus
1877 1289 1931 1342 4⁶

267 1375 784 1449 circumequitaret
814 1380 876 1431 ut
891 1376 1018 1446 jam
1046 1374 1383 1442 victor,ictu
1408 1376 1633 1446 sagittae
1657 1381 1928 1431 mortuus

267 1472 324 1522 et
354 1469 569 1523 Sancto
602 1465 842 1521 Carrofo
875 1465 1149 1521 conditus
1176 1470 1262 1521 est
1289 1484 1302 1534 ;
1344 1470 1400 1521 et
1435 1466 1687 1522 surrexit
1718 1483 1828 1539 pro
1859 1482 1930 1522 eo

266 1559 419 1612 Boso
444 1555 622 1610 frater
649 1555 797 1626 ejus.
834 1555 1015 1626 [Tunc
1048 1554 1390 1625 Willelmus,
1439 1560 1683 1627 accepta
1713 1555 1773 1610 in
1806 1572 1930 1611 ma—

2038 415 2154 469 que
2181 404 2267 455 est
2298 401 2655 473 Engolismae
2682 400 2760 457 ab
2810 401 2894 455 11"
2946 400 3233 473 episcopo
3291 400 3566 469 Hugone.
3604 403 3703 454 Ar-

2037 489 2255 544 naldus
2310 491 2688 566 supradictus
2760 504 3173 545 successorem
3247 488 3359 544 sibi
3421 487 3702 545 comitem

2036 578 2290 652 reliquid
2376 580 2731 650 Engolismaa
2812 578 3171 635 Willelmum
3245 578 3438 633 tilium
3496 593 3697 635 suum.

2038 671 2304 725 Preterea
2358 670 2653 726 Fulcadus
2714 670 2863 740 (107)
2938 668 3259 740 episcopus
3310 682 3420 740 per
3476 671 3540 723 12
3594 683 3702 724 an-

2036 774 2148 813 nos
2220 759 2420 815 vivens
2452 803 2466 827 ,
2552 758 2915 815 Rannulfum
2988 772 3402 813 successorem
3476 757 3704 831 accepit

2039 847 2161 917 (an.
2186 847 2330 919 964).
2379 848 2507 912 Quo
2560 847 2843 920 episcopo
2886 848 3173 901 existente
3212 861 3321 917 per
3349 860 3572 901 novem
3602 861 3701 901 an-

2037 950 2149 991 nos
2200 940 2256 991 et
2303 940 2540 992 mortuo
2592 937 2676 991 12'
2729 936 2852 1006 (an.
2902 936 3047 1007 973),
3100 934 3481 1006 supradictus
3537 938 3702 1006 Hugo

2038 1025 2453 1098 episcopatum
2510 1041 2617 1098 per
2664 1028 2733 1080 20
2763 1039 2953 1079 annos
2982 1023 3244 1080 obtinuit
3298 1028 3421 1089 (an.
3450 1025 3599 1096 993),
3647 1027 3705 1079 et

2043 1117 2125 1171 13'
2179 1120 2315 1188 post
2365 1132 2505 1171 eum
2560 1113 2967 1180 Grimoardus,
3022 1113 3241 1169 deinde
3303 1116 3388 1169 14’
3440 1114 3703 1169 domnus

2038 1205 2203 1261 Roho
2257 1205 2499 1261 antistes
2539 1204 2831 1274 gloriosus
2889 1203 3246 1274 Engolismaa
3275 1203 3503 1260 refulsit
3548 1202 3700 1275 (108)

2040 1300 2135 1360 (an
2189 1291 2507 1363 993-1017).
2570 1289 2667 1344 His
2726 1288 2938 1344 diebus
2989 1287 3324 1360 pestilentia
3378 1288 3534 1359 ignis
3603 1303 3703 1343 su-

2036 1394 2145 1451 per
2175 1378 2585 1434 Lemovicinos
2636 1377 2873 1433 exarsit.
2929 1379 3193 1449 Corpora
3237 1377 3397 1432 enim
3434 1376 3703 1433 virorum

2038 1472 2095 1524 et
2123 1467 2441 1524 mulierum
2474 1483 2660 1540 supra
2688 1483 3011 1523 numerum
3040 1466 3320 1522 invisibili
3346 1467 3483 1537 igne
3523 1467 3705 1540 depa-

2039 1552 2358 1614 scebantu’r
2387 1562 2443 1614 et
2472 1557 2697 1630 ubique
2718 1557 2995 1629 planctus
3022 1560 3241 1611 terram
3270 1555 3542 1629 replebat
3576 1568 3699 1623 (an.

264 1645 545 1703 trimonio
577 1644 908 1701 Adalmode
940 1646 1195 1716 conjuge
1230 1645 1617 1718 suprascripti
1656 1646 1932 1701 Aldeber-
1970 1669 2009 1723 Β
2038 1651 2185 1714 094).
2234 1647 2540 1703 Gosfridus
2597 1662 2739 1716 ergo
2787 1646 2979 1703 abbas
3024 1645 3214 1701 sancti
3258 1645 3567 1715 Marcialis,
3601 1646 3703 1719 qui

266 1737 306 1792 ti
339 1736 432 1807 12³]
464 1735 809 1791 Rotbertum
838 1750 1042 1804 regem
1073 1734 1381 1791 accersivit
1437 1736 1514 1791 ad
1563 1735 1926 1808 capiendum

264 1830 526 1882 castrum
557 1824 874 1892 Bellacum,
908 1824 1073 1896 quod
1124 1824 1360 1881 tenebat
1400 1828 1549 1881 Boso
1723 1824 1927 1881 Omnis

266 1914 499 1972 Frantia
522 1912 793 1969 bellatrix
819 1928 890 1968 eo
919 1912 1184 1969 conﬂixit
1212 1914 1283 1981 6',
1334 1913 1440 1969 sed
1482 1913 1763 1971 frustrata
1792 1918 1930 1987 post

265 2002 488 2059 multos
521 2002 647 2058 dies
679 2017 817 2057 cum
846 2016 957 2055 suo
980 2016 1117 2070 rege
1150 2001 1408 2057 recessit.
1472 2006 1605 2074 Ipso
1658 2007 1928 2075 tempore

265 2092 413 2148 dum
461 2090 778 2147 obsessum
823 2092 977 2145 esset
1026 2089 1288 2145 Widonis
1328 2090 1692 2147 vicecomitis
1726 2090 1930 2147 Procia

265 2180 416 2253 (105)
473 2184 739 2237 castrum
797 2196 833 2235 a
890 2179 1041 2235 duce
1097 2180 1441 2252 supradicto
1470 2181 1522 2234 7‘
1567 2197 1707 2235 cum
1737 2180 1932 2236 valida

266 2286 477 2341 manu,
505 2270 673 2326 Wido
703 2271 755 2326 8'
783 2268 1133 2325 obsessores
1158 2268 1316 2324 bello
1348 2269 1592 2341 appetit,
1638 2274 1695 2325 et
1741 2269 1815 2325 de
1846 2270 1931 2325 eis

264 2377 554 2433 magnam
589 2362 660 2396 ¹²⁵
694 2364 953 2430 stragem
983 2359 1147 2415 dedit
1174 2360 1369 2416 Victor
1402 2360 1580 2430 (circa
1612 2376 1712 2417 an.
1750 2362 1931 2432 1000),

264 2448 762 2523 obsidionemque
789 2448 1110 2521 disrumpit
1140 2450 1232 2503 ¹²⁶.

337 2544 425 2596 35.
456 2538 753 2595 Arnaldus
798 2542 999 2594 autem
1052 2553 1254 2593 comes
1294 2536 1782 2610 Engolismensis,
1816 2554 1927 2611 pro

266 2628 366 2684 Dei
399 2628 607 2683 timore
638 2626 792 2684 facto
823 2624 1168 2683 habitaculo
1197 2626 1638 2682 monachorum
1664 2627 1726 2683 in
1756 2627 1940 2683 eccle-

265 2714 354 2772 sia
386 2715 643 2772 Buxensi
675 2715 864 2771 sancti
893 2714 1163 2771 Amancii
1203 2715 1374 2786 (106),
1406 2720 1462 2771 et
1490 2716 1572 2771 ibi
1605 2716 1789 2772 misso
1837 2732 1931 2772 re-

263 2802 528 2860 verendo
559 2803 778 2860 abbate
808 2802 1052 2860 nomine
1084 2807 1404 2871 Francone,
1459 2804 1518 2860 in
1571 2804 1710 2860 aula
1742 2805 1935 2861 sancti

266 2893 540 2967 Eparchii
571 2893 762 2949 factus
785 2909 1096 2959 monacus,
1132 2892 1403 2966 sepultus
1435 2896 1524 2949 est
1553 2897 1585 2949 4
1618 2897 1762 2963 Non.
1788 2896 1929 2950 Mar.

2036 1741 2401 1792 successerat
2451 1736 2703 1807 Wigoni,
2756 1740 2811 1792 et
2848 1735 3141 1791 Alduinus
3199 1735 3540 1808 episcopus,
3602 1736 3705 1791 ha.

2036 1825 2161 1881 bito
2226 1825 2477 1881 consilio
2529 1842 2668 1881 cum
2722 1825 2875 1881 duce
2931 1824 3219 1879 Willelmo
3252 1868 3267 1894 ,
3353 1824 3704 1881 triduanum

2033 1915 2331 1986 jejunium
2406 1915 2784 1971 Lemovicino
2850 1912 3166 1969 indicunt.
3248 1916 3408 1969 Tunc
3494 1926 3705 1970 omnes

2037 2004 2369 2077 Aquitaniae
2431 2004 2697 2077 episcopi
2752 2003 2813 2058 in
2876 2019 3065 2058 unum
3098 2002 3425 2058 Lemovicaa
3458 2018 3705 2072 congre-

2040 2093 2159 2163 gati
2213 2096 2369 2160 sunt,
2421 2109 2672 2165 corpora
2702 2108 2947 2165 quoque
2976 2096 3033 2147 et
3060 2091 3326 2163 reliquiae
3344 2097 3703 2153 sanctorum

2039 2181 2463 2253 undecumque
2523 2181 2929 2253 sollempniter
2974 2181 3237 2236 advectae
3294 2183 3433 2235 sunt
3487 2180 3593 2251 ibi,
3651 2185 3708 2237 et

2042 2286 2260 2343 corpus
2314 2270 2504 2326 sancti
2552 2269 2836 2327 Marcialis
2863 2268 3099 2342 patroni
3150 2271 3224 2303 ¹²⁷
3275 2268 3474 2325 Galliae
3517 2269 3593 2325 de
3623 2286 3707 2327 se-

2041 2360 2294 2434 pulchro
2323 2360 2587 2415 levatum
2618 2364 2725 2425 est,
2757 2360 2917 2415 unde
2948 2358 3141 2415 leticia
3170 2359 3467 2415 immensa
3495 2375 3707 2415 omnes

2044 2449 2249 2521 repleti
2277 2451 2433 2514 sunt,
2463 2452 2521 2505 et
2552 2449 2752 2504 omnis
2784 2447 3101 2504 inﬁrmitas
3150 2448 3375 2520 ubique
3431 2449 3704 2518 cessavit,

2044 2543 2410 2611 pactumque
2440 2537 2609 2610 pacis
2640 2542 2697 2594 et
2720 2538 2959 2609 justicia
2988 2554 3025 2593 a
3055 2536 3207 2593 duce
3235 2540 3292 2593 et
3335 2537 3709 2611 principibus

2044 2626 2304 2683 vicissim
2335 2626 2407 2661 ¹²⁸
2439 2626 2728 2682 foederata
2757 2630 2861 2681 est.
2905 2626 3196 2681 Alduinus
3240 2629 3439 2681 autem
3483 2627 3709 2698 episeo-

2046 2733 2162 2789 pus
2189 2715 2626 2771 monasterium
2653 2715 2841 2770 sancti
2874 2713 3157 2787 Stephani
3179 2718 3509 2783 Agentense
3536 2715 3703 2786 (109),

2047 2806 2213 2878 quod
2264 2804 2631 2876 Hildegarius
2683 2808 2889 2861 ornate
2935 2804 3315 2877 disposuerat
3369 2804 3430 2860 in
3482 2818 3709 2875 magna

2050 2900 2288 2951 caterva
2333 2895 2794 2965 monachorum,
2852 2909 2959 2968 per
3015 2894 3336 2951 triennium
3380 2898 3707 2969 antequam

265 2984 440 3054 juxta
470 2986 704 3056 patrem
744 2980 802 3039 9"
826 2996 1028 3038 suum.
1090 2984 1155 3038 Et
1212 2981 1534 3056 episcopus
1585 2983 1933 3053 Aldegerius
1976 3023 2013 3077 (η
2050 2988 2380 3040 moreretur
2440 2985 2523 3039 15'
2570 2982 2881 3053 destruxit,
2937 2986 2993 3039 et
3044 2982 3369 3038 canonicos
3417 2982 3500 3038 ibi
3540 2982 3709 3040 resti~

271 3070 603 3127 Lemovices
660 3070 745 3126 10"
797 3087 936 3127 cum
979 3070 1428 3144 pretiosioribus
1454 3071 1821 3128 indumentis
1849 3088 1938 3128 sa-

272 3156 674 3216 cerdotalibus
733 3174 806 3215 ex
862 3156 1002 3215 aula
1052 3158 1243 3215 sancti
1272 3159 1560 3217 Marcialis
1592 3159 1738 3217 abiit
1764 3162 1940 3216 Fran-

272 3248 448 3318 ciam,
476 3251 534 3305 et
561 3247 644 3305 ibi
678 3249 797 3305 vita
823 3248 1095 3321 privatus
1118 3248 1305 3321 (circa
1336 3265 1436 3306 an.
1479 3251 1627 3321 990),
1671 3249 1939 3322 sepultus

272 3342 360 3395 est
386 3337 552 3412 apud
583 3341 868 3395 Sanctum
900 3337 1251 3405 Dionisium,
1279 3343 1335 3393 et
1359 3354 1468 3411 pro
1491 3339 1797 3411 sepultura
1830 3355 1941 3395 sua

273 3429 520 3485 contulit
547 3428 810 3502 pretiosa
833 3444 970 3500 quae
1004 3432 1414 3501 asportaverat
1451 3444 1488 3484 a
1537 3430 1753 3485 Sancto
1798 3432 1940 3487 Mar-

275 3517 422 3575 ciale
452 3522 825 3576 ornamenta.
859 3517 1152 3574 Successit
1183 3517 1451 3591 pontifex
1481 3517 1795 3589 Alduinus,
1829 3519 1941 3575 fra-

2045 3073 2173 3129 tuit.
2208 3076 2326 3128 Hac
2353 3071 2427 3127 de
2456 3087 2618 3129 noxa
2650 3072 3028 3128 Lemovicam
3058 3071 3215 3127 intra
3238 3071 3453 3127 urbem
3501 3088 3708 3128 mona-

2048 3162 2194 3217 chos
2247 3160 2310 3216 in
2365 3159 2614 3216 ecclesia
2663 3160 2850 3216 sancti
2904 3159 3129 3217 Martini
3206 3159 3429 3231 regulae
3507 3159 3711 3217 subdi-

2048 3254 2140 3306 tos
2192 3249 2523 3319 adgregare
2595 3248 2843 3305 curavit.
2929 3249 3097 3321 Saepe
3161 3248 3324 3304 idem
3394 3248 3710 3307 Alduimus

2047 3356 2159 3413 pro
2187 3338 2464 3412 nequicia
2493 3338 2704 3411 populi
2738 3339 2821 3395 16'
2850 3354 3069 3394 novam
3100 3337 3548 3395 observantiam
3574 3355 3711 3396 con-

2050 3427 2252 3497 stituit,
2309 3426 2532 3482 scilicet
2580 3426 2859 3483 ecclesias
2908 3430 2966 3481 et
3010 3426 3376 3482 monasteria
3409 3442 3643 3483 cessare
3675 3443 3711 3483 a

2049 3516 2254 3572 divino
2284 3516 2446 3573 cultu
2471 3519 2528 3572 et
2552 3519 2760 3572 sancto
2791 3515 3103 3584 sacrificio,
3130 3517 3187 3571 et
3213 3515 3510 3589 populum
3537 3515 3712 3590 quasi

282 3697 329 3752 1'
359 3694 722 3769 vicecomitis
748 3698 806 3750 et
834 3694 976 3750 add.
1009 3698 1061 3750 2.
1130 3694 1334 3769 _2"‘Qui
1363 3711 1502 3769 cum
1532 3711 1667 3769 eam
1697 3695 2017 3769 obsideret,
2045 3708 2436 3769 nequaquam
2460 3708 2565 3769 rex
2595 3696 2959 3769 Francorum
2980 3708 3174 3769 ausus
3203 3696 3296 3749 est
3324 3709 3466 3769 eum
3491 3710 3712 3769 provo-

350 3782 487 3823 care
541 3766 617 3822 ad
666 3769 989 3833 certamen,
1044 3766 1151 3822 sed
1199 3766 1313 3822 hoc
1361 3766 1414 3823 ei
1457 3768 1769 3823 mandavit
1800 3786 1812 3823 :
1848 3764 2075 3835 Quis'te
2096 3764 2364 3822 comitem
2395 3766 2709 3822 destituit?
2742 3769 2806 3822 Et
2833 3764 3183 3821 Aldebertus
3213 3764 3594 3823 remanda'vit
3618 3767 3708 3824 ei:

354 3839 494 3912 Quis
525 3843 580 3912 te
602 3852 799 3909 regem
829 3838 1184 3912 constituit?
1211 3838 1353 3912 add.
1387 3842 1439 3894 2.
1482 3845 1536 3895 et
1562 3840 1725 3912 Pith.
1750 3854 1810 3912 p.
1842 3844 1908 3903 8,2
1938 3855 2014 3895 ex
2041 3842 2094 3894 4.
2174 3839 2239 3912 3ί
2258 3836 2565 3912 Pictavino
2595 3837 2736 3912 add.
2770 3842 2822 3892 2.
2900 3840 2955 3892 4⁸
2991 3836 3122 3912 jam
3150 3836 3347 3912 victor
3384 3839 3713 3912 nudusar-

350 3907 1018 3991 miscircumequitaret
1042 3914 1096 3991 2.
1174 3910 1228 3991 ξς
1258 3912 1679 3991 construxerat
1703 3907 1904 3991 ipsum
1936 3914 2208 3991 castrum
2226 3910 2376 3989 Boso
2406 3907 2643 3989 Yetulus
2680 3908 2747 3991 in
2770 3924 3003 3991 .marca
3058 3908 3435 3990 Lemovicina
3657 3915 3709 3965 2.

352 3982 403 4036 6'
437 3984 494 4036 et
521 3978 1011 4053 Aquitaniaiaad.
1045 3985 1097 4037 2.
1162 3982 1228 4053 77'
1260 3986 1316 4053 et
1340 3980 1470 4053 aliis
1498 3985 1533 4037 4
1563 3978 1881 4038 comitibus
1908 3982 2051 4037 add.
2082 3985 2137 4051 2,
2172 3979 2374 4053 Procia
2402 3978 2463 4034 in
2487 3995 2652 4053 pago
2680 3978 2964 4053 Byturieae
2996 3994 3034 4035 a
3071 3980 3347 4053 quinque
3395 3981 3712 4053 comitibus

353 4067 493 4126 cum
520 4050 947 4126 innumerabili
978 4052 1442 4126 ex_e_rcitu,gbello
1467 4052 1839 4126 eosappetit.
1864 4057 1921 4108 et
1944 4053 2140 4126 victor
2157 4051 2416 4107 existens
2447 4050 2825 4126 obsidionem
2855 4050 3129 4126 disrupif.
3181 4050 3436 4126 comites
3476 4052 3714 4126 fuerunt

352 4122 680 4178 Willelmus
706 4123 851 4186 dux,
877 4123 1196 4193 Arualdus,
1226 4123 1398 4194 Elias,
1427 4122 1799 4190 Adelbértus,
1832 4126 1982 4180 Boso
2010 4124 2175 4180 Pith.

2208 4138 2269 4194 p.
2304 4126 2392 4194 A82
2443 4137 2520 4194 ex
2571 4125 2623 4179 4.
2702 4124 2752 4177 8'
2810 4126 2957 4179 Cum
3020 4121 3409 4179 Lemovicinis
3463 4125 3605 4181 add.
3653 4127 3708 4179 2.

352 4196 410 4249 9'
438 4198 692 4267 matrem
724 4210 898 4250 suam
927 4198 981 4267 2.
1063 4195 1147 4267 1οξ
1178 4192 1487 4267 successor
1517 4195 1644 4251 Ebli
1676 4196 1817 4252 add.
1847 4199 1901 4249 2.
1945 4266 1952 4267 γ
1982 4197 2068 4250 11'
2092 4194 2169 4250 ab
2200 4192 2652 4267 archiepiscopo
2698 4194 3120 4267 Burdegalensi
3172 4194 3530 4267 Gumbaldo,
3584 4198 3640 4250 et
3676 4210 3715 4267 _a

354 4263 653 4345 Fronterio
679 4265 1166 4345 Petrugoricensi,
1195 4269 1254 4321 et
1279 4266 1486 4345 Abone
1515 4266 1978 4345 Sanc_tonic_en_si,
2011 4270 2069 4322 et
2100 4268 2313 4345 Ugone_
2330 4263 2752 4345 Egolisniensi,_
2788 4263 2894 4345 qui
2944 4281 3085 4345 eum
3133 4266 3441 4345 Lemovice
3459 4265 3714 4345 intronif

353 4334 751 4411 zavit,_prin_io
771 4336 832 4392 in
863 4334 1150 4411 cathedra
1176 4338 1500 4411 vectatoria
1524 4337 2031 4411 apudecclesiam
2054 4336 2251 4411 sancti
2277 4336 2540 4411 Gerardi,
2573 4334 2883 4411 deindein
2912 4335 3063 4411 sede
3084 4336 3286 4411 sancti
3299 4337 3610 4411 marcialis‘.
3642 4340 3716 4411 At

351 4421 490 4489 vero
521 4405 819 4489 grnal‘dus
839 4412 893 4463 2.
940 4410 1023 4463 12'
1064 4412 1308 4489 accepto
1333 4409 1505 4489 juxta
1533 4405 1847 4489 b'asilic_am
1878 4408 2067 4489 sancti
2102 4407 2371 4489 Eparchii
2401 4405 2921 4489 quemadmodum
3051 4405 3716 4489 Faulcaldolsepulchro]

353 4478 495 4553 add.
527 4481 605 4553 2._
661 4479 906 4553 13'_ipso_
933 4478 1163 4551 sepulto
1191 4478 1314 4553 apu

351 4549 531 4620 (corr.
575 4549 763 4618 Roho)
794 4549 1133 4622 'episcopus
1164 4549 1250 4607 2.‘
1300 4552 1385 4606 15⁸
1414 4552 1701 4608 suadente

356 4635 700 4694 pauperum
730 4626 783 4676 2.

1391 4482 1674 4537 Sanctum
1726 4479 2085 4537 Enarchium
2138 4478 2199 4534 in
2255 4478 2588 4535 monastico
2633 4478 2841 4534 habitu
2883 4478 3024 4534 add.
3074 4482 3129 4534 2.
3212 4480 3295 4532 14”
3326 4478 3546 4533 Deinde
3590 4478 3715 4533 Ηοό

1791 4550 1987 4607 iabolo
2034 4550 2175 4606 add.
2210 4555 2261 4605 2.
2344 4551 2427 4606 16'
2458 4566 2570 4622 pro
2624 4549 2838 4622 rapina
2890 4548 3147 4604 militum
3200 4552 3258 4602 et
3305 4547 3713 4604 devastatione

1671 4722 1901 4776 VARLE
1941 4720 2341 4778 LECTIONES.

355 4841 429 4876 ¹²⁴
454 4842 600 4915 Huc
618 4847 703 4899 est
724 4845 757 4898 2
782 4842 1102 4913 suppleta;
1129 4842 1403 4915 quaedam
1434 4843 1589 4900 enim
1629 4844 1691 4899 in
1722 4847 1741 4898 1
1779 4844 1975 4901 deesse
2001 4849 2275 4913 apparet,
2306 4843 2577 4915 quamvis
2608 4842 2913 4915 haec,_quw
2937 4841 3133 4915 minus
3178 4840 3551 4915 recteudicta
3596 4856 3720 4899 esse

280 4912 659 4972 Benedictini
684 4911 1081 4971 annotarunt'
1108 4911 1409 4971 Ademaro
1439 4914 1757 4972 obtrudere
1784 4916 2015 4987 nolim;
2040 4911 2288 5021 accepta
2315 4911 2386 4955 '—
2414 4914 2712 4970 Aldeberti
2739 4911 2947 4969 desunt
2980 4914 3155 4968 etiam
3184 4914 3239 4980 4,
3319 4911 3392 4945 ¹²⁵
3422 4928 3525 4968 ma

287 4986 307 5021 4
435 4983 507 5019 us
561 4983 880 5021 Αίαιηιπιηίι
938 4956 1169 5021 Auni...
1224 4984 1394 5021 ’9'an
1453 4990 1472 5021 ι
1581 4985 1653 5021 m
1708 4985 2023 5021 nnlnnniul
2135 4987 2181 5021 ιε
2261 4985 2488 5021 πςηςαςη.
2526 4990 2544 5021 ι
2651 4984 2812 5021 m'niia
2862 4982 3301 5021 aimnhnﬂnrnfg
3408 4984 3482 5019 ην

1222 4985 1394 5043 lineis
1453 4990 1502 5043 1.
1581 4985 1653 5022 ¹²⁷
1708 4985 2053 5060 ρδῐτοιιὶε1.
2135 4987 2181 5021 ¹²

287 4956 1169 5060 ἱί’”ῖὶἔ”’ἕὶἷὲιιὶὶὶὶὲίῒίἷίιὶὶὃὶιέ

285 5052 430 5113 adm
459 5070 512 5112 ο.

2261 4930 2288 4970 a
2317 4947 2386 4955 —
2414 4927 2712 4970 Aldeneru
2739 4927 2947 4969 desum
2980 4927 3155 4968 etiam
3184 4927 3239 4980 4,
3322 4927 3392 4945 ιη
3422 4927 3718 4983 magnum

2261 4985 2494 5043 vicisim
2526 4990 2575 5042 1.
2651 4984 2814 5041 viciis
2862 4982 3327 5056 simphoderata.
3408 4984 3482 5019 ¹²⁹
3532 4999 3718 5057 quem

1895 5181 2118 5240 NOTIE.

343 5302 507 5382 .(10‘6)
538 5302 756 5382 Prosse
802 5304 872 5382 in
918 5318 1080 5382 pago
1133 5305 1517 5375 Bituricensi;
1569 5305 1644 5363 cf.
1692 5306 1952 5363 Aimoini

287 5372 503 5451 Mir._§.
538 5372 836 5451 benedicti
868 5372 941 5445 ης
954 5372 1034 5451 _11'_
1060 5392 1195 5451 sqq.

289 5443 974 5583 “’Uigggbaint-Amand
998 5447 1073 5503 de
1099 5443 1323 5520 Baisse,
1382 5448 1457 5505 cf.
1514 5448 1700 5506 Gallia
1738 5448 1948 5517 Christ,

362 5588 508 5661 (107)
549 5588 628 5661 De
660 5587 848 5661 βξ)ωο
877 5588 1176 5659 cogitasse
1204 5590 1443 5648 videtur
1466 5610 1480 5661 ;
1504 5589 1578 5648 cf.
1612 5607 1663 5648 c.
1695 5594 1785 5647 28.

362 5659 513 5731 (108)
552 5657 633 5717 Cf.
667 5659 804 5718 hist.
831 5657 999 5717 conc.
1058 5663 1216 5717 Lem.
1263 5680 1319 5719 a.
1360 5657 1516 5741 1031.
1565 5663 1818 5731 (Concil.
1851 5662 1947 5719 ed.

2060 5304 2246 5363 Labb.
2272 5306 2357 5375 Ix,
2382 5321 2445 5376 p.
2477 5304 2604 5376 879)
2632 5322 2645 5361 :
2674 5304 2829 5362 Nam
2860 5308 2917 5360 et
2954 5304 3262 5375 episcopus
3297 5309 3500 5362 noster
3521 5304 3720 5375 Enge-

2064 5378 2354 5434 tismensis
2379 5376 2558 5447 Hugo
2588 5407 2657 5415 —
2681 5376 2787 5447 qui
2809 5381 2949 5433 ante
2974 5376 3081 5432 hos
3104 5379 3175 5432 40
3203 5392 3393 5433 annos
3411 5376 3718 5447 migravit,

2060 5451 2234 5519 cujus
2262 5446 2564 5505 successor
2586 5453 2727 5504 ante
2756 5446 2860 5503 hos
2888 5448 3341 5520 quatuordecim
3372 5458 3457 5505 est
3500 5446 3718 5518 defun-

2062 5523 2911 5719 :;z(:1909e)tc.&ntimonasterium,
2948 5591 3288 5651 Emoutiers
3317 5590 3437 5647 sive
3459 5592 3721 5660 Eymou-
