4054 6188
317 134 383 184 55
1487 124 1798 183 ADEMARI
1840 122 1895 179 S.
1939 120 2214 177 CIBARDI
2256 122 2584 178 MONACHI.
3672 128 3738 180 56

304 253 446 309 ralis
478 253 732 309 remissa
757 257 844 309 est
887 253 1203 309 Frantiam.
1255 252 1590 309 Bernardus
1639 245 1963 304 Wasconite
2002 248 2047 299 Λ
2077 244 2244 300 dum.
2280 248 2408 300 Dux
2437 262 2574 302 vero
2624 245 3080 318 Aquitanorum,
3129 263 3330 304 comes
3359 247 3741 318 Pictavimns,

307 343 433 398 dux
457 358 667 398 necem
712 342 858 398 tanti
891 341 996 396 viri
1027 341 1099 397 de
1127 342 1601 399 interfectoribus
1640 339 1769 410 ejus
1800 334 1971 410 puni-

306 430 407 498 vit,
433 429 582 485 alios
609 429 959 502 suspendio,
1012 429 1158 485 alios
1183 429 1444 487 ﬂammis
1475 428 1737 492 tradens,
1767 431 1819 479 et
1849 438 1973 478 om-

306 536 448 576 nem
502 518 667 575 illam
738 518 1181 591 possessionem
1219 519 1676 591 Regulatensem
1711 518 1785 581 l',
1836 529 1972 586 quae

310 613 447 664 ante
473 607 535 663 in
566 607 663 662 lite
689 607 1100 664 invadentium
1129 614 1274 673 erat,
1307 609 1432 663 sine
1475 607 1570 663 lite
1597 604 1811 661 dehinc
1841 617 1972 658 mo-

310 696 521 752 nachis
552 695 790 751 Francis
849 697 1042 752 sancti
1075 696 1370 752 Benedicti
1408 694 1642 769 paravit
1669 691 1974 748 vindican-

311 785 475 841 dam.
510 788 628 840 Rex
652 789 852 841 autem
894 786 1207 841 Rotbertus
1233 801 1342 858 pro
1373 784 1655 840 defuncto
1685 779 1977 838 ordinavit

312 873 598 930 abbatem
627 874 1010 944 Gauzlenum,
1057 874 1193 930 licet
1232 877 1639 946 repugnarent
1694 868 1976 926 monachi

311 963 581 1019 nolentes
615 962 727 1018 sibi
756 978 1011 1034 praeesse
1036 963 1115 1018 ﬁli
1129 980 1226 1019 um
1255 962 1451 1019 scorti.
1505 964 1638 1017 Erat
1663 960 1822 1016 enim
1851 959 1976 1031 ipse

311 1051 663 1108 nobilissimi
701 1055 1062 1108 Francorum
1116 1051 1399 1124 principis
1432 1051 1581 1122 (115)
1628 1048 1784 1104 filius
1811 1063 1980 1104 man-

313 1157 427 1208 zer,
461 1156 495 1195 a
525 1155 713 1213 puero
747 1139 806 1194 in
858 1139 1221 1196 monasterio
1253 1139 1439 1195 sancti
1468 1136 1762 1194 Benedicti
1797 1135 1979 1191 nutri-

314 1235 428 1286 tus.
485 1232 673 1294 Quem
700 1231 878 1286 etiam
907 1246 1011 1285 rex
1057 1245 1241 1303 supra
1294 1229 1550 1302 scriptus
1581 1225 1978 1299 archiepisco-

314 1334 461 1392 pum
489 1318 947 1374 Bituricensibus
978 1318 1112 1374 fecit
1139 1322 1350 1392 postea
1380 1322 1517 1391 post
1544 1320 1794 1372 mortem
1831 1317 1976 1370 Dac-

314 1407 465 1464 berti
505 1407 960 1480 archiepiscopi.
1006 1407 1119 1464 Sed
1164 1413 1220 1464 et
1247 1407 1359 1479 ipsi
1387 1404 1801 1479 quinquennio
1830 1403 1979 1460 sedi-

317 1497 552 1553 cionem
574 1501 844 1566 agentes,
876 1496 1197 1552 noluerunt
1245 1513 1384 1552 eum
1415 1496 1474 1551 in
1503 1495 1799 1552 civitatem
1829 1493 1978 1549 reci-

2076 335 2203 405 jam
2223 334 2417 390 dictus
2451 336 2771 392 Willelmus
2805 336 3270 406 gloriosissimus
3328 343 3384 394 et
3409 339 3742 410 potentissi-

2081 440 2238 495 mus,
2266 425 2450 482 extitit
2478 425 2706 482 cunctis
2721 425 3018 496 amabilis,
3051 426 3743 500 consiliomagnus,pru-

2081 512 2294 569 dencia
2315 515 2698 588 conspicuus,
2723 513 2783 569 in
2823 514 3027 571 dando
3056 515 3744 583 liberalissimus,defen-

2083 617 2182 657 sor
2211 618 2572 676 pauperum,
2621 607 2791 676 pater
2832 603 3293 672 monachorum,
3327 604 3652 661 aedificator
3690 609 3746 662 et

2083 697 2318 748 amator
2347 693 2754 762 ecclesiarum,
2788 697 2845 750 et
2881 696 3181 767 praecipue
3243 699 3478 750 amator
3523 700 3744 752 sanctae

2084 782 2354 837 Ecclesiae
2377 784 2680 838 Romanae.
2707 782 2860 840 Cuia
2879 783 3192 853 juventute
3220 784 3591 840 consuetudo
3613 785 3743 855 fuit,

2083 875 2148 926 ut
2182 885 2420 943 semper
2440 871 2606 926 omni
2622 886 2783 926 anno
2829 870 2906 926 ad
2940 869 3148 927 limina
3175 871 3587 944 apostolorum
3635 875 3744 929 Bo-

2086 975 2250 1015 mam
2281 963 2651 1032 properaret,
2684 964 2740 1015 et
2768 975 2838 1015 eo
2883 976 3004 1032 quo
3035 963 3286 1016 Romam
3311 977 3435 1017 non
3462 977 3745 1034 propera-

2085 1049 2189 1105 bat
2210 1064 2391 1112 anno,
2421 1049 2500 1105 ad
2526 1053 2801 1105 sanctum
2827 1049 3118 1106 Jacobum
3141 1050 3394 1106 Gallicite
3416 1067 3745 1124 reconpen-

2086 1141 2242 1193 saret
2265 1138 2373 1194 iter
2393 1137 2701 1194 devotum.
2737 1141 2801 1194 Et
2829 1154 3193 1211 quocunque
3229 1139 3337 1195 iter
3387 1145 3609 1210 ageret,
3653 1140 3746 1196 vel

2087 1231 2450 1283 conventum
2479 1226 2790 1300 publicum
2842 1233 3160 1296 exerceret,
3189 1229 3386 1301 potius
3415 1247 3518 1285 rex
3557 1245 3747 1302 quam

2085 1332 2215 1372 esse
2237 1316 2361 1372 dux
2397 1315 2721 1388 putabatur
2790 1316 3100 1374 honestate
3131 1321 3188 1372 et
3249 1317 3600 1375 claritudine
3628 1335 3753 1392 qua

2087 1404 2372 1461 aﬂluebat
2399 1405 2664 1461 honoris.
2700 1409 2826 1462 Non
2853 1406 3047 1462 solum
3074 1423 3215 1462 vero
3243 1424 3487 1463 onmem
3510 1408 3749 1481 Aquita-

2084 1494 2250 1550 niam
2282 1511 2392 1550 suo
2415 1495 2666 1566 subjecit
2704 1495 2978 1567 imperio,
3041 1499 3102 1550 ut
3130 1512 3309 1552 nemo
3348 1501 3555 1552 contra
3611 1513 3750 1553 eum

314 1602 476 1660 pere,
533 1585 796 1642 dicentes
865 1601 990 1640 una
1045 1601 1242 1641 voce:
1303 1587 1441 1641 Non
1491 1585 1652 1641 decet
1707 1584 1978 1640 domina-
2019 1599 2059 1651 Β
2088 1583 2285 1640 levare
2335 1599 2586 1640 manum
2639 1584 2904 1653 auderet,
2963 1601 3170 1641 verum
3218 1585 3398 1642 etiam
3447 1602 3649 1656 regem
3694 1589 3750 1641 6'

317 1677 376 1732 ri
433 1676 718 1732 Ecclesiae
779 1675 977 1744 ﬁlium
1043 1676 1244 1731 scorti.
1330 1673 1720 1730 Postmodum
1784 1677 1984 1729 tamen

317 1769 372 1820 2'
397 1764 553 1834 regis
591 1763 865 1819 voluntas
923 1763 1252 1836 praevaluit,
1312 1768 1368 1819 et
1409 1763 1506 1820 Dei
1538 1767 1686 1818 nutu
1741 1762 1802 1818 in
1841 1762 1980 1818 sede

320 1857 634 1926 susceptus
665 1858 752 1907 est
783 1853 901 1923 (an.
939 1857 1117 1920 1009).
1152 1857 1223 1909 At
1253 1853 1551 1910 Bernardo
1589 1852 1817 1908 insidiis
1846 1869 1979 1908 mu—

317 1941 604 1998 liebribus
642 1941 734 2011 '35,
767 1940 1054 1997 maleﬁcis
1094 1942 1321 1999 artibus
1351 1959 1600 2016 corpore
1638 1941 1978 2008 fatescente,

318 2027 466 2086 vitae"
486 2029 739 2102 privato,
776 2029 1034 2094 Santius,
1058 2030 1237 2086 frater
1274 2031 1424 2102 ejus,
1466 2031 1589 2087 dux
1619 2034 1981 2087 Wasconum

318 2119 521 2176 extitit.
554 2121 634 2174 Ex
673 2118 956 2174 defuncta
983 2120 1244 2191 conjugo
1277 2120 1546 2175 Willelmi
1577 2120 1746 2176 (lucis
1775 2123 1851 2189 3⁸,
1909 2136 1980 2176 ex

318 2225 442 2282 qua
474 2214 819 2282 susceperat
843 2207 1034 2264 ﬁlium
1067 2209 1444 2280 Willelmum,
1475 2209 1636 2264 idem
1659 2210 1783 2265 dux
1821 2226 1982 2266 soro-

317 2316 446 2355 rem
479 2298 660 2356 Santii
691 2298 949 2354 Briscam
973 2299 1033 2354 in
1075 2316 1321 2356 uxorem
1345 2299 1648 2372 copulavit
1673 2299 1804 2368 sibi,
1845 2316 1981 2373 quae

319 2389 372 2444 ei
396 2388 667 2444 Odonem
708 2387 912 2458 genuit
931 2387 1142 2443 ﬁlium.

389 2482 479 2534 40.
509 2481 616 2535 Per
643 2478 804 2534 idem
861 2482 1099 2551 tempus
1163 2480 1400 2532 mortuo
1467 2477 1736 2533 Gosfrido
1766 2477 1982 2535 abbate

322 2567 514 2623 sancti
543 2566 829 2624 Marcialis
879 2566 1001 2636 (an.
1045 2566 1192 2637 998),
1247 2569 1301 2620 et
1360 2566 1712 2622 succedente
1759 2583 1867 2640 pro
1911 2583 1982 2623 eo

317 2655 652 2712 Adalbaldo
681 2654 972 2724 regularis
1037 2654 1250 2724 meriti,
1280 2657 1337 2710 et
1371 2654 1612 2710 Widone
1643 2659 1700 2711 et
1726 2655 1982 2712 Alduino

318 2745 602 2819 episcopo
630 2743 809 2800 fratre
835 2744 964 2816 ejus
1003 2743 1434 2800 revertentibus
1465 2759 1716 2817 propere
1742 2744 1820 2800 ab
1850 2744 1983 2800 Hie-

318 2834 636 2904 rosolimis,
669 2833 1056 2908 sepulchrum
1082 2833 1271 2889 sancti
1302 2833 1577 2905 Eparchii
1608 2832 1833 2890 clarere
1898 2835 1982 2891 in-

2093 1677 2453 1730 Francorum
2487 1673 2602 1729 sibi
2624 1673 2834 1730 habuit
2855 1674 3299 1748 complacitum.
3331 1671 3521 1731 immo
3549 1675 3752 1748 Hispa-

2088 1763 2200 1819 niae
2241 1779 2444 1833 regem
2474 1763 2868 1831 Adefonsum,
2924 1780 3249 1837 regemque
3307 1768 3580 1821 Navarra:
3610 1767 3752 1822 San-

2091 1852 2258 1920 tium,
2288 1867 2398 1907 nec
2422 1868 2542 1908 non
2574 1856 2631 1908 et
2657 1867 2859 1923 regem
2882 1851 3436 1909 Danamarchorum
3465 1858 3522 1910 et
3563 1859 3752 1925 Ange-

2088 1943 2285 1998 lorum
2315 1943 2560 1999 nomine
2589 1945 2902 2012 Canotum,
2921 1943 3002 1999 ita
3032 1943 3143 1999 sibi
3175 1960 3415 2000 summo
3435 1943 3639 2001 favore
3653 1945 3754 2000 de,

2089 2031 2378 2098 vinxerat,
2411 2036 2477 2087 ut
2502 2031 2750 2101 singulis
2773 2032 2947 2087 annis
3001 2032 3328 2102 legationes
3359 2049 3568 2090 eorum
3593 2034 3751 2090 exci-

2089 2124 2255 2193 peret
2275 2120 2547 2192 pretiosis
2575 2137 2712 2177 cum
2751 2121 3104 2177 muneribus
3125 2123 3295 2194 (116),
3347 2123 3596 2196 ipseque
3625 2139 3756 2196 pre-

2091 2209 2331 2265 tiosiora
2371 2209 2454 2265 eis
2503 2209 2824 2265 remitteret
2871 2226 3142 2266 munera.
3203 2213 3351 2266 Cum
3395 2211 3753 2284 imperatore

2093 2297 2366 2358 Hainrico
2397 2298 2476 2354 ita
2503 2298 2814 2354 amicicitis
2845 2298 3160 2371 copulatus
3189 2303 3367 2370 est,ut
3403 2300 3755 2356 muneribus

2093 2376 2442 2444 alterutrum
2474 2403 2535 2444 se
2585 2389 2968 2444 honorarent.
3004 2391 3158 2444 Inter
3213 2389 3563 2462 multiplicia
3593 2389 3756 2447 deni-

2090 2493 2208 2550 que
2241 2493 2494 2539 munera
2518 2478 2641 2532 dux
2676 2477 2996 2533 Willelmus
3026 2477 3328 2548 ingentem
3358 2495 3430 2534 ex
3456 2494 3604 2536 auro
3633 2495 3748 2552 pu-

2090 2565 2328 2622 rissimo
2359 2581 2564 2622 ensem
2591 2565 2804 2622 direxit
2825 2565 2897 2635 ei,
2922 2565 2986 2621 in
3009 2581 3133 2638 quo
3154 2581 3295 2621 ense
3323 2565 3528 2622 litterae
3557 2566 3756 2635 signa-

2090 2656 2312 2712 bantur
2340 2655 2601 2725 legentes
2642 2673 2654 2710 :
2687 2657 3016 2712 Hainricus
3057 2657 3384 2726 imperator
3426 2671 3594 2712 cesar
3650 2671 3758 2712 au-

2091 2751 2318 2816 gust-us.
2343 2744 2594 2800 Romani
2624 2743 2934 2816 pontiﬁces
2965 2761 3104 2801 eum
3132 2743 3470 2802 venientem
3500 2747 3754 2801 Romam

2093 2834 2175 2890 sic
2204 2838 2536 2891 reverenter
2573 2833 2968 2906 excipiebant,
3011 2833 3136 2889 acsi
3174 2837 3332 2890 esset
3379 2849 3589 2889 eorum
3651 2849 3754 2895 au-

317 2925 585 2980 numeris
615 2924 794 2996 coepit
817 2923 1122 2980 miraculis
1147 2922 1283 2996 plus
1306 2922 1498 2979 solito.
1525 2925 1589 2979 Et
1614 2923 1766 2979 visio
1795 2926 1985 2981 mani-
2026 2949 2067 3004 C
2093 2923 2649 2995 gustus,omnisque
2665 2926 2970 2979 Romanus
2983 2926 3224 2978 senatus
3237 2926 3469 2995 patrem
3485 2938 3624 2978 eum
3641 2922 3754 2978 sibi

322 3012 470 3068 festa
497 3011 794 3086 patefacta
841 3016 929 3068 est
967 3010 1273 3067 Fulcherio
1312 3010 1518 3067 abbati
1548 3011 1735 3068 sancti
1767 3013 1990 3070 Carroﬁ

318 3106 374 3158 et
410 3101 748 3170 monachis,
782 3105 848 3158 ut
877 3107 1154 3158 sanctum
1195 3100 1426 3171 lignum
1450 3100 1644 3156 crucis
1671 3101 1748 3157 ad
1788 3106 1989 3160 tumu-

315 3190 444 3247 lum
474 3191 773 3247 deferrent
831 3189 992 3246 beati
1033 3189 1325 3262 Eparchii.
1361 3190 1530 3255 Quod
1565 3195 1860 3248 conventu
1900 3209 1993 3249 so-

317 3280 542 3354 lempni
571 3284 882 3354 peractum
912 3282 1020 3350 est,
1071 3283 1127 3334 et
1169 3278 1388 3334 abbate
1428 3279 1760 3350 Raginoldo
1801 3283 1991 3352 Engo-

319 3369 590 3425 lismensi
617 3373 996 3442 procurante,
1012 3372 1328 3440 exceptum
1351 3371 1440 3422 est
1465 3373 1740 3423 sanctum
1757 3367 1990 3438 lignum

320 3459 381 3513 in
406 3458 654 3513 basilica
701 3457 861 3512 beati
894 3456 1165 3528 Eparchii
1213 3456 1274 3511 in
1331 3455 1427 3511 die
1484 3455 1613 3526 ejus
1643 3455 1987 3528 festivitatis,

322 3545 416 3600 die
448 3545 642 3617 primo
670 3544 892 3600 mensis
922 3543 1060 3598 Julii
1095 3562 1107 3611 ;
1141 3549 1197 3599 et
1223 3543 1582 3617 adimpletis,
1622 3561 1757 3617 quae
1787 3547 1990 3604 divina

323 3633 702 3690 ordinaverat
747 3634 958 3706 pietas,
1013 3633 1296 3689 monachi
1355 3634 1544 3690 sancti
1585 3635 1809 3691 Carroﬁ
1839 3637 1992 3693 vale-

324 3723 589 3779 dicentes
645 3722 929 3779 fratribus
989 3721 1559 3793 Engolismensibus,
1593 3741 1730 3781 eum
1779 3730 1988 3784 sancto

326 3812 487 3882 ligno
520 3811 773 3883 gloriose
805 3816 1074 3868 remeant
1102 3815 1180 3869 4⁸.

395 3905 484 3957 In.
520 3904 730 3958 Comes
759 3901 1018 3975 denique
1051 3901 1408 3972 Engolismae
1440 3901 1785 3972 Willelmus,
1811 3920 1991 3979 copu-

324 3990 445 4047 lata
472 3990 584 4046 sibi
611 3989 672 4046 in
702 3991 984 4062 conjugio
1033 3991 1339 4063 Girberga,
1394 4007 1595 4048 sorore
1649 3993 1880 4049 comitis
1910 3997 1985 4050 5'.

328 4078 621 4148 Fulconis,
652 4077 807 4135 ﬁlios
841 4094 914 4134 ex
931 4094 1002 4134 ea
1030 4079 1290 4152 suscepit
1320 4079 1672 4138 Hilduinum
1693 4084 1749 4137 et
1769 4081 1986 4138 Gosfri-

2097 3012 2774 3086 adclamabat.Cumque
2797 3012 3076 3068 comitem
3105 3010 3600 3082 Andegavensem
3629 3012 3756 3068 Ful-

2097 3104 2353 3159 chonem
2384 3101 2445 3158 in
2476 3102 2760 3158 manibus
2809 3101 2932 3157 suis
2962 3101 3449 3158 commendatam
3485 3101 3754 3174 haberet,

2099 3194 2470 3246 concesserat
2497 3189 2550 3245 ei
2579 3207 2688 3263 pro
2743 3189 3035 3245 beneﬁcio
3067 3188 3414 3244 Losdunum
3435 3189 3585 3260 (117)
3617 3205 3756 3244 cum

2098 3280 2226 3337 aliis
2256 3279 2537 3336 nonnulis
2566 3278 2773 3334 castris
2800 3279 2862 3334 in
2884 3278 3260 3334 Pictavorum
3283 3277 3429 3344 solo,
3465 3279 3758 3334 Santones

2097 3385 2340 3442 quoque
2371 3385 2510 3424 cum
2538 3367 2908 3441 quibusdam
2937 3367 3214 3425 castellis.
3252 3368 3413 3424 Idem
3443 3367 3568 3424 dux
3583 3367 3632 3423 si
3649 3367 3760 3424 cle-

2097 3459 2287 3515 ricum
2319 3457 2611 3532 sapientia
2633 3462 2915 3513 ornatum
2952 3457 3198 3524 videret,
3228 3473 3468 3513 summo
3499 3472 3638 3513 eum
3663 3473 3761 3512 ex-

2097 3543 2350 3600 colebat.
2405 3541 2572 3599 Undc
2600 3541 2980 3610 Rainaldum,
3003 3545 3404 3611 cognomento
3427 3541 3756 3613 Platonem,

2096 3633 2466 3688 monachum
2484 3648 2594 3705 pro
2627 3631 2932 3704 sapientiae
2949 3634 3164 3686 ornatu
3189 3629 3452 3703 praefecit
3476 3630 3761 3688 abbatem

2096 3739 2168 3779 ex
2199 3722 2476 3778 comobio
2526 3721 2714 3777 sancti
2764 3720 3056 3777 Maxentii.
3116 3719 3477 3792 Episcopum
3515 3736 3760 3793 quoque

2099 3812 2366 3870 Cal-notis
2397 3811 2761 3874 Fulbertum,
2785 3809 3080 3883 sapientia
3104 3813 3440 3880 cumptum,
3461 3826 3497 3865 a
3527 3810 3762 3866 Frantia

2097 3906 2416 3959 evocatum
2442 3899 2692 3956 donavit
2711 3898 3081 3957 thesauraria
3121 3897 3311 3954 sancti
3339 3897 3560 3971 Hylarii
3591 3897 3756 3970 (118),

2095 3997 2152 4050 et
2179 4008 2363 4066 penes
2392 4006 2455 4047 se
2497 3988 2896 4047 reverendum
2945 3987 3230 4045 exhibuit.
3264 3987 3604 4061 Aliquando
3629 4002 3762 4043 esse

2092 4082 2194 4139 vix
2214 4079 2629 4138 inveniebatur
2649 4078 2775 4134 sine
2800 4076 3003 4150 aliquo
3019 4077 3464 4151 episcoporum.
3479 4079 3764 4135 Monaste-

333 4257 554 4333 t'_cum
579 4254 833 4333 ecclesia
871 4256 1061 4333 sancti
1092 4256 1240 4312 Petri
1270 4257 1410 4333 add.
1445 4262 1495 4333 2.
1537 4258 1626 4333 _2'
1669 4264 1976 4333 sequestro
2003 4260 2254 4319 Odilone
2284 4259 2502 4333 abbate
2528 4263 2581 4314 2.
2658 4259 2715 4314 3'
2744 4255 3105 4333 Pictavensis
3135 4256 3280 4333 add.
3314 4260 3367 4312 2.
3408 4257 3474 4333 4:
3497 4254 3764 4333 Denique

398 4326 514 4381 hoc
540 4325 732 4406 crucis
759 4326 992 4406 lignum
1023 4327 1096 4382 dc
1118 4344 1292 4406 cruce
1312 4328 1625 4406 _dominica
1655 4325 1831 4406 extat,
1865 4333 2032 4406 quod
2075 4331 2619 4406 therosolimoruimr
2656 4327 2997 4406 patriarcha
3027 4326 3153 4406 regi
3199 4329 3410 4406 Magno
3437 4326 3648 4406 carolo
3663 4325 3766 4406 _‘di-

401 4401 738 4478 rexergthet
766 4397 1280 4478 idemiimperator
1307 4399 1609 4478 ineadem
1657 4397 1925 4472 basilica,
1959 4420 2146 4478 quam
2194 4401 2461 4459 condidit
2492 4397 2856 4478 _Rotgerius_
2875 4415 3079 4478 comes
3113 4397 3548 4478 Lemovicensis
3570 4397 3630 4452 in
3663 4397 3768 4478 ho-

401 4483 545 4523 nore
580 4467 900 4548 Salvatoris
932 4467 1409 4548 (_119),.reposu_it.
1434 4475 1632 4548 _Locus
1665 4480 1864 4548 autem
1898 4467 2147 4548 antiquo
2172 4489 2449 4548 sermone
2481 4467 2786 4527 Gallorum
2819 4470 3097 4548 Carrofus
3124 4469 3500 4548 vacitabatur
3520 4471 3767 4548 propter

401 4540 1019 4617 carrorumconﬁnia,
1052 4540 1114 4617 id
1145 4540 1232 4617 est
1258 4543 1630 4617 _veiculorum
1657 4540 2066 4617 publicorum,
2091 4550 2147 4602 et
2175 4545 2459 4617 deinceps
2487 4559 2598 4617 pro
2626 4542 2967 4617 reverencia
2997 4541 3189 4617 crucis
3240 4541 3522 4597 Sanctum
3559 4540 3765 4617 carro-

401 4610 850 4693 f‘umnappellari
879 4611 1120 4693 placuit:
1150 4614 1290 4693 add.
1324 4617 1378 4671 2.
1421 4617 1518 4693 _5°_
1542 4610 1994 4693 Andegavensis
2025 4610 2166 4676 add.
2199 4621 2252 4673 2.
2331 4610 2561 4672 6"G.'r.
2587 4613 3042 4672 amicissimum,
3078 4611 3329 4678 habens,
3353 4625 3475 4682 prae
3534 4610 3764 4663 caeteris

402 4681 662 4738 ducibus
678 4682 738 4739 in
769 4681 901 4754 ejus
933 4682 1157 4756 palatio
1183 4684 1617 4745 honorabatur.
1641 4692 1694 4745 2.

1708 4869 1936 4924 VARLE
1977 4869 2276 4927 LECTION
2281 4870 2383 4926 ES.

415 4932 486 4967 ¹³⁵
520 4931 869 4988 mulieribus
905 4937 954 4987 1.

1949 5063 2172 5121 NOTAE.

402 5237 448 5310 (ί
465 5234 553 5310 l5)
578 5234 844 5310 Bacenis
873 5236 1091 5310 Capeti:

401 5304 545 5377 (116)
583 5304 694 5363 αἱ(
727 5305 866 5364 Hist.
927 5304 1136 5367 cbncil.
1183 5313 1422 5371 Lemov.
1473 5330 1528 5372 a.
1584 5317 1739 5372 1031.
1793 5313 1976 5371 Labb.

328 5376 505 5454 Coac.
529 5376 718 5454 'lX._p.
742 5380 884 5454 _882)
909 5380 1104 5454 {Ante
1133 5382 1236 5439 hos
1266 5391 1484 5454 septem
1513 5401 1702 5443 annos
1726 5386 1980 5443 νεα-Λη-

322 5449 562 5532 glorum
610 5449 754 5532 (iaci
775 5450 1118 5532 Aquitania!
1154 5449 1387 5532 regalia
1413 5473 1664 5516 munera
1694 5459 1856 5532 misti
1903 5458 1980 5512 si-

323 5520 566 5602 mulque
589 5520 858 5604 codicem'
900 5523 1113 5604 litteris
1173 5520 1370 5585 aureis
1427 5532 1737 5604 scriptam,
1769 5530 1833 5584 in
1859 5543 1981 5600 qua.

321 5595 565 5649 nomina
591 5599 934 5651 sanctorum
966 5595 1250 5654 distincta
1279 5615 1413 5657 cum
1443 5595 1804 5678 imaginibus
1838 5595 1978 5657 60n-

2090 5239 2464 5305 tinelantur,
2499 5239 2610 5292 etc.

2165 5311 2314 5385 (“7)
2342 5309 2425 5385 Cf.-
2455 5323 2506 5385 (ὲ
2533 5310 2622 5385 3.!"
2743 5373 2755 5385 .

2161 5374 2312 5454 (118)
2347 5378 2428 5435 t‘f.
2466 5376 2631 5454 Fulb.
2663 5374 2832 5454 epist.
2878 5374 3140 5454 128,_etc.

2093 5440 2312 5582 “(1119)
2433 5489 2449 5508 .
2492 5447 2637 5521 dipl.
2693 5440 2946 5515 Rotgerii
2987 5440 3337 5508 'Mabillon”
3391 5444 3542 5495 Ann.
3600 5440 3665 5507 ll,
3699 5452 3762 5510 p.
