4048 6178
228 156 296 208 57
1268 145 1782 206 HISTORIARUM
1823 145 2007 202 LIBRI
2044 144 2242 218 TRES.
2288 183 2356 191 —
2386 148 2515 207 LIB.
2545 152 2633 205 Ill.
3619 150 3687 203 58

224 275 314 332 rio
341 273 744 331 Lemovicensi
771 272 926 329 beati
957 269 1240 330 Marcialis
1277 269 1446 325 dedit
1479 272 1824 328 ecclesiam
1849 269 1912 323 in
1944 271 1992 322 Α
2028 271 2359 329 Jordanum
2386 273 2716 346 principem
2781 271 3258 329 Cabannensem.
3311 273 3688 342 Reversoque

227 364 490 421 Alniensi
520 364 689 433 (120),
718 365 899 434 quam
927 366 982 417 et
1027 365 1194 434 pater
1242 359 1371 430 ejus
1433 359 1658 416 eidem
1708 373 1916 416 mona-

228 453 402 510 sterio
431 457 568 508 ante
598 452 858 518 dederat,
883 450 1101 506 scilicet
1128 447 1359 515 Anesio,
1389 463 1546 519 quae
1594 455 1688 506 est
1715 449 1778 505 in
1810 447 1914 502 ho-

225 559 367 599 nore
400 541 587 597 sancti
617 540 781 596 Petri.
837 539 1118 596 Cmnobio
1169 536 1587 609 Cluniacensi,
1634 543 1694 595 et
1738 553 1916 593 ceno-

230 633 329 690 bio
359 630 550 687 sancti
580 629 872 687 Michaelis
905 631 976 665 ¹³⁶
997 629 1076 686 ad
1103 631 1169 664 ¹³τ
1198 628 1436 686 Clusam
1487 629 1656 701 (121)
1712 628 1775 684 in
1800 631 1912 683 Ita-

227 720 323 789 lia,
355 724 414 775 et
440 719 644 776 multis
675 719 805 775 aliis
835 736 942 792 per
971 718 1369 791 Burgundiam
1401 721 1466 774 et
1511 717 1913 792 Aquitaniam

223 809 602 866 monasteriis
632 810 754 876 Dei,
780 810 953 880 juxta
992 827 1156 867 oram
1185 807 1573 865 maritimam
1625 809 1804 881 plura
1851 807 1912 862 in

221 897 518 954 reditibus
545 898 708 954 dona
741 903 1031 955 terrarum
1069 898 1146 955 ad
1191 896 1426 969 copiam
1491 897 1912 970 supplementi

216 1003 537 1043 servorum
565 986 778 1044 Christi
804 987 1120 1057 delegavit.
1150 985 1657 1059 Amplectebatur
1687 987 1757 1021 133
1789 1002 1914 1041 ma-

218 1075 386 1131 ximo
431 1075 652 1132 affectu
707 1075 958 1132 honoris
1010 1077 1079 1110 ¹³⁹
1132 1074 1430 1145 regulares
1457 1075 1806 1130 monachos
1858 1078 1917 1131 et

219 1163 496 1232 abbates,
515 1168 572 1220 et
595 1179 810 1220 eorum
829 1163 1088 1220 consiliis
1108 1164 1398 1220 nitebatur
1422 1162 1490 1218 in
1525 1162 1909 1219 administra-

222 1253 380 1309 tione
410 1253 600 1324 regni.
635 1253 806 1309 Unde
837 1258 896 1310 et
915 1253 1206 1309 domnum
1238 1251 1586 1321 0dilonem,
1646 1251 1909 1308 Cluniaci

219 1341 529 1411 abbatem,
571 1342 838 1415 copiosis
893 1342 1244 1398 muneribus
1285 1340 1394 1396 sibi
1452 1340 1720 1408 attraxit,
1767 1357 1908 1396 con-

219 1431 546 1504 templatus
572 1432 634 1487 in
658 1447 731 1488 eo
762 1433 1058 1505 templum
1093 1431 1340 1504 Spiritus
1371 1431 1569 1486 sancti
1607 1431 1677 1497 Γ,
1712 1446 1910 1486 caeno-

215 1521 441 1594 biaque
473 1538 598 1578 sua:
660 1521 911 1578 ditionis
953 1521 1222 1578 nonnula
1253 1521 1528 1592 ejusdem
1561 1520 1907 1590 magisterio

219 1611 483 1668 tradidit.
518 1612 679 1668 Fecit
702 1611 872 1668 idem
899 1611 1023 1668 dux
1042 1628 1079 1668 a
1126 1627 1283 1668 novo
1308 1611 1658 1666 cmnobium
1704 1610 1907 1666 nobile

217 1701 592 1758 Malliacense
624 1703 778 1772 (122)
826 1701 1118 1758 territorio
1173 1701 1514 1757 Pictavensi
1569 1702 1690 1772 (an.
1721 1702 1902 1773 1003).

221 1795 493 1864 Itemque
534 1791 758 1863 ingens
817 1791 1160 1848 coenobium
1211 1790 1598 1860 Burguliense
1650 1791 1790 1862 (123)
1843 1791 1904 1846 in

222 1881 443 1953 cespite
497 1879 907 1949 Adegavensi,
948 1879 1008 1935 in
1066 1879 1257 1935 fundo
1303 1879 1568 1952 proprio,
1599 1894 1721 1934 una
1764 1895 1904 1935 cum

223 1973 411 2024 matre
439 1985 552 2025 sua
575 1972 797 2024 Emma
833 1969 925 2036 “0,
957 1984 1158 2024 sorore
1191 1967 1414 2024 Odonis
1447 1968 1900 2040 Campanensis.

224 2059 286 2113 In
316 2058 544 2130 quibus
600 2056 896 2113 coenobiis
954 2056 1261 2128 regulares
1311 2057 1644 2112 monachos
1693 2057 1903 2126 adgre-

222 2147 384 2216 gavit
417 2147 645 2219 plures,
676 2147 785 2219 qui
811 2145 907 2201 die
935 2150 1240 2219 noctuque
1283 2149 1401 2202 Deo
1439 2145 1651 2201 laudes
1681 2147 1905 2218 persol-

219 2241 445 2303 verent,
475 2237 686 2309 eisque
713 2235 1011 2292 ordinavit
1050 2235 1560 2291 ferventissimum
1586 2235 1648 2290 in
1697 2240 1904 2292 sancto

217 2324 535 2397 proposito
588 2328 646 2379 et
692 2323 1024 2395 disciplinas
1082 2322 1316 2378 celestis
1370 2323 1758 2378 fortissimam
1812 2340 1908 2380 co-

217 2413 548 2487 lumpnam
579 2412 867 2469 abbatem
899 2412 1334 2468 Theodelinum
1381 2414 1457 2468 2'.
1495 2414 1648 2470 Sane
1686 2412 1906 2468 multo-

219 2503 352 2570 ties,
387 2503 497 2574 qui
527 2502 578 2558 ei
605 2501 893 2557 rebellare
924 2501 1123 2598 conati
1154 2505 1299 2598 sunt
1326 2501 1662 2574 Aquitanici
1683 2503 1905 2574 primo-
1934 2543 1974 2598 Ο

217 2608 334 2662 res,
385 2607 604 2647 omnes
648 2590 737 2646 vel
783 2589 1031 2646 edomiti
1082 2589 1180 2646 vel
1232 2590 1518 2662 prostrari
1547 2595 1704 2646 sunt.
1741 2591 1903 2647 Unde

224 2697 368 2736 cum
403 2679 706 2736 obsideret
734 2679 1120 2736 Rocameltim
1175 2669 1328 2751 (124)
1358 2696 1560 2735 comes
1591 2682 1741 2735 Boso
1771 2680 1903 2736 vici-

221 2786 378 2824 num
437 2771 655 2825 Sancto
696 2767 957 2831 Carrofo,
1009 2785 1150 2824 cum
1200 2768 1582 2825 multitudine
1659 2769 1902 2825 fortium

221 2862 440 2915 contra
465 2875 608 2914 eum
628 2858 815 2915 aciem
844 2858 1074 2926 struxit,
1108 2862 1185 2927 et,
1220 2858 1545 2914 commisso
1567 2858 1746 2927 bello,
1777 2859 1904 2916 dux

224 2949 513 3004 3'vietor
532 2947 752 3015 extitit;
786 2952 861 3009 et.
916 2947 1169 3020 repetita
1222 2947 1537 3003 obsidione
1585 2948 1664 3012 4‘,
1718 2947 1776 3002 vi
1807 2965 1903 3006 ca-

225 3042 429 3092 strum
464 3035 912 3109 cepit.I-labebat
937 3053 1145 3092 secum
1174 3036 1384 3106 magni
1424 3035 1655 3092 consilii
1683 3036 1900 3108 virum,

220 3125 519 3181 comitem
570 3125 918 3196 Engolismaa
974 3125 1358 3192 Willelmum,
1425 3126 1599 3196 cujus
1639 3125 1902 3184 maxime

220 3215 484 3270 consilio
514 3213 829 3286 pendebat.
859 3213 968 3280 Qui
1017 3214 1101 3270 ita
1152 3230 1216 3269 se
1261 3213 1521 3269 invicem
1570 3214 1904 3272 dilexerunt

224 3319 502 3376 semper,
534 3308 599 3358 ut
634 3309 783 3359 esset
811 3303 894 3359 eis
920 3303 977 3356 5"
1008 3303 1216 3359 anima
1243 3319 1386 3358 una.
1434 3303 1699 3359 Blaviam
1754 3306 1898 3376 (125)

221 3388 496 3462 denique
519 3395 781 3445 castrum
812 3407 952 3446 cum
983 3396 1362 3464 expugnaret
1390 3406 1592 3446 comes
1642 3394 1904 3463 Engolis-

223 3476 486 3543 mensis,
508 3478 723 3534 ducem
746 3478 947 3550 ipsum
970 3496 1175 3536 secum
1207 3479 1438 3546 habuit,
1469 3483 1766 3552 etmagna
1785 3482 1902 3538 for-

223 3566 489 3621 titudine
523 3566 720 3639 ipsum
750 3572 1015 3624 castrum
1048 3570 1300 3643 accepit,
1351 3572 1409 3624 et
1467 3585 1504 3623 a
1561 3569 1712 3625 duce
1770 3571 1901 3644 ipso

220 3654 465 3725 accepit
490 3653 550 3708 in
605 3654 891 3711 beneficio
934 3657 1058 3712 haec
1091 3659 1146 3712 6"
1181 3676 1194 3714 :

221 3741 465 3797 lensem
495 3748 554 3798 et
585 3733 984 3801 OEnacensem
1027 3749 1083 3800 et
1131 3744 1653 3801 Rocacardensem
1707 3748 1898 3804 hono-

223 3846 484 3902 remque
515 3832 663 3902 (126)
693 3833 1147 3890 Cabannensem
1198 3839 1257 3889 et
1290 3831 1677 3905 Confolentis,
1710 3836 1901 3892 Rofia-

225 3934 380 3973 cum
411 3934 671 3990 quoque,
696 3923 752 3974 et
775 3920 961 3976 multa
993 3921 1108 3977 alia
1138 3923 1217 3978 7'.

306 4009 403 4062 42.
435 4007 532 4061 His
562 4009 922 4081 temporibus
947 4011 1238 4067 Alduinus
1267 4009 1612 4082 episcopus,
1637 4013 1902 4069 adducto

221 4112 443 4152 secum
499 4096 646 4154 duce
704 4099 1006 4168 Willelmo,
1065 4099 1331 4157 extruxit
1389 4103 1654 4158 castrum
1714 4103 1901 4159 Bello-

211 4186 437 4258 jocum
464 4201 635 4242 secus
674 4190 1100 4246 monasterium
1151 4186 1349 4245 sancti
1404 4187 1642 4246 Iuniani
1697 4196 1905 4249 contra

221 4383 275 4437 1’
305 4396 500 4453 seque
525 4381 576 4436 ei
596 4381 656 4436 in
683 4383 961 4438 manibus
992 4382 1494 4441 commendatum
1517 4385 1759 4442 tradidit
1786 4387 1941 4442 adet.
1958 4386 2012 4441 2.

1247 3655 1738 3714 vicecomitatum
1767 3659 1901 3717 Mel-
1929 3680 1971 3733 ι)

2023 359 2197 431 duce,
2229 363 2524 419 Jordanus
2555 367 2926 436 przeparatur
2952 378 3092 416 cum
3119 361 3316 416 electis
3347 361 3436 415 vel
3465 360 3542 415 ad
3592 376 3688 415 ca-

2025 453 2214 505 strum
2232 451 2729 523 expugnandum,
2755 450 3212 523 velepiscopum
3235 448 3684 504 debellandum.

2025 538 2374 611 Episcopus,
2400 541 2728 610 adgregata
2756 544 3127 594 armatorum
3151 537 3543 603 immanitate,
3574 535 3688 592 ha-

2022 626 2146 682 bito
2199 627 2260 683 in
2288 629 2510 685 auxilio
2542 629 2720 685 fratre
2753 628 3018 692 Widone,
3045 628 3266 682 occurit
3298 627 3368 693 ei,
3403 631 3458 682 et
3502 641 3688 696 grave

2023 720 2220 772 ortum
2252 723 2340 774 est
2368 718 2642 791 praelium
2679 723 2945 790 tempore
2986 716 3242 772 durioris
3288 715 3516 770 hiemis.
3549 713 3685 769 Plu-

2021 805 2211 862 rimus
2243 808 2490 876 sanguis
2523 808 2748 864 effusus
2803 807 2893 873 8';
2952 806 3136 860 victor
3193 805 3487 860 Jordanus
3543 819 3687 858 cum

2021 895 2298 968 pluribus
2324 897 2696 969 principibus
2727 896 2916 970 captis
2942 895 3272 951 revertitur.
3297 896 3547 964 Jamque
3592 908 3685 946 se-

2023 1001 2222 1052 curus,
2258 1001 2436 1041 casus
2458 987 2536 1041 ab
2563 986 2767 1054 ignoto
2799 985 2982 1040 milite
3014 985 3067 1040 9‘
3096 981 3400 1055 impetitus
3431 997 3464 1036 a
3497 984 3685 1048 tergo,

2023 1089 2353 1145 percussus
2381 1075 2608 1142 interit;
2633 1080 2687 1130 et
2716 1075 2821 1147 qui
2856 1091 2890 1130 a
2945 1072 3067 1127 suis
3112 1071 3270 1144 capti
3305 1070 3684 1138 tenebantur,

2023 1179 2165 1218 mox
2194 1179 2307 1235 pro
2329 1179 2400 1218 eo
2430 1164 2688 1219 confossi
2717 1163 2841 1219 telis
2886 1162 3120 1218 animas
3178 1160 3523 1216 emiserunt.
3573 1161 3687 1212 Pro

2018 1253 2244 1324 quibus
2279 1254 2518 1323 gravior
2546 1254 2738 1310 luctus
2769 1252 2974 1322 extitit,
3033 1267 3221 1324 quam
3250 1255 3426 1305 antea
3460 1265 3570 1322 pro
3622 1247 3686 1302 in

2017 1341 2174 1398 bello
2203 1343 2515 1414 prostratis
2543 1343 2751 1399 fuerat.
2784 1341 3081 1397 Jordanus
3131 1355 3396 1412 quoque,
3442 1352 3686 1393 manzer

2017 1431 2198 1487 frater
2227 1431 2511 1497 defuncti,
2545 1437 2682 1503 post
2710 1430 3019 1486 modicum
3033 1433 3278 1501 captum
3302 1428 3544 1482 fratrem
3557 1424 3683 1498 epi—

2018 1520 2183 1593 scopi
2214 1519 2584 1592 Aymiricum
2604 1520 2812 1575 tandiu
2836 1518 3202 1574 vinculatum
3224 1516 3432 1580 tenuit,
3463 1531 3686 1586 quous-

2015 1625 2132 1683 que
2160 1609 2472 1665 castellum
2503 1609 2904 1664 destrueretur
2935 1623 3118 1678 supra
3148 1609 3570 1661 memoratum.

2085 1703 2173 1755 43.
2207 1702 2314 1753 Per
2343 1698 2453 1753 hos
2485 1697 2611 1753 dies
2643 1696 2970 1762 Gosfridus,
3004 1695 3196 1751 abbas
3228 1693 3416 1748 sancti
3447 1691 3683 1748 Marcia-

2014 1787 2104 1854 lis,
2150 1803 2462 1842 successor
2512 1785 2850 1855 Adalbaldi,
2919 1783 3108 1840 accito
3158 1786 3389 1838 Bosone
3442 1779 3678 1849 comite,

2014 1893 2154 1932 eum
2184 1875 2426 1931 militari
2455 1890 2678 1944 magna
2709 1889 2897 1928 manu
2929 1875 3017 1928 10‘
3044 1887 3263 1943 corpus
3299 1869 3488 1925 sancti
3547 1870 3679 1920 Wa-

2012 1965 2176 2022 lerici
2206 1965 2286 2020 ab
2311 1963 2578 2031 ecclesia,
2616 1979 2752 2035 quae
2777 1962 2994 2033 injuste
3025 1965 3234 2015 saneto
3266 1956 3522 2015 Marciali
3578 1953 3684 2009 ab-

2015 2055 2368 2111 stollebatur
2394 2069 2430 2108 a
2491 2052 2862 2125 quibusdam
2902 2049 3273 2124 principibus
3307 2047 3416 2116 H',
3473 2059 3680 2098 secum

2013 2144 2224 2200 detulit
2260 2141 2659 2198 Lemovicam.
2696 2141 2804 2195 Ubi
2835 2139 3044 2196 tandiu
3075 2136 3358 2210 reliquias
3407 2131 3680 2203 ejusdem

2014 2230 2374 2288 confessoris
2406 2231 2493 2284 12·
2523 2228 2728 2298 tenuit,
2760 2228 2966 2301 quoad
2991 2225 3496 2297 cognoscerentet
3519 2218 3681 2273 exhi-

2013 2322 2223 2377 berent
2253 2319 2553 2392 principes
2579 2317 2995 2374 malefactores
3025 2314 3444 2372 rectitudinem
3493 2306 3682 2364 sancti

2014 2408 2321 2467 Marcialis.
2385 2408 2597 2480 Sicque
2647 2407 3100 2478 possessionem
3159 2402 3249 2460 13"
3307 2399 3680 2469 recuperata,

2012 2499 2348 2554 restitutum
2382 2501 2469 2552 est
2501 2500 2779 2550 sanctum
2809 2509 3030 2566 corpus
3063 2489 3411 2566 supradicto
3441 2486 3595 2550 loco,
3628 2489 3686 2540 et

2013 2588 2073 2644 in
2103 2585 2426 2662 praesentia
2453 2584 2926 2640 Willelmidums
2959 2583 3048 2637 14“
3083 2579 3420 2640 monastica
3461 2575 3541 2630 ibi
3598 2579 3686 2631 est

2013 2677 2289 2734 ordinata
2329 2674 2664 2746 disciplina.

2083 2819 2299 2876 44.1113
2331 2819 2545 2875 diebus
2593 2815 3035 2874 vicecomitissa
3094 2812 3421 2874 Lemovicze
3474 2813 3688 2868 Emma

2013 2909 2170 2965 circa
2189 2908 2567 2965 festivitatem
2598 2907 3012 2980 apostolorum
3048 2913 3108 2964 et
3151 2903 3347 2962 sancti
3399 2901 3687 2960 Marcialis

2013 3003 2252 3054 oratum
2285 2999 2430 3053 abiit
2459 2998 2537 3052 ad
2570 3000 2854 3054 Sanctum
2885 2997 3242 3054 Michaelem
3275 2998 3613 3066 Heremum,
3633 3000 3689 3051 et

2010 3091 2191 3142 noctu
2212 3085 2294 3140 ibi
2324 3084 2740 3141 aMormannis
2772 3082 3102 3154 captivata,
3163 3099 3270 3158 per
3319 3087 3434 3138 tres
3493 3098 3687 3138 annos

2011 3175 2318 3232 exultrans
2373 3190 2538 3229 mare
2569 3178 2657 3229 est
2706 3175 2954 3227 retenta.
3019 3177 3104 3229 Ex
3160 3174 3441 3229 thesauro
3496 3174 3685 3230 sancti

2011 3263 2297 3320 Marcialis
2323 3263 2556 3318 infinita
2585 3260 2714 3317 auri
2761 3263 2817 3314 et
2846 3262 3079 3329 argenti
3110 3262 3383 3334 pondera
3439 3279 3550 3336 pro
3589 3280 3681 3318 re-

2011 3354 2356 3427 demptione
2388 3353 2517 3424 ejus
2540 3351 2682 3407 data
2705 3354 2862 3419 sunt,
2898 3349 3204 3424 simulque
3244 3351 3446 3423 imago
3495 3369 3680 3410 aurea

2012 3444 2199 3499 sancti
2230 3441 2593 3511 archangeli,
2627 3443 2682 3495 et
2708 3438 2824 3495 alia
2846 3439 3095 3510 copiosa
3121 3447 3496 3508 ornamenta,
3540 3459 3677 3515 quae

2010 3533 2215 3589 omnia
2232 3530 2557 3589 Normanni
2581 3529 2932 3594 auferentes,
2959 3530 3209 3586 mentita
3224 3530 3342 3586 ﬁde
3368 3530 3673 3586 mulierem

2009 3639 2132 3678 non
2165 3621 2572 3685 reddiderunt,
2605 3619 2798 3674 donec
2829 3623 2972 3688 post
3000 3618 3224 3674 multos
3254 3619 3382 3675 dies
3430 3619 3674 3676 Richar-

2011 3713 2126 3767 dus
2155 3727 2357 3768 comes
2386 3705 2839 3778 Rotomagensis
2867 3721 3002 3761 eam
3033 3707 3343 3776 ingeniose
3365 3725 3472 3782 per
3517 3709 3677 3780 lega-

2009 3806 2099 3857 tos
2117 3799 2539 3856 ultramorinos
2563 3795 2906 3868 adquireret
2934 3798 2990 3850 et
3017 3795 3147 3850 viro
3179 3813 3288 3852 suo
3320 3798 3567 3854 Widoni
3604 3798 3672 3852 li-

2009 3889 2220 3947 beram
2245 3888 2538 3945 redderet.

2080 4017 2170 4069 45.
2197 4016 2422 4068 Bosone
2452 4009 2675 4064 interea
2701 4005 2916 4061 comite
2942 4007 3245 4063 veneﬁciis
3296 4009 3496 4064 uxoris
3546 4027 3668 4064 suae
3698 4067 3702 4070 ,

2011 4106 2242 4170 necato,
2272 4105 2328 4156 et
2358 4097 2744 4167 Petragoricze
2771 4094 3026 4168 sepulto,
3058 4101 3114 4152 et
3138 4096 3286 4152 urbe
3311 4097 3444 4171 ipsa
3471 4115 3507 4154 a
3526 4098 3669 4153 Wil-

2010 4192 2190 4248 lelmo
2211 4191 2362 4247 duce
2402 4192 2599 4260 capta,
2630 4189 2789 4241 tutor
2832 4183 3095 4242 ﬁliorum
3142 4187 3270 4257 ejus
3322 4192 3378 4244 et
3422 4187 3668 4260 neposis

2119 4388 2175 4442 2'
2199 4383 2526 4452 Teclinum,
2559 4380 2663 4453 qui
2695 4395 2768 4434 ex
2796 4380 3021 4437 Judaeis
3051 4398 3372 4438 conversus
3405 4383 3664 4439 fuerat2.

288 4456 348 4509 3'
368 4453 640 4526 primum
663 4525 670 4526 γ
695 4456 863 4524 Boso,
916 4455 1128 4512 deinde
1160 4453 1515 4526 Willelmus
1534 4456 1689 4522 vicit,
1723 4463 1779 4513 et
1807 4458 1946 4514 add.
1971 4461 2024 4513 2.
2102 4460 2160 4512 4’
2189 4473 2258 4513 ac
2289 4453 2757 4526 Bosonefugato
2780 4453 2920 4507 add.
2953 4458 3029 4526 2.7
3087 4455 3143 4508 5'
3182 4455 3242 4509 in
3274 4454 3516 4526 duobus
3541 4470 3665 4526 core

284 4523 552 4601 poi-ibus
591 4525 741 4601 add.
764 4530 817 4580 2.
861 4600 868 4601 γ
892 4527 1206 4601 _6'_acce_pit
1237 4523 1476 4601 illudin
1501 4525 1863 4601 beneficium
1887 4545 2024 4584 cum
2057 4529 2149 4584 bis
2178 4527 2376 4583 rebus.
2416 4525 2646 4601 Scilicet
2667 4541 2736 4601 v._
2770 4527 2823 4577 2.
2869 4595 2883 4601 _
2903 4525 3288 4601 Tisimulque
3315 4525 3375 4601 in
3405 4525 3665 4580 Alniensi

287 4594 472 4676 plura
524 4596 665 4676 add.
721 4599 774 4650 2.
847 4598 906 4676 _8"
935 4594 1532 4676 fugati'_LCinovicini
1590 4615 1729 4655 eum
1760 4600 2048 4676 episcopo
2069 4607 2124 4656 et
2165 4596 2612 4676 vicecomitibus
2647 4594 2942 4676 suisadd.
3101 4599 3157 4676 εξ·
3180 4594 3215 4653 a
3245 4597 3449 4676 milite,
3483 4612 3665 4676 quem

287 4665 420 4740 ipse
452 4670 863 4740 prostraverat
891 4684 927 4724 a
951 4665 1114 4740 tergo
1139 4669 1202 4724 in
1225 4665 1457 4740 cervice
1483 4665 1882 4740 percussus’2.
1964 4665 2054 4726 I0'
2094 4676 2277 4727 noctu
2315 4671 2656 4740 Montanam
2687 4665 2894 4740 abiens
2922 4667 3064 4724 add.
3110 4672 3162 4724 2.
3241 4671 3326 4740 11⁹
3357 4665 3543 4739 quam
3572 4667 3662 4720 in-

288 4737 423 4811 dole
455 4737 787 4811 ‘principes
817 4737 1068 4811 isancto'
1087 4737 1349 4811 Marciali
1379 4737 1778 4811 abstollebant
1804 4745 1858 4796 2.

1963 4745 2051 4797 12’
2082 4747 2144 4798 In
2175 4743 2379 4796 monte
2411 4737 2620 4795 Gaudii
2645 4737 2785 4794 add.
2820 4742 2874 4794 2.

2975 4742 3063 4794 13⁸
3092 4755 3215 4797 non
3267 4739 3392 4794 sine
3441 4752 3664 4807 magna

286 4808 718 4880 redemptione
747 4810 888 4867 add.
910 4815 964 4867 2.
1044 4813 1134 4868 14⁸
1155 4813 1215 4867 et
1237 4808 1471 4866 Girardi
1499 4810 1766 4884 episcopi
1793 4812 2230 4878 Lemovicensis
2259 4811 2400 4868 add.
2431 4815 2483 4866 2.

1626 4962 1852 5018 mnu:
1892 4946 2294 5022 LECTIONES.

291 5083 370 5118 ¹³⁶
401 5080 687 5158 Martialis
707 5083 887 5158 _Besly
913 5099 974 5158 p.
1007 5089 1134 5158 360.

1245 5085 1316 5160 33"
1347 5084 1505 5160 deest
1533 5089 1583 5142 1.
1607 5090 1662 5142 2.
1743 5088 1812 5124 ³³⁸
1834 5087 2313 5160 amplectabatur
2330 5089 2392 5160 1.
2452 5085 2544 5160 Α¹³⁴θ
2573 5083 2796 5160 honori
2821 5088 2870 5138 1.
2951 5083 3025 5118 ¹⁴⁰
3067 5081 3258 5138 Adala
3300 5081 3661 5139 christianis-

216 5154 379 5212 sima
407 5171 552 5228 quae
574 5153 761 5211 extitit
783 5153 950 5212 soro'r
975 5155 1256 5214 Richardi
1282 5155 1515 5212 comitis
1552 5153 2005 5231 Rotomagensis
2031 5159 2195 5216 Pith.
2229 5173 2290 5230 p.
2320 5159 2408 5212 80.
2443 5155 2540 5228 (ea:
2569 5155 2697 5211 cod.
2727 5155 2802 5226 4.)

1841 5283 2063 5340 NOTIE.

315 5403 446 5475 120)
474 5405 670 5473 Pagus
692 5402 1005 5471 Alniensis,
1023 5419 1182 5475 pays
1212 5403 1473 5473 d’Auny.

317 5475 445 5532 121)
479 5479 541 5530 In
569 5480 772 5530 monte
799 5475 1035 5532 Cinisio.

303 5546 306 5547 ⁷
322 5551 425 5602 122
478 5546 810 5602 Maillezais.

291 5546 447 5690 (123)
490 5617 810 5689 Bourgueil-

321 5617 446 5689 123)
490 5617 1147 5689 Bourgueil-en—Vallee.

2073 5405 2224 5477 (124)
2268 5403 2662 5477 Rochemeau.

2072 5474 2220 5550 (125)
2261 5474 2457 5550 Blaye.

2072 5542 2220 5619 (126)
2261 5542 2457 5619 Honor
2481 5542 2641 5598 idem
2660 5543 2789 5619 fere
2835 5545 3001 5618 quod
3057 5547 3389 5613 comitatus,
3431 5546 3656 5601 viceco-

2001 5616 2244 5674 mitatus
2273 5620 2376 5673 aut
2400 5616 2702 5689 ejusmodi
2728 5616 3014 5691 potestas.
