4048 6178
315 130 382 194 59
1470 131 1784 191 ADEMARI
1824 130 1882 188 S.
1924 122 1982 187 Cl

2092 124 2206 186 ADl
2245 124 2554 188 MONACHI
3671 130 3740 189 60

317 260 424 316 fuit
449 258 610 316 idem
635 257 779 316 dux.
841 261 908 315 Et
957 258 1080 316 ﬁlio
1146 258 1392 316 Bosonis
1448 255 1623 316 Helias
1681 270 1970 314 concessa
2006 256 2055 310 A
2084 254 2422 310 monachus
2451 256 2800 323 Ademarus,
2834 256 2938 328 qui
2964 260 3105 312 tunc
3138 269 3277 313 cum
3307 257 3605 313 avunculo
3628 273 3739 314 suo

317 349 464 405 urbe
477 349 1174 419 Petragorica,Bernardo
1191 350 1315 406 ﬁlio
1339 349 1656 407 Hildeberti
1675 348 1824 420 (127)
1845 345 1974 401 red-

317 438 467 495 didit
493 439 823 494 marcham.
861 442 928 494 Et
953 438 1145 496 donec
1175 440 1367 496 viriles
1415 455 1607 496 annos
1665 438 1975 508 attingeret

317 531 462 583 aatas
492 526 792 594 Bernardi,
825 527 1084 598 injunxit
1112 544 1247 585 eam
1277 529 1606 600 regendam
1632 523 1971 585 fortissimis

317 613 715 689 principibus,
748 612 990 672 duobus
1023 617 1345 688 germanis,
1377 621 1543 673 Petro
1576 615 1784 673 abbati
1839 616 1973 671 Sco-

318 705 668 761 toriensium
694 707 1123 764 canonicorum
1157 709 1324 781 (128),
1351 713 1407 765 et
1434 709 1715 765 Umberto
1769 709 1970 762 Druto.

321 796 590 861 Qum‘um
635 799 804 868 pater
855 795 1024 852 Abbo
1081 800 1296 853 Drutus
1338 800 1600 853 castrum
1677 795 1973 851 Bellacum

318 884 471 956 (129)
505 888 713 940 contra
733 899 937 954 regem
968 886 1314 942 Rotbertum
1340 885 1656 942 fortissime
1712 882 1976 940 defendit

326 973 398 1026 1⁸.
432 972 722 1045 Aquibus
762 973 1002 1030 duobus
1057 975 1375 1031 fortissime
1427 974 1676 1030 marcha
1730 972 1976 1028 defensa

323 1067 430 1129 est,
455 1076 774 1135 quousque
808 1064 1101 1120 Unbertus
1127 1065 1336 1120 obiret.
1371 1067 1572 1120 Petrus
1612 1063 1804 1119 abbas
1860 1061 1976 1116 sin-

323 1149 594 1220 gularem
623 1151 1024 1223 principatum
1055 1153 1353 1225 optinens,
1385 1152 1650 1209 habebat
1679 1150 1789 1207 sibi
1836 1149 1978 1205 fide-

319 1239 619 1295 lissimum
645 1240 1098 1313 profundissimi
1138 1242 1369 1298 consilii
1400 1242 1728 1299 Ainardum
1752 1255 1978 1314 praepo-

323 1327 499 1383 situm
529 1331 607 1398 2',
637 1328 960 1384 habentem
990 1331 1144 1386 duos
1175 1331 1386 1388 fratres
1408 1332 1723 1387 Abbonem
1747 1334 1802 1386 et
1845 1329 1975 1385 Bai-

321 1416 640 1483 mundum,
676 1417 1112 1475 strenuissimos
1142 1421 1348 1488 duces,
1399 1437 1647 1493 corpore
1672 1420 1974 1486 robustos,

325 1505 562 1561 animos
601 1505 942 1576 bellicosos,
989 1523 1250 1581 quorum
1313 1526 1579 1565 sororem
1621 1508 1978 1565 Aldeardem

2082 344 2286 399 inclito
2318 345 2587 416 Rotgerio
2619 347 2958 402 Lemovices
2990 345 3251 416 degebat
3286 348 3347 402 in
3375 347 3738 403 monasterio

2085 434 2272 489 sancti
2303 435 2606 506 Marcialis,
2657 440 3037 508 experrectus
3085 436 3147 491 in
3179 439 3472 510 tempesta
3524 436 3736 504 noctis,

2084 523 2234 579 dum
2259 523 2401 580 foris
2418 529 2577 582 astra
2608 525 2954 598 suspiceret,
2985 525 3135 581 vidit
3165 525 3224 582 in
3258 530 3531 583 austrum
3562 525 3624 581 in
3654 525 3739 581 al-s

2082 612 2334 670 titudine
2361 613 2467 670 celi
2489 631 2778 686 magnum
2809 615 3160 671 cruciﬁxum
3190 615 3249 672 in
3281 615 3412 689 ipso
3445 615 3571 672 celo
3601 618 3656 671 3⁸
3686 618 3740 672 et

2087 702 2320 758 Domini
2349 704 2710 776 pendentem
2741 704 2994 774 figuram
3023 703 3084 760 in
3115 721 3308 772 cruce,
3333 704 3522 761 multo
3546 704 3741 760 ﬂumi-

2083 807 2160 848 ne
2181 791 2564 850 lacrimarum
2597 795 3070 852 inlacrimantem
3104 799 3178 852 4⁸.
3225 800 3351 868 Ipse
3406 800 3607 852 autem
3637 796 3739 868 qui

2085 883 2214 938 haec
2233 883 2382 939 vidit
2419 885 2698 941 attonitus
2730 885 2910 941 nichil
2937 886 3098 942 aliud
3129 887 3320 959 potuit
3341 902 3517 956 agere
3555 897 3736 958 quam

2084 970 2364 1028 lacrimas
2408 973 2486 1028 ab
2535 974 2724 1029 oculis
2776 973 3158 1047 profundere.
3217 974 3368 1030 Vidit
3418 985 3561 1030 vero
3619 978 3738 1030 tam

2085 1060 2281 1134 ipsam
2311 1079 2549 1119 crucem
2572 1079 2756 1137 quam
2783 1066 3038 1135 figuram
3061 1065 3326 1122 crucifixi
3345 1063 3540 1120 colore
3565 1062 3740 1132 igneo

2087 1154 2142 1206 et
2171 1150 2348 1206 nimis
2380 1153 2714 1222 sanguineo
2741 1158 2928 1210 totam
2959 1170 3066 1227 per
3095 1153 3407 1209 dimidiam
3436 1151 3625 1208 noctis
3641 1149 3744 1205 ho-

2085 1255 2239 1310 ram,
2268 1257 2584 1314 quousque
2612 1243 2738 1298 celo
2770 1260 2896 1299 sese
2927 1243 3250 1299 clauderet.
3282 1245 3348 1298 Et
3375 1240 3542 1314 quod
3596 1239 3745 1295 vidit

2088 1343 2324 1403 semper
2352 1331 2412 1386 in
2445 1332 2623 1388 corde
2650 1332 2880 1404 celavit,
2914 1345 3231 1406 quousque
3262 1331 3359 1388 hic
3407 1329 3640 1403 scripsit
3668 1330 3746 1385 te-

2088 1419 2311 1492 stisque
2341 1423 2428 1477 est
2457 1422 2766 1493 Dominus,
2790 1423 2954 1496 quod
2984 1423 3111 1479 haec
3141 1419 3305 1478 vidit.

324 1595 553 1667 accepit
576 1594 638 1650 in
670 1597 1130 1654 matrimonium
1159 1599 1530 1655 Raimundus
1548 1597 1977 1669 Cahannensis,
2018 1614 2060 1669 Β
2158 1599 2247 1653 47.
2283 1599 2361 1652 Eo
2402 1613 2563 1654 anno
2610 1598 2921 1654 Hilduinus
2950 1599 3100 1670 (133)
3149 1597 3468 1670 episcopus
3525 1593 3745 1650 Judeos

325 1683 600 1755 abnepos
659 1684 808 1757 (130)
862 1687 1177 1758 Turpionis
1235 1688 1519 1761 episcopi,
1569 1687 1748 1743 frater
1807 1685 1976 1742 Adalo

325 1771 717 1828 bertidecani
769 1773 950 1828 incliti
1003 1780 1061 1830 et
1112 1776 1405 1849 propositi
1455 1793 1526 1832 ex
1584 1774 1981 1831 monasterios

327 1860 515 1916 sancti
543 1861 858 1930 Marcialis;
885 1861 1208 1936 genuitque
1227 1881 1298 1920 ex
1319 1881 1390 1921 ea
1404 1865 1594 1920 ﬁlium
1618 1864 1980 1920 Ademarum

328 1949 836 2018 Engolismensem
873 1952 940 1987 ¹⁸¹
974 1955 1364 2025 monachum,
1418 1955 1521 2027 qui
1568 1955 1695 2010 haec
1727 1954 1978 2026 scripsit.

326 2039 562 2095 Vivente
587 2039 746 2096 enim
779 2042 1123 2114 supradicto
1144 2043 1424 2112 Ainardo,
1459 2044 1650 2100 abbas
1681 2045 1749 2078 ¹⁶²
1781 2047 1982 2099 Petrus

325 2143 454 2184 rem
485 2129 792 2200 publicam
850 2131 1073 2204 optime
1127 2132 1608 2205 amministravit,
1648 2137 1704 2189 et
1751 2132 1982 2188 invidos

329 2233 451 2272 suae
479 2217 682 2288 glorias
708 2221 1054 2292 conpressit.
1085 2224 1233 2278 Nam
1261 2239 1331 2277 eo
1365 2224 1563 2278 Romae
1616 2225 1874 2293 mortuo,
1929 2224 1986 2277 et

327 2306 665 2364 Raimundo
710 2307 887 2364 fratre
936 2310 1065 2382 ejus
1125 2311 1527 2368 Hierosolimte
1575 2308 1876 2381 defuncto,
1928 2313 1986 2366 et

325 2393 576 2452 Abbone
604 2396 944 2454 infirmitate
977 2403 1246 2470 gravato,
1278 2399 1516 2457 inclitus
1540 2404 1763 2470 Petrus,
1792 2399 1982 2455 nemi-

326 2499 468 2540 nem
491 2484 731 2542 ﬁdelem
761 2487 1169 2545 consiliarium
1197 2489 1452 2557 habens,
1486 2489 1633 2546 dum
1673 2489 1750 2545 ad
1805 2505 1984 2544 suum

327 2575 547 2629 temere
573 2573 712 2630 facit
733 2575 1047 2632 arbitrium
1079 2578 1302 2647 omnia,
1335 2583 1392 2635 et
1418 2578 1571 2635 inter
1626 2593 1768 2635 suos
1825 2578 1985 2634 terri-

325 2659 460 2717 bilis
487 2667 552 2718 ut
574 2662 666 2718 leo
697 2663 950 2737 videtur,
978 2671 1243 2723 castrum
1302 2668 1617 2741 proprium
1675 2670 1983 2724 Mortema-

325 2764 498 2806 rense
530 2758 893 2824 concremat,
927 2756 1377 2813 contradicente
1410 2757 1657 2813 consilio
1714 2773 1982 2828 suorum,

329 2842 386 2896 et
413 2840 594 2912 hujus
624 2841 707 2897 rei
738 2844 1051 2900 occasione
1077 2845 1430 2918 propinquis
1463 2847 1592 2917 ejus
1625 2850 1681 2902 et
1708 2847 1985 2920 principi-

2091 1685 2418 1741 Lemovicae
2440 1686 2518 1741 ad
2547 1686 2918 1759 baptismum
2945 1686 3231 1759 conpulit,
3255 1685 3383 1755 lege
3406 1683 3657 1757 prolata,
3683 1685 3748 1737 ut

2091 1777 2194 1829 aut
2218 1773 2523 1830 christiani
2551 1779 2766 1840 essent,
2800 1779 2902 1830 aut
2919 1773 2994 1829 de
3026 1775 3096 1809 “3
3129 1774 3360 1829 civitate
3382 1771 3743 1838 recederent,

2091 1866 2147 1918 et
2171 1877 2278 1935 per
2307 1880 2495 1919 unum
2524 1877 2794 1920 mensem
2820 1864 3094 1919 doctores
3143 1862 3377 1918 divinos
3417 1860 3593 1932 jussit
3631 1859 3747 1914 dis-

2092 1956 2300 2024 putare
2327 1968 2464 2008 cum
2493 1953 2731 2024 Judaais,
2759 1958 2822 2009 ut
2877 1967 2978 2009 eos
3018 1953 3094 2009 ad
3126 1951 3310 2008 ﬁdem
3361 1952 3640 2020 cogerent
3667 1947 3743 2015 5';

2093 2047 2149 2097 et
2170 2047 2285 2098 tres
2309 2043 2402 2098 vel
2430 2047 2690 2115 quatuor
2713 2043 2881 2098 Judei
2915 2042 3227 2099 Christiani
3272 2041 3410 2097 facti
3439 2041 3595 2095 sunt.
3647 2041 3747 2094 Cea

2092 2135 2217 2187 tera
2241 2134 2441 2187 autem
2472 2128 2791 2186 multitudo
2828 2146 2937 2203 per
2986 2130 3133 2186 alias
3165 2129 3429 2186 civitates
3458 2126 3748 2196 diffugere

2092 2233 2231 2276 cum
2256 2219 2564 2291 uxoribus,
2591 2219 2810 2287 liberis,
2844 2218 3135 2275 festinavit
3165 2221 3240 2274 6'.
3285 2221 3417 2292 lpso
3457 2231 3619 2272 anno
3664 2229 3750 2269 se-

2092 2309 2412 2383 pulchrum
2451 2308 2686 2364 Domini
2730 2308 3128 2364 Hierosolimis
3154 2307 3533 2363 confractum
3573 2308 3661 2359 est
3712 2318 3749 2359 a

2092 2399 2347 2472 paganis
2376 2400 2479 2454 7‘3
2510 2393 2808 2454 Kalendas
2841 2397 3109 2454 Octobris
3155 2401 3308 2466 1010,
3343 2411 3503 2451 anno
3533 2394 3611 2450 ab
3657 2393 3747 2448 ina

2094 2488 2437 2544 carnatione
2463 2489 2612 2560 ejus.
2642 2492 2790 2544 Nam
2813 2487 2982 2544 Judei
3033 2486 3397 2544 occidentale
3427 2487 3482 2541 8'
3531 2484 3747 2557 epistoa

2093 2579 2182 2634 las
2211 2578 2504 2633 miserunt
2532 2578 2593 2633 in
2620 2578 2915 2634 Orientem
2970 2578 3135 2651 (134),
3194 2577 3544 2632 accusantes
3571 2573 3752 2628 chris-

2095 2667 2311 2732 tianos,
2339 2667 2697 2722 mandantes
2717 2666 3006 2722 exercitus
3039 2663 3507 2721 Occidentalium
3544 2663 3599 2716 9°
3648 2671 3750 2715 su-

2093 2767 2200 2828 per
2232 2757 2588 2812 Sarracenos
2631 2754 2946 2811 orientales
3001 2757 3336 2811 Commotos
3383 2767 3533 2808 esse.
3591 2752 3752 2805 Tunc

2093 2845 2650 2901 Nabuchodonosor
2695 2843 3016 2900 Babiloniaa
3065 2844 3229 2916 (135),
3288 2857 3471 2915 quem
3535 2841 3753 2896 vocant

327 2928 444 2985 bus
474 2931 928 2988 marchionibus
961 2950 1099 2989 cum
1154 2935 1451 2991 Bernardo
1484 2936 1698 2992 comite
1743 2942 1800 2993 et
1837 2937 1984 2992 Wil-
2026 2970 2066 3025 Ο
2096 2934 2449 3002 Amiratum,
2478 2934 2806 2990 concitatus
2865 2948 3046 2989 suasu
3080 2935 3545 2990 Sarracenorum
3576 2931 3663 2985 10'
3691 2927 3752 2983 in

327 3017 508 3096 lelmo
534 3018 707 3091 duce,
730 3021 905 3093 quasi
929 3021 1290 3080 tirannidem
1319 3030 1728 3097 praesumeret,
1760 3027 1820 3082 in
1847 3043 1985 3082 eum
2032 3017 2065 3025 “
2095 3024 2267 3092 iram,
2301 3039 2589 3093 magnam
2615 3022 2995 3078 aﬂlictionem
3021 3035 3202 3094 super
3222 3019 3576 3077 christianos
3596 3031 3758 3073 exer-

331 3106 798 3180 insurgentibus,
827 3110 1116 3183 paulatim
1143 3129 1216 3168 ex
1242 3119 1536 3187 potestate
1565 3116 1988 3172 marchionum

333 3193 555 3266 ejectus
582 3202 686 3254 est.
713 3197 823 3264 Qui
853 3216 888 3256 a
919 3201 1305 3258 Hierosolima
1335 3220 1629 3276 reversus,
1652 3204 1713 3260 in
1740 3204 1990 3261 basilica

335 3284 523 3340 sancti
555 3287 838 3360 Stephani
871 3289 1196 3348 Lemovicaa
1230 3291 1389 3348 sedis
1419 3292 1738 3365 pristinum
1797 3293 1989 3350 hono-

334 3389 462 3430 rem
495 3375 827 3446 continens,
859 3383 916 3435 et
946 3374 1332 3437 ecclesiarum
1356 3387 1414 3438 et
1469 3381 1749 3439 villarum
1802 3384 1992 3440 multa

333 3464 715 3537 possessione
767 3483 841 3522 ex
892 3473 1145 3540 paterna
1176 3469 1378 3527 fruens
1407 3471 1750 3542 hereditate,
1783 3477 1840 3528 et
1868 3490 1992 3530 ma-

337 3567 470 3622 gnae
502 3557 753 3610 catervae
795 3556 1074 3627 militum,
1129 3559 1234 3632 qui
1264 3561 1392 3632 ejus
1422 3559 1714 3618 beneﬁcia
1742 3563 1990 3632 habent,

311 3637 664 3716 imperans,
692 3661 729 3701 a
748 3645 903 3702 curis
930 3664 1154 3719 magna
1183 3665 1256 3705 ex
1283 3654 1450 3723 parte
1480 3655 1735 3724 ereptus,
1768 3657 1825 3709 et
1851 3652 1992 3709 libe-

336 3731 460 3787 rius
492 3734 610 3790 Deo
639 3740 829 3805 vacat,
862 3741 919 3794 et
945 3739 1160 3810 majori
1185 3756 1372 3814 quam
1407 3745 1544 3798 ante
1598 3743 1909 3800 securitate
1936 3747 1993 3800 et

339 3820 528 3891 gloria
550 3823 734 3896 pollet
764 3828 932 3898 (131).

406 3914 497 3967 46.
522 3912 617 3967 His
646 3916 1018 3988 temporibus
1044 3918 1162 3989 (an.
1197 3920 1356 3991 1010)
1376 3919 1550 3990 signa
1577 3919 1640 3976 in
1667 3921 1862 3990 astris,
1887 3922 1994 3978 sio-

336 3999 540 4056 citates
569 4003 782 4073 noxiae,
809 4003 1009 4062 nimiae
1025 4004 1260 4080 pluviae,
1289 4007 1487 4064 nimiae
1508 4011 1723 4082 pestes,
1757 4014 1813 4067 et
1861 4027 1992 4080 gra-

334 4089 595 4146 vissimae
633 4091 842 4164 fames,
870 4093 1230 4154 defectiones
1281 4099 1484 4156 multae
1531 4099 1672 4156 solis
1729 4105 1786 4156 et
1834 4096 1992 4157 lunas.

340 4187 768 4254 apparuerunt,
801 4188 858 4240 et
877 4185 1180 4243 Vinzenna
1200 4186 1417 4243 ﬂuvius
1449 4189 1594 4262 (132)
1625 4199 1733 4261 per
1757 4193 1872 4246 tres
1889 4206 1994 4247 no-

2098 3115 2238 3185 cuit,
2263 3114 2403 3170 data
2428 3113 2578 3183 lege,
2609 3118 2674 3168 ut
2697 3113 3041 3186 quicunque
3065 3110 3369 3167 christiani
3399 3109 3475 3165 de
3507 3119 3617 3163 sua
3646 3122 3757 3178 ρο-

2099 3207 2302 3261 testate
2332 3203 2556 3259 nollent
2585 3203 2712 3259 ﬁeri
2747 3202 3075 3273 Sarraceni,
3131 3207 3236 3258 aut
3281 3199 3757 3257 conﬁscarentur

2099 3298 2203 3351 aut
2253 3293 2740 3350 interﬁcerentdr.
2791 3292 2954 3349 Unde
3029 3292 3253 3348 factum
3312 3293 3418 3361 est,
3470 3293 3535 3345 ut
3584 3287 3756 3343 innu-

2099 3381 2415 3439 merabiles
2473 3381 2937 3438 Christianorum
2984 3384 3070 3436 11⁸
3107 3380 3416 3436 facultates
3455 3393 3596 3433 suas
3644 3387 3755 3448 pro

2098 3471 2319 3529 nichilo
2367 3472 2700 3540 ducerent;
2753 3471 2858 3527 sed
2907 3474 3097 3526 morte
3144 3480 3324 3526 nemo
3376 3468 3595 3539 dignus
3643 3480 3754 3538 pro

2101 3561 2327 3620 Christo
2367 3561 2476 3617 fuit
2520 3560 2637 3616 nisi
2691 3559 3029 3633 patriarcha
3079 3557 3623 3627 Hierosolimorum,
3648 3553 3755 3628 qui

2097 3649 2284 3709 variis
2316 3650 2582 3725 supliciis
2615 3650 2847 3706 occisus
2901 3651 3006 3718 est,
3077 3653 3134 3706 et
3171 3649 3293 3705 duo
3343 3647 3753 3704 adolescentes

2102 3742 2372 3814 germani
2393 3741 2453 3797 in
2492 3743 2744 3812 Egypto,
2779 3739 2882 3812 qui
2911 3739 3185 3795 decollati
3241 3739 3398 3806 sunt,
3445 3741 3501 3793 et
3552 3733 3753 3792 multis

2101 3832 2433 3890 clarescunt
2488 3829 2811 3886 miraculis.
2869 3832 3017 3885 Nam
3072 3828 3330 3885 ecclesiae
3406 3827 3752 3882 sanctorum

2101 3922 2404 3977 subversae
2437 3922 2578 3975 sunt
2612 3921 2718 3990 12',
2750 3923 2807 3974 et
2834 3919 3095 3990 peccatis
3151 3917 3368 3974 nostris
3413 3929 3756 3990 promeren-

2102 4009 2281 4077 tibus,
2312 4007 2562 4064 basilica
2611 4005 2880 4080 sepulchi
2942 4006 3171 4062 Domini
3207 4022 3403 4080 usque
3450 4003 3530 4061 ad
3560 4003 3755 4060 solum

2101 4091 2610 4170 diruta.Lapidem
2623 4097 2997 4153 monumenti
3011 4095 3498 4152 cumnullatenus
3509 4095 3760 4167 possent

2103 4188 2530 4258 comminuere,
2553 4185 2755 4256 ignem
2783 4185 3099 4257 copiosum
3131 4181 3622 4258 superadjiciunt,
3652 4179 3758 4236 sed

339 4272 458 4324 etes
484 4270 638 4326 aruit
667 4274 990 4330 Lemovicae
1015 4291 1122 4348 per
1146 4278 1268 4333 duo
1293 4278 1496 4334 millia.
1523 4281 1587 4335 Et
1615 4280 1991 4352 supradictus
2030 4283 2074 4338 D
2101 4277 2274 4352 quasi
2287 4273 2924 4333 adamansimmobilis
2941 4271 3761 4331 mansitetsolidus.Bethlee-

343 4395 395 4448 1°
414 4390 520 4472 llic
549 4395 676 4452 Abo
703 4413 1004 4455 consensu
1031 4400 1331 4458 Aldeberti
1360 4401 1591 4459 comitis
1617 4408 1882 4460 castrum
1912 4408 2364 4461 Mortemarense
2387 4401 2537 4472 (136)
2567 4397 2897 4472 construxit
2926 4399 2988 4455 in
3015 4393 3202 4472 fundo
3229 4397 3492 4472 proprioz
3549 4395 3689 4472 αιίᾳζε
3709 4399 3757 4472 _2

408 4467 465 4521 2'
491 4481 550 4538 p.
580 4483 649 4522 ex
673 4472 1036 4527 monasterio
1060 4473 1246 4529 sancti
1280 4473 1427 4529 Petri
1456 4475 1830 4532 Scotoriensi.

1861 4477 1971 4542 Qui
1996 4473 2294 4532 Ainardus
2322 4471 2534 4528 habuit
2554 4471 2708 4527 duos
2733 4474 2785 4527 2.
2863 4473 2918 4526 3'

407 4539 465 4618 {1'
492 4534 849 4618 plorantem.
885 4541 994 4618 Qui
1038 4547 1237 4618 autem
1292 4544 1422 4618 hec.
1501 4543 1554 4601 5‘
1603 4562 1706 4602 eos
1737 4563 1808 4618 ex
1855 4534 1976 4603 suis
2009 4546 2175 4618 libris
2214 4543 2582 4618 revinﬁcerent
2603 4547 2654 4597 2.
2675 4609 2700 4618 Δ
2735 4544 2789 4598 6⁸
2817 4534 3375 4618 Quidam‘etiamAsc
3401 4539 3568 4618 _ip_sos
3598 4534 3756 4618 ferro

437 4607 848 4690 HglﬂaYet‘unt,
877 4613 1144 4690 nolentes
1188 4615 1562 4689 baptismum
1629 4617 1946 4690 suscipere.
1978 4617 2119 4676 add.
2147 4619 2203 4674 2.
2277 4611 2562 4690 7‘7Judeis
2591 4618 2648 4670 et
2670 4607 3006 4690 Sarracenis
3031 4611 3185 4690 “f2.
3262 4607 3317 4666 8‘
3342 4607 3758 4690 _et'Sarracem'

2949 4470 3126 4544 quasi
3147 4463 3454 4544 conﬁnium
3478 4463 3538 4522 in
3564 4465 3671 4544 celi
3701 4470 3755 4522 2.

457 4680 684 4759 ispanie
715 4680 856 4740 add.
880 4687 932 4740 2.
1000 4687 1065 4759 ‘9'
1084 4680 1456 4759 Francorum
1481 4693 1534 4744 2.
1617 4687 1704 4745 10⁸
1732 4680 2112 4759 paganorum
2141 4693 2193 4744 2.
2272 4689 2362 4759 11⁸
2393 4688 2958 4759 c._converterentur
3009 4683 3087 4739 ad
3118 4681 3320 4759 legem_
3340 4682 3754 4749 Sarracenam,

409 4755 465 4805 et
483 4750 742 4830 nemop.
779 4759 837 4830 C_.
867 4773 948 4812 m.
979 4750 1038 4813 d.
1072 4757 1180 4830 fuit
1202 4762 1254 4815 2.
1338 4761 1424 4814 12’
1450 4762 1599 4815 Nam
1630 4750 1897 4830 mcﬂesia
1924 4760 1996 4795 “5
2029 4758 2216 4816 sancti
2243 4755 2495 4830 Georgii,
2527 4773 2644 4830 que
2692 4758 2936 4812 actenus
2977 4769 3015 4810 a
3069 4769 3109 4809 n

3199 4769 3234 4809 ο
3290 4754 3757 4809 Sarracenorum

409 4825 600 4894 potuit
623 4825 850 4898 violari,
882 4832 1022 4884 tunc
1053 4828 1351 4886 destructa
1381 4834 1468 4886 est
1497 4847 1636 4887 cum
1667 4825 1798 4888 aliis
1827 4831 2030 4888 multis
2063 4825 2324 4887 ecclesiis
2356 4825 2702 4885 sanctorum
2727 4831 2780 4882 2.

1716 4902 2386 4976 VABIELECTIONES.
2471 4974 2478 4976 Α
2645 4975 2651 4976 ί
3152 4972 3161 4976 _
3634 4964 3645 4976 .

416 4965 485 5001 “1
519 4968 956 5044 engolismense
989 4975 1038 5027 1.
1084 4971 1478 5043 egolismense
1522 4976 1577 5028 2.
1656 4974 1729 5010 1"
1781 4971 2034 5031 ainardo
2079 4967 2336 5031 abbatiS.
2386 4974 2588 5044 petrus
2635 4975 2684 5026 1.
2763 4970 2834 5004 “3
2863 4967 3119 5024 devitate
3143 4972 3192 5023 1.
3271 4966 3342 5001 1“
3387 4965 3681 5023 sarcernis
3705 4981 3756 5022 ι’.

1938 5110 2161 5174 ΝΟΤΕ.

344 5034 416 5069 ¹⁴⁵
447 5034 690 5095 ecclesia
716 5055 768 5096 ι’.

412 5201 561 5275 (127)
588 5203 751 5262 Idem

412 5221 561 5284 (12.1)
590 5221 882 5333 laemﬂtﬁm
909 5225 1094 5292 supra
1116 5227 1168 5268 c.
1204 5221 1272 5270 34
1290 5221 1643 5296 Aldebertus
1666 5232 1683 5296 ξ
1705 5221 1789 5270 ita
1815 5221 1989 5297 etiam

340 5271 633 5358 Aldumus
653 5280 711 5358 et
832 5279 1071 5358 dumus.
1100 5284 1451 5357 Aldegarlus
1495 5288 1552 5342 et
1609 5284 1989 5358 Hildegarius

341 5344 557 5401 eadem
576 5352 716 5404 sunt
741 5351 1009 5408 nomina.

440 5419 561 5478 128)
594 5421 667 5474 Le
693 5421 890 5478 Dorat.

416 5415 561 5560 (128g
594 5421 667 5474 Le
693 5421 872 5476 Dorat

441 5491 538 5544 129
587 5488 668 5546 Cf.
705 5507 756 5546 c.
787 5495 874 5548 34.

414 5562 561 5641 (139)
590 5564 891 5641 Pronepos
917 5586 931 5636 ;
964 5566 1038 5623 cf.
1070 5566 1236 5641 praef.
1272 5572 1412 5641 n._2.

414 5631 564 5705 (131)
593 5635 673 5691 De
701 5631 1201 5713 mortis'tempore
1229 5637 1376 5696 nihil
1406 5639 1660 5698 constat.

909 5225 1094 5284 supra
1116 5227 1168 5268 c.
1204 5215 1272 5270 34
1290 5212 1643 5270 Aldebertus
1669 5232 1683 5284 ;
1705 5213 1789 5270 ita
1815 5213 1997 5271 etiam

2205 5216 2327 5282 132)
2359 5214 2441 5268 La
2469 5210 2710 5282 Vienne.

2203 5285 2322 5357 133)
2349 5281 2663 5357 Alduinus.

2199 5349 2317 5428 134)
2345 5354 2427 5412 Cf.
2462 5351 2675 5409 Glaber
2701 5349 2848 5407 Rod.
2881 5364 2962 5416 Ill,
2999 5352 3084 5419 10,
3117 5350 3223 5422 qui
3245 5349 3376 5406 haec
3403 5349 3593 5405 fusius
3618 5363 3761 5405 nar-

2101 5432 2325 5570 ra835)
2352 5497 2414 5552 Id
2445 5498 2533 5550 est
2562 5493 2752 5564 Cairo,
2784 5492 2920 5550 ideo
2940 5492 3197 5566 Egypti.

2176 5569 2323 5641 (136)
2352 5570 2704 5626 Mortemart.
