4054 6188
192 197 252 252 61
787 196 791 200 “
1231 185 1705 251 HISTORIARUM
1744 183 1922 249 LIBRI
1959 186 2155 250 TRES.
2196 215 2265 235 -ι-
2315 185 2445 252 LIB.
2488 197 2578 252 III.
3557 193 3626 254 62

185 320 461 376 miticam
505 316 841 386 ecclesiam,
874 315 978 374 ubi
1026 317 1291 375 Christus
1340 321 1518 374 natus
1571 320 1675 385 est,
1717 332 1855 372 cum
1892 320 1939 372 A
1967 316 2207 387 mentis,
2231 321 2288 375 et
2315 318 2504 376 multa
2533 318 2838 376 afﬂuentia
2867 319 3116 391 argenti,
3151 319 3296 393 quia
3325 317 3386 376 in
3437 335 3625 377 manu

183 412 525 466 niterentur
573 407 896 475 destruere,
933 408 1213 481 apparuit
1269 409 1352 464 eis
1397 407 1500 463 lux
1548 406 1858 477 fulgurans

184 500 412 570 subito,
447 504 503 556 et
531 499 730 555 omnis
761 514 971 555 eorum
1001 497 1321 554 multitudo
1351 514 1634 555 corruens
1660 497 1857 570 exspi-

181 591 362 659 ravit,
396 594 458 655 et
484 588 732 646 ecclesia
765 591 817 644 1"
846 589 1066 646 intacta
1095 589 1398 646 remansit.
1434 587 1523 644 Ad
1561 591 1859 644 monaste-

179 681 346 736 rium
379 695 626 753 quoque
655 677 876 734 montis
911 675 1070 735 Sinai
1093 679 1151 734 2'
1167 678 1375 735 decem
1397 677 1560 734 milia
1589 679 1858 735 Sarrace-

181 785 410 825 norum
445 771 816 824 armatorum
845 767 1146 823 venientes
1197 767 1646 835 destruendum,
1679 765 1856 836 longe

182 863 459 932 quatuor
485 857 730 914 milibus
753 856 1130 930 conspiciunt
1147 859 1339 913 totum
1360 860 1628 913 montem
1649 856 1855 913 ardere

181 954 236 1004 et
278 949 575 1003 ﬂammas
605 963 797 1019 usque
826 947 888 1002 in
918 946 1111 1002 celum
1142 946 1301 1020 ferri,
1329 949 1384 1003 et
1405 951 1618 1003 cuncta
1641 943 1724 1001 ibi
1753 961 1858 1018 po-

179 1038 296 1093 sita
327 1053 476 1092 cum
518 1036 867 1092 hominibus
896 1052 1142 1092 manere
1171 1035 1356 1093 illesa.
1401 1035 1571 1102 Quod
1602 1051 1742 1091 cum
1769 1049 1857 1090 re-

176 1125 586 1180 nunciassent
613 1124 739 1195 regi
770 1124 1100 1198 Babilonio,
1130 1125 1455 1199 penitentia
1484 1126 1700 1181 ductus
1731 1126 1854 1180 tam

172 1211 312 1284 ipse
351 1230 547 1286 quam
598 1213 859 1286 populus
909 1217 1290 1284 Sarracenus,
1321 1215 1490 1272 valde
1538 1214 1857 1270 doluerunt

173 1303 251 1358 de
283 1302 379 1357 his
403 1319 540 1376 quae
568 1307 776 1359 contra
802 1303 1157 1361 christianos
1180 1305 1458 1376 egissent,
1475 1303 1687 1361 etdata
1712 1319 1856 1376 prae-

172 1392 483 1465 ceptione,
541 1393 724 1464 jussit
776 1393 1120 1450 resediﬁcari
1186 1395 1500 1452 basilicam
1557 1393 1854 1468 sepulchri

171 1481 450 1552 gloriosi.
484 1485 708 1538 Tamen
752 1482 1100 1557 redincepta
1129 1483 1400 1555 basilica,
1431 1499 1554 1540 non
1585 1483 1694 1539 fuit
1722 1499 1851 1539 am-

1967 423 2076 464 sua
2105 408 2412 466 abbatiam
2445 408 2709 466 habebat
2752 411 3018 483 emptam
3041 427 3077 467 a
3106 410 3373 482 Widone,
3404 427 3624 485 prope-

1964 496 2117 553 ravit
2139 501 2274 554 ante
2295 498 2828 572 quadragesimam
2860 515 2999 555 cum
3025 497 3313 556 Willelmo
3339 499 3492 557 duce
3519 502 3626 557 Ro-

1964 602 2153 658 mam,
2176 591 2232 644 et
2258 587 2321 644 in
2342 585 2581 645 tristicia
2609 585 2942 645 monachos
2969 587 3159 645 sancti
3188 585 3473 646 Marcialis
3493 589 3624 647 reli-

1964 674 2130 748 quid.
2185 675 2314 734 Mox
2370 693 2441 734 eo
2488 677 2822 746 recedente,
2879 675 2958 734 ad
3026 676 3410 750 sepulchrum
3462 677 3623 736 beati

1963 765 2246 822 Marcialis
2278 767 2538 839 plurima
2568 769 2854 841 ceperunt
2902 767 3257 824 choruscare
3311 767 3619 838 miracula,

1963 871 2096 928 quae
2128 853 2384 912 leticiam
2425 857 2740 914 monachis
2785 860 2842 913 et
2887 860 3115 913 cunctas
3144 855 3474 930 Aquitaniae
3504 857 3624 931 ple-

1963 960 2108 1000 nam
2128 945 2520 1015 ingesserunt.
2545 951 2693 1005 Nam
2725 946 3084 1004 nobilissimi
3110 946 3546 1020 Aquitanorum
3568 951 3625 1004 et

1965 1037 2326 1091 Francorum
2374 1037 2716 1110 principum
2769 1039 2946 1110 atque
2997 1035 3280 1094 Italorum
3337 1051 3408 1092 eo
3461 1051 3622 1093 anno

1964 1123 2284 1180 Lemovices
2312 1126 2544 1198 pascha
2573 1141 2712 1182 cum
2750 1124 3086 1199 frequentia
3113 1123 3305 1181 sancti
3335 1123 3624 1182 Marcialis

1963 1212 2216 1284 gloriose
2241 1213 2709 1272 celebraverunt.
2744 1217 3034 1272 Reversus
3064 1213 3387 1288 episcopus
3418 1211 3622 1271 basili-

1963 1317 2098 1358 cam
2120 1302 2277 1359 sedis
2307 1303 2495 1360 sancti
2526 1303 2828 1378 Stephani,
2852 1319 3040 1378 quam
3067 1308 3308 1360 sanctus
3334 1303 3623 1360 Marcialis

1960 1390 2357 1463 dedicaverat,
2379 1391 2811 1451 destruendam
2835 1397 2891 1450 et
2905 1392 3395 1467 ampliﬁcandam
3415 1392 3622 1467 dispo-

1961 1480 2096 1552 suit,
2129 1485 2186 1537 et
2210 1480 2396 1538 lineas
2423 1482 2501 1538 ad
2532 1483 2924 1539 fundamenta
2957 1484 3029 1518 “7
3055 1482 3215 1555 jecit,
3238 1485 3304 1538 ut
3329 1485 3466 1554 post
3493 1479 3621 1537 dies

168 1570 337 1644 plius
383 1569 599 1626 similis
637 1571 821 1644 priori
868 1589 977 1628 nec
1003 1573 1443 1646 pulchritudine
1473 1590 1584 1630 nec
1622 1572 1852 1644 magni-
1891 1604 1930 1657 Β
1963 1573 2025 1625 15
2055 1568 2348 1628 insisteret
2373 1573 2558 1645 operi.
2608 1571 2946 1645 Abiensque
2991 1571 3128 1628 inde
3181 1571 3260 1628 ad
3302 1569 3620 1627 ecclesiam

171 1659 414 1728 tudine,
475 1677 664 1734 quam
731 1660 948 1719 Helena
1003 1669 1194 1720 mater
1247 1662 1617 1722 Constantini
1667 1661 1852 1734 regali

171 1757 434 1824 sumptu
461 1751 810 1824 perfecerat.
843 1756 971 1809 Mox
1019 1770 1049 1809 e
1086 1754 1337 1826 vestigio
1385 1771 1563 1828 super
1606 1770 1852 1810 omnem

171 1844 407 1895 terram
463 1842 933 1897 Sarracenorum
983 1842 1173 1900 fames
1223 1843 1534 1900 incanduit
1585 1859 1690 1916 per
1735 1846 1850 1898 tres

174 1944 404 1996 annos,
462 1931 523 1984 et
567 1929 1019 1987 innumerabilis
1072 1949 1280 1990 eorum
1327 1932 1644 1989 multitudo
1693 1932 1851 1989 fame

174 2021 427 2073 mortua
452 2022 560 2086 est,
586 2018 666 2075 ita
688 2023 753 2075 ut
773 2019 984 2092 plateae
1011 2027 1067 2079 et
1091 2022 1328 2080 deserta
1354 2021 1748 2079 cadaveribus
1778 2024 1850 2058 “5

171 2105 578 2178 replerentur,
603 2112 659 2164 et
683 2108 892 2164 fierent
919 2109 1194 2167 homines
1226 2113 1429 2168 cibum
1461 2115 1517 2168 et
1546 2112 1851 2185 sepultura

171 2195 318 2250 feris
347 2200 408 2250 et
437 2195 672 2253 avibus.
709 2199 919 2255 Secuta
949 2203 1036 2254 est
1064 2216 1165 2256 eos
1198 2200 1378 2271 gladii
1403 2202 1668 2257 vastitas.
1700 2205 1849 2258 Nam

169 2289 392 2353 gentes
424 2284 659 2340 Arabiae
692 2301 872 2358 super
901 2291 1118 2343 terram
1156 2305 1366 2345 eorum
1409 2290 1642 2346 diffusae
1687 2293 1844 2359 sunt,

169 2377 230 2427 et
279 2372 392 2445 qui
443 2379 863 2431 remanserant
900 2376 1075 2445 fame,
1108 2377 1321 2448 gladiis
1350 2379 1712 2436 interierunt.
1747 2383 1848 2436 Ca-

168 2467 317 2533 ptus
351 2466 444 2516 est
474 2461 552 2517 ab
581 2461 663 2517 eis
693 2479 798 2519 rex
820 2464 1178 2533 Babilonius,
1202 2467 1306 2540 qui
1333 2482 1394 2522 se
1425 2472 1632 2524 contra
1660 2471 1848 2524 Deum

169 2554 454 2606 erexerat
499 2550 559 2605 in
606 2552 971 2625 superbiam,
1004 2557 1062 2610 et
1083 2555 1275 2624 vivus,
1308 2560 1512 2612 ventre
1552 2560 1734 2626 secto,
1763 2557 1849 2612 vi-

173 2639 458 2694 sceribus
491 2641 763 2697 extractis
794 2643 870 2712 3',
905 2648 1176 2700 mortuus
1205 2649 1314 2702 est.
1363 2649 1573 2702 Venter
1602 2647 1732 2718 ejus
1759 2646 1847 2702 la-

173 2729 429 2801 pidibus
482 2730 778 2803 oppletus,
813 2737 1102 2789 consutus
1131 2739 1240 2804 est,
1275 2741 1331 2792 et
1360 2737 1634 2805 cadaver,
1666 2737 1848 2807 ligato

177 2819 444 2892 plumbo
475 2821 552 2875 ad
584 2821 824 2892 collum,
853 2823 912 2878 in
941 2841 1106 2880 mare
1130 2825 1473 2882 demersum
1505 2830 1609 2882 est.

247 2912 345 2963 48.
391 2911 476 2962 Eo
506 2924 667 2964 anno
688 2911 976 2966 Rodulfus
1004 2913 1503 2984 Petragoricensis
1527 2916 1846 2989 episcopus
1884 2895 1925 2952 θ

178 2996 256 3052 ab
307 2998 723 3055 Hierosolimis
764 3001 1003 3057 rediens
1042 3002 1120 3073 4*,
1171 3003 1317 3060 obiit
1357 3005 1764 3076 Petragoricae,
1796 3009 1854 3061 et

187 3087 490 3143 successit
517 3104 626 3160 pro
652 3104 722 3145 eo
747 3091 1061 3147 Arnaldus.
1098 3093 1207 3158 Qui
1233 3093 1398 3167 apud
1426 3097 1708 3151 Sanctum
1749 3097 1851 3151 Be-

180 3176 500 3231 nedictum
532 3177 802 3234 Nantolio
833 3180 976 3252 (137)
1005 3186 1388 3238 consecratus
1415 3187 1501 3239 est
1529 3183 1586 3238 5"
1606 3199 1642 3239 a
1670 3183 1854 3253 Sigui-

180 3279 262 3319 no
297 3264 649 3334 Burdegalae
684 3267 1134 3342 archiepiscopo
1161 3271 1236 3325 6*.
1282 3274 1443 3327 'l‘unc
1469 3272 1849 3341 Gauzbertus,

178 3355 472 3426 princeps
537 3356 712 3411 castri
770 3358 1259 3431 Malamortensis,
1319 3365 1529 3433 captus
1581 3361 1660 3418 ad
1707 3362 1852 3417 Eblo

179 3442 313 3497 vice
343 3443 565 3499 comite
597 3445 969 3519 Combornis,
1001 3452 1266 3504 rctrusus
1295 3449 1355 3504 in
1384 3454 1578 3506 castro
1616 3451 1855 3507 fortissi-

182 3547 286 3587 mo
318 3532 656 3605 Melurensi,
689 3537 807 3590 Deo
837 3535 1087 3593 violente
1137 3554 1174 3594 a
1204 3537 1326 3593 suis
1374 3539 1605 3594 rusticis
1648 3540 1725 3607 7",
1759 3555 1854 3596 ca-

183 3625 310 3674 stro
358 3625 710 3692 expugnato
753 3625 811 3679 et
855 3640 998 3680 mox
1036 3629 1230 3698 capto,
1266 3630 1502 3699 ereptus
1533 3630 1641 3698 est,
1673 3630 1729 3683 et
1758 3643 1854 3684 ca-

185 3714 381 3765 strum
407 3709 781 3768 destructum
807 3714 864 3770 8'
885 3719 991 3770 est.
1018 3717 1084 3770 Et
1104 3716 1552 3773 Hierosolimam
1575 3732 1850 3790 pergens,

183 3798 512 3855 defunctus
543 3805 630 3856 est
658 3803 735 3873 9',
766 3806 824 3858 et
865 3804 1171 3860 miraculis
1219 3809 1638 3878 post—mortem
1668 3807 1853 3864 clare-

185 3892 334 3943 sere'
377 3891 550 3962 cepit.
611 3894 746 3948 Erat
824 3893 984 3950 enim
1054 3895 1232 3951 valde
1291 3896 1740 3965 ecclesiasticus,
1799 3900 1856 3953 et

183 3978 449 4033 honeste
479 3997 536 4035 se
564 3981 801 4050 agebat.

264 4067 535 4126 49.Circa
545 4070 657 4126 hoc
676 4075 913 4144 tempus
928 4072 1220 4129 Alduinus
1240 4074 1579 4147 episcopus,
1598 4075 1855 4147 acceptis

1958 1664 2185 1731 Agento
2218 1659 2362 1733 (138)
2388 1661 2798 1734 supradictam
2833 1664 2940 1729 10',
2958 1656 3042 1717 ibi
3064 1659 3337 1734 spiritum
3364 1657 3621 1717 exalavit

1962 1750 2078 1822 (an.
2118 1752 2252 1806 1012
2283 1752 2378 1807 vel
2408 1754 2586 1812 1013).
2622 1751 2893 1808 Delatum
2939 1754 3026 1807 est
3074 1765 3292 1822 corpus
3341 1749 3470 1822 ejus
3520 1752 3621 1806 Le-

1958 1838 2275 1906 movicam,
2305 1840 2469 1912 apud
2518 1840 2721 1897 sedem
2761 1837 2977 1910 vigiliis
3015 1838 3422 1906 observatum,
3455 1835 3619 1911 apud

1961 1930 2243 1985 Sanctum
2276 1930 2591 1986 Martinum
2624 1929 2945 2003 sepultum.
2979 1928 3270 1986 Successit
3292 1944 3404 2002 pro
3433 1943 3503 1984 eo
3531 1943 3620 1984 re-

1955 2017 2403 2074 verentissimus
2434 2017 2744 2090 Geraldus,
2786 2034 2976 2092 nepos
3017 2019 3171 2090 ejus.
3226 2018 3620 2076 Consecratus

1957 2109 2011 2161 et
2055 2106 2303 2163 Pietavis
2330 2109 2495 2181 apud
2535 2110 2818 2165 Sanctum
2850 2107 3156 2182 Hylarium
3192 2107 3279 2163 11'
3308 2123 3345 2164 a
3373 2104 3618 2176 Signino

1957 2194 2427 2269 archiepiscopo.
2460 2200 2585 2253 Non
2616 2197 2776 2253 enim
2806 2197 2999 2270 potuit
3026 2212 3154 2252 esse
3178 2194 3508 2253 Gauzlenus
3532 2192 3622 2248 Bi-

1955 2284 2265 2342 turicensis
2315 2287 2821 2361 archiepiscopus,
2865 2281 3008 2361 quia
3054 2287 3316 2344 necdum
3345 2287 3618 2358 receptus

1957 2379 2083 2432 erat
2111 2376 2172 2432 in
2207 2377 2348 2434 sede
2379 2378 2649 2435 Biturica.
2675 2377 2890 2435 Habuit
2908 2381 3108 2434 tamen
3137 2377 3220 2433 ibi
3240 2373 3455 2433 missos
3478 2389 3619 2430 suos

1953 2481 2027 2522 ex
2077 2467 2267 2524 sancti
2297 2468 2593 2525 Benedicti
2633 2468 2966 2525 monachis.
3003 2467 3189 2526 Simul
3217 2463 3615 2524 interfuerunt

1956 2556 2223 2629 episcopi
2243 2557 2602 2614 Gislebertus
2624 2557 2999 2625 Pictavensis,
3027 2556 3324 2613 Arnaldus
3345 2557 3621 2624 Petrago—

1955 2645 2218 2714 ricensis,
2272 2647 2384 2703 lslo
2437 2647 2898 2715 Santonicensis,
2951 2644 3336 2704 Grimoardus
3381 2643 3616 2715 Engoli-

1957 2735 2230 2792 smensis.
2255 2738 2392 2793 Post
2419 2735 2900 2794 benedictionem
2934 2735 3023 2794 12'
3039 2735 3302 2793 comitati
3324 2736 3462 2789 sunt
3477 2745 3617 2788 eum

1956 2841 2150 2898 usque
2176 2825 2556 2883 Lemovicam
2582 2826 2877 2883 Arualdus
2907 2830 2964 2882 et
2984 2823 3369 2883 Grimoardus
3393 2821 3619 2895 episco-

1959 2916 2040 2987 pi.
2072 2915 2336 2972 Primum
2383 2916 2462 2972 ad
2508 2919 2792 2973 Sanctum
2840 2915 3174 2974 Marcialem
3216 2912 3509 2970 venerunt
3542 2908 3618 2965 si-

1959 3004 2087 3059 mul
2120 3006 2301 3070 13*,et
2327 3006 2548 3079 recepti
2575 3009 2715 3062 sunt
2737 3021 2773 3062 a
2798 3004 3132 3063 monachis.
3163 3003 3303 3060 Inde
3334 2996 3620 3058 monachi

1960 3109 2062 3149 eos
2089 3094 2365 3150 duxerint
2393 3111 2533 3151 cum
2576 3095 2918 3168 antiphonis
2966 3110 3158 3167 usque
3189 3092 3266 3150 ad
3305 3089 3618 3148 ecclesiam

1962 3182 2339 3240 Cairoensem
2371 3184 2536 3256 (139).
2564 3183 2650 3241 lbi
2679 3183 2740 3240 in
2768 3182 3051 3240 cathedra
3077 3183 3245 3250 sedit,
3272 3187 3328 3238 et
3349 3178 3617 3237 humeris

1959 3272 2168 3346 populi
2196 3276 2421 3344 vectus,
2442 3273 2744 3329 canonicis
2771 3273 3131 3346 antiphonas
3163 3268 3617 3327 concinentibus

1960 3367 2186 3420 textum
2217 3363 2518 3435 Evangelii
2545 3380 2581 3420 a
2612 3363 2962 3420 Grimoardo
2984 3361 3266 3436 episcopo
3291 3357 3617 3430 legendum

1963 3452 2236 3526 sumpsit,
2265 3456 2320 3509 et
2342 3452 2426 3508 ita
2452 3453 2814 3509 benedicens
2841 3451 3085 3509 dextera
3115 3450 3376 3517 assidue,
3408 3443 3487 3504 ad
3515 3447 3620 3502 ho-

1962 3541 2142 3597 stium
2187 3541 2446 3597 basilicae
2494 3541 2682 3598 sancti
2727 3539 3009 3614 Stephani
3046 3555 3185 3597 cum
3216 3536 3404 3608 gloria
3427 3533 3616 3591 dedu-

1963 3634 2091 3686 ctus
2119 3633 2227 3687 est.
2264 3631 2649 3688 Grimoardus
2690 3629 2932 3687 tradidit
2974 3630 3028 3686 ei
3070 3633 3278 3703 portas
3333 3625 3614 3692 ecclesiae,

1961 3720 2258 3777 ArnaIdus
2283 3719 2498 3777 cordas
2529 3721 2860 3791 signorum,
2889 3723 2946 3776 et
2969 3719 3152 3776 ambo
3175 3719 3235 3775 in
3262 3716 3401 3775 sede
3428 3712 3618 3772 sancti

1962 3809 2246 3866 Marcialis
2287 3810 2792 3866 intronizaverunt
2823 3825 2985 3880 eum,
3018 3812 3075 3865 et
3121 3808 3284 3864 clara
3333 3821 3500 3872 voce,
3542 3803 3617 3859 Te

1961 3901 2150 3955 Deum
2202 3899 2544 3968 laudamus,
2602 3897 2898 3955 Arnaldus
2959 3899 3276 3971 episcopus
3339 3893 3614 3952 intonuit.

1963 3989 2327 4063 Episcopum
2358 3991 2662 4046 sedentem
2693 3988 2945 4045 osculati
2985 3989 3125 4043 sunt
3149 4000 3360 4043 omnes
3386 4002 3399 4054 ;
3447 3981 3615 4038 dein-

1963 4079 2037 4134 de
2125 4078 2377 4134 missam
2447 4078 2894 4134 celebraverunt
2951 4076 3026 4132 de
3095 4074 3362 4131 martirio
3429 4071 3616 4129 sancti

182 4158 643 4231 pretiosioribus
673 4162 864 4218 sancti
888 4163 1174 4220 Marcialis
1200 4165 1569 4221 ornamentis
1601 4169 1657 4221 et
1674 4166 1851 4221 vesti-
1890 4170 1936 4223 D
1962 4166 2274 4234 Theodori,
2306 4167 2478 4236 cujus
2523 4165 2810 4222 festivitas
2839 4165 2972 4238 ipso
3000 4164 3097 4220 die
3128 4162 3272 4237 (140)
3303 4161 3613 4232 agebatur.

193 4340 246 4390 1'
275 4341 334 4393 et
366 4336 466 4416 sic_
479 4338 746 4416 ecclesia
759 4341 858 4397 Dei
887 4340 1184 4416 genitricis
1213 4346 1265 4399 2.
1325 4344 1382 4399 2*
1410 4341 1589 4416 Sinai,
1622 4343 1727 4416 ubi
1757 4341 2068 4416 quingenti
2115 4347 2171 4399 et
2211 4360 2282 4400 eo
2333 4341 2592 4416 amplius
2621 4340 2904 4416 monachi
2935 4341 3049 4398 sub
3079 4337 3330 4416 imperio
3378 4339 3616 4397 abbatis

260 4409 617 4489 manebant,
649 4409 937 4489 habentes
969 4413 1192 4489 ibidem
1213 4413 1530 4489 proprium
1561 4409 1938 4489 episcopum,
1966 4420 2258 4489 venerunt
2289 4409 2752 4489 Sarracenorum
2781 4411 2988 4470 decem
3030 4409 3193 4489 milia
3221 4416 3612 4489 armatorum,

263 4486 328 4562 ut
353 4497 648 4562 monacos
679 4485 1057 4562 perimentes,
1085 4485 1428 4562 habitacula
1456 4485 1664 4542 eorum
1697 4485 1835 4562 cu—m
1870 4486 2130 4562 ecclesiis
2169 4487 2488 4562 diruerent.
2519 4485 2992 4562 Propinquantes
3033 4488 3256 4562 autem,
3288 4499 3340 4562 a_
3353 4487 3615 4562 quatuor

262 4552 662 4629 feremilibus
681 4552 1065 4629 conspiciunt
1091 4561 1278 4612 totum
1322 4562 1589 4613 montem
1620 4558 1927 4615 ardentem
1957 4561 2014 4614 et
2049 4557 2403 4625 fumantem,
2437 4552 2839 4629 ﬂammasque
2870 4557 2929 4611 in
2961 4555 3180 4629 coelum
3208 4552 3344 4611 ferri

3415 4597 3426 4610 .
3478 4553 3536 4610 3*
3561 4570 3611 4609 e.

266 4624 526 4710 impi‘am
554 4624 924 4710 animam
939 4633 1262 4710 paratrum
1289 4629 1538 4710 projeci‘t
1576 4634 1643 4710 2.Δ
1679 4633 1762 4710 fg
1791 4629 1986 4710 retulit
2013 4643 2160 4710 quae.
2186 4624 2412 4710 viderat
2584 4624 2854 4710 infanda,
2883 4628 3235 4710 _etnadd.“2.
3315 4627 3373 4681 5"
3402 4624 3614 4710 diebus

261 4695 733 4767 quadragesime
762 4699 902 4753 add.
935 4695 987 4753 2.
1067 4700 1122 4754 6*
1149 4715 1184 4756 a
1215 4695 1562 4756 Grimoardo
1593 4705 1649 4757 et
1679 4701 1867 4757 Islone
1895 4695 2194 4826 episcoBis
2234 4701 2378 4772 (141)
2410 4700 2550 4756 add.
2583 4704 2636 4756 2.
2713 4700 2770 4754 7*
2799 4695 2846 4755 r.
2879 4698 2940 4781 in
2971 4697 3306 4754 frunalibus
3344 4696 3616 4768 quodam

262 4782 451 4822 mane
506 4767 701 4823 subito
745 4775 1088 4826 exnugnato
1134 4774 1191 4826 et
1228 4787 1371 4826 mox
1422 4777 1595 4826 canto
1643 4777 1836 4826 castro
1888 4776 1942 4826 2.
2020 4773 2075 4826 8*
2149 4771 2366 4826 ammis
2409 4771 2620 4826 datum
2668 4773 2720 4826 2.
2822 4769 2878 4826 9*
2916 4786 2978 4825 1n
3006 4767 3353 4825 revertendo
3383 4766 3524 4821 add.
3557 4769 3612 4820 2.

262 4782 451 4844 mane
488 4767 701 4844 _subito
745 4775 1088 4844 espugnato
1134 4774 1191 4826 et
1228 4787 1371 4844 mox
1422 4777 1595 4844 capto
1643 4777 1851 4844 castro,
1888 4767 1942 4828 2.

2822 4769 2878 4826 9*
2916 4770 2978 4825 in
3006 4766 3524 4825 revertendo—add.
3557 4769 3612 4820 2.

2020 4773 2075 4826 8*
2105 4771 2366 4827 ﬂammis
2409 4771 2620 4826 datum
2668 4773 2720 4826 2.

270 4841 362 4892 10³
381 4838 542 4894 unde
564 4834 896 4896 monachos
910 4834 1255 4897 wextruserat
1283 4843 1422 4898 add.
1455 4834 1515 4898 2:
1590 4843 1679 4898 11*
1705 4843 1964 4899 Ylarium
1993 4858 2202 4898 mense
2233 4841 2553 4898 Novembri
2580 4857 2690 4910 pro
2722 4842 2793 4877 “8
2810 4840 3092 4897 omnibus
3123 4837 3408 4910 gradibus
3435 4834 3616 4910 eccle-

265 4910 522 4988 siasticis
551 4927 592 4988 a_
614 4911 1266 4988 Gis‘leberto‘episcopo,
1295 4917 1351 4970 et
1379 4914 1440 4969 in
1469 4914 1663 4988 gradu
1690 4913 2019 4988 pontiﬁcali
2043 4930 2079 4970 a
2111 4913 2352 4988 Siguino
2373 4905 2695 4988 monacho,
2714 4905 3152 4986 archepiscopd
3167 4905 3611 4978 Burdegalensi.

268 4982 364 5035 12‘
391 4996 527 5052 quae
556 4981 863 5039 dominica
891 4983 985 5039 die
996 4981 1259 5056 ‘peracta
1286 4988 1374 5041 est
1402 4981 1542 5042 add.
1572 4990 1624 5043 2.
1690 4981 1794 5043 '13‘
1823 4983 2001 5042 simul
2029 5015 2099 5026 -—
2127 4981 2427 5041 duxerunt
2449 4984 2567 5041 des.
2601 4985 2654 5040 2.

1579 5165 1809 5220 VARLE
1847 5161 2249 5220 LECTIONES.

194 5284 268 5319 ηδ
300 5281 702 5341 cadaveribus
735 5288 783 5342 1.
864 5286 937 5321 “7
967 5284 1354 5344 fondamenta
1386 5291 1436 5343 1.
1514 5287 1588 5323 “3
1612 5303 1672 5360 p.
1703 5303 1752 5344 c.

1797 5410 2020 5468 NOTIE.

266 5533 416 5604 (137)
459 5532 748 5590 Nanteuil.

266 5599 416 5746 (138)
456 5605 651 5660 Ahun.
773 5675 783 5686 ο

292 5679 421 5743 139)
459 5677 540 5730 De
570 5677 783 5741 Queror

292 5679 421 5743 139)
459 5677 540 5730 De
570 5677 836 5741 Queroir.

1991 5533 2114 5605 140)
2152 5530 2253 5588 Die
2280 5531 2447 5605 9_aut
2479 5529 2543 5584 12
2572 5530 2716 5605 _No_v.

1991 5535 2114 5605 140)
2152 5535 2253 5588 Die
2280 5535 2314 5586 9
2346 5535 2447 5585 aut
2479 5535 2543 5584 12
2573 5535 2716 5584 Nov.

1965 5535 2116 5675 (141)
2155 5599 2587 5673 Engolismensi
2615 5603 2674 5656 et
2702 5598 3115 5657 Sanctonensi.
