4054 6188
386 72 453 127 63
1539 85 1852 140 ADEMARI
1894 83 1949 153 s.
1993 84 2271 141 CIBARDI
2309 83 2641 141 MONACHI.
3737 83 3813 139 es

387 197 494 250 Per
520 196 649 253 dies
679 204 908 273 septem
938 201 1182 260 indutus
1212 207 1512 278 processit
1542 209 1694 265 stola
1719 207 2048 265 sanctiﬁca-
2086 211 2132 262 Α
2232 211 2318 261 51.
2362 209 2467 262 Per
2507 207 2618 262 hos
2653 221 2846 263 annos
2879 205 3026 272 Odo,
3056 204 3336 279 princeps
3378 203 3643 261 Dolensis
3666 205 3811 276 \143)

385 286 446 338 ta
477 300 615 341 cum
654 286 1017 346 indumentis
1052 294 1106 347 1‘
1136 297 1193 348 et
1239 310 1433 369 cappa
1477 300 1766 365 Romana,
1813 297 2046 368 absque

386 372 635 451 capsula
683 380 764 446 2‘,
813 380 869 431 et
916 394 1022 450 per
1068 382 1309 438 eosdem
1362 384 1676 441 continuos
1727 385 1856 441 dies
1904 384 2047 439 mis-

388 476 519 516 sam
545 464 603 517 3⁸
633 463 953 523 celebravit
982 471 1061 525 4“.
1090 472 1249 527 Tunc
1283 472 1474 529 abbas
1505 474 1810 531 Gosfridus
1842 473 2049 531 basili-

388 565 523 604 cam
572 552 835 620 regalem
891 556 1108 628 majori
1156 575 1334 633 opere
1382 562 1560 635 ccepit
1590 577 1875 620 renovare
1908 564 2051 636 (142)

389 638 508 709 (an.
546 642 722 713 1017).
775 645 1248 716 Quadragesima
1294 668 1436 709 vero
1485 653 1687 709 media
1734 652 1858 723 (an.
1896 650 2051 722 1018)

389 744 526 783 cum
570 734 875 789 nocturnis
912 735 1126 805 vigiliis
1157 740 1477 797 multitudo
1508 742 1775 797 maxima
1800 741 1862 797 in
1888 757 2052 797 eam-

389 817 530 873 dem
560 819 763 876 aulam
790 823 869 879 ad
900 827 1198 883 tumulum
1222 829 1381 885 beati
1411 831 1699 888 Marcialis
1732 846 2057 905 properan-

389 911 477 962 tes
514 907 820 982 intrarent,
855 914 960 971 viri
1010 933 1150 973 cum
1198 918 1549 975 mulieribus
1612 920 1749 992 plus
1806 925 1874 976 50
1896 919 2051 975 invi-

392 1012 522 1052 cem
573 1000 907 1058 conculcati
953 1003 1109 1062 intra
1152 1007 1465 1064 ecclesiam
1516 1009 1955 1081 expiraverunt,
1997 1012 2055 1064 et

390 1084 487 1141 die
513 1088 772 1146 crastina
803 1093 1016 1165 sepulti
1062 1101 1219 1153 sunt.
1269 1098 1599 1172 Episcopus
1628 1098 1911 1155 Geraldus
1939 1101 2053 1154 Ro-

392 1191 557 1231 mam
587 1176 849 1248 abierat;
880 1182 1016 1238 ideo
1047 1200 1153 1257 per
1184 1186 1516 1243 Arnaldum
1545 1189 1803 1244 missum
1827 1191 1915 1243 est
1942 1187 2057 1260 epi-

394 1279 667 1336 scopum,
699 1269 803 1339 qui
834 1275 890 1324 5"
920 1288 1058 1327 cum
1090 1290 1251 1346 aqua
1278 1275 1601 1349 episcopali
1632 1276 1944 1333 ecclesiam
1971 1292 2060 1331 re-

394 1352 747 1411 conciliavit.
782 1359 966 1415 Paulo
997 1366 1134 1432 post
1156 1362 1340 1418 exorti
1374 1367 1512 1418 sunt
1540 1378 1648 1435 per
1674 1363 2058 1428 Aquitaniam

397 1442 702 1512 Manichei,
765 1448 1115 1506 seducentes
1184 1451 1444 1523 plebem.
1501 1452 1811 1522 Negabant
1871 1452 2063 1526 bapti-

2152 297 2214 352 vi
2243 300 2300 353 et
2327 296 2566 365 ingenio
2623 296 2778 369 cepit
2799 301 3060 353 castrum
3098 298 3529 367 Argentomum
3559 295 3727 365 (144),
3754 299 3816 350 et

2157 385 2235 441 ab
2267 401 2338 441 eo
2366 384 2775 441 vicecomitem
2821 384 3133 441 Widonem
3177 382 3453 456 expulsit.
3492 382 3655 438 ldem
3685 382 3815 438 Odo

2153 475 2325 547 juxta
2346 474 2701 531 Masciacum
2728 475 2875 546 (145)
2899 472 3324 529 monasterium
3349 475 3612 528 castrum
3629 470 3817 527 aedifi-

2160 564 2336 632 cavit,
2349 564 2515 638 quod
2540 580 2644 620 rex
2664 564 2976 620 Rotbertus
2997 577 3355 636 expugnans
3375 576 3587 634 capere
3607 559 3819 643 nequi-

2159 654 2275 722 vit;
2316 658 2373 709 et
2401 653 2483 710 sic
2510 653 2791 710 frustatus
2819 652 3077 709 recessit.
3120 652 3216 708 His
3246 650 3617 723 temporibus
3656 648 3818 705 basi-

2160 743 2275 800 lica
2300 743 2489 799 sancti
2526 744 2749 801 Martini
2779 743 3092 814 Turonica,
3123 742 3200 798 ab
3226 747 3417 797 Arveo
3446 738 3819 796 thesaurario

2162 849 2387 903 magno
2403 832 2565 889 cultu
2581 833 2962 900 inchoata,ad
2982 833 3166 888 ﬁnem
3180 831 3485 904 perducta,
3500 835 3557 885 et
3568 845 3820 902 corpore

2158 922 2348 979 sancti
2378 923 2603 980 Martini
2634 923 2965 992 sublevato,
2990 939 3126 977 cum
3152 920 3339 991 gloria
3365 935 3589 990 magna
3612 934 3819 974 consc-

2158 1015 2323 1067 crata
2342 1015 2431 1066 est
2454 1010 2515 1065 in
2540 1011 2768 1067 honore
2802 1015 2865 1066 12
2892 1010 3323 1082 apostolorum.
3345 1008 3445 1062 His
3466 1006 3647 1062 etiam
3673 1010 3823 1061 tem-

2159 1099 2410 1172 poribus
2450 1098 2699 1155 ecclesia
2741 1099 2927 1155 sancti
2966 1098 3115 1154 Petri
3160 1096 3316 1153 sedis
3356 1094 3822 1167 Engolismensis

2162 1187 2437 1244 dedicata
2460 1192 2551 1244 est
2580 1204 2615 1244 a
2632 1188 2818 1245 tribus
2849 1186 3168 1259 episcopis,
3189 1202 3225 1242 a
3248 1183 3490 1254 Siguino
3520 1182 3823 1239 monacho

2163 1276 2609 1346 Burdegalensi,
2641 1292 2677 1331 a
2698 1275 3045 1332 Grimcardo
3076 1279 3133 1330 et
3163 1273 3351 1330 lslone
3381 1272 3559 1328 fratre
3585 1273 3644 1327 ‘7'
3668 1271 3820 1342 ejus.

2168 1365 2395 1433 Quibus
2426 1366 2795 1438 temporibus
2824 1364 3072 1421 ecclesia
3104 1366 3325 1419 sanctae
3359 1359 3826 1417 Resurrectionis

2168 1458 2303 1510 ante
2331 1453 2644 1509 basilicam
2689 1453 2845 1510 beati
2892 1451 3163 1526 Eparchii
3195 1456 3359 1508 terrae
3392 1454 3560 1506 motu
3588 1450 3646 1506 8‘
3681 1448 3825 1504 sub-

395 1549 595 1588 smum
643 1538 698 1590 et
744 1552 983 1593 crucem
1010 1544 1067 1595 et
1093 1539 1386 1612 quidquid
1433 1556 1596 1596 sanie
1642 1541 1921 1597 doctrinae
1952 1547 2058 1599 est.
2101 1566 2140 1619 Β
2168 1558 2342 1598 versa
2361 1547 2468 1612 est,
2496 1547 2553 1598 et
2580 1540 2804 1598 ibidem
2835 1540 3161 1598 clocarium
3185 1541 3491 1613 inceptum
3518 1542 3623 1595 est.
3648 1536 3829 1595 Gisle-

393 1620 767 1677 Abstinentes
798 1639 834 1678 a
861 1624 1026 1691 cibis,
1055 1628 1230 1698 quasi
1257 1628 1541 1685 monachi
1577 1629 1975 1703 apparabant,
2004 1633 2062 1686 et

396 1708 728 1765 castitatem
760 1711 1145 1782 simulabant,
1181 1716 1287 1771 sed
1316 1716 1466 1773 inter
1510 1735 1570 1774 se
1614 1718 1779 1791 ipsos
1814 1735 2060 1776 omnem

393 1797 693 1854 luxuriam
734 1802 1108 1875 exercebant,
1143 1810 1199 1861 et
1240 1807 1442 1862 nuncii
1490 1808 1818 1866 antichristi
1867 1812 2055 1877 erant,

395 1885 736 1960 multosque
774 1906 811 1945 a
839 1890 957 1947 fide
987 1893 1319 1950 exorbitare
1350 1895 1635 1953 fecerunt.

469 1997 556 2049 50.
592 1998 697 2050 Per
738 1997 851 2053 hoc
882 2002 1118 2072 tempus
1152 2001 1492 2071 Willelmus,
1525 2005 1883 2074 cognomine
1914 2008 2056 2062 Buc-

397 2088 671 2155 cauncta,
699 2102 901 2143 comes
934 2090 1377 2147 Matisconensis
1409 2094 1487 2162 ϐ’,
1519 2093 1828 2150 castellum
1867 2094 2054 2149 aediﬁ-

397 2171 550 2227 cavit
578 2179 784 2231 contra
829 2177 1212 2235 Cluniacense
1242 2182 1313 2215 “9
1346 2182 1778 2239 monasterium
1816 2186 2059 2256 propter

399 2264 809 2333 superandum
858 2269 1168 2336 Hugonem
1212 2286 1477 2326 omnem.
1530 2274 1643 2327 Pro
1672 2288 1796 2345 qua
1824 2288 1887 2328 re
1918 2289 2057 2329 cum

398 2348 603 2405 divina
646 2368 900 2411 censura
925 2357 1240 2427 percussit,
1275 2362 1339 2413 ut
1366 2359 1531 2415 nullo
1560 2360 1744 2416 modo
1773 2360 2057 2433 deinceps

398 2444 636 2511 ereptus
659 2457 931 2512 gressum
955 2450 1175 2515 ageret.
1212 2450 1278 2502 Et
1305 2448 1514 2519 paucis
1543 2448 1904 2522 interpositis
1932 2450 2056 2505 die-

398 2527 533 2595 bus,
564 2530 733 2601 Hugo
784 2548 986 2589 comes
1026 2535 1221 2592 subito
1264 2537 1465 2610 ipsum
1503 2542 1766 2595 castrum
1818 2540 1877 2595 vi
1905 2539 2061 2613 cepit

399 2622 578 2691 atque
623 2620 749 2677 solo
792 2625 1127 2697 coequavit.
1188 2626 1472 2683 Defuncto
1522 2628 1791 2685 Gosfrido
1837 2629 2056 2685 abbate

400 2709 524 2780 (an.
561 2713 740 2783 1019),
772 2715 939 2783 Hugo
979 2715 1031 2771 ei
1073 2717 1393 2785 successit;
1450 2719 1553 2773 sed
1592 2719 1910 2792 episcopus
1962 2723 2065 2777 Ge-

2166 1631 2336 1688 berto
2366 1647 2610 1704 quoque
2653 1631 2952 1687 Pictavino
2998 1630 3284 1703 episcopo
3330 1627 3620 1685 reverenti
3674 1625 3827 1682 simo

2166 1720 2328 1776 diem
2359 1720 2671 1776 claudente
2697 1718 2883 1790 (circa
2908 1734 3007 1775 an.
3046 1720 3221 1791 1020),
3245 1722 3303 1773 et
3325 1715 3682 1774 Malliacensi
3702 1731 3829 1770 mo-

2164 1808 2424 1865 nasterio
2465 1809 2735 1878 humato,
2779 1807 3041 1864 succedit
3085 1805 3445 1863 Isembertus
3481 1804 3824 1877 episcopus.

2237 1920 2324 1972 52.
2349 1915 2446 1970 His
2466 1915 2697 1983 diebus,
2721 1914 2780 1970 in
2802 1929 3148 1987 parasceve,
3167 1917 3302 1987 post
3321 1928 3562 1968 crucem
3576 1910 3832 1967 adoran-

2163 2010 2287 2062 tam
2300 2009 2487 2063 Roma
2498 2010 2665 2062 terra:
2677 2010 2846 2061 motu
2863 2009 2919 2061 et
2932 2004 3117 2061 nimio
3130 2004 3365 2061 turbine
3378 2002 3704 2076 periclitata
3715 2004 3827 2057 est.

2165 2098 2231 2151 Et
2253 2095 2563 2151 confestim
2583 2094 2834 2167 quidam
2859 2096 2889 2148 J
2899 2094 3187 2149 udeorum
3210 2095 3266 2150 9'
3283 2092 3582 2148 intimavit
3600 2091 3830 2147 domno

2162 2201 2359 2260 papae,
2373 2186 2517 2259 quia
2533 2202 2604 2241 ea
2621 2185 2772 2240 hora
2793 2184 3161 2240 deludebant
3183 2183 3489 2252 sinagoga:
3503 2182 3831 2238 Judeorum

2165 2273 2438 2331 Crucitixi
2458 2273 2738 2343 ﬁguram.
2764 2273 2936 2340 Quod
2956 2271 3303 2329 Benedictus
3325 2272 3472 2342 (146)
3488 2285 3649 2343 papa
3676 2267 3836 2324 solli-

2163 2363 2272 2419 cite
2294 2362 2602 2435 inquirens
2622 2368 2678 2418 et
2702 2361 3095 2435 comperiens,
3114 2377 3260 2417 mox
3283 2364 3557 2416 auctores
3584 2357 3828 2415 sceleris

2164 2452 2401 2525 capitali
2424 2452 2714 2508 sententia
2738 2450 3115 2524 dampnavit.
3141 2450 3370 2512 Quibus
3391 2447 3721 2515 decollatis,
3746 2446 3834 2501 fu-

2164 2558 2262 2598 ror
2289 2546 2609 2598 ventorum
2638 2541 2912 2598 cessavit.
2949 2542 3077 2607 Quo
3107 2544 3375 2613 tempore
3407 2541 3595 2607 Hugo,
3629 2534 3833 2608 capel-

2162 2631 2337 2687 lanus
2367 2630 2641 2686 Almerici
2661 2630 3021 2687 vicecomitis
3048 2626 3536 2692 Rocacardensis,
3561 2641 3701 2682 cum
3728 2640 3826 2681 eo-

2170 2720 2311 2777 dem
2340 2719 2575 2776 senioro
2608 2736 2717 2776 suo
2742 2718 3009 2776 Tholosaa
3038 2719 3100 2774 in
3129 2718 3358 2791 pascha
3380 2715 3586 2783 adfuit,
3606 2718 3663 2771 et
3677 2713 3833 2771 cola-

399 2799 609 2856 raldus
636 2802 925 2859 adversus
957 2805 1011 2860 ei
1039 2805 1274 2875 exstitit,
1302 2807 1628 2880 prohibens
1658 2809 1709 2864 ei
1749 2809 1893 2865 dare
1922 2825 2060 2866 con-
2098 2812 2138 2869 C
2165 2810 2357 2883 phum
2385 2808 2594 2876 Judeo,
2613 2808 2763 2865 sicut
2790 2808 2905 2864 illic
2927 2807 3093 2864 omni
3118 2807 3351 2879 pascha
3378 2819 3618 2878 semper
3642 2802 3831 2865 moris

401 2888 793 2945 secrationem
818 2907 1003 2949 causa
1022 2893 1146 2964 zeli,
1178 2894 1320 2967 quia
1346 2911 1469 2951 non
1498 2901 1730 2969 poterat
1757 2898 2057 2955 vindicare

404 2974 517 3031 sibi
545 2976 885 3049 abbatiam;
930 2980 1066 3038 ideo
1097 2997 1203 3055 per
1229 2983 1541 3041 biennium
1572 2985 1779 3043 seditio
1800 3003 1925 3043 non
1952 2986 2060 3045 mi-

403 3063 569 3119 nima
600 3064 708 3121 fuit
738 3066 945 3138 civilis,
977 3069 1169 3126 donec
1198 3072 1426 3129 ratione
1453 3073 1808 3131 erubescens
1842 3076 1913 3111 ¹⁵⁰
1934 3075 2058 3148 epi-

404 3169 623 3226 scopus
647 3154 874 3212 domno
904 3160 1138 3230 Hugoni
1166 3161 1436 3218 assensit.
1463 3166 1529 3219 Et
1548 3163 1890 3237 episcopus,
1916 3164 2061 3237 quia

403 3242 807 3300 thesaurarius
855 3248 1049 3304 Sancti
1088 3249 1283 3305 llilarii
1323 3256 1468 3320 erat,
1496 3251 1644 3307 dum
1683 3257 1819 3308 ante
1848 3252 2064 3309 festivi-

403 3334 586 3388 tatem
615 3334 887 3390 omnium
933 3342 1280 3393 sanctorum
1306 3338 1560 3394 Pictavis
1592 3340 1720 3409 iret,
1745 3340 1807 3396 in
1848 3343 2062 3398 Sancto

407 3422 646 3477 Carrot‘o
676 3429 977 3495 egrotans,
1012 3426 1167 3481 intra
1202 3432 1264 3481 15
1295 3427 1422 3484 dies
1452 3428 1597 3485 obiit
1640 3429 1761 3500 (an.
1800 3432 1978 3503 1020),
2010 3436 2067 3489 et

404 3508 487 3564 ibi
518 3510 784 3582 sepultus
810 3517 913 3569 est.
944 3518 1016 3569 At
1043 3519 1224 3586 caput
1251 3516 1381 3586 ejus
1413 3516 1619 3573 tabula
1649 3517 1935 3590 plumbea
1963 3537 2066 3593 po-

408 3596 521 3653 sita
545 3602 633 3654 est
659 3598 741 3655 ita
770 3600 989 3674 scripta
1013 3619 1025 3657 :
1054 3604 1173 3659 Hic
1200 3605 1514 3676 requiescit
1537 3607 1830 3664 Geraldus
1851 3611 2068 3679 episco-

398 3701 517 3756 pus
542 3689 882 3759 Lemovices,
914 3691 1056 3746 obiit
1087 3695 1117 3747 3
1150 3692 1293 3747 Idus
1325 3694 1689 3751 Novembris.
1713 3697 1953 3767 Prefuz't
1984 3700 2064 3755 ei-

406 3775 538 3831 dem
574 3777 703 3832 sedi
724 3777 761 3832 8
789 3779 984 3834 anm’s.
1020 3782 1152 3835 Post
1181 3783 1435 3837 mortem
1479 3782 1607 3853 ejus
1640 3783 1922 3840 successit
1945 3787 2067 3840 Jor-

406 3864 603 3922 danus
632 3866 970 3940 episcopus.

2168 2903 2275 2966 est,
2302 2897 2610 2971 imposuit,
2638 2901 2694 2954 et
2722 2896 3036 2955 cerebrum
3064 2895 3220 2952 illico
3240 2900 3297 2952 et
3314 2894 3523 2952 oculos
3545 2909 3618 2950 ex
3638 2890 3831 2965 capite

2167 2987 2400 3061 perﬁdo
2429 2987 2508 3043 ad
2533 2991 2754 3043 terram
2773 2986 3020 3054 effudit;
3053 2990 3111 3042 et
3131 2985 3331 3043 statim
3360 2987 3656 3046 mortuus,
3687 2997 3724 3038 υ,
3752 2980 3831 3036 si-

2170 3092 2410 3147 nagoga
2426 3076 2751 3133 Judeorum
2764 3076 2838 3132 de
2848 3075 3097 3132 basilica
3109 3074 3299 3132 sancti
3316 3072 3599 3147 Stephani
3619 3070 3829 3138 elatus,

2172 3164 2492 3238 sepultura:
2506 3164 2682 3221 datus
2698 3168 2803 3221 est.
2821 3166 2950 3231 Quo
2965 3168 3230 3236 tempore
3248 3162 3666 3221 Cordubenses
3681 3162 3835 3217 Mau-

2171 3254 2221 3310 ri
2248 3269 2356 3326 per
2376 3268 2541 3309 mare
2563 3252 2852 3309 Gallicum
2874 3252 3071 3308 subito
3101 3268 3241 3308 cum
3270 3251 3458 3307 multa
3490 3248 3664 3306 classi
3695 3252 3836 3305 Nar-

2170 3343 2349 3399 bona;
2377 3358 2485 3415 per
2522 3347 2759 3398 noctem
2805 3342 3186 3415 appulerunt,
3219 3344 3277 3398 et
3322 3355 3562 3395 summo
3591 3336 3834 3394 diliculo

2172 3448 2313 3487 cum
2343 3431 2525 3487 armis
2554 3430 2616 3486 in
2646 3430 2894 3487 circuitu
2934 3430 3183 3486 civitatis
3213 3446 3340 3486 sese
3367 3428 3735 3495 effuderunt;
3777 3430 3835 3482 et

2174 3519 2445 3592 sicutipsi
2461 3519 2637 3575 nobis
2653 3518 2981 3576 retulerunt
3004 3520 3115 3586 10⁸,
3135 3518 3506 3588 sortilogium
3523 3532 3734 3572 eorum
3749 3514 3834 3570 eis

2172 3608 2546 3682 promiserat,
2574 3624 2858 3682 prospere
2907 3613 3145 3664 acturos
3173 3611 3230 3664 et
3258 3606 3601 3665 Narbonam
3628 3608 3837 3677 captu-

2172 3714 2293 3753 ros.
2327 3702 2399 3753 At
2425 3695 2732 3754 christiani
2761 3698 3109 3771 quantotius
3143 3713 3362 3770 corpus
3391 3700 3448 3753 et
3475 3694 3833 3765 sanguinem

2174 3786 2276 3843 Dei
2297 3802 2333 3842 a
2353 3786 2764 3843 sacerdotibus
2780 3786 3136 3860 accipientes
3152 3785 3834 3852 communicaverunt,et

2174 3880 2581 3950 praeparantes
2606 3892 2668 3932 se
2690 3876 2768 3932 ad
2789 3880 3066 3943 mortem,
3089 3874 3247 3932 bello
3268 3874 3619 3931 invaserunt
3638 3874 3837 3930 Sarra-

413 4071 908 4162 1‘ncum_q‘uibusi
922 4072 1272 4162 benedictus
1301 4075 1659 4162 fuerat-odd.
1693 4082 1745 4133 2.
1777 4149 1786 4159 .
1822 4082 1889 4134 2⁸
1914 4078 2151 4162 colobio
2179 4083 2380 4162 tamen
2412 4084 2470 4137 et
2485 4081 2700 4162 casula
2728 4085 2799 4162 2.;
2846 4085 2919 4162 Δ3⁴ι
2947 4096 3055 4162 per
3078 4079 3394 4137 stationem
3413 4078 3592 4162 lurbis
3620 4077 3836 4162 missas

704 4145 830 4229 Non
873 4144 1165 4229 debemus
1194 4148 1830 4229 praetermitteretquia
1855 4166 1963 4229 per
1991 4156 2057 4229 15
2090 4150 2216 4206 dies
2256 4150 2559 4229 altercatio
2588 4152 2697 4208 fuit
2741 4144 2993 4229 Pictavis
3024 4168 3141 4229 pro
3168 4166 3261 4229 eo,
3290 4148 3837 4229 contradicentibus

482 4216 779 4283 episcopis
811 4216 1114 4296 omnibus,
1146 4216 1270 4299 non
1301 4234 1430 4299 esse
1459 4216 1877 4276 auctoritatem
1903 4224 2162 4293 Patrum,
2196 4222 2605 4279 ordinationes
2636 4222 2935 4293 graduum
2984 4216 3063 4278 ab
3092 4216 3313 4279 ostiaro
3347 4238 3538 4294 usque
3569 4220 3647 4277 ad
3720 4235 3840 4275 res-

478 4282 756 4355 byterum
786 4286 912 4342 fieri
938 4286 1177 4355 debere,
1210 4304 1326 4344 nlSl
1355 4305 1463 4355 per
1486 4290 1718 4355 jejunia
1746 4296 2007 4355 quatuor
2036 4297 2377 4355 temporum
2408 4294 2551 4349 anni
2591 4299 2649 4350 et
2678 4299 2800 4351 tota
2819 4293 3292 4355 quadragesima
3323 4309 3431 4355 per
3453 4235 3836 4349 dieslallgato-

479 4302 756 4355 nyterum
786 4302 912 4342 neri
938 4302 1177 4357 uenere,
1210 4304 1326 4344 misr
1355 4305 1463 4362 per
1486 4306 1718 4361 jejunia
1746 4302 2007 4363 quatuor
2036 4302 2057 4347 t

479 4370 615 4409 rum
635 4371 837 4445 usque
865 4356 927 4445 i'n
951 4358 1211 4445 palmis;
1253 4360 1378 4445 sed,
1408 4361 1488 4445 ξεί
1509 4361 1819 4445 ’νοίξωῑεῖξ
1840 4362 2057 4445 Willeln

2166 4309 2377 4419 porum
2408 4302 2551 4349 anni
2591 4302 2649 4350 et
2678 4302 2800 4351 tota
2819 4302 3292 4367 quadragesima
3323 4309 3431 4365 per
3453 4302 3836 4349 dieslalbato-

2182 4364 2413 4445 ucis_‘_5'
2440 4365 2794 4445 praevalens,
2819 4365 3241 4445 auctoritatem
3271 4362 3837 4445 debitam_oppi_lare

479 4441 605 4514 non
626 4430 845 4514 timuit.
868 4431 986 4514 .Per
1013 4430 1286 4514 hos'dies
1308 4431 1605 4514 losfredus
1634 4436 1687 4487 2.
1849 4438 1987 4514 post
2023 4434 2267 4514 terciam
2298 4430 2467 4514 diem
2487 4437 2648 4514 μάψ.
2679 4441 2733 4494 2.
2782 4430 2867 4514 ⁷-6]ι
2897 4437 3252 4514 Masticonaa,
3284 4434 3450 4509 quod
3471 4438 3566 4514 est
3593 4430 3677 4514 in:
3698 4436 3840 4514 pur-

481 4497 708 4567 gundia
737 4502 790 4554 2.
868 4504 925 4554 7“
950 4499 989 4556 f.
1023 4516 1074 4557 e.
1108 4502 1229 4559 des.
1257 4506 1311 4557 2.
1388 4506 1446 4559 8·
1470 4502 1648 4559 ruina
1675 4497 1875 4561 subita
1907 4509 1958 4562 2.
2036 4510 2095 4562 9*
2124 4505 2199 4562 de
2232 4506 2441 4564 schola
2477 4508 2681 4565 Grecia
2727 4508 2870 4565 add.
2901 4513 2955 4565 2.
2991 4511 3082 4564 10⁸
3108 4497 3326 4581 νοείθέ
3349 4504 3568 4577 captivi
3595 4503 3739 4559 add.
3772 4504 3831 4561 2.

1788 4709 2019 4765 VARLE
2058 4710 2460 4769 LECTIONES.

479 4869 551 4905 ‘“
584 4870 999 4928 cluniacensis.
1033 4876 1082 4930 1.
1160 4873 1234 4908 "0
1265 4874 1628 4933 erubescans
1659 4880 1707 4933 1.
1788 4878 1855 4913 1⁸1
1898 4864 2037 4936 sec.
2117 4880 2190 4916 ¹⁶²
2219 4879 2359 4937 duci
2384 4896 2436 4938 c.

2016 5087 2240 5143 NOTAE.

484 5213 629 5305 (tif?)
658 5213 767 5305 (gf;
802 5218 963 5305 ann;
988 5220 1245 5305 ‘Lempv.
1305 5237 1394 5305 a._
1413 5225 1572 5305 1917-,
1630 5226 1788 5294 1018,
1841 5225 1939 5282 SS.
1995 5229 2062 5282 ll.
2175 5225 2632 5305 esse_usque_ad
2659 5225 2877 5305 solum.

408 5300 471 5372 p.
799 5288 1121 5372 Qeraldum
1133 5291 1260 5362 jam
1276 5308 1348 5372 _a‘.
1376 5297 1402 5372 1_
1408 5297 1510 5350 013
1534 5285 1733 5372 Romae
1762 5285 2068 5372 reversum
2218 5298 2394 5372 ο(143)
2428 5285 2497 5354 ln
2524 5297 2843 5354 Britannia.

410 5300 471 5358 p.
499 5299 629 5367 254.
658 5299 771 5368 ξω
799 5299 1117 5345 (ieratdum
1133 5299 1260 5362 jam
1293 5308 1348 5348 a.
1376 5299 1510 5350 1013
1534 5299 1733 5350 Romae
1762 5311 2068 5353 reversum
2218 5299 2368 5369 ο(143
2430 5299 2497 5354 ln
2524 5299 2752 5354 Britann

410 5356 1079 5439 essedicrtAdemarus
1107 5362 1169 5439 i_n
1194 5363 1446 5439 epistola
1475 5380 1572 5439 ap.
1608 5366 1758 5439 mal).
1789 5372 1940 5423 Ann.
1976 5367 2066 5439 ιν,
2246 5299 2394 5439 (14d
2434 5373 2752 5439 Argenton.

409 5432 629 5516 pA.A72tn,
661 5429 1005 5516 ibidemque
1048 5429 1331 5516 refert'(p.
1365 5429 1855 5516 723),:b‘asilicam
1897 5429 2065 5516 vetui
2249 5429 2394 5516 (145)
2435 5429 2665 5516 Massa}

411 5442 471 5500 p.
503 5440 629 5494 721,
661 5440 1005 5512 ibidemque
1048 5440 1221 5515 refert
1253 5440 1331 5516 (p.
1365 5440 1514 5506 723),
1544 5440 1855 5493 basilicam
1897 5446 2065 5495 vetu-
2273 5441 2394 5506 145)
2435 5440 2665 5497 Massai.

411 5503 578 5583 stam.
595 5501 936 5583 salvatoris,
967 5519 1101 5583 quae
1126 5520 1313 5562 nimia
1341 5512 1631 5583 vetustate
1658 5512 1799 5583 tunc
1826 5509 2068 5583 ruinam
2247 5440 2396 5583 5146)
2442 5512 2787 5569 Benedictus
2814 5514 2953 5569 Vlll.

410 5571 751 5641 minitabat,
774 5571 929 5630 ante
959 5571 1189 5647 septem
1224 5592 1419 5634 annos
1449 5578 1506 5649 (i.
1537 5594 1590 5635 e.
1624 5581 1782 5651 1021)
1806 5580 2069 5639 dirutam
