4054 6188
212 215 279 268 65
757 208 762 212 ’
1265 207 1743 265 HISTORIARUM
1782 205 1873 262 Llli

1998 208 2193 265 TRES.
2219 240 2288 250 —
2337 212 2464 268 LIB.
2498 213 2592 269 ΙΙΙ.
3569 233 3636 289 66

210 343 417 395 cenes,
445 330 503 382 et
533 324 778 382 victoria
806 324 974 398 potiti
1002 328 1161 396 sunt,
1195 341 1528 398 omnesque
1558 327 1661 381 aut
1685 326 1874 380 morte
1902 326 1950 379 A
1988 327 2075 381 ter
2093 325 2222 397 ejus
2265 329 2512 397 Magnus
2566 332 2810 389 Carolus
2862 338 3308 398 assuescebant.
3368 345 3639 404 Theodo—

208 422 315 473 aut
341 415 680 490 captivitate
703 431 843 471 cum
863 415 1117 472 navibus
1134 419 1191 472 et
1217 415 1420 472 multis
1442 414 1647 489 spoliis
1663 430 1873 471 eorum

207 505 603 574 retinuerunt,
631 510 687 562 et
712 504 976 578 captivos
1012 510 1119 562 aut
1170 504 1572 561 vendiderunt
1624 508 1728 560 aut
1758 519 1874 559 ser-

206 596 332 652 vire
355 596 647 662 fecerunt,
693 598 752 651 et
781 596 997 652 Sancto
1026 594 1283 653 Marciali
1313 593 1641 650 Lemovicae
1666 592 1875 663 viginti

206 689 447 743 Mauros
506 701 761 758 corpore
825 700 1102 741 enormes
1178 684 1640 741 transmiserunt
1716 682 1880 739 dono

208 774 499 831 muneris.
536 777 617 831 Ex
645 774 871 848 quibus
894 774 1087 831 abbas
1117 773 1425 831 Gosfridus
1456 773 1610 830 duos
1634 771 1877 829 retinuit

204 862 269 919 in
292 862 601 933 servitute,
633 865 860 919 ceteros
884 861 1128 919 diversit
1150 878 1258 935 per
1286 861 1586 935 principes
1612 858 1875 933 peregri-

204 968 342 1023 nos,
365 954 475 1025 qui
504 952 579 1009 de
603 952 877 1026 partibus
907 951 1158 1008 diversis
1181 951 1564 1008 Lemovicam
1586 965 1877 1007 convene-

203 1046 365 1097 rant.
402 1040 666 1113 Loquela
696 1056 906 1097 eorum
926 1056 1317 1115 nequaquam
1346 1042 1474 1096 erat
1505 1037 1875 1096 Sarracenis-

201 1146 298 1197 ca,
334 1128 448 1185 sed
488 1145 652 1186 more
707 1129 1045 1186 catulorum
1087 1128 1426 1202 loquentes,
1479 1127 1685 1198 glatire
1709 1126 1875 1184 vide-

201 1218 459 1275 bantur.

276 1313 367 1365 53.
402 1311 484 1364 Eo
512 1312 780 1381 tempore
833 1306 1070 1364 inﬁnita
1126 1306 1448 1364 multitudo
1508 1310 1877 1363 Normanno-

197 1413 342 1453 rum
377 1413 454 1453 ex
487 1398 907 1453 Danamarcha
932 1401 995 1456 et
1024 1400 1221 1454 Iresca
1274 1396 1517 1467 regione
1548 1412 1688 1452 cum
1732 1394 1877 1451 clas-

196 1502 266 1541 se
299 1487 379 1521 ³⁵³
408 1485 733 1543 innumera
758 1502 927 1559 appu
946 1490 1123 1541 erunt
1152 1489 1394 1558 portum
1424 1483 1876 1557 Aquitanicum.

199 1578 291 1639 Et,
344 1575 506 1631 sicut
549 1578 831 1648 parentes
906 1579 1175 1646 egerant,
1208 1573 1408 1630 conati
1449 1578 1588 1630 sunt
1631 1588 1877 1629 omnem

198 1660 601 1736 Aquitaniam
654 1663 958 1719 desertare
997 1667 1055 1720 et
1106 1662 1428 1735 captivare.
1488 1667 1692 1735 Itaque
1747 1661 1871 1717 dux
1904 1678 1943 1732 Β

199 1752 573 1809 fortissimus
592 1752 919 1811 Willelmus
954 1752 1461 1826 mandatubique
1491 1768 1598 1825 per
1639 1752 1869 1825 episco-

195 1859 340 1916 pos,
371 1847 437 1898 ut
461 1841 787 1899 suaderent
835 1842 1073 1916 plebem
1117 1842 1352 1899 Domini
1396 1841 1687 1898 auxilium
1731 1858 1871 1897 cum

201 1934 451 2004 iejuniis
482 1938 537 1990 et
564 1933 799 1990 letaniis
818 1933 1158 2007 implorare.
1189 1938 1319 2006 Ipse
1348 1950 1488 1990 vero
1507 1936 1872 2005 congregata

203 2038 401 2079 manu
447 2023 649 2079 valida
697 2023 1041 2093 electorum,
1092 2039 1300 2079 mense
1347 2027 1635 2093 Augusto,
1678 2021 1875 2078 immi-

204 2116 391 2168 nente
417 2113 550 2184 jam
585 2117 783 2184 nocte,
816 2112 973 2169 circa
999 2111 1139 2168 litus
1179 2111 1365 2168 maris
1392 2127 1563 2168 secus
1592 2128 1695 2167 eos
1747 2126 1873 2166 cas-

202 2205 297 2256 tra
328 2200 652 2273 disposuit.
694 2201 917 2271 Pagani
942 2200 1208 2257 videntes
1266 2205 1499 2258 tantam
1551 2200 1877 2257 multitudi-

200 2306 374 2360 nem,
402 2294 628 2346 terrore
659 2289 954 2364 conpulsi,
989 2294 1110 2347 tota
1139 2294 1313 2347 nocte
1336 2290 1600 2347 minutas
1629 2290 1872 2346 scrobes

197 2395 314 2452 per
337 2379 657 2435 circuitum
682 2380 753 2415 ¹⁵⁴
775 2379 1055 2436 foderunt
1079 2384 1137 2436 et
1157 2380 1485 2454 cespitibus
1506 2383 1876 2452 operuerunt

196 2475 268 2524 ut
312 2469 667 2539 ignorantes
717 2468 945 2542 equites
998 2469 1081 2525 ibi
1128 2473 1393 2525 ruerunt.
1450 2474 1656 2542 Itaque
1694 2484 1874 2524 mane

196 2558 407 2631 primo
434 2557 712 2613 incautus
743 2557 1055 2626 exercitus,
1097 2574 1237 2614 cum
1258 2559 1410 2614 duce
1438 2558 1634 2631 prima
1664 2556 1874 2613 frontis

201 2648 337 2703 acie
378 2650 805 2720 praecurrente,
860 2662 1016 2720 equo
1065 2663 1245 2720 super
1292 2662 1567 2720 paganos
1598 2646 1768 2704 frena
1793 2647 1876 2703 la-

200 2752 384 2804 xans,
450 2752 593 2793 mox
644 2753 753 2809 per
809 2736 1056 2793 scrobes
1099 2736 1401 2793 dilabitur.
1444 2740 1511 2792 Et
1560 2736 1873 2793 ruentibus

204 2825 382 2899 equis
412 2841 557 2881 cum
580 2825 915 2882 sessoribus
940 2841 1251 2882 armorum
1276 2825 1544 2899 pondere
1585 2827 1871 2896 gravatis,

204 2915 442 2989 pagani
469 2915 692 2971 multos
722 2915 973 2988 capiunt
1006 2934 1019 2984 ;
1054 2919 1111 2972 et
1138 2915 1450 2971 novissimi
1480 2917 1552 2951 ¹⁵⁵
1582 2916 1874 2972 exercitus

198 3003 380 3060 tarde
413 3010 695 3061 cavantes
728 3004 959 3072 dolum,
994 3004 1164 3077 equis
1210 3003 1534 3060 dissibunt.
1569 3009 1703 3077 Ipse
1727 3004 1871 3076 dux,
1906 3030 1946 3086 ρ

204 3110 369 3167 equo
401 3094 679 3150 scrobem
709 3093 1042 3161 offendens,
1069 3093 1132 3149 in
1174 3109 1441 3167 princeps
1472 3093 1648 3161 venit,
1695 3098 1751 3149 et
1779 3110 1875 3149 ar-

203 3181 325 3238 mis
346 3186 637 3238 oneratus
658 3181 919 3252 jamjam
947 3180 1252 3237 deciderat
1294 3181 1354 3237 in
1380 3197 1633 3237 manum
1663 3181 1875 3237 adver-

206 3272 533 3339 sariorum,
560 3272 699 3341 nisi,
730 3275 871 3342 Deo,
897 3272 1001 3345 qui
1040 3287 1181 3327 eum
1212 3287 1448 3344 semper
1476 3271 1755 3341 custodit,
1777 3289 1873 3328 ro-

204 3362 325 3417 bur
343 3367 405 3418 et
430 3366 696 3418 mentem
720 3360 773 3417 ei
805 3361 1201 3432 ministrante,
1244 3378 1469 3432 magno
1498 3360 1727 3435 impetu
1759 3362 1876 3418 sal-

206 3454 334 3505 tum
363 3449 543 3504 daret
569 3455 629 3504 et
652 3448 1027 3505 velocissimo
1060 3465 1244 3505 cursu
1274 3465 1403 3505 sese
1433 3449 1705 3505 redderet
1726 3450 1872 3505 suis.

206 3543 337 3597 Mox
359 3538 777 3594 intermissum
808 3542 899 3595 est
926 3538 1152 3594 bellum
1196 3554 1383 3595 causa
1422 3543 1759 3612 captorum,
1800 3556 1876 3595 ne

202 3628 695 3684 interimerentur
728 3646 741 3697 ;
775 3632 945 3683 erant
974 3628 1135 3684 enim
1156 3644 1228 3685 ex
1257 3628 1673 3684 nobilioribus.
1728 3632 1877 3686 Cum

206 3734 279 3774 eo
309 3717 411 3773 die
437 3716 520 3772 ab
545 3716 812 3790 utrisque
839 3721 1168 3785 nutaretur,
1202 3717 1475 3790 sequenti
1533 3722 1726 3783 nocte,
1750 3718 1877 3791 ple-

204 3805 483 3862 nitudine
514 3805 700 3861 maris
713 3805 1015 3875 invitante,
1044 3823 1183 3862 cum
1215 3807 1404 3879 captis
1436 3806 1664 3863 concite
1686 3823 1876 3880 paga-

203 3894 559 3951 ninavibus
598 3894 883 3961 insiliunt,
916 3899 973 3951 et
996 3894 1217 3951 auxilio
1273 3895 1471 3968 pelagi
1527 3895 1875 3965 liberantur,

208 3999 329 4039 nec
360 3982 619 4055 amplius
646 3982 799 4038 ﬁnes
850 3982 981 4039 illos
1010 3983 1418 4056 inquietarunt
1473 3985 1566 4040 1⁵⁸.
1616 3986 1746 4041 Dux
1776 4001 1880 4041 au-

209 4077 341 4129 tem
375 4088 484 4145 pro
513 4072 701 4145 captis
728 4071 965 4128 inﬁnita
994 4073 1265 4145 pondera
1314 4073 1547 4143 argenti
1597 4074 1781 4145 misit,
1822 4079 1880 4131 et

207 4177 718 4234 unumquemque
772 4176 1036 4233 pensans
1094 4166 1341 4233 argento
1390 4162 1643 4218 redemit
1687 4163 1878 4219 homi-

206 4268 355 4307 nem
363 4292 378 4305 .

1982 411 2117 502 sius,
2138 414 2193 468 l'
2220 430 2465 488 quoque
2490 416 2674 474 victor
2704 427 2997 493 angustus
3036 425 3098 480 in
3126 427 3265 485 aula
3287 430 3490 502 palatii
3516 451 3641 492 non

1981 501 2165 558 modo
2217 501 2492 578 legendo,
2552 524 2758 565 verum
2815 516 2873 567 et
2920 514 3237 574 scribendo
3286 501 3640 582 creberrime

1981 590 2419 683 exercitabatur
2442 597 2610 668 (147).
2646 600 2792 655 Nam
2824 601 3182 660 Octavianus
3212 610 3394 665 Cesar
3412 616 3643 683 Augus-

1982 683 2229 774 tuskpost
2250 680 2567 741 lectionem
2598 688 2843 760 propria
2865 706 3053 748 manu
3074 695 3279 766 praelia
3301 716 3411 755 sua
3430 706 3487 758 et
3512 680 3641 774 ges-

1981 772 2044 825 ta
2073 772 2483 830 Romanorum
2508 778 2565 831 et
2589 776 2707 832 alia
2749 794 3004 852 quaeque
3035 797 3158 839 non
3193 788 3393 857 segnis
3419 772 3640 849 scribe-

1984 857 2089 914 bat
2118 859 2135 929 (
2145 861 2285 932 148).

2056 952 2143 1042 55.
2178 948 2280 1004 His
2303 953 2674 1024 temporibus
2705 959 3032 1016 Normanni
3072 965 3416 1036 supradicti,
3476 973 3643 1042 quod

1984 1041 2184 1109 patres
2215 1054 2424 1096 eorum
2446 1058 2763 1117 nunquam
2794 1048 2928 1104 ansi
2960 1055 3102 1107 sunt
3129 1052 3343 1124 facere,
3391 1041 3529 1115 cum
3560 1060 3645 1116 in-

1985 1141 2237 1215 numera
2263 1128 2450 1186 classe
2482 1132 2822 1191 Hiberniam
2844 1136 3125 1211 insulam,
3158 1159 3294 1215 quae
3326 1151 3384 1202 et
3408 1148 3641 1205 Hirlun-

1984 1214 2065 1270 da
2094 1214 2325 1284 dicitur,
2358 1217 2609 1289 ingressi
2640 1228 2778 1279 sunt
2804 1240 2925 1282 una
2941 1244 3079 1284 cum
3109 1214 3398 1289 uxoribus
3419 1240 3475 1292 et
3493 1236 3643 1295 libe-

1984 1303 2065 1360 ris
2095 1308 2151 1360 et
2179 1306 2425 1379 captivis
2464 1308 2815 1381 christianis,
2849 1330 3004 1387 quos
3061 1318 3325 1378 fecerant
3372 1325 3484 1381 sibi
3520 1344 3640 1382 scr-

1985 1408 2116 1464 vos,
2144 1397 2226 1461 ut,
2256 1394 2551 1453 Hirlandis
2585 1399 2882 1470 extinctis,
2910 1403 3023 1476 ipsi
3062 1423 3172 1479 pro
3217 1409 3300 1465 eis
3349 1411 3644 1471 inhabita-

1985 1485 2118 1538 rent
2137 1482 2654 1554 opulentissimam
2706 1491 2778 1525 ¹⁵⁷
2810 1495 3046 1550 terram.
3082 1497 3224 1562 Quae
3276 1504 3339 1555 I2
3378 1501 3642 1559 civitates

1987 1586 2127 1661 cum
2172 1571 2561 1644 amplissimis
2604 1577 3051 1652 episcopatibus
3111 1588 3167 1641 et
3210 1603 3402 1643 unum
3439 1606 3642 1661 regem

1986 1659 2169 1716 habet
2191 1665 2248 1717 et
2301 1663 2611 1736 propriam
2665 1665 2959 1740 linguam,
3011 1673 3133 1729 sed.
3162 1675 3395 1733 Latinas
3420 1659 3643 1737 litteras

1981 1750 2173 1814 Quam
2199 1751 2452 1807 Sanctus
2482 1754 2765 1812 Patricius
2804 1760 3108 1816 Romanus
3138 1764 3216 1819 ad
3268 1765 3453 1824 ﬁdem
3497 1787 3641 1827 con-

1983 1838 2170 1910 vertit,
2194 1844 2251 1895 et
2276 1840 2358 1895 ibi
2384 1840 2613 1913 primus
2642 1845 2878 1917 praefuit
2902 1848 3224 1923 episcopus
3261 1872 3273 1921 ;
3298 1871 3435 1927 quae
3465 1858 3642 1914 undi-

1979 1942 2096 1999 que
2124 1927 2278 1984 mari
2307 1928 2729 1989 circumcincta
2775 1939 2879 1991 est.
2925 1935 3009 1991 lbi
3060 1938 3395 1997 solsticialis
3456 1946 3643 2003 estiva

1980 2031 2102 2108 nox
2130 2017 2402 2108 ejusdem
2431 2021 2759 2093 parvitatis.
2795 2026 3143 2084 Consertum
3177 2034 3265 2086 est
3294 2047 3437 2102 ergo
3493 2051 3643 2108 prae-

1978 2102 2127 2160 lium
2156 2121 2264 2178 per
2313 2107 2576 2164 triduum
2621 2110 3006 2183 incessanter,
3052 2121 3109 2172 et
3156 2102 3643 2181 Normannorum

1979 2192 2181 2249 nullus
2208 2194 2381 2252 vivus
2419 2198 2624 2255 exasit.
2655 2202 2876 2257 Uxores
2918 2219 3129 2260 eorum
3181 2223 3321 2264 cum
3371 2212 3640 2282 parvulis

1982 2299 2111 2339 sese
2140 2289 2369 2341 cuncta:
2396 2286 2457 2342 in
2482 2304 2649 2345 mare
2690 2290 3024 2364 praecipites
3086 2296 3474 2356 suffocarunt.
3532 2302 3643 2368 Qui

1980 2373 2101 2429 vivi
2128 2375 2285 2447 capti
2320 2382 2477 2447 sunt,
2530 2378 2669 2435 feris
2727 2381 2805 2437 ad
2856 2381 3210 2442 laniandum
3276 2390 3345 2424 ¹⁵⁸
3396 2393 3646 2464 projecti

1983 2467 2144 2519 sunt.
2183 2467 2375 2521 Unum
2408 2483 2481 2522 ex
2507 2468 2814 2540 captivum
2854 2470 3039 2529 fuisse
3071 2478 3371 2547 cognovit,
3418 2485 3475 2536 et
3503 2498 3643 2538 cum
3723 2539 3727 2543 ,

1981 2553 2333 2610 muneribus
2358 2556 2621 2614 donavit.
2657 2560 2777 2614 Rex
2806 2575 2948 2617 vero
3007 2565 3266 2621 Canotus
3323 2567 3398 2624 de
3445 2572 3640 2628 Dana-

1982 2642 2230 2698 marcha
2255 2659 2551 2715 paganus,
2574 2650 2813 2703 mortuo
2824 2648 3126 2707 Adalrado
3150 2668 3288 2723 rege
3313 2656 3644 2725 Anglorum

1983 2730 2107 2801 (an.
2145 2733 2326 2805 1016};
2358 2750 2613 2805 regnum
2646 2736 2774 2807 ejus
2796 2737 2936 2793 dolo
2964 2740 3136 2812 cepit,
3163 2746 3220 2797 et
3239 2758 3511 2813 reginam
3541 2763 3647 2803 an-

1983 2818 2218 2890 glorum
2241 2821 2301 2877 in
2324 2823 2674 2895 conjugium
2697 2826 2946 2898 accepit,
2976 2844 3112 2900 qua:
3143 2834 3269 2887 erat
3325 2849 3495 2890 soror
3543 2852 3644 2892 co-

1983 2909 2142 2965 mitis
2162 2913 2536 2969 Rotomensis
2570 2915 2642 2949 ¹δ⁹
2686 2914 2984 2985 Richardi,
3045 2923 3103 2974 et
3156 2919 3348 2977 factus
3378 2923 3647 2982 christia-

1984 3014 2119 3069 nus,
2155 3003 2406 3073 utraque
2430 3018 2617 3073 regna
2648 3004 2853 3075 tenuit,
2888 3010 2943 3062 et
2974 3023 3391 3083 quoscumque
3453 3014 3647 3086 potuit

1986 3113 2059 3152 ex
2087 3098 2343 3170 paganis
2368 3099 2443 3155 de
2466 3102 2885 3160 Danamarcha
2913 3104 2991 3160 ad
3022 3105 3205 3162 fidem
3263 3109 3478 3167 Christi
3508 3127 3645 3184 per-

1983 3183 2158 3239 traxit
2182 3185 2257 3238 2‘.
2293 3184 2585 3255 Ricgardo
2615 3202 2753 3242 vero
2783 3188 2998 3245 comite
3029 3193 3363 3264 Rotomagi,
3392 3183 3529 3252 ﬁlio,
3550 3198 3645 3254 Ri-

1984 3272 2211 3342 chardi,
2237 3276 2613 3330 Normannos
2636 3274 3027 3343 gubernante,
3086 3279 3404 3339 multitudo
3435 3301 3645 3342 eorum

1985 3379 2124 3419 cum
2149 3363 2302 3419 duce
2332 3362 2583 3420 Rodulfo
2634 3365 2846 3421 armati
2900 3369 3173 3439 Romam,
3226 3374 3283 3426 et
3310 3369 3450 3428 inde
3480 3375 3641 3431 coni-

1982 3458 2157 3509 vente
2186 3468 2349 3526 papa
2386 3453 2705 3511 Benedicto
2758 3455 3079 3528 Appuliam
3120 3461 3365 3529 agressi,
3429 3468 3643 3529 cuncta

1984 3542 2302 3599 devastant
2331 3543 2449 3614 (an.
2484 3543 2659 3616 1017).
2695 3547 2911 3601 Contra
2936 3563 3091 3619 quos
3121 3550 3446 3607 exercitum
3479 3554 3643 3611 Basi-

1984 3632 2098 3688 lius
2118 3632 2391 3703 intendit,
2442 3638 2499 3690 et
2540 3635 2960 3705 congressione
3006 3636 3100 3693 bis
3130 3644 3186 3696 et
3224 3645 3310 3696 ter
3361 3642 3518 3701 facta
3552 3647 3645 3715 “5°,

1983 3722 2234 3779 victores
2284 3724 2612 3779 Normanni
2695 3724 2974 3782 existunt.
3050 3729 3272 3794 Quarto
3322 3748 3649 3804 congressu

1986 3827 2127 3866 cum
2159 3815 2331 3881 gente
2359 3814 2688 3868 Russorum
2719 3813 2865 3885 (149)
2898 3814 3035 3870 victi
3066 3819 3122 3871 et
3148 3821 3399 3889 prostati
3429 3827 3568 3878 sunt
3592 3828 3649 3880 et

1987 3899 2065 3955 ad
2094 3900 2385 3956 nichilum
2413 3900 2658 3971 redacti,
2692 3906 2748 3958 et
2776 3901 3075 3958 innumeri
3097 3904 3259 3962 ducti
3314 3911 3647 3967 Constanti-

1986 3988 2275 4061 nopolim,
2314 4005 2504 4062 usque
2534 3989 2613 4045 ad
2649 3989 2873 4045 exitum
2921 3991 3055 4046 vitae
3085 3992 3146 4047 in
3176 3996 3515 4053 carceribus
3548 3999 3646 4054 tri-

1984 4077 2177 4134 bulati
2207 4082 2367 4135 sunt.
2399 4077 2563 4135 Unde
2593 4077 2769 4135 exivit
2798 4079 3185 4151 proverbium
3215 4101 3228 4138 :
3263 4084 3482 4142 Grecus
3512 4103 3645 4145 cum

1989 4183 2247 4225 carruca
2267 4170 2522 4237 leporem
2552 4169 2733 4237 capit.
2766 4170 2929 4224 Tunc
2955 4185 3064 4242 per
3115 4171 3437 4230 triennium
3464 4175 3646 4234 inter-

1987 4256 2154 4311 clusa
2172 4261 2265 4313 est
2287 4256 2386 4312 via
2418 4255 2848 4325 Hierosolimae;
2873 4273 3017 4313 nam
3040 4265 3284 4333 propter
3319 4262 3471 4321 iram
3501 4270 3648 4323 Nor-

278 4345 374 4397 53.
407 4340 535 4396 Fuit
553 4339 678 4396 dux
704 4339 812 4396 iste
839 4357 875 4396 a
903 4340 1167 4413 puericia
1198 4341 1411 4397 doctus
1433 4340 1659 4411 litteris,
1704 4347 1760 4399 et
1786 4359 1876 4399 sa—
1904 4385 1949 4439 Β
1989 4361 2377 4413 mannorum,
2411 4344 2781 4418 quicumque
2829 4344 3238 4405 invenirentur
3265 4354 3582 4424 peregrini,
3611 4373 3648 4414 a

209 4431 280 4485 tis
307 4429 603 4485 noticiam
652 4429 1084 4502 scripturarum
1139 4430 1369 4487 habuit.
1430 4430 1743 4488 Librorum
1773 4450 1875 4490 co-

208 4519 379 4591 piam
408 4518 473 4574 in
494 4518 715 4590 palatio
746 4534 857 4575 suo
896 4519 1168 4589 servavit,
1200 4523 1257 4575 et
1287 4518 1334 4574 si
1377 4519 1525 4576 forte
1552 4537 1587 4576 a
1618 4522 1877 4579 tumultu

208 4610 473 4678 vacaret,
504 4605 741 4662 lectioni
762 4622 870 4679 per
893 4623 954 4663 se
987 4607 1189 4680 ipsum
1217 4622 1467 4680 operam
1497 4608 1702 4665 dabat.
1730 4612 1878 4665 Lon-

210 4695 486 4768 gioribus
503 4695 785 4752 noctibus
817 4695 1179 4753 elucubrans
1197 4696 1259 4753 in
1279 4696 1465 4765 libris,
1496 4698 1689 4756 donec
1714 4715 1877 4756 som-

212 4802 294 4842 no
318 4785 677 4842 vinceretur.
720 4788 841 4842 Hoc
870 4785 1232 4844 Hludovicus
1260 4786 1607 4861 imperator,
1630 4788 1746 4845 hoc
1773 4805 1881 4862 pa-

218 4933 271 4986 I'
323 4932 481 5002 Nam
505 4933 563 4985 et
593 4930 998 5002 Octaviannus
1028 4933 1207 4988 Cesar
1232 4934 1537 5002 Augustus
1565 4930 1627 4987 in
1648 4931 1787 4989 aula

1990 4430 2185 4487 Grecis
2216 4429 2378 4501 ligati
2409 4429 2988 4502 Constantinopolim
3034 4432 3428 4508 ducebantur,
3483 4444 3539 4495 et
3564 4440 3648 4495 ibi

1986 4522 2269 4576 carcerati
2284 4518 2724 4589 afﬂigebantur.
2746 4516 2889 4575 Item
2911 4522 3235 4578 Normanni
3258 4524 3410 4582 duce
3434 4530 3644 4598 Rotge-

1985 4607 2094 4676 rio,
2127 4608 2201 4664 ad
2244 4606 2606 4664 occidendos
2661 4622 2937 4680 paganos
2992 4609 3345 4684 Hispaniam
3398 4614 3647 4687 profecti

1991 4698 2159 4770 (150),
2186 4696 2536 4753 innumeros
2567 4698 3034 4754 Sarracenorum
3060 4699 3428 4771 deleverunt,
3481 4707 3538 4759 et
3563 4703 3645 4759 ci-

1986 4788 2197 4844 vitates
2224 4786 2313 4843 vel
2343 4785 2589 4843 castella
2616 4785 2695 4843 ab
2727 4785 2810 4842 eis
2836 4786 3132 4846 abstulere
3183 4790 3391 4847 multa.
3448 4790 3644 4849 Primo

1861 4931 2023 4990 alatii
2050 4947 2176 4988 non
2205 4928 2390 4987 modo
2420 4929 2677 5001 legendo
2706 4947 2919 4988 verum
2972 4935 3029 4987 et
3058 4930 3378 4988 scribendo
3409 4932 3645 4991 creber-

284 5000 441 5079 rime
473 5002 540 5036 ¹⁶¹
571 5004 742 5070 gesta
761 5006 822 5079 et_
842 5001 959 5079 alia
981 5017 1222 5075 queque
1248 5000 1373 5059 non
1402 5000 1955 5079 segnisscribebat.
1982 5009 2034 5061 2.
2094 5002 2151 5059 2‘
2180 5005 2351 5059 Pater
2399 5000 2528 5073 ejus
2582 5018 2879 5075 paganus,
2930 5001 3175 5058 nomine
3206 5006 3441 5076 Asquec
3472 5006 3642 5079 (151),

286 5071 494 5128 solum
511 5088 768 5144 regnum
786 5072 861 5129 de
891 5071 1269 5131 Datiamarca
1300 5071 1506 5132 tenuit.
1542 5074 1686 5131 add.
1714 5079 1769 5132 2.

1647 5168 1888 5229 VARI/E
1927 5174 2219 5230 LECTION
2226 5173 2330 5229 ES.

290 5266 592 5342 melassa
616 5283 773 5342 corr.
807 5267 995 5324 classe
1028 5273 1077 5342 I_.
1113 5269 1184 5303 1“
1206 5268 1513 5342 cii-cuitam
1547 5274 1595 5325 1.
1652 5272 1722 5342 “if”!
1753 5270 1983 5329 novissi
2015 5275 2063 5326 1.
2100 5271 2171 5342 ‘59
2201 5268 2609 5342 inequitarunt
2642 5272 2689 5323 1.
2728 5269 2798 5302 ¹⁵⁷
2825 5267 3347 5340 opulantissimam
3378 5277 3427 5329 1.
3456 5273 3527 5309 ¹⁶⁸
3555 5273 3643 5332 la-

212 5338 515 5395 niendum
550 5344 599 5395 1.
636 5340 709 5375 ¹⁸⁹
739 5340 1099 5397 rotomansis
1125 5344 1172 5396 I.
1207 5342 1279 5375 ¹⁶⁰
1304 5340 1443 5397 facti
1472 5357 1628 5398 corr.
1685 5341 1842 5400 facta
1870 5348 1919 5399 1.
1951 5344 2018 5377 ¹⁶¹
2054 5338 2389 5398 θνθὺίωθὶι.

1835 5442 2058 5497 ΝΟΤΛΕ.

290 5534 443 5605 (147)
475 5533 559 5591 Cf.
616 5534 692 5592 de
734 5533 1067 5593 Theodosio
1103 5535 1344 5593 Juniore
1373 5536 1517 5596 Hist.
1545 5537 1718 5596 misc.
1760 5555 1879 5608 xxv,

221 5606 318 5663 ed.
366 5609 572 5663 Murat.
606 5622 667 5664 n.
702 5612 792 5664 96.

305 5652 318 5663 .
366 5622 572 5663 inurat.
655 5649 667 5662 .
702 5622 792 5664 90.

297 5678 445 5749 (148)
468 5677 552 5736 Cf.
584 5622 848 5736 sllietonii
878 5678 1001 5736 Vita
1029 5679 1303 5751 Augusti,
1335 5696 1386 5737 c.
1418 5684 1504 5738 85.

2064 5537 2215 5607 (149)
2245 5535 2356 5603 Qui
2382 5534 2669 5607 inBasilii
2694 5536 2952 5593 exercitu
2982 5536 3170 5593 fuisse
3198 5537 3496 5595 videntur.
3524 5532 3525 5535 “

2065 5606 2215 5681 (150)
2248 5608 2328 5665 Cf.
2367 5606 2862 5681 BalaziusMarca
2893 5609 3077 5681 Hisp.,
3108 5624 3168 5681 p.
3202 5612 3328 5668 429.

2064 5677 2213 5751 (151)
2244 5681 2421 5737 Suen.
2448 5677 2791 5751 Tveskiaeg.
2993 5677 3013 5681 “
3059 5677 3067 5681 ’
3108 5677 3133 5721 ‘-
