4054 6188
458 179 526 240 67
1618 166 1932 230 ADEMARI
1971 165 2028 226 S.
2085 161 2364 222 CIBARDI
2405 162 2736 226 HONACHL
3815 165 3890 220 68

462 316 604 358 vero
635 299 898 356 adventu
953 309 1065 350 suo
1119 291 1455 362 Rotgerius,
1522 289 1860 348 Sarracenis
1905 287 2112 360 captis,
2143 290 2192 344 Α
2229 286 2486 345 cursoris
2512 286 2744 343 Domini
2768 284 3138 342 Alexandriae
3164 283 3438 342 habitum
3468 289 3556 340 est
3570 285 3644 340 5*.
3679 289 3890 359 Itaque

464 399 958 462 unumquemque
988 398 1199 439 eorum
1229 396 1335 454 per
1359 379 1486 436 dies
1533 378 1821 449 singulos,
1871 377 2119 435 videnti-

460 479 576 536 bus
601 476 826 544 ceteris,
857 472 1032 548 quasi
1056 487 1310 546 porcum
1346 486 1455 543 per
1473 469 1691 526 frustra
1718 470 1789 504 ¹⁶²
1822 467 2114 536 dividens,

460 568 522 630 in
553 565 827 624 caldariis
853 567 1091 624 coctum
1119 561 1203 618 eis
1225 559 1572 634 apponebat
1593 575 1704 632 pro
1732 558 1946 631 epulis,
1975 561 2031 613 et
2054 556 2118 612 in

461 656 580 720 alia
609 655 794 712 domo
817 652 1139 712 simulabat
1177 667 1239 708 se
1267 649 1580 707 comedere
1629 664 1770 705 cum
1827 647 1949 704 suis
1981 645 2114 708 reli-

459 762 581 820 qua
605 743 937 808 medietatis
976 743 1247 801 menbra.
1276 745 1601 814 Postquam
1636 738 1718 794 ita
1745 753 1956 795 omnes
1986 752 2115 810 per-

459 837 755 908 currisset,
788 833 1189 892 novissimum
1212 833 1287 889 de
1305 830 1574 888 custodia
1599 829 1774 902 quasi
1794 827 2115 898 neglegens

456 925 835 1000 permittebat
891 923 1070 995 fugas,
1123 921 1228 996 qui
1265 922 1394 978 haec
1445 923 1716 980 monstra
1773 916 2112 974 Sarracenis

457 1014 771 1072 nunciaret
789 1014 858 1068 1·.
895 1013 1025 1078 Qua
1048 1010 1122 1066 de
1153 1025 1342 1066 causa
1371 1008 1581 1066 timore
1608 1005 1952 1076 exanimati,
1982 1004 2116 1060 vici-

458 1118 552 1164 nae
581 1101 873 1177 Hispaniae
907 1099 1216 1158 Sarraceni
1245 1114 1384 1156 cum
1435 1112 1574 1167 rege
1624 1112 1734 1152 suo
1763 1098 1986 1152 Museto
2012 1109 2116 1166 pa-

459 1208 643 1250 cema
667 1189 971 1249 comitissa
1000 1187 1410 1247 Barzelonensi
1449 1185 1852 1247 Ermensende
1883 1187 2111 1256 petunt,

458 1286 516 1339 et
543 1297 816 1338 annuum
866 1280 1154 1337 tributum
1210 1277 1548 1352 persolvere
1607 1275 1925 1348 spondent.
1982 1277 2118 1330 Erat

457 1371 617 1428 enim
645 1372 775 1427 haec
794 1369 998 1438 vidua,
1029 1373 1085 1427 et
1114 1367 1388 1439 Rotgerio
1438 1383 1612 1424 suam
1663 1365 1850 1422 ﬁliam
1892 1364 1955 1420 in
1983 1379 2114 1420 ma-

455 1460 803 1522 trimonium
834 1459 1182 1518 sociaverat.
1241 1461 1390 1515 Cum
1449 1456 1673 1530 quibus
1729 1470 1878 1528 pace
1934 1453 2111 1521 facta,

457 1549 763 1622 Rotgerius
789 1565 928 1605 cum
958 1547 1230 1607 ulteriore
1244 1544 1526 1618 Hispania
1546 1543 1848 1600 decertare
1859 1542 2030 1615 cepit,
2060 1546 2117 1598 et

2226 376 2373 432 dum
2400 376 2706 434 inventum
2729 375 3137 432 ostenderetur
3159 379 3340 447 caput
3362 374 3554 430 sancti
3569 375 3884 445 Johannis,

2225 466 2422 522 omnis
2445 465 2764 539 Aquitania
2790 469 2847 522 et
2873 465 3078 534 Gallia,
3111 464 3276 521 Italia
3303 469 3360 521 et
3390 464 3672 538 Hispania
3691 466 3768 522 ad
3800 466 3890 523 fa-

2223 571 2390 612 mam
2411 559 2736 627 commota,
2756 554 2840 610 ibi
2862 570 3142 611 occurere
3159 553 3424 610 certatim
3441 551 3679 610 festinat
3707 554 3882 626 (Oct).

2222 645 2344 700 Rex
2369 661 2613 718 quoque
2639 643 2954 701 Rotbertus
2986 644 3042 698 6'
3080 659 3151 700 ac
3206 642 3428 712 regina,
3452 658 3556 698 rex
3583 646 3884 711 Navarraa,

2223 732 2347 790 dux
2377 734 2702 791 Wasconiae
2737 733 3010 806 Saucius,
3051 732 3177 790 Odo
3210 731 3660 805 Campanensis,
3693 733 3887 790 comi-

2223 826 2309 879 tes
2334 828 2390 880 et
2417 824 2738 897 principes,
2769 840 2908 880 cum
2938 822 3238 897 episcopis
3271 826 3328 880 et
3370 821 3715 894 abbatibus,
3747 839 3886 879 om—

2222 928 2450 986 nesque
2508 913 2827 983 dignitates
2874 916 3166 970 terrarum
3232 927 3306 968 eo
3351 911 3711 968 conﬂuxere.
3772 913 3887 969 Ubi

2223 1019 2434 1060 omnes
2463 1003 2796 1060 offerebant
2823 1017 3078 1058 munera
3107 1001 3379 1074 preciosa
3394 1001 3614 1058 diversi
3644 1003 3882 1072 generis

2222 1092 2328 1148 ubi
2348 1091 2728 1165 supradictus
2758 1108 2862 1148 rex
2910 1095 3292 1159 Francorum,
3344 1089 3547 1146 oblata
3603 1106 3792 1147 conca
3823 1093 3882 1147 7"

2223 1198 2296 1237 ex
2326 1197 2473 1237 auro
2499 1174 2908 1254 purissis‘simo
2957 1183 3245 1252 pensante
3284 1179 3466 1234 libras
3516 1183 3584 1235 3O
3623 1183 3682 1234 et
3707 1179 3880 1235 vesti-

2219 1270 2336 1328 bus
2363 1270 2649 1344 preoiosis
2681 1271 2737 1326 8'
2760 1269 2839 1326 ad
2883 1272 3165 1325 ornatum
3207 1268 3491 1338 ecclesiae,
3524 1283 3561 1324 a
3584 1267 3879 1325 Willelmo

2221 1360 2374 1417 duce
2402 1363 2738 1416 reverenter
2759 1363 3072 1430 susceptus
3120 1358 3198 1426 9*,
3240 1357 3553 1414 Franciam
3599 1372 3878 1414 reversus

2221 1456 2342 1508 est:
2362 1451 2521 1508 Ultra
2547 1466 2793 1506 omnem
2821 1448 3161 1505 felicitatem
3190 1452 3247 1504 et
3277 1447 3532 1517 gloriam
3563 1447 3882 1506 videbatur

2223 1555 2552 1596 concursus
2568 1538 2952 1611 psallentium
2983 1553 3122 1593 cum
3139 1535 3379 1610 reliquis
3401 1541 3748 1593 sanctorum
3775 1553 3878 1594 ca-

454 1639 724 1712 quadam
749 1639 845 1694 die
873 1653 998 1698 una
1026 1653 1165 1693 cum
1194 1637 1247 1692 2'
1275 1638 1345 1692 40
1367 1632 1752 1693 solummodo
1778 1629 2110 1688 christianis
2141 1650 2182 1706 Β
2221 1629 2600 1698 nonicorum,
2641 1626 3100 1694 monachorum,
3159 1625 3562 1698 undecunque
3626 1625 3707 1682 ad
3756 1641 3882 1681 me-

455 1729 814 1803 quingentos
847 1728 1313 1788 Sarracenorum
1338 1723 1555 1784 electos
1578 1723 1642 1778 in
1671 1721 1901 1780 insidiis
1930 1721 2114 1778 laten-

455 1822 541 1876 tes
572 1816 838 1884 offendit,
872 1832 1011 1871 cum
1041 1814 1264 1888 quibus
1293 1812 1901 1884 conﬂigens,fratrem
1931 1827 2112 1866 suum

453 1921 794 1964 manzerem
820 1903 1038 1972 amisit,
1068 1908 1125 1960 et
1153 1903 1320 1961 tertio
1341 1918 1627 1976 campum
1668 1901 1950 1968 lustrans,
1977 1904 2033 1957 et
2057 1901 2108 1956 3'

451 1994 588 2068 plus
637 1997 877 2049 centum
929 1991 1302 2048 adversarios
1355 1989 1619 2059 extinxit,
1677 1993 1736 2045 et
1788 2004 1928 2045 cum
1987 1987 2110 2044 suis

453 2081 699 2156 propria
726 2079 943 2152 revisit,
975 2096 1085 2137 nec
1116 2079 1248 2142 ausi
1299 2082 1440 2136 sunt
1494 2076 1801 2140 Sarraceni
1829 2075 2110 2150 persequi

453 2170 801 2242 fugientem.

525 2264 612 2316 56.
645 2263 752 2316 Per
779 2260 890 2316 hos
920 2256 1048 2313 dies
1076 2256 1226 2329 (152)
1251 2255 1534 2327 dignatus
1563 2259 1653 2318 est
1674 2255 1962 2312 Dominus
1993 2255 2110 2312 cla-

452 2347 685 2408 riﬁcare
734 2352 1010 2421 tempora
1059 2345 1421 2401 serenissimi
1477 2344 1647 2400 ducis
1694 2343 1984 2400 Willelmi.
2044 2347 2108 2398 In

452 2436 665 2498 diebus
695 2435 816 2494 suis
847 2451 1112 2508 namque
1139 2438 1320 2507 caput
1349 2433 1538 2492 sancti
1588 2431 1878 2495 Johannis
1909 2431 1969 2488 in
1998 2431 2107 2488 ba-

454 2526 621 2583 silica
645 2523 1087 2596 Angeriacensi,
1116 2523 1178 2586 in
1233 2524 1404 2588 theca
1453 2523 1524 2558 ¹⁶³
1576 2537 1757 2580 saxea
1811 2521 2019 2579 turrita
2046 2521 2110 2578 in

451 2620 573 2674 star
587 2614 1021 2690 piraminendis
1075 2615 1169 2682 1“,
1222 2613 1535 2671 inventum
1589 2617 1677 2670 est
1731 2611 1810 2669 ab
1851 2611 2108 2668 Alduino

451 2705 782 2767 clarissimo
807 2705 1028 2762 abbate
1061 2703 1180 2775 (an.
1221 2708 1358 2760 1010
1389 2703 1457 2775 ‘2).
1511 2702 1683 2768 Quod
1709 2705 1983 2759 sanctum
2009 2718 2108 2758 ca-

449 2801 558 2869 put
587 2796 796 2854 dicunt
811 2810 947 2852 esse
971 2793 1284 2867 proprium
1313 2793 1590 2865 baptistae
1619 2790 2106 2848 Johannis.Tunc

450 2885 772 2942 Willelmus
797 2885 920 2940 dux
945 2886 1082 2957 post
1109 2882 1424 2955 paschales
1472 2881 1598 2938 dies
1658 2885 1845 2940 Roma
1873 2896 2105 2951 regres-

2217 1718 2474 1775 moriam
2533 1717 2720 1774 sancti
2756 1714 3142 1789 praecursoris
3219 1713 3646 1772 festinantium.
3722 1719 3878 1771 Inter

2215 1824 2351 1881 quae
2373 1805 2636 1880 reliquiae
2658 1805 2944 1878 principis
2994 1803 3235 1872 summi,
3258 1804 3363 1878 qui
3392 1807 3560 1876 pater
3590 1808 3677 1860 est
3696 1803 3877 1877 Aqui-

2216 1897 2496 1952 tanorum
2526 1898 2583 1950 et
2609 1893 2842 1966 primus
2873 1893 3198 1950 Galliarum
3243 1892 3682 1966 spermologus,
3713 1892 3879 1948 vide-

2215 1982 2350 2040 licet
2371 1983 2531 2040 beati
2563 1981 2818 2056 apostoli
2847 1981 3157 2049 Marcialis,
3209 1981 3386 2037 simul
3416 1998 3556 2038 cum
3610 1980 3875 2054 reliquiis

2217 2072 2407 2130 sancti
2440 2071 2725 2146 Stephani
2766 2072 3090 2127 Lemovices
3139 2071 3319 2136 sedis,
3348 2070 3488 2126 illuc
3523 2070 3876 2127 defereban-

2212 2165 2328 2219 tur.
2362 2161 2672 2218 Protractis
2701 2161 2772 2195 ¹⁶⁶
2800 2159 3001 2233 itaque
3023 2159 3210 2217 sancti
3233 2159 3519 2217 Marcialis
3538 2160 3599 2216 in
3617 2159 3875 2217 vectorio

2215 2270 2288 2310 ex
2317 2269 2466 2310 auro
2497 2255 2554 2308 et
2573 2249 2826 2322 gemmis
2846 2249 3201 2323 pignoribus
3226 2250 3366 2306 foris
3394 2249 3724 2306 baselicam
3745 2266 3882 2323 pro-

2215 2343 2432 2418 priam,
2462 2358 2609 2398 mox
2632 2339 2830 2397 omnis
2867 2340 3209 2412 Aquitania,
3242 2355 3379 2413 quin
3401 2339 3532 2410 jam
3561 2339 3665 2395 diu
3698 2339 3880 2396 nimis

2216 2429 2433 2502 pluviis
2471 2428 2870 2495 laboraverat,
2923 2427 3182 2484 adventu
3211 2427 3397 2501 patris
3424 2428 3517 2484 sui
3543 2427 3877 2484 laetiﬁcatur

2217 2519 2528 2576 serenitate
2554 2518 2804 2574 reddita.
2841 2520 2988 2575 Cum
3019 2517 3248 2574 eisdem
3301 2517 3650 2592 pigneribus
3682 2517 3875 2575 abbas

2215 2609 2522 2666 Josfredus
2549 2611 2727 2680 atque
2753 2606 3077 2680 episcopus
3106 2606 3385 2664 Girardus
3425 2623 3564 2663 cum
3593 2607 3877 2680 principi-

2215 2699 2330 2755 bus
2355 2696 2696 2754 numerosis
2745 2702 2802 2752 et
2859 2697 3025 2752 omni
3055 2697 3477 2755 innumerabili
3523 2697 3751 2771 populo
3789 2697 3876 2752 di-

2214 2792 2512 2846 verterunt
2557 2787 2618 2842 in
2670 2785 2985 2842 basilicam
3043 2789 3233 2844 sancti
3267 2786 3583 2845 Salvatoris
3623 2786 3869 2844 Carroﬁ.

2214 2878 2612 2950 Exieruntque
2641 2876 2724 2932 eis
2753 2876 2998 2932 obviam
3027 2877 3312 2934 monachi
3341 2894 3481 2933 cum
3503 2877 3670 2934 omni
3693 2876 3869 2950 plebe

451 2991 574 3044 sus,
607 2975 723 3030 hoc
751 2973 978 3040 audito,
1010 2971 1268 3044 repletus
1298 2975 1389 3028 est
1419 2970 1660 3043 gaudio,
1728 2974 1786 3026 et
1828 2975 2103 3027 sanctum
2135 3009 2174 3064 C
2211 2967 2492 3042 populari
2524 2968 2594 3002 16⁷
2616 2965 2848 3022 miliaro
2877 2982 3022 3038 uno,
3056 2972 3111 3022 et
3140 2983 3280 3022 cum
3307 2971 3606 3040 apparatu
3634 2965 3872 3024 honori-

449 3069 632 3138 caput
651 3062 891 3137 populis
913 3060 1354 3120 ostendendum
1395 3060 1674 3117 decrevit.
1707 3063 1807 3116 Est
1829 3059 2102 3116 recondi-

449 3156 577 3214 tum
606 3152 807 3225 ipsum
823 3154 1004 3224 caput
1031 3150 1092 3206 in
1119 3149 1380 3207 turibulo
1415 3153 1718 3220 argenteo,
1749 3148 1854 3204 ubi
1899 3148 2103 3205 litterae

444 3239 726 3311 leguntur
752 3258 763 3296 :
794 3241 912 3297 Hic
941 3239 1253 3312 requiescit
1284 3244 1465 3309 caput
1484 3239 1880 3308 praacw'soris
1908 3238 2107 3293 Domi-

446 3329 529 3388 m'.
563 3333 610 3385 A
634 3345 756 3404 quo
786 3331 988 3388 tamen
1017 3328 1113 3386 vel
1143 3345 1266 3402 quo
1318 3333 1587 3400 tempore
1641 3325 1738 3386 vel
1782 3327 1944 3381 unde
1984 3327 2102 3382 huc

445 3418 733 3486 delatum,
764 3419 859 3475 vel
889 3419 939 3476 si
964 3417 1350 3492 praecursoris
1373 3415 1612 3472 Domini
1660 3415 1752 3485 sit,
1779 3416 2101 3488 haudqua-

443 3524 632 3582 quam
658 3506 911 3564 ﬁdeliter
939 3510 1102 3579 patet
1130 3508 1222 3563 ¹⁶⁵.
1261 3510 1325 3561 In
1350 3505 1530 3576 gestis
1573 3503 1735 3560 enim
1773 3503 1962 3577 Pipini
2016 3521 2102 3561 re-

445 3595 560 3668 gis,
593 3612 732 3653 cum
754 3595 828 3651 de
854 3594 1189 3653 minoribus
1211 3594 1444 3665 legatur
1463 3593 1667 3663 rebus,
1697 3610 1769 3650 ex
1796 3594 1932 3663 hac,
1965 3611 2101 3667 quae

445 3702 520 3748 ex
545 3684 826 3746 maximis
855 3688 960 3752 est,
994 3701 1177 3744 causa
1202 3684 1498 3754 reticetur,
1528 3688 1587 3742 et
1617 3684 1909 3756 scriptura
1933 3701 2005 3740 ex
2031 3699 2102 3741 eo

445 3775 602 3834 facta
629 3775 775 3848 (153)
802 3789 1193 3848 nequaquam
1212 3790 1336 3831 non
1365 3773 1546 3830 futilis
1572 3773 1650 3830 ab
1680 3773 1924 3829 eruditis
1953 3773 2104 3844 diju-

443 3865 674 3924 dicetur
729 3866 803 3924 Ψ.
837 3864 1138 3921 Nonenim
1167 3864 1408 3937 Pipinus
1438 3863 1499 3919 in
1519 3863 1774 3919 Pdiebus
1799 3862 2105 3936 Theophili

439 3971 552 4013 nec
585 3960 852 4029 tempore
881 3953 1310 4012 Wandalorum
1339 3953 1544 4021 extitit,
1585 3968 1695 4008 nec
1743 3956 1926 4024 caput
1952 3968 2100 4025 prae-

2211 3058 2326 3114 ﬁco
2360 3058 2470 3129 10',
2520 3056 2885 3130 antiphonas
2919 3056 3153 3113 excelsa
3195 3073 3342 3113 voce
3371 3057 3734 3125 intonantes,
3765 3055 3868 3112 de-

2212 3149 2514 3204 duxerunt
2536 3163 2728 3220 usque
2751 3147 2829 3202 ad
2857 3146 3039 3203 altare
3092 3146 3435 3204 Salvatoris.
3469 3151 3536 3204 Et
3565 3147 3752 3204 missa
3772 3162 3869 3204 ce-

2210 3238 2461 3305 lebrata,
2487 3236 2660 3292 simili
2677 3237 2860 3293 modo
2889 3237 3191 3309 prosecuti
3211 3243 3350 3293 sunt
3369 3254 3490 3294 eos.
3526 3241 3794 3310 Cumque
3805 3237 3868 3292 in

2208 3327 2521 3384 basilicam
2553 3327 2744 3382 sancti
2771 3327 3138 3399 precursoris
3165 3326 3505 3396 intrassent,
3555 3327 3871 3383 celebravit

2207 3416 2292 3472 ibi
2320 3415 2409 3471 H'
2451 3415 2702 3471 missam
2737 3414 3057 3487 episcopus
3107 3414 3380 3472 Giraldus
3432 3416 3508 3472 de
3559 3415 3870 3472 nativitate

2213 3505 2404 3562 sancti
2432 3503 2727 3578 baptistee,
2753 3521 2895 3560 cum
2930 3509 3085 3560 esset
3109 3506 3334 3561 mensis
3366 3505 3641 3562 Octuber.
3676 3508 3869 3562 Cano-

2210 3595 2328 3652 nici
2359 3593 2547 3651 sancti
2570 3593 2852 3666 Stephani
2879 3611 3018 3650 cum
3038 3595 3353 3651 monachis
3371 3595 3563 3651 sancti
3584 3593 3872 3653 Marcialis

2211 3683 2547 3741 alternatim
2575 3687 2781 3756 tropos
2805 3699 2874 3739 ac
2899 3683 3111 3739 laudes
3142 3683 3483 3740 cecinerunt
3516 3684 3626 3753 12";
3653 3688 3711 3740 et
3729 3686 3871 3757 post

2209 3773 2458 3829 missam
2485 3772 2805 3844 episcopus
2829 3788 2970 3828 cum
3001 3771 3191 3844 capite
3221 3773 3410 3829 sancti
3438 3773 3732 3829 Johannis
3763 3772 3870 3828 be-

2208 3862 2435 3938 nedixit
2461 3861 2756 3935 populum
2786 3880 2798 3930 ;
2827 3866 2884 3918 et
2912 3861 2994 3916 sic
3021 3861 3095 3917 de
3125 3861 3426 3918 miraculis
3481 3863 3670 3919 sancti
3718 3865 3868 3919 Mar-

2211 3952 2400 4019 cialis,
2422 3967 2560 4024 quae
2586 3966 2694 4023 per
2721 3950 2886 4007 viam
2925 3950 3317 4022 contigerant,
3368 3952 3556 4009 valde.
3573 3953 3866 4022 ltetantes,

443 4073 502 4127 1*
526 4071 610 4154 ita
637 4070 909 4154 fabulam
939 4069 1145 4153 Tiestis
1169 4087 1376 4127 veram
1409 4068 1750 4154 adimplens
1776 4069 1916 4124 add.
1951 4073 2003 4151 2.
2149 4071 2316 4154 Petro
2347 4067 2636 4154 episcopo
2663 4065 3067 4154 Tolose.(t5‘f+)‘
3089 4069 3146 4122 et
3166 4067 3306 4154 add.
3326 4071 3402 4148 .2.
3463 4072 3521 4124 3'
3544 4067 3869 4154 'l‘ercioque

511 4143 668 4205 acies
699 4142 1074 4200 adversariae
1095 4142 1434 4214 irrumpens
1457 4146 1511 4199 2.
1559 4137 1614 4198 ξι
1646 4142 1710 4196 In
1730 4140 1844 4196 hac
1877 4140 2039 4196 enim
2061 4141 2109 4196 fr

512 4214 628 4270 niae
656 4213 986 4270 auemdam
1020 4213 1270 4270 Felicem
1301 4213 1583 4270 detulisse
1610 4212 1688 4269 ab
1715 4211 2074 4268 Alexandria
2099 4230 2109 4270 1

2206 4141 2270 4196 Ila
2296 4137 2818 4210 reférturpagina,
2871 4137 2931 4193 in
2952 4137 3168 4193 diebus
3214 4138 3405 4211 Pipini
3438 4140 3595 4209 regis
3624 4137 3867 4210 Aquita-

2255 4228 2420 4268 mare
2451 4211 2511 4265 in
2539 4209 2923 4270 Aquitaniam
2954 4212 3137 4270 caput
3167 4211 3355 4265 sancti
3385 4210 3674 4266 Johannis
3711 4212 3868 4270 Bap-

512 4230 628 4270 niae
656 4225 986 4289 quemdam
1020 4225 1270 4270 Felicem
1301 4225 1583 4270 detulisse
1610 4225 1688 4269 ab
1715 4225 2074 4268 Alexandria
2099 4229 2206 4285 per
2255 4228 2420 4268 mare
2451 4227 2511 4265 1n
2533 4225 2923 4291 Aquitaniam
2954 4225 3137 4290 caput
3167 4225 3355 4265 sancti
3385 4225 3674 4288 Jonannis
3711 4225 3868 4281 bap—

511 4285 677 4341 tistaa.
697 4289 763 4341 Et
782 4291 922 4341 tunc
950 4285 1237 4358 temporis
1254 4284 1608 4358 Alexandria
1638 4283 1948 4358 praefuisch
1964 4283 2356 4358 Theophilum
2383 4282 2928 4358 archiepiscopum,
2953 4297 3134 4358 cujus
3157 4283 3345 4358 Lucas
3374 4281 3435 4338 in
3429 4281 3750 4358 principio
3774 4296 3874 4358 ae-

509 4361 682 4413 tuum
733 4355 1468 4430 apostolorum_memini_t
1498 4355 1705 4430 dicens
1755 4371 1766 4408 :

1828 4357 2099 4428 Primum
2124 4352 2378 4428 quidem
2417 4352 2744 4410 sermonem
2763 4352 2898 4428 fec?
2924 4352 2996 4428 d_e
3024 4353 3320 4428 omnibus,
3348 4370 3380 4410 0

3469 4355 3744 4424 keep/tite
3763 4365 3786 4423 ,'
3811 4355 3868 4406 et

510 4422 1659 4508 peractumnesse_prteliumin.Alniensi
1684 4441 1847 4508 pago
1886 4427 2053 4508 inter
2081 4422 2368 4508 Pipinum
2405 4440 2612 4493 regem
2658 4429 2715 4480 et
2766 4422 3077 4508 Waladps;
3129 4423 3459 4508 ipsumque
3482 4422 3669 4508 caput
3688 4438 3869 4508 super

505 4497 809 4572 quosdam
837 4497 1176 4572 interfectos
1202 4498 1482 4572 satellites
1511 4514 1652 4572 suos
1679 4497 2033 4572 impositum
2059 4515 2095 4555 a
2131 4497 2290 4572 rege,
2320 4501 2378 4554 et
2401 4512 2504 4572 eos
2549 4512 2694 4572 mox
2741 4497 3128 4572 resuscitatos
3153 4511 3302 4572 esse.
3336 4497 3475 4554 add.
3511 4497 3566 4552 2;
3614 4501 3669 4572 5f
3689 4497 3869 4572 _Legi—

505 4564 643 4628 mus
675 4571 736 4627 in
765 4570 1201 4644 Aquitanorum
1221 4570 1478 4641 legimus
1501 4571 1596 4640 ηε,
1621 4564 1817 4642 primo
1839 4568 2151 4626 inventum
2184 4564 2254 4606 “9
2283 4571 2464 4695 cagut
2494 4568 2685 4624 sancti
2709 4567 3078 4640 precursoris
3102 4584 3139 4624 a
3158 4567 3396 4624 duobus
3421 4564 3734 4623 monachis
3761 4581 3873 4637 per

505 4641 928 4695 revelationem
956 4642 1020 4695 in
1049 4657 1120 4695 eo
1143 4658 1266 4695 auo
1289 4646 1538 4695 ventum
1569 4645 1661 4695 est
1686 4659 1699 4695 :
1723 4640 2008 4695 deincens
2039 4646 2296 4695 autema
2320 4643 2360 4695 T
2407 4638 2655 4695 eodosio
2686 4639 3046 4695 imperatore
3066 4638 3330 4695 delatum
3363 4638 3424 4693 in
3449 4637 3751 4693 civitatem
3781 4651 3873 4692 re-

502 4640 928 4701 revelationém
956 4642 1020 4714 in
1049 4657 1120 4700 eo
1143 4658 1266 4714 quo
1289 4640 1538 4714 ventum
1569 4640 1661 4698 est
1686 4659 1699 4710 ;
1723 4640 2008 4714 deinceps
2039 4646 2242 4698 autem
2259 4657 2296 4697 a
2320 4640 2360 4698 T

2407 4638 2655 4713 eodosio
2686 4637 3046 4713 imperatore
3066 4638 3333 4713 delatum
3361 4637 3751 4713 incivita_tem
3781 4651 3878 4692 re-

507 4715 669 4786 giam
700 4709 1303 4787 Constantinopolim,
1331 4713 1680 4787 ibidemque
1705 4709 1996 4769 venerari.
2024 4717 2229 4787 Itaque
2273 4717 2339 4787 ut
2378 4711 2456 4768 ad
2500 4709 2886 4787 propositum
2909 4709 3391 4787 redeamusbadc].
3417 4712 3470 4787 2.
3519 4711 3576 4787 β’
3607 4710 3868 4787 Franco-

504 4778 641 4843 rum
672 4785 1008 4854 Rotbertus,
1032 4778 1143 4857 rex
1174 4778 1433 4842 Navarre
1468 4778 1739 4855 San'cius,
1768 4778 2463 4857 omnesque-dignitates
2491 4778 2702 4857 eorum
2732 4782 3072 4857 conﬂugere
3104 4786 3156 4836 2.
3180 4781 3240 4857 7f
3264 4779 3486 4857 gabata
3513 4783 3567 4835 2.
3602 4779 3660 4857 _8'
3683 4778 3868 4857 odos-_

503 4858 708 4915 cericis
738 4862 796 4915 et
823 4873 971 4915 auro
1009 4856 1183 4914 textis
1209 4857 1350 4914 add.
1384 4859 1438 4912 2.
1491 4858 1544 4913 9'

505 4930 696 4989 sancti
723 4928 1018 4989 Johannis
1039 4933 1092 4987 2.
1148 4931 1243 4988 12"
1270 4927 1483 4986 festive
1513 4927 1683 4985 mere
1704 4927 1850 4984 add.
1876 4929 1931 4984 2.

1586 4871 1693 4930 per
1720 4851 1970 4930 Pictavis
2000 4851 2142 4914 add.
2173 4851 2234 4914 2T
2283 4859 2374 4913 10'
2406 4854 2570 4912 diem
2591 4853 2814 4913 festum
2836 4851 3081 4926 agentes
3111 4851 3253 4910 add.
3285 4855 3339 4908 2.
3396 4855 3481 4909 l2.
3513 4855 3652 4910 ante
3684 4853 3870 4923 caput

1789 5053 2027 5108 unus
2096 5010 2500 5110 LECTIONES.

505 5180 576 5216 ¹⁶²
629 5179 848 5237 frustra
890 5184 939 5236 1.
1016 5179 1088 5216 1⁸³
1121 5177 1482 5236 techaxasea
1527 5181 1575 5232 1.
1638 5176 1710 5211 ¹⁶⁸
1805 5175 2089 5233 iramedis
2158 5192 2316 5234 corr.
2383 5173 2697 5248 piramidis
2754 5179 2803 5230 1.
2863 5173 2936 5211 1⁸⁵
2986 5175 3159 5246 pater
3207 5177 3258 5231 1.
3312 5171 3385 5209 ¹⁶⁶
3445 5171 3754 5231 Pertractis
3811 5173 3866 5230 1.

505 5251 846 5286 ’nnnnlnnia
895 5255 915 5286 Δ
998 5251 1071 5286 168
1122 5253 1262 5286 una
1305 5248 1663 5286 lauant-liuor]
1733 5192 1806 5286 18
1849 5251 2009 5286 mnf"
2043 5264 2074 5286 ιι

435 5251 507 5296 1⁸⁷
537 5251 848 5326 populoris
895 5255 944 5308 1.
998 5251 1071 5288 ¹⁶⁸
1122 5253 1210 5310 ita
1230 5248 1681 5323 c.1egendised.
1733 5248 1806 5286 ¹⁶⁹
1849 5251 2015 5305 metu
2043 5264 2094 5305 ο.

2033 5373 2257 5430 NOTAE.

504 5503 652 5576 (152)
680 5505 854 5566 Anno
897 5506 1032 5560 1010
1085 5501 1266 5575 vulgo
1322 5501 1617 5573 statuitur,
1653 5499 1820 5574 quod
1867 5497 2091 5556 falsum

430 5579 654 5720 mitiga)
680 5646 763 5706 Cf.
794 5648 941 5709 Acta
963 5647 1061 5707 SS.
1101 5649 1235 5706 Jun.
1265 5649 1358 5720 Ν,
1385 5663 1449 5720 p.
1480 5648 1586 5707 754
1631 5659 1790 5718 sqq,
1831 5641 1938 5709 ubi
1967 5640 2090 5702 his-

2205 5497 2354 5570 toria
2383 5495 2660 5570 fabulosa
2682 5511 2742 5570 p.
2765 5500 2880 5570 7756
2905 5493 3067 5552 edita
3098 5496 3206 5551 est.

2203 5569 2421 5701 tat(154:)
2473 5567 2584 5635 Qui
2640 5562 2718 5627 an
2762 5569 2878 5626 hoc
2924 5582 3086 5628 anno
3142 5562 3462 5639 praefuerit,
3513 5579 3640 5624 non
3695 5580 3868 5623 cons-
