4054 6188
236 203 306 255 69
722 229 726 233 -
1291 197 1761 258 HISTORIARUM
1800 197 1980 254 LIBRI
2016 196 2210 252 TBES.
2244 227 2311 236 --
2343 197 2469 256 LIB.
2503 199 2594 252 lIl.
3591 205 3663 257 ’70

235 323 450 394 quinto
480 321 575 378 die
607 324 746 377 ante
792 318 1167 377 festivitatem
1215 320 1497 378 Omnium
1547 325 1901 380 Sanctorum
1939 327 1985 381 Α
2086 325 2172 376 57.
2207 323 2346 377 Post
2376 325 2630 377 mortem
2657 320 2917 392 denique
2948 319 3274 392 supradicti
3290 321 3553 395 episcopi
3581 325 3669 380 Gi-

236 410 462 466 reversi
495 415 649 468 sunt.
685 441 752 449 —
785 412 866 468 Ea
895 414 1243 481 tempestate
1272 416 1514 466 sanctus
1562 407 1902 470 Leonardus

239 499 553 558 confessor
583 499 643 554 in
703 497 1101 562 Lemovicino.
1161 502 1216 554 et
1271 504 1512 556 sanctus
1568 499 1901 556 Antoninus

239 595 474 661 martyr
525 589 587 645 in
634 588 969 646 Cadurcino
1028 588 1332 646 miraculis
1381 591 1798 659 coruscabant,
1849 593 1906 645 et

241 679 513 750 undique
539 678 746 752 populi
777 694 848 734 eo
879 677 1281 737 conﬂuebant.
1333 681 1398 735 Et
1441 679 1734 748 gloriosus
1780 678 1904 734 dux

240 768 624 838 recognitans
654 768 753 824 Dei
784 767 1096 835 honorem,
1140 768 1327 825 accito
1360 769 1608 826 0dilone
1653 768 1906 825 sanctis-

239 858 399 914 simo
459 857 834 917 Cluniacensi
870 859 940 892 ¹ῖ⁰
972 857 1210 926 abbate,
1267 859 1328 913 in
1389 859 1578 914 sancti
1626 857 1912 914 Johannis

239 945 612 1004 monasterio
636 945 975 1014 regularem
997 946 1308 1003 renovavit
1327 946 1780 1016 districtionem,
1808 944 1912 1001 ubi

237 1035 414 1092 0dilo
481 1034 765 1090 abbatem
823 1033 1189 1094 Rainaldum
1265 1035 1578 1108 disposuit,
1631 1034 1912 1090 defuncto

243 1127 297 1182 l'
325 1124 588 1182 Alduino
617 1123 857 1183 abbate.
910 1127 977 1180 Et
1027 1123 1318 1182 Rainaldo
1361 1127 1416 1180 2"
1461 1124 1733 1198 spiritum
1777 1123 1910 1179 red-

236 1213 443 1282 dente,
473 1212 820 1270 Aimiricum
871 1228 982 1284 pro
1031 1229 1101 1268 eo
1149 1212 1413 1270 domnus
1464 1213 1633 1270 Odilo
1681 1217 1912 1286 patrem

238 1300 574 1374 praeposuit
625 1302 810 1372 (circa
865 1317 964 1357 an.
1023 1301 1198 1372 l020).
1257 1305 1400 1357 Item
1447 1301 1595 1357 dum
1650 1299 1912 1372 reliquiis

238 1390 436 1447 sancti
468 1388 740 1462 Eparcliii
771 1389 1161 1460 procederent
1190 1389 1266 1445 ad
1322 1395 1600 1446 sanctum
1651 1405 1912 1464 praecur—

240 1496 470 1544 sorem,
503 1477 736 1534 delatus
768 1482 856 1534 est
900 1478 1120 1550 pariter
1154 1478 1409 1536 baculus
1457 1478 1727 1550 ejusdem
1778 1493 1915 1534 con-

241 1567 512 1624 fessoris.
547 1569 645 1621 Est
668 1566 795 1638 ipse
825 1565 1077 1622 baculus
1105 1566 1421 1638 pastoralis
1465 1567 1527 1624 in
1571 1565 1914 1622 summitate

241 1662 551 1723 curvatus,
585 1655 663 1711 ad
694 1656 870 1726 cujus
918 1655 1368 1715 similitudinem
1409 1672 1588 1729 super
1633 1656 1915 1728 reliquias

243 1747 524 1817 ejusdem
571 1745 761 1801 sancti
791 1745 907 1800 oris
938 1746 1245 1802 nocturnis
1285 1763 1475 1819 usque
1525 1745 1648 1802 sole
1690 1745 1914 1802 oriente

243 1833 624 1908 resplenduit
651 1833 713 1890 in
744 1833 895 1890 crelo
920 1833 1130 1903 igneus
1160 1835 1214 1890 3'
1240 1834 1514 1902 baculus,
1543 1834 1747 1907 quoad
1777 1848 1918 1890 ven-

2012 409 2163 466 raldi
2194 410 2316 480 (an.
2355 411 2513 480 1020)
2543 409 2929 468 decertabant
2957 408 3255 481 principes
3297 411 3670 470 Lemovicen-

2013 515 2107 556 ses
2137 514 2246 572 pro
2274 498 2647 571 episcopatu,
2681 515 2819 556 cum
2851 497 3188 558 Simoniaca
3216 499 3407 556 heresi
3437 503 3672 574 pontiﬁ-

2014 591 2214 646 catum
2235 586 2534 646 vindicare
2567 586 2782 648 conati.
2830 589 2990 644 Tunc
3026 587 3287 660 populus
3325 589 3490 648 urbis
3533 592 3672 650 leta-

2014 678 2145 734 nias
2166 693 2304 734 cum
2333 676 2647 734 monachis
2677 680 2734 734 et
2763 674 3066 732 canonicis
3096 681 3338 748 propter
3366 677 3480 734 hoc
3509 694 3674 751 pere-

2015 765 2116 836 git,
2167 769 2223 820 et
2264 765 2388 820 dux
2434 763 2934 837 prudentissimus
2989 779 3128 818 cum
3182 765 3517 823 consiliario
3562 784 3671 824 suo

2018 853 2305 912 Willelmo
2335 854 2549 910 comite
2581 853 2969 923 Egolismensi
2987 852 3149 924 apud
3171 854 3451 914 Sanctum
3473 858 3500 910 J
3511 857 3673 913 unia-

2017 960 2166 1000 num
2188 942 2473 1016 placitum
2497 943 2706 1000 habuit
2729 959 2802 999 ex
2824 943 2939 1000 hac
2959 957 3144 999 causa
3163 942 3282 1013 (an.
3306 948 3460 1012 1021,
3484 948 3668 1012 Jan.).

2018 1033 2219 1089 Adfuit
2241 1032 2323 1088 ibi
2348 1033 2516 1090 Wido
2547 1033 2878 1090 vicecomes
2907 1036 2963 1090 et
2987 1047 3198 1088 omnes
3241 1033 3542 1107 principes
3569 1039 3673 1092 Le-

2018 1122 2477 1180 movicinorum.
2512 1122 2596 1179 lbi
2639 1122 2738 1181 Dei
2785 1127 2934 1179 nutu
2963 1121 3139 1191 elegit
3182 1122 3245 1180 in
3297 1124 3676 1198 episcopatus

2017 1214 2246 1269 honore
2320 1213 2649 1270 Jordanum
2719 1212 3085 1286 propositum
3151 1213 3413 1272 ecclesias
3489 1214 3677 1274 sancti

2020 1302 2330 1372 Leonardi,
2353 1319 2592 1374 magna:
2618 1302 2940 1359 nobilitatis
2959 1307 3016 1359 et
3040 1302 3435 1376 simplicitatis
3457 1305 3673 1362 virum.

2019 1394 2279 1461 Sui-gens
2308 1407 2486 1448 mane
2514 1391 2638 1448 dux
2683 1408 2720 1448 a
2768 1391 3131 1448 monasterio
3189 1392 3379 1450 sancti
3417 1393 3676 1464 Juniani,

2019 1498 2158 1538 cum
2180 1481 2420 1536 duobus
2446 1481 2746 1554 episcopis
2775 1481 2963 1537 lslone
2991 1485 3048 1538 et
3075 1480 3380 1538 lsimberto
3411 1487 3467 1540 et
3487 1482 3681 1539 multi-

2021 1571 2224 1627 tudine
2268 1569 2629 1644 principum,
2654 1569 2892 1626 devenit
2921 1569 3000 1626 ad
3023 1569 3234 1627 urbem
3266 1570 3424 1628 circa
3463 1573 3678 1629 horam

2021 1665 2270 1717 sextam.
2307 1660 2408 1716 Cui
2436 1659 2682 1716 obviam
2711 1659 3004 1732 processit
3040 1659 3235 1717 omnis
3284 1659 3487 1718 civitas
3530 1677 3680 1733 gau-

2021 1751 2191 1820 dens,
2223 1754 2278 1806 et
2306 1766 2449 1806 mox
2477 1754 2761 1822 properat
2785 1749 2863 1805 ad
2886 1747 3199 1806 basilicam
3226 1750 3487 1820 regalem
3507 1752 3679 1822 (155),

2023 1844 2296 1912 receptus
2325 1855 2360 1895 a
2385 1839 2700 1895 monachis
2721 1840 2778 1894 7"
2794 1854 2934 1894 cum
2955 1842 3120 1894 textu
3141 1844 3482 1897 sanctorum
3504 1855 3683 1896 evan-

246 1905 378 1984 tum
408 1929 499 1980 est
527 1923 606 1979 ad
631 1929 813 1995 caput
847 1923 1035 1980 sancti
1081 1923 1395 1993 Johannis,
1445 1928 1501 1980 et
1543 1905 1846 1981 miraculis
1879 1940 1913 1980 a
1951 1905 1992 1960 Β
2027 1905 2320 2000 geliorum
2346 1933 2404 1985 et
2431 1927 2888 1985 timiamatherio
2912 1928 2984 1996 8‘,
3019 1927 3171 1984 sicut
3208 1944 3444 2001 semper
3491 1929 3569 1986 ab
3599 1929 3683 1986 eis

249 2017 320 2051 ιτι
360 2017 568 2070 sancto
593 2012 881 2084 Eparcliio
928 2029 1107 2085 super
1134 2013 1407 2072 inﬁrmos
1455 2017 1696 2071 sanatos
1745 2029 1912 2085 pera-

2021 2018 2144 2073 dux
2171 2017 2317 2074 solet
2345 2017 2556 2091 excipi.
2591 2017 2734 2074 lnde
2761 2017 2840 2073 ad
2880 2016 3181 2073 tumulum
3226 2017 3416 2073 sancti
3446 2018 3684 2076 Marcia-

247 2104 382 2172 ctis,
411 2119 552 2158 cum
592 2100 784 2158 leticia
826 2117 1166 2169 regressum
1219 2105 1323 2157 est.
1377 2101 1687 2160 Canonicis
1735 2101 1912 2158 etiam
2018 2109 2091 2177 lis
2121 2106 2369 2163 missam
2401 2107 2668 2175 audivit;
2703 2110 2760 2162 et
2797 2106 2968 2178 juxta
3009 2106 3440 2163 monasterium
3469 2123 3540 2163 eo
3587 2107 3683 2164 die

243 2192 440 2248 sancti
470 2191 615 2248 Petri
647 2190 807 2247 sedis
840 2190 1258 2262 Egolismensis
1281 2191 1743 2264 procedentibus
1775 2207 1912 2249 cum

242 2268 537 2354 reliquiis,
571 2297 708 2338 cum
736 2279 1121 2340 subvectores
1146 2296 1376 2344 earum,
1397 2281 1590 2338 induti
1617 2280 1802 2337 sacris
1829 2284 1916 2336 tu-

245 2372 422 2443 uicis,
457 2385 565 2443 per
593 2369 961 2443 profundum
993 2369 1242 2428 ﬂuvium
1287 2370 1764 2442 pertransissent,
1793 2385 1916 2428 non

245 2464 568 2523 senserunt
596 2475 840 2532 aquam,
884 2458 988 2516 sed
1031 2458 1154 2516 acsi
1182 2459 1254 2495 “3
1286 2474 1392 2531 per
1438 2459 1670 2516 aridam
1710 2458 1920 2517 ambu-

244 2550 498 2618 lassent,
526 2547 759 2604 nullum
794 2547 1034 2616 signum
1065 2563 1238 2620 aquae
1271 2563 1452 2620 super-
1479 2563 1582 2603 eos
1605 2563 1715 2603 nec
1741 2562 1920 2619 super

247 2637 606 2698 vestimenta
648 2636 744 2692 vel
801 2636 1191 2694 calciamenta
1241 2653 1450 2692 eorum
1508 2636 1787 2708 apparuit
1837 2637 1913 2692 4".

251 2727 515 2797 Contigit
544 2726 817 2786 homines
844 2726 1030 2782 sancti
1055 2725 1342 2782 Johannis
1373 2730 1429 2782 et
1457 2725 1727 2783 Willelmi
1748 2725 1918 2782 ducis

249 2819 314 2874 in
349 2818 420 2852 ¹τ³
453 2815 780 2886 Angeriaco
813 2815 941 2871 vico
975 2815 1342 2882 tumultuari,
1373 2819 1427 2871 et
1454 2815 1800 2872 vulneratus
1833 2819 1922 2870 est

249 2906 618 2982 praepositus
648 2905 818 2962 ducis
850 2905 926 2961 ad
958 2909 1232 2971 mortem,
1261 2909 1318 2962 et
1346 2904 1485 2962 aula
1533 2905 1662 2975 ejus
1711 2905 1792 2960 ibi
1837 2903 1922 2960 di-

250 3001 412 3052 ruta.
446 2997 607 3052 Tunc
643 3011 677 3050 a
707 2993 1062 3066 primatibus
1095 2993 1412 3060 malivolis,
1461 2998 1518 3049 et
1564 2992 1843 3065 precipue
1886 3007 1922 3048 a

256 3084 518 3148 Fulcone
551 3082 784 3148 comite,
815 3081 917 3154 qui
946 3087 1084 3138 tunc
1105 3081 1166 3140 in
1199 3081 1432 3138 servitio
1463 3080 1632 3136 ducis
1674 3081 1922 3138 Pictavis

254 3179 405 3241 erat,
453 3178 716 3245 tempore
765 3171 1242 3244 quadragesimae
1286 3171 1654 3231 suadebatur
1696 3169 1748 3226 ei
1795 3170 1924 3226 des—

2021 2195 2296 2265 regaliter
2348 2197 2681 2269 hospitatus
2733 2199 2837 2252 est.
2888 2194 3154 2252 Crastino
3203 2195 3460 2252 barbam
3497 2200 3684 2254 electo

2023 2284 2294 2342 benedici
2321 2285 2493 2356 jubet
2521 2289 2578 2341 et
2602 2284 2868 2352 detondi,
2901 2289 2959 2340 et
3001 2284 3083 2340 sic
3117 2283 3197 2340 ad
3245 2284 3450 2341 sedem
3497 2284 3688 2342 sancti

2025 2372 2311 2429 Marcialis
2342 2373 2403 2428 in
2434 2372 2572 2429 aula
2603 2373 2792 2429 sancti
2821 2371 3104 2446 Stephani
3131 2373 3461 2430 Jordanum
3504 2374 3688 2431 dedu-

2023 2463 2127 2532 xit,
2159 2468 2214 2519 et
2240 2481 2377 2519 cum
2407 2463 2625 2520 baculo
2655 2463 2938 2536 pastorali
2966 2463 3048 2519 ibi
3078 2480 3218 2519 eum
3247 2463 3428 2534 gratis
3457 2465 3687 2522 honore

2026 2551 2351 2625 pontificali
2391 2552 2660 2620 vestivit;
2713 2557 2957 2625 eratque
2989 2552 3125 2608 ﬁnis
3151 2552 3415 2609 Januarii
3438 2555 3686 2626 mensis,

2027 2647 2084 2698 et
2125 2657 2398 2696 reversus
2426 2645 2513 2696 est
2559 2640 2824 2696 Pictavis.
2883 2639 3360 2709 Quadragesima
3409 2657 3691 2713 superve-

2027 2729 2224 2785 niente
2254 2730 2379 2786 dux
2424 2733 2675 2786 Romam
2719 2729 2948 2797 abiens,
2999 2728 3121 2784 ﬁlio
3171 2745 3302 2799 suo,
3352 2730 3691 2803 prudentis-

2029 2817 2182 2874 simo
2213 2818 2596 2888 adolescenti,
2621 2818 2908 2875 Willelmo
2928 2817 3243 2890 imperavit
3271 2819 3364 2890 1⁷⁸,
3421 2822 3486 2874 ut
3503 2834 3697 2874 rever-

2031 2911 2158 2962 tens
2215 2907 2561 2963 ordinatum
2610 2906 2890 2978 reperiret
2947 2905 3320 2979 episcopum.
3382 2906 3554 2972 Quod
3597 2906 3692 2963 ille

2031 2995 2359 3068 adimplere
2389 2996 2634 3067 curavit,
2666 3000 2723 3052 et
2753 2995 2953 3052 media
3002 2995 3469 3069 quadragesima
3497 2997 3554 3052 9'
3579 3000 3694 3053 An-

2031 3083 2268 3154 geriaco
2297 3089 2435 3140 ante
2465 3089 2646 3156 caput
2675 3084 2861 3140 sancti
2898 3084 3186 3140 Johannis
3239 3084 3327 3140 10*
3379 3099 3692 3142 consecra-

2033 3176 2126 3229 tus
2152 3175 2240 3228 est
2262 3173 2581 3245 episcopus
2607 3172 2686 3228 ah
2717 3173 2905 3228 lslone
2937 3172 3220 3245 episcopo
3255 3173 3343 3229 11¹”
3371 3178 3426 3230 et
3495 3177 3694 3230 Roone

254 3271 458 3324 truere
488 3264 689 3323 locum
720 3262 908 3321 sancti
955 3261 1261 3328 Johannis,
1314 3266 1372 3317 et
1408 3261 1547 3318 inde
1598 3261 1928 3319 monachos
1969 3263 2008 3318 C
2037 3262 2182 3334 (156)
2217 3265 2397 3334 atque
2427 3263 2688 3318 Arnaldo
2717 3277 2952 3318 necnon
3001 3267 3057 3317 et
3107 3261 3416 3318 lsimberto
3465 3262 3694 3335 episco-

258 3355 498 3426 ejicere,
531 3352 857 3408 canonicos
891 3354 944 3408 5·
975 3351 1035 3408 in
1067 3351 1382 3408 inmittere.
1418 3354 1483 3410 Et
1510 3351 1645 3408 licet
1674 3350 1929 3408 serenis-

260 3446 456 3504 εἰωυε
483 3443 761 3517 princeps
789 3443 987 3502 furore
1021 3442 1186 3513 gravi
1232 3446 1572 3498 commotus
1620 3447 1774 3498 esset
1819 3457 1929 3514 pro

259 3533 486 3606 injuria
511 3549 641 3598 sua,
677 3537 875 3589 tamen
905 3548 1079 3588 suam
1112 3531 1261 3588 iram
1293 3535 1350 3587 et
1380 3531 1702 3604 impiorum
1736 3529 1930 3587 consi-

260 3619 342 3681 lia
373 3619 535 3688 vicit,
566 3625 623 3675 et
651 3620 834 3689 regali
860 3636 1026 3676 more
1058 3637 1197 3678 cum
1229 3619 1456 3676 ratione
1486 3618 1765 3691 prudenti
1788 3634 1930 3675 cau-

262 3725 400 3768 sam
432 3708 788 3780 paciﬁcavit.
826 3711 1190 3782 Semperque
1214 3709 1320 3766 fuit
1353 3725 1665 3766 servorum
1699 3707 1796 3765 Dei
1835 3708 1934 3764 de-

263 3800 490 3867 fensor,
511 3803 569 3855 et
596 3802 748 3856 Deus
776 3799 830 3858 ei
858 3799 917 3855 in
949 3799 1232 3857 omnibus
1262 3799 1500 3870 adjutor
1529 3800 1771 3856 6'.'I‘unc
1789 3814 1933 3855 casu

265 3889 483 3944 civitas
515 3887 762 3950 Pictavis
793 3888 1105 3948 combusta
1139 3893 1247 3956 est,
1280 3892 1338 3945 et
1367 3888 1488 3944 dux
1512 3887 1717 3944 sedem
1747 3886 1934 3946 sancti

269 3977 428 4037 Petri
452 3982 796 4051 ceterasque
823 3977 1101 4034 ecclesias
1133 3994 1432 4050 suumque
1474 3976 1765 4050 palatium
1811 3993 1938 4033 ma-

267 4066 398 4138 jori
427 4065 636 4124 decore
666 4068 738 4102 ‘7"
767 4066 1098 4139 ampliavit.

279 4247 333 4300 t'
387 4261 579 4317 nuper
629 4246 770 4301 add.
818 4249 870 4299 2.

2037 3349 2152 3423 pis,
2180 3355 2238 3406 et
2263 3367 2299 3406 a
2329 3349 2673 3407 clarissimis
2701 3350 2918 3408 indolis
2950 3349 3239 3406 Willelmo
3271 3350 3487 3407 comite
3513 3355 3569 3407 et
3598 3357 3698 3408 Ar-

2037 3439 2221 3496 naldo
2250 3440 2713 3512 Petragoricensi
2747 3440 3032 3514 episcopo
3081 3440 3460 3498 Lemovicam
3507 3440 3696 3497 dedu-

2038 3534 2188 3600 ctus,
2211 3529 2598 3587 intronizatus
2622 3535 2714 3587 est
2740 3530 2801 3585 in
2833 3529 2974 3586 sede
3004 3529 3192 3587 sancti
3241 3529 3527 3586 Marcialis
3576 3531 3695 3601 (an.

2043 3620 2220 3692 1021).
2245 3619 2741 3693 Archiepiscopus
2767 3635 2908 3676 vero
2940 3619 3312 3676 Bituricensis
3343 3618 3696 3688 Gauzlenus,

2040 3707 2119 3763 ad
2148 3708 2321 3779 cujus
2353 3709 2639 3765 diocesim
2662 3725 2802 3766 vero
2827 3708 3136 3764 Lemovica
3152 3708 3404 3780 pertinet
3427 3708 3534 3775 12",
3558 3708 3702 3780 quia

2043 3796 2094 3852 si
2125 3812 2233 3852 sua
2263 3797 2610 3853 auctoritate
2641 3801 3022 3853 consecratus
3047 3801 3138 3852 est
3158 3796 3476 3870 episcopus
3511 3796 3598 3853 13‘
3619 3800 3703 3852 to-

2042 3889 2170 3943 tum
2194 3886 2642 3942 Lemovicinum
2668 3885 3234 3954 excommunicavit,
3263 3891 3475 3957 praeter
3501 3885 3703 3941 locum

2045 3976 2233 4033 sancti
2263 3977 2550 4032 Marcialis
2599 3981 2656 4032 et
2702 3993 2838 4049 qua:
2882 3974 3139 4049 propria
3167 3974 3248 4031 ad
3277 3991 3418 4031 eum
3446 3975 3702 4047 pertine-

2043 4065 2208 4134 bant,
2232 4064 2553 4138 ipsumque
2570 4064 2876 4138 prohibuit
2901 4064 2979 4120 ab
2995 4063 3192 4120 ofﬁcio
3219 4080 3331 4120 suo
3352 4063 3704 4137 episcopum

973 4246 1029 4318 2'
1057 4248 1194 4318 post
1241 4244 1468 4316 aliquot
1498 4259 1690 4299 annos
1716 4243 1857 4318 add.
1891 4248 1922 4299 2
2024 4245 2080 4299 3¹
2124 4243 2302 4318 ignea
2326 4243 2514 4318 virga,
2548 4247 2797 4299 curvata
2824 4242 3260 4318 nihilhominus
3310 4242 3370 4318 in
3415 4241 3620 4318 fatigio
3650 4247 3702 4318 2.

345 4320 408 4374 4·
438 4314 494 4370 2ῖ
571 4317 680 4373 hoc
712 4317 836 4374 loco
866 4316 1006 4373 add.
1046 4314 1308 4376 :‘lnterea
1337 4314 1518 4387 caput
1545 4347 1616 4387 -τ
1643 4315 1924 4387 retinetur
1950 4330 2081 4386 quae
2112 4316 2281 4387 infra
2311 4331 2360 4372 ι’.
2386 4320 2464 4387 58ί
2482 4316 2790 4387 leguntur.
2810 4316 2991 4387 Iuno
3017 4331 3154 4371 vero
3180 4315 3422 4387 pergit:
3460 4314 3707 4387 Piramis

346 4392 556 4460 autem
583 4404 765 4443 saxea
797 4387 1190 4460 supervestita
1221 4392 1316 4460 est
1337 4385 1652 4460 exftabulis
1675 4386 1886 4457 ligneis
1913 4385 2315 4460 deargentatis
2347 4385 2635 4458 undique,
2667 4403 2741 4442 ex
2769 4385 3070 4441 oblatione
3100 4385 3327 4460 copiosi
3353 4385 3582 4455 argenti
3613 4386 3704 4454 ίῖδ,

347 4457 524 4538 quod
550 4457 971 4538 rexulyavarrte
991 4458 1238 4514 Saucius
1264 4457 1475 4538 obtulit
1505 4457 1680 4538 beato
1711 4457 2084 4538 praecursori.
2120 4457 2403 4538 Quodam
2419 4457 2568 4538 vero
2600 4462 2866 4538 tempore
2895 4461 3220 4538 postquam
3241 4457 3380 4538 haec
3401 4461 3541 4538 acta
3569 4460 3709 4538 sunt

349 4473 524 4538 quod
550 4475 650 4537 rex
683 4473 958 4514 navarrai
991 4473 1238 4514 saucius
1264 4473 1475 4513 omum
1507 4473 1680 4538 beato
1711 4473 2084 4538 przecursori.
2120 4473 2395 4522 uuoaam
2428 4474 2568 4514 vero
2600 4473 2866 4582 temgore
2895 4473 3220 4538 posrquam
3252 4473 3380 4512 meo
3409 4473 3541 4512 acra
3569 4473 3709 4512 sunt

349 4534 619 4597 contigit.
653 4530 709 4584 5'
735 4529 1173 4586 monachorum
1205 4533 1481 4584 senatuin
1508 4529 1718 4600 ejicere
1752 4533 1808 4584 et
1838 4545 2254 4586 canoricorum
2305 4529 2593 4586 feritatem
2633 4529 2716 4584 ibi
2763 4545 2857 4584 em
2893 4532 3208 4600 immittere
3239 4532 3292 4583 2.
3343 4529 3448 4600 κδ’
3495 4531 3548 4582 2.
3602 4527 3710 4581 hoc

351 4603 482 4680 loco
506 4601 648 4681 add.
667 4619 688 4680 ¹;
723 4601 817 4681 llis
850 4600 1220 4681 temporibus
1240 4605 1511 4681 cometes
1540 4598 1947 4681 L—‘(l‘evoravit
1975 4616 2106 4672 qua?
2136 4601 2303 4681 infra
2331 4617 2378 4657 c.
2414 4605 2500 4681 58.
2536 4600 2979 4681 οεςατνιιηζκῇ
3004 4598 3455 4681 vestibus‘a‘lbis
3483 4602 3541 4654 et
3566 4612 3707 4681 cap-

351 4672 446 4744 pis
474 4671 767 4747 o_lociricis
799 4670 1028 4730 amictis
1060 4672 1198 4747 add.
1237 4676 1288 4727 2.
1390 4672 1444 4727 8'
1476 4671 1854 4747 candelabris
1880 4670 2122 4747 quoque
2154 4677 2210 4727 et
2238 4688 2397 4744 aqua
2428 4671 2749 4747 benedicta
2778 4671 3005 4747 add._2.
3117 4672 3175 4747 βξ
3219 4670 3472 4747 sabbato
3515 4670 3709 4747 medie

351 4738 819 4833 quadragesima
847 4749 898 4800 2.
917 4814 930 4833 ‘
1003 4744 1407 4833 tQ'ﬂdiaco‘iius
1437 4747 1492 4823 et
1519 4741 1834 4823 presbyter
1863 4738 2171 4833 ordia—atus
2203 4738 2316 4833 est,
2341 4743 2686 4833 ehorastiiia
2715 4741 3018 4798 dominica
3049 4742 3189 4798 add.
3215 4746 3267 4798 2.
3318 4815 3336 4833 ι
3373 4741 3459 4794 tt"
3484 4738 3712 4833 arcliie:

351 4813 611 4889 piscopo
646 4814 1063 4884 Burdegalensi
1248 4815 1334 4896 t2:
1365 4813 1852 4895 quia'pecuniam
1890 4830 1917 4868 r

351 4889 411 4942 et
440 4885 584 4942 add.
621 4890 672 4944 2.
775 4887 862 4942 l3'
894 4886 1048 4958 facta
1079 4884 1292 4958 Sinodo
1316 4901 1378 4941 in
1408 4888 1653 4958 Francia
1683 4901 1888 4958 coram

2026 4813 2231 4870 urebat
2269 4829 2378 4886 pro
2403 4813 2783 4896 impositione
2831 4829 3148 4894 manuum,
3201 4814 3578 4894 contemptus
3624 4813 3713 4890 est

2026 4901 2054 4940 e
2083 4884 2381 4958 Rotberto,
2405 4885 2519 4958 ubi
2546 4890 2783 4958 septeni
2805 4884 3239 4958 archiepiscopi
3269 4880 3586 4938 adfuerunt
3615 4879 3711 4935 die

433 4960 733 5033 nteco_stes
759 4957 1303 5033 cum__sufraganeis
1337 4955 1633 5033 episcopis
1662 4957 1903 5033 add.__2.
1982 4955 2096 5033 14*
2121 4973 2268 5033 cum
2296 4955 2897 5033 racion_em‘red_d_ere_
2936 4955 3139 5028 posset
3178 4957 3235 5012 et
3277 4967 3411 5033 sese
3454 4966 3712 5026 purgare

365 5025 430 5154 ζῇ
468 5042 508 5082 a
531 5026 728 5108 culpa,
835 5027 1030 5098 vellet,
1035 5043 1266 5156 (gnam
1295 5025 1459 5102 papa
1484 5025 1754 5085 Romano
1785 5028 1878 5099 "8,
1912 5025 2134 5084 scilicet
2161 5029 2610 5102 comtempsisse
2639 5025 3160 5100 archiepiscopum
3190 5025 3502 5098 proprium
3532 5038 3716 5082 causa

407 5113 730 5156 imomaca.
827 5115 967 5156 men
997 5115 1034 5156 a
1127 5141 1139 5155 .
1213 5142 1225 5155 .

407 5113 730 5166 imomaca,
765 5113 967 5156 tamen
997 5113 1139 5157 aaa.
1171 5113 1225 5155 2.

1663 5197 1894 5254 VABLE
1933 5197 2226 5255 LECTION
2234 5197 2336 5254 ES.

361 5315 438 5349 ’το
470 5311 864 5386 cluniacensis
897 5315 946 5367 1.
974 5313 1043 5347 ¹⁷¹
1156 5310 1235 5367 ad
1272 5317 1291 5368 1
1328 5313 1400 5347 ¹⁷²
1499 5310 1596 5386 axi
1625 5316 1672 5368 1.
1713 5311 1784 5346 ¹⁷³
1884 5309 1947 5368 in
1971 5342 2040 5352 —
2068 5317 2323 5370 mortem
2349 5311 2468 5368 des.
2491 5313 2545 5366 2.
2578 5308 2792 5366 decore
2825 5307 2896 5342 ¹⁷¹⁸
2997 5323 3062 5366 m
3086 5311 3135 5368 1.
3170 5307 3243 5344 1⁷⁵
3320 5306 3614 5386 imperavi
3661 5310 3710 5361 1.

285 5387 366 5422 ³⁷⁸
388 5401 533 5455 arge
565 5401 616 5442 ρ.
722 5385 794 5419 ¹⁷⁷
825 5398 986 5439 sesse
1010 5398 1281 5456 pugnare
1312 5399 1362 5440 ε.
1515 5383 1585 5418 ’⁷⁸
1615 5397 1870 5440 romana
1899 5398 1948 5438 ιο.

1891 5481 2112 5537 ΝΟΤΛΕ.

366 5582 520 5658 (155)
572 5579 661 5658 S_ic
707 5577 1215 5658 sanctijtartialis
1253 5579 1942 5658 ecclesianiappellat;

2129 5579 2273 5651 (156)
2308 5575 2754 5648 Engolismensi.

287 5653 369 5710 et’.
401 5657 560 5708 Ann.
587 5653 745 5708 Lem.
780 5666 836 5708 a.
873 5654 1030 5720 1017,
1065 5653 1215 5708 Mon.
1249 5653 1347 5709 SS.
1383 5655 1448 5720 ll,
1473 5667 1534 5724 p.
1566 5653 1692 5706 252.
