4054 6188
396 175 457 225 71
1547 162 1860 220 ADEMARI
1902 160 1956 216 S.
2001 160 2280 216 CIBARDI
2318 161 2650 219 MONACHI.
3750 169 3817 221 72

397 292 505 358 Qui
541 293 628 346 14·
679 289 1070 356 satisfaciens,
1103 287 1282 343 nudis
1317 287 1592 360 pedibus,
1627 304 1766 342 cum
1811 288 2052 341 centum
2083 289 2128 340 Α
2166 283 2433 340 diversas
2460 328 2472 339 .

396 380 620 436 clericis
669 385 725 434 et
767 377 1098 443 monachis,
1153 377 1433 433 omnibus
1489 376 1758 432 similiter
1800 372 2054 447 pedibus

394 469 592 536 nudis,
651 460 973 524 Bituricam
1017 466 1221 522 sedem
1277 466 1442 535 adiit,
1499 464 1605 520 ubi
1659 462 2054 535 archiepisco-

393 575 508 632 pus
543 575 682 613 cum
713 556 869 612 clero
918 555 1002 612 eis
1036 555 1323 629 processit
1348 554 1609 624 obviam,
1660 559 1716 609 et
1758 569 1900 614 cum
1948 553 2053 606 ho~

393 665 538 704 nore
568 665 670 704 eos
717 646 1040 714 deducens,
1093 645 1259 718 quod
1293 645 1580 716 ligaverat
1628 642 1885 700 absolvit
1927 641 2049 713 (an.

397 743 577 796 1022).

465 739 811 883 Ἰηῑθιοθξι
846 825 896 878 1³
951 827 1133 895 caput
1175 823 1364 878 sancti
1405 820 1690 878 Johannis
1728 822 2050 892 postquam

393 915 536 972 satis
561 919 872 970 ostensum
893 917 985 968 est
1036 911 1292 984 populis,
1342 915 1709 966 reservatum
1748 911 1836 964 est
1874 908 2051 978 jussu

391 1003 661 1060 Willelmi
691 1002 880 1068 ducis,
901 1006 957 1056 et
977 1000 1350 1056 reconditum
1382 999 1443 1054 in
1459 997 1752 1071 piramide
1780 996 2047 1068 pristina,

391 1095 494 1151 ubi
520 1092 761 1149 interius
791 1089 1254 1146 timiamatherio
1301 1093 1583 1158 argenteo
1614 1085 1783 1159 quod
1832 1084 2052 1158 pendet

390 1181 697 1249 catenulis,
732 1180 1033 1236 inclusum
1063 1177 1362 1234 retinetur.
1396 1177 1494 1232 His
1538 1174 1910 1248 temporibus
1948 1189 2047 1230 co-

390 1278 576 1328 metes
603 1270 764 1326 velut
792 1269 953 1325 ensis
1000 1267 1171 1323 latior
1197 1271 1254 1322 et
1277 1266 1512 1336 longior
1556 1269 1764 1320 contra
1812 1267 2046 1335 septen-

391 1356 641 1419 trio'nem
673 1358 950 1434 apparuit
974 1357 1250 1432 pluribus
1279 1356 1496 1412 aestivis
1527 1354 1828 1417 noctibus,
1857 1358 1914 1409 et
1942 1369 2048 1426 per

389 1451 637 1508 Galliam
665 1453 722 1505 et
788 1447 1016 1504 Italiam
1055 1445 1307 1515 vestigio
1359 1444 1641 1514 civitates,
1703 1441 1944 1498 castella
1993 1446 2050 1496 et

389 1538 749 1596 monasteria
777 1538 913 1608 igne
953 1539 1218 1590 cremata
1268 1537 1407 1588 sunt
1447 1532 1663 1605 plura;
1712 1531 1863 1586 inter
1910 1547 2045 1602 quae

2557 285 2888 342 Occidentis
2965 290 3166 359 partes
3226 285 3418 342 nuntii
3496 286 3819 343 antichristi

2164 373 2371 438 exorti,
2425 390 2532 446 per
2583 374 2831 430 latibula
2871 391 2998 431 sese
3042 373 3342 431 occultare
3397 374 3710 443 curabant,
3765 382 3818 432 et

2163 479 2602 537 quouscunque
2632 469 2916 536 poterant
2939 462 3102 520 'viros
3122 469 3179 520 et
3209 463 3487 520 mulieres
3521 465 3819 521 subverte-

2161 550 2326 607 bant.
2362 551 2614 617 Quidam
2647 551 2827 608 etiam
2854 551 3183 608 Aurelianis
3215 553 3272 608 7'
3304 553 3628 609 canonicus
3683 570 3817 610 cau-

2159 642 2269 708 tor,
2324 641 2567 696 nomine
2613 641 3010 711 Theobaldus,
3068 641 3173 714 qui
3225 646 3498 697 mortuus
3531 646 3815 698 eratante

2161 727 2482 782 triennium
2512 728 2571 783 in
2593 728 2691 784 illa
2731 729 2962 797 haeresi,
3023 733 3088 784 ut
3137 729 3535 801 perhibebant
3583 729 3816 802 probati

2158 816 2268 872 viri
2303 819 2394 885 “9,
2418 817 2729 887 religiosus
2768 818 2931 873 visus
2988 818 3179 874 fuerat
3207 819 3283 874 8'.
3342 819 3522 890 Cujus
3579 835 3812 892 corpus,

2158 911 2482 979 postquam
2513 907 2836 979 probatum
2860 912 2966 975 est,
3000 909 3255 979 ejectum
3283 911 3370 964 est
3399 908 3472 963 de
3495 908 3816 976 cinsiterio,

2152 994 2399 1065 jubente
2429 995 2711 1069 episcopo
2745 996 3040 1065 Odolrico,
3074 1001 3130 1052 et
3168 997 3503 1069 projectum
3560 997 3811 1053 invium.

2159 1083 2267 1149 Qui
2299 1088 2498 1140 autem
2529 1084 2794 1140 flammis
2817 1085 3067 1156 judicati
3097 1090 3237 1141 sunt
3266 1085 3589 1158 supradicti
3608 1086 3814 1142 decem

2156 1191 2296 1230 cum
2324 1175 2513 1232 Lisoio
2537 1176 2705 1247 (158),
2733 1192 2915 1249 quem
2941 1193 3045 1233 rex
3074 1176 3248 1232 valde
3275 1175 3562 1232 dilexerat
3576 1182 3814 1250 propter

2158 1264 2556 1333 sanctitatem,
2585 1282 2772 1338 quam
2819 1283 2957 1322 eum
2988 1267 3211 1322 habere
3263 1266 3562 1333 credebat,
3623 1268 3813 1323 securi

2155 1353 2302 1409 nihil
2329 1355 2530 1424 ignem
2557 1354 2866 1422 timebant,
2898 1359 2954 1410 et
2977 1371 3012 1411 a
3040 1355 3304 1410 ﬂammis
3335 1371 3396 1410 se
3414 1355 3634 1410 inlesos
3657 1357 3810 1412 exire

2152 1442 2600 1515 promittebant,
2662 1447 2720 1498 et
2769 1443 3028 1499 ridentes
3076 1443 3138 1498 in
3185 1443 3385 1499 medio
3442 1443 3596 1512 ignis
3650 1443 3810 1515 ligati
3881 1518 3890 1524 _

2155 1535 2311 1587 sunt.
2366 1537 2424 1588 et
2477 1531 2604 1586 sine
2649 1548 2820 1588 mora
2867 1531 3105 1605 penitus
3160 1532 3222 1588 in
3272 1532 3532 1588 cinerem
3590 1533 3809 1590 redacti

387 1629 695 1688 Carrofum
723 1643 863 1683 casu
897 1625 1145 1681 ﬂamma
1173 1622 1539 1679 conbustum
1567 1625 1659 1677 est
1705 1636 1843 1675 cum
1883 1619 2044 1676 basi-
2074 1639 2116 1693 Β
2155 1624 2312 1691 sunt,
2371 1625 2434 1676 ut
2482 1637 2591 1676 nec
2639 1621 2714 1677 de
2765 1622 3004 1677 ossibus
3058 1621 3370 1678 residuum
3450 1622 3810 1679 inveniretur

384 1719 498 1775 lica
529 1715 868 1777 Salvatoris.
903 1712 1227 1769 Ecclesiam
1247 1727 1491 1783 quoque
1517 1714 1702 1765 santaa
1725 1708 1923 1765 Crucis
1955 1725 2040 1765 se-

384 1809 478 1864 dis
535 1803 864 1862 Aurelianis
923 1806 980 1858 et
1034 1799 1462 1856 monesterium
1518 1798 1706 1854 sancti
1745 1797 2040 1854 Benedicti

387 1896 715 1952 Floriacum
747 1897 802 1948 et
851 1891 966 1946 alia
1008 1889 1197 1945 multa
1242 1888 1492 1944 ﬂamma
1535 1887 1860 1943 devoravit.
1910 1889 2039 1942 Dux

382 1999 623 2057 quoque
654 1979 996 2045 Willelmus,
1030 1977 1269 2050 semper
1300 1976 1568 2045 cogitans
1617 1975 1718 2031 Dei
1764 1974 2037 2030 volunta-

383 2079 523 2132 tem.
555 2069 890 2142 regularem
919 2066 1298 2139 disciplinam
1336 2065 1692 2121 restauravit
1717 2064 1779 2119 in
1822 2066 2038 2121 Sancto

382 2160 621 2219 Carrofo
651 2159 771 2231 (an.
807 2159 941 2212 1014
961 2156 1030 2226 ‘2),
1057 2155 1244 2225 ejecto
1270 2157 1435 2208 Petro
1467 2151 1704 2220 abbate,
1751 2151 2035 2224 potentis-

382 2251 535 2305 simo
587 2249 664 2319 2',
697 2245 801 2319 qui
838 2261 946 2317 per
990 2242 1392 2300 Simoniacam
1445 2240 1703 2296 heresim
1745 2239 2038 2312 praelatio-

381 2357 520 2396 nem
564 2337 902 2409 optinuerat
926 2337 982 2389 et
1011 2330 1370 2387 saeculariter
1419 2333 1472 2385 3'
1511 2329 1712 2385 locum
1755 2328 2039 2384 adminis-

379 2428 594 2495 trabat,
647 2430 702 2481 et
760 2423 1088 2492 subrogato
1147 2418 1460 2476 Gunbaldo
1507 2417 1763 2489 regulari
1821 2423 1878 2474 et
1936 2419 2036 2475 Dei

382 2531 578 2584 servo,
603 2512 820 2568 abbate
852 2510 1040 2566 sancti
1073 2508 1272 2565 Savini
1301 2508 1378 2563 4*.

449 2609 536 2661 59.
572 2606 650 2658 Eo
681 2606 949 2673 tempore
991 2600 1109 2671 (an.
1142 2598 1295 2670 1022)
1329 2602 1392 2653 10
1436 2613 1510 2652 ex
1553 2597 1856 2653 canonicis
1904 2613 2037 2653 san-

377 2699 484 2752 ctae
517 2693 718 2752 Crucis
749 2690 1098 2757 Aurelianis,
1117 2689 1233 2762 qui
1256 2688 1616 2744 videbantur
1642 2704 1774 2744 esse
1803 2688 2035 2758 religio-

376 2785 560 2840 siores
619 2781 768 2847 aliis,
828 2778 1065 2852 probati
1141 2781 1279 2833 sunt
1335 2793 1466 2832 esse
1524 2776 1810 2832 Manichei
1865 2777 2029 2849 (157).

377 2877 536 2940 Quos
559 2888 663 2928 rex
703 2872 1034 2936 Rotbertus,
1067 2883 1205 2923 cum
1250 2865 1475 2922 nollent
1604 2865 1680 2921 ad
1719 2865 1903 2921 ﬁdem
1940 2882 2032 2922 rc-

373 2963 540 3030 verti,
574 2960 768 3034 primo
794 2974 830 3014 a
861 2957 1054 3027 gradu
1083 2955 1396 3048 sacerdotii
1419 2954 1661 3028 deponi,
1707 2955 1921 3048 deinde
2063 2993 2102 3048 Ο

374 3049 641 3106 aecclesia
669 3045 982 3116 eliminari,
1014 3049 1070 3101 et
1097 3044 1346 3100 demum
1375 3043 1511 3114 igne
1541 3043 1792 3099 cremari
1825 3044 2027 3115 jussit.

373 3143 520 3197 Nam
542 3139 650 3212 ipsi
681 3135 914 3208 decepti
944 3151 980 3191 a
1007 3137 1276 3207 quodam
1304 3133 1527 3188 rustico
1558 3135 1632 3203 6',
1685 3134 1789 3206 qui
1842 3150 1902 3189 se
1944 3134 2029 3189 di-

371 3230 544 3286 cebat
597 3227 791 3283 facere
848 3225 1112 3292 virtutes,
1182 3227 1238 3279 et
1292 3222 1602 3295 pulverem
1651 3238 1724 3277 ex
1778 3223 2028 3279 mortuis

369 3319 568 3394 pueris
600 3332 804 3373 secum
835 3314 1080 3383 ferebat,
1112 3312 1187 3368 de
1217 3327 1339 3384 quo
1369 3312 1418 3366 si
1440 3327 1623 3384 quem
1650 3317 1851 3382 posset
1870 3327 2030 3367 com-

370 3405 698 3470 municare,
748 3419 891 3458 mox
935 3401 1304 3458 Manicheum
1363 3397 1637 3467 faciebat,
1692 3397 2028 3455 adorabant

368 3493 700 3563 diabolum,
732 3491 836 3564 qui
863 3490 1058 3562 primo
1088 3489 1171 3544 eis
1221 3488 1285 3543 in
1326 3486 1609 3560 Etyopis,
1656 3486 1872 3543 deinde
1917 3503 2024 3544 an-

369 3583 482 3652 geli
535 3581 683 3637 lucis
727 3579 1080 3649 ﬁguratione
1129 3575 1479 3650 apparebat,
1527 3580 1584 3632 et
1635 3575 1720 3632 eis
1766 3576 2024 3632 multum

368 3671 580 3728 cotidie
611 3673 925 3740 argentum
955 3667 1274 3724 deferebat.
1313 3665 1494 3736 Cujus
1525 3665 1724 3721 verbis
1747 3665 2026 3722 obedien-

364 3767 471 3826 tes,
505 3760 740 3834 penitus
771 3759 1065 3816 Christum
1094 3756 1342 3813 latenter
1360 3759 1730 3828 respuerant,
1759 3759 1816 3811 et
1840 3756 2025 3812 abho—

365 3851 720 3908 minationes
765 3853 821 3906 et
850 3847 1120 3915 crimina,
1171 3862 1307 3919 quae
1337 3845 1453 3901 dici
1501 3844 1679 3901 etiam
1729 3844 2022 3916 ﬂagitium

363 3945 468 4013 est,
504 3939 566 3995 in
595 3939 827 3996 occulto
858 3936 1232 4003 exercebant,
1284 3939 1341 3990 et
1387 3934 1448 3990 in
1501 3937 1706 4006 aperto
1761 3934 2025 3991 christia-

361 4046 471 4086 nos
518 4045 692 4085 veros
742 4043 804 4082 se
843 4025 1146 4082 fallebant.
1199 4023 1593 4080 Nihilominus
1639 4023 1802 4095 apud
1851 4023 2020 4079 Tolo-

362 4134 496 4174 sam
525 4117 749 4172 inventr
774 4118 912 4170 sunt
938 4113 1242 4184 Maniehei,
1271 4116 1329 4168 et
1355 4111 1470 4184 ipsi
1498 4111 1801 4180 destructi,
1830 4115 1884 4168 et
1915 4127 2022 4184 per

2149 1724 2357 1764 eorum
2383 1709 2458 1765 9'.

2220 1802 2306 1854 60.
2351 1800 2479 1864 Quo
2514 1803 2779 1872 tempore
2811 1803 2933 1868 (an.
2975 1799 3134 1871 1021)
3167 1798 3502 1854 Alimiricus
3531 1799 3805 1873 princeps

2147 1887 2575 1943 Ronconiensis
2601 1890 2672 1923 ¹⁸⁰
2695 1892 2902 1944 contra
2926 1887 3221 1944 seniorem
3253 1905 3431 1944 suum
3455 1888 3804 1945 Willelmum

2147 1976 2427 2032 comitem
2480 1977 2860 2047 Engolismae,
2922 1977 3071 2033 dum
3122 1977 3247 2050 ipse
3301 1977 3625 2034 Willelmus
3703 1982 3808 2035 R04

2145 2080 2262 2119 mae
2319 2068 2488 2132 esset,
2539 2069 2800 2120 castrum
2856 2064 3272 2120 Fractabotum
3335 2065 3396 2121 in
3457 2066 3804 2122 Sanctonico

2145 2154 2400 2209 extruxit
2452 2170 2559 2226 per
2629 2153 2756 2209 dies
2808 2153 3273 2210 resurrectionis.
3334 2155 3686 2211 Promiserat
3754 2157 3805 2213 ei

2144 2242 2490 2299 ﬁdelitatem
2523 2259 2705 2315 super
2756 2243 3039 2316 reliquias
3070 2247 3415 2299 sanctorum
3454 2243 3804 2300 calciamen-

2146 2337 2342 2388 torum
2380 2335 2468 2388 10·
2499 2333 2688 2389 sancti
2720 2333 3010 2406 Eparchii.
3045 2337 3111 2390 Et
3137 2333 3281 2406 quia
3305 2334 3581 2406 perjurus
3597 2339 3803 2392 contra

2143 2422 2341 2495 ipsum
2373 2421 2500 2492 fuit,
2532 2427 2668 2495 post
2696 2438 2924 2495 paucos
2953 2421 3081 2478 dies
3135 2438 3172 2478 a
3225 2422 3514 2492 Josfredo,
3555 2422 3676 2478 filio
3707 2440 3800 2480 co-

2143 2511 2301 2567 mitis
2319 2511 2664 2584 supradicti,
2689 2511 2970 2568 obviante
2993 2511 3146 2568 ferro
3173 2511 3508 2581 confossus,
3534 2512 3799 2569 animam

2144 2601 2269 2656 sine
2295 2617 2467 2656 mora
2507 2600 2760 2673 reliquit.
2824 2604 3034 2658 Comes
3087 2617 3228 2656 vero
3279 2601 3604 2657 Willelmus
3661 2618 3798 2658 cum

2142 2689 2397 2746 Alduino
2420 2689 2542 2745 ﬁlio
2569 2695 2830 2746 castrum
2861 2690 2967 2746 diu
2985 2690 3239 2758 obsedit,
3272 2694 3328 2746 et
3356 2691 3582 2747 fortiter
3609 2708 3797 2765 expu-

2143 2785 2392 2849 gnatum
2424 2779 2668 2852 capiens
2693 2779 3000 2847 destruxit,
3019 2785 3076 2835 et
3101 2784 3237 2852 post
3273 2780 3529 2836 multum
3561 2785 3797 2854 tempus

2141 2868 2356 2924 iterum
2381 2868 2763 2940 reedificavit,
2793 2873 2848 2924 et
2871 2867 2999 2924 ﬁlio
3029 2884 3137 2924 suo
3170 2868 3443 2924 Josfredo
3495 2885 3798 2926 commen-
3864 2939 3879 2949 .

2140 2956 2324 3012 davit.
2377 2957 2725 3014 Guillelmus
2778 2973 2921 3014 vero
2968 2957 3304 3014 vicecomes
3362 2959 3796 3016 Martiliacensis

2143 3045 2286 3116 (159)
2321 3050 2377 3101 et
2395 3045 2574 3102 frater
2589 3047 2718 3117 ejus
2751 3046 3060 3103 Odolricus
3083 3046 3248 3117 gravi
3275 3046 3575 3102 discordia
3599 3046 3795 3101 decer-

2139 3134 2348 3190 tabant
2368 3151 2506 3190 cum
2545 3135 2801 3191 Alduino
2830 3136 3006 3192 fratre
3029 3151 3239 3192 eorum
3268 3139 3512 3209 propter
3532 3140 3795 3192 castrum

2137 3223 2447 3280 Boﬁacum
2471 3224 2661 3281 multo
2691 3229 2980 3298 tempore.
3015 3226 3180 3282 Unde
3239 3227 3464 3282 factum
3509 3231 3616 3298 est,
3650 3231 3714 3281 ut
3761 3241 3796 3280 a

2138 3311 2425 3367 Willelmo
2455 3311 2669 3368 comite
2696 3313 2848 3369 inter
2874 3329 2935 3368 se
2965 3313 3440 3386 paciﬁcarentur,
3503 3319 3560 3370 et
3583 3329 3794 3386 pacem

2134 3401 2331 3474 ipsam
2361 3406 2727 3474 pactumque
2754 3403 3110 3459 conditionis
3141 3419 3321 3477 super
3345 3419 3564 3476 corpus
3605 3403 3793 3459 sancti

2135 3490 2409 3563 Eparchii
2439 3491 2633 3547 eidem
2659 3493 2947 3563 jurarent.
2979 3493 3149 3559 Quod
3177 3493 3328 3550 inter
3354 3510 3417 3549 se
3455 3493 3683 3549 mentiti
3736 3497 3794 3549 et

2133 3579 2396 3652 perjurio
2425 3579 2531 3646 rei,
2559 3580 2706 3636 alter
2735 3587 3050 3637 excecatus
3083 3586 3191 3650 est,
3238 3581 3338 3638 alii
3385 3581 3507 3637 duo
3563 3581 3791 3637 honore

2133 3667 2299 3724 omni
2328 3669 2540 3741 privati
2594 3673 2749 3726 sunt.
2809 3673 2957 3726 Nam
3003 3670 3324 3727 Willelmus
3370 3675 3428 3726 et
3480 3670 3790 3728 Odolricus

2132 3756 2273 3813 dolo
2305 3758 2383 3813 ad
2413 3774 2474 3814 se
2500 3763 2812 3815 evocatum
2841 3759 3166 3815 Alduinum
3205 3759 3402 3832 prima
3448 3759 3792 3816 ebdomada

2131 3847 2372 3919 paschae
2394 3847 2454 3903 in
2481 3848 2814 3915 traditione,
2845 3854 3170 3922 postquam
3194 3865 3333 3905 cum
3375 3849 3458 3905 eis
3517 3865 3789 3907 emanave-

2130 3939 2219 3991 rat
2246 3935 2387 3992 etin
2417 3952 2626 3992 eorum
2669 3937 2927 4009 hospitio
2983 3938 3327 4007 dormierat,
3382 3943 3713 4011 antequam
3752 3954 3789 3995 a

2129 4023 2279 4080 lecto
2311 4029 2596 4096 surgeret,
2628 4026 2891 4098 capiunt,
2921 4031 2978 4083 et
3011 4027 3282 4098 linguam
3336 4027 3389 4084 ei
3447 4032 3784 4101 amputant,

2130 4118 2187 4170 et
2215 4115 2454 4171 occulos
2486 4115 2795 4182 etfodiunt,
2828 4120 2884 4172 et
2908 4116 2989 4172 ita
3041 4117 3351 4174 Roﬁacum
3404 4122 3779 4191 recuperant.

362 4296 418 4351 l“
451 4300 675 4351 Interea
703 4327 770 4334 —
803 4291 1113 4349 devoravit
1139 4291 1248 4347 hoc
1275 4292 1399 4346 loco
1423 4290 1635 4346 desunt
1663 4295 1739 4356 2.;
1773 4290 1852 4358 cf.
1887 4306 1936 4345 c.
1963 4293 2143 4354 69-70,
2173 4309 2234 4347 η.
2263 4293 2340 4358 4⁵,
2369 4292 2443 4348 6".
2477 4292 2531 4348 2·
2564 4292 2816 4348 seculari
2845 4293 2986 4350 add.
3022 4299 3076 4350 2.
3111 4295 3164 4351 3'
3196 4299 3253 4351 et
3280 4294 3533 4358 insipide
3559 4295 3699 4351 add.
3724 4300 3782 4351 2.

426 4369 484 4422 4²
511 4370 669 4422 resta
699 4365 851 4438 fecit,
891 4381 1010 4438 que
1027 4363 1346 4436 placebant
1375 4361 1435 4416 in
1461 4360 1648 4438 oculis
1670 4359 1934 4438 Domini.
1965 4361 2202 4438 _Ejeetus
2229 4378 2366 4418 vero
2398 4366 2620 4438 P_etrus,
2655 4364 2734 4419 ad
2768 4366 3054 4422 Sanctum
3079 4366 3372 4438 Angelum
3397 4359 3785 4422 Lemovicino

427 4437 792 4493 monasterio
821 4431 1047 4508 mansit
1067 4449 1390 4508 pcreu_s_sus
1442 4431 1684 4508 paralisi
1731 4431 2083 4508 longissima
2145 4450 2332 4508 usque
2369 4434 2446 4489 ad
2498 4439 2773 4508 mortem.
2832 4438 2972 4493 add.
3000 4442 3052 4493 2.
3115 4431 3525 4508 5”’31ὶοθῐθηυς
3554 4439 3695 4493 add.
3728 4441 3783 4492 2.

427 4511 481 4566 6"
540 4503 1098 4580 Petragoricensi“5'1
1177 4505 1315 4580 add,
1371 4503 1536 4580 2_.'__7'
1594 4503 2054 4580 sancte__Crucis
2107 4503 2546 4580 Aurelianensis
2617 4511 2668 4562 2.
2722 4509 2777 4562 8'
2837 4508 3194 4580 peribebant
3255 4507 3663 4580 heretici‘ipsi
3723 4514 3779 4580 2.

425 4581 481 4638 9‘
513 4579 609 4636 llis
627 4573 841 4634 diebus
874 4578 1124 4650 quidam
1145 4582 1203 4632 et
1227 4573 1596 4650 principibus
1628 4573 2151 4650 Engolismensum
2183 4576 2702 4650 Gardradus,cum
2723 4573 3055 4650 non-filium
3085 4579 3349 4650 haberet,
3374 4573 3692 4650 aedificavit
3717 4579 3784 4634 in

429 4650 825 4709 Sanctonicho
854 4645 1013 4722 pago
1039 4665 1075 4704 a
1103 4645 1262 4722 novo
1293 4648 1352 4702 in
1371 4646 1597 4702 honore
1625 4645 1813 4722 sancti
1832 4647 2113 4722 stephani
2139 4648 2593 4722 protomartyris
2619 4649 2963 4722 cqenobium
2992 4649 3342 4722 Baciacense
3369 4649 3536 4719 (161),
3559 4647 3664 4722 ubi
3684 4665 3782 4705 re-

421 4723 657 4793 gulares
689 4715 1020 4793 monachos
1046 4719 1405 4793 adgregans,
1431 4715 1836 4793 venerabilem
1861 4715 2193 4793 Aihardufn
2221 4715 2505 4793 abbatem
2527 4720 2796 4793 praefecit
2820 4723 2911 4793 ιε’.
2972 4719 3273 4793 Dedicavit
3319 4715 3525 4793 ipsum
3573 4718 3781 4793 locum

423 4787 810 4854 Crimoardus
843 4787 1272 4864 Egolismensis
1299 4789 1421 4864 (qn.
1446 4790 1590 4864 ,1014
1612 4788 1682 4859 Τ),
1701 4791 1756 4843 et
1778 4787 2102 4864 frater‘ejus
2125 4789 2237 4845 lslo
2261 4787 2736 4864 Sanctonieensis
2759 4792 3098 4864 episcopus.
3126 4792 3315 4856 Quem
3336 4787 3783 4864 Io_cum__Garda-

422 4866 547 4936 dre,
579 4865 736 4921 facto
767 4859 1146 4936 testamento,
1175 4859 1495 4936 attitulavit
1515 4862 1796 4936 Romanae
1825 4859 2087 4917 basilicae
2109 4861 2296 4917 sancti
2327 4861 2592 4936 Petri,_ut
2621 4859 2918 4936 omnibus,
2960 4859 3198 4934 semper
3259 4861 3433 4936 annis
3483 4861 3780 4919 tributum

420 4930 1054 5064 quinqueEsolidorum
1077 4930 1308 5004 argenti
1336 4930 1676 4988 exsolvatur
1700 4947 1881 5004 super
1911 4947 2130 5006 corpus
2157 4933 2346 4990 sancti
2369 4930 2540 4989 Petri.
2573 4935 2714 4991 add.
2749 4938 2802 4990 2.
2841 4934 2925 4990 10·
2949 4930 3294 4990 sanctarum
3325 4932 3658 5003 caligarum
3716 4938 3774 4990 2.

480 5051 492 5064 .
517 5024 648 5064 em).
745 5026 844 5064 na.

517 5024 648 5078 app.
685 5010 844 5080 Eng.

1719 5175 1948 5231 νΑΒυΕ
1997 5176 2396 5232 LECTIONES.

420 5303 494 5338 ¹⁷⁹
523 5300 643 5358 vivi
677 5305 725 5357 1.
784 5299 858 5335 ¹⁸⁰
919 5298 1335 5356 roncomensis
1370 5303 1418 5355 1.
1481 5299 1547 5334 ¹⁸¹
1608 5299 2105 5371 petragoricumsi
2134 5316 2185 5356 c.
2247 5300 2316 5334 ¹⁶²
2344 5297 2588 5370 perfecit
2616 5314 2665 5354 c.

1943 5479 2164 5534 NOTAE.

413 5589 560 5662 (157)
601 5587 683 5662 Cf.
718 5584 933 5662 Glaber
957 5585 1219 5662 Rod:_lll.
1252 5590 1285 5641 8

412 5654 559 5728 (158)
603 5658 684 5718 Cf.
720 5661 892 5716 Gesta
912 5656 1128 5730 synodi
1147 5654 1342 5712 Aurel.
1378 5657 1729 5728 Bouquetx,
1764 5671 1824 5728 p.
1868 5660 1990 5713 537.

2181 5583 2320 5653 (159)
2363 5582 2444 5638 Cf.
2479 5598 2529 5639 c.
2563 5587 2652 5656 20,
2689 5599 2795 5639 n...
