4048 6178
200 151 263 201 π,
1212 144 1722 204 HISTORIARUM
1765 138 1947 200 metu
1987 145 2182 203 TRES.
2229 180 2296 188 —
2350 152 2476 208 LIB.
2507 157 2595 209 ιιι.

198 271 513 338 Regressus
551 269 748 342 itaque
777 272 961 325 Roma
991 267 1306 324 Willelmus
1339 283 1594 340 comes,
1629 273 1869 361 tantam
1907 269 1954 321 Α
1982 273 2120 324 cuto
2158 270 2474 330 defunctus
2535 281 2622 334 est
2669 279 3018 338 Benedictus
3047 299 3208 357 papa
3264 286 3386 358 (an.
3453 290 3611 361 102i)

196 356 557 430 impietatem
586 357 877 414 vindicare
908 357 1175 415 decrevit.
1211 359 1275 410 Et
1301 356 1511 413 accito
1547 359 1709 415 duce
1739 356 1872 412 Wil-

199 446 393 514 lelmo,
417 447 797 503 Martiliacum
823 447 1072 517 obsedit,
1103 445 1395 502 desolavit
1427 446 1588 516 igne
1622 447 1872 505 combu-

199 539 428 599 rens,et
457 535 837 592 traditoribus
857 537 1037 594 vitam
1081 542 1136 592 et
1190 534 1478 591 membra
1541 535 1868 604 concessit,

200 625 298 682 sed
327 643 429 682 eos
459 626 624 682 omni
648 627 872 683 honore
903 626 1167 700 privavit,
1199 629 1254 680 et
1280 623 1566 682 Alduino
1605 626 1870 684 czecitate

200 717 447 773 multato
481 716 786 772 Roﬁacum
819 716 1124 773 concessit.
1155 719 1220 771 Et
1260 719 1404 787 post
1454 716 1704 790 aliquot
1762 732 1868 772 an-

197 822 324 871 nos,
349 805 600 876 jubente
629 805 841 862 eodem
883 805 1110 875 comite,
1169 803 1469 860 Alduinus
1523 805 1688 861 ﬁlius
1741 806 1870 876 ejus

196 894 576 952 Martiliacum
606 894 989 965 reediﬁcavit,
1016 901 1072 952 et
1099 894 1174 952 ad
1203 910 1380 949 suum
1410 909 1584 967 opos
1607 895 1864 951 retinuit.

197 984 359 1041 idem
385 1000 632 1058 quoque
663 984 974 1050 Alduinus,
1011 984 1250 1055 jubente
1300 988 1506 1056 patre,
1565 984 1869 1042 Montinia-

195 1092 331 1130 cum
364 1080 626 1130 castrum
660 1091 695 1129 a
729 1089 890 1130 novo
914 1075 1182 1130 extruxit.
1659 1101 1662 1104 -

262 1170 351 1220 b1.
383 1166 514 1230 Quo
535 1169 807 1237 tempore
841 1163 962 1233 (an.
997 1165 1150 1236 1025)
1175 1163 1294 1218 duo
1340 1162 1646 1218 monachi
1680 1164 1867 1220 sancti

193 1254 478 1312 Marcialis
505 1271 576 1310 ex
593 1253 990 1326 primoribus,
1009 1253 1181 1309 valde
1209 1252 1504 1322 religione
1533 1254 1866 1326 conspicui,

196 1345 506 1401 sanctitate
532 1343 834 1417 prmclari,
867 1343 1156 1416 sapientia
1183 1342 1385 1413 fulgidi
1425 1344 1502 1411 1‘,
1529 1344 1634 1417 qui
1668 1361 1728 1400 se
1784 1345 1870 1400 in-

187 1435 382 1491 vicem
404 1451 527 1507 pl‘EB
559 1433 852 1489 omnibus
874 1433 1219 1504 diligebanl,
1253 1436 1306 1488 et
1334 1448 1520 1489 omne
1571 1439 1873 1491 monaste-

188 1525 344 1581 rium
394 1524 534 1580 duze
584 1523 933 1596 columpnae
981 1522 1370 1590 sustinebant,
1419 1527 1476 1579 et
1534 1523 1695 1579 velut
1744 1524 1868 1580 duo

3565 171 3634 223 7-}

1983 358 2078 412 cui
2109 360 2710 421 succeditJohannes.
2745 366 2966 425 Clausit
3021 334 3180 429 diem
3228 334 3473 431 Basilius

1978 452 2222 518 perator
2270 453 2591 510 Grecorum
2623 455 2746 526 (an.
2809 459 2984 529 1025),
3037 459 3352 535 imperavit
3398 481 3508 537 pro
3564 483 3637 523 eo

1982 537 2403 595 Constantinus
2447 541 2625 598 frater
2675 543 2824 614 ejus.
2875 548 3132 604 Excessit
3178 551 3484 608 hominem
3538 558 3640 609 Ar-

1978 622 2184 681 bertus
2205 627 2523 702 episcopus
2553 631 2831 700 Coloniae,
2856 633 3160 692 miraculis
3189 645 3324 712 post
3379 647 3637 698 mortem

1979 712 2341 773 clarescens.
2373 719 2651 776 Eenricus
2700 737 2943 794 quoque
3002 723 3321 797 imperator
3365 735 3638 787 mortuus

1980 807 2069 858 est
2092 803 2218 859 sine
2266 804 2399 862 ﬁliis
2416 808 2538 878 (an.
2563 810 2742 881 1024),
2761 814 2817 866 et
2837 827 3008 868 sacra
3023 813 3354 886 imperialia
3375 819 3639 875 moriens

1980 889 2218 963 reliquit
2243 895 2691 965 consanguineo
2719 899 2775 952 δ’
2801 915 2909 954 suo
2929 899 3155 970 juniori
3185 904 3478 960 Conrado.
3529 907 3641 972 Qui

1980 979 2163 1051 paulo
2192 986 2329 1053 post
2357 983 2433 1039 ad
2465 989 2729 1042 extrema
2761 988 3106 1060 perductus,
3164 992 3390 1048 Cononi
3446 994 3640 1050 fortis-

1981 1069 2134 1125 simo
2165 1075 2223 1126 et
2253 1071 2722 1143 prudentissimo
2744 1077 2998 1150 principi
3029 1084 3330 1153 sceptrum
3369 1087 3426 1137 et
3471 1100 3642 1139 coro-

1980 1173 2123 1214 nam
2147 1164 2204 1216 et
2228 1160 2503 1219 lanceam
2528 1181 2762 1222 sacram
2805 1169 3268 1239 commendavit,
3323 1187 3395 1228 eo
3441 1176 3644 1230 tenore

1979 1252 2045 1303 ut
2076 1248 2125 1304 si
2147 1249 2371 1306 viveret
2395 1251 2522 1308 haec
2565 1254 2858 1325 redderet,
2901 1256 2952 1312 si
3009 1263 3342 1316 moreretur
3396 1262 3646 1320 haberet

1979 1335 2106 1408 ipse
2159 1336 2500 1410 imperium.
2562 1343 2734 1408 Quod
2788 1344 2889 1399 Dei
2943 1345 3250 1403 voluntate
3298 1354 3501 1406 actum
3530 1355 3638 1407 est.

1981 1427 2174 1482 Evasit
2204 1427 2365 1483 enim
2395 1428 2769 1500 languorem,
2803 1433 2910 1488 sed
2935 1433 3206 1506 privatus
3246 1443 3338 1493 est
3366 1439 3638 1511 imperio.

1978 1519 2124 1572 Nam
2154 1520 2384 1585 Conon,
2419 1520 2706 1577 suadente
2735 1539 2895 1595 papa
2923 1526 3194 1579 Romano
3226 1528 3282 1581 6"
3335 1532 3391 1583 et
3449 1528 3642 1584 omni-

190 1614 558 1670 candelabra
587 1612 986 1681 irradiabant,
1018 1617 1076 1668 et
1125 1613 1296 1685 juxta
1353 1629 1413 1668 se
1457 1612 1539 1668 ad
1593 1630 1867 1670 mensam
1907 1624 1948 1677 Β
1976 1605 2092 1661 bus
2119 1607 2418 1681 episcopis
2457 1615 2514 1666 et
2560 1611 2911 1684 proceribus
2966 1613 3154 1683 regni,
3213 1616 3357 1687 quia
3399 1617 3639 1688 justitize

191 1703 502 1769 sedebant,
530 1700 852 1772 Rotgerius
885 1697 1090 1756 cantor
1115 1705 1172 1756 et
1193 1699 1542 1756 Aldebertus
1565 1703 1862 1758 armarius

189 1796 265 1857 2',
295 1793 356 1847 in
382 1792 480 1848 die
508 1795 726 1847 sancto
749 1790 992 1846 Pascha;
1020 1790 1205 1846 ambo
1231 1805 1339 1861 per
1361 1789 1560 1845 visum
1591 1791 1866 1848 viderunt

193 1898 251 1936 se
272 1880 478 1937 vocari
508 1897 546 1936 a
567 1879 828 1948 Christo,
857 1883 915 1934 et
942 1878 1072 1952 ipsa
1101 1877 1446 1934 ebdomada
1484 1878 1865 1937 laudabiliter

191 1972 374 2026 ﬁnem
403 1970 540 2026 vitae
568 1973 937 2042 acceperunt
958 1970 1033 2024 3".
1061 1967 1299 2024 Tercius
1320 1967 1656 2023 monachus
1688 1986 1860 2026 sanc-

193 2062 351 2117 titate
371 2059 714 2134 probabilis
745 2059 822 2129 4',
855 2061 913 2114 et
931 2075 1073 2114 mox
1098 2056 1296 2114 abbas
1349 2059 1494 2128 Ugo,
1549 2057 1861 2117 dilectione

194 2150 292 2207 Dei
321 2149 712 2215 fortissimus,
743 2163 845 2203 eos
877 2146 955 2202 ad
984 2146 1249 2202 coelestia
1281 2145 1582 2202 subsecuti
1612 2153 1772 2216 sunt,
1810 2153 1866 2206 ct

189 2240 460 2297 succedit
501 2238 815 2296 Odolricus
858 2236 1051 2294 abbas
1097 2235 1627 2310 prudentissimus,
1680 2255 1862 2312 quem

190 2329 567 2387 consecravit
592 2328 892 2383 Jordanus
923 2327 1266 2399 episcopus.

259 2424 350 2475 62.
380 2417 617 2485 Quibus
645 2416 858 2472 diebus
891 2416 1010 2487 (an.
1071 2416 1254 2487 1023),
1315 2429 1523 2471 mense
1577 2418 1862 2475 Januario

184 2510 353 2580 (160),
386 2506 548 2563 circa
574 2507 791 2562 horam
819 2508 1051 2560 sextam
1073 2502 1318 2576 eclipsis
1341 2503 1480 2560 solis
1509 2505 1727 2562 accidit
1753 2523 1862 2580 per

187 2613 379 2652 unam
405 2597 625 2652 horam
657 2614 671 2662 ;
698 2594 842 2650 luna
871 2609 1117 2667 quoque
1167 2593 1537 2664 frequentius
1587 2594 1860 2654 laborem

188 2704 377 2761 passa
408 2691 519 2756 est,
550 2701 710 2742 nunc
766 2684 1121 2756 sanguinea,
1167 2699 1333 2739 nunc
1381 2685 1638 2755 cerulea,
1697 2702 1858 2745 nunc

189 2776 482 2832 deﬁciens
512 2793 526 2844 ;
557 2775 690 2831 dua:
716 2790 958 2848 quoque
989 2773 1175 2830 stellae
1206 2773 1348 2829 visae
1379 2780 1516 2831 sunt
1535 2775 1596 2830 in
1628 2781 1857 2847 austro,

192 2865 248 2921 in
280 2865 462 2937 signo
483 2864 692 2932 leonis,
710 2863 860 2919 inter
886 2879 950 2919 se
975 2877 1253 2936 pugnare
1280 2877 1388 2936 per
1413 2868 1603 2920 totum
1626 2868 1862 2922 autum-

1974 1695 2195 1752 libram
2242 1700 2744 1770 premonstrabat,
2776 1700 3096 1774 imperium
3129 1706 3478 1779 assumpsit.
3537 1709 3637 1762 Ju-

1973 1786 2106 1842 nior
2162 1787 2220 1842 7'
2269 1803 2430 1854 vero,
2492 1789 2597 1862 qui
2638 1791 2691 1844 ei
2721 1790 3106 1847 occasionem
3143 1792 3481 1866 imperandi
3510 1811 3641 1868 pre-

1971 1874 2204 1944 buerat,
2240 1876 2395 1933 civili
2443 1877 2693 1934 discidio
2760 1884 2970 1937 contra
3010 1897 3149 1936 eum
3207 1898 3384 1952 agere
3438 1884 3636 1956 coepit,

1973 1965 2079 2022 sed
2113 1970 2320 2022 Conon
2343 1968 2398 2023 8'
2428 1968 2699 2040 superior
2729 1970 2932 2026 extitit.
2959 1974 3090 2026 Haec
3134 1971 3496 2029 videbantur
3551 1973 3638 2028 in-

1971 2055 2127 2112 dicio
2188 2055 2496 2112 stellarum
2568 2057 2816 2128 majoris
2875 2063 2930 2115 et
2977 2059 3229 2116 minoris
3289 2061 3635 2132 significari.

1975 2145 2355 2219 Langobardi
2403 2162 2546 2202 vero
2625 2147 2744 2203 ﬁne
2788 2148 3165 2222 imperatoris
3219 2151 3432 2220 gavisi,
3501 2150 3636 2205 des-

1971 2239 2178 2291 truunt
2206 2234 2497 2307 palatium
2530 2236 2860 2308 imperiale,
2910 2237 3079 2310 quod
3117 2245 3246 2297 erat
3295 2238 3513 2310 Papire.
3573 2241 3639 2294 Et

1967 2325 2185 2396 jugum
2215 2324 2668 2397 imperatorium
2701 2342 2736 2382 a
2767 2343 2830 2383 se
2859 2332 3136 2385 excutere
3185 2328 3473 2399 volentes,
3533 2344 3635 2384 ve-

1969 2418 2189 2470 nerunt
2213 2413 2384 2469 multi
2415 2413 2739 2471 nobiliores
2797 2431 3007 2472 eorum
3064 2418 3374 2474 Pictavam
3421 2415 3636 2473 urbem

1970 2503 2049 2559 ad
2081 2502 2438 2558 Willelmum
2464 2502 2682 2559 ducem
2711 2505 3176 2578 Aquitanorum,
3204 2510 3261 2562 et
3284 2520 3424 2562 eum
3455 2520 3639 2579 super

1970 2609 2032 2650 se
2061 2608 2263 2664 regem
2323 2592 2678 2648 constituere
2736 2593 3085 2666 cupiebant.
3148 2595 3264 2663 Qui
3315 2595 3640 2667 prudenter

1969 2699 2212 2752 cavens,
2243 2699 2380 2738 cum
2408 2681 2697 2739 Willelmo
2749 2683 2964 2740 comite
3021 2686 3346 2759 Egolismae
3406 2687 3638 2755 Lango-

1967 2773 2299 2829 bardorum
2326 2770 2477 2827 ﬁnes
2507 2771 2839 2845 penetravit
2876 2772 3046 2844 (-161),
3083 2781 3140 2832 et
3191 2774 3297 2830 diu
3351 2773 3639 2846 placitum

1968 2865 2178 2919 tenens
2215 2876 2353 2916 cum
2408 2859 2664 2917 ducibus
2715 2860 2910 2929 Italiae,
2951 2877 3069 2920 nec
3117 2865 3182 2922 in
3231 2862 3314 2919 eis
3359 2862 3540 2920 ﬁdem
3590 2867 3640 2902 ⁸³

191 2969 366 3024 num,
400 2953 601 3024 major
629 2956 684 3008 et
713 2951 924 3008 clarior
953 2951 1032 3008 ab
1062 2950 1312 3019 oriente,
1345 2952 1543 3008 minor
1587 2952 1666 3009 ab
1705 2953 1857 3011 occi-
1903 2979 1943 3034 ο
1971 2951 2292 3025 reperiens,
2326 2950 2571 3006 laudem
2596 2956 2652 3007 et
2679 2951 2971 3007 honorem
3026 2970 3248 3012 eorum
3290 2970 3399 3027 pro
3454 2954 3640 3016 nihilo

190 3043 395 3099 dente.
422 3042 708 3099 Currebat
745 3041 941 3098 minor
991 3041 1169 3114 quasi
1223 3040 1493 3098 irascens
1544 3046 1602 3098 et
1647 3041 1860 3101 timens

191 3149 390 3206 usque
421 3131 506 3187 ad
537 3133 844 3202 majorem,
876 3147 1011 3204 quae
1033 3130 1113 3188 ad
1165 3146 1230 3187 se
1273 3147 1397 3187 non
1429 3131 1666 3188 sinebat
1721 3149 1859 3191 eam

188 3221 564 3295 proximare,
596 3220 701 3276 sed
736 3220 892 3277 crine
958 3219 1272 3276 radiorum
1322 3219 1563 3292 longius
1613 3238 1860 3295 percus-

192 3328 326 3368 sam
342 3309 674 3384 repellebat
691 3310 1059 3367 occidentem
1082 3326 1320 3367 versus.
1344 3313 1635 3384 Tempore
1658 3313 1864 3370 subse—

203 3491 254 3545 1‘
298 3487 652 3544 sacerdocio
684 3487 985 3546 sublimati
1035 3489 1176 3546 add.
1211 3493 1265 3545 2.
1323 3489 1383 3545 2‘

1441 3492 1650 3545 cantor
1692 3489 1888 3548 inclite

1971 3041 2159 3097 duxit.
2227 3044 2291 3096 ln
2317 3039 2668 3096 revertendo
2715 3055 2860 3096 sane
2906 3044 3242 3101 nunciatur
3276 3046 3346 3080 ¹⁸⁴
3403 3045 3476 3117 ei,
3526 3049 3641 3106 Wi-

1970 3129 2194 3186 donem
2280 3128 2691 3185 vicecomitem
2767 3127 2998 3184 obisse.
3101 3137 3168 3190 Et
3241 3133 3639 3198 intercedente

1973 3221 2258 3277 Willelmo
2289 3218 2502 3276 comite
2535 3217 2950 3288 Egolismensi,
2980 3223 3252 3292 praefecit
3309 3229 3637 3288 Lemovicae

1973 3311 2381 3368 vicecomitem
2402 3306 2838 3365 Ademarumin
2859 3306 2992 3364 loco
3023 3311 3290 3371 defuncti
3309 3318 3496 3390 patris
3517 3323 3631 3379 sui.

1968 3487 2587 3580 esersiitatieﬁreter
2615 3485 2842 3580 (lasani.
2883 3485 3130 3580 εὲρτὶοξὲ
3157 3491 3482 3580 Aeaea“,
3525 3515 3632 3556 ar-

273 3561 512 3639 mat-ius
541 3563 681 3639 253'
714 3559 962 3639 correpti
978 3559 1262 3639 _bre_vi_“'5
1292 3564 1352 3616 et
1382 3560 1505 3639 acri
1534 3560 1779 3639 langore
1823 3558 1964 3620 add.
2017 3566 2067 3639 2_.
2101 3566 2176 3639 β’
2208 3558 2566 3639 _Fulcherius
2619 3558 2761 3639 add.
3019 3561 3258 3639 reliquit
3312 3558 3479 3624 fratri
3522 3588 3633 3628 suo

275 3631 804 3715 _Brunoﬂepiscopo
859 3629 1022 3715 urbis
1078 3631 1332 3715 sturc,
1391 3635 1468 3712 et.
1509 3629 1976 3715 archiepiscopo.
2018 3633 2296 3715 Coloniae,
2329 3645 2567 3715 necnon
2596 3635 2653 3715 et
2681 3629 3636 3715 archiepiscopo"Mangontize,ut

272 3702 1055 3794 ἱρῆίηριξεξπρῃις,..ἷοῇδηιεέε
1089 3705 1157 3738 186
1192 3707 1330 3776 post
1342 3718 1424 3794 Lse
1453 3702 1902 3794 imperat‘o'iem:
1939 3704 2047 3770 Qui
2078 3702 2364 3794 episcopi,
2411 3702 2675 3794 a‘drunato
2720 3714 2930 3772 regno,
2983 3702 3332 3794 indixerunt
3374 3702 3632 3794 _letanias

277 3773 340 3830 et
358 3777 466 3857 1⁸⁷.
504 3773 732 3857 jejunia
756 3773 1178 3857 adpominum
1192 3773 1315 3847 pro
1342 3773 1458 3855 hac
1489 3773 1695 3854 causa.
1723 3780 1894 3857 Iuno
1912 3773 2455 3857 populi—_elegerunt
2472 3775 2783 3857 Cononem
2808 3777 3108 3857 ‘pnepotem
3163 3778 3386 3857 Eenrici
3411 3783 3632 3857 Nimpee

278 3843 520 3924 ratoris:
533 3843 810 3924 defuncti.
829 3845 1116 3924 _Episcopi
1144 3843 1290 3902 vero
1319 3844 1543 3924 sanipri
1573 3848 1818 3924 consilio
1845 3843 2433 3924 elegeruntalt'erum
2467 3843 2898 3924 Conpnemn'afi,

933 3861 1116 3919 1sc0p1
1144 3862 1290 3902 vero
1319 3861 1543 3901 saniori
1573 3861 1818 3904 (301181110
1845 3861 2151 3917 elegerunt
2179 3861 2433 3903 alterum
2467 3861 2773 3901 uononem
2797 3861 2898 3923 ἠέ»,

889 3861 1026 3990 ibat,
1056 3932 1271 3990 proreo
1303 3914 1474 3990 quod
1502 3922 1659 3990 esset
1686 3919 1852 3976 fortis
1881 3919 2086 3990 animo
2116 3923 2173 3974 et
2199 3916 2561 3990 rectissimus
2589 3914 2651 3969 in
2676 3911 2925 3990 judimo.

281 3917 350 3972 in
381 3917 729 3989 conjugium
749 3915 902 3989 habe

3005 3844 3063 3899 ui
3113 3853 3354 3920 neptem
3408 3844 3634 3911 Eeni'ici

3013 3931 3151 3973 uem
3206 3920 3636 3982 ordinaverunt

289 3983 749 4065 consecraiipnis
770 3986 898 4043 oleo
926 3987 986 4043 in
1007 3983 1190 4065 regali
1220 3983 1422 4065 gradu
1447 3988 1612 4065 apud
1662 3991 1736 4065 _‘39
1768 3989 2138 4061 Mogonciam
2157 3989 2486 4065 civitatem,
2537 3990 2594 4041 et
2621 3983 2995 4065 tradiderunt
3018 3986 3070 4042 ei
3098 3994 3366 4065 septrum
3425 3999 3482 4049 et
3533 4012 3633 4051 co-
3707 4014 3712 4019 ε

288 4074 514 4141 ronam_
540 4056 1096 4141 et_lancea.m.sancti
1121 4056 1416 4141 illauricii.
1437 4056 1811 4140 adveniente
1836 4056 1978 4141 v'ero
2008 4061 2237 4141 pascha
2261 4063 2515 4116 Romam
2544 4072 2684 4141 cum
2735 4056 3073 4141 innumero.
3108 4056 3371 4141 eriercitu
3426 4065 3633 4141 tendit,

300 4140 360 4192 et
411 4132 553 4206 quia
582 4130 830 4206 Romani
859 4129 1369 4206 cives_n_oluerunt
1398 4127 1452 4206 ei
1482 4131 1730 4204 aperire,
1763 4149 1873 4188 nec
1895 4127 2789 4206 _ad_Effectumperveniendum
2841 4127 2967 4184 sine
3014 4128 3272 4206 plurimo
3306 4127 3637 4206 hominum

288 4197 589 4275 sanguine
613 4202 746 4258 fuso
769 4205 912 4258 erat,
940 4201 1124 4277 noluit
1153 4197 1726 4277 Cononimperator
1748 4203 2092 4277 paschalem
2120 4197 2496 4277 festivitatem
2527 4213 2736 4277 cruore
2761 4197 3032 4277 humano
3058 4203 3354 4277 perfundi,
3415 4212 3472 4264 et
3523 4209 3638 4266 hac

285 4281 364 4337 de
393 4269 458 4333 re
486 4279 761 4331 Ravenne
809 4288 934 4354 sese
962 4272 1273 4354 continuit.
1303 4269 1389 4326 lbi
1414 4271 1558 4344 (162)
1588 4269 1917 4401 domnusp

289 4348 520 4401 Pascha
551 4348 671 4401 (an.
708 4345 863 4401 1027)
891 4360 950 4400 in
977 4360 1230 4401 imperio
1261 4345 1677 4401 Romanorum
1707 4362 1872 4401 mam

289 4348 520 4428 Pasche
551 4348 671 4428 (an.
708 4345 863 4428 1.027)
891 4343 950 4400 in
977 4344 1230 4428 imperio
1261 4343 1677 4428 Romanorum
1707 4345 1872 4428 mani

1922 4290 2040 4348 apa
2065 4273 2256 4348 attulit
2287 4272 2340 4328 ei
2369 4285 2655 4348 coronam
2684 4269 2938 4341 imperii,
2981 4275 3039 4328 et
3058 4269 3247 4348 ‘eum‘
3281 4269 3375 4332 die
3431 4285 3639 4336 sancto

1918 4341 1988 4401 us
2020 4346 2142 4419 suis
2172 4343 2496 4419 coronavit.
2531 4341 2658 4397 Alio
2710 4355 2852 4396 vero
2902 4357 3075 4419 anno
3117 4345 3179 4419 in
3234 4345 3366 4419 ipso
3420 4357 3640 4406 sanctae

288 4413 566 4497 Paschae'
591 4417 687 4473 die
713 4413 1294 4497 Aquisgrani'ﬁlium
1316 4428 1497 4469 suum
1526 4414 1790 4497 dpmnus
1819 4419 2022 4497 Conon
2058 4418 2164 4497 "°_
2197 4416 2521 4497 imperator
2549 4427 2901 4497 consecrare
2919 4413 3105 4497 jussit
3116 4415 3183 4497 _in
3207 4413 3431 4497 regem.
3489 4424 3646 4497 Erat-

289 4510 420 4569 que
442 4489 608 4548 idem
636 4483 1009 4569 consecratus
1031 4504 1133 4569 rex
1159 4489 1336 4569 aetate
1365 4486 1757 4569 pauculusf"
1802 4531 1816 4556 ,
1849 4487 2094 4569 nomine
2125 4483 2406 4569 Eenricus
2431 4485 2560 4569 (αξ.
2597 4483 2784 4569 έρξὸ).
2821 4483 2931 4540 1Ιή
2957 4483 3354 4569 interfuerunt
3361 4568 3364 4569 ν
3393 4496 3515 4569 tam
3563 4492 3644 4569 de

291 4555 466 4624 lialia
496 4576 687 4635 quam
716 4558 1001 4635 de‘Callia
1029 4555 1417 4635 77_ep_isc_opi_.
1452 4557 1626 4635 Etita
1644 4555 1908 4635 domnus
1935 4561 2162 4635 Conon,
2192 4555 2480 4635 suadente
2505 4561 2558 4635 2.
2592 4560 2643 4635 0:
2675 4555 2959 4635 .Johanne
3011 4559 3152 4635 add_.
3194 4564 3297 4635 _2._
3335 4566 3388 4615 7'

3442 4562 3648 4618 Junior

295 4626 744 4694 autem-Conon
775 4631 844 4666 ¹⁹²
902 4630 1003 4703 qui
1022 4626 1251 4703 judicio
1279 4626 1593 4703 titubantis
1619 4631 1827 4703 populi
1855 4629 2075 4703 electus
2105 4631 2300 4703 fuerat
2316 4627 2553 4703 _civili_2.
2587 4628 2642 4683 8‘
2672 4626 2996 4703 imperator
3044 4631 3233 4687 valuit
3282 4630 3342 4688 in
3394 4635 3644 4702 tantum,

295 4714 362 4766 ut
385 4723 537 4764 eum
565 4704 772 4760 vivum
801 4697 1039 4775 caperet
1061 4706 1118 4758 et
1145 4702 1209 4758 in
1237 4697 1519 4756 custodia
1548 4697 1845 4773 quan-tum
1873 4700 1987 4756 sibi
2014 4701 2217 4758 visum
2244 4699 2355 4756 fuit
2382 4698 2676 4755 retineret.
2710 4697 2828 4755 Hec
2852 4699 3120 4771 profecto
3147 4704 3201 4758 2.

1610 4854 1840 4908 VARle
1879 4853 2278 4909 LECTIONES.

306 5017 384 5052 ηδ
427 5015 518 5070 ita
549 5016 582 5066 2
619 5011 804 5067 ﬁnem
833 5025 986 5066 corr.
1009 5007 1206 5081 ﬁdem
1240 5011 1290 5062 1.
1327 5004 1397 5041 “3"
1427 5004 1741 5062 nuncietur
1757 5011 1820 5081 Δ1Ῐ
1877 5006 1947 5040 "‘5
1976 5003 2166 5062 brevu
2196 5001 2371 5081 σεηίθθ
2420 5001 2775 5081 vocaeglum
2824 5004 2957 5071 jam
2990 5000 3156 5081 haud
3211 4999 3448 5081 tegigile
3486 5018 3656 5081 ι’...ηε

231 5090 516 5146 creantes
540 5083 568 5138 ‘I
635 5084 704 5118 ιδτ
758 5085 816 5138 et
834 5080 1022 5152 jejuni
1052 5080 1172 5152 legi
1199 5093 1322 5135 non
1345 5081 1596 5147 possunt
1621 5092 1671 5134 c.
1753 5078 1823 5113 ηε
1865 5090 2094 5134 conone
2123 5092 2172 5133 ο.
2240 5073 2309 5109 ¹⁸⁰
2356 5089 2436 5146 op
2461 5089 2512 5130 c.
2575 5074 2647 5108 ¹⁰⁰
2676 5088 2897 5129 conom
2926 5087 2976 5128 c.
3005 5073 3072 5107 ίθι
3107 5071 3446 5144 pauciuilus
3473 5090 3524 5132 c.
3587 5075 3658 5111 ‘93

233 5176 362 5234 quo
393 5171 524 5214 non
549 5169 601 5210 ι’.

1849 5300 2073 5356 NOTAE.

317 5459 472 5530 (160)
506 5456 608 5530 Die
637 5459 704 5511 23
752 5457 881 5511 Jan.
923 5454 1148 5511 Eodem
1195 5465 1402 5508 mense
1450 5449 1547 5507 die
1596 5457 1627 5507 9
1680 5450 1918 5524 eclipsis

317 5459 472 5586 (160)
506 5459 571 5540 pi

246 5533 407 5588 lunae
467 5533 574 5584 mt.

765 5699 1010 5753 PATROL.
1051 5693 1221 5752 CXLI.

2100 5449 2248 5520 (161)
2287 5446 2369 5504 Cf.
2407 5443 2661 5520 Fulberti
2686 5443 2952 5520 epistolae
2981 5447 3237 5502 118-126.

2101 5515 2143 5648 (t1
2156 5515 2247 5647 6(2)
2272 5515 2763 5590 Interpolatorem
2795 5515 2993 5590 plures
3024 5532 3252 5575 errores
3308 5517 3677 5574 commisisse

2028 5609 2108 5666 pa
2134 5609 2164 5648 e
2198 5635 2209 5647 .

3151 5692 3181 5743 3
