4054 6188
451 137 516 187 75
1620 126 1931 184 ADEMARI
1973 125 2028 181 s.
2072 121 2341 178 CIBARDI
2384 125 2693 183 MONACHI
3790 143 3859 195 76

518 258 606 310 63.
639 257 745 309 Per
772 254 900 309 lizec
930 256 1201 324 tempora
1246 251 1376 322 (an.
1433 253 1590 322 1022)
1637 254 1862 306 Arveus
1921 244 2086 319 (163),
2128 247 2173 298 Α
2203 244 2348 302 dore
2405 247 2610 306 festivo
2661 252 2904 309 obviam
2952 258 3235 311 exeuntes
3287 265 3649 331 exceperunt
3694 278 3853 318 eum.

447 344 753 399 sanctitate
829 342 1102 412 insignis,
1158 341 1563 397 tliesaurarius
1633 338 1819 395 sancti
1870 335 2094 394 Martini

443 431 689 488 Turonis
748 433 839 499 “’3,
871 430 1018 488 obiit
1044 431 1105 486 in
1136 429 1384 499 Christo,
1418 429 1683 503 sepultus
1708 428 1769 484 in
1801 428 1950 483 atrio
1993 426 2096 482 ba-

442 520 617 576 silicae
664 519 878 576 medite
937 520 1016 577 ad
1055 521 1240 594 pedes
1289 519 1574 576 cruciﬁxi.
1638 518 1743 574 ilic
1781 515 2028 573 Turonis
2058 531 2094 571 a

440 627 595 668 novo
636 611 964 667 construxit
1019 609 1346 667 oratorium
1394 609 1455 665 in
1498 610 1724 665 honore
1782 603 2091 676 genetricis

440 701 707 777 Dei,‘ubi
792 699 1335 757 sanctimonialium
1403 697 1927 769 congregationem
1975 694 2090 749 sub

434 791 654 861 regula:
682 790 1022 861 magisterio
1049 793 1168 845 Deo
1195 790 1413 845 servire
1434 787 1757 845 constituit.

505 884 592 935 6i.
624 884 784 935 Tunc
813 880 1094 952 temporis
1139 895 1342 934 comes
1395 875 1842 948 Andegavensis
1893 873 2087 939 Folco,

432 985 569 1024 cum
602 968 911 1024 manifeste
942 983 1222 1040 superare
1244 966 1517 1039 nequiret
1555 964 1869 1021 Arbertum
1910 966 2086 1019 Ceno-

428 1058 673 1117 mannis
713 1057 990 1114 comitem
1029 1061 1098 1125 1’,
1122 1056 1262 1112 dolo
1294 1055 1463 1112 acciit
1488 1071 1625 1111 cum
1656 1054 1717 1109 in
1739 1051 2082 1125 capitolium

432 1152 743 1206 Sanctonaa
773 1147 961 1217 urbis,
995 1147 1169 1219 quasi
1187 1146 1249 1201 in
1301 1144 1593 1201 beneficio
1631 1143 1845 1199 urbem
1887 1141 2082 1215 ipsam

430 1238 479 1294 ei
512 1237 880 1294 concederet.
916 1240 973 1292 Et
1003 1236 1310 1292 incautum
1340 1239 1395 1290 et
1415 1233 1562 1290 nihil
1589 1233 1731 1290 mali
1777 1233 2082 1305 suspican-

430 1333 567 1387 tem.
600 1326 898 1381 inclusum
930 1324 1207 1397 capitolio
1237 1323 1502 1379 nefanda
1524 1339 1661 1378 eum
1702 1321 1859 1394 cepit
1908 1321 2082 1377 tradi-

430 1416 606 1486 tione,
634 1415 844 1489 primte
881 1414 1239 1471 ebdomadm
1276 1412 1760 1487 quadragesimae
1815 1410 2080 1468 secundo

428 1506 541 1561 dic.
574 1508 727 1561 Uxor
754 1521 892 1560 vero
918 1504 1049 1575 ejus
1079 1520 1326 1559 uxorem
1355 1502 1583 1558 Arberti
1639 1501 1778 1556 dolo
1832 1504 2079 1572 tempta-

426 1596 736 1668 vitcapcre
762 1595 897 1667 ipso
928 1594 1043 1663 die,
1078 1598 1404 1666 antequam
1431 1592 1628 1648 virum
1679 1594 1925 1663 captum
1981 1605 2083 1646 au—

427 1685 577 1741 diret
604 1690 678 1754 2',
709 1684 812 1739 sed
840 1684 916 1740 ad
947 1699 1083 1739 eam
1135 1682 1389 1755 quidam
1429 1680 1775 1753 anticipavit
1827 1679 2080 1753 prodere

426 1775 742 1831 cautelam.
777 1773 911 1829 Ideo
940 1772 1109 1829 Folco
1150 1788 1399 1827 uxorem
1428 1770 1657 1826 Arberti
1684 1774 1738 1826 et
1783 1768 2081 1841 principes

428 1865 662 1928 timens,
692 1879 816 1919 non
854 1866 942 1917 est
971 1878 1155 1918 ausus
1182 1878 1321 1917 eum
1352 1860 1700 1929 interficere,
1761 1859 1867 1914 sed
1918 1857 2080 1914 bien-

424 1954 525 2009 nio
555 1958 924 2009 carceratum
956 1951 1403 2021 diligentissime
1432 1948 1767 2019 custodivit,
1791 1953 1848 2004 et
1875 1965 1911 2004 a
1958 1964 2081 2004 ma-

426 2043 604 2098 nibus
635 2044 762 2112 ejus
805 2041 1090 2096 Dominus
1127 2040 1508 2095 innocentem
1561 2039 1793 2110 eripuit.
1842 2040 1969 2102 Quo
2025 2039 2079 2094 3'

430 2137 693 2202 tempore
727 2130 845 2200 (an.
884 2130 1038 2199 1026)
1070 2127 1533 2199 gloriosissimus
1586 2127 1869 2182 Ricardus
1914 2130 2083 2182 Roto-

426 2219 729 2287 magcnsis
761 2236 961 2275 comes
996 2218 1158 2286 obiit,
1219 2217 1486 2290 sepultus
1539 2217 1704 2289 apud
1754 2220 2080 2272 Fescanum

428 2308 791 2375 cirnobium,
823 2308 882 2363 in
911 2307 1158 2363 basilica
1185 2311 1404 2362 sanctae
1433 2306 1744 2362 Trinitatis.
1772 2309 1838 2361 Et
1882 2322 2079 2361 succe~

427 2399 513 2455 dit
582 2415 692 2471 pro
745 2414 815 2453 eo
889 2396 1175 2452 lticardus
1227 2395 1386 2451 ﬁlius
1452 2395 1606 2467 ejus,
1664 2400 1721 2451 et
1790 2395 1917 2468 ipse
1960 2410 2081 2450 non

425 2488 608 2559 longo
654 2492 791 2561 post
850 2490 1115 2558 tempore
1165 2501 1399 2542 veneno
1457 2484 1752 2540 extinctus
1806 2489 1893 2541 est
1957 2484 2079 2555 (an.

432 2577 606 2648 1028)
705 2575 1086 2646 succeditque
1177 2589 1287 2646 pro
1370 2589 1441 2629 eo
1516 2572 1830 2629 Rotbertus
1906 2572 2086 2629 frater

428 2666 582 2737 ejus.

500 2760 587 2811 65.
619 2757 698 2810 Eo
726 2759 990 2826 tempore
1015 2752 1139 2824 (an.
1170 2751 1330 2822 1026)
1362 2750 1682 2807 Willelmus
1713 2751 2083 2821 Egolismen-

430 2843 510 2898 sis
540 2858 743 2898 comes
773 2857 880 2913 per
905 2839 1242 2910 Bajoariam
1270 2838 1379 2894 iter
1403 2838 1521 2909 egit
1564 2839 1643 2895 ad
1701 2839 2083 2912 sepulchrum

432 2930 842 3001 DominiUGt)
894 2928 1165 2985 Comitati
1223 2931 1362 2984 sunt
1408 2944 1546 2983 eum
1598 2928 1724 2984 Odo
1776 2929 2079 2997 Bituricus,

430 3021 709 3094 princeps
745 3016 1025 3085 Dolensis,
1079 3016 1365 3073 Ricardus
1419 3017 1611 3073 abbas
1661 3018 2081 3085 Verdunensis,

432 3109 717 3166 Ricardus
742 3107 932 3164 abbas
964 3106 1153 3163 sancti
1208 3107 1481 3179 Eparchii
1536 3107 1976 3176 Egolismensis,
2031 3112 2087 3165 et

432 3198 709 3272 princeps
735 3198 863 3269 ejus
889 3201 946 3254 et
993 3196 1364 3253 consiliarius
1391 3197 1520 3267 ejus
1587 3197 1858 3255 Giraldus
1911 3202 2086 3254 Fane-

431 3288 617 3357 sinus,
694 3290 749 3343 et
804 3284 1181 3343 Amalfredus
1244 3289 1456 3358 postea
1506 3284 1718 3352 abbas,
1762 3290 1819 3343 et
1859 3301 2086 3354 magna

429 3381 667 3433 caterva
713 3374 1023 3430 nobilium.
1085 3375 1422 3445 Stephanus
1486 3390 1590 3428 rex
1656 3373 1886 3443 Ungriae
1946 3390 2085 3429 cum

430 3465 596 3522 omni
652 3464 879 3519 honore
910 3479 1049 3518 eum
1080 3463 1341 3534 suscepit
1369 3466 1426 3518 et
1454 3461 1806 3518 muneribus
1853 3461 2081 3519 ditavit.

431 3553 749 3626 Caepititer
771 3567 947 3621 agere
977 3551 1202 3606 mensis
1242 3550 1515 3607 Octubris
1564 3552 1759 3624 primo
1816 3551 1911 3606 die
1958 3552 2082 3623 (an.

436 3644 612 3712 1026),
653 3646 708 3697 et
761 3639 1029 3714 pervenit
1082 3640 1143 3695 in
1209 3644 1480 3697 sanctam
1533 3639 1830 3696 civitatem
1888 3641 2086 3714 prima

430 3729 774 3788 ebdomada
803 3728 1025 3785 mensis
1073 3728 1268 3787 Marcii
1293 3728 1417 3800 (an.
1457 3728 1635 3802 1027),
1690 3746 2085 3803 reversusque

430 3825 519 3878 est
594 3820 775 3877 tercia
823 3818 1167 3876 ebdomada
1213 3817 1437 3874 mensis
1483 3818 1639 3874 Junii
1692 3819 1770 3876 ad
1818 3820 2080 3893 propria.

432 3911 666 3968 Divertit
730 3926 836 3983 per
898 3909 1270 3965 Lemovicam
1336 3913 1656 3977 revertens,
1727 3909 1831 3964 ubi
1887 3910 2086 3966 omnis

430 3999 746 4058 multitudo
814 3999 1255 4055 monachorum
1311 3997 1497 4055 sancti
1555 3996 1829 4055 Martialis
1887 3998 2081 4073 splen-

2202 338 2275 391 At
2346 336 2449 393 ubi
2514 356 2721 397 rumor
2782 343 3073 399 adventus
3134 346 3262 417 ejus
3322 349 3683 416 Egolismam
3733 369 3859 425 per-

2202 425 2380 496 venit,
2413 443 2622 485 omnes
2648 431 2947 504 principes
2977 449 3099 489 non
3125 434 3321 491 solum
3358 437 3854 507 Egolismensium

2204 514 2310 571 sed
2350 516 2528 574 etiam
2580 522 3153 591 Petragoricensium
3198 528 3256 582 et
3283 528 3672 595 Sanctonum,
3731 546 3857 587 om-

2199 603 2412 677 nisque
2461 612 2603 665 zetas
2649 614 2706 666 et
2781 627 2958 671 sexus
3017 613 3094 669 ad
3148 629 3287 670 eum
3331 617 3587 673 occurrit
3634 620 3854 689 gaudio

2198 694 2462 766 perfusa,
2535 714 2671 755 eum
2755 717 2993 758 cernere
3056 703 3424 763 desiderans.
3467 705 3667 765 Clerus
3715 726 3852 767 vero

2197 785 2566 842 monasticus
2614 789 2803 845 sancti
2850 792 3123 864 Eparchii
3148 793 3210 849 in
3256 796 3520 852 vestibus
3578 798 3728 854 albis
3767 801 3853 856 di-

2201 872 2504 945 versisque
2572 879 2938 935 ornamentis
3008 897 3147 938 cum
3207 899 3434 954 magna
3475 886 3850 944 multitudine

2192 962 2402 1034 populi
2445 971 2501 1022 et
2553 966 2903 1025 clericorum
2943 970 3066 1027 sive
3113 973 3543 1031 canonicorum
3581 979 3849 1049 gaudens

2192 1055 2480 1124 processit
2517 1056 2759 1113 obviam
2791 1059 2840 1115 ei
2872 1064 3037 1116 extra
3092 1061 3392 1120 civitatem
3428 1066 3682 1124 miliario
3726 1085 3846 1125 uno

2193 1154 2331 1193 cum
2383 1138 2666 1197 laudibus
2723 1146 2780 1199 et
2834 1145 3196 1217 antiphonis.
3253 1150 3319 1205 Et
3389 1165 3600 1208 omnes
3647 1152 3707 1208 in
3753 1170 3847 1209 ex-

2192 1226 2417 1283 celsum
2467 1229 2861 1289 vociferantes
2897 1252 2909 1290 :
2944 1237 3018 1290 Te
3050 1238 3237 1291 Deum
3262 1235 3609 1309 laudamus,
3661 1240 3843 1299 dedu-

2189 1321 2405 1373 xerunt
2459 1334 2618 1388 eum,
2679 1324 2744 1377 ut
2789 1322 2974 1378 moris
3028 1328 3138 1381 est.
3208 1328 3369 1382 Tunc
3433 1328 3842 1389 Amalfredum

2189 1406 2579 1481 monachum,
2635 1410 2740 1483 qui
2793 1428 2930 1468 cum
2960 1427 3031 1469 eo
3074 1413 3284 1483 fuerat,
3334 1415 3510 1487 elegit
3563 1419 3843 1478 abbatem

2190 1511 2263 1551 ex
2314 1496 2563 1553 basilica
2587 1498 2747 1557 beati
2779 1502 3071 1573 Eparchii.
3104 1506 3255 1561 Nam
3311 1506 3503 1564 abbas
3561 1508 3844 1567 Ricardus

2120 1600 2160 1653 Β
2193 1584 2527 1643 Solombria
2575 1588 2720 1661 (165)
2779 1589 3013 1648 civitate
3062 1594 3278 1651 Greciae
3326 1596 3472 1652 citra
3527 1600 3846 1656 Constanti-

2189 1674 2459 1747 nopolim
2511 1677 2573 1732 in
2644 1679 2845 1735 eundo
2897 1681 3145 1755 obierat,
3201 1688 3259 1740 et
3303 1685 3385 1742 ibi
3443 1687 3714 1759 sepultus
3759 1694 3846 1746 est

2188 1764 2391 1835 vigilia
2437 1765 2854 1838 epifaniorum.
2918 1770 3229 1829 Ordinavit
3267 1775 3680 1847 supradictum
3744 1778 3845 1834 ab-

2189 1853 2393 1910 batem
2440 1857 2563 1911 R00
2585 1856 2922 1930 episcopus,
2945 1860 3051 1916 ubi
3097 1860 3225 1935 ipse
3282 1880 3486 1921 comes
3546 1870 3604 1923 et
3657 1867 3845 1925 abbas

2191 1944 2380 2001 sancti
2432 1945 2706 2003 Martialis
2738 1947 3069 2018 Odolricus,
3104 1952 3357 2024 stipatus
3385 1954 3670 2026 dignitate
3722 1974 3847 2014 mo-

2190 2033 2545 2104 nachorum,
2578 2039 2634 2092 et
2678 2034 2930 2093 abbates
2981 2038 3160 2095 vicini
3203 2044 3262 2097 et
3313 2043 3584 2099 maxima
3638 2045 3847 2102 nobili-

2190 2125 2280 2177 tas
2327 2122 2671 2196 principum
2702 2131 3007 2197 presentes
3032 2127 3371 2187 adfuerunt.

2262 2215 2348 2267 66.
2383 2213 2604 2269 Eodem
2653 2230 2792 2271 vero
2848 2231 3011 2273 anno
3068 2223 3376 2292 correptus
3425 2224 3513 2277 est
3559 2221 3846 2292 languore

2192 2307 2458 2376 corporis
2484 2304 2644 2361 idem
2675 2322 2878 2364 comes
2905 2324 3096 2381 usque
3118 2310 3197 2365 ad
3221 2314 3498 2367 mortem.
3529 2314 3657 2379 Quo
3686 2330 3846 2371 anno

2195 2395 2526 2450 Sanctonas
2555 2394 2700 2451 urbs
2738 2399 2791 2450 αι’
2829 2396 2908 2453 ab
2963 2396 3165 2470 impiis
3218 2398 3555 2457 cbristianis
3612 2418 3849 2459 concre-

2191 2482 2356 2534 mata
2423 2483 2507 2537 est
2560 2496 2699 2536 cum
2755 2478 2888 2553 ipsa
2936 2480 3185 2540 basilica
3242 2484 3430 2541 sancti
3488 2485 3641 2542 Petri
3691 2487 3847 2543 sedis

2193 2566 2554 2640 episcopalis
2601 2570 2677 2638 δ’,
2722 2573 2779 2626 et
2834 2570 2941 2627 diu
3006 2573 3344 2644 permansit
3400 2573 3671 2632 desertus
3721 2577 3847 2649 ipse

2191 2655 2360 2714 locus
2439 2674 2476 2715 a
2540 2658 2743 2716 divino
2829 2660 3010 2716 cultu.
3090 2665 3158 2717 Et
3200 2662 3358 2721 hanc
3412 2663 3696 2736 injuriam
3750 2667 3849 2723 Dei

2193 2763 2397 2803 comes
2472 2747 2851 2820 supradictus
2912 2748 3214 2807 vindicare
3287 2751 3515 2823 volens,
3560 2754 3850 2826 paulatim

2194 2835 2371 2909 cmpit
2398 2836 2627 2893 viribus
2686 2837 2952 2910 corporis
2981 2838 3237 2908 destitui,
3283 2845 3337 2897 et
3385 2841 3449 2898 in
3503 2842 3651 2899 urbe
3705 2847 3853 2914 Ego-

2192 2924 2369 2981 lisma
2389 2942 2560 2981 secus
2611 2925 2942 2984 {ecclesiam
2973 2928 3164 2984 sancti
3189 2929 3442 2987 Andreae
3467 2936 3712 3005 propter
3760 2933 3850 2990 of-

2192 3012 2385 3070 ﬁtium
2434 3014 2705 3071 divinum
2728 3015 2903 3086 jubet
2944 3016 3058 3072 sibi
3089 3017 3343 3075 domum
3399 3035 3741 3094 preparare,
3788 3022 3850 3079 in

2193 3119 2316 3175 qua
2360 3108 2655 3175 aegrotans
2689 3103 3049 3162 decumbere
3095 3106 3274 3180 coepit
3322 3106 3447 3177 (an.
3510 3111 3687 3181 1028).
3744 3110 3852 3167 Ubi

2193 3189 2563 3248 incessanter
2626 3208 2659 3249 θ
2713 3193 2961 3249 diversis
3045 3195 3318 3266 partibus
3390 3197 3587 3255 cuncti
3638 3198 3853 3271 princi-

2195 3294 2302 3352 pes
2351 3284 2409 3336 et
2456 3281 2687 3338 nobiles
2737 3297 2877 3338 eum
2933 3281 3279 3341 visitabant.
3349 3288 3617 3359 Cumque
3700 3287 3854 3347 dice-

2194 3374 2325 3425 rent
2346 3371 2639 3441 nonnulli,
2680 3372 2969 3428 maleﬁcis
2999 3373 3226 3430 artibus
3284 3390 3424 3431 eum
3466 3379 3755 3446 aegrotare
3783 3411 3851 3418 —

2196 3458 2430 3515 solebat
2444 3459 2604 3516 enim
2631 3459 2880 3519 robusto
2901 3465 2958 3518 et
2980 3477 3129 3518 sano
3147 3478 3397 3536 corpore
3419 3463 3853 3535 vigere—tunc

2193 3565 2334 3604 vero
2356 3565 2465 3605 nec
2494 3566 2660 3606 more
2691 3567 2906 3607 senum
2935 3568 3046 3608 nec
3076 3568 3244 3610 more
3277 3554 3573 3626 juvenum
3605 3571 3853 3631 corpore

2194 3637 2524 3709 fatesceret,
2548 3638 2779 3697 detecta
2827 3644 2915 3697 est
2970 3641 3254 3715 quzedam
3313 3643 3589 3701 maleﬁca
3643 3646 3856 3703 mulier

2194 3731 2350 3784 artes
2365 3727 2673 3785 maleﬁcas
2692 3733 2900 3786 contra
2911 3746 2942 3786 e
2953 3745 3052 3788 um
3064 3731 3566 3800 exercuisse.0uae
3579 3750 3719 3791 cum
3731 3751 3854 3792 non

2194 3816 2592 3882 conﬁteretur,
2620 3816 2837 3888 juditio
2868 3817 2970 3874 Dei
3005 3819 3401 3877 commissum
3442 3825 3549 3892 est,
3586 3826 3653 3880 ut
3688 3823 3855 3895 quod

2192 3923 2399 3963 verum
2414 3906 2635 3963 latebat
2649 3911 2869 3963 eventu
2885 3908 3146 3965 victoriae
3166 3908 3318 3966 inter
3331 3910 3485 3969 duos
3501 3911 3852 3985 campiones

2191 3999 2566 4074 probaretur.
2588 3996 2775 4053 Factis
2796 4013 2938 4070 ergo
2960 3999 3370 4070 sacramentis,
3403 3998 3856 4059 decertaverunt

434 4184 477 4235 l'
502 4178 692 4253 tilium
726 4175 1195 4253 Ugonisaddgg.
1228 4181 1279 4232 2·
1328 4179 1655 4253 antequam
1681 4176 1990 4253 audiretur
2018 4179 2171 4253 inter
2199 4177 2365 4253 ipsos
2396 4175 2638 4253 traditio
2678 4176 2919 4235 Arberti'
2938 4182 2992 4253 2.
3022 4182 3077 4235 3·
3108 4180 3238 4253 Quo
3297 4182 3567 4253 tempore
3595 4211 3665 4220 —
3687 4179 3853 4253 prin-

496 4250 700 4335 cipn‘m
729 4246 1767 4335 presentesadfueruntdesunt2‘11?
1820 4250 1987 4321 quod
2030 4246 2361 4335 diciodlolor
2389 4252 2478 4305 est
2513 4249 2656 4335 αμα.
2712 4253 2765 4305 2.
2823 4255 2874 4306 5'
2924 4250 3321 4335 Sequentibus
3352 4246 3602 4335 omissis,
3649 4246 3857 4335 pergit

500 4326 534 4377 2
559 4319 579 4374 ξ
611 4319 938 4374 Permansit
959 4319 1295 4390 Stephanus
1326 4335 1489 4383 vero,
1522 4323 1580 4375 et
1603 4319 1860 4376 exiliens
1881 4337 2133 4394 corpore
2165 4319 2418 4386 inlesus,
2454 4319 2670 4376 eadem
2694 4335 2804 4376 ora
2833 4320 2996 4379 venit
3012 4319 3272 4379 currens
3371 4319 3594 4380 edibus
3630 4319 3857 4393 gratias

503 4395 619 4447 Deo
652 4392 866 4445 referre
892 4389 969 4445 ad
1008 4389 1309 4445 tumulum
1338 4389 1495 4446 beati
1526 4391 1815 4450 Eparchii.
1851 4392 1953 4447 ubi
1982 4397 2156 4450 nocte
2181 4390 2480 4450 praeterita
2505 4390 2755 4450 pervigil
2782 4391 3207 4450 excubaverat.
3241 4397 3300 4450 et
3323 4338 3544 4450 geinde
3574 4394 3855 4450 eouitans

503 4395 619 4447 Deo
652 4392 868 4472 referre
892 4389 969 4471 ad
1008 4389 1309 4472 tumulum
1338 4389 1507 4472 beati
1526 4391 1817 4472 Eparchiiz
1851 4392 1953 4472 ubi
1982 4389 2156 4450 nocte
2181 4390 2480 4472 praeterita
2505 4390 2755 4472 pervigil
2771 4391 3207 4472 .excubaverat,
3241 4397 3300 4472 et

3366 4392 3544 4453 einde
3574 4392 3855 4467 equitans

500 4477 771 4517 reversus
788 4466 875 4534 est
896 4461 956 4516 in
987 4460 1305 4534 civitatem,
1330 4467 1394 4516 ut
1409 4460 1976 4534 reticeret.Maleﬂca
1996 4480 2159 4534 vero,
2181 4460 2399 4518 inultis
2425 4460 2736 4534 tormentis
2768 4462 3083 4534 ignorante
3101 4460 3322 4522 comite
3336 4481 3482 4523 mox
3512 4460 3860 4522 excruciata

506 4535 595 4607 ξοδ,
656 4548 765 4591 nec
797 4532 881 4607 sic
911 4531 1189 4588 confessa
1226 4536 1337 4597 est,
1370 4535 1426 4587 et
1449 4549 1485 4588 a
1503 4532 1753 4607 diabolo
1783 4534 1961 4590 corde
1987 4531 2286 4607 obturato,
2336 4532 2592 4607 mullum
2620 4531 2895 4607 verbum,
2920 4535 3017 4593 vel
3060 4552 3269 4594 vocem
3319 4554 3394 4594 ex
3435 4551 3537 4592 ore
3593 4536 3865 4607 profere-

498 4605 621 4685 bat,
656 4621 692 4659 a
742 4603 934 4685 tribus
964 4608 1364 4685 verontantum
1395 4603 1915 4685 mulieribus,”qu_e
1962 4622 2103 4685 cum
2130 4622 2201 4661 ea
2216 4604 2628 4685 interfuerunt
2656 4605 2748 4662 his
2780 4606 3111 4685 maleficiis,
3168 4608 3439 4685 convicta
3472 4609 3559 4685 est
3590 4603 3860 4685 testimof

499 4675 634 4744 niis,
663 4673 1083 4747 quasdamque
1106 4673 1456 4747 _fantasticas
1481 4692 1554 4730 ex
1578 4674 1720 4731 limo
1764 4673 1837 4711 ωδ
1873 4677 2165 4745 imagines
2195 4676 2487 4733 desubtus
2530 4680 2688 4734 terra
2717 4677 2933 4735 eodem
2966 4680 3038 4715 ¹⁹⁶
3097 4673 3382 4735 mulieres
3430 4680 3863 4747 extracxerunt

503 4745 708 4821 coram
749 4745 1065 4821 omnibus,
1094 4745 1644 4821 ja_m_pu_trel'actas_
1680 4749 1747 4782 ‘97
1780 4747 2184 4821 diuturnitate.
2245 4750 2457 4804 Comes
2488 4764 2630 4821 ergo
2674 4750 2942 4821 pepercit
3006 4751 3076 4784 ¹⁹⁸
3106 4749 3377 4821 malefice
3426 4746 3682 4821 mulieri,
3741 4765 3862 4807 nec

503 4818 636 4893 sivit
656 4833 791 4893 eam
815 4816 1161 4893 tormentari
1192 4815 1450 4893 ulterius,
1485 4821 1543 4893 et
1590 4817 1774 4893 vitam
1804 4819 1856 4875 ei
1886 4819 2197 4893 concessit.
2228 4822 2435 4875 Narrat
2467 4815 2863 4893 Hieronymus
2895 4824 2958 4876 in
2980 4819 3359 4893 exposicione
3406 4818 3665 4877 Danielis

3714 4836 3863 4893 quae

505 4889 683 4964 etiam
709 4888 770 4943 in
801 4887 986 4964 Gestis
1026 4888 1402 4964 epp.__Engol.
1431 4904 1482 4944 c.
1524 4891 1592 4944 25
1627 4891 1931 4961 teguntur.
1985 4893 2132 4947 Haec
2167 4892 2228 4946 in
2259 4891 2637 4961 sequentibus
2660 4887 2892 4964 q'uoque
2914 4887 3109 4948 cum'2
3141 4892 3503 4949 conveniunt
3532 4893 3636 4948 sed
3655 4887 3866 4952 malta

501 4962 691 5030 plura
719 4960 1023 5017 continent
1054 4959 1488 5017 additamenta.

1808 5086 1892 5140 VA
1903 5087 2037 5141 RL‘E
2076 5085 2477 5143 LECTIONES.

514 5180 583 5213 193
630 5178 849 5255 _uronis
877 5211 939 5218 -—
987 5177 1079 5255 hic
1110 5178 1324 5255 desunt
1370 5178 1538 5255 2_a_bi
1559 5182 1964 5255 pro_Turonis
2017 5184 2193 5239 etiam
2233 5182 2448 5255 furoris
2500 5185 2740 5255 legitur.
2802 5182 3231 5241 1"teecruciata
3283 5201 3333 5243 c.
3382 5188 3454 5224 ¹⁹⁵
3479 5187 3602 5244 lino
3675 5188 3870 5248 Gesta

439 5266 571 5320 ειη).
622 5250 772 5319 Eng.
798 5266 847 5305 c.
1002 5251 1072 5284 '96
1089 5249 1298 5305 cedem
1329 5266 1378 5307 ε.
1407 5251 1477 5285 ¹⁹⁷
1499 5249 1831 5322 putrefacta
1861 5270 1911 5309 ο.
1956 5256 2025 5290 19⁸
2058 5253 2321 5328 pepersit
2344 5269 2395 5309 c.

516 5464 662 5534 (163)
696 5464 777 5520 c1.
841 5462 1055 5521 Glaber
1080 5462 1226 5520 Rod.
1286 5467 1375 5534 111,
1404 5468 1456 5520 4.

517 5467 640 5531 (163
696 5464 777 5520 c1.
841 5464 1226 5521 GlaberBod.
1286 5467 1375 5534 111,
1404 5468 1456 5520 4.

517 5464 662 5606 (161;
691 5536 867 5591 Gesta
895 5550 1031 5607 cpp.
1064 5535 1268 5605 Engol.
1304 5551 1354 5590 c.
1389 5540 1456 5591 25
1506 5535 1646 5594 add.
1683 5554 1696 5592 :
1750 5539 1905 5596 Nam
1955 5543 2096 5596 ante

443 5621 573 5663 eum
628 5621 743 5676 per
794 5608 935 5663 illas
980 5612 1186 5676 partes
1208 5608 1416 5663 nullus
1432 5610 1832 5681 praeterierat,
1871 5612 2091 5682 quippe

2046 5373 2090 5424 Ν
2096 5371 2249 5424 OT/E

2246 5467 2346 5546 aia
2369 5470 2605 5546 novella
2631 5470 2831 5526 adhuc
2863 5473 3290 5531 Chrz‘stz’anitas
3321 5489 3431 5543 per
3475 5476 3772 5546 Ungrz'am
3800 5480 3868 5532 et

2249 5539 2586 5597 ctavom‘am
2635 5548 2785 5599 erat.

2279 5611 2388 5684 (65)
2443 5611 2788 5671 Selembria.
