4048 6178
304 101 372 152 77
1316 91 1828 151 HISTORIARUM
1867 88 2054 146 LIBRI
2088 88 2285 147 TRES.
2325 120 2396 132 -—
2436 94 2563 148 LIB.
2608 96 2698 149 lIl.
3677 96 3750 151 78

303 219 456 275 inter
482 236 546 276 se
573 220 678 276 diu
692 220 1058 294 multumque
1087 221 1306 277 missus
1336 219 1600 277 comitis
1634 220 1980 294 Stephanus
2018 216 2066 269 A
2084 217 2250 286 jacet
2281 218 2345 272 in
2376 218 2501 275 loco
2528 218 2728 275 sancti
2755 218 3054 288 Eparchii
3074 220 3148 276 3“.
3171 223 3371 293 Itaque
3392 222 3528 292 post
3549 217 3751 291 sepul-

306 314 361 365 et
388 308 666 366 defensor
692 310 975 367 maleﬁcae
1006 310 1340 367 Willelmus.
1389 310 1764 383 Stephanus
1797 309 1985 366 victor

307 398 432 454 sine
461 398 728 472 dampno
763 400 853 455 sui
883 400 1143 474 corporis
1178 398 1321 467 fuit;
1356 396 1519 454 alter
1569 400 1773 474 capite
1804 416 1984 472 quas-

307 492 458 557 sato,
483 488 774 559 sanguine
804 494 1135 563 coopertus,
1168 489 1243 545 ab
1262 487 1415 545 hora
1447 488 1628 547 tacia
1656 504 1854 563 usque
1877 505 1984 546 no-

304 590 450 634 nam
478 577 540 633 in
569 577 823 652 pedibus
871 584 1056 649 stans,
1088 579 1272 636 victus
1301 577 1658 636 semivivus
1688 580 1751 635 in
1791 579 1984 636 mani-

303 666 420 722 bus
450 666 821 740 deportatus,
862 667 1043 740 longo
1074 671 1143 705 ¹⁰⁹
1174 672 1442 740 tempore
1474 667 1647 725 lecto
1673 668 1979 725 decubuit.

306 758 421 812 Nec
447 756 532 812 sic
558 755 835 813 maleﬁca
863 757 1138 814 confessa
1166 761 1269 825 est,
1296 772 1332 811 a
1360 755 1578 812 tribus
1608 761 1816 814 tamen
1845 773 1981 814 mu-

308 842 576 912 lieribus,
616 860 755 918 quas
803 844 899 900 his
943 845 1245 903 maleﬁciis
1273 861 1413 901 cum
1449 862 1532 902 ea.
1559 845 1978 915 interfuerunt,

304 933 659 990 testimoniis
687 934 957 991 convicta
999 939 1102 992 est.
1134 939 1339 992 Narrat
1387 934 1815 1008 Hieronymus
1861 939 1982 991 An-

303 1022 575 1079 thioéum
592 1024 668 1058 ²⁰⁰
684 1022 976 1097 Epifanen
996 1023 1262 1081 fantasiis
1280 1022 1718 1079 maleﬁcorum
1737 1039 1982 1079 versum

305 1112 368 1167 in
396 1111 751 1180 amentiam,
784 1117 843 1168 et
869 1111 1233 1185 quibusdam
1271 1112 1592 1169 erroribus
1621 1128 1981 1185 oppressum

307 1201 526 1257 morbo
557 1200 854 1257 interisse.
889 1204 1001 1257 Nec
1042 1202 1093 1257 1"
1118 1202 1355 1270 mirum,
1389 1200 1441 1256 si
1482 1204 1649 1257 Deus
1677 1200 1980 1273 permittit,

308 1289 706 1347 christianum
730 1290 1048 1363 praestigiis
1072 1290 1487 1347 maleﬁcorum
1519 1306 1774 1364 corpore
1799 1306 1985 1361 aegro-

306 1384 456 1450 tare,
479 1396 619 1436 cum
649 1379 907 1436 beatum
952 1380 1062 1437 Job
1088 1380 1347 1438 sciamus
1385 1396 1422 1436 a
1452 1379 1706 1437 diabolo
1734 1395 1982 1453 percus-

309 1486 448 1526 sum
478 1470 648 1540 gravi
678 1470 902 1532 ulcere,
933 1475 990 1527 et
1030 1471 1281 1527 Paulum
1311 1470 1388 1527 ab
1441 1470 1663 1543 angelo
1716 1468 1983 1527 sathanaa

2094 309 2292 363 turam
2312 308 2442 378 ejus
2461 313 2882 381 processerunt
2910 308 3179 383 episcopi
3208 326 3348 366 cum
3369 308 3527 365 clero
3553 312 3611 364 et
3640 322 3751 380 po-

2092 395 2237 467 pulo
2269 396 2348 452 ad
2375 400 2646 453 sanctam
2666 397 3117 469 processionem
3145 397 3616 465 dominicam,'et
3636 398 3756 452 sta-

2092 483 2318 541 tionem
2357 488 2413 542 4'
2438 490 2817 559 peregerunt.
2854 487 3149 544 Successit
3174 504 3287 561 pro
3316 486 3605 543 Willelmo
3634 485 3753 542 Hil-

2093 571 2315 629 duinus
2344 573 2503 630 ﬁlius
2533 575 2663 646 ejus
2692 574 2754 630 in
2780 573 3121 648 principatu
3150 575 3481 645 Egolismaa,
3518 578 3577 630 et
3601 589 3756 648 pra:-

2093 661 2325 719 clarum
2354 662 2581 719 laeticiaa
2612 663 2853 734 signum
2902 663 2966 719 in
2996 663 3163 719 initio
3200 663 3570 737 principatus
3614 663 3753 735 ejus

2092 756 2403 808 ostensum
2439 757 2548 823 est,
2594 769 2734 809 cum
2781 752 2858 808 de
2901 752 3110 809 dolore
3159 752 3478 826 sepulturae
3522 751 3757 810 transiit

2090 841 2358 914 populus
2387 842 2465 898 ad
2491 841 2777 914 laetitiam,
2809 842 3055 899 obviam
3087 843 3339 900 Domino
3369 842 3751 900 exclamans:

2094 932 2339 988 Osanna
2400 933 2462 988 in
2506 934 2755 990 excelsis
2779 948 2802 1003 ,'
2852 932 3220 989 benedictum
3264 946 3516 1004 regnum
3556 932 3756 1002 patris

2090 1023 2289 1076 nostri
2307 1022 2525 1090 David,
2557 1022 2860 1094 preferens
2885 1020 3169 1077 manibus
3198 1021 3458 1078 victorias
3496 1020 3755 1094 palmas,

2091 1127 2299 1166 ramos
2330 1111 2660 1167 securitatis
2686 1116 2743 1167 et
2763 1111 2943 1167 ﬂores
2961 1111 3286 1168 suavitatis.
3310 1110 3530 1183 Optulit
3549 1125 3761 1183 supra-

2091 1198 2288 1255 dictus
2320 1198 2641 1255 Willelmus
2688 1215 2799 1272 pro
2830 1200 3137 1271 sepultura
3186 1217 3297 1256 sua
3336 1205 3544 1256 sancto
3574 1202 3761 1272 Epar-

2092 1289 2227 1345 chio
2249 1288 2489 1345 diversa
2508 1294 2567 1345 et
2584 1289 2856 1361 preciosa
2879 1305 3134 1346 munera
3156 1290 3232 1358 δ’,
3250 1304 3400 1345 auro
3430 1293 3489 1345 et
3511 1293 3760 1360 argento

2091 1378 2371 1447 multo,et
2399 1378 2651 1451 curpivit
2684 1380 2757 1414 ²⁰⁵
2788 1383 3126 1435 Vasnacum
3156 1382 3509 1449 Boscum,et
3536 1377 3765 1435 laxavit

2092 1469 2245 1540 (-166)
2278 1468 2401 1524 duo
2431 1468 2796 1525 candelabra
2822 1474 3105 1539 argentea
3127 1468 3445 1542 pensantia
3466 1472 3759 1525 trecentos

306 1559 782 1634 colaphizatum,
822 1576 936 1616 nec
979 1560 1246 1618 timenda
1293 1561 1366 1617 sit
1413 1560 1686 1634 corporis
1738 1559 1984 1634 perituri
2022 1572 2064 1626 Β
2096 1558 2416 1627 solidos,et
2443 1558 2667 1615 laxavit
2696 1574 2883 1615 unam
2903 1574 3145 1615 crucem
3162 1574 3413 1616 auream
3434 1573 3573 1614 cum
3595 1574 3779 1629 gem-1

308 1648 642 1722 aegrotatio,
677 1650 1043 1723 graviorque
1069 1650 1143 1706 sit
1171 1651 1513 1707 animarum
1547 1666 1737 1724 quam
1767 1667 1982 1725 corpo-

306 1757 447 1798 rum
472 1741 812 1814 percussio.
839 1744 1051 1798 Comes
1079 1756 1222 1812 ergo
1241 1741 1509 1815 pepercit
1536 1741 1826 1798 maleﬁcae
1854 1758 1985 1798 mu-

306 1830 435 1887 lieri
462 1847 578 1888 nec
617 1830 764 1887 sinit
793 1847 934 1887 eam
977 1830 1344 1888 tormentari.
1376 1831 1465 1887 Ab
1505 1831 1802 1905 episcopis
1839 1848 1982 1888 vero

311 1924 369 1976 et
382 1920 712 1977 abbatibus
722 1920 1125 1994 penitenciam
1150 1919 1450 1993 accipiens
1465 1919 1629 1976 idem
1658 1920 1983 1977 Willelmus

313 2025 539 2078 comes,
598 2010 934 2083 omniaque
980 2025 1093 2065 sua
1143 2009 1493 2082 disponens,
1537 2014 1594 2065 et
1638 2009 1789 2066 inter
1825 2009 1980 2066 ﬁlios

315 2116 458 2156 suos
488 2103 547 2157 et
575 2101 710 2171 conj
724 2114 905 2169 ugem
933 2115 1108 2154 suam
1136 2098 1521 2167 nominatim,
1549 2103 1730 2171 prout
1753 2098 1865 2155 sibi
1894 2099 1983 2155 vi-

314 2204 456 2243 sum
481 2191 592 2255 est,
621 2187 924 2244 honorem
950 2203 1129 2242 suum
1157 2185 1467 2257 ordinans,
1486 2187 1900 2245 reconciliatus
1929 2191 1987 2244 et

312 2275 634 2333 absolutus
672 2281 778 2345 est,
807 2280 865 2333 et
893 2280 1014 2333 toto
1042 2275 1526 2350 quadragesimae
1557 2281 1823 2351 tempore
1845 2278 1984 2334 mis-

315 2383 421 2422 sas
452 2370 512 2422 et
537 2364 763 2422 cultum
789 2365 983 2437 "loDei
1004 2365 1422 2439 frequentavit,
1446 2382 1764 2440 quousque
1786 2367 1987 2441 prima

314 2453 668 2510 ebdomada
696 2454 913 2524 majori
940 2459 1076 2510 ante
1106 2454 1343 2527 pascha
1374 2453 1504 2510 oleo
1535 2459 1742 2511 sancto
1773 2460 1829 2511 et
1856 2456 1985 2513 via-

313 2543 439 2598 tico
468 2542 822 2611 muniretur,
855 2547 911 2599 et
939 2542 1104 2614 ligno
1150 2544 1228 2577 ²⁰²
1257 2543 1448 2598 crucis
1475 2543 1727 2601 adorato
1757 2548 1813 2601 et
1840 2545 1987 2603 deo-

315 2629 577 2697 sculato,
598 2630 661 2685 in
680 2630 965 2687 manibus
984 2630 1257 2705 episcopi
1288 2631 1505 2687 Roonis
1526 2636 1582 2689 et
1603 2632 1987 2690 sacerdotum

316 2719 604 2793 spiritum
618 2719 905 2775 laudabili
930 2719 1049 2775 ﬁne
1071 2723 1129 2776 et
1149 2719 1444 2777 memoria
1473 2719 1588 2777 deo
1614 2721 1890 2780 redderet
1910 2726 1986 2760 ’03

316 2811 446 2881 (an.
485 2810 777 2879 1028,Ap.
813 2810 885 2882 6).
913 2813 1021 2866 Per
1048 2809 1308 2865 biduum
1339 2810 1726 2868 observatum
1752 2816 1840 2869 est
1856 2830 1986 2871 cor-

2092 1647 2209 1704 mis
2240 1647 2774 1721 processionalem.

2164 1744 2254 1794 67.
2285 1739 2555 1795 Crastina
2583 1754 2726 1795 vero
2784 1740 2859 1774 ²⁰δ
2902 1741 3043 1812 post
3086 1737 3463 1810 sepulturam
3492 1738 3621 1809 ejus
3668 1736 3763 1793 die

2092 1828 2296 1886 Blavia
2319 1833 2583 1885 castrum
2606 1827 2747 1885 dolo
2769 1828 3142 1885 subtractum
3161 1832 3250 1884 est
3274 1827 3478 1885 comiti
3504 1826 3763 1882 Alduino

2091 1935 2128 1975 a
2151 1917 2428 1975 Josfredo
2457 1917 2636 1974 fratre
2663 1918 2811 1989 ejus.
2856 1920 2987 1974 Mox
3011 1918 3065 1974 ϐ·
3097 1932 3301 1973 comes
3332 1915 3601 1979 llduinus
3623 1929 3764 1970 cum

2090 2008 2306 2065 virtute
2332 2006 2572 2063 militari
2596 2005 2737 2062 illuc
2778 2006 2985 2075 tendit,
3018 2010 3075 2063 et
3103 2006 3220 2062 cito
3263 2005 3467 2078 ipsum
3496 2006 3763 2060 castrum

2092 2096 2341 2169 capiens
2372 2095 2435 2151 in
2463 2094 2830 2152 deditionem
2858 2093 3108 2167 accepit,
3140 2098 3198 2150 et
3224 2093 3412 2149 missa
3431 2090 3547 2147 illic
3573 2094 3768 2145 custo-

2091 2186 2195 2242 dia
2210 2182 2865 2255 militum.Egolismam
2886 2182 3220 2252 regreditur
3239 2181 3319 2238 ad
3335 2176 3766 2236 celebrandum

2092 2274 2346 2350 pascha.
2373 2275 2502 2340 Quo
2522 2288 2816 2345 regresso,
2831 2272 3012 2329 frater
3031 2271 3163 2344 ejus
3184 2269 3493 2329 Josfredus
3510 2282 3617 2341 per
3637 2265 3766 2323 dies

2094 2363 2459 2422 fortissimos
2489 2378 2818 2436 parasceve
2845 2368 2903 2420 et
2927 2361 3255 2435 sepultum
3286 2362 3345 2416 et
3370 2356 3614 2433 paschae
3631 2372 3770 2413 con-

2100 2460 2179 2512 tra
2214 2452 2481 2510 Blaviam
2526 2451 2781 2509 extruxit
2811 2450 2976 2509 aliud
3006 2467 3245 2510 novum
3276 2447 3606 2505 castellum.
3650 2450 3770 2504 Hoc

2096 2546 2426 2617 comperto,
2463 2541 2731 2598 llduinus
2770 2556 3169 2615 nequaquam
3204 2535 3581 2613 praetermisit
3611 2553 3768 2611 opus

2096 2633 2221 2705 Dei,
2256 2632 2365 2688 sed
2423 2648 2562 2688 cum
2618 2645 2844 2701 magna
2893 2629 3091 2700 gloria
3120 2636 3177 2688 et
3228 2626 3439 2684 laeticia
3487 2632 3768 2683 sanctum

2096 2722 2327 2797 pascha
2348 2720 2667 2779 celebravit
2683 2718 2906 2791 (April.
2944 2719 3053 2791 14).
3092 2723 3161 2778 Et
3189 2720 3330 2794 post
3346 2716 3505 2773 diem
3521 2716 3774 2775 tercium

2098 2813 2448 2884 festivitatis,
2501 2816 2803 2869 commoto
2851 2809 3040 2866 electo
3099 2809 3385 2880 exercitu,
3418 2808 3497 2866 ad
3543 2807 3774 2867 bellum

314 2916 444 2973 pus
476 2899 607 2970 cjus
657 2915 692 2955 a
737 2897 959 2955 clericis
1003 2904 1061 2955 et
1088 2898 1407 2955 monachis
1437 2900 1499 2956 in
1527 2899 1778 2958 basilica
1825 2903 1985 2961 sedis
2027 2928 2067 2985 ρ
2099 2902 2597 2960 committendum
2620 2900 2777 2969 exiit;
2807 2898 3132 2959 audiverat
3146 2900 3312 2958 enim
3334 2899 3576 2957 fratrem
3594 2918 3775 2959 suum

313 2988 479 3044 Petri
526 2987 793 3061 apostoli.
826 2987 1070 3044 Planctu
1119 2989 1177 3046 2'
1218 2992 1344 3045 tota
1374 2988 1578 3046 civitas
1627 2990 1848 3064 repleta
1879 2998 1990 3055 est.

320 3077 642 3135 Dominica
679 3082 883 3134 sancta
925 3079 1099 3150 (Apr.
1143 3079 1200 3152 7)
1249 3095 1487 3135 osanna
1516 3096 1656 3135 cum
1707 3084 1893 3139 ramis
1935 3090 1993 3142 et

318 3167 583 3225 ﬂoribus
630 3166 892 3224 delatum
943 3172 1033 3225 est
1083 3184 1305 3242 corpus
1345 3167 1425 3225 ad
1470 3168 1787 3226 basilicam
1831 3173 1993 3231 beati

321 3255 694 3330 Eparchii,et
710 3256 1005 3330 sepultum
1034 3256 1118 3313 ibi
1133 3260 1273 3312 ante
1300 3256 1485 3313 altare
1515 3258 1705 3315 sancti
1726 3260 1988 3319 Dionisii.

326 3345 707 3419 Sepelierunt
734 3362 871 3403 eum
900 3346 1023 3403 duo
1053 3346 1323 3420 episcopi
1341 3350 1467 3402 Roo
1489 3348 1915 3417 Egolismensis
1937 3357 1995 3408 et

322 3434 635 3492 Arualdus
663 3436 1168 3506 Petragoricensis,
1216 3435 1310 3491 Ad
1339 3436 1542 3509 capud
1571 3438 1699 3509 ejus
1714 3438 1896 3510 jussit
1926 3441 1994 3497 ﬁ-

324 3525 448 3581 lius
497 3525 626 3596 ejus
675 3525 962 3581 Alduinus
1003 3525 1147 3598 poni
1192 3524 1471 3582 tabulam
1524 3525 1875 3597 plumbeam
1914 3532 1995 3587 ita

328 3614 644 3687 scriptam:
667 3615 782 3670 Hic
801 3617 967 3685 jacet
996 3616 1247 3671 domnus
1264 3618 1322 3672 et
1346 3612 1627 3671 amabilis
1658 3617 1995 3677 Willelmus

330 3718 529 3760 comes
546 3704 879 3774 Egolismaz,
899 3706 1004 3776 qui
1016 3706 1141 3774 ipso
1158 3719 1347 3774 anno,
1371 3718 1489 3775 quo
1513 3707 1670 3762 venit
1681 3709 1755 3765 de
1770 3710 1994 3767 Hieru-

327 3794 546 3863 salem,
579 3792 716 3848 obiit
742 3794 803 3848 in
824 3807 970 3863 pace
993 3797 1024 3850 8
1052 3794 1197 3850 Idus
1217 3793 1481 3863 Aprilis,
1511 3793 1721 3864 vigilia
1742 3814 1994 3870 osanna,

341 3884 486 3937 1028
530 3897 686 3938 anno
726 3883 800 3939 ab
849 3883 1286 3953 incarnatione,
1321 3887 1379 3939 et
1409 3886 1535 3939 tota
1560 3900 1672 3943 sua
1692 3889 1996 3961 projenies

345 4060 402 4116 1"
426 4061 552 4139 Nec!
574 4091 638 4139 ξ
663 4060 1006 4139 tormentari
1034 4061 1248 4139 desunt
1274 4066 1333 4131 2,
1364 4060 1723 4139 ubi_ultima
1755 4074 1951 4125 tamen
1978 4083 2167 4139 supra
2196 4070 2481 4139 leguntur
2502 4062 2625 4139 ,‘Acf.
2655 4076 2717 4139 ῃ.
2743 4058 2821 4114 2¹.

2100 2992 2248 3050 velle
2288 3009 2427 3048 cum
2466 3007 2539 3047 eo
2563 2989 2804 3060 conﬂigi
2828 2991 2886 3043 et
2914 2992 3254 3048 exercitum
3289 2989 3626 3062 adgregari.
3662 2997 3774 3051 Ita-

2099 3099 2218 3156 que
2249 3086 2513 3138 castrum
2540 3079 2769 3136 noviter
2815 3078 3128 3135 munitum
3160 3080 3397 3137 obsedit
3424 3083 3501 3152 7",
3534 3088 3594 3140 et
3641 3101 3774 3159 pre-

2098 3173 2247 3229 lium
2309 3168 2684 3244 prwstolatur
2738 3166 2920 3222 feroci
2972 3170 3179 3226 corde.
3230 3170 3343 3227 Sed
3380 3187 3772 3248 nequaquam

2100 3261 2280 3319 frater
2296 3261 2427 3333 ejus
2450 3255 2794 3333 praesumsit
2812 3271 2949 3312 eum
2972 3254 3275 3315 lacescere
3288 3261 3363 3295 ²⁰⁶
3374 3261 3451 3317 ad
3471 3278 3767 3336 pugnam,

2101 3353 2312 3409 videns
2341 3350 2653 3407 robustam
2686 3361 2827 3403 eum
2871 3344 3100 3404 habere
3131 3365 3387 3406 manum
3414 3370 3428 3421 ;
3470 3357 3531 3409 et
3552 3354 3611 3411 8'
3634 3358 3773 3428 post

2101 3443 2229 3499 dies
2258 3443 2412 3509 octo,
2435 3441 2782 3513 eXpugnato
2798 3439 2856 3492 et
2885 3441 3066 3509 capto
3082 3442 3299 3508 castro,
3329 3442 3581 3516 supplex
3611 3444 3770 3501 venit

2104 3533 2182 3590 ad
2220 3548 2382 3602 eum,
2419 3530 2515 3585 cui
2544 3527 2819 3602 protinus
2864 3543 3070 3583 comes
3114 3527 3405 3586 llduimus
3446 3532 3676 3603 ignovit
3712 3539 3769 3592 et

2102 3639 2317 3696 pacem
2347 3618 2670 3687 consensit,
2711 3620 2770 3673 et
2807 3615 2944 3672 facti
2991 3623 3132 3674 sunt
3168 3618 3368 3675 amici.
3424 3624 3490 3678 Et
3526 3626 3667 3679 tunc
3705 3639 3767 3679 1n

2102 3710 2395 3769 beneﬁcio
2417 3712 2534 3766 tres
2562 3710 2766 3781 partes
2798 3703 3011 3760 Blavite
3042 3721 3246 3761 comes
3275 3709 3573 3765 concessit
3601 3712 3766 3766 fratri

2105 3818 2215 3858 suo
2239 3798 2530 3866 Josfredo,
2575 3798 2857 3869 quartam
2885 3792 2998 3848 sibi
3026 3793 3287 3867 retinuit,
3318 3800 3377 3852 et
3418 3794 3745 3855 conditioni

2103 3890 2220 3947 bus
2245 3886 2526 3960 congruis
2554 3880 2851 3957 paciﬁcati
2881 3885 3020 3937 sunt
3048 3898 3255 3939 amore
3282 3885 3589 3957 pracipuo
3614 3887 3691 3942 θ’.

2942 4059 2998 4115 2‘
3039 4059 3285 4117 Planctu
3314 4065 3353 4118 t.
3387 4079 3437 4119 c.
3470 4079 3519 4120 r.
3552 4068 3643 4121 est
3670 4066 3767 4122 de-

406 4137 555 4219 s‘unt
582 4134 634 4199 2,
650 4133 949 4219 tegantur
963 4104 1254 4219 ᾇξέεῖς
1286 4104 1425 4214 e’pp.
2740 4126 3041 4219 nobilium
3069 4136 3128 4189 et
3155 4104 3763 4219 inmanisﬁt?“ti

406 4203 566 4258 ﬂens
594 4202 851 4259 advenit.

962 4206 1015 4260 3*
1058 4209 1291 4261 Interea
1316 4204 1496 4274 jussu
1524 4201 1763 4265 Alduini
1794 4210 2057 4267 ﬂammis
2087 4215 2292 4266 exuste
2331 4210 2473 4262 sunt
2512 4202 2785 4259 malefice
2816 4201 3100 4258 mulieres
3136 4209 3302 4260 extra
3332 4206 3565 4262 urbem.
3596 4201 3764 4263 Po'st-

406 4290 603 4354 gpam
656 4290 801 4354 δῖεηο
861 4290 1074 4354 .comes
1124 4275 1569 4354 sepultusmest,
1628 4296 1771 4336 mox
1826 4285 2248 4354 processerunt
2292 4283 2371 4354 ἓτ-
2409 4279 2475 4333 G.
2526 4290 2661 4354 epp.
2711 4274 2868 4354 Eng.

2984 4277 3040 4329 4⁹
3099 4274 3463 4333 sollemniter
3510 4278 3650 4335 add.
3706 4283 3759 4333 2.

409 4345 469 4401 εἷ’
498 4350 623 4401 tam
652 4345 714 4400 in
744 4345 906 4401 terris
926 4362 1109 4419 quam
1129 4345 1367 4421 in‘ﬁliis
1396 4345 1492 4414 ²⁰“¹,
1513 4345 1662 4421 auro
1692 4356 1749 4408 et
1773 4345 2024 4421 ar‘gento
2056 4353 2243 4408 multo
2274 4349 2527 4421 aliisque
2541 4346 2751 4421 rebu_s._
2772 4347 2927 4421 Inter
2948 4349 3145 4402 cetera
3176 4346 3533 4421 midonaria
3547 4348 3765 4421 obtulit

407 4433 656 4504 crucem
686 4432 931 4504 auream
944 4414 1081 4504 cum
1102 4417 1365 4504 gemmis
1380 4417 1665 4504 precios‘is
1685 4414 2041 4504 pensantem
2060 4423 2245 4504 libras
2269 4414 2520 4493 septe'm,
2545 4414 2910 4504 candelabra
2930 4422 3222 4504 argentea
3253 4419 3668 4504 Sarrase‘nisca
3688 4421 3762 4453 ²⁰⁹

410 4487 747 4565 fabrefacta
770 4491 1078 4565 pensantia
1110 4487 1194 4565 ξιξ)
1220 4487 1411 4565 libras
1439 4487 1804 4565 quindecim,
1837 4500 1890 4549 2.
1920 4496 1987 4551 G.
2017 4510 2149 4564 epp.
2184 4487 2364 4563 Eng.;
2398 4505 2529 4563 quae
2556 4490 2730 4565 etiam
2760 4487 2909 4565 a_d.:__
2928 4489 3362 4565 totamsiluam
3388 4490 3462 4565 de
3486 4489 3760 4556 Veniaco,

408 4576 559 4635 quae
585 4558 910 4635 antiquitus
939 4560 998 4616 in
1023 4561 1295 4635 dominio
1319 4558 1511 4615 sancti
1539 4558 1808 4635 Eparchii
1839 4558 2182 4635 fuerat,'sed
2207 4558 2465 4635 demum
2482 4564 2725 4633 propter
2755 4558 3094 4635 abalienata
3123 4560 3205 4635 illi
3231 4565 3361 4635 erat
3390 4560 3475 4635 ab?
3496 4564 3765 4635 antecesf

411 4630 661 4687 sbribus
690 4630 1027 4687 comitibus.

411 4734 483 4744 -ο
513 4707 657 4758 sunt
687 4702 864 4758 amici
908 4704 1117 4760 desunt
1165 4708 1220 4759 2.

1139 4633 1197 4689 6"
1230 4635 1361 4689 Mox
1394 4633 1596 4687 comes
1619 4666 1688 4673 —
1713 4633 2042 4692 exercitum
2067 4633 2388 4741 adgregari
2426 4634 2637 4688 desunt
2678 4634 2731 4686 2.

1165 4708 1198 4741 ε)
1336 4702 1394 4741 Ω*
1442 4702 1602 4741 Tnnn
1638 4705 1935 4741 ῐηρειωΑιιο
1980 4706 2168 4741 ﬁlium
2212 4708 2256 4741 2!
2320 4719 2493 4741 mnam
2528 4715 2723 4741 nnmm

1336 4702 1394 4755 9'
1442 4702 1603 4759 Tunc
1631 4705 1937 4762 Josfredus
1980 4702 2181 4763 ﬁliuni
2212 4708 2256 4742 ²¹

2844 4630 2904 4686 7¹
2934 4630 3089 4701 illico
3120 4632 3261 4687 add.
3288 4636 3340 4701 2.
3454 4631 3510 4701 8'
3546 4634 3602 4685 et
3626 4632 3766 4701 post

2320 4719 2496 4760 suum
2528 4699 2971 4757 commendavit
3010 4700 3072 4757 in
3116 4700 3397 4758 manibus
3440 4700 3604 4755 fratri
3632 4699 3762 4755 ‘suo

408 4773 674 4830 Alduino
702 4773 902 4855 comiti
931 4779 1173 4902 prqpter
1203 4775 1403 4855 castra
1433 4771 1574 4853 duo,
1608 4790 1744 4902 quae
1774 4781 1912 4834 sunt
1931 4777 1993 4833 in
2024 4776 2400 4845 Sanctonico,
2433 4774 2656 4831 scilicet
2671 4772 3029 4829 Archiacum
3058 4775 3116 4829 et
3145 4768 3579 4840 Botamvillam,
3622 4783 3760 4842 quae

413 4860 660 4902 semper
689 4844 957 4901 adtinent
986 4861 1021 4901 a
1089 4849 1375 4902 comitem
1405 4845 1479 4879 ²¹²
1510 4847 1631 4902 Ego
1654 4863 1980 4902 ismensem
2011 4850 2085 4886 ²¹δ
2116 4850 2257 4902 add.
2291 4852 2344 4902 2.
2372 4847 2441 4902 G.
2470 4861 2601 4902 ειη).
2628 4844 2785 4902 Eng.

1595 4861 1631 4902 Ο

413 4860 660 4919 semper
689 4844 957 4901 adtinent
986 4844 1065 4902 ad
1089 4845 1375 4903 comitem
1405 4845 1479 4879 ²¹²
1510 4847 1593 4915 Eg

1654 4846 1980 4906 ismensem
2011 4850 2085 4886 ²¹³
2116 4850 2257 4908 add.
2291 4852 2344 4905 2.
2372 4844 2441 4903 G.
2470 4861 2601 4916 epp.
2628 4844 2785 4914 Eng.

1708 4990 1953 5074 nam:
1993 5018 2396 5076 LECTIONES.

417 5140 495 5176 ιοο
524 5138 752 5210 longuo
785 5141 833 5194 1.
928 5138 1002 5174 ²⁰⁰
1027 5137 1380 5195 anthiocum
1409 5152 1576 5210 eraso
1604 5139 1645 5195 h
1679 5144 1727 5195 1.

338 5213 493 5284 dum
513 5210 877 5284 .jguerpivit.
954 5212 1028 5246 ²⁰⁵
1053 5228 1113 5267 u.
1144 5210 1241 5267 die

1817 5141 1888 5176 ὀί
1923 5140 2085 5197 cultu
2116 5147 2164 5197 1.

1266 5225 1328 5282 p.
1360 5225 1408 5265 s.
1442 5226 1493 5265 e.
1518 5209 1613 5267 die
1646 5216 1695 5267 1.
1765 5213 1841 5248 ²⁰⁶
1881 5212 2174 5269 lasescere
2202 5216 2251 5267 1.
2332 5211 2405 5245 ²⁰⁷
2434 5209 2593 5264 silvis
2622 5208 2689 5282 ϐε

2776 5136 2850 5172 ²ο³
2878 5131 3128 5191 reddere
3161 5140 3208 5190 1.

3306 5132 3380 5170 ²⁰⁴
3408 5134 3535 5205 fort
3569 5132 3767 5207 legen-

2726 5222 2859 5277 epp.
2887 5207 3044 5277 Eng.

3101 5208 3173 5243 ²⁰⁸
3214 5222 3282 5262 ea
3314 5223 3364 5263 c.
3443 5208 3518 5241 ²⁰⁹
3548 5222 3767 5264 sarrra-

2256 5141 2331 5176 ²⁰²
2360 5139 2591 5208 lignum
2626 5141 2674 5191 1.

337 5283 466 5341 vita
494 5278 735 5353 Gfepp:
760 5284 913 5354 Eng.
982 5285 1057 5319 ²¹⁰
1094 5278 1419 5357 pensancie
1447 5297 1496 5338 c.
1550 5282 1727 5339 2“ﬁlii
1759 5300 1810 5341 c.
1890 5286 1962 5320 ²¹²
2020 5284 2370 5341 comitatum
2409 5282 2475 5337 G.
2501 5294 2633 5349 epp.
2663 5278 2824 5349 Eng.
2878 5280 2951 5312 ²¹³
3022 5278 3449 5350 etglmeensem
3473 5294 3525 5335 c.

1958 5434 2181 5489 NOT/E.

424 5562 579 5632 (166)
610 5557 674 5616 Id
705 5561 795 5615 est
820 5557 1066 5629 dimisit,
1098 5557 1361 5625 tradidit,
1384 5574 1423 5616 a
1448 5557 1674 5628 laxare,
1705 5558 1935 5616 laisser.
