4054 6188
411 166 480 219 79
1558 159 1871 216 ADEMABI
1911 159 1967 215 S.
2011 158 2289 216 CIBARDI
2328 158 2661 216 MONACHI.
3756 161 3821 215 80

478 287 567 340 68.
619 288 746 351 Qua
785 285 1135 356 tempestate
1175 282 1503 353 Odolricus,
1550 283 1737 339 sancti
1775 280 2060 340 Marcialis
2098 297 2143 349 Α
2174 281 2752 340 mareetaecclesiam
2772 280 2873 337 Dei
2902 280 3261 338 catholicam
3282 280 3820 353 venerari.Siguino

408 371 602 429 abbas
630 370 1094 443 vigilantissimae
1122 372 1471 440 honestatis,
1505 371 1870 443 Egolismam
1899 370 2062 428 venit

407 461 486 517 ad
510 460 809 517 Ilduinum
832 459 1132 516 comitem.
1169 465 1298 534 Ipse
1324 478 1464 518 vero
1490 465 1632 518 tunc
1662 459 1909 517 donavit
1926 475 2062 517 san-

406 553 499 606 cto
520 548 774 608 Marciali
816 548 1147 606 aecclesiam
1195 555 1411 607 sanctae
1451 550 1640 608 Mariae
1670 550 1732 606 in
1770 549 2060 606 territorio

404 638 833 710 Burdegalensi
875 656 1013 695 cum
1052 640 1248 697 insula
1277 656 1504 711 magna
1547 640 1859 696 Dornoniaa
1893 640 2057 711 (167),

402 727 463 783 in
492 744 615 801 qua
635 733 724 786 est
753 728 867 785 cita
891 747 904 799 ;
938 733 994 785 et
1022 734 1113 786 est
1136 730 1271 803 ipsa
1294 730 1491 787 insula
1518 729 1611 786 vel
1641 728 1908 786 recclesia
1937 744 2060 784 uno

400 815 538 889 plus
578 816 831 874 miliario
880 833 916 874 a
962 823 1160 875 castro
1201 818 1547 889 Franciaco,
1594 817 1762 891 quod
1829 821 1955 873 erat
1997 816 2059 872 in

401 904 671 963 dominio
693 907 1070 981 proprietatis
1101 908 1427 982 supradicti
1448 907 1680 964 comitis
1711 922 1850 962 cum
1872 905 2062 961 omni-

400 994 517 1052 bus
547 995 609 1052 in
639 996 889 1053 circuitu
918 997 1086 1054 terris
1115 1004 1173 1054 et
1201 998 1478 1054 castellis.
1515 1000 1707 1064 Quam
1728 996 2059 1070 possessio-

397 1100 541 1142 nem
565 1085 858 1142 retinebat
881 1102 950 1142 ex
973 1087 1106 1158 jure
1145 1087 1521 1146 haereditario
1551 1086 1755 1143 uxoris
1787 1102 1910 1141 suae
1949 1101 2058 1142 no-

399 1173 729 1243 bilissimae,
774 1175 1094 1230 comitissae
1117 1174 1368 1231 Alaiziae.
1414 1179 1578 1231 Pater
1601 1191 1740 1232 vero
1768 1174 1898 1246 ejus
1922 1173 2057 1229 Wil-

398 1263 615 1321 lelmus
641 1279 919 1319 reversus
941 1279 976 1319 a
1006 1263 1430 1336 Hierosolimis,
1457 1263 1657 1320 multis
1688 1262 2058 1336 principibus

334 1386 343 1389 η
402 1354 456 1410 1*
485 1352 719 1409 bonum
762 1352 871 1409 fuit
908 1352 1273 1426 exemplum.
1317 1353 1637 1410 Confestim
1680 1352 1840 1408 enim
1892 1351 2056 1407 Isim-

397 1441 602 1499 bertus
632 1441 951 1515 episcopus
1006 1442 1361 1510 Pictavinus,
1407 1446 1465 1497 et
1504 1440 1803 1497 Jordanus
1832 1439 2059 1513 episco-

397 1548 515 1606 pus
547 1530 913 1599 Lemovicus,
943 1534 1000 1587 et
1028 1546 1233 1587 comes
1263 1529 1460 1597 Fulco,
1484 1529 1810 1602 pluresque
1836 1528 2057 1601 prima-

399 1624 528 1677 tum
561 1620 617 1675 2'
647 1618 1100 1675 Hierosolimam
1122 1618 1393 1676 tendunt.

470 1713 559 1768 69.
575 1709 671 1765 His
690 1708 902 1765 diebus
928 1707 1247 1764 concilium
1268 1706 2052 1782 adgregavitepiscoporum

398 1802 457 1857 et
498 1797 789 1856 abbatum
836 1796 960 1852 dux
999 1796 1322 1853 Willelmus
1352 1796 1517 1870 apud
1556 1801 1831 1853 sanctum
1880 1799 2054 1854 Caro-

397 1888 548 1960 fum,
578 1889 821 1960 propter
850 1886 1285 1957 extinguendas
1311 1887 1588 1958 haereses,
1642 1903 1777 1960 quae
1807 1885 1987 1957 vulgo
2017 1903 2055 1943 a

397 1974 714 2033 Manicheis
738 1973 1308 2031 disseminabantur.
1362 1974 1445 2031 lbi
1488 1974 1810 2032 adfuerunt
1837 1990 2049 2032 omnes

397 2063 729 2139 Aquitaniae
777 2063 1096 2137 principes,
1127 2064 1350 2138 quibus
1395 2064 1660 2138 precepit
1699 2080 1912 2139 pacem
1957 2065 2052 2120 ﬁr-

403 2244 458 2300 i'
481 2241 805 2311 nobilibus,
828 2241 1238 2315 mediocribus
1265 2244 1322 2298 et
1341 2241 1711 2315 pauperibus
1741 2247 1794 2299 2.
1821 2244 1994 2299 Gesta
2023 2257 2093 2312 ep

472 2330 686 2396 perum
712 2330 781 2396 ac
807 2314 1063 2396 divitum
1093 2314 1235 2395 add.
1270 2314 1429 2395 2._’G.
1462 2314 1596 2396 app.
1629 2315 1786 2395 Eng.
1840 2314 1921 2396 _3‘
1946 2329 2068 2396 apu

2169 387 2306 428 vero
2347 369 2770 443 Burdegalensi
2808 369 3090 426 defuncto
3135 369 3597 442 archiepiscopo
3640 369 3819 442 (circa

2169 476 2268 518 an.
2304 462 2482 534 1020),
2510 464 2567 517 et
2585 459 2726 516 Acio
2751 463 2888 533 post
2912 475 3052 515 eum
3077 458 3376 529 ordinato,
3416 462 3474 513 et
3497 473 3620 514 non
3647 458 3819 529 longe

2168 556 2309 624 post
2337 551 2457 607 vita
2482 550 2737 624 privato,
2767 549 2891 605 dux
2916 548 3245 622 Aquitaniae
3273 547 3595 604 Willelmus
3616 553 3673 605 et
3701 548 3820 604 dux

2168 640 2493 697 Wasconiae
2534 639 2782 697 Saucius
2829 639 3156 710 adgregato
3186 642 3484 694 conventu
3527 641 3674 711 aput
3703 638 3821 694 Bla-

2168 727 2326 785 viam
2371 729 2553 800 (circa
2582 744 2683 785 an.
2729 728 2909 799 1027),
2957 726 3390 783 constituerunt
3435 724 3822 799 archiepisco-

2166 832 2316 889 pum
2370 816 2756 888 Gotefridum,
2806 815 3047 872 natione
3087 816 3162 850 ἰδ
3194 817 3510 881 Francum,
3551 813 3819 869 moribus

2165 906 2505 963 honestum.
2542 908 2653 973 Qui
2694 906 2919 962 ibidem
2949 905 3004 963 3'
3034 907 3417 961 consecratus
3442 908 3529 959 est
3557 919 3594 959 a
3615 904 3820 960 suifra-

2168 995 2373 1066 ganeis
2404 997 2477 1032 ²¹⁶
2508 994 2803 1069 episcopis
2832 994 2909 1051 4⁸.

2237 1089 2327 1141 70.
2341 1088 2463 1141 Rex
2475 1100 2717 1159 quoque
2739 1088 3016 1141 Navarrae
3041 1081 3600 1151 Sancius,adhibitis
3616 1096 3818 1138 secum

2166 1174 2577 1246 Wasconibus,
2606 1190 2789 1247 super
2816 1177 3175 1231 Sarracenos
3204 1173 3529 1229 exercitum
3550 1172 3739 1236 duxit,
3766 1177 3820 1227 et

2166 1263 2479 1320 devastata
2508 1262 2811 1336 Hispania,
2849 1280 2987 1319 cum
3027 1262 3229 1319 multis
3273 1261 3476 1336 spoliis
3507 1266 3563 1318 et
3595 1275 3817 1331 magno

2163 1353 2470 1427 triumpho
2509 1353 2794 1410 remeavit
2819 1353 2941 1427 (an.
2980 1354 3155 1425 1027).
3201 1356 3334 1425 Ipso
3374 1351 3632 1424 denique
3659 1367 3818 1407 anno

2165 1458 2270 1499 rex
2309 1443 2658 1500 Gallitianus
2709 1442 3046 1500 Adefonsus
3094 1444 3453 1499 Sarracenos
3497 1441 3817 1514 populatus

2164 1537 2251 1589 est
2265 1549 2488 1603 magna
2503 1532 2894 1601 infestatione,
2910 1536 2966 1589 et
2978 1531 3245 1605 quadam
3271 1530 3565 1603 Hispaniae
3587 1531 3816 1586 civitate

2086 1657 2125 1710 Β
2164 1637 2271 1695 per
2295 1621 2672 1678 obsidionem
2693 1638 2845 1695 pene
2869 1623 2924 1677 5'
2946 1637 3073 1676 sese
3105 1620 3373 1675 tradente
3395 1619 3466 1686 ei,
3491 1619 3639 1675 dum
3670 1618 3813 1692 ipse,

2161 1711 2346 1767 armis
2375 1710 2682 1784 depositis,
2716 1710 2977 1766 furentes
3007 1710 3370 1765 extrinsecus
3396 1707 3749 1764 christianos
3782 1725 3816 1765 a

2163 1797 2484 1854 certamine
2508 1797 2749 1854 sedaret
2766 1797 3050 1864 hostium,
3080 1796 3156 1852 ab
3189 1796 3573 1865 adversariis,
3597 1795 3815 1868 quibus

2161 1903 2407 1961 parcere
2445 1886 2814 1956 deliberavit,
2847 1884 2966 1942 ictu
3011 1886 3239 1955 sagittae
3269 1885 3412 1941 foris
3456 1900 3663 1941 muros
3693 1885 3814 1941 vul-

2160 1980 2402 2032 neratus
2440 1974 2677 2041 interiit,
2727 1979 2785 2031 et
2813 1975 2895 2030 sic
2924 1974 3218 2031 exercitus
3266 1973 3394 2045 ejus
3433 1973 3638 2030 dolore
3693 1991 3810 2030 non

2160 2063 2285 2121 sine
2305 2079 2530 2135 magno
2557 2063 2907 2134 regreditur,
2938 2062 3150 2134 lugens
3170 2062 3503 2136 principem
3530 2079 3707 2118 suum
3734 2065 3807 2119 ϐ’.

2072 2258 2155 2369 ἔρ.
2183 2243 2337 2313 Eng.
2414 2242 2470 2297 2‘
2496 2246 2553 2298 et
2572 2242 2803 2299 inﬁnita
2832 2241 3151 2299 multitudo
3176 2240 3572 2323 mediocrium
3593 2245 3647 2297 et
3669 2258 3813 2323 pau-

2145 2314 2430 2371 Sanctum
2460 2316 2799 2370 Romanum
2829 2314 2961 2369 edd.
2986 2318 3039 2369 2.
3116 2315 3173 2370 4·
3206 2318 3353 2370 Nam
3398 2313 3557 2368 Hislo
3587 2328 3811 2371 episco-

2185 2318 2430 2369 anetum
2460 2316 2799 2385 Romanum
2829 2314 2961 2369 edd.
2986 2318 3039 2369 2.
3116 2315 3173 2370 4·
3206 2318 3353 2370 Nam
3398 2313 3565 2385 Hislo
3587 2313 3811 2385 episco-

471 2383 585 2458 pus
604 2386 679 2467 ῗισ
711 2384 1219 2467 ὃαηοζοῃξςθρείξε
1239 2383 1962 2467 qui_archiepiscopatum
1984 2383 2184 2467 ipsum
2201 2384 2820 2467 susceperatvivente
2844 2390 3174 2467 etrogante
3196 2385 3333 2467 _Ati_o
3381 2383 3812 2467 permisi—dam-

472 2455 679 2530 pnato,
708 2461 920 2531 sponte
943 2458 1017 2493 ²¹⁷
1040 2455 1375 2529 (ἰθιδθὶὶεῄιίἀ
1406 2455 1741 2513 secundum
1753 2455 2074 2514 ‘canonu’m
2098 2455 2365 2513 instituta
2387 2455 2528 2513 add.
2558 2460 2611 2513 2.
2690 2458 2745 2513 δ’
2772 2457 2948 2514 deest.
2982 2461 3035 2512 2.
3113 2458 3171 2511 6'
3190 2455 3580 2512 fortissimum
3601 2456 3808 2511 add.2.

1763 2635 1993 2689 VARI/E3
2034 2633 2435 2691 LECTIONES.

463 2754 545 2807 ²1⁴
570 2755 813 2816 natione
843 2761 894 2815 1.
968 2756 1047 2799 21⁵
1076 2755 1392 2816 suﬂ‘rancis
1424 2761 1472 2813 1.
1548 2757 1629 2800 216
1655 2756 1784 2831 epis
1814 2756 2242 2815 scesconioscis
2269 2773 2319 2815 c.
2396 2756 2474 2802 217
2497 2756 2727 2831 spontie
2770 2762 2819 2813 1.

1992 2936 2214 2992 NOTAE.

468 3057 618 3134 (ιο-ι)
644 3058 985 3133 Dordogne.

1426 3252 2362 3261 .———.-——_-__.«——-n4—
2380 3254 2401 3258 ,γ

1661 3452 2501 3543 COMMEMORATO

1100 3684 1802 3811 ABBATUM
1892 3685 3085 3811 LEMOVICENSIUM

1464 3956 1801 4016 BASILICJ‘]
1843 3957 1899 4013 S.
1940 3957 2311 4014 MARTIALIS
2347 3956 2711 4031 APOSTOLI,

779 4141 1284 4257 Auctore
1366 4135 1957 4256 Ademaro
2040 4138 2624 4258 monacho
2685 4142 2799 4260 S.
2898 4142 3405 4261 Cibardi.

1268 4399 1467 4473 (Apud
1496 4398 1825 4471 Labbeum,
1859 4399 2237 4459 Bibliotheca
2264 4416 2422 4459 nova
2473 4417 2611 4472 mss,
2647 4404 2713 4473 Il,
2752 4405 2900 4475 271).

1858 4587 2273 4597 -_—-——_—.

444 4739 619 4795 Anno
645 4737 751 4795 848
778 4733 858 4793 ab
887 4734 1299 4794 incarnatione
1323 4734 1580 4805 Domini,
1621 4734 1941 4794 indictione
1973 4754 2028 4793 χι
2067 4741 2108 4797 C
2137 4753 2212 4794 ex
2241 4737 2560 4815 semitipsis
2592 4739 2878 4798 abbatem
2909 4742 3285 4813 constituere,
3315 4743 3421 4800 sed
3448 4743 3789 4816 regularem

370 4825 563 4901 pridie
583 4824 883 4885 Kalendas
897 4824 1133 4900 Aprilis,
1150 4825 1518 4900 temporibus
1537 4842 1748 4897 regum
1771 4826 2027 4884 Lotharii

371 4917 430 4972 et
455 4914 650 4974 Caroli
683 4914 864 4986 Calxi,
896 4929 1059 4971 nono
1090 4931 1252 4972 anno
1283 4919 1417 4988 post
1444 4918 1699 4971 mortem
1748 4915 2025 4972 Ludovici

368 5001 746 5077 imperatoris
794 5002 896 5062 ﬁlii
930 5003 1122 5062 Caroli
1152 5004 1344 5075 Magni
1374 5003 1751 5077 imperatoris
1792 5008 1849 5060 et
1877 5021 2026 5078 prae-

365 5089 518 5151 lium
549 5092 1018 5162 Fontanelicum,
1052 5096 1318 5151 mutatus
1347 5096 1435 5149 est
1465 5092 1829 5150 canonicalis
1857 5093 2025 5150 habi-

368 5185 463 5240 tus
486 5180 549 5239 in
577 5181 981 5243 monasticum
1010 5183 1070 5239 in
1100 5182 1349 5241 basilica
1381 5181 1700 5240 Salvatoris
1728 5184 1939 5241 mundi
1964 5188 2023 5241 et

365 5269 643 5331 Iartialis
672 5270 802 5343 ejus
832 5271 1091 5346 apostoli
1122 5271 1437 5330 Lemovica
1467 5272 1719 5330 civitate.

436 5358 559 5416 Hoc
584 5357 884 5416 Ainardus
916 5358 1111 5417 abbas
1141 5360 1329 5434 ipsius
1359 5360 1470 5417 loci
1498 5376 1621 5418 non
1646 5360 1888 5429 invitus,
1910 5362 2016 5418 sed

360 5447 735 5508 voluntarius
765 5464 904 5504 cum
953 5447 1098 5522 ipsis
1128 5450 1457 5520 canonicis,
1515 5453 1632 5506 Deo
1661 5449 2013 5523 inspirante,

361 5538 501 5612 egit,
521 5541 581 5596 et
609 5542 732 5597 tam
759 5536 892 5611 ipse
912 5552 1100 5613 quam
1129 5554 1339 5596 omnes
1357 5538 1629 5596 canonici
1654 5540 1704 5611 ej
1718 5556 1783 5595 us
1807 5544 2015 5596 semet-

359 5626 522 5701 ipsos
538 5626 601 5686 in
616 5625 833 5686 eodem
844 5625 980 5684 loco
992 5628 1325 5686 monachos
1348 5627 1610 5685 fecerunt
1624 5633 1679 5685 et
1695 5627 2015 5685 noluerunt

2134 4826 2420 4885 abbatem
2446 4829 2635 4886 sancti
2665 4829 2865 4887 Savini
2902 4830 3146 4887 nomine
3177 4831 3485 4889 Dodonem
3533 4832 3647 4890 sibi
3684 4833 3788 4890 ab-

2131 4914 2332 4973 batem
2363 4918 2689 4991 elegerunt,
2716 4923 2774 4975 et
2802 4920 3056 4992 perfecte
3086 4918 3390 4989 regulares
3416 4922 3781 4979 exstiterunt.

2203 5006 2431 5063 Primus
2462 5007 2661 5081 itaque
2694 5007 2884 5065 abbas
2905 5008 3085 5080 hujus
3110 5007 3227 5065 loci
3254 5025 3325 5065 ex
3355 5012 3655 5069 monacho
3675 5012 3787 5069 fuit

2126 5094 2289 5153 idem
2318 5098 2504 5167 Dodo,
2538 5103 2594 5155 et
2621 5098 2856 5172 praefuit
2881 5098 3069 5154 tribus
3096 5100 3290 5157 annis.

2202 5185 2512 5243 Secundus
2526 5186 2718 5243 abbas
2732 5187 2906 5244 Abbo
2916 5187 3337 5259 prmfuitannis
3347 5193 3527 5264 x1,cuj
3536 5209 3605 5249 us
3619 5209 3784 5250 anno

2125 5274 2337 5350 quinto
2359 5274 2603 5333 Carolus
2639 5276 2853 5334 Calvus
2873 5276 2933 5332 in
2964 5293 3169 5349 regem
3197 5281 3542 5338 Lemovicas
3569 5287 3783 5340 unctus

2125 5367 2266 5418 est‘a
2292 5362 2545 5419 Rodulfo
2577 5363 2919 5420 Bituricensi
2960 5366 3433 5442 archiepiscopo,
3461 5374 3517 5426 et
3557 5371 3781 5429 Stodilo

2128 5452 2526 5509 Lemovicensi
2540 5453 2907 5527 episcopo,et
2928 5454 3058 5511 aliis
3081 5458 3341 5514 Francia:
3371 5462 3428 5514 et
3446 5458 3780 5532 Aquitaniae

2123 5544 2179 5597 et
2205 5541 2380 5598 Italiae
2395 5546 2451 5598 et
2482 5543 2838 5613 Burgundiae
2868 5544 3549 5621 multis'archiepiscopis
3575 5554 3632 5606 et
3660 5549 3782 5622 epi-

2122 5628 2340 5703 scopis.
2354 5631 2473 5689 Hoc
2502 5646 2664 5689 anno
2683 5632 3030 5692 coenobium
3051 5634 3440 5693 Bello-locum
3461 5652 3497 5693 a
3523 5636 3777 5695 Rodulfo
