  <div class='ocr_page' id='page_1' title='image "/cluster/home/n/w/nwhite01/storage/ocr_20150623/141/hvd.32044054760012/046.png"; bbox 0 0 4048 6178; ppageno 0'>
   <div class='ocr_carea' id='block_1_1' title="bbox 302 129 3750 212">
    <p class='ocr_par' dir='ltr' id='par_1_1' title="bbox 302 129 3750 212">
     <span class='ocr_line' id='line_1_1' title="bbox 302 129 3750 212; baseline 0.011 -38"><span class='ocrx_word' id='word_1_1' title='bbox 302 134 362 187; x_wconf 74' lang='grc' dir='ltr'>εί</span> <span class='ocrx_word' id='word_1_2' title='bbox 1384 129 1976 193; x_wconf 80' lang='lat' dir='ltr'>COMMEMORATIO</span> <span class='ocrx_word' id='word_1_3' title='bbox 2014 135 2345 195; x_wconf 77' lang='lat' dir='ltr'>ABBATUM</span> <span class='ocrx_word' id='word_1_4' title='bbox 2382 140 2632 198; x_wconf 77' lang='lat' dir='ltr'>LEMOV.</span> <span class='ocrx_word' id='word_1_5' title='bbox 3680 156 3750 212; x_wconf 80' lang='lat'><strong>82</strong></span> 
     </span>
    </p>
   </div>
   <div class='ocr_carea' id='block_1_2' title="bbox 302 254 3746 338">
    <p class='ocr_par' dir='ltr' id='par_1_2' title="bbox 302 254 3746 338">
     <span class='ocr_line' id='line_1_2' title="bbox 302 254 3746 338; baseline 0.008 -29"><span class='ocrx_word' id='word_1_6' title='bbox 302 254 746 327; x_wconf 79' lang='lat' dir='ltr'>archiepiscopo</span> <span class='ocrx_word' id='word_1_7' title='bbox 800 255 1109 312; x_wconf 89' lang='lat' dir='ltr'>fundatum</span> <span class='ocrx_word' id='word_1_8' title='bbox 1172 260 1227 311; x_wconf 89' lang='lat' dir='ltr'>et</span> <span class='ocrx_word' id='word_1_9' title='bbox 1280 262 1755 324; x_wconf 87' lang='lat' dir='ltr'>consecratum,</span> <span class='ocrx_word' id='word_1_10' title='bbox 1808 262 1867 314; x_wconf 91' lang='lat' dir='ltr'>et</span> <span class='ocrx_word' id='word_1_11' title='bbox 1917 259 1973 315; x_wconf 99' lang='grc'>8.</span> <span class='ocrx_word' id='word_1_12' title='bbox 2014 264 2336 318; x_wconf 83' lang='lat' dir='ltr'>Avocatur</span> <span class='ocrx_word' id='word_1_13' title='bbox 2367 266 2781 337; x_wconf 88' lang='lat' dir='ltr'>Campanense</span> <span class='ocrx_word' id='word_1_14' title='bbox 2835 268 3009 338; x_wconf 81' lang='lat' dir='ltr'>juxta</span> <span class='ocrx_word' id='word_1_15' title='bbox 3052 270 3363 329; x_wconf 76' lang='lat' dir='ltr'>castellum</span> <span class='ocrx_word' id='word_1_16' title='bbox 3397 277 3746 337; x_wconf 78' lang='lat' dir='ltr'>Potentiam.</span> 
     </span>
    </p>
   </div>
   <div class='ocr_carea' id='block_1_3' title="bbox 304 344 1979 404">
    <p class='ocr_par' dir='ltr' id='par_1_3' title="bbox 304 344 1979 404">
     <span class='ocr_line' id='line_1_3' title="bbox 304 344 1979 404; baseline 0.002 -5"><span class='ocrx_word' id='word_1_17' title='bbox 304 344 584 400; x_wconf 82' lang='lat' dir='ltr'>Geraldus</span> <span class='ocrx_word' id='word_1_18' title='bbox 608 345 1015 402; x_wconf 79' lang='lat' dir='ltr'>Auriliacensis</span> <span class='ocrx_word' id='word_1_19' title='bbox 1050 351 1220 403; x_wconf 87' lang='lat' dir='ltr'>natus</span> <span class='ocrx_word' id='word_1_20' title='bbox 1249 348 1351 400; x_wconf 89' lang='lat' dir='ltr'>est.</span> <span class='ocrx_word' id='word_1_21' title='bbox 1421 344 1601 403; x_wconf 88' lang='lat' dir='ltr'>Obiit</span> <span class='ocrx_word' id='word_1_22' title='bbox 1651 348 1831 404; x_wconf 78' lang='lat' dir='ltr'>Abbo</span> <span class='ocrx_word' id='word_1_23' title='bbox 1882 364 1979 403; x_wconf 68' lang='lat' dir='ltr'>xxv</span> 
     </span>
    </p>
   </div>
   <div class='ocr_carea' id='block_1_4' title="bbox 302 433 751 491">
    <p class='ocr_par' dir='ltr' id='par_1_4' title="bbox 302 433 751 491">
     <span class='ocr_line' id='line_1_4' title="bbox 302 433 751 491; baseline 0.002 -1"><span class='ocrx_word' id='word_1_24' title='bbox 302 433 547 490; x_wconf 78' lang='lat' dir='ltr'>Kalend.</span> <span class='ocrx_word' id='word_1_25' title='bbox 578 434 751 491; x_wconf 86' lang='lat' dir='ltr'>Junii.</span> 
     </span>
    </p>
   </div>
   <div class='ocr_carea' id='block_1_5' title="bbox 369 522 1975 600">
    <p class='ocr_par' dir='ltr' id='par_1_5' title="bbox 369 522 1975 600">
     <span class='ocr_line' id='line_1_5' title="bbox 369 522 1975 600; baseline 0.002 -21"><span class='ocrx_word' id='word_1_26' title='bbox 369 522 591 580; x_wconf 88' lang='lat' dir='ltr'>Tertius</span> <span class='ocrx_word' id='word_1_27' title='bbox 619 523 808 581; x_wconf 83' lang='lat' dir='ltr'>abbas</span> <span class='ocrx_word' id='word_1_28' title='bbox 834 526 1066 600; x_wconf 77' lang='lat' dir='ltr'>pl‘thuit</span> <span class='ocrx_word' id='word_1_29' title='bbox 1094 524 1434 583; x_wconf 90' lang='lat' dir='ltr'>Benedictus</span> <span class='ocrx_word' id='word_1_30' title='bbox 1482 527 1681 582; x_wconf 90' lang='lat' dir='ltr'>annis</span> <span class='ocrx_word' id='word_1_31' title='bbox 1710 543 1812 582; x_wconf 87' lang='lat' dir='ltr'>xv.</span> <span class='ocrx_word' id='word_1_32' title='bbox 1856 527 1975 583; x_wconf 89' lang='lat' dir='ltr'>Hu-</span> 
     </span>
    </p>
   </div>
   <div class='ocr_carea' id='block_1_6' title="bbox 293 612 1973 688">
    <p class='ocr_par' dir='ltr' id='par_1_6' title="bbox 293 612 1973 688">
     <span class='ocr_line' id='line_1_6' title="bbox 293 612 1973 688; baseline 0.002 -20"><span class='ocrx_word' id='word_1_33' title='bbox 293 613 393 684; x_wconf 88' lang='lat' dir='ltr'>jus</span> <span class='ocrx_word' id='word_1_34' title='bbox 439 612 762 686; x_wconf 71' lang='lat' dir='ltr'>przesulatu</span> <span class='ocrx_word' id='word_1_35' title='bbox 815 615 1135 672; x_wconf 88' lang='lat' dir='ltr'>Normanni</span> <span class='ocrx_word' id='word_1_36' title='bbox 1197 618 1513 688; x_wconf 72' lang='lat' dir='ltr'>coeperunt</span> <span class='ocrx_word' id='word_1_37' title='bbox 1577 632 1648 672; x_wconf 89' lang='lat' dir='ltr'>se</span> <span class='ocrx_word' id='word_1_38' title='bbox 1706 616 1973 688; x_wconf 90' lang='lat' dir='ltr'>primum</span> 
     </span>
    </p>
   </div>
   <div class='ocr_carea' id='block_1_7' title="bbox 298 701 1976 776">
    <p class='ocr_par' dir='ltr' id='par_1_7' title="bbox 298 701 1976 776">
     <span class='ocr_line' id='line_1_7' title="bbox 298 701 1976 776; baseline 0.002 -19"><span class='ocrx_word' id='word_1_39' title='bbox 298 704 447 771; x_wconf 87' lang='grc'>(168)</span> <span class='ocrx_word' id='word_1_40' title='bbox 473 701 779 759; x_wconf 73' lang='lat' dir='ltr'>effundere</span> <span class='ocrx_word' id='word_1_41' title='bbox 809 703 870 759; x_wconf 92' lang='lat' dir='ltr'>in</span> <span class='ocrx_word' id='word_1_42' title='bbox 902 704 1203 761; x_wconf 86' lang='lat' dir='ltr'>Franciam</span> <span class='ocrx_word' id='word_1_43' title='bbox 1246 708 1301 761; x_wconf 90' lang='lat' dir='ltr'>et</span> <span class='ocrx_word' id='word_1_44' title='bbox 1329 703 1775 776; x_wconf 76' lang='lat' dir='ltr'>Aquitaniam;</span> <span class='ocrx_word' id='word_1_45' title='bbox 1831 703 1976 760; x_wconf 92' lang='lat' dir='ltr'>obiit</span> 
     </span>
    </p>
   </div>
   <div class='ocr_carea' id='block_1_8' title="bbox 296 791 1974 868">
    <p class='ocr_par' dir='ltr' id='par_1_8' title="bbox 296 791 1974 868">
     <span class='ocr_line' id='line_1_8' title="bbox 296 791 1974 868; baseline 0.001 -21"><span class='ocrx_word' id='word_1_46' title='bbox 296 807 393 847; x_wconf 71' lang='lat' dir='ltr'>xxv</span> <span class='ocrx_word' id='word_1_47' title='bbox 425 791 720 848; x_wconf 80' lang='lat' dir='ltr'>Kalendas</span> <span class='ocrx_word' id='word_1_48' title='bbox 754 792 1070 850; x_wconf 80' lang='lat' dir='ltr'>Februarii.</span> <span class='ocrx_word' id='word_1_49' title='bbox 1100 793 1316 852; x_wconf 88' lang='lat' dir='ltr'>Stodilo</span> <span class='ocrx_word' id='word_1_50' title='bbox 1346 792 1660 868; x_wconf 90' lang='lat' dir='ltr'>episeopo</span> <span class='ocrx_word' id='word_1_51' title='bbox 1707 793 1974 849; x_wconf 74' lang='lat' dir='ltr'>succedit</span> 
     </span>
    </p>
   </div>
   <div class='ocr_carea' id='block_1_9' title="bbox 296 879 1972 956">
    <p class='ocr_par' dir='ltr' id='par_1_9' title="bbox 296 879 1972 956">
     <span class='ocr_line' id='line_1_9' title="bbox 296 879 1972 956; baseline 0.002 -21"><span class='ocrx_word' id='word_1_52' title='bbox 296 879 445 935; x_wconf 75' lang='lat' dir='ltr'>Aldo</span> <span class='ocrx_word' id='word_1_53' title='bbox 474 880 794 954; x_wconf 86' lang='lat' dir='ltr'>episcopus</span> <span class='ocrx_word' id='word_1_54' title='bbox 839 886 899 939; x_wconf 90' lang='lat' dir='ltr'>et</span> <span class='ocrx_word' id='word_1_55' title='bbox 925 882 1070 939; x_wconf 91' lang='lat' dir='ltr'>obiit</span> <span class='ocrx_word' id='word_1_56' title='bbox 1106 883 1281 940; x_wconf 84' lang='lat' dir='ltr'>Nonis</span> <span class='ocrx_word' id='word_1_57' title='bbox 1335 883 1650 951; x_wconf 83' lang='lat' dir='ltr'>Octobris,</span> <span class='ocrx_word' id='word_1_58' title='bbox 1706 882 1972 956; x_wconf 75' lang='lat' dir='ltr'>sepultus</span> 
     </span>
    </p>
   </div>
   <div class='ocr_carea' id='block_1_10' title="bbox 294 968 1971 1029">
    <p class='ocr_par' dir='ltr' id='par_1_10' title="bbox 294 968 1971 1029">
     <span class='ocr_line' id='line_1_10' title="bbox 294 968 1971 1029; baseline 0.001 -4"><span class='ocrx_word' id='word_1_59' title='bbox 294 968 353 1025; x_wconf 93' lang='lat' dir='ltr'>in</span> <span class='ocrx_word' id='word_1_60' title='bbox 390 968 642 1026; x_wconf 86' lang='lat' dir='ltr'>basilica</span> <span class='ocrx_word' id='word_1_61' title='bbox 684 970 1006 1028; x_wconf 87' lang='lat' dir='ltr'>Salvatoris</span> <span class='ocrx_word' id='word_1_62' title='bbox 1057 972 1391 1029; x_wconf 67' lang='lat' dir='ltr'>Lemovices.</span> <span class='ocrx_word' id='word_1_63' title='bbox 1445 973 1603 1028; x_wconf 86' lang='lat' dir='ltr'>Post</span> <span class='ocrx_word' id='word_1_64' title='bbox 1641 988 1780 1029; x_wconf 91' lang='lat' dir='ltr'>eum</span> <span class='ocrx_word' id='word_1_65' title='bbox 1812 971 1971 1027; x_wconf 83' lang='lat' dir='ltr'>Geilo</span> 
     </span>
    </p>
   </div>
   <div class='ocr_carea' id='block_1_11' title="bbox 292 1058 1967 1135">
    <p class='ocr_par' dir='ltr' id='par_1_11' title="bbox 292 1058 1967 1135">
     <span class='ocr_line' id='line_1_11' title="bbox 292 1058 1967 1135; baseline 0.001 -21"><span class='ocrx_word' id='word_1_66' title='bbox 292 1058 616 1132; x_wconf 89' lang='lat' dir='ltr'>episcopus</span> <span class='ocrx_word' id='word_1_67' title='bbox 641 1060 880 1129; x_wconf 84' lang='lat' dir='ltr'>exstitit,</span> <span class='ocrx_word' id='word_1_68' title='bbox 913 1062 1017 1135; x_wconf 90' lang='lat' dir='ltr'>qui</span> <span class='ocrx_word' id='word_1_69' title='bbox 1047 1061 1189 1118; x_wconf 91' lang='lat' dir='ltr'>obiit</span> <span class='ocrx_word' id='word_1_70' title='bbox 1213 1079 1264 1117; x_wconf 80' lang='lat' dir='ltr'>Iv</span> <span class='ocrx_word' id='word_1_71' title='bbox 1293 1061 1431 1118; x_wconf 88' lang='lat' dir='ltr'>ldus</span> <span class='ocrx_word' id='word_1_72' title='bbox 1465 1061 1635 1117; x_wconf 86' lang='lat' dir='ltr'>Julii.</span> <span class='ocrx_word' id='word_1_73' title='bbox 1668 1065 1803 1118; x_wconf 88' lang='lat' dir='ltr'>Post</span> <span class='ocrx_word' id='word_1_74' title='bbox 1831 1077 1967 1117; x_wconf 91' lang='lat' dir='ltr'>eum</span> 
     </span>
    </p>
   </div>
   <div class='ocr_carea' id='block_1_12' title="bbox 290 1147 1284 1224">
    <p class='ocr_par' dir='ltr' id='par_1_12' title="bbox 290 1147 1284 1224">
     <span class='ocr_line' id='line_1_12' title="bbox 290 1147 1284 1224; baseline 0.004 -21"><span class='ocrx_word' id='word_1_75' title='bbox 290 1147 609 1204; x_wconf 80' lang='lat' dir='ltr'>Anselmus</span> <span class='ocrx_word' id='word_1_76' title='bbox 636 1148 1053 1224; x_wconf 82' lang='lat' dir='ltr'>episcopatum</span> <span class='ocrx_word' id='word_1_77' title='bbox 1082 1151 1284 1208; x_wconf 88' lang='lat' dir='ltr'>tenuit.</span> 
     </span>
    </p>
   </div>
   <div class='ocr_carea' id='block_1_13' title="bbox 362 1238 1964 1314">
    <p class='ocr_par' dir='ltr' id='par_1_13' title="bbox 362 1238 1964 1314">
     <span class='ocr_line' id='line_1_13' title="bbox 362 1238 1964 1314; baseline 0.002 -21"><span class='ocrx_word' id='word_1_78' title='bbox 362 1238 620 1301; x_wconf 88' lang='lat' dir='ltr'>Quartus</span> <span class='ocrx_word' id='word_1_79' title='bbox 680 1239 879 1297; x_wconf 87' lang='lat' dir='ltr'>abbas</span> <span class='ocrx_word' id='word_1_80' title='bbox 934 1240 1168 1314; x_wconf 62' lang='lat' dir='ltr'>praefuit</span> <span class='ocrx_word' id='word_1_81' title='bbox 1220 1241 1568 1298; x_wconf 88' lang='lat' dir='ltr'>Gonsindus</span> <span class='ocrx_word' id='word_1_82' title='bbox 1601 1240 1777 1297; x_wconf 89' lang='lat' dir='ltr'>annis</span> <span class='ocrx_word' id='word_1_83' title='bbox 1806 1258 1964 1297; x_wconf 78' lang='lat' dir='ltr'>xvui.</span> 
     </span>
    </p>
   </div>
   <div class='ocr_carea' id='block_1_14' title="bbox 290 1328 1969 1403">
    <p class='ocr_par' dir='ltr' id='par_1_14' title="bbox 290 1328 1969 1403">
     <span class='ocr_line' id='line_1_14' title="bbox 290 1328 1969 1403; baseline 0.003 -22"><span class='ocrx_word' id='word_1_84' title='bbox 290 1328 479 1398; x_wconf 83' lang='lat' dir='ltr'>Hujus</span> <span class='ocrx_word' id='word_1_85' title='bbox 535 1328 810 1385; x_wconf 89' lang='lat' dir='ltr'>secundo</span> <span class='ocrx_word' id='word_1_86' title='bbox 863 1346 1024 1386; x_wconf 87' lang='lat' dir='ltr'>anno</span> <span class='ocrx_word' id='word_1_87' title='bbox 1081 1330 1323 1388; x_wconf 82' lang='lat' dir='ltr'>Carolus</span> <span class='ocrx_word' id='word_1_88' title='bbox 1371 1329 1597 1388; x_wconf 86' lang='lat' dir='ltr'>Calvus</span> <span class='ocrx_word' id='word_1_89' title='bbox 1643 1330 1969 1403; x_wconf 83' lang='lat' dir='ltr'>imperator</span> 
     </span>
    </p>
   </div>
   <div class='ocr_carea' id='block_1_15' title="bbox 288 1414 1965 1490">
    <p class='ocr_par' dir='ltr' id='par_1_15' title="bbox 288 1414 1965 1490">
     <span class='ocr_line' id='line_1_15' title="bbox 288 1414 1965 1490; baseline 0.002 -20"><span class='ocrx_word' id='word_1_90' title='bbox 288 1414 435 1470; x_wconf 90' lang='lat' dir='ltr'>obiit</span> <span class='ocrx_word' id='word_1_91' title='bbox 464 1419 522 1472; x_wconf 92' lang='lat' dir='ltr'>et</span> <span class='ocrx_word' id='word_1_92' title='bbox 538 1414 700 1472; x_wconf 85' lang='lat' dir='ltr'>ﬁlius</span> <span class='ocrx_word' id='word_1_93' title='bbox 732 1417 867 1488; x_wconf 86' lang='lat' dir='ltr'>ejus</span> <span class='ocrx_word' id='word_1_94' title='bbox 917 1417 1248 1475; x_wconf 88' lang='lat' dir='ltr'>Ludovicus</span> <span class='ocrx_word' id='word_1_95' title='bbox 1296 1417 1516 1474; x_wconf 81' lang='lat' dir='ltr'>Balbus</span> <span class='ocrx_word' id='word_1_96' title='bbox 1568 1434 1826 1490; x_wconf 81' lang='lat' dir='ltr'>regnum</span> <span class='ocrx_word' id='word_1_97' title='bbox 1865 1436 1965 1474; x_wconf 85' lang='lat' dir='ltr'>su-</span> 
     </span>
    </p>
   </div>
   <div class='ocr_carea' id='block_1_16' title="bbox 289 1504 1967 1581">
    <p class='ocr_par' dir='ltr' id='par_1_16' title="bbox 289 1504 1967 1581">
     <span class='ocr_line' id='line_1_16' title="bbox 289 1504 1967 1581; baseline 0.004 -24"><span class='ocrx_word' id='word_1_98' title='bbox 289 1504 493 1577; x_wconf 90' lang='lat' dir='ltr'>scepit.</span> <span class='ocrx_word' id='word_1_99' title='bbox 524 1504 632 1561; x_wconf 84' lang='lat' dir='ltr'>Hic</span> <span class='ocrx_word' id='word_1_100' title='bbox 662 1505 859 1562; x_wconf 91' lang='lat' dir='ltr'>tribus</span> <span class='ocrx_word' id='word_1_101' title='bbox 891 1508 1063 1563; x_wconf 88' lang='lat' dir='ltr'>annis</span> <span class='ocrx_word' id='word_1_102' title='bbox 1093 1513 1414 1581; x_wconf 84' lang='lat' dir='ltr'>postquam</span> <span class='ocrx_word' id='word_1_103' title='bbox 1462 1512 1781 1578; x_wconf 82' lang='lat' dir='ltr'>regnasset</span> <span class='ocrx_word' id='word_1_104' title='bbox 1818 1508 1967 1565; x_wconf 90' lang='lat' dir='ltr'>obiit</span> 
     </span>
    </p>
   </div>
   <div class='ocr_carea' id='block_1_17' title="bbox 288 1593 1964 1670">
    <p class='ocr_par' dir='ltr' id='par_1_17' title="bbox 288 1593 1964 1670">
     <span class='ocr_line' id='line_1_17' title="bbox 288 1593 1964 1670; baseline 0.003 -22"><span class='ocrx_word' id='word_1_105' title='bbox 288 1596 345 1648; x_wconf 92' lang='lat' dir='ltr'>et</span> <span class='ocrx_word' id='word_1_106' title='bbox 372 1593 532 1649; x_wconf 80' lang='lat' dir='ltr'>filius</span> <span class='ocrx_word' id='word_1_107' title='bbox 562 1595 696 1666; x_wconf 89' lang='lat' dir='ltr'>ejus</span> <span class='ocrx_word' id='word_1_108' title='bbox 731 1596 981 1652; x_wconf 87' lang='lat' dir='ltr'>Carolus</span> <span class='ocrx_word' id='word_1_109' title='bbox 1017 1613 1272 1668; x_wconf 84' lang='lat' dir='ltr'>regnum</span> <span class='ocrx_word' id='word_1_110' title='bbox 1333 1598 1595 1670; x_wconf 90' lang='lat' dir='ltr'>suscepit</span> <span class='ocrx_word' id='word_1_111' title='bbox 1648 1600 1817 1669; x_wconf 84' lang='grc'>(169),</span> <span class='ocrx_word' id='word_1_112' title='bbox 1868 1598 1964 1653; x_wconf 92' lang='lat' dir='ltr'>cui</span> 
     </span>
    </p>
   </div>
   <div class='ocr_carea' id='block_1_18' title="bbox 289 1681 1960 1760">
    <p class='ocr_par' dir='ltr' id='par_1_18' title="bbox 289 1681 1960 1760">
     <span class='ocr_line' id='line_1_18' title="bbox 289 1681 1960 1760; baseline 0.001 -21"><span class='ocrx_word' id='word_1_113' title='bbox 289 1681 417 1739; x_wconf 93' lang='lat' dir='ltr'>Odo</span> <span class='ocrx_word' id='word_1_114' title='bbox 441 1700 547 1739; x_wconf 87' lang='lat' dir='ltr'>rex</span> <span class='ocrx_word' id='word_1_115' title='bbox 573 1700 835 1754; x_wconf 87' lang='lat' dir='ltr'>regnum</span> <span class='ocrx_word' id='word_1_116' title='bbox 872 1685 1112 1741; x_wconf 89' lang='lat' dir='ltr'>abstulit</span> <span class='ocrx_word' id='word_1_117' title='bbox 1140 1690 1197 1742; x_wconf 89' lang='lat' dir='ltr'>et</span> <span class='ocrx_word' id='word_1_118' title='bbox 1225 1702 1335 1760; x_wconf 91' lang='lat' dir='ltr'>pro</span> <span class='ocrx_word' id='word_1_119' title='bbox 1365 1703 1435 1742; x_wconf 92' lang='lat' dir='ltr'>eo</span> <span class='ocrx_word' id='word_1_120' title='bbox 1462 1686 1747 1756; x_wconf 83' lang='lat' dir='ltr'>regnavit.</span> <span class='ocrx_word' id='word_1_121' title='bbox 1791 1687 1960 1742; x_wconf 86' lang='lat' dir='ltr'>Hunc</span> 
     </span>
    </p>
   </div>
   <div class='ocr_carea' id='block_1_19' title="bbox 289 1769 1961 1847">
    <p class='ocr_par' dir='ltr' id='par_1_19' title="bbox 289 1769 1961 1847">
     <span class='ocr_line' id='line_1_19' title="bbox 289 1769 1961 1847; baseline 0.002 -21"><span class='ocrx_word' id='word_1_122' title='bbox 289 1769 575 1829; x_wconf 83' lang='lat' dir='ltr'>abbatem</span> <span class='ocrx_word' id='word_1_123' title='bbox 605 1789 733 1830; x_wconf 93' lang='lat' dir='ltr'>non</span> <span class='ocrx_word' id='word_1_124' title='bbox 774 1775 1069 1831; x_wconf 84' lang='lat' dir='ltr'>mitterem</span> <span class='ocrx_word' id='word_1_125' title='bbox 1120 1775 1183 1831; x_wconf 92' lang='lat' dir='ltr'>in</span> <span class='ocrx_word' id='word_1_126' title='bbox 1238 1775 1533 1847; x_wconf 84' lang='lat' dir='ltr'>catalogo,</span> <span class='ocrx_word' id='word_1_127' title='bbox 1585 1775 1699 1831; x_wconf 90' lang='lat' dir='ltr'>nisi</span> <span class='ocrx_word' id='word_1_128' title='bbox 1753 1775 1961 1831; x_wconf 88' lang='lat' dir='ltr'>fuisset</span> 
     </span>
    </p>
   </div>
   <div class='ocr_carea' id='block_1_20' title="bbox 290 1861 1960 1921">
    <p class='ocr_par' dir='ltr' id='par_1_20' title="bbox 290 1861 1960 1921">
     <span class='ocr_line' id='line_1_20' title="bbox 290 1861 1960 1921; baseline 0.002 -6"><span class='ocrx_word' id='word_1_129' title='bbox 290 1861 629 1919; x_wconf 88' lang='lat' dir='ltr'>monastico</span> <span class='ocrx_word' id='word_1_130' title='bbox 658 1864 876 1920; x_wconf 90' lang='lat' dir='ltr'>habitu</span> <span class='ocrx_word' id='word_1_131' title='bbox 902 1864 1166 1921; x_wconf 90' lang='lat' dir='ltr'>indutus.</span> <span class='ocrx_word' id='word_1_132' title='bbox 1225 1868 1375 1921; x_wconf 86' lang='lat' dir='ltr'>Nam</span> <span class='ocrx_word' id='word_1_133' title='bbox 1422 1864 1600 1921; x_wconf 91' lang='lat' dir='ltr'>nimis</span> <span class='ocrx_word' id='word_1_134' title='bbox 1646 1864 1825 1921; x_wconf 91' lang='lat' dir='ltr'>corde</span> <span class='ocrx_word' id='word_1_135' title='bbox 1854 1882 1960 1919; x_wconf 66' lang='lat' dir='ltr'>sae-</span> 
     </span>
    </p>
   </div>
   <div class='ocr_carea' id='block_1_21' title="bbox 292 1949 1959 2011">
    <p class='ocr_par' dir='ltr' id='par_1_21' title="bbox 292 1949 1959 2011">
     <span class='ocr_line' id='line_1_21' title="bbox 292 1949 1959 2011; baseline 0.003 -6"><span class='ocrx_word' id='word_1_136' title='bbox 292 1949 506 2007; x_wconf 88' lang='lat' dir='ltr'>cularis</span> <span class='ocrx_word' id='word_1_137' title='bbox 533 1952 760 2009; x_wconf 91' lang='lat' dir='ltr'>multas</span> <span class='ocrx_word' id='word_1_138' title='bbox 789 1953 1068 2010; x_wconf 90' lang='lat' dir='ltr'>ecclesias</span> <span class='ocrx_word' id='word_1_139' title='bbox 1096 1958 1153 2011; x_wconf 90' lang='lat' dir='ltr'>et</span> <span class='ocrx_word' id='word_1_140' title='bbox 1186 1959 1374 2011; x_wconf 89' lang='lat' dir='ltr'>terras</span> <span class='ocrx_word' id='word_1_141' title='bbox 1395 1970 1432 2011; x_wconf 91' lang='lat' dir='ltr'>a</span> <span class='ocrx_word' id='word_1_142' title='bbox 1460 1953 1706 2010; x_wconf 87' lang='lat' dir='ltr'>basilica</span> <span class='ocrx_word' id='word_1_143' title='bbox 1734 1954 1959 2011; x_wconf 83' lang='lat' dir='ltr'>Martia-</span> 
     </span>
    </p>
   </div>
   <div class='ocr_carea' id='block_1_22' title="bbox 289 2039 1959 2115">
    <p class='ocr_par' dir='ltr' id='par_1_22' title="bbox 289 2039 1959 2115">
     <span class='ocr_line' id='line_1_22' title="bbox 289 2039 1959 2115; baseline 0.002 -21"><span class='ocrx_word' id='word_1_144' title='bbox 289 2039 359 2094; x_wconf 91' lang='lat' dir='ltr'>lis</span> <span class='ocrx_word' id='word_1_145' title='bbox 403 2042 663 2113; x_wconf 90' lang='lat' dir='ltr'>apostoli</span> <span class='ocrx_word' id='word_1_146' title='bbox 719 2042 965 2100; x_wconf 86' lang='lat' dir='ltr'>abstulit</span> <span class='ocrx_word' id='word_1_147' title='bbox 1013 2049 1069 2099; x_wconf 89' lang='lat' dir='ltr'>et</span> <span class='ocrx_word' id='word_1_148' title='bbox 1126 2043 1516 2100; x_wconf 73' lang='lat' dir='ltr'>saecularibus</span> <span class='ocrx_word' id='word_1_149' title='bbox 1563 2042 1959 2115; x_wconf 88' lang='lat' dir='ltr'>potestatibus</span> 
     </span>
    </p>
   </div>
   <div class='ocr_carea' id='block_1_23' title="bbox 288 2128 1762 2190">
    <p class='ocr_par' dir='ltr' id='par_1_23' title="bbox 288 2128 1762 2190">
     <span class='ocr_line' id='line_1_23' title="bbox 288 2128 1762 2190; baseline 0.001 -6"><span class='ocrx_word' id='word_1_150' title='bbox 288 2128 573 2186; x_wconf 88' lang='lat' dir='ltr'>inutiliter</span> <span class='ocrx_word' id='word_1_151' title='bbox 593 2132 906 2189; x_wconf 90' lang='lat' dir='ltr'>concessit.</span> <span class='ocrx_word' id='word_1_152' title='bbox 938 2132 1091 2190; x_wconf 87' lang='lat' dir='ltr'>Obiit</span> <span class='ocrx_word' id='word_1_153' title='bbox 1119 2150 1195 2189; x_wconf 86' lang='lat' dir='ltr'>vn</span> <span class='ocrx_word' id='word_1_154' title='bbox 1228 2132 1357 2190; x_wconf 89' lang='lat' dir='ltr'>Kal.</span> <span class='ocrx_word' id='word_1_155' title='bbox 1392 2131 1762 2189; x_wconf 87' lang='lat' dir='ltr'>Novembris.</span> 
     </span>
    </p>
   </div>
   <div class='ocr_carea' id='block_1_24' title="bbox 358 2220 1960 2296">
    <p class='ocr_par' dir='ltr' id='par_1_24' title="bbox 358 2220 1960 2296">
     <span class='ocr_line' id='line_1_24' title="bbox 358 2220 1960 2296; baseline 0.001 -20"><span class='ocrx_word' id='word_1_156' title='bbox 358 2220 619 2285; x_wconf 87' lang='lat' dir='ltr'>Quintus</span> <span class='ocrx_word' id='word_1_157' title='bbox 652 2221 845 2278; x_wconf 86' lang='lat' dir='ltr'>abbas</span> <span class='ocrx_word' id='word_1_158' title='bbox 876 2222 1184 2279; x_wconf 88' lang='lat' dir='ltr'>Fulbertus</span> <span class='ocrx_word' id='word_1_159' title='bbox 1214 2221 1452 2296; x_wconf 65' lang='lat' dir='ltr'>praefuit</span> <span class='ocrx_word' id='word_1_160' title='bbox 1479 2222 1654 2278; x_wconf 88' lang='lat' dir='ltr'>annis</span> <span class='ocrx_word' id='word_1_161' title='bbox 1685 2238 1761 2277; x_wconf 74' lang='lat' dir='ltr'>vr.</span> <span class='ocrx_word' id='word_1_162' title='bbox 1805 2220 1960 2278; x_wconf 90' lang='lat' dir='ltr'>Obiit</span> 
     </span>
    </p>
   </div>
   <div class='ocr_carea' id='block_1_25' title="bbox 286 2308 1956 2385">
    <p class='ocr_par' dir='ltr' id='par_1_25' title="bbox 286 2308 1956 2385">
     <span class='ocr_line' id='line_1_25' title="bbox 286 2308 1956 2385; baseline 0.002 -21"><span class='ocrx_word' id='word_1_163' title='bbox 286 2325 345 2363; x_wconf 78' lang='lat' dir='ltr'>ix</span> <span class='ocrx_word' id='word_1_164' title='bbox 372 2308 625 2366; x_wconf 83' lang='lat' dir='ltr'>Kalend.</span> <span class='ocrx_word' id='word_1_165' title='bbox 660 2310 978 2368; x_wconf 87' lang='lat' dir='ltr'>Februarii.</span> <span class='ocrx_word' id='word_1_166' title='bbox 1013 2313 1204 2384; x_wconf 86' lang='lat' dir='ltr'>Hujus</span> <span class='ocrx_word' id='word_1_167' title='bbox 1227 2328 1391 2369; x_wconf 91' lang='lat' dir='ltr'>anno</span> <span class='ocrx_word' id='word_1_168' title='bbox 1420 2312 1631 2385; x_wconf 91' lang='lat' dir='ltr'>quinto</span> <span class='ocrx_word' id='word_1_169' title='bbox 1679 2310 1805 2369; x_wconf 93' lang='lat' dir='ltr'>Odo</span> <span class='ocrx_word' id='word_1_170' title='bbox 1852 2327 1956 2367; x_wconf 91' lang='lat' dir='ltr'>rex</span> 
     </span>
    </p>
   </div>
   <div class='ocr_carea' id='block_1_26' title="bbox 283 2396 1956 2474">
    <p class='ocr_par' dir='ltr' id='par_1_26' title="bbox 283 2396 1956 2474">
     <span class='ocr_line' id='line_1_26' title="bbox 283 2396 1956 2474; baseline 0.002 -22"><span class='ocrx_word' id='word_1_171' title='bbox 283 2396 437 2453; x_wconf 91' lang='lat' dir='ltr'>obiit</span> <span class='ocrx_word' id='word_1_172' title='bbox 482 2404 543 2454; x_wconf 90' lang='lat' dir='ltr'>et</span> <span class='ocrx_word' id='word_1_173' title='bbox 588 2400 791 2456; x_wconf 89' lang='lat' dir='ltr'>Carlus</span> <span class='ocrx_word' id='word_1_174' title='bbox 842 2401 1026 2457; x_wconf 81' lang='lat' dir='ltr'>Minor</span> <span class='ocrx_word' id='word_1_175' title='bbox 1072 2417 1332 2473; x_wconf 88' lang='lat' dir='ltr'>regnum</span> <span class='ocrx_word' id='word_1_176' title='bbox 1381 2398 1772 2474; x_wconf 88' lang='lat' dir='ltr'>recuperavit.</span> <span class='ocrx_word' id='word_1_177' title='bbox 1822 2403 1956 2473; x_wconf 89' lang='lat' dir='ltr'>Ipso</span> 
     </span>
    </p>
   </div>
   <div class='ocr_carea' id='block_1_27' title="bbox 283 2489 1955 2564">
    <p class='ocr_par' dir='ltr' id='par_1_27' title="bbox 283 2489 1955 2564">
     <span class='ocr_line' id='line_1_27' title="bbox 283 2489 1955 2564; baseline 0.002 -21"><span class='ocrx_word' id='word_1_178' title='bbox 283 2504 451 2545; x_wconf 91' lang='lat' dir='ltr'>anno</span> <span class='ocrx_word' id='word_1_179' title='bbox 486 2490 805 2547; x_wconf 86' lang='lat' dir='ltr'>Anselmus</span> <span class='ocrx_word' id='word_1_180' title='bbox 852 2491 1171 2564; x_wconf 86' lang='lat' dir='ltr'>episcopus</span> <span class='ocrx_word' id='word_1_181' title='bbox 1234 2489 1673 2547; x_wconf 87' lang='lat' dir='ltr'>Lemovicensis</span> <span class='ocrx_word' id='word_1_182' title='bbox 1727 2489 1874 2546; x_wconf 92' lang='lat' dir='ltr'>obiit</span> <span class='ocrx_word' id='word_1_183' title='bbox 1917 2507 1955 2547; x_wconf 91' lang='lat' dir='ltr'>v</span> 
     </span>
    </p>
   </div>
   <div class='ocr_carea' id='block_1_28' title="bbox 284 2578 1951 2655">
    <p class='ocr_par' dir='ltr' id='par_1_28' title="bbox 284 2578 1951 2655">
     <span class='ocr_line' id='line_1_28' title="bbox 284 2578 1951 2655; baseline 0.002 -22"><span class='ocrx_word' id='word_1_184' title='bbox 284 2578 429 2634; x_wconf 88' lang='lat' dir='ltr'>ldus</span> <span class='ocrx_word' id='word_1_185' title='bbox 489 2579 807 2650; x_wconf 82' lang='lat' dir='ltr'>Februarii,</span> <span class='ocrx_word' id='word_1_186' title='bbox 871 2582 1142 2655; x_wconf 89' lang='lat' dir='ltr'>sepultus</span> <span class='ocrx_word' id='word_1_187' title='bbox 1203 2581 1265 2638; x_wconf 91' lang='lat' dir='ltr'>in</span> <span class='ocrx_word' id='word_1_188' title='bbox 1322 2581 1571 2638; x_wconf 90' lang='lat' dir='ltr'>basilica</span> <span class='ocrx_word' id='word_1_189' title='bbox 1630 2580 1951 2638; x_wconf 87' lang='lat' dir='ltr'>Salvatoris</span> 
     </span>
    </p>
   </div>
   <div class='ocr_carea' id='block_1_29' title="bbox 275 2667 1664 2745">
    <p class='ocr_par' dir='ltr' id='par_1_29' title="bbox 275 2667 1664 2745">
     <span class='ocr_line' id='line_1_29' title="bbox 275 2667 1664 2745; baseline 0.002 -22"><span class='ocrx_word' id='word_1_190' title='bbox 275 2667 459 2737; x_wconf 83' lang='lat' dir='ltr'>juxta</span> <span class='ocrx_word' id='word_1_191' title='bbox 489 2684 709 2742; x_wconf 89' lang='lat' dir='ltr'>corpus</span> <span class='ocrx_word' id='word_1_192' title='bbox 740 2671 1066 2743; x_wconf 87' lang='lat' dir='ltr'>supradicti</span> <span class='ocrx_word' id='word_1_193' title='bbox 1095 2671 1345 2727; x_wconf 83' lang='lat' dir='ltr'>Aldonis</span> <span class='ocrx_word' id='word_1_194' title='bbox 1375 2669 1664 2745; x_wconf 86' lang='lat' dir='ltr'>episcopi.</span> 
     </span>
    </p>
   </div>
   <div class='ocr_carea' id='block_1_30' title="bbox 356 2757 1948 2833">
    <p class='ocr_par' dir='ltr' id='par_1_30' title="bbox 356 2757 1948 2833">
     <span class='ocr_line' id='line_1_30' title="bbox 356 2757 1948 2833; baseline 0.002 -21"><span class='ocrx_word' id='word_1_195' title='bbox 356 2757 576 2813; x_wconf 80' lang='lat' dir='ltr'>Sextus</span> <span class='ocrx_word' id='word_1_196' title='bbox 633 2758 821 2816; x_wconf 87' lang='lat' dir='ltr'>abbas</span> <span class='ocrx_word' id='word_1_197' title='bbox 893 2759 1204 2817; x_wconf 86' lang='lat' dir='ltr'>Fulbertus</span> <span class='ocrx_word' id='word_1_198' title='bbox 1287 2759 1523 2833; x_wconf 76' lang='lat' dir='ltr'>praefuit</span> <span class='ocrx_word' id='word_1_199' title='bbox 1598 2757 1773 2816; x_wconf 90' lang='lat' dir='ltr'>annis</span> <span class='ocrx_word' id='word_1_200' title='bbox 1847 2775 1948 2815; x_wconf 85' lang='lat' dir='ltr'>xx.</span> 
     </span>
    </p>
   </div>
   <div class='ocr_carea' id='block_1_31' title="bbox 282 2846 1952 2920">
    <p class='ocr_par' dir='ltr' id='par_1_31' title="bbox 282 2846 1952 2920">
     <span class='ocr_line' id='line_1_31' title="bbox 282 2846 1952 2920; baseline 0.002 -20"><span class='ocrx_word' id='word_1_201' title='bbox 282 2846 481 2917; x_wconf 82' lang='lat' dir='ltr'>Hujus</span> <span class='ocrx_word' id='word_1_202' title='bbox 537 2862 695 2903; x_wconf 90' lang='lat' dir='ltr'>anno</span> <span class='ocrx_word' id='word_1_203' title='bbox 746 2854 907 2904; x_wconf 87' lang='lat' dir='ltr'>sexto</span> <span class='ocrx_word' id='word_1_204' title='bbox 965 2854 1208 2905; x_wconf 90' lang='lat' dir='ltr'>sanctus</span> <span class='ocrx_word' id='word_1_205' title='bbox 1268 2847 1554 2905; x_wconf 86' lang='lat' dir='ltr'>Geraldus</span> <span class='ocrx_word' id='word_1_206' title='bbox 1608 2846 1776 2920; x_wconf 92' lang='lat' dir='ltr'>apud</span> <span class='ocrx_word' id='word_1_207' title='bbox 1838 2851 1952 2904; x_wconf 85' lang='lat' dir='ltr'>Au-</span> 
     </span>
    </p>
   </div>
   <div class='ocr_carea' id='block_1_32' title="bbox 275 2933 1951 3009">
    <p class='ocr_par' dir='ltr' id='par_1_32' title="bbox 275 2933 1951 3009">
     <span class='ocr_line' id='line_1_32' title="bbox 275 2933 1951 3009; baseline 0.002 -20"><span class='ocrx_word' id='word_1_208' title='bbox 275 2933 565 2990; x_wconf 88' lang='lat' dir='ltr'>riliacum</span> <span class='ocrx_word' id='word_1_209' title='bbox 615 2935 757 2992; x_wconf 92' lang='lat' dir='ltr'>obiit</span> <span class='ocrx_word' id='word_1_210' title='bbox 807 2937 973 2993; x_wconf 90' lang='lat' dir='ltr'>tertio</span> <span class='ocrx_word' id='word_1_211' title='bbox 1026 2938 1166 2993; x_wconf 88' lang='lat' dir='ltr'>ldus</span> <span class='ocrx_word' id='word_1_212' title='bbox 1225 2936 1514 3005; x_wconf 88' lang='lat' dir='ltr'>Octobris,</span> <span class='ocrx_word' id='word_1_213' title='bbox 1573 2934 1840 3009; x_wconf 91' lang='lat' dir='ltr'>sepultus</span> <span class='ocrx_word' id='word_1_214' title='bbox 1889 2936 1951 2992; x_wconf 90' lang='lat' dir='ltr'>in</span> 
     </span>
    </p>
   </div>
   <div class='ocr_carea' id='block_1_33' title="bbox 276 3023 1947 3100">
    <p class='ocr_par' dir='ltr' id='par_1_33' title="bbox 276 3023 1947 3100">
     <span class='ocr_line' id='line_1_33' title="bbox 276 3023 1947 3100; baseline 0.002 -23"><span class='ocrx_word' id='word_1_215' title='bbox 276 3023 655 3080; x_wconf 82' lang='lat' dir='ltr'>monasterio</span> <span class='ocrx_word' id='word_1_216' title='bbox 684 3026 828 3081; x_wconf 89' lang='lat' dir='ltr'>Petri</span> <span class='ocrx_word' id='word_1_217' title='bbox 857 3026 1112 3099; x_wconf 89' lang='lat' dir='ltr'>apostoli</span> <span class='ocrx_word' id='word_1_218' title='bbox 1137 3025 1309 3100; x_wconf 89' lang='lat' dir='ltr'>quod</span> <span class='ocrx_word' id='word_1_219' title='bbox 1355 3025 1483 3098; x_wconf 89' lang='lat' dir='ltr'>ipse</span> <span class='ocrx_word' id='word_1_220' title='bbox 1529 3024 1947 3081; x_wconf 66' lang='lat' dir='ltr'>aediﬁcaverat.</span> 
     </span>
    </p>
   </div>
   <div class='ocr_carea' id='block_1_34' title="bbox 280 3111 1950 3183">
    <p class='ocr_par' dir='ltr' id='par_1_34' title="bbox 280 3111 1950 3183">
     <span class='ocr_line' id='line_1_34' title="bbox 280 3111 1950 3183; baseline 0.002 -18"><span class='ocrx_word' id='word_1_221' title='bbox 280 3111 479 3183; x_wconf 83' lang='lat' dir='ltr'>Hujus</span> <span class='ocrx_word' id='word_1_222' title='bbox 510 3111 743 3169; x_wconf 87' lang='lat' dir='ltr'>abbatis</span> <span class='ocrx_word' id='word_1_223' title='bbox 772 3130 931 3171; x_wconf 91' lang='lat' dir='ltr'>anno</span> <span class='ocrx_word' id='word_1_224' title='bbox 950 3115 1187 3171; x_wconf 89' lang='lat' dir='ltr'>decimo</span> <span class='ocrx_word' id='word_1_225' title='bbox 1218 3130 1383 3171; x_wconf 90' lang='lat' dir='ltr'>nono</span> <span class='ocrx_word' id='word_1_226' title='bbox 1410 3113 1557 3170; x_wconf 90' lang='lat' dir='ltr'>obiit</span> <span class='ocrx_word' id='word_1_227' title='bbox 1605 3112 1950 3171; x_wconf 88' lang='lat' dir='ltr'>Guillelmus</span> 
     </span>
    </p>
   </div>
   <div class='ocr_carea' id='block_1_35' title="bbox 277 3199 1949 3279">
    <p class='ocr_par' dir='ltr' id='par_1_35' title="bbox 277 3199 1949 3279">
     <span class='ocr_line' id='line_1_35' title="bbox 277 3199 1949 3279; baseline 0.003 -25"><span class='ocrx_word' id='word_1_228' title='bbox 277 3199 432 3269; x_wconf 88' lang='lat' dir='ltr'>dux,</span> <span class='ocrx_word' id='word_1_229' title='bbox 464 3217 672 3258; x_wconf 90' lang='lat' dir='ltr'>comes</span> <span class='ocrx_word' id='word_1_230' title='bbox 700 3204 991 3272; x_wconf 78' lang='lat' dir='ltr'>Arvernis,</span> <span class='ocrx_word' id='word_1_231' title='bbox 1041 3204 1145 3279; x_wconf 89' lang='lat' dir='ltr'>qui</span> <span class='ocrx_word' id='word_1_232' title='bbox 1202 3204 1555 3262; x_wconf 90' lang='lat' dir='ltr'>Cluniacum</span> <span class='ocrx_word' id='word_1_233' title='bbox 1605 3202 1949 3259; x_wconf 66' lang='lat' dir='ltr'>coenobium</span> 
     </span>
    </p>
   </div>
   <div class='ocr_carea' id='block_1_36' title="bbox 276 3288 1951 3361">
    <p class='ocr_par' dir='ltr' id='par_1_36' title="bbox 276 3288 1951 3361">
     <span class='ocr_line' id='line_1_36' title="bbox 276 3288 1951 3361; baseline 0.003 -18"><span class='ocrx_word' id='word_1_234' title='bbox 276 3288 609 3346; x_wconf 69' lang='lat' dir='ltr'>aedificavit</span> <span class='ocrx_word' id='word_1_235' title='bbox 637 3296 801 3361; x_wconf 79' lang='grc'>(170).</span> <span class='ocrx_word' id='word_1_236' title='bbox 837 3292 996 3350; x_wconf 89' lang='lat' dir='ltr'>Idem</span> <span class='ocrx_word' id='word_1_237' title='bbox 1039 3293 1236 3350; x_wconf 84' lang='lat' dir='ltr'>abbas</span> <span class='ocrx_word' id='word_1_238' title='bbox 1285 3291 1596 3349; x_wconf 86' lang='lat' dir='ltr'>Fulbertus</span> <span class='ocrx_word' id='word_1_239' title='bbox 1647 3291 1794 3348; x_wconf 90' lang='lat' dir='ltr'>obiit</span> <span class='ocrx_word' id='word_1_240' title='bbox 1841 3295 1951 3348; x_wconf 89' lang='lat' dir='ltr'>Ka-</span> 
     </span>
    </p>
   </div>
   <div class='ocr_carea' id='block_1_37' title="bbox 274 3377 825 3438">
    <p class='ocr_par' dir='ltr' id='par_1_37' title="bbox 274 3377 825 3438">
     <span class='ocr_line' id='line_1_37' title="bbox 274 3377 825 3438; baseline 0.009 -5"><span class='ocrx_word' id='word_1_241' title='bbox 274 3377 481 3435; x_wconf 84' lang='lat' dir='ltr'>lendis</span> <span class='ocrx_word' id='word_1_242' title='bbox 513 3380 825 3438; x_wconf 87' lang='lat' dir='ltr'>Februarii.</span> 
     </span>
    </p>
   </div>
   <div class='ocr_carea' id='block_1_38' title="bbox 354 3467 1946 3547">
    <p class='ocr_par' dir='ltr' id='par_1_38' title="bbox 354 3467 1946 3547">
     <span class='ocr_line' id='line_1_38' title="bbox 354 3467 1946 3547; baseline 0.001 -22"><span class='ocrx_word' id='word_1_243' title='bbox 354 3467 663 3541; x_wconf 88' lang='lat' dir='ltr'>Septimus</span> <span class='ocrx_word' id='word_1_244' title='bbox 708 3471 895 3529; x_wconf 86' lang='lat' dir='ltr'>abbas</span> <span class='ocrx_word' id='word_1_245' title='bbox 942 3473 1282 3547; x_wconf 82' lang='lat' dir='ltr'>Stephanus</span> <span class='ocrx_word' id='word_1_246' title='bbox 1334 3470 1571 3545; x_wconf 66' lang='lat' dir='ltr'>praefuit</span> <span class='ocrx_word' id='word_1_247' title='bbox 1607 3471 1780 3528; x_wconf 91' lang='lat' dir='ltr'>annis</span> <span class='ocrx_word' id='word_1_248' title='bbox 1809 3488 1946 3539; x_wconf 79' lang='lat' dir='ltr'>xvn,</span> 
     </span>
    </p>
   </div>
   <div class='ocr_carea' id='block_1_39' title="bbox 275 3558 1951 3635">
    <p class='ocr_par' dir='ltr' id='par_1_39' title="bbox 275 3558 1951 3635">
     <span class='ocr_line' id='line_1_39' title="bbox 275 3558 1951 3635; baseline 0.002 -21"><span class='ocrx_word' id='word_1_249' title='bbox 275 3558 433 3615; x_wconf 90' lang='lat' dir='ltr'>obiit</span> <span class='ocrx_word' id='word_1_250' title='bbox 462 3576 603 3615; x_wconf 82' lang='lat' dir='ltr'>xviu</span> <span class='ocrx_word' id='word_1_251' title='bbox 632 3561 872 3618; x_wconf 88' lang='lat' dir='ltr'>Kalend.</span> <span class='ocrx_word' id='word_1_252' title='bbox 922 3564 1281 3620; x_wconf 90' lang='lat' dir='ltr'>Decembris.</span> <span class='ocrx_word' id='word_1_253' title='bbox 1332 3561 1434 3618; x_wconf 90' lang='lat' dir='ltr'>Hic</span> <span class='ocrx_word' id='word_1_254' title='bbox 1479 3562 1816 3635; x_wconf 87' lang='lat' dir='ltr'>composuit</span> <span class='ocrx_word' id='word_1_255' title='bbox 1854 3579 1951 3618; x_wconf 90' lang='lat' dir='ltr'>su-</span> 
     </span>
    </p>
   </div>
   <div class='ocr_carea' id='block_1_40' title="bbox 273 3648 1947 3724">
    <p class='ocr_par' dir='ltr' id='par_1_40' title="bbox 273 3648 1947 3724">
     <span class='ocr_line' id='line_1_40' title="bbox 273 3648 1947 3724; baseline 0.002 -19"><span class='ocrx_word' id='word_1_256' title='bbox 273 3665 389 3722; x_wconf 86' lang='lat' dir='ltr'>per</span> <span class='ocrx_word' id='word_1_257' title='bbox 418 3648 607 3706; x_wconf 85' lang='lat' dir='ltr'>altare</span> <span class='ocrx_word' id='word_1_258' title='bbox 635 3650 950 3709; x_wconf 87' lang='lat' dir='ltr'>Salvatoris</span> <span class='ocrx_word' id='word_1_259' title='bbox 975 3653 1291 3710; x_wconf 87' lang='lat' dir='ltr'>ecclesiam</span> <span class='ocrx_word' id='word_1_260' title='bbox 1322 3668 1399 3709; x_wconf 88' lang='lat' dir='ltr'>ex</span> <span class='ocrx_word' id='word_1_261' title='bbox 1438 3666 1586 3708; x_wconf 89' lang='lat' dir='ltr'>auro</span> <span class='ocrx_word' id='word_1_262' title='bbox 1607 3655 1663 3708; x_wconf 91' lang='lat' dir='ltr'>et</span> <span class='ocrx_word' id='word_1_263' title='bbox 1692 3651 1947 3724; x_wconf 89' lang='lat' dir='ltr'>gemmis</span> 
     </span>
    </p>
   </div>
   <div class='ocr_carea' id='block_1_41' title="bbox 275 3740 1945 3814">
    <p class='ocr_par' dir='ltr' id='par_1_41' title="bbox 275 3740 1945 3814">
     <span class='ocr_line' id='line_1_41' title="bbox 275 3740 1945 3814; baseline 0.002 -20"><span class='ocrx_word' id='word_1_264' title='bbox 275 3745 335 3795; x_wconf 92' lang='lat' dir='ltr'>et</span> <span class='ocrx_word' id='word_1_265' title='bbox 365 3744 619 3809; x_wconf 87' lang='lat' dir='ltr'>argento</span> <span class='ocrx_word' id='word_1_266' title='bbox 643 3757 826 3814; x_wconf 87' lang='lat' dir='ltr'>quam</span> <span class='ocrx_word' id='word_1_267' title='bbox 851 3747 1066 3800; x_wconf 88' lang='lat' dir='ltr'>vocant</span> <span class='ocrx_word' id='word_1_268' title='bbox 1089 3746 1422 3801; x_wconf 86' lang='lat' dir='ltr'>Muneram.</span> <span class='ocrx_word' id='word_1_269' title='bbox 1484 3740 1587 3796; x_wconf 91' lang='lat' dir='ltr'>Hic</span> <span class='ocrx_word' id='word_1_270' title='bbox 1642 3746 1835 3798; x_wconf 88' lang='lat' dir='ltr'>turres</span> <span class='ocrx_word' id='word_1_271' title='bbox 1882 3740 1945 3799; x_wconf 91' lang='lat' dir='ltr'>in</span> 
     </span>
    </p>
   </div>
   <div class='ocr_carea' id='block_1_42' title="bbox 277 3828 1945 3903">
    <p class='ocr_par' dir='ltr' id='par_1_42' title="bbox 277 3828 1945 3903">
     <span class='ocr_line' id='line_1_42' title="bbox 277 3828 1945 3903; baseline 0.002 -20"><span class='ocrx_word' id='word_1_272' title='bbox 277 3828 529 3884; x_wconf 87' lang='lat' dir='ltr'>castello</span> <span class='ocrx_word' id='word_1_273' title='bbox 561 3831 615 3886; x_wconf 92' lang='grc'>8.</span> <span class='ocrx_word' id='word_1_274' title='bbox 645 3831 912 3888; x_wconf 81' lang='lat' dir='ltr'>Martialis</span> <span class='ocrx_word' id='word_1_275' title='bbox 941 3833 1090 3889; x_wconf 90' lang='lat' dir='ltr'>duas</span> <span class='ocrx_word' id='word_1_276' title='bbox 1122 3833 1279 3903; x_wconf 85' lang='lat' dir='ltr'>fecit,</span> <span class='ocrx_word' id='word_1_277' title='bbox 1311 3844 1503 3887; x_wconf 88' lang='lat' dir='ltr'>unam</span> <span class='ocrx_word' id='word_1_278' title='bbox 1548 3836 1754 3888; x_wconf 87' lang='lat' dir='ltr'>contra</span> <span class='ocrx_word' id='word_1_279' title='bbox 1804 3834 1945 3890; x_wconf 85' lang='lat' dir='ltr'>Scu-</span> 
     </span>
    </p>
   </div>
   <div class='ocr_carea' id='block_1_43' title="bbox 280 3918 1944 3993">
    <p class='ocr_par' dir='ltr' id='par_1_43' title="bbox 280 3918 1944 3993">
     <span class='ocr_line' id='line_1_43' title="bbox 280 3918 1944 3993; baseline 0.002 -20"><span class='ocrx_word' id='word_1_280' title='bbox 280 3918 473 3973; x_wconf 83' lang='lat' dir='ltr'>tarios</span> <span class='ocrx_word' id='word_1_281' title='bbox 501 3920 739 3976; x_wconf 91' lang='lat' dir='ltr'>nomine</span> <span class='ocrx_word' id='word_1_282' title='bbox 766 3921 1119 3993; x_wconf 88' lang='lat' dir='ltr'>Orgoletam,</span> <span class='ocrx_word' id='word_1_283' title='bbox 1168 3922 1428 3978; x_wconf 90' lang='lat' dir='ltr'>alteram</span> <span class='ocrx_word' id='word_1_284' title='bbox 1471 3925 1677 3977; x_wconf 91' lang='lat' dir='ltr'>contra</span> <span class='ocrx_word' id='word_1_285' title='bbox 1718 3926 1944 3978; x_wconf 81' lang='lat' dir='ltr'>Arenas</span> 
     </span>
    </p>
   </div>
   <div class='ocr_carea' id='block_1_44' title="bbox 273 4007 1943 4085">
    <p class='ocr_par' dir='ltr' id='par_1_44' title="bbox 273 4007 1943 4085">
     <span class='ocr_line' id='line_1_44' title="bbox 273 4007 1943 4085; baseline 0.002 -23"><span class='ocrx_word' id='word_1_286' title='bbox 273 4007 533 4063; x_wconf 90' lang='lat' dir='ltr'>nomine</span> <span class='ocrx_word' id='word_1_287' title='bbox 588 4009 922 4079; x_wconf 86' lang='lat' dir='ltr'>Fustiviam,</span> <span class='ocrx_word' id='word_1_288' title='bbox 976 4012 1361 4085; x_wconf 69' lang='lat' dir='ltr'>przecipiente</span> <span class='ocrx_word' id='word_1_289' title='bbox 1399 4008 1515 4065; x_wconf 92' lang='lat' dir='ltr'>hoc</span> <span class='ocrx_word' id='word_1_290' title='bbox 1556 4024 1695 4080; x_wconf 88' lang='lat' dir='ltr'>rege</span> <span class='ocrx_word' id='word_1_291' title='bbox 1732 4009 1943 4068; x_wconf 90' lang='lat' dir='ltr'>Carolo</span> 
     </span>
    </p>
   </div>
   <div class='ocr_carea' id='block_1_45' title="bbox 270 4096 1944 4172">
    <p class='ocr_par' dir='ltr' id='par_1_45' title="bbox 270 4096 1944 4172">
     <span class='ocr_line' id='line_1_45' title="bbox 270 4096 1944 4172; baseline 0.001 -18"><span class='ocrx_word' id='word_1_292' title='bbox 270 4097 500 4154; x_wconf 82' lang='lat' dir='ltr'>Minore</span> <span class='ocrx_word' id='word_1_293' title='bbox 528 4098 600 4154; x_wconf 89' lang='lat' dir='ltr'>ad</span> <span class='ocrx_word' id='word_1_294' title='bbox 628 4099 1031 4172; x_wconf 88' lang='lat' dir='ltr'>repellendum</span> <span class='ocrx_word' id='word_1_295' title='bbox 1061 4100 1451 4158; x_wconf 86' lang='lat' dir='ltr'>Guillelmum</span> <span class='ocrx_word' id='word_1_296' title='bbox 1479 4096 1716 4168; x_wconf 90' lang='lat' dir='ltr'>ducem,</span> <span class='ocrx_word' id='word_1_297' title='bbox 1761 4100 1944 4156; x_wconf 88' lang='lat' dir='ltr'>Picta-</span> 
     </span>
    </p>
   </div>
   <div class='ocr_carea' id='block_1_46' title="bbox 268 4185 1942 4260">
    <p class='ocr_par' dir='ltr' id='par_1_46' title="bbox 268 4185 1942 4260">
     <span class='ocr_line' id='line_1_46' title="bbox 268 4185 1942 4260; baseline 0.001 -18"><span class='ocrx_word' id='word_1_298' title='bbox 268 4186 490 4242; x_wconf 88' lang='lat' dir='ltr'>vinum</span> <span class='ocrx_word' id='word_1_299' title='bbox 521 4189 817 4260; x_wconf 90' lang='lat' dir='ltr'>comitem,</span> <span class='ocrx_word' id='word_1_300' title='bbox 865 4192 919 4246; x_wconf 90' lang='lat' dir='ltr'>et</span> <span class='ocrx_word' id='word_1_301' title='bbox 963 4206 1033 4247; x_wconf 89' lang='lat' dir='ltr'>ex</span> <span class='ocrx_word' id='word_1_302' title='bbox 1074 4188 1325 4247; x_wconf 90' lang='lat' dir='ltr'>nomine</span> <span class='ocrx_word' id='word_1_303' title='bbox 1355 4201 1465 4241; x_wconf 93' lang='lat' dir='ltr'>suo</span> <span class='ocrx_word' id='word_1_304' title='bbox 1505 4185 1710 4259; x_wconf 90' lang='lat' dir='ltr'>ipsum</span> <span class='ocrx_word' id='word_1_305' title='bbox 1736 4187 1942 4244; x_wconf 85' lang='lat' dir='ltr'>castel-</span> 
     </span>
    </p>
   </div>
   <div class='ocr_carea' id='block_1_47' title="bbox 265 4274 1940 4353">
    <p class='ocr_par' dir='ltr' id='par_1_47' title="bbox 265 4274 1940 4353">
     <span class='ocr_line' id='line_1_47' title="bbox 265 4274 1940 4353; baseline 0.002 -22"><span class='ocrx_word' id='word_1_306' title='bbox 265 4275 403 4332; x_wconf 87' lang='lat' dir='ltr'>lum</span> <span class='ocrx_word' id='word_1_307' title='bbox 430 4278 766 4334; x_wconf 89' lang='lat' dir='ltr'>nominavit</span> <span class='ocrx_word' id='word_1_308' title='bbox 793 4279 1172 4353; x_wconf 88' lang='lat' dir='ltr'>Stenopolim,</span> <span class='ocrx_word' id='word_1_309' title='bbox 1220 4274 1401 4352; x_wconf 83' lang='lat' dir='ltr'>quasi</span> <span class='ocrx_word' id='word_1_310' title='bbox 1429 4277 1710 4349; x_wconf 88' lang='lat' dir='ltr'>Stephani</span> <span class='ocrx_word' id='word_1_311' title='bbox 1739 4277 1940 4334; x_wconf 87' lang='lat' dir='ltr'>civita-</span> 
     </span>
    </p>
   </div>
   <div class='ocr_carea' id='block_1_48' title="bbox 264 4369 601 4433">
    <p class='ocr_par' dir='ltr' id='par_1_48' title="bbox 264 4369 601 4433">
     <span class='ocr_line' id='line_1_48' title="bbox 264 4369 601 4433; baseline 0 -12"><span class='ocrx_word' id='word_1_312' title='bbox 264 4369 395 4421; x_wconf 85' lang='lat' dir='ltr'>tem</span> <span class='ocrx_word' id='word_1_313' title='bbox 426 4369 601 4433; x_wconf 79' lang='grc'>(171).</span> 
     </span>
    </p>
   </div>
   <div class='ocr_carea' id='block_1_49' title="bbox 339 4368 1942 4522">
    <p class='ocr_par' dir='ltr' id='par_1_49' title="bbox 339 4368 1942 4522">
     <span class='ocr_line' id='line_1_49' title="bbox 339 4368 1942 4522; baseline 0 -21"><span class='ocrx_word' id='word_1_314' title='bbox 339 4368 604 4502; x_wconf 54' lang='lat'>3.1113;</span> <span class='ocrx_word' id='word_1_315' title='bbox 648 4446 836 4503; x_wconf 90' lang='lat' dir='ltr'>abbas</span> <span class='ocrx_word' id='word_1_316' title='bbox 885 4448 1051 4505; x_wconf 81' lang='lat' dir='ltr'>Aimo</span> <span class='ocrx_word' id='word_1_317' title='bbox 1092 4445 1339 4522; x_wconf 72' lang='lat' dir='ltr'>praefuit</span> <span class='ocrx_word' id='word_1_318' title='bbox 1382 4444 1558 4501; x_wconf 90' lang='lat' dir='ltr'>annis</span> <span class='ocrx_word' id='word_1_319' title='bbox 1609 4464 1730 4504; x_wconf 87' lang='lat' dir='ltr'>sex.</span> <span class='ocrx_word' id='word_1_320' title='bbox 1782 4445 1942 4504; x_wconf 80' lang='lat' dir='ltr'>Obiit</span> 
     </span>
    </p>
   </div>
   <div class='ocr_carea' id='block_1_50' title="bbox 266 4533 1939 4594">
    <p class='ocr_par' dir='ltr' id='par_1_50' title="bbox 266 4533 1939 4594">
     <span class='ocr_line' id='line_1_50' title="bbox 266 4533 1939 4594; baseline 0 -4"><span class='ocrx_word' id='word_1_321' title='bbox 266 4534 455 4591; x_wconf 77' lang='lat' dir='ltr'>Nonis</span> <span class='ocrx_word' id='word_1_322' title='bbox 480 4534 633 4591; x_wconf 74' lang='lat' dir='ltr'>Maii.</span> <span class='ocrx_word' id='word_1_323' title='bbox 690 4535 791 4592; x_wconf 90' lang='lat' dir='ltr'>Hic</span> <span class='ocrx_word' id='word_1_324' title='bbox 840 4536 1158 4594; x_wconf 86' lang='lat' dir='ltr'>amicitiam</span> <span class='ocrx_word' id='word_1_325' title='bbox 1206 4533 1426 4592; x_wconf 90' lang='lat' dir='ltr'>habuit</span> <span class='ocrx_word' id='word_1_326' title='bbox 1471 4549 1609 4591; x_wconf 93' lang='lat' dir='ltr'>cum</span> <span class='ocrx_word' id='word_1_327' title='bbox 1642 4537 1697 4593; x_wconf 92' lang='lat' dir='ltr'>S.</span> <span class='ocrx_word' id='word_1_328' title='bbox 1731 4535 1939 4594; x_wconf 92' lang='lat' dir='ltr'>Odone</span> 
     </span>
    </p>
   </div>
   <div class='ocr_carea' id='block_1_51' title="bbox 264 4622 1940 4698">
    <p class='ocr_par' dir='ltr' id='par_1_51' title="bbox 264 4622 1940 4698">
     <span class='ocr_line' id='line_1_51' title="bbox 264 4622 1940 4698; baseline -0.001 -18"><span class='ocrx_word' id='word_1_329' title='bbox 264 4622 652 4680; x_wconf 87' lang='lat' dir='ltr'>Cluniacensi</span> <span class='ocrx_word' id='word_1_330' title='bbox 680 4624 914 4693; x_wconf 87' lang='lat' dir='ltr'>abbate,</span> <span class='ocrx_word' id='word_1_331' title='bbox 947 4627 1041 4682; x_wconf 90' lang='lat' dir='ltr'>cui</span> <span class='ocrx_word' id='word_1_332' title='bbox 1066 4626 1246 4698; x_wconf 91' lang='lat' dir='ltr'>jussit</span> <span class='ocrx_word' id='word_1_333' title='bbox 1274 4622 1451 4680; x_wconf 91' lang='lat' dir='ltr'>edere</span> <span class='ocrx_word' id='word_1_334' title='bbox 1494 4623 1682 4681; x_wconf 88' lang='lat' dir='ltr'>Vitam</span> <span class='ocrx_word' id='word_1_335' title='bbox 1729 4626 1784 4682; x_wconf 91' lang='lat' dir='ltr'>S.</span> <span class='ocrx_word' id='word_1_336' title='bbox 1838 4625 1940 4680; x_wconf 84' lang='lat' dir='ltr'>Ge-</span> 
     </span>
    </p>
   </div>
   <div class='ocr_carea' id='block_1_52' title="bbox 260 4711 1934 4788">
    <p class='ocr_par' dir='ltr' id='par_1_52' title="bbox 260 4711 1934 4788">
     <span class='ocr_line' id='line_1_52' title="bbox 260 4711 1934 4788; baseline 0.001 -22"><span class='ocrx_word' id='word_1_337' title='bbox 260 4711 444 4767; x_wconf 86' lang='lat' dir='ltr'>raldi.</span> <span class='ocrx_word' id='word_1_338' title='bbox 480 4712 583 4767; x_wconf 89' lang='lat' dir='ltr'>Hic</span> <span class='ocrx_word' id='word_1_339' title='bbox 611 4713 966 4784; x_wconf 88' lang='lat' dir='ltr'>Turpionem</span> <span class='ocrx_word' id='word_1_340' title='bbox 1013 4714 1374 4788; x_wconf 89' lang='lat' dir='ltr'>episcopum</span> <span class='ocrx_word' id='word_1_341' title='bbox 1434 4712 1934 4783; x_wconf 88' lang='lat' dir='ltr'>Lemovicensem,</span> 
     </span>
    </p>
   </div>
   <div class='ocr_carea' id='block_1_53' title="bbox 262 4799 1937 4876">
    <p class='ocr_par' dir='ltr' id='par_1_53' title="bbox 262 4799 1937 4876">
     <span class='ocr_line' id='line_1_53' title="bbox 262 4799 1937 4876; baseline 0.003 -22"><span class='ocrx_word' id='word_1_342' title='bbox 262 4799 519 4856; x_wconf 81' lang='lat' dir='ltr'>fratrem</span> <span class='ocrx_word' id='word_1_343' title='bbox 540 4817 741 4872; x_wconf 90' lang='lat' dir='ltr'>suum,</span> <span class='ocrx_word' id='word_1_344' title='bbox 765 4818 999 4860; x_wconf 88' lang='lat' dir='ltr'>summo</span> <span class='ocrx_word' id='word_1_345' title='bbox 1027 4820 1238 4861; x_wconf 89' lang='lat' dir='ltr'>amore</span> <span class='ocrx_word' id='word_1_346' title='bbox 1257 4800 1518 4859; x_wconf 90' lang='lat' dir='ltr'>excoluit</span> <span class='ocrx_word' id='word_1_347' title='bbox 1532 4806 1589 4858; x_wconf 90' lang='lat' dir='ltr'>et</span> <span class='ocrx_word' id='word_1_348' title='bbox 1607 4803 1774 4859; x_wconf 91' lang='lat' dir='ltr'>tertio</span> <span class='ocrx_word' id='word_1_349' title='bbox 1798 4807 1937 4876; x_wconf 91' lang='lat' dir='ltr'>post</span> 
     </span>
    </p>
   </div>
   <div class='ocr_carea' id='block_1_54' title="bbox 262 4876 1935 4965">
    <p class='ocr_par' dir='ltr' id='par_1_54' title="bbox 262 4876 1935 4965">
     <span class='ocr_line' id='line_1_54' title="bbox 262 4876 1935 4965; baseline 0.003 -21"><span class='ocrx_word' id='word_1_350' title='bbox 262 4889 509 4945; x_wconf 91' lang='lat' dir='ltr'>obitum</span> <span class='ocrx_word' id='word_1_351' title='bbox 538 4892 670 4961; x_wconf 88' lang='lat' dir='ltr'>ejus</span> <span class='ocrx_word' id='word_1_352' title='bbox 697 4907 858 4948; x_wconf 90' lang='lat' dir='ltr'>anno</span> <span class='ocrx_word' id='word_1_353' title='bbox 886 4892 1080 4950; x_wconf 88' lang='lat' dir='ltr'>eidem</span> <span class='ocrx_word' id='word_1_354' title='bbox 1108 4894 1166 4948; x_wconf 90' lang='lat' dir='ltr'>S.</span> <span class='ocrx_word' id='word_1_355' title='bbox 1198 4890 1418 4964; x_wconf 90' lang='lat' dir='ltr'>Turpio</span> <span class='ocrx_word' id='word_1_356' title='bbox 1449 4876 1767 4965; x_wconf 74' lang='lat' dir='ltr'>episcopus</span> <span class='ocrx_word' id='word_1_357' title='bbox 1787 4891 1935 4949; x_wconf 92' lang='lat' dir='ltr'>obiit</span> 
     </span>
    </p>
   </div>
   <div class='ocr_carea' id='block_1_55' title="bbox 259 4978 1929 5054">
    <p class='ocr_par' dir='ltr' id='par_1_55' title="bbox 259 4978 1929 5054">
     <span class='ocr_line' id='line_1_55' title="bbox 259 4978 1929 5054; baseline 0.005 -23"><span class='ocrx_word' id='word_1_358' title='bbox 259 4994 363 5032; x_wconf 76' lang='lat' dir='ltr'>vm</span> <span class='ocrx_word' id='word_1_359' title='bbox 390 4978 695 5035; x_wconf 86' lang='lat' dir='ltr'>Kalendas</span> <span class='ocrx_word' id='word_1_360' title='bbox 719 4982 983 5052; x_wconf 80' lang='lat' dir='ltr'>Augusti.</span> <span class='ocrx_word' id='word_1_361' title='bbox 1015 4986 1094 5039; x_wconf 90' lang='lat' dir='ltr'>Ex</span> <span class='ocrx_word' id='word_1_362' title='bbox 1127 4983 1303 5054; x_wconf 91' lang='lat' dir='ltr'>cujus</span> <span class='ocrx_word' id='word_1_363' title='bbox 1347 4984 1523 5053; x_wconf 90' lang='lat' dir='ltr'>nepte</span> <span class='ocrx_word' id='word_1_364' title='bbox 1574 4981 1779 5038; x_wconf 80' lang='lat' dir='ltr'>Ofﬁcia</span> <span class='ocrx_word' id='word_1_365' title='bbox 1820 4998 1929 5039; x_wconf 91' lang='lat' dir='ltr'>no-</span> 
     </span>
    </p>
   </div>
   <div class='ocr_carea' id='block_1_56' title="bbox 257 5068 1929 5142">
    <p class='ocr_par' dir='ltr' id='par_1_56' title="bbox 257 5068 1929 5142">
     <span class='ocr_line' id='line_1_56' title="bbox 257 5068 1929 5142; baseline 0.003 -19"><span class='ocrx_word' id='word_1_366' title='bbox 257 5069 455 5140; x_wconf 84' lang='lat' dir='ltr'>mine,</span> <span class='ocrx_word' id='word_1_367' title='bbox 488 5068 613 5125; x_wconf 91' lang='lat' dir='ltr'>nati</span> <span class='ocrx_word' id='word_1_368' title='bbox 650 5073 790 5125; x_wconf 90' lang='lat' dir='ltr'>sunt</span> <span class='ocrx_word' id='word_1_369' title='bbox 816 5071 1172 5129; x_wconf 83' lang='lat' dir='ltr'>Adalhertus</span> <span class='ocrx_word' id='word_1_370' title='bbox 1203 5070 1470 5126; x_wconf 90' lang='lat' dir='ltr'>decanus</span> <span class='ocrx_word' id='word_1_371' title='bbox 1517 5074 1574 5127; x_wconf 90' lang='lat' dir='ltr'>et</span> <span class='ocrx_word' id='word_1_372' title='bbox 1621 5071 1929 5142; x_wconf 81' lang='lat' dir='ltr'>Rotgerius</span> 
     </span>
    </p>
   </div>
   <div class='ocr_carea' id='block_1_57' title="bbox 256 5156 1930 5236">
    <p class='ocr_par' dir='ltr' id='par_1_57' title="bbox 256 5156 1930 5236">
     <span class='ocr_line' id='line_1_57' title="bbox 256 5156 1930 5236; baseline 0.003 -24"><span class='ocrx_word' id='word_1_373' title='bbox 256 5161 435 5230; x_wconf 88' lang='lat' dir='ltr'>patre</span> <span class='ocrx_word' id='word_1_374' title='bbox 471 5156 778 5215; x_wconf 85' lang='lat' dir='ltr'>Fulcherio</span> <span class='ocrx_word' id='word_1_375' title='bbox 808 5160 867 5216; x_wconf 92' lang='lat' dir='ltr'>in</span> <span class='ocrx_word' id='word_1_376' title='bbox 889 5162 1134 5236; x_wconf 90' lang='lat' dir='ltr'>proprio</span> <span class='ocrx_word' id='word_1_377' title='bbox 1158 5162 1293 5234; x_wconf 91' lang='lat' dir='ltr'>jure</span> <span class='ocrx_word' id='word_1_378' title='bbox 1321 5160 1714 5230; x_wconf 73' lang='lat' dir='ltr'>htereditario,</span> <span class='ocrx_word' id='word_1_379' title='bbox 1762 5161 1930 5234; x_wconf 92' lang='lat' dir='ltr'>quod</span> 
     </span>
    </p>
   </div>
   <div class='ocr_carea' id='block_1_58' title="bbox 332 5319 656 5385">
    <p class='ocr_par' dir='ltr' id='par_1_58' title="bbox 332 5319 656 5385">
     <span class='ocr_line' id='line_1_58' title="bbox 332 5319 656 5385; baseline 0.003 -12"><span class='ocrx_word' id='word_1_380' title='bbox 332 5319 488 5385; x_wconf 86' lang='grc'>(168)</span> <span class='ocrx_word' id='word_1_381' title='bbox 528 5322 656 5374; x_wconf 86' lang='lat' dir='ltr'>Imo</span> 
     </span>
    </p>
   </div>
   <div class='ocr_carea' id='block_1_59' title="bbox 328 5388 716 5461">
    <p class='ocr_par' dir='ltr' id='par_1_59' title="bbox 328 5388 716 5461">
     <span class='ocr_line' id='line_1_59' title="bbox 328 5388 716 5461; baseline 0.008 -17"><span class='ocrx_word' id='word_1_382' title='bbox 328 5388 489 5461; x_wconf 88' lang='lat' dir='ltr'>(l69)</span> <span class='ocrx_word' id='word_1_383' title='bbox 528 5388 716 5447; x_wconf 82' lang='lat' dir='ltr'>Errat.</span> 
     </span>
    </p>
   </div>
   <div class='ocr_carea' id='block_1_60' title="bbox 337 5461 1931 5538">
    <p class='ocr_par' dir='ltr' id='par_1_60' title="bbox 337 5461 1931 5538">
     <span class='ocr_line' id='line_1_60' title="bbox 337 5461 1931 5538; baseline 0.003 -23"><span class='ocrx_word' id='word_1_384' title='bbox 337 5461 707 5538; x_wconf 59' lang='lat' dir='ltr'>tt]0)__Quod</span> <span class='ocrx_word' id='word_1_385' title='bbox 738 5463 1115 5538; x_wconf 78' lang='lat' dir='ltr'>verissimum</span> <span class='ocrx_word' id='word_1_386' title='bbox 1145 5468 1236 5521; x_wconf 83' lang='lat' dir='ltr'>est</span> <span class='ocrx_word' id='word_1_387' title='bbox 1284 5480 1637 5538; x_wconf 79' lang='lat' dir='ltr'>quanquam</span> <span class='ocrx_word' id='word_1_388' title='bbox 1685 5463 1931 5538; x_wconf 80' lang='lat' dir='ltr'>relucte-</span> 
     </span>
    </p>
   </div>
   <div class='ocr_carea' id='block_1_61' title="bbox 261 5531 1930 5608">
    <p class='ocr_par' dir='ltr' id='par_1_61' title="bbox 261 5531 1930 5608">
     <span class='ocr_line' id='line_1_61' title="bbox 261 5531 1930 5608; baseline 0.001 -20"><span class='ocrx_word' id='word_1_389' title='bbox 261 5534 359 5588; x_wconf 83' lang='lat' dir='ltr'>tur</span> <span class='ocrx_word' id='word_1_390' title='bbox 393 5531 1016 5608; x_wconf 57' lang='grc' dir='ltr'>ῡεειίᾳεβοιιῶᾶῐίιιιᾳ</span> <span class='ocrx_word' id='word_1_391' title='bbox 1031 5531 1337 5608; x_wconf 74' lang='lat' dir='ltr'>auctorem</span> <span class='ocrx_word' id='word_1_392' title='bbox 1365 5531 1525 5608; x_wconf 78' lang='lat' dir='ltr'>hunc</span> <span class='ocrx_word' id='word_1_393' title='bbox 1554 5534 1772 5608; x_wconf 82' lang='lat' dir='ltr'>falsum</span> <span class='ocrx_word' id='word_1_394' title='bbox 1791 5535 1930 5608; x_wconf 73' lang='lat' dir='ltr'>tuis-</span> 
     </span>
    </p>
   </div>
   <div class='ocr_carea' id='block_1_62' title="bbox 263 5604 1928 5678">
    <p class='ocr_par' dir='ltr' id='par_1_62' title="bbox 263 5604 1928 5678">
     <span class='ocr_line' id='line_1_62' title="bbox 263 5604 1928 5678; baseline 0.003 -20"><span class='ocrx_word' id='word_1_395' title='bbox 263 5616 353 5669; x_wconf 81' lang='lat' dir='ltr'>se,</span> <span class='ocrx_word' id='word_1_396' title='bbox 385 5619 534 5660; x_wconf 88' lang='lat' dir='ltr'>cum</span> <span class='ocrx_word' id='word_1_397' title='bbox 561 5604 691 5678; x_wconf 87' lang='lat' dir='ltr'>ipse</span> <span class='ocrx_word' id='word_1_398' title='bbox 718 5609 776 5662; x_wconf 90' lang='lat' dir='ltr'>et</span> <span class='ocrx_word' id='word_1_399' title='bbox 799 5622 874 5663; x_wconf 82' lang='lat' dir='ltr'>ex</span> <span class='ocrx_word' id='word_1_400' title='bbox 898 5604 1058 5665; x_wconf 77' lang='lat' dir='ltr'>male</span> <span class='ocrx_word' id='word_1_401' title='bbox 1104 5607 1396 5665; x_wconf 89' lang='lat' dir='ltr'>intellecto</span> <span class='ocrx_word' id='word_1_402' title='bbox 1440 5606 1755 5664; x_wconf 89' lang='lat' dir='ltr'>Flodoardi</span> <span class='ocrx_word' id='word_1_403' title='bbox 1794 5605 1928 5663; x_wconf 91' lang='lat' dir='ltr'>loco</span> 
     </span>
    </p>
   </div>
   <div class='ocr_carea' id='block_1_63' title="bbox 683 5320 1553 5395">
    <p class='ocr_par' dir='ltr' id='par_1_63' title="bbox 683 5320 1553 5395">
     <span class='ocr_line' id='line_1_63' title="bbox 683 5320 1553 5395; baseline 0 -19"><span class='ocrx_word' id='word_1_404' title='bbox 683 5320 884 5395; x_wconf 88' lang='lat' dir='ltr'>potius</span> <span class='ocrx_word' id='word_1_405' title='bbox 913 5323 1181 5380; x_wconf 86' lang='lat' dir='ltr'>secunda</span> <span class='ocrx_word' id='word_1_406' title='bbox 1211 5321 1553 5395; x_wconf 91' lang='lat' dir='ltr'>irruptione.</span> 
     </span>
    </p>
   </div>
   <div class='ocr_carea' id='block_1_64' title="bbox 2086 350 3771 435">
    <p class='ocr_par' dir='ltr' id='par_1_64' title="bbox 2086 350 3771 435">
     <span class='ocr_line' id='line_1_64' title="bbox 2086 350 3771 435; baseline 0.011 -30"><span class='ocrx_word' id='word_1_407' title='bbox 2086 350 2311 407; x_wconf 86' lang='lat' dir='ltr'>Tertius</span> <span class='ocrx_word' id='word_1_408' title='bbox 2341 369 2583 427; x_wconf 85' lang='lat' dir='ltr'>quoque</span> <span class='ocrx_word' id='word_1_409' title='bbox 2610 356 2981 413; x_wconf 81' lang='lat' dir='ltr'>Baimundus</span> <span class='ocrx_word' id='word_1_410' title='bbox 3006 359 3210 429; x_wconf 92' lang='lat' dir='ltr'>junior</span> <span class='ocrx_word' id='word_1_411' title='bbox 3240 367 3386 419; x_wconf 90' lang='lat' dir='ltr'>natu</span> <span class='ocrx_word' id='word_1_412' title='bbox 3416 366 3771 435; x_wconf 25' lang='lat' dir='ltr'>Germanus,</span> 
     </span>
    </p>
   </div>
   <div class='ocr_carea' id='block_1_65' title="bbox 2085 440 3753 516">
    <p class='ocr_par' dir='ltr' id='par_1_65' title="bbox 2085 440 3753 516">
     <span class='ocr_line' id='line_1_65' title="bbox 2085 440 3753 516; baseline 0.01 -22"><span class='ocrx_word' id='word_1_413' title='bbox 2085 440 2303 497; x_wconf 87' lang='lat' dir='ltr'>exstitit</span> <span class='ocrx_word' id='word_1_414' title='bbox 2329 442 2672 511; x_wconf 86' lang='lat' dir='ltr'>amborum,</span> <span class='ocrx_word' id='word_1_415' title='bbox 2701 445 2874 515; x_wconf 91' lang='lat' dir='ltr'>cujus</span> <span class='ocrx_word' id='word_1_416' title='bbox 2904 462 3015 516; x_wconf 85' lang='lat' dir='ltr'>ego</span> <span class='ocrx_word' id='word_1_417' title='bbox 3061 447 3395 506; x_wconf 82' lang='lat' dir='ltr'>Ademarus</span> <span class='ocrx_word' id='word_1_418' title='bbox 3449 450 3609 509; x_wconf 86' lang='lat' dir='ltr'>ﬁlius</span> <span class='ocrx_word' id='word_1_419' title='bbox 3669 452 3753 510; x_wconf 84' lang='lat' dir='ltr'>fui</span> 
     </span>
    </p>
   </div>
   <div class='ocr_carea' id='block_1_66' title="bbox 2084 531 3174 607">
    <p class='ocr_par' dir='ltr' id='par_1_66' title="bbox 2084 531 3174 607">
     <span class='ocr_line' id='line_1_66' title="bbox 2084 531 3174 607; baseline 0.007 -23"><span class='ocrx_word' id='word_1_420' title='bbox 2084 533 2272 585; x_wconf 90' lang='lat' dir='ltr'>matre</span> <span class='ocrx_word' id='word_1_421' title='bbox 2304 531 2651 603; x_wconf 84' lang='lat' dir='ltr'>llildegarde</span> <span class='ocrx_word' id='word_1_422' title='bbox 2681 534 2822 605; x_wconf 74' lang='lat' dir='ltr'>[sive</span> <span class='ocrx_word' id='word_1_423' title='bbox 2841 534 3174 607; x_wconf 84' lang='lat' dir='ltr'>Aldearde].</span> 
     </span>
    </p>
   </div>
   <div class='ocr_carea' id='block_1_67' title="bbox 2155 621 3751 687">
    <p class='ocr_par' dir='ltr' id='par_1_67' title="bbox 2155 621 3751 687">
     <span class='ocr_line' id='line_1_67' title="bbox 2155 621 3751 687; baseline 0.008 -13"><span class='ocrx_word' id='word_1_424' title='bbox 2155 622 2292 675; x_wconf 87' lang='lat' dir='ltr'>Post</span> <span class='ocrx_word' id='word_1_425' title='bbox 2339 621 2651 677; x_wconf 71' lang='lat' dir='ltr'>Almonem</span> <span class='ocrx_word' id='word_1_426' title='bbox 2712 622 2994 679; x_wconf 87' lang='lat' dir='ltr'>abbatem</span> <span class='ocrx_word' id='word_1_427' title='bbox 3044 627 3275 683; x_wconf 81' lang='lat' dir='ltr'>vacavit</span> <span class='ocrx_word' id='word_1_428' title='bbox 3325 629 3569 687; x_wconf 87' lang='lat' dir='ltr'>abbatia</span> <span class='ocrx_word' id='word_1_429' title='bbox 3604 646 3751 687; x_wconf 73' lang='lat' dir='ltr'>xxxx</span> 
     </span>
    </p>
   </div>
   <div class='ocr_carea' id='block_1_68' title="bbox 2083 707 3855 791">
    <p class='ocr_par' dir='ltr' id='par_1_68' title="bbox 2083 707 3855 791">
     <span class='ocr_line' id='line_1_68' title="bbox 2083 707 3855 791; baseline 0.007 -28"><span class='ocrx_word' id='word_1_430' title='bbox 2083 707 2257 763; x_wconf 84' lang='lat' dir='ltr'>annis</span> <span class='ocrx_word' id='word_1_431' title='bbox 2286 708 2411 763; x_wconf 86' lang='lat' dir='ltr'>sine</span> <span class='ocrx_word' id='word_1_432' title='bbox 2443 714 2698 780; x_wconf 87' lang='lat' dir='ltr'>pastore.</span> <span class='ocrx_word' id='word_1_433' title='bbox 2734 711 2902 767; x_wconf 89' lang='lat' dir='ltr'>Illum</span> <span class='ocrx_word' id='word_1_434' title='bbox 2937 711 3096 768; x_wconf 90' lang='lat' dir='ltr'>enim</span> <span class='ocrx_word' id='word_1_435' title='bbox 3124 714 3228 785; x_wconf 88' lang='lat' dir='ltr'>qui</span> <span class='ocrx_word' id='word_1_436' title='bbox 3268 718 3352 771; x_wconf 91' lang='lat' dir='ltr'>tot</span> <span class='ocrx_word' id='word_1_437' title='bbox 3378 717 3552 773; x_wconf 90' lang='lat' dir='ltr'>annis</span> <span class='ocrx_word' id='word_1_438' title='bbox 3599 733 3751 791; x_wconf 73' lang='lat' dir='ltr'>prte-</span> <span class='ocrx_word' id='word_1_439' title='bbox 3848 778 3855 785; x_wconf 65' lang='grc'>,</span> 
     </span>
    </p>
   </div>
   <div class='ocr_carea' id='block_1_69' title="bbox 2083 796 3747 873">
    <p class='ocr_par' dir='ltr' id='par_1_69' title="bbox 2083 796 3747 873">
     <span class='ocr_line' id='line_1_69' title="bbox 2083 796 3747 873; baseline 0.007 -22"><span class='ocrx_word' id='word_1_440' title='bbox 2083 796 2191 852; x_wconf 88' lang='lat' dir='ltr'>fuit</span> <span class='ocrx_word' id='word_1_441' title='bbox 2220 802 2449 853; x_wconf 81' lang='lat' dir='ltr'>tantum</span> <span class='ocrx_word' id='word_1_442' title='bbox 2482 816 2600 854; x_wconf 84' lang='lat' dir='ltr'>non</span> <span class='ocrx_word' id='word_1_443' title='bbox 2633 799 3030 871; x_wconf 87' lang='lat' dir='ltr'>profuit,nolo</span> <span class='ocrx_word' id='word_1_444' title='bbox 3050 801 3110 856; x_wconf 92' lang='lat' dir='ltr'>in</span> <span class='ocrx_word' id='word_1_445' title='bbox 3141 803 3423 873; x_wconf 88' lang='lat' dir='ltr'>Catalogo</span> <span class='ocrx_word' id='word_1_446' title='bbox 3453 804 3747 862; x_wconf 89' lang='lat' dir='ltr'>abbatum</span> 
     </span>
    </p>
   </div>
   <div class='ocr_carea' id='block_1_70' title="bbox 2078 889 3750 968">
    <p class='ocr_par' dir='ltr' id='par_1_70' title="bbox 2078 889 3750 968">
     <span class='ocr_line' id='line_1_70' title="bbox 2078 889 3750 968; baseline 0.007 -27"><span class='ocrx_word' id='word_1_447' title='bbox 2078 903 2327 961; x_wconf 85' lang='lat' dir='ltr'>ponere,</span> <span class='ocrx_word' id='word_1_448' title='bbox 2359 905 2497 943; x_wconf 89' lang='lat' dir='ltr'>cum</span> <span class='ocrx_word' id='word_1_449' title='bbox 2527 889 2817 959; x_wconf 88' lang='lat' dir='ltr'>injustum</span> <span class='ocrx_word' id='word_1_450' title='bbox 2845 891 2960 946; x_wconf 93' lang='lat' dir='ltr'>hoc</span> <span class='ocrx_word' id='word_1_451' title='bbox 2991 890 3081 947; x_wconf 89' lang='lat' dir='ltr'>sit.</span> <span class='ocrx_word' id='word_1_452' title='bbox 3119 895 3267 948; x_wconf 82' lang='lat' dir='ltr'>Nam</span> <span class='ocrx_word' id='word_1_453' title='bbox 3288 893 3499 949; x_wconf 88' lang='lat' dir='ltr'>habitu</span> <span class='ocrx_word' id='word_1_454' title='bbox 3523 910 3750 968; x_wconf 84' lang='lat' dir='ltr'>nequa-</span> 
     </span>
    </p>
   </div>
   <div class='ocr_carea' id='block_1_71' title="bbox 2078 976 3749 1059">
    <p class='ocr_par' dir='ltr' id='par_1_71' title="bbox 2078 976 3749 1059">
     <span class='ocr_line' id='line_1_71' title="bbox 2078 976 3749 1059; baseline 0.007 -32"><span class='ocrx_word' id='word_1_455' title='bbox 2078 989 2267 1045; x_wconf 84' lang='lat' dir='ltr'>quam</span> <span class='ocrx_word' id='word_1_456' title='bbox 2300 976 2661 1047; x_wconf 79' lang='lat' dir='ltr'>iuonachali,</span> <span class='ocrx_word' id='word_1_457' title='bbox 2695 978 2801 1033; x_wconf 91' lang='lat' dir='ltr'>sed</span> <span class='ocrx_word' id='word_1_458' title='bbox 2844 979 3197 1059; x_wconf 34' lang='lat' dir='ltr'>canoniclali,</span> <span class='ocrx_word' id='word_1_459' title='bbox 3250 981 3374 1037; x_wconf 92' lang='lat' dir='ltr'>imo</span> <span class='ocrx_word' id='word_1_460' title='bbox 3416 981 3609 1038; x_wconf 89' lang='lat' dir='ltr'>laicali</span> <span class='ocrx_word' id='word_1_461' title='bbox 3639 997 3749 1055; x_wconf 89' lang='lat' dir='ltr'>per</span> 
     </span>
    </p>
   </div>
   <div class='ocr_carea' id='block_1_72' title="bbox 2078 1065 3747 1138">
    <p class='ocr_par' dir='ltr' id='par_1_72' title="bbox 2078 1065 3747 1138">
     <span class='ocr_line' id='line_1_72' title="bbox 2078 1065 3747 1138; baseline 0.007 -21"><span class='ocrx_word' id='word_1_462' title='bbox 2078 1066 2163 1118; x_wconf 91' lang='lat' dir='ltr'>tot</span> <span class='ocrx_word' id='word_1_463' title='bbox 2192 1080 2387 1119; x_wconf 61' lang='lat' dir='ltr'>annos:</span> <span class='ocrx_word' id='word_1_464' title='bbox 2418 1065 2819 1138; x_wconf 79' lang='lat' dir='ltr'>principatum</span> <span class='ocrx_word' id='word_1_465' title='bbox 2846 1066 2961 1123; x_wconf 92' lang='lat' dir='ltr'>loci</span> <span class='ocrx_word' id='word_1_466' title='bbox 3004 1068 3194 1125; x_wconf 90' lang='lat' dir='ltr'>tenuit</span> <span class='ocrx_word' id='word_1_467' title='bbox 3213 1069 3340 1126; x_wconf 89' lang='lat' dir='ltr'>solo</span> <span class='ocrx_word' id='word_1_468' title='bbox 3362 1071 3607 1127; x_wconf 88' lang='lat' dir='ltr'>nomine</span> <span class='ocrx_word' id='word_1_469' title='bbox 3637 1070 3747 1128; x_wconf 87' lang='lat' dir='ltr'>ab-</span> 
     </span>
    </p>
   </div>
   <div class='ocr_carea' id='block_1_73' title="bbox 2076 1151 3747 1226">
    <p class='ocr_par' dir='ltr' id='par_1_73' title="bbox 2076 1151 3747 1226">
     <span class='ocr_line' id='line_1_73' title="bbox 2076 1151 3747 1226; baseline 0.006 -19"><span class='ocrx_word' id='word_1_470' title='bbox 2076 1151 2206 1208; x_wconf 87' lang='lat' dir='ltr'>bas.</span> <span class='ocrx_word' id='word_1_471' title='bbox 2243 1153 2356 1218; x_wconf 88' lang='lat' dir='ltr'>Qui</span> <span class='ocrx_word' id='word_1_472' title='bbox 2392 1154 2513 1209; x_wconf 83' lang='lat' dir='ltr'>vult</span> <span class='ocrx_word' id='word_1_473' title='bbox 2542 1158 2671 1225; x_wconf 88' lang='lat' dir='ltr'>ejus</span> <span class='ocrx_word' id='word_1_474' title='bbox 2701 1172 2919 1212; x_wconf 86' lang='lat' dir='ltr'>nomen</span> <span class='ocrx_word' id='word_1_475' title='bbox 2951 1156 3122 1226; x_wconf 91' lang='lat' dir='ltr'>scire,</span> <span class='ocrx_word' id='word_1_476' title='bbox 3149 1158 3479 1215; x_wconf 81' lang='lat' dir='ltr'>Aimericus</span> <span class='ocrx_word' id='word_1_477' title='bbox 3502 1164 3747 1217; x_wconf 82' lang='lat' dir='ltr'>vocatus</span> 
     </span>
    </p>
   </div>
   <div class='ocr_carea' id='block_1_74' title="bbox 2076 1242 3749 1312">
    <p class='ocr_par' dir='ltr' id='par_1_74' title="bbox 2076 1242 3749 1312">
     <span class='ocr_line' id='line_1_74' title="bbox 2076 1242 3749 1312; baseline 0.005 -15"><span class='ocrx_word' id='word_1_478' title='bbox 2076 1247 2181 1297; x_wconf 88' lang='lat' dir='ltr'>est.</span> <span class='ocrx_word' id='word_1_479' title='bbox 2226 1242 2417 1312; x_wconf 77' lang='lat' dir='ltr'>Hujus</span> <span class='ocrx_word' id='word_1_480' title='bbox 2442 1259 2603 1299; x_wconf 89' lang='lat' dir='ltr'>anno</span> <span class='ocrx_word' id='word_1_481' title='bbox 2631 1261 2669 1299; x_wconf 86' lang='lat' dir='ltr'>x</span> <span class='ocrx_word' id='word_1_482' title='bbox 2701 1245 3132 1301; x_wconf 89' lang='lat' dir='ltr'>monasterium</span> <span class='ocrx_word' id='word_1_483' title='bbox 3181 1249 3235 1304; x_wconf 92' lang='lat' dir='ltr'>S.</span> <span class='ocrx_word' id='word_1_484' title='bbox 3286 1247 3562 1305; x_wconf 83' lang='lat' dir='ltr'>Martialis</span> <span class='ocrx_word' id='word_1_485' title='bbox 3600 1248 3749 1305; x_wconf 89' lang='lat' dir='ltr'>divi-</span> 
     </span>
    </p>
   </div>
   <div class='ocr_carea' id='block_1_75' title="bbox 2074 1331 3744 1402">
    <p class='ocr_par' dir='ltr' id='par_1_75' title="bbox 2074 1331 3744 1402">
     <span class='ocr_line' id='line_1_75' title="bbox 2074 1331 3744 1402; baseline 0.005 -16"><span class='ocrx_word' id='word_1_486' title='bbox 2074 1347 2156 1387; x_wconf 85' lang='lat' dir='ltr'>no</span> <span class='ocrx_word' id='word_1_487' title='bbox 2175 1331 2408 1401; x_wconf 88' lang='lat' dir='ltr'>judicio</span> <span class='ocrx_word' id='word_1_488' title='bbox 2441 1333 2575 1402; x_wconf 80' lang='lat' dir='ltr'>igne</span> <span class='ocrx_word' id='word_1_489' title='bbox 2609 1338 2942 1390; x_wconf 86' lang='lat' dir='ltr'>crematum</span> <span class='ocrx_word' id='word_1_490' title='bbox 2970 1341 3076 1391; x_wconf 86' lang='lat' dir='ltr'>est.</span> <span class='ocrx_word' id='word_1_491' title='bbox 3108 1336 3206 1392; x_wconf 86' lang='lat' dir='ltr'>llic</span> <span class='ocrx_word' id='word_1_492' title='bbox 3239 1353 3487 1393; x_wconf 89' lang='lat' dir='ltr'>omnem</span> <span class='ocrx_word' id='word_1_493' title='bbox 3525 1341 3744 1394; x_wconf 88' lang='lat' dir='ltr'>terram</span> 
     </span>
    </p>
   </div>
   <div class='ocr_carea' id='block_1_76' title="bbox 2073 1422 3743 1498">
    <p class='ocr_par' dir='ltr' id='par_1_76' title="bbox 2073 1422 3743 1498">
     <span class='ocr_line' id='line_1_76' title="bbox 2073 1422 3743 1498; baseline 0.003 -20"><span class='ocrx_word' id='word_1_494' title='bbox 2073 1422 2424 1478; x_wconf 86' lang='lat' dir='ltr'>monasterii</span> <span class='ocrx_word' id='word_1_495' title='bbox 2449 1423 2631 1494; x_wconf 86' lang='lat' dir='ltr'>hujus</span> <span class='ocrx_word' id='word_1_496' title='bbox 2655 1430 2712 1478; x_wconf 88' lang='lat' dir='ltr'>et</span> <span class='ocrx_word' id='word_1_497' title='bbox 2740 1423 3020 1480; x_wconf 88' lang='lat' dir='ltr'>ecclesias</span> <span class='ocrx_word' id='word_1_498' title='bbox 3052 1429 3173 1481; x_wconf 90' lang='lat' dir='ltr'>tam</span> <span class='ocrx_word' id='word_1_499' title='bbox 3223 1426 3575 1498; x_wconf 89' lang='lat' dir='ltr'>parentibus</span> <span class='ocrx_word' id='word_1_500' title='bbox 3621 1427 3743 1483; x_wconf 90' lang='lat' dir='ltr'>suis</span> 
     </span>
    </p>
   </div>
   <div class='ocr_carea' id='block_1_77' title="bbox 2074 1511 3741 1586">
    <p class='ocr_par' dir='ltr' id='par_1_77' title="bbox 2074 1511 3741 1586">
     <span class='ocr_line' id='line_1_77' title="bbox 2074 1511 3741 1586; baseline 0.004 -20"><span class='ocrx_word' id='word_1_501' title='bbox 2074 1528 2261 1583; x_wconf 89' lang='lat' dir='ltr'>quam</span> <span class='ocrx_word' id='word_1_502' title='bbox 2315 1511 2541 1567; x_wconf 74' lang='lat' dir='ltr'>caeteris</span> <span class='ocrx_word' id='word_1_503' title='bbox 2588 1512 2976 1568; x_wconf 73' lang='lat' dir='ltr'>saecularibus</span> <span class='ocrx_word' id='word_1_504' title='bbox 3021 1515 3417 1586; x_wconf 83' lang='lat' dir='ltr'>potestatibus</span> <span class='ocrx_word' id='word_1_505' title='bbox 3446 1514 3591 1571; x_wconf 88' lang='lat' dir='ltr'>dare</span> <span class='ocrx_word' id='word_1_506' title='bbox 3616 1532 3741 1572; x_wconf 91' lang='lat' dir='ltr'>non</span> 
     </span>
    </p>
   </div>
   <div class='ocr_carea' id='block_1_78' title="bbox 2007 1599 3741 1669">
    <p class='ocr_par' dir='ltr' id='par_1_78' title="bbox 2007 1599 3741 1669">
     <span class='ocr_line' id='line_1_78' title="bbox 2007 1599 3741 1669; baseline 0.001 -14"><span class='ocrx_word' id='word_1_507' title='bbox 2007 1617 2044 1669; x_wconf 78' lang='grc' dir='ltr'><strong>Β</strong></span> <span class='ocrx_word' id='word_1_508' title='bbox 2078 1599 2293 1655; x_wconf 88' lang='lat' dir='ltr'>timuit.</span> <span class='ocrx_word' id='word_1_509' title='bbox 2325 1600 2426 1655; x_wconf 83' lang='lat' dir='ltr'>Hic</span> <span class='ocrx_word' id='word_1_510' title='bbox 2452 1600 2617 1655; x_wconf 88' lang='lat' dir='ltr'>tertio</span> <span class='ocrx_word' id='word_1_511' title='bbox 2644 1602 2740 1656; x_wconf 87' lang='lat' dir='ltr'>die</span> <span class='ocrx_word' id='word_1_512' title='bbox 2779 1605 2916 1656; x_wconf 89' lang='lat' dir='ltr'>ante</span> <span class='ocrx_word' id='word_1_513' title='bbox 2965 1605 3218 1657; x_wconf 87' lang='lat' dir='ltr'>mortem</span> <span class='ocrx_word' id='word_1_514' title='bbox 3265 1618 3441 1658; x_wconf 88' lang='lat' dir='ltr'>suam</span> <span class='ocrx_word' id='word_1_515' title='bbox 3466 1601 3741 1657; x_wconf 86' lang='lat' dir='ltr'>habitum</span> 
     </span>
    </p>
   </div>
   <div class='ocr_carea' id='block_1_79' title="bbox 2078 1688 3740 1762">
    <p class='ocr_par' dir='ltr' id='par_1_79' title="bbox 2078 1688 3740 1762">
     <span class='ocr_line' id='line_1_79' title="bbox 2078 1688 3740 1762; baseline 0 -19"><span class='ocrx_word' id='word_1_516' title='bbox 2078 1688 2363 1744; x_wconf 87' lang='lat' dir='ltr'>monachi</span> <span class='ocrx_word' id='word_1_517' title='bbox 2392 1688 2604 1760; x_wconf 88' lang='lat' dir='ltr'>induit,</span> <span class='ocrx_word' id='word_1_518' title='bbox 2637 1689 2853 1745; x_wconf 90' lang='lat' dir='ltr'>timens</span> <span class='ocrx_word' id='word_1_519' title='bbox 2882 1689 3215 1762; x_wconf 87' lang='lat' dir='ltr'>perjurium</span> <span class='ocrx_word' id='word_1_520' title='bbox 3262 1690 3429 1762; x_wconf 89' lang='lat' dir='ltr'>quod</span> <span class='ocrx_word' id='word_1_521' title='bbox 3458 1689 3582 1759; x_wconf 89' lang='lat' dir='ltr'>regi</span> <span class='ocrx_word' id='word_1_522' title='bbox 3610 1689 3740 1745; x_wconf 86' lang='lat' dir='ltr'>Illo-</span> 
     </span>
    </p>
   </div>
   <div class='ocr_carea' id='block_1_80' title="bbox 2076 1776 3740 1851">
    <p class='ocr_par' dir='ltr' id='par_1_80' title="bbox 2076 1776 3740 1851">
     <span class='ocr_line' id='line_1_80' title="bbox 2076 1776 3740 1851; baseline -0.001 -19"><span class='ocrx_word' id='word_1_523' title='bbox 2076 1776 2271 1833; x_wconf 90' lang='lat' dir='ltr'>thario</span> <span class='ocrx_word' id='word_1_524' title='bbox 2300 1777 2363 1831; x_wconf 93' lang='lat' dir='ltr'>in</span> <span class='ocrx_word' id='word_1_525' title='bbox 2390 1776 2633 1833; x_wconf 88' lang='lat' dir='ltr'>Francia</span> <span class='ocrx_word' id='word_1_526' title='bbox 2662 1776 3026 1845; x_wconf 83' lang='lat' dir='ltr'>ﬁrmaverat,</span> <span class='ocrx_word' id='word_1_527' title='bbox 3056 1777 3304 1849; x_wconf 90' lang='lat' dir='ltr'>quando</span> <span class='ocrx_word' id='word_1_528' title='bbox 3333 1794 3369 1833; x_wconf 88' lang='lat' dir='ltr'>a</span> <span class='ocrx_word' id='word_1_529' title='bbox 3389 1792 3527 1851; x_wconf 88' lang='lat' dir='ltr'>rege</span> <span class='ocrx_word' id='word_1_530' title='bbox 3546 1776 3740 1832; x_wconf 84' lang='lat' dir='ltr'>abbas</span> 
     </span>
    </p>
   </div>
   <div class='ocr_carea' id='block_1_81' title="bbox 2073 1864 3739 1937">
    <p class='ocr_par' dir='ltr' id='par_1_81' title="bbox 2073 1864 3739 1937">
     <span class='ocr_line' id='line_1_81' title="bbox 2073 1864 3739 1937; baseline -0.002 -16"><span class='ocrx_word' id='word_1_531' title='bbox 2073 1865 2435 1921; x_wconf 87' lang='lat' dir='ltr'>constitutus</span> <span class='ocrx_word' id='word_1_532' title='bbox 2489 1870 2593 1920; x_wconf 90' lang='lat' dir='ltr'>est.</span> <span class='ocrx_word' id='word_1_533' title='bbox 2651 1869 2800 1921; x_wconf 79' lang='lat' dir='ltr'>Nam</span> <span class='ocrx_word' id='word_1_534' title='bbox 2852 1865 3078 1937; x_wconf 87' lang='lat' dir='ltr'>juravit</span> <span class='ocrx_word' id='word_1_535' title='bbox 3118 1866 3243 1936; x_wconf 87' lang='lat' dir='ltr'>regi</span> <span class='ocrx_word' id='word_1_536' title='bbox 3277 1882 3339 1922; x_wconf 92' lang='lat' dir='ltr'>se</span> <span class='ocrx_word' id='word_1_537' title='bbox 3367 1864 3739 1921; x_wconf 88' lang='lat' dir='ltr'>monachum</span> 
     </span>
    </p>
   </div>
   <div class='ocr_carea' id='block_1_82' title="bbox 2069 1950 3734 2027">
    <p class='ocr_par' dir='ltr' id='par_1_82' title="bbox 2069 1950 3734 2027">
     <span class='ocr_line' id='line_1_82' title="bbox 2069 1950 3734 2027; baseline -0.003 -17"><span class='ocrx_word' id='word_1_538' title='bbox 2069 1954 2220 2023; x_wconf 80' lang='lat' dir='ltr'>fieri,</span> <span class='ocrx_word' id='word_1_539' title='bbox 2276 1953 2381 2010; x_wconf 90' lang='lat' dir='ltr'>sed</span> <span class='ocrx_word' id='word_1_540' title='bbox 2434 1953 2662 2009; x_wconf 89' lang='lat' dir='ltr'>derisor</span> <span class='ocrx_word' id='word_1_541' title='bbox 2712 1954 2808 2009; x_wconf 89' lang='lat' dir='ltr'>Dei</span> <span class='ocrx_word' id='word_1_542' title='bbox 2860 1970 3048 2027; x_wconf 89' lang='lat' dir='ltr'>usque</span> <span class='ocrx_word' id='word_1_543' title='bbox 3098 1954 3177 2009; x_wconf 88' lang='lat' dir='ltr'>ad</span> <span class='ocrx_word' id='word_1_544' title='bbox 3202 1958 3457 2010; x_wconf 88' lang='lat' dir='ltr'>mortem</span> <span class='ocrx_word' id='word_1_545' title='bbox 3488 1950 3734 2018; x_wconf 84' lang='lat' dir='ltr'>distulit,</span> 
     </span>
    </p>
   </div>
   <div class='ocr_carea' id='block_1_83' title="bbox 2067 2041 3734 2116">
    <p class='ocr_par' dir='ltr' id='par_1_83' title="bbox 2067 2041 3734 2116">
     <span class='ocr_line' id='line_1_83' title="bbox 2067 2041 3734 2116; baseline -0.002 -18"><span class='ocrx_word' id='word_1_546' title='bbox 2067 2044 2173 2116; x_wconf 91' lang='lat' dir='ltr'>qui</span> <span class='ocrx_word' id='word_1_547' title='bbox 2204 2042 2316 2098; x_wconf 89' lang='lat' dir='ltr'>nisi</span> <span class='ocrx_word' id='word_1_548' title='bbox 2348 2042 2540 2098; x_wconf 86' lang='lat' dir='ltr'>scelus</span> <span class='ocrx_word' id='word_1_549' title='bbox 2581 2043 3068 2115; x_wconf 69' lang='lat' dir='ltr'>praesumptionis</span> <span class='ocrx_word' id='word_1_550' title='bbox 3119 2043 3249 2114; x_wconf 90' lang='lat' dir='ltr'>ejus</span> <span class='ocrx_word' id='word_1_551' title='bbox 3299 2041 3527 2097; x_wconf 87' lang='lat' dir='ltr'>deleret</span> <span class='ocrx_word' id='word_1_552' title='bbox 3573 2055 3734 2107; x_wconf 90' lang='lat' dir='ltr'>eum,</span> 
     </span>
    </p>
   </div>
   <div class='ocr_carea' id='block_1_84' title="bbox 2067 2131 2893 2188">
    <p class='ocr_par' dir='ltr' id='par_1_84' title="bbox 2067 2131 2893 2188">
     <span class='ocr_line' id='line_1_84' title="bbox 2067 2131 2893 2188; baseline -0.004 0"><span class='ocrx_word' id='word_1_553' title='bbox 2067 2148 2268 2188; x_wconf 91' lang='lat' dir='ltr'>nonus</span> <span class='ocrx_word' id='word_1_554' title='bbox 2292 2131 2486 2188; x_wconf 86' lang='lat' dir='ltr'>abbas</span> <span class='ocrx_word' id='word_1_555' title='bbox 2518 2131 2893 2187; x_wconf 73' lang='lat' dir='ltr'>scriberetur.</span> 
     </span>
    </p>
   </div>
   <div class='ocr_carea' id='block_1_85' title="bbox 2138 2215 3739 2293">
    <p class='ocr_par' dir='ltr' id='par_1_85' title="bbox 2138 2215 3739 2293">
     <span class='ocr_line' id='line_1_85' title="bbox 2138 2215 3739 2293; baseline -0.004 -15"><span class='ocrx_word' id='word_1_556' title='bbox 2138 2225 2342 2278; x_wconf 82' lang='lat' dir='ltr'>Nonus</span> <span class='ocrx_word' id='word_1_557' title='bbox 2398 2220 2591 2277; x_wconf 87' lang='lat' dir='ltr'>abbas</span> <span class='ocrx_word' id='word_1_558' title='bbox 2644 2219 2832 2291; x_wconf 87' lang='lat' dir='ltr'>Guigo</span> <span class='ocrx_word' id='word_1_559' title='bbox 2889 2219 3127 2293; x_wconf 65' lang='lat' dir='ltr'>praefuit</span> <span class='ocrx_word' id='word_1_560' title='bbox 3167 2220 3344 2277; x_wconf 87' lang='lat' dir='ltr'>annis</span> <span class='ocrx_word' id='word_1_561' title='bbox 3392 2233 3530 2273; x_wconf 80' lang='lat' dir='ltr'>xvu.</span> <span class='ocrx_word' id='word_1_562' title='bbox 3584 2215 3739 2273; x_wconf 90' lang='lat' dir='ltr'>Obiit</span> 
     </span>
    </p>
   </div>
   <div class='ocr_carea' id='block_1_86' title="bbox 2066 2304 3738 2382">
    <p class='ocr_par' dir='ltr' id='par_1_86' title="bbox 2066 2304 3738 2382">
     <span class='ocr_line' id='line_1_86' title="bbox 2066 2304 3738 2382; baseline -0.005 -14"><span class='ocrx_word' id='word_1_563' title='bbox 2066 2310 2381 2382; x_wconf 63' lang='lat' dir='ltr'>Egolismte</span> <span class='ocrx_word' id='word_1_564' title='bbox 2413 2308 2579 2365; x_wconf 89' lang='lat' dir='ltr'>tertio</span> <span class='ocrx_word' id='word_1_565' title='bbox 2612 2308 2909 2365; x_wconf 88' lang='lat' dir='ltr'>Kalendas</span> <span class='ocrx_word' id='word_1_566' title='bbox 2937 2310 3228 2375; x_wconf 85' lang='lat' dir='ltr'>Octobris,</span> <span class='ocrx_word' id='word_1_567' title='bbox 3258 2306 3526 2380; x_wconf 90' lang='lat' dir='ltr'>sepultus</span> <span class='ocrx_word' id='word_1_568' title='bbox 3551 2304 3612 2360; x_wconf 93' lang='lat' dir='ltr'>in</span> <span class='ocrx_word' id='word_1_569' title='bbox 3634 2304 3738 2360; x_wconf 89' lang='lat' dir='ltr'>ba-</span> 
     </span>
    </p>
   </div>
   <div class='ocr_carea' id='block_1_87' title="bbox 2066 2393 3737 2472">
    <p class='ocr_par' dir='ltr' id='par_1_87' title="bbox 2066 2393 3737 2472">
     <span class='ocr_line' id='line_1_87' title="bbox 2066 2393 3737 2472; baseline -0.005 -15"><span class='ocrx_word' id='word_1_570' title='bbox 2066 2400 2229 2457; x_wconf 87' lang='lat' dir='ltr'>silica</span> <span class='ocrx_word' id='word_1_571' title='bbox 2261 2402 2317 2457; x_wconf 95' lang='grc'>8.</span> <span class='ocrx_word' id='word_1_572' title='bbox 2354 2397 2626 2472; x_wconf 88' lang='lat' dir='ltr'>Eparchii</span> <span class='ocrx_word' id='word_1_573' title='bbox 2654 2402 2790 2455; x_wconf 91' lang='lat' dir='ltr'>ante</span> <span class='ocrx_word' id='word_1_574' title='bbox 2817 2399 3003 2454; x_wconf 89' lang='lat' dir='ltr'>altare</span> <span class='ocrx_word' id='word_1_575' title='bbox 3033 2399 3228 2456; x_wconf 84' lang='lat' dir='ltr'>sancti</span> <span class='ocrx_word' id='word_1_576' title='bbox 3260 2393 3569 2468; x_wconf 72' lang='lat' dir='ltr'>Stephani,</span> <span class='ocrx_word' id='word_1_577' title='bbox 3592 2393 3737 2467; x_wconf 88' lang='lat' dir='ltr'>quia</span> 
     </span>
    </p>
   </div>
   <div class='ocr_carea' id='block_1_88' title="bbox 2066 2481 3738 2560">
    <p class='ocr_par' dir='ltr' id='par_1_88' title="bbox 2066 2481 3738 2560">
     <span class='ocr_line' id='line_1_88' title="bbox 2066 2481 3738 2560; baseline -0.004 -15"><span class='ocrx_word' id='word_1_578' title='bbox 2066 2494 2122 2545; x_wconf 89' lang='lat' dir='ltr'>et</span> <span class='ocrx_word' id='word_1_579' title='bbox 2150 2489 2226 2544; x_wconf 93' lang='lat' dir='ltr'>de</span> <span class='ocrx_word' id='word_1_580' title='bbox 2256 2488 2389 2560; x_wconf 82' lang='lat' dir='ltr'>ipso</span> <span class='ocrx_word' id='word_1_581' title='bbox 2415 2487 2779 2543; x_wconf 86' lang='lat' dir='ltr'>monasterio</span> <span class='ocrx_word' id='word_1_582' title='bbox 2810 2486 3003 2541; x_wconf 87' lang='lat' dir='ltr'>abbas</span> <span class='ocrx_word' id='word_1_583' title='bbox 3032 2492 3182 2544; x_wconf 89' lang='lat' dir='ltr'>erat.</span> <span class='ocrx_word' id='word_1_584' title='bbox 3219 2484 3321 2542; x_wconf 88' lang='lat' dir='ltr'>Hic</span> <span class='ocrx_word' id='word_1_585' title='bbox 3346 2481 3738 2539; x_wconf 76' lang='lat' dir='ltr'>Adalbertum</span> 
     </span>
    </p>
   </div>
   <div class='ocr_carea' id='block_1_89' title="bbox 2064 2570 3741 2651">
    <p class='ocr_par' dir='ltr' id='par_1_89' title="bbox 2064 2570 3741 2651">
     <span class='ocr_line' id='line_1_89' title="bbox 2064 2570 3741 2651; baseline -0.004 -16"><span class='ocrx_word' id='word_1_586' title='bbox 2064 2576 2477 2651; x_wconf 81' lang='lat' dir='ltr'>supradictum</span> <span class='ocrx_word' id='word_1_587' title='bbox 2508 2575 2810 2631; x_wconf 90' lang='lat' dir='ltr'>constituit</span> <span class='ocrx_word' id='word_1_588' title='bbox 2859 2573 2974 2630; x_wconf 90' lang='lat' dir='ltr'>sibi</span> <span class='ocrx_word' id='word_1_589' title='bbox 3017 2574 3327 2633; x_wconf 90' lang='lat' dir='ltr'>decanum</span> <span class='ocrx_word' id='word_1_590' title='bbox 3383 2571 3443 2627; x_wconf 92' lang='lat' dir='ltr'>in</span> <span class='ocrx_word' id='word_1_591' title='bbox 3491 2570 3741 2629; x_wconf 86' lang='lat' dir='ltr'>basilica</span> 
     </span>
    </p>
   </div>
   <div class='ocr_carea' id='block_1_90' title="bbox 2065 2660 3740 2735">
    <p class='ocr_par' dir='ltr' id='par_1_90' title="bbox 2065 2660 3740 2735">
     <span class='ocr_line' id='line_1_90' title="bbox 2065 2660 3740 2735; baseline -0.002 -12"><span class='ocrx_word' id='word_1_592' title='bbox 2065 2667 2254 2724; x_wconf 86' lang='lat' dir='ltr'>sancti</span> <span class='ocrx_word' id='word_1_593' title='bbox 2284 2665 2578 2723; x_wconf 86' lang='lat' dir='ltr'>Martialis.</span> <span class='ocrx_word' id='word_1_594' title='bbox 2632 2665 2815 2735; x_wconf 86' lang='lat' dir='ltr'>Hujus</span> <span class='ocrx_word' id='word_1_595' title='bbox 2863 2678 3025 2719; x_wconf 89' lang='lat' dir='ltr'>anno</span> <span class='ocrx_word' id='word_1_596' title='bbox 3078 2660 3444 2721; x_wconf 83' lang='lat' dir='ltr'>duodecimo</span> <span class='ocrx_word' id='word_1_597' title='bbox 3476 2676 3578 2715; x_wconf 84' lang='lat' dir='ltr'>rex</span> <span class='ocrx_word' id='word_1_598' title='bbox 3608 2660 3740 2719; x_wconf 82' lang='lat' dir='ltr'>Illo-</span> 
     </span>
    </p>
   </div>
   <div class='ocr_carea' id='block_1_91' title="bbox 2065 2748 3742 2827">
    <p class='ocr_par' dir='ltr' id='par_1_91' title="bbox 2065 2748 3742 2827">
     <span class='ocr_line' id='line_1_91' title="bbox 2065 2748 3742 2827; baseline -0.002 -14"><span class='ocrx_word' id='word_1_599' title='bbox 2065 2756 2292 2813; x_wconf 89' lang='lat' dir='ltr'>tharius</span> <span class='ocrx_word' id='word_1_600' title='bbox 2349 2753 2695 2811; x_wconf 86' lang='lat' dir='ltr'>Lemovicas</span> <span class='ocrx_word' id='word_1_601' title='bbox 2747 2752 2928 2820; x_wconf 82' lang='lat' dir='ltr'>venit,</span> <span class='ocrx_word' id='word_1_602' title='bbox 2977 2751 3391 2827; x_wconf 69' lang='lat' dir='ltr'>praecepitque</span> <span class='ocrx_word' id='word_1_603' title='bbox 3439 2748 3644 2808; x_wconf 88' lang='lat' dir='ltr'>abbati</span> <span class='ocrx_word' id='word_1_604' title='bbox 3678 2757 3742 2810; x_wconf 89' lang='lat' dir='ltr'>ut</span> 
     </span>
    </p>
   </div>
   <div class='ocr_carea' id='block_1_92' title="bbox 2062 2839 3738 2913">
    <p class='ocr_par' dir='ltr' id='par_1_92' title="bbox 2062 2839 3738 2913">
     <span class='ocr_line' id='line_1_92' title="bbox 2062 2839 3738 2913; baseline -0.001 -11"><span class='ocrx_word' id='word_1_605' title='bbox 2062 2846 2387 2903; x_wconf 79' lang='lat' dir='ltr'>aediﬁcaret</span> <span class='ocrx_word' id='word_1_606' title='bbox 2415 2859 2622 2900; x_wconf 90' lang='lat' dir='ltr'>muros</span> <span class='ocrx_word' id='word_1_607' title='bbox 2653 2841 2862 2910; x_wconf 88' lang='lat' dir='ltr'>castri;</span> <span class='ocrx_word' id='word_1_608' title='bbox 2891 2840 2993 2913; x_wconf 91' lang='lat' dir='ltr'>qui</span> <span class='ocrx_word' id='word_1_609' title='bbox 3029 2857 3311 2901; x_wconf 86' lang='lat' dir='ltr'>reversus</span> <span class='ocrx_word' id='word_1_610' title='bbox 3335 2839 3395 2895; x_wconf 91' lang='lat' dir='ltr'>in</span> <span class='ocrx_word' id='word_1_611' title='bbox 3428 2841 3738 2900; x_wconf 86' lang='lat' dir='ltr'>Franciam</span> 
     </span>
    </p>
   </div>
   <div class='ocr_carea' id='block_1_93' title="bbox 1993 2930 3740 3023">
    <p class='ocr_par' dir='ltr' id='par_1_93' title="bbox 1993 2930 3740 3023">
     <span class='ocr_line' id='line_1_93' title="bbox 1993 2930 3740 3023; baseline -0.001 -30"><span class='ocrx_word' id='word_1_612' title='bbox 1993 2969 2033 3023; x_wconf 63' lang='grc' dir='ltr'><strong>ρ</strong></span> <span class='ocrx_word' id='word_1_613' title='bbox 2062 2941 2203 3010; x_wconf 89' lang='lat' dir='ltr'>post</span> <span class='ocrx_word' id='word_1_614' title='bbox 2227 2950 2456 3009; x_wconf 91' lang='lat' dir='ltr'>paucos</span> <span class='ocrx_word' id='word_1_615' title='bbox 2485 2933 2611 2989; x_wconf 90' lang='lat' dir='ltr'>dies</span> <span class='ocrx_word' id='word_1_616' title='bbox 2640 2935 2913 3023; x_wconf 90' lang='lat' dir='ltr'>mortuus</span> <span class='ocrx_word' id='word_1_617' title='bbox 2948 2936 3063 2999; x_wconf 88' lang='lat' dir='ltr'>est,</span> <span class='ocrx_word' id='word_1_618' title='bbox 3124 2937 3180 2990; x_wconf 92' lang='lat' dir='ltr'>et</span> <span class='ocrx_word' id='word_1_619' title='bbox 3235 2930 3548 3005; x_wconf 85' lang='lat' dir='ltr'>progenies</span> <span class='ocrx_word' id='word_1_620' title='bbox 3609 2933 3740 3007; x_wconf 86' lang='lat' dir='ltr'>ejus</span> 
     </span>
    </p>
   </div>
   <div class='ocr_carea' id='block_1_94' title="bbox 2063 3022 3713 3100">
    <p class='ocr_par' dir='ltr' id='par_1_94' title="bbox 2063 3022 3713 3100">
     <span class='ocr_line' id='line_1_94' title="bbox 2063 3022 3713 3100; baseline 0.001 -17"><span class='ocrx_word' id='word_1_621' title='bbox 2063 3026 2344 3100; x_wconf 88' lang='lat' dir='ltr'>deinceps</span> <span class='ocrx_word' id='word_1_622' title='bbox 2373 3040 2560 3095; x_wconf 87' lang='lat' dir='ltr'>regno</span> <span class='ocrx_word' id='word_1_623' title='bbox 2589 3022 2823 3096; x_wconf 83' lang='lat' dir='ltr'>privata</span> <span class='ocrx_word' id='word_1_624' title='bbox 2849 3025 2955 3077; x_wconf 91' lang='lat' dir='ltr'>est.</span> <span class='ocrx_word' id='word_1_625' title='bbox 2990 3025 3147 3080; x_wconf 75' lang='lat' dir='ltr'>Nam</span> <span class='ocrx_word' id='word_1_626' title='bbox 3179 3023 3360 3079; x_wconf 85' lang='lat' dir='ltr'>frater</span> <span class='ocrx_word' id='word_1_627' title='bbox 3401 3023 3529 3095; x_wconf 90' lang='lat' dir='ltr'>ejus</span> <span class='ocrx_word' id='word_1_628' title='bbox 3562 3027 3713 3083; x_wconf 92' lang='lat' dir='ltr'>Caro</span> 
     </span>
    </p>
   </div>
   <div class='ocr_carea' id='block_1_95' title="bbox 2060 3110 3737 3190">
    <p class='ocr_par' dir='ltr' id='par_1_95' title="bbox 2060 3110 3737 3190">
     <span class='ocr_line' id='line_1_95' title="bbox 2060 3110 3737 3190; baseline 0 -17"><span class='ocrx_word' id='word_1_629' title='bbox 2060 3117 2156 3173; x_wconf 90' lang='lat' dir='ltr'>lus</span> <span class='ocrx_word' id='word_1_630' title='bbox 2184 3116 2244 3172; x_wconf 92' lang='lat' dir='ltr'>in</span> <span class='ocrx_word' id='word_1_631' title='bbox 2277 3129 2576 3172; x_wconf 87' lang='lat' dir='ltr'>carcerem</span> <span class='ocrx_word' id='word_1_632' title='bbox 2608 3111 2830 3166; x_wconf 89' lang='lat' dir='ltr'>missus</span> <span class='ocrx_word' id='word_1_633' title='bbox 2861 3114 2949 3164; x_wconf 91' lang='lat' dir='ltr'>est</span> <span class='ocrx_word' id='word_1_634' title='bbox 2971 3110 3056 3166; x_wconf 86' lang='lat' dir='ltr'>ab</span> <span class='ocrx_word' id='word_1_635' title='bbox 3090 3115 3295 3181; x_wconf 81' lang='lat' dir='ltr'>Ugonc</span> <span class='ocrx_word' id='word_1_636' title='bbox 3326 3112 3498 3182; x_wconf 87' lang='lat' dir='ltr'>duce,</span> <span class='ocrx_word' id='word_1_637' title='bbox 3528 3120 3586 3171; x_wconf 91' lang='lat' dir='ltr'>et</span> <span class='ocrx_word' id='word_1_638' title='bbox 3611 3116 3737 3190; x_wconf 89' lang='lat' dir='ltr'>ipse</span> 
     </span>
    </p>
   </div>
   <div class='ocr_carea' id='block_1_96' title="bbox 2064 3195 3735 3276">
    <p class='ocr_par' dir='ltr' id='par_1_96' title="bbox 2064 3195 3735 3276">
     <span class='ocr_line' id='line_1_96' title="bbox 2064 3195 3735 3276; baseline -0.003 -13"><span class='ocrx_word' id='word_1_639' title='bbox 2064 3208 2187 3276; x_wconf 88' lang='lat' dir='ltr'>Ugo</span> <span class='ocrx_word' id='word_1_640' title='bbox 2217 3220 2321 3261; x_wconf 89' lang='lat' dir='ltr'>rex</span> <span class='ocrx_word' id='word_1_641' title='bbox 2351 3202 2541 3258; x_wconf 88' lang='lat' dir='ltr'>factus</span> <span class='ocrx_word' id='word_1_642' title='bbox 2566 3203 2674 3263; x_wconf 86' lang='lat' dir='ltr'>est,</span> <span class='ocrx_word' id='word_1_643' title='bbox 2707 3197 2879 3268; x_wconf 90' lang='lat' dir='ltr'>cujus</span> <span class='ocrx_word' id='word_1_644' title='bbox 2908 3195 3074 3252; x_wconf 81' lang='lat' dir='ltr'>ﬁlius</span> <span class='ocrx_word' id='word_1_645' title='bbox 3122 3198 3437 3269; x_wconf 81' lang='lat' dir='ltr'>Robertus,</span> <span class='ocrx_word' id='word_1_646' title='bbox 3492 3218 3594 3258; x_wconf 89' lang='lat' dir='ltr'>rex</span> <span class='ocrx_word' id='word_1_647' title='bbox 3643 3221 3735 3262; x_wconf 88' lang='lat' dir='ltr'>sa-</span> 
     </span>
    </p>
   </div>
   <div class='ocr_carea' id='block_1_97' title="bbox 2059 3286 3732 3367">
    <p class='ocr_par' dir='ltr' id='par_1_97' title="bbox 2059 3286 3732 3367">
     <span class='ocr_line' id='line_1_97' title="bbox 2059 3286 3732 3367; baseline -0.001 -18"><span class='ocrx_word' id='word_1_648' title='bbox 2059 3292 2468 3367; x_wconf 88' lang='lat' dir='ltr'>pientissimus</span> <span class='ocrx_word' id='word_1_649' title='bbox 2493 3292 2552 3345; x_wconf 89' lang='lat' dir='ltr'>et</span> <span class='ocrx_word' id='word_1_650' title='bbox 2579 3286 2902 3362; x_wconf 89' lang='lat' dir='ltr'>piissimus,</span> <span class='ocrx_word' id='word_1_651' title='bbox 2933 3294 3131 3358; x_wconf 85' lang='lat' dir='ltr'>usque</span> <span class='ocrx_word' id='word_1_652' title='bbox 3152 3286 3333 3342; x_wconf 87' lang='lat' dir='ltr'>hodie</span> <span class='ocrx_word' id='word_1_653' title='bbox 3362 3288 3524 3345; x_wconf 80' lang='lat' dir='ltr'>vivit.</span> <span class='ocrx_word' id='word_1_654' title='bbox 3542 3292 3732 3364; x_wconf 83' lang='lat' dir='ltr'>ipsius</span> 
     </span>
    </p>
   </div>
   <div class='ocr_carea' id='block_1_98' title="bbox 2061 3376 3732 3455">
    <p class='ocr_par' dir='ltr' id='par_1_98' title="bbox 2061 3376 3732 3455">
     <span class='ocr_line' id='line_1_98' title="bbox 2061 3376 3732 3455; baseline -0.001 -16"><span class='ocrx_word' id='word_1_655' title='bbox 2061 3382 2297 3439; x_wconf 88' lang='lat' dir='ltr'>abbatis</span> <span class='ocrx_word' id='word_1_656' title='bbox 2328 3379 2669 3455; x_wconf 89' lang='lat' dir='ltr'>principatu</span> <span class='ocrx_word' id='word_1_657' title='bbox 2696 3376 2906 3447; x_wconf 78' lang='lat' dir='ltr'>crypta</span> <span class='ocrx_word' id='word_1_658' title='bbox 2945 3389 3133 3431; x_wconf 88' lang='lat' dir='ltr'>aurea</span> <span class='ocrx_word' id='word_1_659' title='bbox 3166 3376 3441 3432; x_wconf 84' lang='lat' dir='ltr'>Martialis</span> <span class='ocrx_word' id='word_1_660' title='bbox 3473 3380 3732 3451; x_wconf 90' lang='lat' dir='ltr'>apostoli</span> 
     </span>
    </p>
   </div>
   <div class='ocr_carea' id='block_1_99' title="bbox 2062 3458 3730 3539">
    <p class='ocr_par' dir='ltr' id='par_1_99' title="bbox 2062 3458 3730 3539">
     <span class='ocr_line' id='line_1_99' title="bbox 2062 3458 3730 3539; baseline -0.002 -8"><span class='ocrx_word' id='word_1_661' title='bbox 2062 3473 2262 3531; x_wconf 89' lang='lat' dir='ltr'>media</span> <span class='ocrx_word' id='word_1_662' title='bbox 2290 3458 2464 3528; x_wconf 78' lang='lat' dir='ltr'>hocte</span> <span class='ocrx_word' id='word_1_663' title='bbox 2514 3469 2652 3539; x_wconf 90' lang='lat' dir='ltr'>igne</span> <span class='ocrx_word' id='word_1_664' title='bbox 2700 3468 2788 3522; x_wconf 89' lang='lat' dir='ltr'>est</span> <span class='ocrx_word' id='word_1_665' title='bbox 2836 3463 3158 3521; x_wconf 89' lang='lat' dir='ltr'>combusta</span> <span class='ocrx_word' id='word_1_666' title='bbox 3187 3466 3437 3524; x_wconf 91' lang='lat' dir='ltr'>cadente</span> <span class='ocrx_word' id='word_1_667' title='bbox 3476 3470 3730 3528; x_wconf 86' lang='lat' dir='ltr'>candela</span> 
     </span>
    </p>
   </div>
   <div class='ocr_carea' id='block_1_100' title="bbox 2060 3553 3727 3619">
    <p class='ocr_par' dir='ltr' id='par_1_100' title="bbox 2060 3553 3727 3619">
     <span class='ocr_line' id='line_1_100' title="bbox 2060 3553 3727 3619; baseline -0.003 1"><span class='ocrx_word' id='word_1_668' title='bbox 2060 3579 2183 3619; x_wconf 89' lang='lat' dir='ltr'>una</span> <span class='ocrx_word' id='word_1_669' title='bbox 2210 3561 2410 3618; x_wconf 84' lang='lat' dir='ltr'>minus</span> <span class='ocrx_word' id='word_1_670' title='bbox 2438 3557 2721 3614; x_wconf 88' lang='lat' dir='ltr'>restincta</span> <span class='ocrx_word' id='word_1_671' title='bbox 2749 3553 2900 3608; x_wconf 87' lang='lat' dir='ltr'>inter</span> <span class='ocrx_word' id='word_1_672' title='bbox 2953 3553 3402 3612; x_wconf 89' lang='lat' dir='ltr'>multitudinem</span> <span class='ocrx_word' id='word_1_673' title='bbox 3447 3558 3727 3615; x_wconf 89' lang='lat' dir='ltr'>candela-</span> 
     </span>
    </p>
   </div>
   <div class='ocr_carea' id='block_1_101' title="bbox 2058 3641 3727 3723">
    <p class='ocr_par' dir='ltr' id='par_1_101' title="bbox 2058 3641 3727 3723">
     <span class='ocr_line' id='line_1_101' title="bbox 2058 3641 3727 3723; baseline -0.006 -12"><span class='ocrx_word' id='word_1_674' title='bbox 2058 3670 2211 3721; x_wconf 87' lang='lat' dir='ltr'>rum,</span> <span class='ocrx_word' id='word_1_675' title='bbox 2244 3656 2301 3708; x_wconf 92' lang='lat' dir='ltr'>et</span> <span class='ocrx_word' id='word_1_676' title='bbox 2321 3648 2551 3723; x_wconf 89' lang='lat' dir='ltr'>lapides</span> <span class='ocrx_word' id='word_1_677' title='bbox 2580 3641 2993 3720; x_wconf 87' lang='lat' dir='ltr'>pretiosissimi</span> <span class='ocrx_word' id='word_1_678' title='bbox 3033 3648 3171 3699; x_wconf 91' lang='lat' dir='ltr'>tunc</span> <span class='ocrx_word' id='word_1_679' title='bbox 3194 3644 3272 3700; x_wconf 90' lang='lat' dir='ltr'>ab</span> <span class='ocrx_word' id='word_1_680' title='bbox 3298 3644 3437 3716; x_wconf 88' lang='lat' dir='ltr'>igne</span> <span class='ocrx_word' id='word_1_681' title='bbox 3464 3648 3727 3722; x_wconf 83' lang='lat' dir='ltr'>corrupti</span> 
     </span>
    </p>
   </div>
   <div class='ocr_carea' id='block_1_102' title="bbox 2058 3732 3725 3813">
    <p class='ocr_par' dir='ltr' id='par_1_102' title="bbox 2058 3732 3725 3813">
     <span class='ocr_line' id='line_1_102' title="bbox 2058 3732 3725 3813; baseline -0.001 -17"><span class='ocrx_word' id='word_1_682' title='bbox 2058 3744 2215 3809; x_wconf 90' lang='lat' dir='ltr'>sunt,</span> <span class='ocrx_word' id='word_1_683' title='bbox 2248 3743 2305 3797; x_wconf 92' lang='lat' dir='ltr'>et</span> <span class='ocrx_word' id='word_1_684' title='bbox 2329 3736 2624 3813; x_wconf 87' lang='lat' dir='ltr'>quidquid</span> <span class='ocrx_word' id='word_1_685' title='bbox 2655 3734 2813 3790; x_wconf 90' lang='lat' dir='ltr'>intra</span> <span class='ocrx_word' id='word_1_686' title='bbox 2851 3732 3103 3788; x_wconf 91' lang='lat' dir='ltr'>domum</span> <span class='ocrx_word' id='word_1_687' title='bbox 3136 3734 3335 3806; x_wconf 89' lang='lat' dir='ltr'>ipsam</span> <span class='ocrx_word' id='word_1_688' title='bbox 3388 3741 3514 3793; x_wconf 90' lang='lat' dir='ltr'>erat</span> <span class='ocrx_word' id='word_1_689' title='bbox 3558 3738 3725 3811; x_wconf 90' lang='lat' dir='ltr'>quod</span> 
     </span>
    </p>
   </div>
   <div class='ocr_carea' id='block_1_103' title="bbox 2056 3819 3721 3901">
    <p class='ocr_par' dir='ltr' id='par_1_103' title="bbox 2056 3819 3721 3901">
     <span class='ocr_line' id='line_1_103' title="bbox 2056 3819 3721 3901; baseline -0.002 -15"><span class='ocrx_word' id='word_1_690' title='bbox 2056 3832 2264 3886; x_wconf 88' lang='lat' dir='ltr'>ardere</span> <span class='ocrx_word' id='word_1_691' title='bbox 2311 3830 2564 3901; x_wconf 90' lang='lat' dir='ltr'>poterat,</span> <span class='ocrx_word' id='word_1_692' title='bbox 2622 3819 2888 3878; x_wconf 86' lang='lat' dir='ltr'>ﬂammis</span> <span class='ocrx_word' id='word_1_693' title='bbox 2938 3826 3393 3878; x_wconf 89' lang='lat' dir='ltr'>concrematum</span> <span class='ocrx_word' id='word_1_694' title='bbox 3440 3827 3552 3896; x_wconf 92' lang='lat' dir='ltr'>est,</span> <span class='ocrx_word' id='word_1_695' title='bbox 3584 3825 3721 3883; x_wconf 87' lang='lat' dir='ltr'>libri</span> 
     </span>
    </p>
   </div>
   <div class='ocr_carea' id='block_1_104' title="bbox 2055 3908 3719 3985">
    <p class='ocr_par' dir='ltr' id='par_1_104' title="bbox 2055 3908 3719 3985">
     <span class='ocr_line' id='line_1_104' title="bbox 2055 3908 3719 3985; baseline -0.005 -7"><span class='ocrx_word' id='word_1_696' title='bbox 2055 3918 2320 3985; x_wconf 88' lang='lat' dir='ltr'>cremati,</span> <span class='ocrx_word' id='word_1_697' title='bbox 2354 3930 2571 3972; x_wconf 88' lang='lat' dir='ltr'>aurum</span> <span class='ocrx_word' id='word_1_698' title='bbox 2598 3916 2655 3968; x_wconf 89' lang='lat' dir='ltr'>et</span> <span class='ocrx_word' id='word_1_699' title='bbox 2683 3913 3000 3979; x_wconf 82' lang='lat' dir='ltr'>argentum</span> <span class='ocrx_word' id='word_1_700' title='bbox 3029 3908 3416 3982; x_wconf 88' lang='lat' dir='ltr'>liquefactum</span> <span class='ocrx_word' id='word_1_701' title='bbox 3469 3918 3527 3968; x_wconf 90' lang='lat' dir='ltr'>et</span> <span class='ocrx_word' id='word_1_702' title='bbox 3563 3913 3719 3970; x_wconf 88' lang='lat' dir='ltr'>intra</span> 
     </span>
    </p>
   </div>
   <div class='ocr_carea' id='block_1_105' title="bbox 2053 3998 3716 4083">
    <p class='ocr_par' dir='ltr' id='par_1_105' title="bbox 2053 3998 3716 4083">
     <span class='ocr_line' id='line_1_105' title="bbox 2053 3998 3716 4083; baseline -0.005 -17"><span class='ocrx_word' id='word_1_703' title='bbox 2053 4005 2397 4083; x_wconf 91' lang='lat' dir='ltr'>quindecim</span> <span class='ocrx_word' id='word_1_704' title='bbox 2422 4003 2548 4058; x_wconf 87' lang='lat' dir='ltr'>dies</span> <span class='ocrx_word' id='word_1_705' title='bbox 2577 4000 2766 4073; x_wconf 88' lang='lat' dir='ltr'>cripta</span> <span class='ocrx_word' id='word_1_706' title='bbox 2797 4012 2981 4054; x_wconf 89' lang='lat' dir='ltr'>aurea</span> <span class='ocrx_word' id='word_1_707' title='bbox 3010 4013 3149 4053; x_wconf 90' lang='lat' dir='ltr'>cum</span> <span class='ocrx_word' id='word_1_708' title='bbox 3180 3998 3435 4068; x_wconf 90' lang='lat' dir='ltr'>gemmis</span> <span class='ocrx_word' id='word_1_709' title='bbox 3483 4016 3519 4056; x_wconf 93' lang='lat' dir='ltr'>a</span> <span class='ocrx_word' id='word_1_710' title='bbox 3556 4015 3716 4057; x_wconf 93' lang='lat' dir='ltr'>novo</span> 
     </span>
    </p>
   </div>
   <div class='ocr_carea' id='block_1_106' title="bbox 2051 4086 3717 4160">
    <p class='ocr_par' dir='ltr' id='par_1_106' title="bbox 2051 4086 3717 4160">
     <span class='ocr_line' id='line_1_106' title="bbox 2051 4086 3717 4160; baseline -0.007 -4"><span class='ocrx_word' id='word_1_711' title='bbox 2051 4099 2387 4155; x_wconf 86' lang='lat' dir='ltr'>restaurata</span> <span class='ocrx_word' id='word_1_712' title='bbox 2416 4096 2507 4149; x_wconf 90' lang='lat' dir='ltr'>est</span> <span class='ocrx_word' id='word_1_713' title='bbox 2537 4107 2571 4147; x_wconf 89' lang='lat' dir='ltr'>a</span> <span class='ocrx_word' id='word_1_714' title='bbox 2597 4087 2868 4146; x_wconf 89' lang='lat' dir='ltr'>Josberto</span> <span class='ocrx_word' id='word_1_715' title='bbox 2898 4086 3143 4143; x_wconf 86' lang='lat' dir='ltr'>custode</span> <span class='ocrx_word' id='word_1_716' title='bbox 3173 4086 3471 4160; x_wconf 87' lang='lat' dir='ltr'>sepulchri</span> <span class='ocrx_word' id='word_1_717' title='bbox 3508 4105 3717 4148; x_wconf 87' lang='lat' dir='ltr'>mena-</span> 
     </span>
    </p>
   </div>
   <div class='ocr_carea' id='block_1_107' title="bbox 2052 4176 3713 4245">
    <p class='ocr_par' dir='ltr' id='par_1_107' title="bbox 2052 4176 3713 4245">
     <span class='ocr_line' id='line_1_107' title="bbox 2052 4176 3713 4245; baseline -0.005 0"><span class='ocrx_word' id='word_1_718' title='bbox 2052 4189 2184 4245; x_wconf 89' lang='lat' dir='ltr'>cho.</span> <span class='ocrx_word' id='word_1_719' title='bbox 2219 4185 2380 4241; x_wconf 90' lang='lat' dir='ltr'>Idem</span> <span class='ocrx_word' id='word_1_720' title='bbox 2405 4180 2710 4238; x_wconf 84' lang='lat' dir='ltr'>Josbertus</span> <span class='ocrx_word' id='word_1_721' title='bbox 2733 4176 2970 4234; x_wconf 90' lang='lat' dir='ltr'>iconem</span> <span class='ocrx_word' id='word_1_722' title='bbox 3002 4192 3250 4233; x_wconf 90' lang='lat' dir='ltr'>auream</span> <span class='ocrx_word' id='word_1_723' title='bbox 3272 4177 3462 4236; x_wconf 86' lang='lat' dir='ltr'>sancti</span> <span class='ocrx_word' id='word_1_724' title='bbox 3489 4178 3713 4237; x_wconf 87' lang='lat' dir='ltr'>Martia-</span> 
     </span>
    </p>
   </div>
   <div class='ocr_carea' id='block_1_108' title="bbox 2051 4265 3711 4347">
    <p class='ocr_par' dir='ltr' id='par_1_108' title="bbox 2051 4265 3711 4347">
     <span class='ocr_line' id='line_1_108' title="bbox 2051 4265 3711 4347; baseline -0.003 -15"><span class='ocrx_word' id='word_1_725' title='bbox 2051 4276 2122 4332; x_wconf 94' lang='lat' dir='ltr'>lis</span> <span class='ocrx_word' id='word_1_726' title='bbox 2149 4271 2404 4347; x_wconf 90' lang='lat' dir='ltr'>apostoli</span> <span class='ocrx_word' id='word_1_727' title='bbox 2427 4269 2583 4340; x_wconf 80' lang='lat' dir='ltr'>fecit,</span> <span class='ocrx_word' id='word_1_728' title='bbox 2616 4266 2923 4323; x_wconf 87' lang='lat' dir='ltr'>sedentem</span> <span class='ocrx_word' id='word_1_729' title='bbox 2952 4281 3132 4339; x_wconf 90' lang='lat' dir='ltr'>super</span> <span class='ocrx_word' id='word_1_730' title='bbox 3161 4265 3366 4334; x_wconf 81' lang='lat' dir='ltr'>altare,</span> <span class='ocrx_word' id='word_1_731' title='bbox 3414 4271 3471 4324; x_wconf 86' lang='lat' dir='ltr'>et</span> <span class='ocrx_word' id='word_1_732' title='bbox 3522 4283 3711 4328; x_wconf 83' lang='lat' dir='ltr'>manu</span> 
     </span>
    </p>
   </div>
   <div class='ocr_carea' id='block_1_109' title="bbox 2051 4353 3707 4435">
    <p class='ocr_par' dir='ltr' id='par_1_109' title="bbox 2051 4353 3707 4435">
     <span class='ocr_line' id='line_1_109' title="bbox 2051 4353 3707 4435; baseline -0.006 -12"><span class='ocrx_word' id='word_1_733' title='bbox 2051 4367 2261 4423; x_wconf 83' lang='lat' dir='ltr'>dextra</span> <span class='ocrx_word' id='word_1_734' title='bbox 2311 4359 2608 4435; x_wconf 83' lang='lat' dir='ltr'>populum</span> <span class='ocrx_word' id='word_1_735' title='bbox 2663 4354 3138 4424; x_wconf 90' lang='lat' dir='ltr'>benedicentem,</span> <span class='ocrx_word' id='word_1_736' title='bbox 3195 4353 3431 4413; x_wconf 87' lang='lat' dir='ltr'>sinistra</span> <span class='ocrx_word' id='word_1_737' title='bbox 3484 4355 3707 4414; x_wconf 88' lang='lat' dir='ltr'>librum</span> 
     </span>
    </p>
   </div>
   <div class='ocr_carea' id='block_1_110' title="bbox 2048 4444 3700 4518">
    <p class='ocr_par' dir='ltr' id='par_1_110' title="bbox 2048 4444 3700 4518">
     <span class='ocr_line' id='line_1_110' title="bbox 2048 4444 3700 4518; baseline -0.007 -5"><span class='ocrx_word' id='word_1_738' title='bbox 2048 4457 2347 4513; x_wconf 88' lang='lat' dir='ltr'>tenentem</span> <span class='ocrx_word' id='word_1_739' title='bbox 2398 4446 2717 4517; x_wconf 80' lang='lat' dir='ltr'>Evangelii.</span> <span class='ocrx_word' id='word_1_740' title='bbox 2770 4444 3193 4518; x_wconf 89' lang='lat' dir='ltr'>Supradictum</span> <span class='ocrx_word' id='word_1_741' title='bbox 3246 4444 3594 4502; x_wconf 91' lang='lat' dir='ltr'>incendium</span> <span class='ocrx_word' id='word_1_742' title='bbox 3638 4446 3700 4503; x_wconf 92' lang='lat' dir='ltr'>in</span> 
     </span>
    </p>
   </div>
   <div class='ocr_carea' id='block_1_111' title="bbox 2046 4534 3698 4602">
    <p class='ocr_par' dir='ltr' id='par_1_111' title="bbox 2046 4534 3698 4602">
     <span class='ocr_line' id='line_1_111' title="bbox 2046 4534 3698 4602; baseline -0.007 0"><span class='ocrx_word' id='word_1_743' title='bbox 2046 4560 2253 4602; x_wconf 89' lang='lat' dir='ltr'>mense</span> <span class='ocrx_word' id='word_1_744' title='bbox 2281 4540 2455 4599; x_wconf 81' lang='lat' dir='ltr'>Junio</span> <span class='ocrx_word' id='word_1_745' title='bbox 2485 4537 2698 4596; x_wconf 89' lang='lat' dir='ltr'>accidit</span> <span class='ocrx_word' id='word_1_746' title='bbox 2726 4539 2863 4593; x_wconf 90' lang='lat' dir='ltr'>ante</span> <span class='ocrx_word' id='word_1_747' title='bbox 2910 4534 3285 4592; x_wconf 87' lang='lat' dir='ltr'>festivitatem</span> <span class='ocrx_word' id='word_1_748' title='bbox 3327 4534 3513 4591; x_wconf 88' lang='lat' dir='ltr'>sancti</span> <span class='ocrx_word' id='word_1_749' title='bbox 3558 4538 3698 4592; x_wconf 86' lang='lat' dir='ltr'>Mar-</span> 
     </span>
    </p>
   </div>
   <div class='ocr_carea' id='block_1_112' title="bbox 2046 4634 2224 4691">
    <p class='ocr_par' dir='ltr' id='par_1_112' title="bbox 2046 4634 2224 4691">
     <span class='ocr_line' id='line_1_112' title="bbox 2046 4634 2224 4691; baseline -0.011 0"><span class='ocrx_word' id='word_1_750' title='bbox 2046 4634 2224 4691; x_wconf 90' lang='lat' dir='ltr'>tialis.</span> 
     </span>
    </p>
   </div>
   <div class='ocr_carea' id='block_1_113' title="bbox 2116 4701 3693 4778">
    <p class='ocr_par' dir='ltr' id='par_1_113' title="bbox 2116 4701 3693 4778">
     <span class='ocr_line' id='line_1_113' title="bbox 2116 4701 3693 4778; baseline -0.007 -10"><span class='ocrx_word' id='word_1_751' title='bbox 2116 4712 2392 4770; x_wconf 90' lang='lat' dir='ltr'>Decimus</span> <span class='ocrx_word' id='word_1_752' title='bbox 2422 4708 2613 4765; x_wconf 91' lang='lat' dir='ltr'>abbas</span> <span class='ocrx_word' id='word_1_753' title='bbox 2627 4704 2930 4764; x_wconf 86' lang='lat' dir='ltr'>Josfredus</span> <span class='ocrx_word' id='word_1_754' title='bbox 2946 4705 3182 4778; x_wconf 67' lang='lat' dir='ltr'>praefuit</span> <span class='ocrx_word' id='word_1_755' title='bbox 3201 4704 3373 4762; x_wconf 89' lang='lat' dir='ltr'>annis</span> <span class='ocrx_word' id='word_1_756' title='bbox 3387 4701 3649 4760; x_wconf 83' lang='lat' dir='ltr'>vu.0biit</span> <span class='ocrx_word' id='word_1_757' title='bbox 3664 4718 3693 4757; x_wconf 79' lang='grc' dir='ltr'><strong>ν</strong></span> 
     </span>
    </p>
   </div>
   <div class='ocr_carea' id='block_1_114' title="bbox 2044 4791 3697 4869">
    <p class='ocr_par' dir='ltr' id='par_1_114' title="bbox 2044 4791 3697 4869">
     <span class='ocr_line' id='line_1_114' title="bbox 2044 4791 3697 4869; baseline -0.01 -7"><span class='ocrx_word' id='word_1_758' title='bbox 2044 4804 2182 4862; x_wconf 89' lang='lat' dir='ltr'>ldus</span> <span class='ocrx_word' id='word_1_759' title='bbox 2214 4799 2502 4859; x_wconf 91' lang='lat' dir='ltr'>Octobris.</span> <span class='ocrx_word' id='word_1_760' title='bbox 2539 4796 2723 4868; x_wconf 88' lang='lat' dir='ltr'>Hujus</span> <span class='ocrx_word' id='word_1_761' title='bbox 2747 4794 3088 4869; x_wconf 90' lang='lat' dir='ltr'>principatu</span> <span class='ocrx_word' id='word_1_762' title='bbox 3128 4796 3309 4868; x_wconf 86' lang='lat' dir='ltr'>plaga</span> <span class='ocrx_word' id='word_1_763' title='bbox 3334 4791 3489 4863; x_wconf 87' lang='lat' dir='ltr'>ignis</span> <span class='ocrx_word' id='word_1_764' title='bbox 3517 4807 3697 4864; x_wconf 90' lang='lat' dir='ltr'>super</span> 
     </span>
    </p>
   </div>
   <div class='ocr_carea' id='block_1_115' title="bbox 2041 4879 3689 4966">
    <p class='ocr_par' dir='ltr' id='par_1_115' title="bbox 2041 4879 3689 4966">
     <span class='ocr_line' id='line_1_115' title="bbox 2041 4879 3689 4966; baseline -0.009 -16"><span class='ocrx_word' id='word_1_765' title='bbox 2041 4906 2295 4966; x_wconf 90' lang='lat' dir='ltr'>corpora</span> <span class='ocrx_word' id='word_1_766' title='bbox 2315 4888 2750 4961; x_wconf 84' lang='lat' dir='ltr'>Aquitanorum</span> <span class='ocrx_word' id='word_1_767' title='bbox 2776 4882 3038 4940; x_wconf 79' lang='lat' dir='ltr'>desaeviit</span> <span class='ocrx_word' id='word_1_768' title='bbox 3066 4886 3122 4939; x_wconf 91' lang='lat' dir='ltr'>et</span> <span class='ocrx_word' id='word_1_769' title='bbox 3142 4879 3362 4937; x_wconf 88' lang='lat' dir='ltr'>mortui</span> <span class='ocrx_word' id='word_1_770' title='bbox 3391 4884 3530 4937; x_wconf 91' lang='lat' dir='ltr'>sunt</span> <span class='ocrx_word' id='word_1_771' title='bbox 3552 4880 3689 4954; x_wconf 89' lang='lat' dir='ltr'>plus</span> 
     </span>
    </p>
   </div>
   <div class='ocr_carea' id='block_1_116' title="bbox 2036 4969 3689 5057">
    <p class='ocr_par' dir='ltr' id='par_1_116' title="bbox 2036 4969 3689 5057">
     <span class='ocr_line' id='line_1_116' title="bbox 2036 4969 3689 5057; baseline -0.007 -18"><span class='ocrx_word' id='word_1_772' title='bbox 2036 4977 2441 5057; x_wconf 87' lang='lat' dir='ltr'>quadraginta</span> <span class='ocrx_word' id='word_1_773' title='bbox 2457 4974 2647 5035; x_wconf 87' lang='lat' dir='ltr'>millia</span> <span class='ocrx_word' id='word_1_774' title='bbox 2666 4973 2982 5030; x_wconf 91' lang='lat' dir='ltr'>hominum</span> <span class='ocrx_word' id='word_1_775' title='bbox 3002 4971 3080 5027; x_wconf 89' lang='lat' dir='ltr'>ab</span> <span class='ocrx_word' id='word_1_776' title='bbox 3096 4969 3308 5028; x_wconf 91' lang='lat' dir='ltr'>eadem</span> <span class='ocrx_word' id='word_1_777' title='bbox 3334 4969 3689 5042; x_wconf 88' lang='lat' dir='ltr'>pestilentia.</span> 
     </span>
    </p>
   </div>
   <div class='ocr_carea' id='block_1_117' title="bbox 2039 5059 3689 5134">
    <p class='ocr_par' dir='ltr' id='par_1_117' title="bbox 2039 5059 3689 5134">
     <span class='ocr_line' id='line_1_117' title="bbox 2039 5059 3689 5134; baseline -0.007 -5"><span class='ocrx_word' id='word_1_778' title='bbox 2039 5072 2177 5130; x_wconf 92' lang='lat' dir='ltr'>Ideo</span> <span class='ocrx_word' id='word_1_779' title='bbox 2204 5067 2507 5127; x_wconf 85' lang='lat' dir='ltr'>Josfredus</span> <span class='ocrx_word' id='word_1_780' title='bbox 2528 5065 2719 5123; x_wconf 90' lang='lat' dir='ltr'>abbas</span> <span class='ocrx_word' id='word_1_781' title='bbox 2763 5067 2820 5119; x_wconf 93' lang='lat' dir='ltr'>et</span> <span class='ocrx_word' id='word_1_782' title='bbox 2842 5060 3112 5134; x_wconf 91' lang='lat' dir='ltr'>episcopi</span> <span class='ocrx_word' id='word_1_783' title='bbox 3160 5059 3492 5133; x_wconf 79' lang='lat' dir='ltr'>Aquitaniae</span> <span class='ocrx_word' id='word_1_784' title='bbox 3538 5060 3689 5118; x_wconf 84' lang='lat' dir='ltr'>adu-</span> 
     </span>
    </p>
   </div>
   <div class='ocr_carea' id='block_1_118' title="bbox 2036 5149 3687 5227">
    <p class='ocr_par' dir='ltr' id='par_1_118' title="bbox 2036 5149 3687 5227">
     <span class='ocr_line' id='line_1_118' title="bbox 2036 5149 3687 5227; baseline -0.007 -9"><span class='ocrx_word' id='word_1_785' title='bbox 2036 5161 2161 5219; x_wconf 88' lang='lat' dir='ltr'>nati</span> <span class='ocrx_word' id='word_1_786' title='bbox 2192 5156 2535 5227; x_wconf 80' lang='lat' dir='ltr'>Lemovicas</span> <span class='ocrx_word' id='word_1_787' title='bbox 2578 5152 2923 5210; x_wconf 89' lang='lat' dir='ltr'>levaverunt</span> <span class='ocrx_word' id='word_1_788' title='bbox 2951 5165 3169 5223; x_wconf 89' lang='lat' dir='ltr'>corpus</span> <span class='ocrx_word' id='word_1_789' title='bbox 3199 5149 3389 5207; x_wconf 87' lang='lat' dir='ltr'>sancti</span> <span class='ocrx_word' id='word_1_790' title='bbox 3416 5149 3687 5208; x_wconf 86' lang='lat' dir='ltr'>Martialis</span> 
     </span>
    </p>
   </div>
   <div class='ocr_carea' id='block_1_119' title="bbox 2037 5310 3685 5388">
    <p class='ocr_par' dir='ltr' id='par_1_119' title="bbox 2037 5310 3685 5388">
     <span class='ocr_line' id='line_1_119' title="bbox 2037 5310 3685 5388; baseline -0.006 -12"><span class='ocrx_word' id='word_1_791' title='bbox 2037 5317 2339 5388; x_wconf 89' lang='lat' dir='ltr'>erraverit,</span> <span class='ocrx_word' id='word_1_792' title='bbox 2390 5315 2644 5388; x_wconf 81' lang='lat' dir='ltr'>aliisque</span> <span class='ocrx_word' id='word_1_793' title='bbox 2691 5311 2872 5388; x_wconf 82' lang='lat' dir='ltr'>etiam</span> <span class='ocrx_word' id='word_1_794' title='bbox 2915 5310 3329 5368; x_wconf 90' lang='lat' dir='ltr'>eruditissimis</span> <span class='ocrx_word' id='word_1_795' title='bbox 3380 5310 3520 5367; x_wconf 89' lang='lat' dir='ltr'>viris</span> <span class='ocrx_word' id='word_1_796' title='bbox 3549 5325 3685 5367; x_wconf 83' lang='lat' dir='ltr'>cau-</span> 
     </span>
    </p>
   </div>
   <div class='ocr_carea' id='block_1_120' title="bbox 2039 5383 3505 5463">
    <p class='ocr_par' dir='ltr' id='par_1_120' title="bbox 2039 5383 3505 5463">
     <span class='ocr_line' id='line_1_120' title="bbox 2039 5383 3505 5463; baseline -0.01 -15"><span class='ocrx_word' id='word_1_797' title='bbox 2039 5407 2169 5447; x_wconf 90' lang='lat' dir='ltr'>sam</span> <span class='ocrx_word' id='word_1_798' title='bbox 2194 5383 2431 5463; x_wconf 77' lang='lat' dir='ltr'>errandi</span> <span class='ocrx_word' id='word_1_799' title='bbox 2460 5383 2833 5463; x_wconf 39' lang='lat' dir='ltr'>praebuerit‘.“</span> <span class='ocrx_word' id='word_1_800' title='bbox 3170 5454 3187 5463; x_wconf 86' lang='lat'>_</span> <span class='ocrx_word' id='word_1_801' title='bbox 3473 5452 3505 5463; x_wconf 41' lang='lat' dir='ltr'><strong>ﬂ</strong></span> 
     </span>
    </p>
   </div>
   <div class='ocr_carea' id='block_1_121' title="bbox 2132 5454 3687 5528">
    <p class='ocr_par' dir='ltr' id='par_1_121' title="bbox 2132 5454 3687 5528">
     <span class='ocr_line' id='line_1_121' title="bbox 2132 5454 3687 5528; baseline -0.006 -12"><span class='ocrx_word' id='word_1_802' title='bbox 2132 5460 2254 5528; x_wconf 85' lang='grc'>171)</span> <span class='ocrx_word' id='word_1_803' title='bbox 2294 5462 2358 5514; x_wconf 91' lang='lat' dir='ltr'>In</span> <span class='ocrx_word' id='word_1_804' title='bbox 2381 5454 2662 5525; x_wconf 77' lang='lat' dir='ltr'>Catalogo</span> <span class='ocrx_word' id='word_1_805' title='bbox 2693 5454 2912 5528; x_wconf 84' lang='lat' dir='ltr'>Gallico</span> <span class='ocrx_word' id='word_1_806' title='bbox 2941 5454 3291 5528; x_wconf 78' lang='lat' dir='ltr'>eorumdem</span> <span class='ocrx_word' id='word_1_807' title='bbox 3321 5454 3509 5528; x_wconf 83' lang='lat' dir='ltr'>sancti</span> <span class='ocrx_word' id='word_1_808' title='bbox 3544 5454 3687 5528; x_wconf 70' lang='lat' dir='ltr'>Mar-</span> 
     </span>
    </p>
   </div>
   <div class='ocr_carea' id='block_1_122' title="bbox 2036 5463 3684 5598">
    <p class='ocr_par' dir='ltr' id='par_1_122' title="bbox 2036 5463 3684 5598">
     <span class='ocr_line' id='line_1_122' title="bbox 2110 5463 3684 5587; baseline -0.005 -71"><span class='ocrx_word' id='word_1_809' title='bbox 2110 5463 2254 5587; x_wconf 44' lang='lat' dir='ltr'>Sl‘il)</span> <span class='ocrx_word' id='word_1_810' title='bbox 2294 5463 2358 5514; x_wconf 90' lang='lat' dir='ltr'>In</span> <span class='ocrx_word' id='word_1_811' title='bbox 2381 5463 2662 5525; x_wconf 87' lang='lat' dir='ltr'>Catalogo</span> <span class='ocrx_word' id='word_1_812' title='bbox 2693 5463 2912 5537; x_wconf 70' lang='lat' dir='ltr'>Gauico</span> <span class='ocrx_word' id='word_1_813' title='bbox 2941 5463 3291 5538; x_wconf 62' lang='lat' dir='ltr'>earumdem</span> <span class='ocrx_word' id='word_1_814' title='bbox 3321 5463 3509 5510; x_wconf 87' lang='lat' dir='ltr'>sanen</span> <span class='ocrx_word' id='word_1_815' title='bbox 3544 5463 3684 5534; x_wconf 74' lang='lat' dir='ltr'>uar-</span> 
     </span>
     <span class='ocr_line' id='line_1_123' title="bbox 2036 5524 3684 5598; baseline -0.007 -9"><span class='ocrx_word' id='word_1_816' title='bbox 2036 5534 2116 5590; x_wconf 88' lang='lat' dir='ltr'>tia</span> <span class='ocrx_word' id='word_1_817' title='bbox 2139 5532 2189 5587; x_wconf 93' lang='lat' dir='ltr'>is</span> <span class='ocrx_word' id='word_1_818' title='bbox 2213 5529 2503 5587; x_wconf 90' lang='lat' dir='ltr'>abbatum</span> <span class='ocrx_word' id='word_1_819' title='bbox 2542 5527 2915 5583; x_wconf 80' lang='lat' dir='ltr'>emendatius</span> <span class='ocrx_word' id='word_1_820' title='bbox 2966 5525 3177 5585; x_wconf 77' lang='lat' dir='ltr'>dicitur</span> <span class='ocrx_word' id='word_1_821' title='bbox 3225 5524 3684 5598; x_wconf 76' lang='lat' dir='ltr'>Stephanopohs</span> 
     </span>
    </p>
   </div>
   <div class='ocr_carea' id='block_1_123' title="bbox 2037 5599 3018 5677">
    <p class='ocr_par' dir='ltr' id='par_1_123' title="bbox 2037 5599 3018 5677">
     <span class='ocr_line' id='line_1_124' title="bbox 2037 5599 3018 5677; baseline -0.006 -16"><span class='ocrx_word' id='word_1_822' title='bbox 2037 5608 2096 5661; x_wconf 91' lang='lat' dir='ltr'>et</span> <span class='ocrx_word' id='word_1_823' title='bbox 2121 5605 2308 5677; x_wconf 74' lang='lat' dir='ltr'>portae</span> <span class='ocrx_word' id='word_1_824' title='bbox 2336 5599 2634 5669; x_wconf 89' lang='lat' dir='ltr'>dicuntur,</span> <span class='ocrx_word' id='word_1_825' title='bbox 2657 5614 2781 5657; x_wconf 93' lang='lat' dir='ltr'>non</span> <span class='ocrx_word' id='word_1_826' title='bbox 2805 5603 3018 5657; x_wconf 88' lang='lat' dir='ltr'>turres.</span> 
     </span>
    </p>
   </div>
  </div>
