4054 6188
304 222 373 275 83
1462 208 1774 265 ΑΟΕΜΑΒΙ
1815 207 1872 263 S.
1915 205 1963 261 Ci

2076 202 2190 259 BD]
2228 204 2559 262 MONACHI.
3661 204 3733 257 84

304 340 558 416 apostoli
606 344 662 396 et
716 341 777 396 in
834 342 1102 395 montem
1150 334 1362 393 Gaudii
1410 332 1854 399 transtulerunt,
1898 333 1954 385 et
1988 333 2035 385 Α
2063 328 2406 401 apostolatu
2461 326 2651 384 sancti
2703 326 2996 393 Martialis,
3027 342 3134 382 cur
3189 325 3288 382 alii
3330 326 3391 382 in
3431 324 3732 416 apostolo-

304 429 516 486 exinde
542 428 733 503 pridie
767 431 961 483 Nonas
994 424 1335 481 Decembris
1361 422 1594 479 tumulo
1639 437 1750 476 suo
1799 417 1964 475 resti-

304 523 560 587 tuerunt,
589 521 645 574 et
672 517 927 573 cessavit
954 514 1288 588 pestilentia
1315 513 1495 583 ignis.
1546 512 1644 567 Hie
1687 511 1761 565 de
1792 509 1966 565 icona

303 626 486 667 aurea
526 607 796 665 loculum
843 606 979 663 fecit
1023 621 1275 662 aureum
1305 620 1441 659 cum
1475 601 1729 671 gemmis
1754 599 1815 656 in
1844 614 1965 671 quo

300 704 540 756 vectum
571 702 660 755 est
685 714 903 771 corpus
925 695 1116 753 sancti
1138 693 1433 752 Martialis.
1466 692 1564 749 Hic
1586 691 1739 747 duas
1762 705 1965 746 cruces

300 804 374 844 ex
399 805 548 845 auro
576 792 634 845 et
664 787 924 857 gemmis
957 785 1110 841 fecit.

376 878 739 934 Undecimus
774 875 967 933 abbas
992 874 1363 931 Adalbaldus
1393 872 1630 946 praefuit
1667 870 1842 927 annis
1885 887 1963 926 ix.

303 969 406 1025 Hic
453 966 734 1038 regaliter
779 964 1094 1022 basilicam
1135 965 1191 1021 S.
1247 962 1523 1021 Martialis
1573 960 1965 1034 recuperavit-

304 1058 489 1130 Hujus
513 1056 850 1130 principatu
878 1054 1256 1128 supradictus
1293 1053 1557 1108 decanus
1587 1051 1961 1119 Adalbcrtus,

303 1147 394 1205 vir
424 1146 819 1215 clarissimus,
853 1144 999 1200 obiit
1033 1160 1093 1199 x1
1127 1141 1424 1199 Kalendas
1457 1141 1603 1198 Maii.
1631 1142 1807 1197 Juxta
1828 1157 1965 1196 cum

306 1240 578 1292 mortuus
633 1238 721 1291 est
778 1232 1148 1289 Adalbaldus
1191 1230 1358 1287 tertio
1406 1247 1610 1286 mense
1653 1232 1768 1287 hoc
1795 1235 1881 1286 est
1907 1247 1966 1286 xx

307 1323 605 1382 Kalendas
635 1323 907 1395 Augusti.

378 1414 779 1470 Duodecimus
812 1411 1006 1469 abbas
1038 1411 1242 1468 itidem
1264 1409 1573 1466 Josfredus
1600 1410 1834 1482 przefuit
1863 1427 1967 1467 an-

305 1504 399 1559 nis
431 1503 773 1560 duodecim.
806 1502 907 1558 Hic
937 1516 1224 1558 coronam
1256 1515 1505 1556 auream
1531 1516 1669 1555 cum
1713 1501 1967 1569 gemmis

304 1595 667 1663 pendentem
691 1595 826 1648 ante
858 1608 1076 1664 corpus
1106 1589 1267 1647 beati
1297 1588 1572 1645 Martialis
1602 1587 1753 1643 fecit.
1799 1587 1899 1643 Hic
1928 1604 1965 1643 a

305 1697 464 1738 novo
488 1681 803 1737 basilicam
837 1679 1156 1738 Salvatoris
1204 1677 1529 1747 magniﬁco
1576 1693 1756 1750 opere
1802 1696 1971 1735 reno-

306 1770 487 1827 vavit.
523 1770 707 1841 Hujus
736 1769 903 1825 tertio
944 1784 1105 1824 anno
1157 1766 1496 1840 sepulcrum
1551 1768 1782 1823 Domini
1830 1773 1968 1829 Jesu

309 1858 519 1917 Christi
549 1858 712 1930 apud
742 1857 1218 1930 Hierosolymam
1249 1856 1620 1913 confractum
1662 1862 1749 1913 est
1796 1876 1831 1915 a
1866 1863 1968 1919 Sa-

306 1947 537 2004 racenis
567 1950 622 2002 et
648 1946 883 2014 Judaeis,
937 1951 992 2002 et
1050 1949 1275 2002 caeteras
1323 1945 1586 2001 ecclesiae
1633 1963 1741 2020 per
1769 1948 1966 2022 ipsam

306 2033 679 2105 provinciam
711 2051 723 2089 :
759 2033 888 2090 sola
914 2033 1162 2090 ecclesia
1189 2033 1546 2102 Bethlehem,
1610 2034 1711 2090 ubi
1764 2042 1966 2111 natus,

307 2128 416 2189 est,
447 2122 739 2194 confringi
767 2139 892 2179 non
916 2122 1126 2197 potuit.
1160 2126 1309 2179 Nam
1338 2122 1527 2180 virtus
1570 2124 1670 2181 Dei
1696 2142 1830 2183 eam
1861 2128 1966 2184 de-

307 2212 514 2284 fendit,
572 2217 629 2268 et
687 2215 1013 2270 Saracenos
1064 2212 1169 2285 qui
1216 2228 1352 2268 eam
1394 2211 1618 2270 violare
1657 2222 1963 2288 venerant,

306 2300 568 2374 pessima
598 2305 788 2358 morte
820 2317 1029 2357 omnes
1060 2300 1340 2358 exstinxit
1367 2321 1379 2358 :
1411 2311 1769 2375 crepuerunt
1805 2308 1966 2365 enim

304 2407 448 2446 mox
475 2390 785 2447 ventribus
818 2406 1049 2459 omnes,
1099 2396 1156 2448 et
1199 2391 1288 2448 ira
1314 2391 1416 2447 Dei
1443 2397 1646 2450 secuta
1675 2399 1761 2452 est
1792 2413 1969 2469 super

306 2482 653 2549 Saracenos,
682 2483 740 2536 et
767 2480 988 2537 mortui
1020 2485 1161 2537 sunt
1190 2486 1313 2537 tam
1362 2480 1522 2537 fame
1568 2498 1754 2555 quam
1793 2487 1968 2558 pesti-

300 2569 482 2625 lentia
509 2585 615 2642 per
638 2574 755 2627 tres
784 2586 977 2627 annos
1027 2572 1462 2627 Saracenorum
1506 2576 1562 2628 et
1616 2573 1965 2632 Judaaorum

301 2656 437 2732 plus
466 2674 653 2732 quam
681 2657 1033 2730 nongenties
1066 2663 1306 2715 centum
1335 2658 1540 2716 millia.
1585 2661 1965 2720 Confractum

301 2752 390 2804 est
414 2753 615 2804 autem
641 2747 803 2805 idem
832 2746 1176 2820 sepulcrum
1224 2747 1393 2804 tertio
1446 2748 1743 2806 Kalendas
1792 2754 1964 2809 Octo-

298 2835 444 2907 bris,
475 2841 532 2892 et
555 2852 699 2893 mox
728 2836 807 2893 ab
832 2836 981 2909 ipsis
1014 2836 1353 2893 Saracensis
1381 2837 1560 2911 coepit
1579 2838 1959 2911 reaediﬁcari;

300 2924 543 2981 fuerunt
571 2925 732 2981 enim
766 2924 976 2981 timore
1004 2924 1315 2997 perterriti.
1340 2925 1526 2996 Hujus
1543 2926 1778 2983 abbatis
1800 2944 1961 2986 anno

2072 436 2227 485 rum,
2262 418 2358 474 alii
2388 419 2447 473 in
2482 417 2899 474 confessorum
2929 433 3184 473 numero
3236 433 3377 473 eum
3426 420 3625 473 tenere
3653 415 3731 471 vi-

2072 508 2386 563 dabantur.
2423 507 2533 574 Qui
2563 507 2623 563 in
2652 523 2905 563 numero
2935 507 3346 562 confessorum
3391 522 3530 563 eum
3568 510 3730 562 tene-

2073 597 2239 666 bant,
2274 596 2408 654 ideo
2438 598 2553 653 hoc
2584 597 2847 669 agebant
2873 595 3017 669 quia
3037 612 3161 652 non
3189 596 3485 669 putabant
3499 595 3732 669 aliquos

2074 702 2205 742 esse
2262 686 2567 759 apostolos
2621 691 2837 760 printer
2879 685 3220 742 duodecim.
3271 685 3381 741 Alii
3430 700 3574 741 vero
3616 686 3734 741 hoc

2076 777 2359 848 agebant,
2389 777 2536 850 quia
2565 792 2790 833 nomen
2820 777 2951 848 ejus
2982 776 3042 832 in
3072 780 3333 849 quatuor
3355 775 3734 846 evangelistis

2073 882 2197 922 non
2238 866 2633 939 reperiebant.
2696 866 2806 932 Qui
2848 882 2988 922 vero
3032 865 3252 922 saniori
3282 864 3531 922 consilio
3560 864 3732 921 intel-

2073 955 2225 1011 lecta
2253 954 2586 1029 sapiebant,
2618 954 3005 1013 afﬁrmabant
3031 971 3170 1010 eum
3212 970 3345 1012 esse
3391 953 3735 1028 apostolum

2074 1060 2264 1100 unum
2291 1045 2659 1117 praecipuum
2685 1048 2824 1117 post
2851 1043 3191 1116 duodecim,
3235 1044 3380 1117 quia
3409 1060 3548 1100 cum
3586 1043 3737 1099 duo-

2075 1134 2269 1190 decim
2300 1139 2687 1190 conversatus
2720 1138 2808 1191 est
2837 1134 3188 1191 eteamdem
3216 1134 3470 1204 gratiam
3495 1137 3736 1207 aposto-

2074 1218 2249 1291 latus,
2276 1237 2463 1294 quam
2493 1226 2550 1278 et
2577 1222 2679 1289 illi,
2713 1239 2749 1279 a
2784 1223 3038 1279 Domino
3071 1223 3341 1295 accipere
3377 1222 3613 1280 meruit.
3668 1226 3736 1277 ln

2075 1325 2198 1380 quo
2227 1310 2478 1367 concilio
2509 1311 2588 1367 ab
2617 1311 2901 1368 omnibus
2930 1310 3243 1369 deﬁnitum
3289 1315 3378 1368 est
3421 1327 3546 1368 non
3591 1328 3732 1367 eum

2074 1399 2379 1456 numerari
2407 1399 2524 1456 nisi
2570 1399 2633 1457 in
2672 1401 2946 1473 catalogo
2990 1400 3426 1475 apostolorum,
3476 1400 3631 1457 sicut
3677 1404 3737 1457 et

2072 1490 2330 1545 Joannes
2359 1491 2746 1560 evangelista,
2775 1492 2879 1565 qui
2907 1492 2968 1548 in
2997 1507 3148 1565 pace
3173 1491 3466 1562 migravit,
3490 1490 3732 1548 debere.

2076 1581 2222 1634 Nam
2252 1579 2512 1652 plurima
2556 1580 2894 1639 testimonia
2942 1585 3176 1654 reperta
3218 1584 3357 1637 sunt
3406 1580 3735 1653 antiquitus

2011 1688 2049 1742 Β
2078 1683 2216 1723 eum
2248 1671 2309 1724 in
2337 1668 2573 1726 Litaniis
2603 1673 2661 1726 et
2683 1670 2744 1726 in
2772 1670 2900 1727 aliis
2928 1670 3163 1744 scriptis
3193 1669 3533 1743 apostolum
3563 1669 3735 1726 fateri

2073 1773 2181 1829 per
2209 1757 2459 1814 Galliam
2489 1762 2545 1815 et
2569 1758 2952 1817 Britanniam.
2982 1759 3208 1817 Italiam
3258 1763 3316 1815 et
3357 1757 3730 1832 Hispaniam,

2075 1852 2131 1903 et
2154 1848 2286 1904 illos
2311 1865 2443 1905 esse
2466 1849 2807 1907 Hebionitas
2836 1850 3164 1919 haereticos,
3196 1849 3301 1923 qui
3328 1865 3452 1905 non
3481 1848 3734 1906 credunt

2073 1942 2288 2013 prreter
2316 1939 2636 1998 duodecim
2663 1940 2987 2012 apostolos.
3010 1944 3159 1997 Nam
3190 1943 3355 2010 gesta
3394 1939 3523 2011 ejus
3547 1955 3731 1996 cano-

2074 2029 2209 2085 nica
2268 2045 2506 2102 semper
2561 2029 2639 2086 ab
2670 2029 2929 2086 Ecclesia
2957 2034 3193 2103 recepta
3240 2029 3382 2086 satis
3425 2029 3735 2086 declarant

2074 2118 2452 2191 privilegium
2483 2118 2853 2191 apostolatus
2878 2120 2927 2191 ej
2939 2136 3043 2188 us;
3076 2123 3133 2175 et
3158 2117 3305 2191 quia
3335 2118 3462 2174 sine
3491 2117 3730 2174 dubita-

2074 2207 2232 2263 tione
2274 2223 2432 2263 unus
2489 2212 2575 2265 est
2622 2207 2696 2263 de
2743 2207 3122 2280 septuaginta
3165 2206 3406 2263 duobus
3445 2206 3732 2281 apostolis

2072 2313 2228 2370 quos
2254 2296 2542 2353 Dominus
2571 2297 2732 2354 misit
2759 2297 2919 2353 velut
2949 2312 3139 2367 agnos
3162 2296 3315 2353 inter
3336 2296 3537 2370 lupos,
3576 2313 3732 2370 quos

2077 2385 2457 2458 septuaginta
2485 2385 2638 2442 duos
2664 2402 2788 2443 non
2810 2386 3006 2442 solum
3046 2385 3249 2454 Gnaei,
3287 2402 3500 2443 verum
3551 2386 3733 2444 etiam

2075 2478 2264 2532 Lucas
2290 2475 2654 2547 evangelista
2682 2480 2739 2533 et
2761 2476 2978 2533 Paulus
3006 2476 3314 2549 apostolus
3360 2477 3423 2532 in
3472 2476 3734 2550 Epistola

2073 2563 2152 2620 ad
2184 2564 2514 2621 Corinthios
2536 2564 2734 2637 prima
2760 2569 2934 2621 vocat
2962 2564 3290 2637 apostolos.
3321 2567 3469 2622 Nam
3491 2569 3550 2621 et
3567 2564 3732 2638 apud

2074 2656 2308 2710 Graecos
2334 2653 2721 2727 sapientiores
2741 2653 3016 2711 Martialis
3045 2653 3354 2727 apostolus
3380 2653 3731 2711 notissimus

2073 2748 2178 2800 est.
2212 2742 2313 2799 Hic
2340 2760 2377 2800 a
2407 2742 2652 2800 Francia
2675 2741 2913 2799 rediens
2944 2759 3087 2799 mox
3118 2742 3269 2800 sicut
3298 2742 3590 2817 comperit
3634 2759 3732 2799 ve-

2068 2833 2303 2890 ritatem
2327 2833 2391 2889 in
2420 2832 2689 2902 concilio,
2717 2832 3040 2891 Martialem
3095 2833 3331 2907 scripsit
3373 2832 3434 2889 in
3486 2833 3727 2890 Litaniis

2070 2923 2219 2979 inter
2247 2922 2571 2996 apostolos,
2622 2938 2748 2979 non
2797 2922 3105 2980 conﬁdens
3164 2923 3552 2996 disputationi
3594 2939 3732 2998 pro-

299 3014 556 3085 decimo,
614 3016 934 3072 Dominicis
978 3015 1212 3071 medias.
1248 3015 1735 3088 Quadragesimae
1763 3025 1957 3090 nocte,
1999 3044 2041 3099 α
2071 3012 2237 3085 PritP,
2271 3012 2376 3067 86d
2402 3011 2663 3085 antiquis
2692 3011 3068 3081 testimoniis,
3118 3015 3176 3068 6t
3219 3011 3435 3068 exinde
3480 3028 3555 3069 ex
3584 3016 3727 3081 ῐοῐο,

299 3105 447 3162 dum
496 3106 785 3164 intrarent
837 3106 1024 3163 turbae
1066 3106 1145 3162 ad
1192 3107 1502 3164 Matutinas
1547 3107 1609 3163 in
1650 3108 1962 3168 basilicam

298 3197 594 3251 vetustam
628 3194 966 3265 Salvatoris,
998 3194 1392 3270 impressione
1420 3195 1609 3252 nimia
1635 3196 1698 3252 in
1718 3197 1961 3256 introitu

298 3278 609 3355 portarum
663 3284 1105 3358 quinquaginta
1161 3284 1283 3340 duo
1362 3285 1637 3341 homines
1689 3288 1963 3344 exstincti

299 3379 454 3431 sunt.
491 3375 646 3432 Obiit
671 3375 801 3448 ipse
826 3375 1129 3431 Josfredus
1159 3374 1339 3431 Nonis
1370 3375 1729 3432 Decembris.

372 3465 646 3521 Decimus
678 3464 880 3521 tertius
906 3464 1098 3520 abbas
1126 3467 1294 3532 Hugo
1324 3463 1555 3536 praefuit
1600 3465 1773 3521 annis
1831 3484 1958 3525 sex.

299 3552 399 3608 Hic
425 3552 485 3608 in
511 3552 757 3608 Francia
786 3551 1167 3609 collationem
1210 3551 1346 3607 fecit
1371 3568 1512 3607 cum
1537 3568 1676 3624 rege
1707 3555 1963 3614 Roberto

299 3646 356 3698 et
420 3641 871 3715 archiepiscopo
929 3640 1273 3697 Bituricensi
1325 3642 1644 3712 Gauzleno,
1704 3648 1760 3702 et
1820 3662 1960 3703 cum

297 3729 500 3786 multis
541 3728 837 3803 episcopis
863 3732 921 3787 et
948 3727 1321 3802 sapientibus
1370 3728 1507 3786 viris
1557 3732 1835 3805 Francius,
1886 3735 1962 3793 de

2070 3117 2193 3158 non
2224 3118 2296 3158 ex
2341 3106 2507 3175 parte
2555 3101 2831 3159 Martialis
2875 3100 3244 3159 acclamatus
3281 3106 3369 3157 est
3416 3101 3731 3175 apostolus

2071 3190 2151 3247 ab
2180 3190 2462 3247 omnibus
2492 3190 2817 3259 catholicis,
2851 3194 2907 3247 et
2950 3189 3186 3247 confusi
3216 3194 3355 3247 sunt
3383 3190 3727 3248 Hebionitae.

2072 3282 2258 3351 Hujus
2288 3284 2453 3336 sexto
2482 3295 2644 3337 anno
2683 3279 2829 3337 obiit
2877 3280 3163 3352 Rogerius
3202 3279 3381 3337 frater
3426 3279 3733 3337 Adalberti

2071 3369 2303 3437 decani,
2352 3368 2441 3424 vir
2492 3368 2876 3441 clarissimus,
2936 3374 2994 3427 et
3020 3386 3194 3426 meus
3222 3369 3504 3439 magister
3532 3374 3589 3425 et
3625 3385 3731 3443 pa-

2072 3462 2258 3528 truus,
2291 3462 2456 3513 sexto
2486 3456 2784 3513 Kalendas
2814 3457 2977 3527 Maii;
3010 3462 3146 3530 post
3174 3474 3315 3515 eum
3365 3457 3461 3514 die
3515 3457 3731 3515 tricesi-

2071 3564 2174 3605 ma
2204 3546 2472 3603 secunda
2500 3550 2775 3603 mortuus
2805 3551 2893 3604 est
2937 3546 3098 3603 idem
3146 3547 3338 3606 abbas
3371 3549 3517 3619 Ugo,
3563 3550 3729 3604 sexto

2074 3636 2370 3693 Kalendas
2398 3636 2555 3693 Junii
2587 3653 2600 3692 :
2634 3652 2897 3710 quorum
2926 3636 3161 3695 animas
3208 3637 3313 3695 tibi
3343 3637 3728 3711 commendo,

2074 3726 2321 3787 Domine
2349 3728 2508 3783 Iesu.

303 3856 477 3944 Quae
512 3870 908 3954 sequuntur
945 3880 1086 3931 non
1125 3869 1299 3930 sunt
1327 3856 1700 3949 Ademari,
1745 3861 1873 3933 sed
1904 3886 1963 3936 ai

2076 3866 2196 3937 ius
2225 3852 2627 3950 cujuspiam
2659 3852 3007 3945 monachi,
3052 3852 3283 3926 Helice
3319 3853 3404 3926 de
3431 3853 3726 3952 Roﬂaca

1716 3962 2088 4052 nominati,
2164 3960 2302 4027 etc.

368 4080 642 4136 Decimus
671 4083 921 4152 quartus
952 4079 1144 4136 abbas
1190 4079 1498 4136 Odolricus
1541 4080 1796 4154 prtefuit.
1849 4087 1962 4142 Iste

296 4168 671 4241 comparavit
696 4168 818 4224 duo
847 4168 1031 4240 pallia
1061 4168 1320 4239 leonina,
1353 4173 1409 4225 et
1437 4174 1665 4227 textum
1694 4174 1962 4245 Evange-

294 4257 356 4313 lii
387 4257 679 4313 minorem
709 4256 783 4311 de
811 4273 978 4326 auro,
1008 4264 1063 4313 et
1092 4257 1227 4314 fecit
1255 4258 1533 4316 dedicare
1565 4265 1749 4334 caput
1787 4262 1957 4320 istius

2072 4095 2211 4143 cum
2268 4079 2450 4136 istum
2504 4075 2777 4147 religiose
2824 4079 3003 4149 atque
3031 4075 3282 4134 ﬁdeliter
3311 4076 3724 4152 gubernasset,

2068 4175 2414 4249 ipsumque,
2447 4170 2513 4224 ut
2540 4166 2767 4223 dictum
2798 4169 2906 4238 est,
2926 4165 3102 4222 bonis
3127 4165 3412 4223 omnibus
3442 4168 3729 4224 adornas-

2071 4268 2177 4333 set,
2238 4275 2398 4319 anno
2448 4257 2527 4314 ab
2577 4254 2985 4313 incarnatione
3029 4255 3265 4312 Domini
3316 4260 3451 4313 1114
3488 4256 3550 4313 in
3579 4273 3730 4331 pace

295 4344 561 4402 ecclesiae
613 4361 752 4401 cum
791 4360 1016 4416 magno
1072 4347 1320 4417 honore,
1377 4352 1435 4405 et
1484 4349 1737 4407 redemit
1799 4351 1956 4409 duas
1995 4343 2037 4356 υ
2069 4351 2313 4427 quievit,
2345 4345 2581 4403 decimo
2610 4343 2909 4400 Kalendas
2941 4345 3326 4417 Septembris,
3372 4349 3429 4403 et
3467 4345 3532 4404 in
3568 4345 3729 4421 capi-

294 4433 599 4505 ecclesias,
644 4449 851 4490 muros
899 4438 955 4492 et
1003 4434 1334 4491 castellum.
1392 4437 1608 4503 Quinto
1660 4438 1960 4495 Kalendas

299 4521 549 4580 Octibris
578 4521 743 4578 obiit.

367 4610 645 4669 Decimus
685 4611 930 4684 quintus
956 4614 1158 4668 Petrus
1183 4611 1375 4670 abbas
1403 4613 1659 4687 praefuit,
1690 4614 1796 4687 qui
1824 4614 1962 4673 fecit

298 4706 535 4776 portam
560 4718 598 4759 a
625 4701 1013 4760 Mourmelier.

372 4793 644 4851 Decimus
675 4796 875 4849 sextus
898 4797 1039 4867 post
1067 4809 1208 4850 eum
1237 4792 1577 4850 Mainardus
1593 4794 1787 4851 abbas
1812 4811 1957 4869 prae-

301 4883 426 4942 fuit.

372 4973 646 5032 Decimus
673 4973 965 5049 septimus
1008 4972 1124 5030 loci
1172 4973 1343 5030 istius
1391 4973 1584 5031 abbas
1631 4978 1852 5032 sanctae
1890 4992 1960 5033 ac

300 5063 660 5121 venerabilis
691 5065 999 5121 memoriae
1029 5063 1313 5121 dominus
1364 5064 1581 5121 exstitit
1605 5065 1958 5123 Ademarus.

304 5151 405 5208 Hic
450 5151 628 5222 igitur
654 5158 952 5226 quantum
980 5153 1181 5210 locum
1220 5153 1381 5210 hunc
1429 5170 1550 5228 prae
1604 5155 1827 5212 caeteris
1856 5155 1961 5229 qui

304 5243 440 5297 ante
470 5257 531 5295 se
561 5239 817 5313 fuerant,
855 5242 1272 5311 nobilitaverit,
1331 5242 1654 5316 qualiterve
1712 5259 1852 5299 eum
1897 5243 1959 5299 in

304 5328 513 5387 ordine
542 5332 600 5386 et
629 5327 932 5401 religione,
965 5330 1263 5404 simulque
1310 5331 1372 5387 in
1416 5348 1615 5387 rerum
1663 5336 1960 5405 tempora-

303 5419 452 5474 l;um
495 5417 669 5491 copia
721 5419 1110 5492 ampliaverit,
1164 5420 1243 5476 ad
1290 5421 1538 5495 plenum
1580 5420 1808 5477 narrari
1836 5436 1961 5477 non

303 5511 517 5582 potest.
550 5511 687 5563 Post
704 5508 832 5563 haec
861 5508 1041 5579 igitur
1065 5514 1122 5565 et
1152 5509 1269 5566 alia
1310 5510 1475 5567 bona
1510 5510 1961 5585 quamplurima

305 5615 443 5654 cum
460 5614 569 5671 per
587 5596 1040 5670 quinquagenta
1070 5614 1262 5656 annos
1292 5604 1349 5656 et
1372 5615 1589 5656 novem
1617 5616 1855 5657 menses
1874 5601 1960 5657 lo-

2066 4441 2190 4496 tulo
2214 4434 2484 4510 quiescit.

2137 4526 2413 4584 Decimus
2437 4525 2686 4579 octavus
2715 4521 2934 4579 exstitit
2962 4524 3297 4580 Bernardus
3326 4523 3537 4582 abbas.

2137 4616 2415 4674 Decimus
2463 4627 2663 4668 nonus
2715 4611 2977 4669 domnus
3032 4612 3413 4683 Amblardus,
3486 4629 3730 4684 magna;

2065 4704 2370 4776 religionis
2396 4705 2454 4759 et
2476 4701 2803 4758 honestatis
2845 4702 2955 4772 vir,
3001 4702 3063 4759 in
3111 4703 3284 4776 cujus
3307 4707 3574 4776 tempore
3610 4703 3727 4762 hoc

2066 4794 2501 4853 monasterium
2547 4809 2688 4849 cum
2732 4792 3030 4865 adjacenti
3076 4793 3215 4851 villa
3266 4793 3543 4851 incendio
3590 4811 3729 4852 con-

2068 4888 2400 4943 crematum
2453 4887 2542 4941 est
2596 4883 2766 4956 (173).
2835 4883 3003 4941 Rexit
3072 4884 3504 4941 monasterium
3567 4885 3729 4942 istud

2069 4990 2176 5049 per
2232 4989 2423 5031 annos
2471 4972 2676 5044 viginti
2728 4975 2883 5029 octo.
2944 4973 3099 5031 Obiit
3172 4989 3333 5031 anno
3392 4978 3550 5032 1143.
3617 4972 3726 5037 Qui

2068 5063 2354 5138 praecepit
2412 5060 2764 5119 consulibus
2810 5066 2878 5118 ut
2927 5061 3190 5120 facerent
3224 5079 3441 5120 muros
3494 5068 3553 5123 et
3605 5064 3725 5121 fos-

2070 5158 2217 5212 sata.

2138 5243 2465 5300 Vicesimus
2493 5242 2708 5299 exstitit
2732 5242 2925 5299 abbas
2948 5242 3242 5315 Albertus,
3272 5243 3364 5300 vir
3391 5243 3726 5301 admodum

2068 5332 2381 5402 religiosus
2415 5336 2472 5387 et
2499 5331 2809 5401 honestus,
2842 5332 2992 5388 rexit
3018 5349 3126 5406 per
3165 5348 3358 5389 annos
3387 5331 3674 5389 tredecim
3706 5351 3720 5388 :

2069 5421 2216 5479 obiit
2244 5437 2404 5477 anno
2439 5424 2593 5489 1150,
2624 5420 2832 5494 quinto
2864 5422 3002 5477 ldus
3032 5421 3305 5492 Augusti.

2142 5512 2466 5567 Vicesimus
2521 5511 2750 5583 primus
2794 5511 3055 5567 domnus
3098 5515 3321 5580 Petrus,
3366 5509 3454 5566 vir
3499 5526 3724 5580 magna

2069 5600 2371 5671 religionis
2413 5604 2470 5656 et
2495 5600 2840 5669 honestatis,
2872 5600 3108 5673 praefuit
3125 5617 3232 5673 per
3244 5604 3506 5673 quatuor
3530 5616 3723 5656 annos

375 5695 524 5755 (173)
564 5699 735 5753 Anno
762 5700 915 5764 1121,
948 5696 1332 5755 combustum
1365 5703 1630 5756 castrum
1665 5700 1719 5758 S.
1754 5697 2027 5757 Martialis
2053 5702 2111 5755 et
2134 5697 2569 5755 monasterium
2597 5698 2787 5774 ipsius
2816 5715 2955 5756 cum
2984 5699 3269 5755 omnibus
3297 5698 3576 5756 oﬂicinis.
