4048 6178
161 155 220 208 85
1247 136 1819 202 COMMEMORATIO
1865 135 2218 195 ABBATUM
2259 139 2510 195 LEMOV.
3592 141 3658 196 86

163 281 214 332 et
241 290 483 330 menses
512 277 654 330 tres.
701 271 858 329 Obiit
907 271 1278 328 duodecimo
1328 283 1494 326 anno
1546 260 1855 320 Kalendas
1899 261 2256 317 Amensem
2299 265 2628 334 antequam
2681 260 3014 326 decederet,
3057 276 3217 314 curre
3271 259 3556 330 pastorali
3601 259 3659 314 in

167 362 544 436 Septembris.

230 451 558 508 Vicesimus
603 451 918 508 secundus
970 449 1164 506 abbas
1211 451 1433 513 Petrus,
1471 443 1566 499 vir
1609 454 1858 508 magnae

165 541 464 614 religionis
497 545 556 597 et
582 540 944 606 honestatis,
979 551 1427 614 pravorumque
1473 543 1724 588 morum
1773 527 1858 583 ri-

166 633 336 705 gidus
361 634 684 688 corrector.
717 629 890 685 Rexit
917 645 1030 704 per
1047 626 1334 685 tredecim
1363 638 1565 681 annos
1593 622 1649 674 et
1679 633 1858 672 men-

169 740 258 780 ses
286 728 445 780 octo.
480 720 637 779 Obiit
678 724 908 793 quarto
956 719 1097 776 ldus
1147 713 1535 790 Septembris,
1568 723 1732 765 anno
1775 707 1861 764 ab

167 811 572 869 incarnatione
603 807 852 866 Domini
883 811 1044 864 1164.
1077 807 1143 863 In
1171 821 1292 878 quo
1325 817 1486 860 anno
1521 797 1733 854 sedata
1764 801 1865 852 est

169 903 489 972 tempestas
509 898 663 954 inter
688 897 1022 953 Henricum
1043 893 1473 969 probissimum
1493 900 1703 956 regem
1733 887 1861 940 An-

170 989 296 1060 glice
322 995 492 1044 terrae
519 990 578 1044 et
605 985 767 1042 ﬁlios
801 1001 976 1052 suos,
1010 998 1146 1057 quae
1181 982 1298 1039 fere
1327 995 1432 1055 per
1463 976 1622 1032 duos
1652 989 1859 1029 annos

170 1079 424 1147 duravit,
456 1081 568 1134 etc.
621 1075 824 1132 Helias
871 1075 950 1130 de
1003 1073 1246 1130 Bofiaco
1288 1069 1638 1144 capcllanus
1678 1081 1859 1136 suus,

171 1186 375 1227 earum
403 1184 610 1225 rerum
657 1165 947 1240 scriptor,
975 1179 1158 1237 quem
1209 1161 1284 1219 de
1328 1175 1437 1216 suo
1471 1153 1862 1227 beneplaeito

171 1261 348 1332 hujus
375 1257 644 1316 ecclesiae
672 1255 1062 1312 monachum
1087 1251 1243 1308 fecit.

240 1349 572 1407 Vicesimus
601 1345 819 1404 tertius
846 1343 1050 1402 abbas
1077 1341 1340 1399 domnus
1363 1335 1746 1405 lsembertus,
1770 1334 1864 1391 vir

175 1440 524 1496 mitissimus
555 1441 613 1494 et
653 1435 929 1509 quietus,
951 1436 1010 1490 et
1038 1432 1117 1489 ad
1138 1432 1412 1504 potentes
1441 1424 1701 1482 multum
1729 1439 1864 1496 gra-

177 1530 378 1586 tiosus.
413 1527 808 1584 Exactionem
828 1538 1026 1598 quam
1051 1520 1373 1594 episcopus
1393 1513 1858 1582 Lemovicensis,

177 1618 269 1675 vel
293 1616 574 1674 canonici
605 1614 722 1671 sub
753 1611 1011 1670 nomine
1026 1605 1382 1672 confratriaa,
1407 1620 1442 1661 a
1468 1602 1698 1677 populo
1724 1602 1860 1658 vio-

179 1709 360 1766 lenter
387 1705 782 1780 expetebant,
818 1701 1048 1760 sedulis
1073 1694 1598 1756 reclamationibus
1626 1693 1863 1750 irritam
1903 1677 1942 1730 Β

181 1799 330 1858 fecit.
364 1797 534 1856 Rexit
560 1811 671 1870 per
711 1793 935 1866 viginti
976 1793 1240 1866 quatuor
1283 1800 1492 1844 annos:
1529 1787 1635 1840 Per
1663 1799 1862 1840 unum

1979 350 2248 422 capitulo
2265 349 2592 418 resignavit
2617 367 2629 410 ς
2655 353 2870 404 etcum
2899 350 2974 406 ad
2997 349 3158 404 diem
3183 347 3499 420 praefixum
3524 364 3656 420 pcr—

1979 440 2236 508 agendte
2265 439 2568 496 electionis
2605 443 2723 495 tam
2746 439 3008 495 domnus
3030 439 3222 494 abbas
3249 436 3655 493 Cluniacensis

1977 544 2170 600 quam
2195 528 2428 601 priores
2459 532 2515 583 et
2543 528 2868 601 praepositi,
2901 531 2957 584 ct
3001 527 3098 584 alii
3133 527 3304 583 multi
3336 544 3407 583 ex
3438 525 3654 582 nostris

1979 617 2204 688 pariter
2234 617 2675 684 convenissent,
2699 618 2760 672 in
2789 617 2954 673 bona
2980 616 3353 673 confessione
3383 617 3534 672 inter
3550 631 3654 671 eos

1978 705 2085 778 qui
2117 705 2300 761 simul
2333 715 2760 773 convenerant,
2804 707 3073 762 animam
3127 704 3445 770 exhalavit,
3477 705 3649 761 nocte

1977 795 2257 850 videlicet
2283 795 2648 867 praecedenti
2678 796 2835 851 diem
2869 794 3190 861 electionis,
3215 793 3361 848 dum
3388 809 3648 849 conven-

1979 887 2074 938 tus
2121 883 2598 956 Completorium
2639 885 3014 941 celebrasset.
3065 887 3125 939 In
3171 881 3426 938 crastino
3465 881 3648 936 libere

1977 973 2186 1028 electio
2219 973 2525 1030 celebrata
2553 973 2658 1042 est,
2691 975 2837 1030 feria
2881 973 3148 1030 secunda
3177 971 3424 1028 traditur
3453 971 3644 1025 hono-

1975 1062 2141 1118 riﬁce
2175 1063 2522 1134 sepulturae,
2553 1063 2946 1136 praesentibus
2977 1061 3271 1136 episcopis
3299 1064 3524 1116 Joanne
3550 1062 3649 1114 Le-

1977 1151 2337 1224 movicensi,
2365 1157 2426 1208 (ἶ.
2460 1153 2843 1218 Gadureensi,
2867 1157 2924 1209 et
2953 1152 3275 1208 abbatibus
3297 1150 3644 1206 Cluniacen-

1977 1243 2046 1308 si,
2081 1242 2322 1299 noviter
2346 1243 2532 1299 electo
2556 1246 2610 1300 S.
2631 1242 2928 1310 Martialis,
2948 1244 3002 1297 S.
3031 1241 3175 1298 Petri
3204 1239 3644 1298 Solemniacen-

1977 1333 2076 1400 sis,
2113 1334 2170 1390 S.
2207 1332 2547 1402 Augustini,
2584 1335 2638 1390 S.
2673 1331 2916 1389 Martini.

2046 1421 2381 1478 Vicesimus
2397 1426 2644 1494 quartus
2660 1421 2921 1477 domnus
2943 1423 3110 1490 Hugo
3125 1417 3429 1474 sexdecim
3445 1416 3636 1472 annis.

2044 1512 2383 1568 Vicesimus
2426 1511 2670 1584 quintus
2722 1510 2912 1567 abbas
2963 1513 3164 1566 Petrus
3212 1507 3285 1564 de
3339 1507 3397 1563 la
3443 1506 3642 1562 Grissa

1971 1601 2188 1658 dictus.

2043 1691 2381 1748 Vicesimus
2413 1694 2633 1758 sextus,
2665 1692 2867 1745 Petrus
2899 1687 3285 1744 Davalacum.

188 2005 448 2086 Reliqua
477 2023 600 2064 non
623 2009 964 2086 potuerunt
995 1997 1114 2077 leg:
1147 1997 1212 2055 in
1240 2012 1351 2053 ms.
1379 1989 1827 2090 codz‘ce,,z'nquj't
1871 1985 2134 2046 Joannes
2165 1983 2431 2054 Beslz'us,
2467 1982 2642 2090 cuius
2671 1978 3085 2090 apog'raphum
3117 1999 3154 2040 a
3199 1976 3265 2039 V.
3301 1977 3378 2037 cl.
3410 1975 3635 2090 λαξοὸο

277 2087 305 2090 _
673 2082 688 2090 .
718 2085 730 2090 -
1002 2077 1018 2090 ς
1103 2077 1115 2090 ο
1336 2071 1402 2090 π·-
1501 2071 1512 2082 ⁶
1640 2089 1649 2090 κ
1814 2088 1824 2090 μ
1850 2067 2094 2090 -ι-⁸-,----.⁹
2138 2062 2450 2090 --μ.⁸..ι..,..ἠ
2495 2082 2517 2090 ι.
2567 2064 2651 2090 η’..λ
2667 2081 2809 2090 ’-μί-ν.
2835 2063 2908 2090 ...ἠ
2945 2060 3438 2090 Δισιι-υινιιιιιοιιωι.ηη¹1ιινι
3505 2074 3635 2090 xnaan

259 2056 538 2147 Ρῖίιθῖιηο
581 2056 754 2144 nobis
783 2056 1256 2161 σαπίρἶὲῖῑὶςᾳιιε
1285 2071 1424 2134 aliis
1453 2056 1722 2151 ejusdem‘
1759 2067 2094 2128 doctz'sszmz'
2130 2062 2450 2144 scriptores
2487 2056 2916 2143 chirographa?
2939 2060 3440 2121 communicatum
3484 2056 3635 2115 bona

260 2165 386 2248 ﬁde
427 2166 856 2248 expressimus.

1109 2260 1463 2342 Subjz’cztur
1511 2258 1619 2318 iste
1663 2251 1992 2334 Calalogus
2047 2249 2389 2315 earumdem
2445 2249 2749 2312 abbatum.

257 2460 568 2517 Ainardus
590 2457 786 2516 abbas
807 2451 1113 2512 saecularis
1131 2447 1461 2520 resignavit
1483 2459 1645 2504 anno
1665 2446 1790 2500 848.

258 2548 432 2606 Dodo
1623 2548 1704 2592 an
1738 2536 1792 2590 3.

259 2637 442 2694 ΑΙ)ὺο
1706 2625 1726 2677 1
1741 2625 1789 2678 1.

263 2724 620 2784 Benedictus
1705 2716 1789 2766 15.

266 2814 600 2874 Gossindus
1704 2805 1789 2857 18.

267 2905 584 2963 Pulbertus
1737 2895 1788 2946 6.

267 2993 585 3052 Fulbertus
1696 2983 1783 3036 20.

271 3081 616 3156 Stephanus
1705 3072 1789 3122 17.

271 3174 474 3244 Aymo
1739 3160 1792 3212 6.

271 3259 607 3317 Aimericus
1699 3249 1758 3302 31
1774 3287 1788 3301 .

273 3349 469 3420 Guigo
1709 3339 1790 3390 i7.

269 3435 580 3496 Josfredus
1737 3427 1790 3480 7.

272 3523 654 3585 Adalbaldus
1737 3519 1790 3570 9,

268 3613 583 3674 Josfredus
1705 3605 1790 3656 12.

271 3708 448 3775 Hugo
1739 3692 1792 3744 6.

271 3791 589 3853 Odolricus

277 3880 558 3940 Anterius
1735 3873 1766 3922 7
1777 3909 1790 3922 .

277 3975 486 4029 Petrus
1741 3960 1760 4010 1
1778 3998 1790 4012 .

261 4057 620 4120 ’Μειὶηειι-ὁιιε

273 4151 618 4208 Ademarus
1331 4153 1410 4194 an
1441 4140 1509 4192 50
1539 4138 1596 4192 et
1622 4151 1704 4190 m.
1737 4139 1790 4190 9.

270 4235 620 4298 Bernardus
1735 4225 1790 4279 2.

271 4325 652 4388 Amblardus
1702 4313 1790 4368 28.

271 4420 562 4478 Albertus
1707 4406 1726 4456 1
1739 4405 1791 4458 3.

273 4514 484 4569 Petrus
507 4503 674 4580 prior
700 4501 865 4558 Clun.
1543 4495 1598 4560 3,
1627 4505 1710 4546 m.
1741 4495 1794 4547 3.

273 4605 486 4658 Petrus
513 4593 706 4652 abbas
733 4593 787 4649 S.
817 4592 967 4660 Aug.
1503 4585 1590 4650 13,
1622 4595 1704 4636 In.
1739 4584 1791 4634 8.

279 4687 654 4746 lsambertus
682 4678 998 4737 Escoblart.
1027 4675 1190 4750 prior
1214 4672 1289 4729 de
1319 4670 1559 4728 Rotiaco
1703 4670 1794 4723 24.

2044 2440 2220 2508 Hugo
2241 2435 2318 2492 de
2348 2438 2561 2493 Brossa
2587 2435 2752 2508 prior
2775 2440 2860 2506 16,
2882 2435 3029 2492 obiit
3061 2437 3216 2492 1218.

2042 2531 2248 2584 Petrus
2263 2523 2324 2582 la
2343 2523 2524 2581 Griﬁ‘a
2537 2524 2892 2598 praepositus
2911 2523 2987 2579 de
3006 2527 3250 2580 Rossac.
3304 2523 3391 2576 10.
3411 2534 3492 2574 m.
3515 2520 3567 2571 3.

2041 2619 2250 2672 Petrus
2278 2611 2601 2669 Davalcum

2043 2700 2394 2760 Guillelmus

2043 2787 2420 2849 Raimundus
2450 2788 2728 2848 Gaucelin

2045 2876 2394 2936 Guillelmus

2045 2964 2396 3024 Guillelmus

2042 3054 2308 3112 Iacobus

2041 3147 2248 3202 Patras

2045 3233 2352 3293 Geraldus.

2045 3320 2256 3381 Guido.

2045 3409 2442 3470 Gualliardus.

1973 3575 2255 3645 (Caeteros
2307 3587 2507 3645 omnes
2558 3570 2834 3645 repetesis
2890 3585 2968 3628 ea:
3026 3571 3233 3645 Gallia
3288 3573 3638 3632 Christiana

2047 3643 2290 3703 Claudia
2337 3643 2598 3700 Roberti.
2648 3643 2772 3699 Nec
2819 3643 3150 3700 omittenda
3197 3659 3274 3702 ex
3301 3661 3407 3701 ms.
3441 3646 3640 3703 codice

1903 3729 1943 3783 ο
2043 3731 2176 3789 qua?
2204 3719 2537 3786 sequuntur
2561 3713 2847 3782 ibidem).
3617 3735 3626 3747 κ

2047 3837 2235 3896 Tertio
2277 3835 2578 3894 Kalendas
2630 3836 3016 3910 Septembris,
3048 3853 3210 3911 anno
3259 3839 3336 3894 ab
3365 3837 3638 3896 incarna-

1975 3929 2133 3987 tione
2164 3927 2399 3984 Domini
2429 3929 2584 3992 1066,
2610 3924 2947 3982 combustio
2969 3926 3410 3982 Lomovicensis
3435 3927 3635 3985 civita-

1975 4018 2066 4088 tis,
2099 4017 2160 4072 in
2190 4031 2314 4088 qua
2344 4014 2621 4072 obierunt
2651 4017 2893 4070 centum
2923 4017 2981 4070 et
3007 4013 3211 4087 viginti
3241 4015 3538 4072 homines.

2045 4138 2191 4190 Item
2217 4119 2379 4190 anno
2413 4135 2547 4188 1105
2575 4129 2855 4188 Kalendis
2878 4129 3055 4200 Junii,
3085 4131 3406 4189 combusta
3434 4136 3524 4191 est
3551 4131 3642 4189 ci-‘

1973 4223 2124 4280 vitas
2154 4221 2471 4278 Lemovica
2499 4220 2579 4277 ab
2606 4219 2955 4277 hominibus
2985 4219 3061 4277 de
3092 4225 3285 4278 castro
3311 4223 3368 4278 S.
3402 4221 3632 4280 Martia-

1973 4313 2084 4382 lis;
2115 4311 2178 4368 in
2202 4326 2327 4384 qua
2355 4310 2768 4368 combustione
2799 4314 3182 4368 concremata
3210 4313 3299 4368 est
3325 4315 3517 4367 mater
3544 4327 3636 4367 ec-

1974 4401 2156 4459 clesia
2201 4402 2256 4459 S.
2293 4400 2576 4475 Stephani
2607 4416 2746 4457 cum
2789 4400 3075 4457 omnibus
3107 4399 3360 4457 ofﬁcinis
3396 4399 3545 4470 suis,
3577 4405 3636 4458 et

1975 4490 2409 4548 monasterium
2461 4492 2691 4548 Sanctae
2737 4489 2928 4547 Mariae
2979 4489 3264 4560 similiter,
3294 4493 3351 4545 et
3382 4489 3632 4545 ecclesia

1979 4583 2034 4638 S.
2064 4580 2314 4637 Joannis
2345 4583 2636 4654 Baptistae,
2671 4584 2729 4636 et
2753 4581 2810 4638 S.
2841 4579 3122 4650 Mauricii,
3149 4584 3206 4636 et
3232 4580 3288 4636 S.
3312 4577 3628 4646 Trinitatis,

1977 4669 2034 4722 et
2065 4667 2120 4722 S.
2153 4665 2403 4734 Genesii,
2433 4669 2490 4722 et
2520 4667 2576 4723 S.
2607 4663 2976 4722 Domnoleni.
