4048 6178
336 180 400 231 87
1485 169 1804 224 ADEMARI
1847 169 1903 224 S.
1944 167 2224 222 CIBARDI
2265 166 2600 224 MONACHI.
3687 165 3756 220 88

1549 458 2528 606 ADEMABI

1747 748 2341 864 EPISTULA

656 959 840 1078 DE
924 954 1857 1080 APOSTOLATU
1975 955 2490 1076 SANCTI
2613 956 3457 1077 MARTIALIS.

1249 1143 1449 1216 (Apud
1480 1142 1694 1199 Mabill.
1725 1143 1951 1198 Annal.
1977 1145 2122 1198 tom.
2157 1143 2243 1207 ιν,
2277 1141 2577 1214 Append.,
2613 1156 2672 1213 p.
2701 1141 2847 1213 7l7.)

1843 1273 2260 1288 Ψ

1763 1404 2354 1500 ADMONITIO.

1540 1557 1775 1630 (Mabill.
1809 1559 2062 1625 Annat.,
2093 1554 2198 1612 lib.
2229 1571 2336 1623 va,
2371 1570 2430 1611 n.
2461 1557 2575 1620 49.)

422 1807 697 1862 Habitum
748 1813 836 1863 est
880 1807 993 1862 hoc
1039 1823 1200 1862 anno
1241 1808 1405 1881 apud
1438 1808 1779 1865 Lemovicas
1809 1805 2003 1864 conci-
2041 1811 2087 1863 Α
2111 1803 2314 1878 ibique
2349 1807 2470 1860 toto
2496 1819 2702 1860 mense
2735 1801 3066 1876 Septembri
3103 1807 3458 1873 remoratus,
3492 1801 3781 1875 frequen-

348 1896 517 1965 lium,
576 1901 718 1952 teste
768 1895 1066 1952 Ademaro
1125 1897 1462 1954 Cabanensi
1518 1899 1579 1955 in
1631 1897 2006 1972 apologetica

351 1984 600 2056 epistola
628 1984 702 2039 de
733 1985 1073 2057 apostolatu
1118 1986 1303 2042 sancti
1333 1988 1628 2059 Martialis,
1655 2004 1838 2062 quem
1869 2001 2007 2042 con-

353 2079 439 2129 tra
468 2074 847 2130 Benedictum
871 2075 1169 2131 Clusensis
1192 2079 1538 2134 monasterii
1555 2079 1815 2151 priorem
1832 2093 2006 2150 aspe-

351 2163 504 2220 riore
537 2163 691 2235 stylo
716 2166 1137 2236 propugnavit.
1174 2167 1458 2239 Inscripta
1487 2175 1578 2224 est
1606 2169 1734 2224 hch
1755 2168 2009 2240 epistola

351 2251 613 2308 Jordano
661 2253 1062 2309 Lemovicensi
1102 2253 1408 2328 episcopo,
1442 2256 1715 2312 Odolrico
1745 2259 2010 2314 doctissi-

353 2359 447 2399 mo
478 2342 684 2398 abbati
711 2346 1204 2400 monasteriorum
1239 2346 1395 2401 beati
1419 2347 1744 2415 Martialis,
1777 2347 2010 2404 Rainal-

355 2431 434 2487 do
483 2430 673 2486 levitas
722 2436 779 2487 et
825 2431 1118 2502 Alberico,
1159 2434 1501 2507 caaterisquc
1558 2436 1807 2508 majoris
1852 2436 2012 2492 beati

358 2517 640 2591 Stephani
688 2518 950 2574 ecclesia:
989 2521 1329 2588 canonicis;
1383 2522 1694 2593 Aimerico,
1727 2526 1893 2580 Petro
1942 2541 2012 2580 ac

358 2606 607 2662 Geraldo
662 2607 892 2663 decano
942 2613 1120 2682 atque
1173 2609 1491 2677 Adelardo,
1525 2611 1774 2686 aliisque
1823 2612 2014 2668 sancti

357 2695 630 2752 Martialis
659 2695 1006 2764 monachis;
1037 2697 1363 2767 Engelrico,
1397 2699 1680 2773 fratrique
1711 2701 1840 2772 ejus
1869 2704 2012 2757 'l‘eo-

357 2785 527 2840 tardo
556 2784 746 2840 beatae
778 2785 966 2841 Mariae
997 2787 1322 2843 Aniciensis
1352 2789 1656 2844 canonicis
1681 2809 1693 2858 ;
1739 2789 2017 2846 Wernoni

357 2873 753 2944 grammatico
782 2872 941 2929 beati
969 2875 1117 2930 Petri
1148 2876 1402 2947 apostoli
1433 2877 1886 2934 Belliloacensis
1918 2894 2013 2934 ec-

359 2963 554 3018 clcsize
584 2963 885 3018 monacho
910 2981 922 3031 ;
969 2964 1220 3020 Geraldo
1247 2966 1435 3022 sancti
1465 2968 1780 3038 Augustini
1809 2971 2014 3026 Lemo-

359 3051 612 3108 vieensis
659 3052 1004 3108 monasterii
1045 3053 1268 3126 abbati,
1303 3055 1576 3126 Rotgerio
1606 3062 1825 3114 sancta:
1856 3057 2021 3115 Vale-

2115 1900 2202 1952 tes
2251 1895 2325 1950 de
2374 1893 2588 1950 eodem
2640 1897 2995 1962 argumento
3054 1891 3398 1948 collationes
3455 1891 3776 1956 habuerat,

2115 1983 2379 2040 maxime
2405 1985 2466 2039 in
2496 1984 2908 2039 conventiculo
2937 1983 3366 2038 monachorum
3399 1983 3776 2053 Egotismen~

2115 2075 2268 2130 siam
2299 2079 2351 2130 et
2385 2073 2956 2138 Brantosmensium,
2991 2071 3095 2144 qui
3124 2070 3262 2126 illuc
3293 2070 3374 2126 ad
3420 2071 3634 2127 festum
3666 2087 3781 2126 na-

2119 2161 2358 2219 tivitatis
2405 2161 2596 2218 beatae
2649 2161 2839 2218 Mariae
2888 2165 3310 2231 convenerant,
3343 2160 3684 2232 multosque
3716 2161 3783 2217 in

2119 2267 2295 2307 suam
2346 2249 2705 2308 sententiam
2742 2255 3131 2323 pertraxerat,
3181 2249 3487 2319 gloriatus,
3519 2249 3782 2306 Adema-

2117 2358 2254 2399 rum
2286 2341 2449 2415 apud
2481 2340 2826 2397 Lemovicas
2858 2357 2894 2397 a
2923 2356 2985 2396 se
3017 2339 3316 2396 devictum
3344 2344 3400 2396 et
3429 2344 3786 2412 superatum

2121 2431 2322 2488 fuisse.
2358 2430 2420 2486 ld
2452 2429 2554 2486 ubi
2597 2430 2832 2486 rescivit
2859 2445 2966 2503 per
3013 2445 3154 2486 suos
3197 2429 3550 2496 Ademarus,
3577 2445 3786 2486 acrem

2121 2521 2285 2576 illam
2316 2525 2373 2576 et
2405 2519 2738 2576 aculeatam
2771 2519 3060 2576 adversus
3115 2518 3495 2576 Benedictum
3546 2519 3790 2592 scripsit

2123 2609 2458 2682 epistolam,
2490 2607 2553 2665 in
2581 2625 2705 2682 qua
2751 2625 2821 2665 ea
2849 2625 2986 2681 quae
3016 2608 3078 2664 in
3107 2608 3534 2681 disceptatione
3579 2610 3790 2664 Lemo-

2123 2697 2347 2754 vicensi
2376 2697 2536 2754 dicta
2565 2701 2817 2770 actaque
2858 2698 3114 2766 fuerant,
3146 2702 3597 2765 commemorat,
3631 2697 3793 2752 mul-

2125 2791 2303 2860 taque
2347 2785 2669 2857 glorianter
2717 2802 2754 2842 a
2806 2786 3122 2842 Benedicto
3170 2786 3423 2858 prolata,
3451 2801 3669 2858 nempe
3721 2802 3789 2841 se

2124 2879 2404 2948 nepotem
2462 2890 2590 2931 esse
2656 2873 2890 2931 abbatis
2959 2874 3275 2942 Clusensis,
3334 2891 3554 2931 novem
3607 2873 3790 2931 annis

2127 2965 2533 3036 grammatica:
2555 2964 2615 3020 in
2645 2964 3092 3036 [.ongorbardia
3113 2969 3170 3021 et
3197 2964 3440 3021 Francia
3461 2964 3789 3032 studuisse,

2128 3060 2184 3112 et
2211 3055 2334 3112 duo
2382 3054 2567 3111 millia
2614 3054 2942 3110 solidorum
2995 3054 3298 3126 magistris
3343 3054 3465 3110 suis
3513 3054 3788 3124 dedisse;

357 3141 459 3196 riae
488 3140 919 3197 Cambonensis
941 3142 1195 3198 coenobii
1216 3144 1570 3217 przeposito;
1602 3146 1742 3202 item
1767 3147 2016 3204 Geraldo
2058 3168 2096 3220 Β
2130 3161 2193 3201 se
2220 3145 2372 3201 duas
2402 3160 2658 3215 magnas
2689 3143 2906 3200 domos
2935 3143 3159 3200 habere
3188 3143 3351 3199 libris
3380 3143 3575 3200 omnis
3605 3159 3791 3214 gene-

358 3227 704 3284 doctissimo
732 3228 1215 3287 Sollemniacensi
1267 3231 1491 3300 abbati,
1521 3235 1782 3292 Arnaldo
1808 3237 2016 3293 Bothe-

359 3316 530 3372 nensi
574 3321 630 3371 et
675 3316 1034 3374 Theoderico
1092 3319 1351 3376 Mettensi
1401 3320 1724 3395 episcopis,
1780 3339 2017 3380 necnon

361 3405 713 3476 Cunegundi
761 3411 1052 3476 augustae,
1087 3409 1312 3464 Cononi
1344 3425 1447 3464 seu
1496 3411 1772 3466 Conrado
1805 3412 2018 3469 Caesari

359 3498 648 3564 Augusto,
703 3493 990 3550 Willclmo
1048 3496 1483 3567 Aquitanorum
1539 3499 1698 3566 duci,
1759 3499 2017 3574 denique

359 3581 572 3640 Joanni
600 3585 868 3638 Romano
897 3599 1093 3656 papte.
1142 3587 1225 3640 Ex
1253 3586 1345 3642 his
1377 3591 1492 3642 tres
1520 3593 1856 3661 postremos
1885 3589 2018 3646 aliis

363 3688 424 3728 se
480 3671 883 3726 intermiscere
937 3672 1038 3742 ait,
1097 3678 1180 3744 ut,
1237 3674 1285 3730 si
1361 3676 1508 3732 forte
1573 3677 1700 3734 haac
1771 3680 2020 3752 epistola

365 3762 442 3818 ad
499 3776 602 3816 eos
651 3762 934 3833 pervenit,
991 3779 1114 3818 sum
1163 3766 1467 3822 sententiae
1525 3767 1844 3825 arrideant.
1901 3774 2020 3828 Cae-

366 3856 522 3907 teros
577 3850 862 3923 praedicto
924 3853 1321 3910 Lemovicensi
1383 3857 1634 3913 concilio
1687 3857 2021 3917 interfuisse

365 3945 532 4014 puto,
586 3939 660 3995 de
713 3957 837 4014 quo
894 3941 1022 3997 haec
1072 3943 1274 4001 subdit
1317 3945 1669 4003 Ademarus.
1723 3953 1821 4004 «Α
1851 3949 2024 4006 vobis

366 4032 612 4104 quidem
659 4049 780 4088 non
812 4033 937 4089 sine
969 4034 1182 4103 grandi
1225 4035 1603 4110 exaltatione,
1634 4038 1802 4096 ﬁnito
1832 4041 2025 4097 conci-

366 4121 447 4176 lio
479 4121 904 4190 Lemovicensi,
929 4129 1145 4194 quarto
1176 4124 1269 4180 die
1301 4127 1524 4183 mensis
1553 4130 1797 4198 Augusti
1821 4130 2026 4186 abces-

371 4210 441 4278 si,
497 4214 799 4266 revertens
851 4211 930 4268 ad
984 4212 1348 4281 Egolismam
1406 4217 1725 4288 civitatem,
1786 4221 1889 4277 ubi
1949 4219 2025 4277 ab

373 4297 504 4369 ipsa
536 4298 849 4354 tenerrima
879 4299 1132 4372 pueritia
1162 4301 1468 4373 hactenus,
1496 4310 1667 4362 aetate
1697 4309 2029 4380 quadrage-

375 4384 601 4450 narius,
630 4386 811 4442 vitam
842 4388 903 4443 in
934 4391 1296 4448 monasterio
1334 4392 1490 4450 beati
1525 4397 1793 4469 Eparchii
1823 4398 2030 4454 transi-

2126 3233 2206 3288 ris
2233 3233 2479 3290 refertas
2506 3251 2518 3300 ;
2561 3237 2620 3288 et
2647 3238 2970 3306 postquam
3000 3248 3032 3287 e
3064 3233 3268 3288 schola
3309 3231 3531 3297 exierit,
3561 3232 3689 3287 fore
3722 3236 3794 3288 ut

2125 3337 2306 3377 nemo
2332 3321 2445 3377 sub
2475 3320 2622 3377 Caelo
2652 3321 2783 3395 ipso
2814 3320 3140 3394 sapientior
3168 3319 3401 3377 futurus
3425 3320 3518 3376 sit.
3539 3319 3631 3376 Ad
3655 3320 3794 3376 hinc

2127 3425 2190 3466 se
2237 3410 2499 3483 priorem
2551 3426 2683 3466 esse
2725 3409 3070 3466 monasierii
3098 3409 3174 3466 de
3211 3409 3405 3477 Clusa,
3437 3409 3793 3482 ibidemque

2127 3504 2261 3573 post
2294 3497 2545 3556 mortem
2595 3499 2871 3557 avunculi
2917 3499 3008 3556 sui
3047 3499 3316 3556 futurum
3360 3499 3679 3567 abbatem;
3733 3504 3798 3557 et

2127 3588 2316 3644 multa
2342 3589 2401 3644 id
2445 3605 2660 3660 genus,
2693 3606 2829 3663 quin
2859 3589 2936 3646 ad
2965 3590 3264 3646 Ademaro
3295 3588 3504 3646 saltem
3535 3603 3797 3658 exagge-

2130 3683 2259 3735 rata
2306 3695 2428 3734 non
2477 3678 2706 3735 dubito.
2743 3682 2904 3736 Certe
2935 3678 3269 3735 Ademarus
3313 3677 3439 3752 ipse
3478 3677 3793 3733 modestia:

2129 3767 2281 3824 lines
2309 3769 2424 3824 hac
2449 3767 2509 3823 in
2541 3767 2793 3841 epistola
2835 3768 3106 3834 excessit,
3134 3766 3196 3822 in
3229 3783 3352 3840 qua
3403 3765 3794 3822 Benedictum

2131 3857 2297 3913 omni
2340 3857 2746 3914 conviciorum
2785 3873 2999 3928 genere
3043 3855 3263 3923 adlicit,
3315 3855 3686 3912 Hebionitam
3736 3859 3796 3912 et

2131 3947 2476 4004 hmreticum
2514 3963 2653 4003 eum
2697 3947 3029 4022 appellans,
3062 3945 3140 4003 ob
3183 3947 3342 4002 hanc
3396 3945 3615 4002 scilicet
3649 3961 3794 4000 cau-

2133 4053 2264 4092 sam
2309 4036 2473 4108 quod
2507 4037 2696 4093 sancti
2735 4035 3010 4093 Martialis
3043 4034 3447 4108 apostolatum
3478 4033 3791 4092 refelleret.

2135 4128 2300 4182 Hunc
2329 4130 2530 4182 autem
2560 4125 2640 4182 ita
2665 4125 2971 4183 mordicus
2995 4125 3304 4182 asserebat
3323 4125 3678 4192 Adcmarus,
3702 4127 3794 4192 ut,

2133 4214 2366 4272 etiamsi
2395 4215 2561 4272 aliter
2586 4231 2748 4288 papa
2778 4219 3159 4281 statueret,se
3189 4215 3241 4270 ei
3263 4231 3384 4270 non
3406 4213 3795 4270 obediturum

2135 4302 2313 4376 dicat,
2346 4319 2422 4359 ne
2453 4306 2591 4371 Deo,
2619 4304 2724 4377 qui
2761 4302 3082 4360 Martialem
3125 4302 3469 4376 apostolum
3513 4305 3795 4369 creasset,

2135 4408 2258 4448 non
2309 4391 2552 4447 obedire
2600 4391 2913 4448 videretur.
2967 4395 3144 4448 Porro
3195 4391 3351 4447 hanc
3397 4390 3798 4464 quaestionem

377 4490 528 4543 go.»
580 4477 758 4531 Porro
800 4492 1030 4532 annum
1055 4494 1178 4551 quo
1220 4480 1348 4536 hinc
1381 4484 1697 4553 scribebat,
1728 4486 1788 4541 in
1820 4503 2027 4542 conse-
2071 4523 2112 4579 Ο
2141 4481 2375 4538 deliniri
2416 4497 2537 4537 non
2569 4497 2745 4555 posse
2791 4481 2906 4537 nisi
2953 4480 3014 4537 in
3063 4479 3324 4552 generali
3371 4479 3618 4536 concilio
3666 4495 3800 4535 om—

376 4563 699 4635 quentibus
719 4565 932 4621 diserte
954 4568 1230 4639 exprimit
1250 4569 1344 4625 his
1373 4573 1587 4629 verbis.
1622 4578 1817 4632 «Nam
1834 4576 2032 4634 adhuc

381 4657 582 4725 usque
611 4653 669 4709 in
701 4660 1057 4727 praesentem
1106 4675 1334 4716 annum
1375 4677 1496 4735 quo
1533 4663 1856 4738 loquimur,
1887 4666 2037 4738 quid

381 4747 468 4798 est
497 4742 852 4799 millesimus
883 4761 1060 4802 xxvm
1110 4748 1187 4804 ab
1225 4749 1636 4810 incarnatione
1667 4755 1901 4812 Domini
1934 4772 2039 4813 no-

382 4831 483 4887 stri
527 4835 663 4888 Jesu
709 4833 937 4900 Christi,
970 4851 1077 4907 per
1119 4836 1506 4898 indictionem
1553 4859 1632 4910 XI,
1677 4843 1756 4900 ab
1804 4861 2036 4901 assum-

381 4920 582 4994 ptione
632 4926 832 4979 autem
886 4923 1043 4980 beati
1074 4927 1329 4998 apostoli
1359 4930 1630 4988 Martialis
1660 4933 2039 5003 nongentesi-

383 5027 518 5065 mus
547 5013 1086 5086 quinquagesimus
1130 5023 1403 5090 quartus,
1435 5037 1558 5078 non
1605 5028 1745 5080 sunt
1787 5023 1900 5080 nisi
1932 5040 2037 5081 01.x

385 5097 548 5163 anni,
597 5115 668 5156 ex
739 5118 862 5173 quo
931 5105 1298 5162 monasticus
1365 5108 1514 5165 ordo
1560 5109 1622 5166 in
1665 5111 1779 5168 hoc
1826 5111 1979 5182 loco,
2006 5135 2036 5164 »

384 5200 601 5258 nempe
623 5190 808 5244 sancti
831 5191 1125 5261 Martialis,
1157 5216 1184 5242 «
1205 5199 1639 5254 transmutatus
1660 5204 1748 5257 est
1767 5199 1842 5257 de
1863 5217 2042 5258 cano-

384 5274 540 5330 nico.
573 5298 601 5326 υ
643 5280 808 5333 Forte
838 5295 944 5352 per
979 5281 1041 5337 id
1080 5288 1316 5359 tempus
1358 5287 1703 5346 Benedictus
1735 5290 2039 5348 Clusensis

386 5364 552 5437 apud
573 5367 916 5425 Taurinates
941 5375 1286 5432 monasterii
1301 5376 1483 5449 prior,
1500 5380 1843 5437 Lemovices
1863 5381 2042 5440 adve-

385 5461 576 5526 nerat,
593 5458 693 5512 ubi
710 5463 914 5514 contra
931 5461 1295 5521 Ademarum
1318 5466 1589 5542 aliosque
1613 5472 1944 5527 monachos
1964 5472 2039 5528 de

386 5546 726 5616 apostolatu
755 5549 944 5604 sancti
991 5553 1264 5609 Martialis
1294 5554 1747 5629 disceptaverat.
1790 5559 1930 5615 lnde
1961 5558 2042 5616 ad

385 5635 738 5695 Buxeriense
748 5639 889 5711 pagi
903 5639 1258 5709 Pictavensis
1267 5647 1706 5712 monasterium
1718 5647 2038 5720 profectus,

2143 4571 2311 4627 nium
2342 4570 2761 4644 episcoporum
2795 4569 2990 4626 Galliae
3019 4575 3073 4626 et
3112 4569 3287 4626 Malim
3321 4585 3440 4624 una
3464 4584 3602 4624 cum
3633 4583 3802 4640 papa

2144 4663 2435 4718 Romano.
2467 4662 2614 4717 Cum
2637 4661 2850 4718 eodem
2881 4659 3198 4716 Benedicto
3228 4657 3573 4716 Lemovicas
3602 4656 3805 4713 venis-

2145 4767 2206 4807 se
2233 4751 2447 4807 dicitur
2469 4751 2723 4807 Bernard
2733 4766 2803 4805 us
2828 4749 3100 4823 quidam,
3123 4751 3418 4804 Ravennae
3437 4745 3802 4815 monachus,

2143 4840 2454 4897 medicinae
2498 4841 2639 4897 artis
2673 4840 2921 4914 peritus,
2954 4839 3059 4912 qui
3089 4838 3248 4894 idem
3294 4854 3434 4893 cum
3481 4835 3803 4892 Benedicto

2145 4931 2456 4988 sentiebat.
2489 4935 2552 4986 In
2580 4930 2791 4987 eadem
2821 4945 3064 5002 quoque
3087 4927 3377 4986 sententia
3406 4931 3532 4983 erat
3572 4925 3807 4995 Salgio-

2142 5021 2299 5090 nius,
2317 5037 2391 5078 ex
2423 5020 2715 5077 canonico
2739 5018 2931 5075 factus
2960 5016 3296 5074 monachus
3324 5013 3807 5088 Angeriacensis,

2145 5110 2250 5185 qui
2279 5115 2481 5166 tamen
2511 5109 2708 5166 aiebat
2734 5124 2795 5164 se
2825 5123 2963 5163 cum
3005 5105 3479 5176 Hierosolymam
3507 5107 3807 5178 pergeret,

2145 5199 2364 5256 vidisse
2408 5197 2737 5272 quemdam
2777 5199 3070 5252 Joannem
3117 5193 3511 5262 monachum,
3540 5191 3810 5262 fortissi-

2146 5306 2306 5345 mum
2337 5289 2799 5360 grammaticum
2829 5300 2903 5342 ex
2930 5284 3172 5340 civitate
3199 5283 3420 5351 Remis,
3441 5282 3549 5354 qui
3569 5282 3631 5336 in
3662 5281 3819 5336 navi

2149 5379 2410 5452 quotidie
2451 5378 2794 5434 Martialem
2833 5372 3273 5444 pronuntiabat
3315 5373 3378 5428 in
3423 5371 3634 5427 ordine
3670 5384 3820 5439 apo-

2150 5471 2461 5525 stolorum.
2498 5469 2630 5522 Hmc
2661 5465 2804 5521 satis
2833 5479 2907 5520 ex
2934 5462 3037 5518 illa
3080 5460 3350 5534 epistola,
3383 5460 3555 5530 cujus
3580 5459 3814 5531 ipsum,

2151 5563 2218 5615 ut
2251 5557 2500 5632 quidem
2529 5561 2695 5629 puto,
2727 5552 3171 5626 autographum
3219 5547 3589 5606 clarissimus
3638 5546 3818 5602 Balu-

2153 5647 2278 5706 zius
2308 5662 2550 5712 mecum
2577 5641 2990 5703 liberalissime
3019 5636 3506 5698 communicavit.
