4054 6188
253 187 321 240 89
800 179 804 183 “
1540 178 1752 234 EPIST.
1809 178 1898 233 DE
1960 177 2016 233 S.
2080 180 2426 235 MARTIALI.
3619 183 3688 236 90

589 339 1099 425 ADEMARI
1160 338 1692 432 EPISTOLA
1750 332 1894 422 DE
1969 334 2667 430 APOSTOLATU
2730 336 3361 425 MARTIALIS.

327 519 605 577 Dominis
630 517 1075 590 gloriosissimis
1131 523 1308 591 atque
1357 516 1920 591 praecellentissimis
1953 521 1996 574 Α
2033 532 2160 572 rem
2187 515 2265 572 ad
2293 511 2401 572 vos
2433 521 2488 573 et
2517 516 2972 590 rcquiescerem.
3004 517 3395 574 lmitabamur
3423 523 3690 575 vestrum

251 607 608 682 pastoribus
637 611 860 662 sancta:
890 605 1182 675 Ecclesiae,
1237 609 1499 663 Jonmso
1527 605 1928 662 Lemovicensi

254 693 572 766 episcopo,
607 696 786 764 atque
829 693 1112 748 Onounco
1145 691 1540 760 grammatico
1579 689 1926 746 doctissimo

255 781 472 838 abbati
535 779 1043 836 monasteriorum
1107 780 1265 836 beati
1317 779 1592 837 Martialis
1650 778 1924 852 apostoli,

255 886 503 927 necnon
545 876 602 925 et
629 869 1117 925 reverentissimis
1165 869 1440 942 patribus
1498 867 1928 942 philosophicis

257 960 477 1015 studiis
508 957 825 1014 liberaliter
857 959 1157 1014 instructis
1189 962 1497 1029 HAINALDO,
1541 957 1700 1014 sedis
1719 961 1927 1013 Lemo-

255 1049 409 1104 vicaa
441 1049 656 1115 Ιθνὶῐῖε,
687 1053 743 1104 et
769 1052 1044 1104 ALBERICO
1067 1053 1123 1104 et
1148 1048 1432 1103 omnibus
1470 1047 1925 1120 protomartyris

255 1137 422 1194 beati
475 1137 759 1210 Stephani
821 1137 1083 1194 ecclesiae
1129 1137 1434 1192 canonicis
1491 1155 1503 1192 :
1561 1141 1829 1192 AIMERICO
1873 1140 1930 1192 et

255 1231 448 1282 Psrao
480 1227 668 1300 perito
697 1227 1041 1296 architecto,
1096 1243 1165 1284 ac
1197 1229 1458 1283 GERALDO
1483 1227 1716 1283 decano
1745 1231 1924 1298 atque

256 1320 592 1383 Ammiano,
648 1331 884 1371 necnon
947 1314 1172 1371 caeteris
1253 1314 1538 1372 omnibus
1599 1313 1926 1386 supradicti

257 1403 523 1477 apostoli
547 1403 903 1461 monachis:
948 1407 1258 1460 Excumco
1308 1407 1364 1460 et
1419 1404 1584 1460 fratri
1609 1404 1738 1475 ejus
1783 1407 1924 1460 Teo-

257 1509 452 1568 nnuq
474 1493 906 1564 grammaticis,
940 1493 1102 1548 sedis
1147 1493 1476 1548 Aniciensis
1517 1492 1706 1548 beatae
1735 1492 1925 1548 Maria;

257 1582 472 1638 matris
499 1582 734 1638 Domini
763 1582 1028 1638 ecclesia:
1052 1581 1355 1638 canonicis
1390 1599 1402 1636 :
1437 1585 1701 1638 Wsasom
1734 1597 1928 1653 gram-

254 1672 510 1739 matico,
540 1672 699 1728 beati
721 1672 869 1728 Petri
900 1671 1155 1745 apostoli
1188 1671 1630 1729 Belliloacensis
1665 1671 1925 1728 ecclesias

253 1761 572 1817 monacho
629 1777 640 1814 :
690 1763 951 1816 Gsaswo
983 1759 1172 1816 sancti
1197 1759 1512 1832 Augustini
1545 1761 1927 1816 Lemovicen-

2032 605 2156 661 imo
2185 605 2744 678 antiquissimorum
2772 609 3013 662 Patrum
3052 612 3332 674 veterem,
3373 605 3604 662 bonum
3637 613 3693 663 et

2033 694 2401 751 laudabilem
2433 711 2664 752 morem
2692 696 2751 752 in
2779 695 2999 751 litaniis
3031 700 3088 752 et
3125 695 3184 750 in
3216 695 3497 751 omnibus
3526 696 3690 752 diur-

2034 781 2126 837 nis
2149 783 2398 853 agendis
2430 783 2505 839 de
2545 784 2760 840 eodem
2807 788 3014 839 sancto
3066 783 3337 856 apostolo
3376 803 3388 839 :
3451 789 3506 839 et
3555 800 3690 840 ecce

2036 888 2280 944 serpens
2302 877 2656 929 veternosus
2680 873 2885 929 omnia
2925 874 3072 940 haec,
3128 890 3265 946 quas
3315 873 3393 929 ad
3450 874 3690 930 laudem

2041 961 2136 1016 Dei
2168 966 2224 1016 et
2253 963 2586 1034 profectum
2615 967 2834 1018 sancta:
2868 962 3138 1018 Ecclesiae
3169 962 3320 1019 bene
3351 963 3588 1020 fuerant
3614 964 3691 1018 ab

2036 1049 2392 1105 authenticis
2424 1050 2560 1105 viris
2609 1051 2882 1106 inchoata
2947 1068 3016 1108 ac
3065 1053 3263 1123 potius
3320 1058 3688 1124 recuperata,

2034 1138 2405 1211 perturbavit
2437 1157 2450 1207 ;
2481 1155 2549 1195 ac
2579 1145 2793 1212 praeter
2823 1157 2919 1195 me
2951 1140 3146 1196 solum
3203 1145 3259 1196 et
3297 1141 3692 1196 Gauzbertum

2030 1231 2314 1295 vestrum,
2348 1243 2558 1284 omnes
2583 1243 2619 1284 a
2649 1228 2891 1284 veritate
2931 1229 3128 1284 aversi
3189 1235 3346 1284 sunt.
3382 1232 3529 1284 Nam
3579 1245 3692 1297 ego

2034 1330 2142 1386 pro
2172 1315 2413 1372 veritate
2441 1332 2631 1390 usque
2663 1317 2743 1372 ad
2788 1323 3044 1374 mortem
3091 1316 3340 1372 libenter
3389 1316 3691 1372 decertare

2033 1403 2266 1472 festino,
2301 1405 2493 1461 sciens
2523 1406 2724 1462 utilius
2755 1423 2882 1462 esse
2915 1405 3272 1462 scandalum
3300 1405 3466 1461 nasci
3503 1421 3691 1478 quam

2034 1493 2342 1549 veritatem
2368 1493 2561 1550 deseri
2592 1513 2604 1562 ;
2637 1501 2693 1551 et
2718 1512 2916 1568 neque
2947 1512 3131 1561 mors,
3166 1509 3361 1566 neque
3427 1493 3567 1564 vita,
3593 1509 3691 1548 ne-

2034 1599 2151 1656 que
2179 1583 2480 1653 instantia,
2512 1601 2708 1658 neque
2740 1585 2961 1652 futura,
2995 1601 3191 1656 neque
3219 1583 3435 1654 angeli,
3496 1598 3692 1654 neque

2033 1675 2422 1746 princ1patus,
2471 1689 2667 1748 neque
2713 1675 2986 1741 altitudo,
3052 1690 3250 1746 neque
3297 1671 3689 1747 profundum,

2035 1777 2230 1834 neque
2257 1767 2530 1820 creatura
2557 1763 2761 1836 aliqua
2788 1763 3003 1837 poterit
3032 1779 3128 1818 me
3178 1778 3458 1836 separare
3485 1778 3519 1817 a
3551 1761 3692 1816 cha-

256 1851 345 1906 sis
374 1850 725 1906 monasterii
756 1849 984 1922 abbati,
1011 1850 1116 1905 sed
1143 1855 1199 1906 et
1221 1855 1450 1906 cunctae
1481 1849 1928 1920 congregationi
1959 1878 1998 1931 Β
2036 1851 2205 1907 ritate
2237 1857 2292 1907 et
2311 1852 2554 1909 veritate
2576 1853 2698 1921 Dei,
2731 1870 2868 1926 quas
2898 1857 2987 1910 est
3030 1852 3091 1907 in
3137 1851 3366 1908 Christo
3422 1853 3558 1906 Jesu
3586 1852 3693 1904 Do-

257 1942 397 2012 ejus
432 1958 446 1995 :
483 1943 763 1996 ROTGERIO
794 1945 1012 1996 sanctae
1068 1940 1289 1998 Valeree
1339 1941 1770 1998 Cambonensis
1813 1957 1928 1997 cce-

257 2029 432 2085 nobii
472 2029 792 2102 praeposito
848 2046 861 2084 :
908 2029 1048 2085 item
1079 2032 1342 2086 Genuoo
1400 2030 1528 2085 viro
1579 2030 1928 2086 doctissimo

259 2117 801 2192 Sollempniacensi
832 2118 1036 2174 abbati
1068 2124 1125 2175 et
1153 2119 1436 2175 omnibus
1467 2120 1782 2176 monachis
1798 2120 1927 2191 ejus

252 2207 534 2259 Annum
549 2202 906 2258 Rothenensi
931 2203 1236 2276 episcopo;
1251 2207 1600 2259 'l‘aeonsmco
1627 2220 1929 2274 gramma-

253 2291 377 2348 tico
405 2291 647 2348 Metensi
677 2291 963 2365 episcopo
999 2310 1011 2360 ;
1037 2296 1350 2350 CONEGUNDI
1377 2295 1784 2348 Romanorum
1815 2298 1930 2348 Au-

252 2386 498 2450 gustae;
551 2382 757 2436 CONONI
785 2379 1001 2436 Caesari
1029 2385 1300 2451 Augusto
1333 2380 1676 2454 imperatori
1710 2400 1722 2436 :
1785 2383 1928 2437 W11.-

251 2485 445 2526 Lzum
499 2469 895 2538 grammatico
966 2469 1301 2525 orthodoxo
1377 2475 1435 2525 et
1512 2469 1926 2542 potentissimo

251 2559 702 2632 Aquitanorum
723 2558 861 2614 duci
895 2577 909 2626 ;
949 2561 1145 2614 JOANNI
1176 2562 1442 2615 Romano
1474 2575 1673 2632 papae,
1706 2564 1928 2614 Anem-

255 2665 365 2703 aL's
395 2646 849 2718 Egolismensis,
900 2647 1389 2720 presbyterorum
1437 2648 1702 2716 ultimus,
1753 2653 1926 2705 rectae

254 2737 402 2793 ﬁdei
431 2741 657 2807 regula:
687 2753 794 2810 per
822 2737 1026 2794 omnia
1066 2737 1529 2805 observantiam,
1560 2739 1619 2794 in
1649 2739 1789 2808 fide,
1823 2754 1927 2812 spe

257 2833 316 2882 et
349 2828 642 2883 criaritate
673 2827 909 2883 Domini
939 2827 1126 2882 nostri
1179 2830 1318 2884 Jesu
1375 2828 1590 2885 Christi
1640 2828 1927 2898 unigeniti

260 2916 383 2973 Filii
445 2917 547 2972 Dei
587 2917 922 2972 secundum
975 2932 1188 2974 sanam
1247 2917 1658 2990 apostolorum
1710 2917 1928 2974 doctri-

260 3021 436 3062 nam.

330 3110 484 3168 Nolo
509 3127 613 3166 vos
641 3111 842 3167 mirari
872 3127 974 3167 eos
1001 3127 1140 3167 cum
1162 3111 1384 3184 quibus
1415 3127 1732 3185 nunquam
1763 3111 1924 3168 locu-

257 3207 360 3257 tus
396 3217 554 3265 sum,
585 3200 785 3256 adhuc
824 3201 899 3256 de
919 3201 1196 3274 apostolo
1223 3201 1500 3274 Martiale,

259 3290 424 3359 dico,
453 3306 683 3362 papam
713 3289 984 3346 videlicet
1014 3307 1083 3347 ac
1115 3293 1432 3361 Ciesarem,
1465 3302 1645 3364 atque
1693 3293 1932 3364 Aquita-

259 3380 381 3436 nise
402 3379 645 3446 ducem,
673 3379 826 3435 inter
851 3379 1100 3436 nomina
1121 3384 1318 3436 vestra
1347 3396 1443 3435 me
1463 3380 1933 3436 intermiscuisse

261 3485 409 3524 cum
437 3468 485 3523 si
521 3468 667 3524 forte
714 3469 842 3524 haec
874 3469 952 3524 ad
982 3485 1085 3525 eos
1114 3469 1510 3542 pervenerint,
1544 3473 1688 3541 opto
1719 3469 1934 3525 sereni-

263 3563 453 3614 tatem
484 3573 695 3614 eorum
743 3559 835 3614 his
886 3558 1040 3614 veris
1097 3558 1529 3615 assertionibus
1577 3553 1854 3615 arridere.
1888 3563 1935 3615 A

260 3648 439 3705 vobis
469 3647 718 3721 quidem
738 3663 863 3704 non
893 3647 1017 3704 sine
1073 3648 1288 3719 grandi
1328 3648 1720 3704 exsultatione
1767 3649 1935 3706 finito

265 3735 525 3792 concilio
553 3737 960 3794 Lemovicensi
989 3742 1208 3810 quarto
1248 3737 1343 3792 die
1405 3737 1628 3792 mensis
1685 3738 1937 3810 Augusti

266 3810 559 3892 abscessi,
587 3830 885 3882 revertens
929 3825 1007 3882 ad
1038 3826 1397 3897 Egolismam
1461 3826 1782 3899 civitatem,
1832 3827 1937 3883 ubi

270 3915 355 3971 ab
383 3917 512 3988 ipsa
545 3915 864 3971 tenerrima
919 3915 1172 3988 pueritia
1207 3916 1518 3986 hactenus,
1577 3922 1745 3972 aelate
1784 3933 1936 3990 qua-

271 3999 689 4070 dragenarius,
722 4000 909 4056 vitam
939 4001 999 4056 in
1031 4001 1396 4057 monasterio
1448 4001 1608 4056 beati
1666 4001 1940 4074 Eparchii

273 4084 561 4153 transigo.
601 4085 987 4141 Exsultabam
1008 4085 1167 4141 enim
1195 4101 1301 4140 vos
1345 4085 1744 4155 incongruam
1773 4085 1940 4140 inoli-

269 4178 401 4230 tam
440 4174 654 4229 erroris
685 4190 870 4230 causa
900 4173 977 4230 ab
1008 4174 1402 4230 anterioribus
1431 4175 1655 4230 clericis
1703 4175 1942 4248 Aquita-

267 4264 390 4320 nia:
433 4263 880 4333 negligentiam,
909 4279 1032 4337 qua
1091 4264 1619 4338 parvipendebatis
1663 4269 1939 4322 sanctum

269 4353 623 4426 apostolum
651 4353 752 4408 Dei
778 4354 1118 4422 Martialem,
1170 4370 1294 4409 non
1325 4355 1494 4410 aliter
1531 4371 1718 4427 quam
1749 4371 1939 4411 unum

268 4443 348 4497 de
381 4440 691 4497 modernis
718 4443 1179 4513 confessoribus,
1209 4448 1313 4498 aut
1334 4443 1674 4514 junioribus
1703 4444 1940 4500 moder-

269 4532 367 4588 nis
391 4531 714 4604 episcopis,
741 4532 924 4588 modo
954 4548 1060 4604 per
1092 4533 1189 4588 Dei
1221 4533 1476 4604 gratiam
1528 4534 1850 4606 respuisse,
1884 4538 1940 4589 ct

272 4619 351 4676 de
377 4636 453 4676 eo
495 4620 662 4692 quod
708 4621 991 4694 antiquus
1040 4625 1098 4678 et
1142 4621 1432 4677 naturalis
1471 4621 1780 4694 apostolus
1814 4622 1940 4694 ipse

273 4710 496 4766 beatus
526 4710 823 4779 Martialis,
864 4711 1015 4767 sicut
1070 4715 1380 4767 attestatur
1418 4711 1667 4784 antiqua
1706 4711 1940 4768 traditio

277 4802 523 4854 Patrum
551 4804 918 4870 nostrorum,
945 4805 1003 4856 et
1031 4799 1277 4856 assertio
1306 4815 1444 4855 vera
1457 4803 1815 4868 Graecorum,
1839 4817 1940 4856 ve-

277 4883 518 4939 ritatem
550 4884 747 4955 potius
785 4900 1176 4958 recuperasse
1207 4901 1392 4956 quam
1444 4885 1777 4940 inchoasse.
1830 4888 1942 4940 Vo-

276 4972 374 5032 bis
407 4973 574 5027 enim
601 4977 860 5046 quatuor
894 4973 1277 5030 solummodo
1326 4990 1487 5030 nunc
1518 4974 1942 5046 specialissime

273 5056 524 5129 loquor,
554 5057 818 5129 pontifex
847 5058 1129 5125 Jordane,
1158 5057 1421 5115 Odelrice
1451 5057 1631 5126 abba,
1658 5058 1943 5114 Rainalde

275 5147 467 5213 atque
494 5141 786 5198 Aimirice.
812 5147 1016 5215 itaque
1043 5159 1139 5198 me
1170 5159 1310 5198 cum
1340 5142 1557 5198 abbate
1604 5143 1944 5199 Amalfredo

278 5231 339 5281 et
361 5225 598 5280 cunctis
625 5226 928 5294 fratribus,
961 5232 1019 5283 et
1073 5244 1213 5283 cum
1261 5227 1544 5300 episcopo
1592 5227 1835 5283 Rohone
1882 5227 1944 5284 in

280 5309 544 5366 Domino
583 5310 658 5365 de
711 5310 900 5380 gloria
943 5311 1200 5368 veritatis
1241 5311 1400 5367 beati
1448 5311 1722 5369 Martialis
1773 5328 1947 5385 apos-

283 5394 386 5449 toli
410 5394 771 5464 gratulante,
802 5396 1000 5451 subito
1025 5396 1211 5452 hostis
1241 5397 1523 5468 antiquus
1549 5414 1654 5469 per
1682 5413 1823 5452 suos
1858 5413 1948 5453 sa-

284 5479 499 5534 tellites
532 5479 934 5536 amaritudine
963 5481 1142 5537 anxia
1190 5480 1563 5537 obnubilavit
1616 5481 1950 5554 praecordia

284 5580 447 5633 mea,
482 5566 544 5618 ut
574 5564 818 5620 mallem
849 5565 1002 5620 mori
1052 5581 1240 5637 quam
1296 5566 1516 5635 vivere,
1572 5572 1628 5622 et
1674 5572 1948 5638 optarem

286 5663 525 5719 pennas
555 5648 707 5705 sicut
734 5648 1017 5707 columba
1055 5649 1298 5720 haberc,
1344 5649 1566 5721 quibus
1608 5665 1751 5707 mox
1780 5649 1948 5707 vola-

2037 1940 2201 1997 mino
2231 1946 2440 1997 nostro
2469 1947 2526 1998 et
2554 1941 2614 1998 in
2646 1941 2902 1998 Martiale
2933 1942 3062 2012 ejus
3094 1939 3386 2013 apostolo.

2110 2083 2236 2136 Duo
2257 2081 2457 2154 itaque
2488 2099 2559 2137 ex
2587 2080 2786 2148 nobis,
2833 2085 2991 2136 veste
3041 2083 3272 2136 tantum
3320 2082 3376 2134 et
3428 2078 3692 2146 nomine,

2034 2185 2156 2225 nou
2189 2171 2421 2226 actibus
2471 2187 2667 2243 neque
2717 2170 3011 2239 moribus,
3073 2169 3374 2235 monachi,
3435 2184 3696 2240 quorum

2035 2259 2283 2316 nomina
2315 2261 2468 2316 intra
2499 2263 2694 2333 empta
2735 2260 2992 2315 inserere
3026 2259 3385 2329 sacrilegum
3415 2257 3580 2324 duxi,
3634 2257 3695 2314 in

2034 2349 2147 2405 hoc
2185 2349 2519 2422 Septembri
2547 2364 2753 2405 mense
2781 2349 2905 2404 sine
2950 2347 3364 2405 benedictione
3393 2363 3429 2401 a
3459 2363 3700 2402 monas-

2035 2437 2180 2493 terio
2211 2453 2320 2492 suo
2351 2436 2430 2492 ad
2464 2439 2882 2494 Lemovicense
2913 2437 3268 2492 territorium
3293 2437 3458 2508 quod
3485 2435 3698 2492 dicitur

2037 2525 2286 2580 Buxeria
2307 2525 2712 2593 devenientes,
2748 2526 2829 2581 ibi
2859 2541 2896 2580 a
2951 2529 3222 2597 serpente
3279 2524 3526 2596 antiquo
3557 2523 3698 2578 infe-

2035 2614 2313 2670 licissime
2335 2614 2639 2687 corrumpi
2664 2631 2724 2670 se
2746 2613 3148 2688 permiserunt
3194 2612 3472 2668 draconis
3522 2628 3697 2667 vene-

2035 2720 2136 2772 no,
2171 2720 2207 2759 a
2232 2703 2504 2777 quodam
2535 2703 2755 2760 scilicet
2812 2701 3208 2772 Longobardo
3240 2703 3538 2768 haeretico,
3571 2717 3698 2756 mo-

2034 2793 2287 2849 nachico
2317 2793 2564 2866 quidem
2587 2792 2906 2849 schismate
2934 2791 3164 2860 induto,
3193 2807 3402 2846 verum
3428 2806 3550 2845 non
3575 2806 3699 2845 mo-

2036 2883 2251 2950 nacho,
2285 2882 2387 2937 sed
2415 2881 2680 2938 diabolo.
2745 2885 2858 2937 Nec
2905 2880 3286 2936 attenderunt
3311 2895 3347 2934 a
3379 2879 3528 2934 falso
3558 2895 3698 2952 pro-

2036 2971 2238 3042 pheta,
2271 2972 2375 3043 qui
2406 2987 2442 3026 a
2482 2971 2658 3027 Clusa
2688 2969 3178 3040 Longobardensi
3209 2969 3368 3024 venit
3397 2968 3477 3024 ad
3525 2968 3702 3040 Aqui-

2037 3060 2264 3116 taniam
2296 3061 2358 3115 in
2379 3060 2748 3116 vestimentis
2784 3061 3008 3129 ovium,
3031 3061 3360 3115 intresecus
3391 3063 3591 3114 autem
3614 3063 3703 3114 est

2037 3150 2217 3220 lupus
2257 3163 2466 3220 rapax.
2503 3153 2704 3220 Ipsum
2759 3148 2862 3203 Dei
2918 3148 3316 3217 archangelus
3376 3146 3618 3204 Michael
3648 3150 3704 3200 et

1555 3207 1670 3311 {es
1962 3233 2002 3287 C
2041 3207 2234 3311 angeli
2267 3207 2396 3309 ejiis
2427 3255 2462 3294 a
2498 3207 2646 3294 facie
2701 3237 2800 3293 Dei
2843 3207 3181 3311 projiciant,
3238 3241 3302 3292 ut
3349 3253 3472 3292 non
3505 3236 3702 3290 valeat

2042 3345 2182 3385 cum
2209 3345 2318 3384 suo
2341 3343 2478 3398 rege
2501 3327 2765 3383 dracone
2793 3327 2850 3382 in
2881 3325 3136 3382 Ecclesia
3168 3325 3482 3391 catholica,
3505 3339 3702 3396 neque

2041 3419 2208 3475 locus
2233 3421 2284 3487 ej
2297 3434 2363 3472 us
2389 3416 2649 3490 amplius
2679 3416 3015 3472 inveniatur
3052 3416 3111 3470 in
3140 3415 3286 3471 coelo
3313 3433 3325 3482 ;
3384 3419 3450 3470 ut
3479 3429 3704 3484 magna

2042 3525 2161 3564 vox
2184 3512 2532 3563 sanctorum
2563 3505 2846 3562 audiatur
2874 3506 2933 3560 in
2975 3504 3146 3575 coelo,
3179 3503 3343 3577 quod
3395 3507 3484 3558 est
3513 3502 3704 3558 Eccle-

2045 3597 2132 3653 sia
2162 3612 2448 3670 praesens,
2474 3595 2821 3651 dicentium.
2883 3598 3049 3650 Nunc
3081 3595 3236 3650 facta
3280 3596 3371 3649 est
3412 3591 3595 3661 salus,
3650 3594 3706 3646 et

2043 3687 2252 3754 virtus,
2287 3691 2344 3741 et
2372 3702 2627 3754 regnum
2660 3684 3096 3741 Domininostri
3127 3687 3183 3739 et
3207 3687 3474 3756 potestas
3496 3680 3705 3738 Christi

2045 3777 2195 3847 ejus,
2226 3780 2282 3830 et
2304 3775 2493 3844 gloria
2520 3791 2590 3830 ac
2642 3775 2862 3830 veritas
2899 3773 3312 3846 apostolorum
3369 3772 3516 3843 ejus.
3567 3770 3704 3826 Ideo

2044 3865 2318 3920 laetentur
2349 3863 2481 3918 cceli
2504 3867 2560 3918 et
2580 3863 2685 3935 qui
2707 3863 2767 3918 in
2794 3862 2877 3917 eis
2906 3861 3201 3917 habitant.
3247 3865 3304 3915 ln
3332 3860 3582 3915 concilio
3609 3875 3704 3914 sa-

2047 3970 2122 4009 ne
2157 3952 2558 4008 Lemovicensi
2600 3952 2807 4021 lingua
2846 3950 3234 4022 sapientium,
3265 3949 3370 4020 qui
3405 3966 3510 4004 vos
3536 3948 3702 4015 estis,

2048 4043 2287 4099 ornavit
2311 4041 2622 4097 scientiam
2643 4055 2665 4111 ,'
2691 4041 2769 4096 ad
2809 4039 3127 4095 Buxeriam
3156 4054 3298 4094 vero
3353 4055 3420 4093 os
3450 4038 3595 4093 fatui
3626 4039 3708 4093 vi-

2046 4149 2147 4199 no,
2180 4132 2301 4187 imo
2325 4147 2559 4187 veneno
2581 4129 2903 4185 madefacti
2920 4127 3258 4201 serpentino
3281 4127 3548 4183 cbullivit
3570 4127 3707 4183 stul-

2048 4222 2258 4278 titiam.
2294 4223 2410 4276 Vos
2433 4220 2595 4275 enim
2625 4220 2685 4275 in
2716 4219 2998 4275 charitate
3041 4217 3286 4274 radicati
3343 4222 3399 4273 et
3451 4217 3704 4288 fundati,

2047 4327 2154 4384 per
2169 4309 2518 4365 charitatem
2548 4309 2858 4381 patientes,
2888 4307 3153 4378 benigni,
3180 4323 3302 4363 non
3331 4307 3704 4376 aemulantes,

2021 4410 2024 4411 '
2049 4417 2171 4457 non
2197 4404 2443 4472 agentes
2465 4415 2804 4472 perperam,
2837 4413 2959 4454 non
2981 4397 3189 4467 inﬂati,
3231 4413 3353 4453 non
3384 4396 3703 4465 ambitiosi,

2047 4507 2170 4547 non
2201 4495 2534 4563 quaerentes
2556 4505 2691 4561 quat
2723 4493 2918 4544 vestra
2948 4492 3106 4557 sunt,
3155 4501 3279 4542 non
3328 4487 3554 4556 irritati,
3584 4501 3707 4540 non

1965 4585 2011 4640 D
2050 4578 2378 4648 cogitantes
2411 4576 2661 4643 malum,
2702 4591 2825 4630 non
2881 4574 3210 4645 gaudentes
3260 4589 3439 4645 super
3494 4570 3706 4643 iniqui-

2051 4671 2250 4729 tatem,
2286 4665 2736 4736 congaudentes
2766 4669 2967 4719 autem
3006 4663 3258 4734 veritati,
3322 4660 3705 4719 manifestare

2050 4756 2302 4813 curastis
2322 4755 2550 4829 populo
2577 4755 2904 4820 veritatem,
2946 4753 3090 4826 quia
3139 4751 3414 4808 Martialis
3460 4749 3590 4821 ipse
3617 4753 3708 4804 est

2049 4846 2340 4903 naturalis
2371 4843 2701 4918 apostolus,
2734 4860 2878 4911 non,
2910 4843 3064 4898 sicut
3114 4856 3291 4896 canes
3340 4837 3706 4893 oblatrantes

2052 4936 2280 5000 dicunt,
2311 4951 2527 5003 novus,
2561 4934 2664 4988 sed
2691 4931 3146 5005 antiquissimus
3168 4934 3346 5000 atque
3368 4942 3474 4998 per
3503 4925 3708 4981 omnia

2053 5041 2089 5081 a
2113 5025 2342 5081 Christo
2364 5028 2499 5095 post
2526 5039 2604 5077 x11
2633 5021 2939 5094 apostolos
2968 5019 3195 5091 priores
3225 5015 3466 5083 electus;
3499 5020 3554 5070 et
3584 5030 3706 5070 non

2055 5115 2254 5170 solum
2267 5111 2598 5186 apostolus,
2633 5111 2738 5166 sed
2767 5110 2947 5165 etiam
2979 5105 3189 5164 Christi
3214 5105 3275 5160 in
3307 5121 3485 5160 carne
3536 5105 3709 5160 disci-

2052 5203 2252 5278 pulus,
2278 5207 2335 5257 et
2360 5201 2520 5256 beati
2537 5199 2686 5255 Petri
2711 5196 2996 5270 principis
3031 5194 3442 5268 apostolorum
3468 5194 3707 5250 condis-

2054 5292 2309 5366 cipulus.
2338 5289 2522 5359 Majus
2556 5292 2643 5343 est
2663 5286 2821 5342 enim
2852 5301 2979 5340 esse
3029 5285 3089 5340 in
3121 5300 3297 5340 carne
3345 5283 3708 5356 discipulum

2057 5379 2289 5449 Christi,
2317 5393 2503 5450 quam
2526 5373 2867 5448 apostolum
2888 5379 3029 5447 post
3050 5373 3464 5429 ascensionem
3477 5369 3704 5425 Christi.

2057 5469 2264 5528 Multos
2294 5467 2454 5521 enim
2475 5481 2654 5520 nemo
2681 5463 2906 5537 peritus
2961 5465 3197 5533 ignorat
3252 5462 3432 5519 fuisse
3454 5459 3710 5534 pseudo-

2057 5557 2364 5632 apostolos
2395 5561 2451 5612 et
2473 5554 2730 5610 veritatis
2757 5553 3066 5626 apostolos
3104 5557 3241 5626 post
3295 5550 3707 5607 ascensionem

2060 5647 2292 5718 Christi,
2319 5645 2423 5722 qui
2453 5659 2843 5718 nequaquam
2873 5643 3112 5698 fuerunt
3159 5646 3362 5698 tamen
3415 5639 3476 5695 in
3531 5651 3710 5694 carne
