4048 6178
315 190 377 245 91
1438 186 1750 243 ADEMARI
1810 187 1865 242 S.
1919 178 2201 241 CIBARDI
2258 183 2595 240 MONACHI.
3404 226 3413 235 .
3668 193 3739 245 92

317 310 596 384 discipuli
616 311 827 367 Christi
860 328 873 365 :
907 314 964 366 et
993 310 1127 367 licet
1168 314 1428 384 quatuor
1479 310 1856 380 evangelistee
1895 308 1970 364 de
1997 310 2049 363 Α
2078 323 2190 379 ego
2210 307 2447 365 afﬁrmo
2475 313 2749 366 sanctum
2766 308 3088 365 Martialem
3105 324 3229 365 non
3246 326 3371 367 esse
3395 312 3739 384 apostolum

317 418 390 458 eo
420 405 672 469 taceant,
701 400 926 473 quippe
982 400 1086 473 qui
1135 400 1481 457 summatim
1530 400 1687 457 facta
1736 399 1972 457 Domini

318 486 808 559 perstrinxerunt,
838 488 1040 542 tamen
1064 485 1214 542 liber
1244 490 1553 557 gestorum
1610 487 1740 557 ejus
1797 501 1970 542 cons-

317 576 543 649 criptus
581 591 618 633 a
658 574 952 649 discipulo
1009 576 1138 647 ejus
1196 576 1539 648 Aureliano,
1594 592 1631 633 a
1682 575 1972 633 catholica

319 680 555 738 semper
584 664 842 721 Ecclesia
873 669 1207 738 susceptus,
1239 664 1598 723 sufﬁcienter
1617 680 1655 721 a
1674 663 1970 738 principio

317 758 615 811 memorat
633 754 887 826 gratiam
908 754 1281 828 apostolatus
1329 756 1476 826 ejus.
1537 754 1971 824 Langobardus

316 860 459 902 vero
485 845 758 917 quidam,
804 844 1115 902 Hebionita
1169 846 1367 919 potius
1413 861 1601 918 quam
1652 843 1970 914 cmnobita,

318 934 450 1007 ipso
473 951 585 991 suo
617 934 860 991 nomine
890 935 1195 1006 indignus,
1225 936 1327 1009 qui
1376 935 1801 1005 congruentius
1832 950 1971 991 cen-

321 1024 435 1079 seri
455 1023 761 1080 debuisset
787 1024 1140 1081 maledictus
1169 1041 1278 1098 per
1306 1023 1613 1081 veritatem
1651 1041 1836 1098 quam
1865 1024 1970 1080 be-

320 1114 592 1170 nedictus
611 1130 718 1187 per
739 1113 1075 1185 falsitatem,
1103 1114 1166 1170 in
1199 1114 1453 1171 Buxeria
1498 1114 1747 1171 ecclesia
1773 1114 1973 1188 hospi-

322 1206 498 1273 tatus,
524 1204 932 1277 blasphemias
961 1220 1086 1260 non
1144 1204 1341 1260 solum
1378 1203 1441 1259 in
1488 1204 1832 1278 apostolum
1871 1204 1972 1260 Dei

321 1291 664 1362 Martialem,
700 1308 910 1350 verum
950 1293 1212 1349 etiamin
1241 1293 1442 1366 ipsum
1483 1294 1692 1351 Filium
1722 1295 1823 1351 Dei
1875 1310 1974 1350 ne-

320 1382 536 1439 fandas
567 1382 629 1438 in
655 1383 1070 1441 conventiculo
1122 1384 1563 1441 monachorum
1612 1384 1974 1455 Egolismen—

323 1470 502 1540 sium,
535 1476 592 1528 et
619 1473 1195 1543 Brantosmensium,
1242 1478 1298 1530 et
1324 1474 1818 1547 presbyterorum
1869 1477 1972 1531 Le-

318 1560 771 1630 movicensium,
796 1562 902 1635 qui
930 1568 1173 1636 propter
1192 1563 1561 1621 nativitatem
1606 1563 1709 1619 Dei
1734 1563 1972 1634 genitri-

2079 397 2199 454 ullo
2228 398 2433 454 modo.
2470 402 2591 469 Ego
2625 399 2761 455 dico
2790 400 2972 454 vitam
3004 400 3134 470 ejus
3161 402 3343 455 totam
3374 401 3610 473 falsam,
3653 402 3739 476 ip-

2078 504 2214 543 sum
2245 487 2480 545 afﬁrmo
2505 505 2825 562 nunquam
2858 488 3038 544 fuisse
3064 488 3125 544 in
3156 504 3332 545 carne
3371 489 3739 563 discipulum

2078 577 2313 648 Christi,
2340 578 2506 635 nullo
2532 578 2716 634 modo
2743 578 2925 634 fuisse
2953 578 3031 635 ad
3060 593 3321 647 coenam,
3362 579 3596 636 nullum
3626 582 3737 637 ob-

2080 666 2356 739 sequium
2388 668 2641 724 Domino
2669 667 2998 741 praebuisse
3024 667 3102 724 ad
3140 666 3476 724 abluendos
3504 669 3690 742 pedes
3722 688 3736 738 ;

2079 757 2402 813 Dominum
2432 756 2629 813 solum
2659 774 2799 813 cum
2839 757 2978 813 solis
3025 756 3347 813 duodecim
3395 758 3559 814 illam
3620 776 3738 816 coe-

2077 861 2224 902 nam
2254 846 2481 915 fecisse;
2511 847 2696 903 verba
2717 862 2853 919 quae
2873 846 2935 902 in
2962 862 3135 903 caena
3164 846 3397 903 locutus
3450 852 3558 913 est,
3594 849 3737 906 solis

2079 935 2363 991 undecim
2393 935 2616 991 dixisse
2638 936 2761 992 filio
2792 936 3141 1009 perditionis
3172 941 3421 993 exeunte
3452 955 3597 1007 ;nec
3620 942 3738 996 Ma-

2079 1025 2231 1082 riam
2257 1029 2512 1081 matrem
2529 1025 2786 1094 Domini,
2813 1041 3009 1098 neque
3034 1025 3219 1082 alium
3240 1026 3503 1099 aliquem
3532 1028 3615 1084 ibi
3644 1028 3737 1084 in-

2080 1113 2367 1171 terfuisse.
2402 1118 2534 1186 Ipse
2562 1113 2774 1187 inquit,
2801 1118 2972 1170 Jesus
2993 1115 3197 1187 posuit
3224 1114 3574 1172 vestimenta
3604 1134 3735 1183 sua,

2079 1203 2231 1275 ipse,
2262 1202 2574 1276 praecinxit
2604 1219 2665 1258 se
2695 1203 2897 1272 linteo,
2926 1204 3053 1276 ipse
3084 1203 3246 1260 misit
3274 1220 3498 1277 aquam
3527 1205 3589 1260 in
3618 1205 3739 1278 pel-

2079 1292 2220 1360 vim,
2250 1292 2605 1366 nullumque
2636 1292 2978 1349 ministrum
3036 1293 3267 1350 habuit.
3330 1296 3471 1363 Ego,
3520 1294 3737 1367 inquit,

2080 1380 2354 1454 praelium
2384 1381 2601 1438 faciam
2630 1382 2798 1455 quod
2857 1387 3101 1439 sanctus
3144 1383 3418 1440 Martialis
3472 1400 3597 1440 non
3647 1386 3745 1439 est

2082 1471 2412 1544 apostolus,
2445 1472 2494 1527 si
2523 1472 2741 1546 aliquis
2774 1472 2921 1528 mihi
2948 1472 3386 1529 contradixerit.
3412 1476 3534 1544 Ego
3555 1473 3743 1546 paulo

2082 1565 2219 1619 ante
2247 1561 2332 1617 fui
2357 1563 2720 1635 Lemovicas,
2744 1563 2992 1635 quando
3018 1567 3261 1636 propter
3286 1563 3560 1619 timorem
3583 1563 3743 1637 epis-

321 1648 404 1704 cis
424 1665 495 1706 ac
524 1655 829 1724 perpetuae
859 1651 1101 1721 virginis
1130 1651 1317 1709 Mariae
1364 1651 1553 1708 festivi
1582 1652 1970 1723 advenerant,
2012 1669 2053 1723 Β
2083 1651 2238 1726 copi,
2267 1668 2343 1708 ne
2372 1668 2474 1707 eos
2505 1668 2615 1725 pro
2644 1654 2759 1708 hac
2785 1666 2849 1708 re
2888 1653 3434 1709 excommunicaret
3453 1656 3511 1709 et
3535 1658 3599 1709 ut
3621 1654 3745 1708 fur-

322 1754 599 1794 evomere
625 1755 749 1795 non
776 1739 987 1796 timuit.
1018 1743 1085 1796 Et
1107 1740 1288 1796 veluti
1343 1740 1753 1798 Arriomanitis
1783 1747 1839 1797 et
1866 1745 1971 1797 Fo-

321 1828 563 1884 tinianis
586 1843 657 1885 ac
686 1828 989 1885 Manichiis
1016 1834 1073 1887 et
1096 1830 1322 1887 caeteris
1349 1846 1385 1887 a
1410 1834 1528 1888 Deo
1559 1831 1765 1888 alienis
1794 1832 1977 1887 haere-

236 1932 240 1937 '
322 1916 451 1972 ticis
480 1932 613 1972 mos
637 1921 745 1985 est,
777 1922 841 1974 ut
864 1918 982 1975 sint
1010 1919 1295 1993 loquaces
1338 1920 1597 1977 multum
1648 1924 1706 1977 et
1728 1919 1976 1976 volubili

322 2004 667 2076 linguarum
691 2010 890 2063 rotatu
918 2008 1230 2081 perfaciles
1257 2010 1391 2082 (hoc
1418 2009 1578 2066 enim
1614 2009 1810 2066 solum
1835 2025 1974 2082 pro-

321 2093 523 2168 prium
544 2100 631 2152 est
653 2095 1415 2172 haereticorum),quatenus
1435 2099 1642 2156 brutos
1674 2098 1974 2156 auditores

325 2200 493 2256 suos,
516 2184 661 2258 quia
687 2185 942 2260 simplici
964 2186 1201 2245 veritate
1222 2192 1531 2262 nequeunt
1559 2188 1768 2246 saltem
1797 2188 1975 2245 mira-

322 2272 430 2331 bili
449 2273 778 2347 etﬁgurata
801 2276 1167 2347 garrulitate,
1210 2277 1360 2334 dum
1388 2277 1449 2334 in
1501 2278 1585 2334 eis
1634 2277 1975 2352 eloquentia

204 2387 213 2393 -
323 2379 447 2421 non
479 2364 773 2437 sapientia
801 2365 1073 2436 miratur,
1105 2365 1331 2425 elidant
1370 2367 1432 2424 in
1470 2367 1708 2424 foveam
1738 2367 1971 2437 erroris,

323 2454 606 2512 dicaciter
635 2455 917 2514 omnibus
942 2463 1207 2517 vestram
1247 2460 1660 2517 auctoritatem
1689 2458 1849 2515 male
1867 2458 1976 2515 im-

321 2548 534 2618 putare
586 2547 782 2621 coepit,
831 2547 1180 2622 vituperans
1223 2566 1349 2618 eos,
1399 2549 1742 2623 quicunque
1780 2552 1977 2606 vestro

317 2634 498 2706 jussu
516 2636 578 2692 in
594 2636 772 2694 beato
797 2638 1054 2695 Martiale
1084 2639 1456 2713 Apostolicas
1486 2640 1787 2697 orationes
1816 2655 1978 2696 rece-

322 2728 555 2797 perant,
588 2725 935 2801 quicunque
957 2727 1086 2800 ejus
1110 2744 1335 2784 nomen
1361 2729 1424 2784 in
1443 2727 1662 2794 litaniis
1682 2728 1744 2784 in
1770 2728 1979 2784 ordine

324 2813 736 2887 apostolorum
767 2820 904 2872 ante
927 2821 1225 2890 martyres
1265 2816 1600 2874 recitabant
1657 2834 1670 2872 :
1707 2833 1980 2874 asserens

325 2920 537 2960 omnes
563 2903 627 2961 in
654 2921 884 2962 vanum
907 2921 1078 2963 orare
1099 2906 1204 2979 qui
1224 2923 1361 2963 eum
1376 2905 1788 2979 praedicabant
1808 2923 1981 2980 apos-

326 2993 538 3065 tolum,
576 2992 844 3068 talesque
881 2994 1179 3053 orationes
1218 2999 1275 3052 et
1302 2994 1541 3053 litanias
1571 2994 1720 3053 nihil
1753 2995 1871 3053 nisi
1918 2996 1980 3052 in

325 3089 642 3157 peccatum
670 3083 867 3142 valere
894 3084 1320 3143 detestabiliter
1342 3085 1682 3163 oblatrabat
1714 3105 1727 3156 ;
1761 3090 1818 3143 et
1842 3085 1980 3143 huic

324 3172 410 3229 rei
438 3173 878 3231 consentientes
907 3173 1111 3232 anima
1149 3178 1204 3231 et
1229 3191 1478 3250 corpore
1496 3175 1627 3247 jam
1657 3173 1979 3232 damnatos

324 3277 454 3318 esse
481 3278 650 3319 more
681 3262 859 3320 astuti
884 3262 1175 3337 serpentis
1204 3262 1569 3321 insibilabat.
1599 3264 1801 3322 Missas
1820 3263 1980 3320 beati

324 3350 599 3425 apostoli,
631 3367 787 3426 quas
817 3356 1024 3426 pastor
1055 3356 1261 3410 noster
1283 3352 1642 3410 venerabilis
1671 3352 1980 3410 Odolricus

322 3441 689 3515 presbyteris
703 3442 907 3513 largiri
930 3443 1212 3514 jusserat,
1231 3459 1342 3517 pro
1370 3443 1496 3500 luto
1523 3458 1655 3498 esse
1684 3446 1741 3499 et
1769 3454 1981 3499 omnes

323 3532 462 3602 igne
482 3531 701 3589 debere
723 3532 1017 3589 comburi.
1053 3556 1081 3584 «
1106 3532 1289 3603 Beati,
1335 3532 1547 3607 inquit,
1605 3531 1861 3607 apostoli
1898 3531 1982 3589 tui

324 3619 459 3677 talis
488 3620 674 3677 missa
700 3619 896 3678 lutum
921 3626 1032 3693 est,
1058 3621 1121 3677 in
1166 3638 1393 3679 vanum
1445 3625 1556 3693 est,
1619 3624 1677 3678 et
1718 3620 1981 3679 similiter

325 3712 414 3767 est
437 3710 615 3783 quasi
640 3727 819 3786 super
847 3708 1030 3769 altare
1055 3711 1199 3785 quis,
1236 3710 1431 3769 lutum
1469 3715 1638 3769 terrae
1691 3729 1980 3787 superpo-

322 3803 468 3869 nat;
501 3800 810 3858 haereticos
840 3818 968 3859 esse
999 3802 1104 3877 qui
1141 3819 1243 3860 eas
1290 3802 1557 3860 recitant.
1595 3802 1981 3877 Aquitaniam

323 3888 613 3946 foedatam
643 3890 746 3947 tali
773 3896 832 3948 et
860 3894 1028 3948 tanta
1055 3891 1268 3949 haeresi
1296 3910 1309 3947 :
1366 3890 1683 3965 episcopos
1741 3893 1981 3967 Aquita-

321 3979 437 4036 niae
465 3980 737 4051 rusticos,
760 3980 866 4056 qui
878 3982 1008 4055 jam
1035 3986 1213 4039 antea
1237 3980 1489 4056 quando
1525 3982 1683 4039 hanc
1703 3983 1980 4039 haeresim

322 4068 599 4142 primitus
627 4070 947 4128 audierunt
962 4069 1308 4141 surrexisse,
1342 4087 1467 4129 non
1487 4071 1807 4129 concilium
1838 4089 1980 4129 mox

324 4165 859 4235 congregaverant,
891 4166 1201 4235 totumque
1229 4162 1431 4220 locum
1452 4161 1641 4221 sancti
1699 4162 1978 4221 Martialis

324 4265 449 4306 non
476 4251 1146 4309 excommunicaverant
1161 4256 1218 4309 et
1241 4251 1573 4310 abominati
1602 4269 1724 4310 non
1745 4254 1983 4310 fuerant

323 4337 707 4414 prohibentes
736 4341 800 4397 in
829 4357 970 4398 00...
1005 4358 1244 4399 sacrum
1281 4342 1678 4400 ministerium
1717 4348 1773 4400 et
1828 4344 1979 4400 divi-

322 4447 474 4486 num
499 4428 765 4486 ofﬁcium
798 4448 811 4486 :
847 4429 1188 4488 Odolricum
1233 4431 1517 4489 abbatem
1544 4448 1764 4506 parum
1817 4432 1982 4489 intel-

323 4521 504 4592 ligere
531 4520 753 4578 litteras
783 4525 839 4578 et
863 4538 1081 4595 parum
1134 4521 1381 4579 doctum
1424 4539 1572 4592 esse,
1621 4524 1727 4580 sed
1774 4540 1979 4580 coram

323 4608 558 4666 rusticis
580 4610 910 4681 ﬁngentem
941 4627 1002 4667 se
1041 4610 1393 4685 sapientem:
1426 4614 1761 4670 monachos
1789 4613 1980 4668 sancti

326 4698 581 4773 apostoli
609 4699 845 4773 idiotas,
879 4704 936 4757 et
980 4700 1211 4759 nullam
1241 4701 1598 4774 sapientiam
1651 4702 1979 4760 litterarum

321 4789 384 4845 in
413 4788 629 4846 eodem
658 4789 1278 4863 monasterio;ipsum
1306 4790 1590 4848 abbatem
1610 4795 1667 4849 et
1691 4791 1820 4864 ejus
1848 4808 1981 4849 mo-

321 4878 551 4935 nachos
580 4876 801 4936 falsum
830 4876 1239 4953 apostolatum
1285 4880 1543 4938 erexisse
1585 4897 1771 4940 causa
1798 4897 1981 4955 pecu-

323 4964 439 5024 niae
461 4983 587 5041 qua
615 4966 950 5039 abundant,
982 4972 1040 5027 et
1076 4985 1265 5027 causa
1286 4969 1558 5027 elationis
1583 4986 1655 5028 ac
1686 4971 1981 5045 superbiae

323 5057 492 5129 ipsos
508 5073 637 5115 esse
651 5057 918 5128 vitiosos,
956 5060 1272 5133 superbos,
1334 5060 1697 5117 mstimantes
1727 5077 1789 5118 se
1820 5060 1981 5117 solos

324 5140 712 5204 admirabiles
746 5152 809 5204 ot
835 5149 1117 5207 omnibus
1147 5149 1715 5223 congregationibus
1766 5166 1981 5207 mona-

326 5237 580 5293 chorum
610 5238 946 5311 superiores
987 5240 1163 5315 quasi
1212 5256 1419 5312 reges;
1477 5257 1619 5297 cum
1648 5240 1779 5298 aliis
1816 5240 1983 5314 loqui

326 5325 741 5399 dedignantes,
824 5329 1240 5404 inhospitales,
1315 5347 1527 5388 omnes
1594 5334 1980 5406 spernentes;

326 5431 453 5473 non
473 5433 601 5474 esse
633 5434 814 5477 ausos
841 5436 953 5494 pro
983 5422 1099 5478 hac
1128 5437 1190 5477 re
1217 5421 1537 5478 concilium
1567 5421 1813 5494 erigere,
1850 5421 1984 5477 nul-

325 5506 449 5565 lam
479 5510 891 5569 auctoritatem
920 5528 1097 5585 posse
1127 5516 1485 5583 monstrare,
1514 5511 1624 5569 sed
1643 5512 1705 5568 in
1732 5511 1987 5569 abscon-

327 5598 452 5657 dito
480 5616 551 5657 ac
574 5600 623 5657 si
646 5600 865 5659 falsam
918 5608 1226 5660 monetam
1277 5602 1522 5677 falsum,
1576 5606 1651 5672 et,
1711 5608 1777 5660 ut
1798 5603 1985 5660 verbo

327 5689 459 5760 ejus
491 5693 647 5760 utar,
679 5691 1116 5749 contratactum
1137 5692 1478 5767 apostolum
1509 5692 1702 5750 facere
1724 5694 1867 5766 Ego,
1898 5693 1985 5750 in-

326 5778 478 5851 quit,
502 5795 641 5836 sum
670 5780 848 5839 valde
868 5782 1093 5854 peritus
1115 5782 1341 5856 litteris,
1371 5799 1484 5854 ego
1505 5784 1848 5843 contradico
1877 5784 1982 5856 eis,

2084 1740 2200 1797 tivo
2226 1756 2436 1797 eorum
2466 1742 2742 1815 apostolo
2768 1742 3096 1811 assentiret,
3125 1742 3208 1798 illi
3232 1743 3510 1799 monachi
3527 1742 3747 1815 depor-

2082 1834 2358 1888 taverunt
2378 1831 2578 1904 ipsum
2601 1831 3034 1888 contrafactum
3051 1832 3395 1905 apostolum
3417 1832 3494 1888 ad
3512 1832 3741 1887 sedem.

2082 1919 2468 1976 Ibieanonici
2524 1920 2713 1976 sancti
2774 1920 3079 1994 Stephani,
3131 1921 3275 1994 quia
3322 1920 3590 1977 sciebant
3641 1936 3745 1976 me

2080 2008 2257 2065 valde
2288 2009 2641 2081 sapientem,
2665 2014 2890 2067 secreto
2916 2009 3214 2081 rogabant
3267 2025 3364 2066 me
3389 2014 3456 2066 ut
3482 2010 3747 2065 destrue-

2081 2113 2211 2153 rem
2240 2098 2400 2153 hunc
2431 2097 2859 2170 apostolatum,
2883 2102 2941 2154 et
2967 2098 3029 2154 in
3060 2097 3322 2171 capitulo
3379 2098 3567 2155 sancti
3614 2100 3743 2155 Ste-

2081 2186 2269 2260 phani
2298 2190 2678 2243 tentaverunt
2718 2202 2959 2244 mecum
3001 2187 3358 2244 contendere
3387 2186 3469 2243 illi
3495 2187 3656 2245 stulti
3686 2192 3748 2243 et

2082 2276 2337 2332 illiterati
2365 2276 2647 2333 monachi
2675 2278 2780 2350 qui
2807 2278 2922 2333 hoc
2960 2277 3166 2334 furtim
3185 2277 3538 2335 invenerunt
3570 2297 3583 2347 ;
3636 2277 3747 2333 sed

2084 2365 2283 2422 statim
2308 2366 2739 2423 obmutuerunt
2763 2367 3147 2424 verecundati
3177 2372 3233 2423 et
3263 2367 3469 2423 timore
3516 2371 3747 2441 perter-

2084 2455 2196 2527 riti,
2221 2460 2278 2513 et
2305 2456 2535 2513 nullam
2564 2456 2976 2513 auctoritatem
2996 2460 3319 2530 potuerunt
3346 2457 3495 2513 mihi
3520 2460 3752 2530 pande-

2082 2560 2167 2613 re,
2200 2560 2311 2601 nec
2339 2544 2401 2601 in
2429 2544 2726 2602 veteribus
2756 2545 2924 2602 libris
2952 2545 3192 2616 alicubi,
3248 2545 3344 2602 vel
3389 2546 3451 2601 in
3492 2545 3750 2602 laetaniis

2083 2634 2385 2690 veteribus
2415 2650 2556 2691 eum
2595 2634 2940 2708 apostolum
2959 2635 3295 2709 praedicari.
3340 2637 3408 2691 Et
3435 2635 3583 2691 dum
3612 2634 3751 2709 qui-

2085 2722 2229 2781 dam
2260 2724 2616 2795 Ademarus,
2656 2724 3007 2798 quialiquid
3024 2724 3431 2797 grammaticae
3480 2725 3621 2782 artis
3653 2726 3743 2782 vi-

2085 2813 2341 2870 debatur
2378 2814 2545 2883 scire,
2578 2814 2804 2887 quique
2856 2815 3013 2871 hanc
3066 2814 3342 2871 haeresim
3396 2815 3649 2888 primus,
3683 2821 3745 2872 et

2084 2902 2221 2975 plus
2251 2919 2436 2960 causa
2465 2902 2845 2973 adulationis,
2878 2908 2943 2960 ut
2970 2903 3231 2977 placeret
3256 2903 3463 2962 abbati
3509 2908 3567 2962 et
3614 2922 3752 2961 mo-

2019 3031 2060 3088 ϐ
2089 2993 2298 3049 nachis
2332 3012 2344 3063 ;
2373 2996 2690 3066 corruptus
2720 3010 2964 3067 quoque
3001 2994 3259 3067 pecunia
3303 2994 3382 3051 ab
3426 2994 3559 3065 illis,
3617 2996 3749 3051 sine

2088 3083 2211 3141 ulla
2237 3087 2501 3140 veterum
2528 3084 2875 3140 auctoritate
2891 3083 3262 3156 condiderat,
3285 3082 3567 3154 suadens,
3596 3084 3747 3141 bru-

2088 3172 2160 3228 tis
2185 3176 2241 3229 et
2257 3172 2447 3229 stultis
2470 3177 2627 3230 recte
2652 3189 2792 3230 eum
2821 3173 3136 3246 praedicari
3190 3172 3533 3247 apostolum
3561 3192 3574 3242 ;
3620 3173 3750 3229 dis-

2088 3258 2325 3338 ceptare
2352 3262 2529 3320 vellet
2557 3278 2820 3332 mecum,
2849 3280 2994 3320 mox
3024 3263 3104 3320 ad
3131 3263 3396 3337 primum
3435 3262 3749 3336 eloquium

2086 3370 2293 3411 meum
2317 3353 2591 3410 nesciens
2620 3352 2770 3426 quid
2792 3353 3199 3427 responderet,
3234 3352 3521 3409 confusus
3555 3354 3748 3428 turpi-

2088 3447 2176 3501 ter
2205 3443 2524 3500 abscondit
2541 3459 2627 3513 se,
2673 3442 2909 3513 fugiens
2964 3443 3322 3517 sapientiam
3368 3458 3591 3512 meam,
3632 3458 3750 3500 nec

2089 3532 2349 3607 amplius
2375 3548 2515 3589 eum
2535 3532 2738 3588 videre
2764 3532 2952 3605 potui,
2984 3532 3129 3606 quia
3153 3532 3483 3606 sapientem
3529 3547 3627 3588 me
3651 3532 3749 3588 in-

2088 3623 2358 3694 telligens
2389 3621 2677 3678 reveritus
2702 3626 2841 3678 esta
2861 3621 3009 3678 facie
3044 3637 3199 3679 mea.
3234 3646 3260 3672 η
3307 3625 3536 3678 Etcum
3556 3622 3751 3677 nostri

2089 3713 2356 3769 dicerent
2370 3711 2422 3768 ei
2451 3729 2464 3767 :
2495 3733 2522 3760 «
2554 3714 2671 3768 Nos
2696 3711 3063 3785 putabamus
3087 3709 3458 3769 Ademarum
3488 3710 3755 3783 sapienti

2088 3818 2272 3859 nosse
2298 3800 2684 3875 respondere,
2716 3801 2913 3874 etipse
2928 3800 3149 3857 multas
3193 3801 3572 3859 auctoritates
3603 3800 3751 3856 soli-

2090 3897 2183 3950 tus
2212 3896 2299 3949 est
2328 3890 2503 3947 nobis
2528 3890 2766 3959 referre,
2790 3889 3045 3963 qualiter
3099 3891 3311 3948 beatus
3348 3890 3623 3950 Martialis
3653 3894 3752 3948 est

2088 3980 2436 4038 naturaliter
2457 3979 2785 4052 apostolus,
2819 3984 2876 4035 et
2899 3980 3043 4053 quia
3073 3980 3123 4036 si
3172 3979 3574 4053 praedicamus
3603 3995 3750 4036 eum

2088 4070 2430 4144 apostolum
2455 4084 2579 4125 non
2628 4069 2798 4126 obest
2825 4069 3022 4141 nobis,
3063 4069 3169 4126 sed
3197 4070 3458 4144 prodest.
3493 4068 3660 4126 Unde
3690 4073 3751 4127 et

2088 4162 2141 4218 ei
2170 4163 2651 4235 obtemperantes
2672 4164 2917 4234 propter
2954 4161 3299 4235 exemplum
3322 4165 3378 4218 et
3398 4159 3620 4218 amoris
3645 4177 3750 4217 so-

2088 4252 2361 4309 cietatem
2425 4250 2905 4321 congregationis
2969 4252 3156 4325 ipsius
3211 4250 3400 4308 sancti
3437 4250 3743 4320 Martialis,

2081 4343 2212 4414 jam
2233 4344 2368 4397 ante
2393 4356 2584 4401 unum
2627 4356 2898 4397 mensem
2923 4341 2986 4397 in
3029 4330 3469 4398 consuetudine
3504 4340 3746 4413 accepi-

2087 4450 2224 4490 mus
2254 4448 2395 4489 eum
2424 4447 2900 4488 commemorare
2924 4432 3289 4505 apostolum.
3324 4454 3351 4482 »
3377 4431 3473 4487 Ille
3508 4430 3744 4487 intulit:

2089 4525 2457 4595 «Nunquam
2486 4520 2582 4577 ille
2603 4520 2816 4576 stultus
2832 4521 3168 4578 Ademarus
3188 4521 3296 4577 erit
3324 4537 3508 4578 ausus
3537 4518 3611 4575 de
3626 4519 3748 4577 hac

2089 4628 2152 4667 re
2183 4615 2389 4668 contra
2415 4627 2512 4666 me
2560 4609 2795 4682 mutire,
2852 4611 3119 4684 alioquin
3159 4610 3347 4681 factis,
3394 4626 3517 4667 non
3544 4608 3752 4665 verbis

2088 4702 2363 4759 luctabor
2373 4716 2513 4757 cum
2534 4716 2625 4769 eo,
2645 4705 2748 4757 aut
2760 4699 2911 4758 sicut
2926 4700 2986 4757 in
2998 4700 3095 4758 lite
3123 4705 3521 4775 pugnatorem
3537 4715 3753 4755 meum

2093 4792 2308 4849 faciam
2323 4791 2626 4848 decertare
2652 4807 2792 4847 cum
2821 4795 3155 4865 pugnatore
3186 4792 3336 4863 ejus,
3369 4795 3427 4847 et
3450 4789 3619 4847 factis
3652 4804 3754 4845 su-

2089 4898 2197 4956 per
2216 4882 2399 4939 altare
2421 4879 2811 4938 sacramentis
2825 4885 3127 4954 pugnator
3154 4897 3327 4939 meus
3347 4879 3595 4938 habebit
3620 4880 3755 4935 vic-

2090 4972 2366 5031 toriam.»

2161 5062 2411 5119 Piissimi
2431 5066 2723 5136 pastores,
2757 5060 3005 5118 audistis
3020 5077 3199 5118 voces
3214 5061 3623 5119 haeresiarchaa
3650 5076 3761 5116 ne-

2092 5152 2306 5209 fandas
2328 5155 2385 5208 et
2409 5150 2849 5219 fallacissimas,
2902 5150 3314 5208 mutilissimas
3364 5154 3421 5208 et
3448 5148 3760 5223 iniquissi-

2093 5258 2225 5299 mas
2260 5257 2329 5299 ac
2392 5241 2638 5298 refertas
2696 5239 3139 5313 blasphemiis;
3191 5240 3392 5297 audite
3441 5238 3761 5297 veritatem

2094 5348 2314 5389 meam.
2366 5331 2686 5402 Vigilanter
2734 5345 2832 5386 me
2880 5329 3267 5404 aspicientem
3321 5346 3540 5404 corpus
3582 5344 3763 5401 egre-

2096 5418 2175 5492 gii
2258 5421 2515 5495 apostoli
2580 5421 2679 5477 Dei
2758 5420 3036 5478 Martialis
3065 5466 3079 5493 ,
3149 5425 3208 5478 et
3287 5424 3544 5477 stantem
3609 5420 3763 5491 jux-

2096 5516 2156 5568 ta
2231 5511 2580 5568 cathedram
2660 5510 3069 5584 pontiﬁcalem
3094 5556 3108 5581 ,
3192 5510 3542 5567 imminente
3622 5510 3765 5581 jam

2095 5604 2247 5661 hora
2273 5617 2397 5675 qua
2454 5602 2779 5658 intraturus
2841 5605 2968 5658 erat
3048 5600 3368 5674 episcopus
3419 5600 3501 5657 ad
3566 5614 3763 5671 agen-

2097 5694 2179 5751 da
2263 5692 2496 5767 divina,
2584 5709 2775 5767 eoque
2859 5691 3223 5749 vestimentis
3294 5692 3428 5764 jam
3513 5688 3761 5763 pontiﬁ-

2095 5785 2325 5847 calibus
2378 5790 2610 5854 ornato,
2665 5801 2801 5842 ecce
2885 5784 3081 5842 subito
3137 5798 3262 5840 non
3317 5782 3443 5838 sine
3523 5780 3761 5837 feritate
