4048 6178
173 200 237 253 93
1472 179 1687 237 EPIST.
1728 175 1820 235 DE

1954 176 2313 243 MARTIALI.
3551 192 3621 249 οι

173 319 394 386 tristius,
416 331 546 390 qua
584 311 822 369 molesti
853 313 1019 366 erant
1040 324 1152 382 pro
1208 307 1309 363 illo
1346 307 1514 363 hoste
1543 303 1828 374 veritatis,
1865 308 1918 381 Α
1951 306 2126 365 fusus
2154 310 2334 367 siluit.
2372 313 2438 366 Et
2465 326 2609 367 mox
2625 326 2875 384 surgens
2901 313 3106 384 fugere
3136 316 3312 389 coepit
3335 316 3397 373 in
3422 316 3621 386 turba,

173 407 515 480 Stephanus
558 407 617 458 et
663 400 870 457 Daniel
917 397 1197 455 monachi
1226 413 1323 453 me
1352 395 1635 465 clamant,
1668 399 1726 450 et
1753 394 1833 450 ad
1946 399 2114 456 velut
2141 400 2312 457 canis
2338 416 2476 457 reus
2497 420 2509 469 ;
2533 417 2747 459 verum
2777 419 2966 460 manu
2994 420 3132 464 mea
3163 421 3271 479 per
3298 406 3621 464 vestimen-

172 485 338 555 illum
368 510 571 569 usque
602 490 1027 547 Antichristum
1084 489 1249 560 (nam
1299 487 1401 560 qui
1457 485 1749 543 voluntati
1779 489 1841 541 ct
1946 491 2009 545 ta
2033 488 2429 546 brachiorum
2477 492 2977 565 comprehensus,
3026 493 3221 567 legere
3271 496 3624 571 compulsus

170 587 321 645 facto
354 582 573 642 Christi
621 580 955 637 contrarius
984 580 1093 646 est,
1125 576 1513 633 Arntichristus
1550 577 1660 641 est)
1706 588 1842 647 per-

169 676 414 733 ducunt.
453 672 561 730 Cui
591 686 704 741 ego
733 669 899 744 prior
927 687 939 725 ε
965 690 993 717 ‹‹
1026 670 1241 739 Negas,
1264 666 1491 739 inquio,
1511 662 1838 722 Martialem

170 780 291 823 esse
318 762 693 837 apostolum.
722 782 751 809 ››
786 762 856 816 Et
889 758 985 815 ille
1022 757 1129 831 qui
1159 774 1298 813 cum
1326 756 1606 813 fratribus
1634 754 1841 813 adhuc

172 854 392 911 ibidem
421 849 700 921 litigabat
720 864 865 905 voce
894 848 1189 915 clamosa,
1250 845 1439 902 oculis
1499 843 1837 915 sanguinis,

169 942 331 999 vultu
351 941 591 1011 inﬂato,
617 937 963 1012 respondit:
1002 940 1173 993 «Nos
1201 935 1277 991 de
1318 938 1525 991 sancto
1575 934 1841 992 Martiale

166 1030 309 1088 nihil
340 1029 773 1101 loquebamur,
807 1027 914 1083 sed
943 1027 1019 1082 de
1067 1025 1436 1098 quibusdam
1491 1023 1841 1097 quaestioni-

165 1122 277 1177 bus
304 1118 795 1190 Evangeliorum.
823 1141 852 1167 ››
902 1119 970 1173 Et
1000 1116 1341 1188 Stephanus
1372 1114 1455 1171 ait
1509 1113 1589 1169 illi
1623 1129 1636 1168 :
1696 1134 1724 1163 ‹‹
1754 1117 1865 1171 Τιιο

161 1211 346 1269 modo
366 1209 645 1281 negabas
667 1211 941 1264 sanctum
969 1207 1297 1265 Martialem
1326 1205 1660 1263 interfuisse
1695 1222 1841 1263 cum

163 1299 418 1357 Domino
451 1300 605 1355 inter
645 1297 932 1353 undecim
973 1296 1304 1369 apostolos.
1341 1318 1370 1347 »
1411 1298 1531 1365 Ego
1580 1295 1842 1365 graviter

162 1390 237 1447 ad
260 1389 528 1446 verbum
549 1391 912 1455 commotus,
947 1386 1044 1444 aio
1078 1405 1092 1442 :
1125 1409 1154 1436 «
1184 1386 1356 1443 Audi.
1387 1388 1529 1442 Vere
1556 1389 1645 1441 est
1698 1402 1844 1460 apo-

162 1479 344 1537 stolus
373 1480 593 1535 beatus
618 1476 914 1534 Martialis.
949 1500 978 1527 »
1021 1479 1090 1533 Et
1112 1475 1209 1532 ille
1239 1476 1512 1549 spiritum
1543 1492 1724 1531 suum
1755 1480 1843 1532 to-

162 1575 283 1625 tum
311 1566 633 1643 proferens
654 1567 735 1622 ait
756 1565 939 1622 mihi:
978 1588 1007 1615 ‹‹
1028 1565 1127 1622 Dic
1160 1565 1490 1639 quomodo.
1523 1588 1549 1615 »
1582 1566 1648 1621 Et
1672 1581 1787 1636 ego
1821 1584 1835 1622 :

1947 581 2039 635 est
2062 581 2331 637 Marcum
2357 578 2714 638 referentem
2750 599 2763 639 :
2800 584 3154 641 Convocatis
3191 587 3360 643 Jesus
3408 587 3627 645 duode-

1955 670 2070 725 cim
2102 670 2287 738 σαφῆ
2312 670 2452 725 illos
2482 672 2719 728 mittere
2757 671 2941 729 binos.
2994 675 3062 729 Et
3089 674 3473 732 occasionem
3496 691 3625 737 ma-

1950 761 2081 813 ctus
2127 761 2381 831 propter
2404 759 2735 830 duodecim,
2783 762 2865 819 ait
2895 780 2909 819 :
2945 781 2977 817 ‹
3007 762 3159 819 Nihil
3199 760 3365 820 aliud
3392 776 3622 839 quaero,

1948 848 2077 903 haec
2107 851 2200 904 est
2230 849 2556 907 auctoritas
2583 866 2740 920 mea,
2767 873 2795 902 »
2826 855 2882 909 et
2929 852 3191 910 recessit.
3238 855 3432 920 Quem
3460 870 3625 913 secus

1950 940 2048 993 tus
2081 937 2243 1010 coepi
2270 937 2323 994 ei
2375 938 2581 996 leviter
2618 941 2903 1014 quasdam
2932 942 3282 1015 Hieronymi
3329 942 3489 1001 dicta
3526 962 3625 1003 su-

1947 1042 2056 1099 per
2081 1024 2527 1085 auctorabilem
2559 1031 2953 1089 assertionem
2983 1035 3254 1089 nostram
3295 1032 3512 1091 referre
3540 1035 3625 1092 in-

1949 1115 2035 1166 ter
2058 1111 2329 1171 turbam.
2362 1115 2459 1172 Ille
2486 1119 2801 1191 respondit
2834 1138 2847 1176 :
2882 1144 2909 1170 ‹‹
2942 1124 3027 1177 Tu
3051 1120 3205 1178 bene
3253 1121 3518 1196 loqueris
3567 1129 3626 1181 et

1946 1201 2405 1274 rationabiliter,
2439 1210 2499 1263 et
2527 1210 2725 1264 tecum
2757 1209 2881 1266 scio
2935 1210 3124 1284 loqui,
3157 1210 3263 1268 sed
3316 1228 3455 1269 cum
3498 1228 3625 1271 mo-

1925 1290 2166 1350 .nachis
2197 1290 2312 1349 illis
2338 1296 2542 1352 nescio
2563 1297 2925 1367 ratiocinari,
2960 1299 3106 1373 quia
3144 1300 3623 1361 irrationabiliter

1944 1381 2321 1454 loquuntur;
2354 1389 2413 1442 et
2451 1385 2588 1443 dico
2648 1386 2753 1445 tibi
2810 1402 2919 1462 per
2956 1391 3167 1461 Deum,
3198 1395 3527 1467 antequam
3556 1399 3621 1452 tu

1948 1470 2293 1544 advenires,
2321 1473 2469 1531 nihil
2497 1475 2679 1534 locuti
2707 1493 2949 1535 eramus
2976 1479 3052 1536 de
3089 1484 3297 1537 sancto
3327 1483 3616 1553 Martiale;

1946 1559 2053 1614 sed
2084 1560 2173 1617 tui
2198 1563 2481 1620 monachi
2511 1563 2793 1624 dicebant
2810 1568 3061 1625 Paulum
3082 1584 3205 1626 non
3229 1586 3361 1628 esse
3382 1576 3619 1645 aposto-

163 1684 189 1709 u
220 1660 280 1717 Si
336 1673 559 1715 verum
594 1660 683 1712 est
738 1659 805 1712 ut
836 1655 918 1711 ab
946 1655 1139 1729 ipsius
1173 1655 1383 1713 Christi
1419 1671 1520 1711 ore
1547 1654 1611 1711 in
1654 1671 1837 1713 carne
1866 1670 1907 1725 Β
1946 1648 2098 1718 lum,
2128 1654 2188 1707 et
2215 1652 2350 1709 ideo
2404 1655 2864 1714 scandalizabal‘
2910 1674 3050 1715 cum
3092 1660 3196 1717 δίε·
3232 1684 3260 1711 ”
3285 1664 3434 1719 Tum
3462 1677 3613 1733 880:

160 1752 517 1823 potestatem
549 1745 777 1817 ligandi
808 1750 867 1802 et
898 1744 1175 1801 solvendi
1214 1745 1526 1820 acceperit,
1577 1761 1702 1801 non
1755 1746 1836 1802 ab

159 1838 400 1894 homine
424 1835 565 1903 alio,
592 1851 735 1906 ergo
756 1850 893 1890 vere
925 1839 983 1891 et
1014 1838 1174 1891 totus
1202 1839 1259 1891 et
1286 1835 1515 1905 integer
1544 1839 1600 1891 et
1618 1834 1835 1908 plenus

161 1930 213 1983 et
238 1926 540 2000 perfectus
569 1927 626 1980 et
657 1924 951 1981 naturalis
979 1928 1068 1980 est
1093 1925 1306 1997 procul
1353 1923 1562 1993 dubio,
1596 1928 1652 1980 et
1707 1940 1836 1981 ma-

162 2031 308 2087 gnus
334 2018 393 2071 et
420 2012 703 2084 egregius
735 2016 794 2069 et
822 2011 1131 2084 gloriosus
1162 2013 1495 2087 apostolus.
1524 2036 1553 2063 »
1613 2016 1685 2069 At
1737 2012 1834 2069 ille

160 2120 371 2176 negare
401 2104 521 2159 hoc
558 2117 956 2175 nequaquam
1002 2101 1209 2158 valens
1266 2105 1381 2159 ait:
1442 2106 1664 2159 «Certe
1718 2103 1834 2158 hoc

159 2209 362 2250 verum
395 2195 505 2249 est.
542 2190 658 2248 Sed
686 2190 825 2247 dico
865 2190 1014 2264 quia
1067 2189 1232 2247 illam
1262 2194 1621 2265 potestatem
1661 2190 1829 2260 nulli,

166 2284 268 2340 nisi
298 2281 590 2339 undecim
611 2280 905 2354 apostolis
938 2280 1203 2337 Christus
1240 2281 1556 2338 concessit.
1607 2280 1832 2339 Martia-

157 2375 218 2430 lis
241 2388 389 2430 vero
412 2386 734 2445 nunquam
783 2369 1053 2443 amplius
1077 2371 1439 2444 praedicatus
1470 2375 1558 2427 est
1594 2375 1834 2446 aposto-

156 2464 259 2533 lus,
289 2479 616 2537 quousque
645 2461 937 2517 hesterna
967 2460 1065 2517 die
1091 2464 1153 2516 tu
1180 2460 1457 2519 inventor
1497 2462 1679 2533 hujus
1740 2460 1825 2517 rei

157 2553 325 2610 fuisti.
360 2576 389 2602 υ
425 2552 531 2609 Cui
588 2566 701 2623 ego
732 2568 745 2606 :
813 2569 845 2605 ‹
866 2552 1084 2607 Praeter
1135 2549 1486 2623 scriptorem
1533 2550 1668 2606 vita:
1699 2550 1829 2621 ejus

154 2642 251 2717 qui
278 2643 343 2699 in
372 2644 644 2715 tempore
675 2639 1102 2715 apostolorum
1132 2640 1260 2709 fuit,
1287 2639 1393 2713 qui
1430 2639 1828 2696 luculentissi-

158 2750 248 2791 me
274 2737 334 2791 et
361 2733 496 2789 luce
517 2731 737 2789 clarius
769 2730 1178 2805 apostolatum
1209 2731 1341 2801 ejus
1357 2730 1657 2803 patefacit,
1690 2734 1829 2804 post

157 2839 288 2879 cum
316 2821 439 2891 alii,
457 2822 636 2878 etiam
660 2820 897 2893 priores
924 2818 1137 2888 nostri,
1180 2835 1322 2875 cum
1365 2824 1567 2892 aperte
1614 2819 1829 2893 praedi-

157 2915 436 2968 caverunt
478 2910 827 2985 apostolum
877 2908 1125 2982 ubique,
1171 2913 1302 2965 tam
1337 2908 1399 2964 in
1430 2909 1827 2982 responsoriis

1950 1762 1978 1787 ‹‹
2009 1741 2298 1806 Quamvis
2329 1744 2551 1800 Paulus
2576 1761 2701 1802 non
2726 1747 2800 1803 sit
2830 1762 2988 1803 unus
3019 1749 3094 1805 de
3120 1749 3465 1824 duodecim,
3519 1769 3618 1809 ve-

1945 1834 2294 1888 rumtamen
2319 1833 2425 1906 qui
2450 1849 2590 1891 eum
2615 1840 2797 1906 negat
2821 1853 2952 1893 esse
3008 1839 3349 1911 apostolum
3391 1841 3617 1898 haereti-

1944 1934 2055 1974 cus
2080 1925 2188 1977 est.
2224 1944 2253 1971 »ι
2286 1925 2352 1979 Et
2374 1922 2471 1980 ille
2505 1942 2517 1981 :
2572 1946 2600 1975 ‹‹
2636 1929 2720 1982 lta
2747 1929 2853 1982 est.
2888 1949 2915 1976 »
2976 1927 3097 1987 Tali
3124 1929 3309 1986 modo
3367 1933 3615 2004 uterque

1944 2006 2358 2081 discessimus,
2388 2027 2500 2068 nec
2531 2014 2793 2087 amplius
2821 2014 2984 2073 valui
3041 2033 3181 2074 eum
3209 2018 3428 2089 videre,
3482 2019 3616 2077 licet

1943 2097 2179 2155 curiose
2210 2099 2661 2175 investigarem,
2685 2119 3007 2179 quousque
3033 2122 3166 2163 sero
3190 2107 3347 2165 facto
3371 2107 3613 2167 obviavi

1942 2202 2084 2243 eum
2106 2188 2267 2247 dicta
2293 2191 2425 2263 jam
2462 2208 2736 2266 vespera.
2789 2193 2943 2250 Talis
2978 2196 3087 2253 fuit
3136 2197 3409 2254 confusio
3452 2213 3609 2256 mea.

1941 2276 2055 2342 Qui
2076 2293 2188 2350 per
2214 2279 2487 2337 divinum
2516 2282 2897 2355 splendorem
2924 2286 3147 2357 gaudio
3184 2287 3461 2360 perfusus
3515 2287 3612 2346 die

1941 2364 2181 2438 eodem,
2204 2373 2410 2443 utpote
2428 2373 2867 2446 contemplatus
2889 2389 2927 2431 a
2940 2374 3190 2433 basilica
3213 2376 3371 2433 sedis
3392 2388 3612 2453 corpus

1941 2456 2201 2526 apostoli
2241 2459 2321 2515 ad
2354 2459 2679 2518 Salvatoris
2709 2462 3026 2521 basilicam
3056 2465 3312 2522 relatum
3332 2466 3607 2538 gloriose,

1939 2547 1996 2599 et
2025 2546 2237 2604 omnia
2258 2564 2546 2623 prospere
2576 2556 2763 2621 gesta,
2794 2552 2944 2609 forte
2973 2554 3053 2610 ad
3081 2553 3348 2612 ofﬁcium
3372 2570 3609 2629 vesper-

1940 2633 2136 2691 tinum
2164 2636 2229 2693 in
2256 2638 2533 2712 sepulcro
2575 2639 2768 2715 ipsius
2828 2643 3085 2715 apostoli
3137 2661 3275 2701 cum
3331 2644 3607 2719 pluribus

1938 2723 2169 2782 clericis
2197 2743 2485 2800 praesens,
2517 2735 2655 2805 post
2678 2730 2951 2804 psalmos
2973 2733 3335 2808 apostolicos
3374 2735 3610 2792 excelsa

1934 2829 2084 2871 voce
2100 2818 2336 2890 primus
2366 2820 2587 2893 protuli
2616 2822 2744 2878 haec
2770 2823 2961 2881 verba
2987 2823 3415 2899 modulaminis
3444 2842 3457 2881 :
3513 2825 3608 2883 Ci-

1939 2918 2035 2961 ves
2062 2911 2478 2975 apostolorum
2516 2916 2573 2967 et
2612 2913 2922 2969 domestici
2958 2914 3071 2971 Dei
3105 2913 3479 2971 advenerunt
3509 2913 3611 2970 Ιιο-

153 3018 337 3076 quam
364 3002 429 3058 in
459 3001 705 3075 hymnis
737 3004 797 3056 et
826 2999 887 3055 in
939 2999 1284 3072 quibusque
1311 2997 1633 3081 dictatibus
1681 3003 1738 3056 et
1765 2993 1827 3056 in
1863 3029 1907 3088 ο
1938 2995 2036 3051 die
2050 3003 2373 3065 portantes
2398 3015 2612 3070 pacem
2644 3009 2699 3061 et
2729 3003 3144 3062 illuminantes
3164 3004 3427 3076 patrias,
3460 3005 3610 3062 dare

155 3091 349 3149 multis
377 3090 704 3164 scripturis.
726 3113 755 3141 «
786 3092 859 3145 At
900 3088 996 3145 ille
1037 3089 1116 3145 ait
1145 3107 1157 3145 :
1220 3108 1251 3142 ‹
1282 3091 1397 3144 Nec
1421 3076 1503 3157 tu,
1533 3104 1644 3145 nec
1692 3089 1824 3161 iste,

156 3198 263 3239 nec
288 3197 402 3251 ego
421 3179 766 3243 credamur,
797 3177 936 3234 libri
968 3177 1310 3234 credantur.
1344 3175 1595 3232 Veniant
1612 3175 1767 3232 libri.
1798 3198 1827 3226 ››

160 3274 221 3327 Et
246 3286 358 3342 ego
389 3288 405 3326 :
433 3292 461 3320 ‹‹
495 3269 851 3343 Episcopus,
884 3266 1099 3340 inquit,
1138 3266 1272 3322 vult
1300 3264 1521 3322 intrare
1551 3264 1631 3321 ad
1686 3264 1830 3321 mis-

154 3378 304 3429 sam,
333 3376 523 3435 quam
552 3358 692 3416 volo
719 3357 972 3427 audire;
1021 3356 1276 3430 insuper
1333 3358 1391 3412 et
1446 3354 1634 3411 nimia
1690 3354 1833 3411 den-

159 3452 298 3507 sitas
326 3448 535 3505 multae
566 3447 761 3505 turbae
786 3445 850 3502 in
888 3447 1003 3502 hoc
1052 3445 1188 3502 loco
1248 3443 1523 3502 imminet
1546 3443 1741 3512 nobis,
1775 3447 1834 3501 et

154 3556 411 3612 magnus
432 3536 728 3595 tumultus
750 3534 963 3610 populi
985 3534 1244 3592 infestus
1277 3536 1366 3590 est
1384 3533 1830 3608 disputantibus

155 3630 348 3687 nobis.
380 3628 634 3686 Attende
667 3643 780 3685 nos
810 3642 1004 3701 usque
1051 3626 1117 3683 in
1157 3623 1510 3693 crastinum,
1544 3628 1601 3681 et
1653 3623 1832 3681 libro-

157 3736 286 3775 rum
306 3718 416 3776 tibi
444 3717 790 3774 testimonia
815 3730 1021 3773 coram
1050 3713 1376 3783 exhibebo,
1406 3714 1469 3770 in
1490 3712 1713 3787 quibus
1736 3729 1830 3770 re-

154 3809 344 3883 peries
364 3824 509 3865 eum
542 3806 873 3880 antiquitus
905 3805 1198 3878 scriptum
1223 3803 1588 3877 apostolum,
1620 3806 1744 3860 tam
1769 3804 1830 3860 in

164 3892 386 3956 litaniis
414 3913 605 3971 quam
634 3896 696 3953 in
728 3895 879 3953 aliis.
911 3898 1060 3952 Nam
1080 3893 1220 3951 libri
1246 3908 1371 3949 non
1405 3897 1661 3967 possunt
1712 3893 1831 3951 huc

165 3988 378 4046 venire
406 3987 516 4044 nisi
529 3986 751 4043 fuerint
769 3985 971 4054 delati,
987 3984 1155 4058 quod
1175 3982 1561 4057 participium
1584 3983 1829 4040 fateor.»

156 4078 259 4136 Ille
285 4083 393 4135 aut
418 4093 542 4133 non
574 4075 933 4146 intelligens,
966 4078 1068 4132 aut
1124 4073 1459 4130 voluntarie
1511 4074 1826 4143 mentiens,

152 4169 352 4226 retulit
378 4168 457 4226 ad
482 4167 798 4225 Buxeriam
829 4166 1054 4222 dixisse
1082 4180 1181 4221 me
1237 4164 1320 4221 illi
1375 4180 1591 4222 omnes
1644 4164 1829 4221 libros

151 4259 402 4328 deletos,
435 4273 579 4314 cum
603 4256 765 4313 aliud
789 4255 866 4312 sit
893 4255 1147 4323 delatus,
1181 4253 1344 4310 aliud
1370 4254 1600 4311 deletus
1626 4269 1638 4321 ;
1672 4254 1827 4310 adeo
1860 4295 1879 4309 .

150 4347 403 4421 quidem
432 4350 526 4403 est
581 4345 675 4402 ille
724 4344 1133 4402 contentiosus
1172 4344 1530 4415 malevolus,
1591 4344 1825 4400 tametsi

151 4440 209 4494 in
231 4435 640 4510 grammatica
662 4439 786 4492 arte
815 4439 970 4492 esset
1002 4434 1409 4506 acutissimus,
1461 4449 1588 4491 non
1618 4434 1825 4491 Latini-

152 4532 331 4584 tatem
363 4541 611 4584 mecum
653 4526 994 4599 disceptans
1022 4525 1085 4581 in
1116 4525 1329 4581 eodem
1380 4525 1515 4581 loco
1561 4523 1825 4581 ridiculis

158 4615 561 4673 barbarismis
582 4619 1007 4687 corrumperet.
1040 4617 1189 4671 Nam
1228 4629 1342 4684 ego
1401 4613 1696 4671 Latialiter
1742 4614 1826 4671 lo-

148 4722 371 4779 quens,
434 4704 731 4761 Latialiter
776 4703 980 4778 ipsum
1032 4702 1472 4776 compellebam
1523 4702 1710 4775 loqui,
1769 4707 1826 4759 et

146 4795 415 4852 barbare
438 4794 743 4868 quasdam
773 4793 1061 4850 dictiones
1087 4793 1489 4866 proferentem
1540 4791 1822 4849 dissimu-

147 4885 308 4954 lans,
368 4884 668 4959 patienter
717 4883 990 4941 celabam
1042 4882 1585 4940 circumstantibus.
1621 4885 1687 4939 Et
1741 4882 1826 4939 di-

146 4979 323 5031 cente
343 4973 451 5029 illo
475 4989 489 5029 :
517 4996 547 5023 ‹‹
570 4972 846 5031 Martialis
872 4976 961 5030 est
984 4971 1348 5046 apostolicus
1376 4971 1482 5040 vir,
1514 4986 1638 5028 non
1674 4986 1821 5046 apo-

151 5063 391 5132 stolus;
428 5086 457 5114 ››
478 5079 549 5120 ac
573 5078 670 5120 me
699 5063 753 5119 ei
777 5061 1099 5120 obsistente
1132 5082 1145 5119 :
1202 5084 1230 5112 «
1260 5060 1535 5119 Martialis
1563 5077 1687 5118 non
1735 5065 1824 5121 est

147 5151 527 5229 apostolicus
547 5152 658 5222 vir,
690 5152 795 5210 sed
826 5152 1150 5226 apostolus,
1182 5168 1328 5208 nam
1356 5166 1514 5207 unus
1551 5154 1639 5207 est
1693 5151 1820 5224 ipse

152 5244 228 5300 de
279 5243 669 5317 septuaginta
717 5242 958 5299 duobus
1027 5241 1352 5315 apostolis;
1406 5240 1627 5313 illoque
1674 5240 1818 5297 infe-

150 5338 319 5389 rente
352 5353 367 5389 :
401 5355 430 5382 α
464 5332 575 5389 Ubi
605 5336 691 5389 est
720 5332 1038 5389 auctoritas
1087 5330 1162 5387 de
1210 5330 1366 5387 illis?
1413 5345 1558 5386 nam
1615 5331 1817 5388 nescio

148 5427 367 5495 praeter
416 5421 740 5479 duodecim
794 5421 1114 5495 apostolos.
1153 5444 1181 5471 »
1235 5419 1443 5476 Petrus
1482 5421 1817 5477 monachus

151 5511 308 5569 illico
337 5517 617 5586 apertum
643 5511 820 5568 nobis
850 5512 1090 5584 protulit
1118 5509 1506 5585 Evangelium
1523 5510 1584 5565 in
1596 5499 1814 5580 medio,

154 5599 255 5655 ubi
284 5600 601 5671 legebatur
626 5618 640 5655 :
673 5600 1019 5672 Designavit
1030 5599 1325 5656 Dominus
1347 5600 1563 5656 etalios
1584 5606 1818 5670 septua-

154 5691 326 5759 ginta
348 5690 526 5762 duos,
544 5688 907 5747 subauditur
936 5690 1255 5760 apostolos,
1289 5690 1347 5745 et
1373 5687 1468 5745 ille
1496 5704 1641 5746 mox
1670 5705 1815 5746 con-

1932 3100 2147 3155 pacem
2175 3090 2454 3159 gentibus
2478 3096 2533 3147 et
2575 3092 2831 3150 liberare
2851 3095 3148 3165 populum
3197 3094 3478 3167 Domini;
3536 3109 3613 3151 ac

1941 3173 2230 3246 subjunxi
2259 3179 2389 3235 haec
2429 3180 2618 3238 verba
2651 3200 2663 3237 :
2683 3182 2991 3263 'Earsultet
3036 3185 3251 3241 caelum
3305 3184 3610 3254 laudibus,

1938 3266 2189 3323 resultet
2212 3272 2378 3325 terra
2393 3269 2655 3339 gaudiis,
2689 3274 3095 3342 apostolorum
3130 3274 3389 3343 gloriam
3429 3286 3611 3330 sacra

1940 3361 2167 3411 canant
2195 3358 2508 3429 solemnia,
2534 3373 2722 3432 usque
2733 3360 2814 3417 ad
2826 3362 3024 3431 ﬁnem.
3060 3362 3219 3427 Quas
3240 3357 3452 3416 laudes
3481 3375 3613 3416 om-

1940 3457 2048 3498 nes
2067 3444 2175 3516 qui
2204 3440 2671 3505 aderant‘clerici
2696 3465 2820 3508 una
2852 3465 3093 3507 mecum
3130 3448 3412 3522 jocundis
3450 3447 3609 3505 voci-

1938 3530 2057 3587 bus
2080 3537 2137 3590 et
2152 3534 2421 3591 altisonis
2441 3538 2870 3608 personabant.
2890 3538 3115 3602 Quibus
3136 3537 3381 3613 expletis
3396 3554 3608 3612 repen-

1940 3625 1996 3678 te
2018 3621 2198 3681 video
2238 3630 2645 3685 memoratum
2681 3628 3049 3687 cucullatum
3076 3626 3501 3686 Antichristum
3529 3628 3606 3685 de

1942 3712 2116 3770 turba
2134 3714 2323 3771 densa
2344 3715 2522 3773 exire.
2546 3719 2669 3789 Ego
2691 3720 2957 3791 gavisus,
2982 3722 3189 3793 utpote
3212 3734 3334 3775 non
3356 3718 3606 3776 credens

1936 3801 2173 3876 lupum,
2198 3804 2312 3887 sed
2328 3821 2558 3876 agnum
2576 3807 2801 3883 videre,
2821 3808 3199 3883 apprehensa
3228 3808 3358 3880 ejus
3406 3808 3605 3865 dexte-

1939 3908 2008 3948 ra
2035 3893 2216 3949 eduxi
2244 3910 2386 3950 eum
2425 3895 2503 3951 ad
2536 3898 2852 3976 cancellos,
2885 3897 2992 3953 ubi
3049 3900 3248 3969 spreto
3305 3896 3603 3970 colloquio

1940 3983 2235 4039 nobilium
2265 3985 2761 4044 charissimorum
2803 3989 3123 4061 parentum
3170 4001 3465 4054 meorum,
3496 3986 3603 4058 qui

1939 4073 2018 4129 ad
2048 4072 2427 4130 festivitatem
2458 4075 2532 4131 de
2562 4076 2896 4151 longinquo
2928 4080 3233 4149 venerant,
3251 4091 3320 4132 ac
3335 4091 3446 4149 pro
3465 4090 3603 4132 mea

1937 4160 2183 4218 utilitate
2212 4160 2295 4217 ibi
2322 4178 2421 4218 me
2452 4166 2906 4237 exspectabant,
2952 4165 3145 4222 resedi
3188 4181 3327 4222 cum
3356 4165 3502 4228 viro,
3536 4165 3604 4222 ut

1936 4250 2251 4323 putabam,
2283 4251 2578 4322 angelico.
2612 4257 2696 4312 Me
2740 4254 3020 4312 delusum
3080 4253 3296 4327 clamo,
3336 4270 3433 4312 me
3484 4252 3598 4311 im-

1937 4330 2296 4415 prudentem
2354 4341 2553 4413 doleo,
2600 4346 2766 4418 quod
2796 4360 2920 4402 non
2947 4344 3191 4419 praevidi
3219 4345 3282 4402 in
3312 4352 3470 4418 agno
3515 4345 3602 4402 lu-

1939 4446 2110 4504 pum,
2138 4430 2198 4486 in
2224 4430 2390 4503 pisce
2419 4432 2766 4503 draconem,
2790 4435 2852 4491 in
2883 4433 3148 4505 anguilla
3191 4451 3474 4507 anguem,
3504 4436 3599 4492 in—

1939 4536 2051 4578 ove
2081 4520 2360 4592 lewnam,
2392 4522 2454 4578 in
2485 4522 2667 4580 ariete
2691 4524 2949 4596 leonem,
2967 4524 3028 4581 in
3054 4524 3453 4596 Langobardo
3466 4526 3600 4582 Tro-

1940 4612 2273 4684 glodytam,
2302 4612 2362 4668 in
2384 4614 2687 4672 monacho
2718 4615 3127 4686 Manichteum,
3157 4615 3220 4672 in
3264 4614 3595 4673 Christiano

1938 4701 2387 4772 Antichristum,
2410 4702 2473 4757 in
2500 4703 2746 4761 homine
2777 4703 3087 4760 diabolum
3113 4725 3128 4775 ;
3157 4709 3310 4762 certe
3338 4703 3384 4760 si
3442 4720 3596 4777 prae-

1936 4790 2226 4861 viderem,
2257 4807 2368 4847 nec
2390 4806 2500 4848 ave
2558 4793 2609 4849 ei
2655 4792 2937 4850 dicerem.
3001 4793 3110 4859 Qui
3165 4793 3325 4850 enim
3354 4793 3496 4849 dicit
3519 4788 3594 4863 ei,

1937 4896 2068 4950 ave,
2102 4880 2255 4937 sicut
2277 4880 2400 4937 duo
2431 4882 2749 4939 memorati
2796 4882 2983 4939 nostri
3012 4881 3220 4939 fratres
3244 4881 3324 4939 ab
3352 4898 3424 4939 eo
3450 4882 3594 4940 sub-

1934 4969 2112 5039 versi,
2139 4969 2548 5027 communicat
2576 4968 2860 5045 operibus
2885 4971 3014 5043 ejus
3042 4970 3343 5042 malignis.

2006 5064 2212 5135 Itaque
2243 5060 2420 5118 nobis
2466 5061 2850 5134 loquentibus
2900 5058 3212 5118 Aimiricus
3254 5061 3594 5119 monachus

1934 5150 2150 5208 obtulit
2177 5150 2230 5208 ei
2254 5151 2643 5208 veterrimum
2673 5150 2954 5207 volumen
2984 5149 3058 5206 de
3084 5150 3211 5208 Vita
3236 5150 3423 5210 sancti
3443 5154 3593 5211 Mar-

1932 5240 2085 5297 tialis
2107 5240 2384 5314 apostoli,
2399 5241 2505 5297 ubi
2518 5239 2692 5297 refert
2710 5239 3029 5297 Martialem
3046 5255 3169 5297 non
3184 5241 3464 5313 gentilem
3486 5237 3592 5299 sed

1933 5330 2247 5386 Hebraeum
2263 5330 2465 5397 fuisse,
2488 5332 2544 5386 et
2563 5344 2635 5384 ex
2655 5327 2815 5385 clara
2836 5329 2993 5386 tribu
3011 5331 3363 5404 patriarchae
3385 5333 3592 5404 Benja-

1930 5419 2087 5488 min;
2125 5418 2446 5497 Martialem
2484 5432 2607 5474 non
2646 5417 2724 5474 ad
2761 5418 3251 5493 praedicationem
3291 5419 3586 5494 apostolo-

1930 5526 2085 5577 rum,
2122 5508 2229 5565 sed
2252 5506 2441 5580 ipsius
2470 5506 2705 5564 Domini
2731 5525 3122 5580 conversum;
3146 5509 3589 5581 Martialem,re-

1929 5598 2080 5656 lictis
2098 5602 2265 5672 patre
2303 5601 2360 5655 et
2404 5600 2614 5666 matre,
2661 5597 3044 5674 discipulatui
3092 5600 3327 5658 Domini
3367 5598 3586 5671 jugiter

1931 5689 2293 5757 adhaesisse;
2322 5687 2645 5746 Martialem
2672 5688 2881 5747 Christi
2903 5706 3026 5747 non
3052 5691 3201 5747 Petri
3220 5686 3582 5761 discipulum
