4048 6178
384 168 452 221 95
1034 156 1041 161 -
1540 155 1853 216 ADEMARI
1895 152 1950 209 s.
1994 148 2270 208 CIBARDI
2308 154 2641 214 MONACHI.
3076 230 3081 237 ,
3733 163 3811 218 9⁸

385 278 567 345 fuisse
652 288 816 361 (nam
861 283 1116 358 apostoli
1174 299 1366 357 usque
1439 287 1580 358 post
1655 279 2111 337 PentecostenA
2146 276 2497 335 millesimus
2522 281 2875 339 vicessimus
2890 287 3141 341 octavus
3164 284 3241 341 ab
3263 285 3676 343 incarnatione
3693 288 3816 342 Do-

386 376 620 433 nullum
647 376 988 432 habuerunt
1016 372 1421 446 discipulum).
1450 371 1770 430 Martialem
1787 385 1858 427 eo
1874 367 2037 442 quod

387 466 735 523 contribulis
765 466 816 522 ei
849 469 993 536 erat,
1026 480 1150 521 non
1181 463 1279 520 alii
1328 463 1762 538 apostolorum,
1805 459 1911 515 sed
1940 461 2038 514 Pe-

385 559 476 611 tro
540 554 895 611 familiarius
930 568 1002 610 se‘
1026 553 1320 621 sociasse;
1380 552 1701 611 Martialem
1755 548 2040 606 instinctu

385 644 534 701 Petri
564 642 1081 701 obsecundantem
1105 643 1361 700 Domino
1379 643 1441 699 in
1471 641 1787 708 omnibus;
1816 637 2039 696 Martia-

384 733 504 791 lem
532 733 823 791 miraculo
854 734 1053 791 Lazari
1071 733 1407 791 interfuisse
1432 752 1445 802 ;
1469 731 1788 791 Martialem
1810 727 2041 785 adoles-

387 826 622 880 centem
652 824 712 879 in
744 840 916 880 ccena
948 827 1154 880 sancta
1185 822 1436 879 Domino
1462 822 1829 878 ministrasse
1854 836 1868 886 ;
1900 819 2039 874 Mar-

386 912 588 970 tialem
610 914 812 985 januis
840 913 1058 970 clausis
1084 914 1334 970 Domino
1362 914 1637 979 intrante,
1680 908 1927 982 quando
1958 905 2042 962 ibi

387 1004 646 1059 Thomas
676 1020 798 1061 non
824 1008 968 1071 erat,
992 1020 1130 1059 cum
1158 1004 1286 1059 aliis
1310 1002 1593 1075 apostolis
1623 1000 1906 1069 adfuisse,
1928 997 2041 1054 ibi-

390 1109 506 1165 que
535 1092 763 1163 ligandi
787 1110 856 1150 ac
901 1093 1170 1149 solvendi
1219 1096 1569 1166 potestatem
1608 1107 1730 1147 non
1774 1106 1810 1146 a
1853 1092 2041 1158 Petro,

392 1180 497 1236 sed
512 1180 590 1236 ab
614 1181 748 1254 ipso
780 1182 1030 1238 Domino
1061 1199 1200 1238 cum
1233 1181 1457 1237 caeteris
1483 1180 1796 1253 apostolis,
1829 1183 2046 1234 etcum

390 1269 604 1325 eodem
634 1274 823 1342 Petro,
855 1287 924 1327 ac
954 1270 1235 1343 Spiritum
1258 1276 1537 1327 sanctum
1554 1269 1854 1343 accepisse
1875 1287 1887 1337 ;
1906 1271 2048 1325 Mar—

390 1358 590 1413 tialem
611 1375 751 1415 cum
776 1359 1056 1416 undecim
1095 1359 1157 1415 in
1208 1360 1508 1416 Galilaeam
1555 1361 1828 1415 hortante
1880 1360 2047 1414 Petro

392 1447 633 1518 abiisse,
664 1448 866 1521 ibique
897 1454 1250 1522 potestatem
1271 1450 1639 1524 praedicandi
1660 1449 2049 1519 Evangelium

390 1537 453 1591 in
483 1553 696 1594 omnes
714 1543 917 1607 gentes
933 1555 1055 1595 non
1091 1542 1332 1607 aPetro,
1380 1540 1485 1595 sed
1530 1540 1607 1595 ab
1624 1540 1755 1612 ipso
1798 1538 2048 1595 Domino

2147 365 2295 422 mini
2323 369 2507 425 nostri
2535 373 2672 427 Jesu
2703 373 2930 441 Christi,
2960 391 3069 448 per
3093 374 3479 432 indictionem
3508 391 3587 444 ιι,
3607 375 3685 432 ab
3715 391 3818 432 as-

2149 459 2488 531 sumptione
2519 466 2721 518 autem
2750 463 2911 519 beati
2932 464 3182 538 apostoli
3207 464 3483 522 Martialis
3537 481 3817 536 nongen-

2148 547 2395 604 tesimus
2427 550 2967 625 quinquagesimus
3006 559 3275 629 quartus,
3321 571 3447 611 non
3506 559 3646 611 sunt
3688 553 3819 612 nisi

2150 640 2389 693 centum
2416 640 2727 711 sexaginta
2747 641 2909 710 anni,
2938 659 3009 698 ex
3033 659 3158 716 quo
3186 642 3553 699 monasticus
3574 642 3723 699 ordo
3744 643 3816 698 in

2149 724 2263 782 hoc
2293 726 2424 784 loco
2449 733 2877 787 transmutatus
2900 737 2989 788 est
3011 732 3085 788 de
3112 732 3402 789 canonico
3432 750 3446 801 ;
3480 736 3537 788 et
3564 733 3688 789 haec
3720 731 3820 787 Vi-

2150 820 2229 884 ta,
2264 818 2476 874 eodem
2506 821 2691 877 modo
2717 838 2840 895 quo
2870 822 2964 878 hic
3008 822 3240 892 legitur,
3272 840 3380 897 per
3408 838 3619 879 omnes
3679 821 3821 877 Gal-

2150 906 2366 963 liarum
2394 912 2450 964 et
2496 909 2916 983 Hispaniarum
2961 916 3139 984 atque
3187 912 3520 981 Britanniae,
3570 927 3819 967 necnon

2153 1001 2209 1053 et
2248 997 2425 1055 ltalite
2456 1004 2545 1055 est
2573 1000 2910 1072 provincias
2939 1019 2950 1057 :
2984 1019 3119 1075 quae
3147 1001 3271 1057 sine
3302 1001 3489 1058 dubio
3538 1018 3642 1075 per
3674 1001 3820 1075 plu-

2152 1102 2246 1141 res
2276 1088 2555 1144 ecclesias
2584 1090 2920 1146 habebatur
2952 1096 3087 1147 ante
3112 1091 3458 1147 incendium
3477 1091 3653 1162 hujus
3670 1090 3818 1157 loci,

2154 1175 2321 1247 quod
2350 1171 2696 1252 longe'post
2723 1179 2978 1237 multum
3001 1184 3237 1254 tempus
3254 1179 3469 1236 accidit
3484 1184 3820 1253 postquam

2155 1266 2437 1322 monachi
2464 1267 2557 1324 hic
2587 1268 2973 1327 intraverunt.
3003 1274 3150 1327 Nam
3180 1268 3331 1326 inter
3354 1273 3442 1326 tot
3485 1285 3554 1325 ac
3612 1273 3823 1325 tantos

2157 1354 2481 1412 catholicos
2510 1357 2689 1427 viros,
2709 1358 2931 1432 quibus
2958 1375 3194 1432 semper
3224 1358 3474 1416 Galliam
3505 1374 3655 1415 sana
3683 1374 3826 1432 per-

2159 1443 2319 1513 stitit,
2353 1448 2408 1500 et
2437 1446 2699 1502 maxime
2759 1448 3016 1504 Ecclesia
3068 1447 3525 1515 Lemovicensis,
3577 1463 3828 1520 semper

2158 1529 2381 1588 intacta
2411 1534 2489 1590 ab
2514 1536 2679 1591 omni
2704 1536 2919 1592 haeresi
2943 1536 3307 1609 perduravit,
3344 1536 3478 1609 quis
3532 1535 3825 1592 diabolus

393 1642 532 1681 cum
561 1626 806 1699 reliquis
829 1628 1115 1700 apostolis
1145 1634 1203 1684 et
1232 1646 1371 1685 cum
1390 1629 1603 1685 eodem
1636 1633 1799 1686 Petro
1846 1645 2048 1686 susce-
2081 1637 2123 1692 Β
2160 1630 2315 1681 esset
2342 1641 2525 1681 ausus
2554 1629 2609 1680 et
2637 1624 2921 1681 valuisset
2943 1625 3147 1698 aliquo
3169 1625 3352 1681 modo
3385 1631 3617 1681 tantum
3649 1640 3828 1680 men-

392 1714 584 1787 pisse;
649 1716 972 1772 Martialem
1061 1718 1397 1774 ascensioni
1456 1719 1667 1775 Christi
1724 1735 1860 1775 cum
1943 1735 2053 1775 ca:-

390 1802 530 1859 teris
576 1801 819 1876 reliquis
868 1804 1151 1876 apostolis
1204 1804 1485 1875 adfuisse,
1540 1806 1741 1880 ibique
1780 1805 2053 1862 benedic-

397 1891 620 1945 tionem
650 1890 1077 1964 episcopalem,
1102 1908 1228 1948 non
1258 1910 1293 1949 a
1319 1897 1486 1950 Petro
1517 1895 1621 1952 sed
1643 1895 1720 1951 ab
1769 1896 1901 1968 ipso
1943 1899 2053 1952 Do-

397 1979 563 2034 mino
594 1994 734 2034 cum
765 1979 893 2035 aliis
914 1980 1221 2054 discipulis
1248 1987 1304 2038 et
1332 2000 1470 2038 cum
1489 1986 1653 2040 Petro
1685 1985 2051 2057 suscepisse;

397 2068 721 2125 Martialem
760 2086 899 2126 cum
929 2071 1153 2127 caeteris
1185 2072 1473 2145 apostolis
1502 2074 1754 2130 intrasse
1784 2080 1840 2130 et
1864 2075 2054 2132 exisse

398 2173 591 2229 usque
620 2157 682 2212 in
711 2160 1115 2231 Peutecosten,
1147 2164 1393 2235 tumque
1425 2179 1564 2218 cum
1609 2162 1737 2219 aliis
1769 2163 2054 2236 apostolis

402 2245 686 2316 Spiritum
718 2254 992 2303 sanctum
1024 2248 1098 2303 de
1129 2249 1279 2304 caelo
1306 2252 1663 2323 suscepisse,
1697 2257 1754 2308 et
1782 2253 2056 2308 omnium

397 2334 745 2407 linquarum
763 2337 1068 2394 scientiam
1097 2340 1451 2413 percepisse,
1480 2347 1537 2398 et
1566 2359 1702 2398 cum
1733 2342 1862 2399 aliis
1909 2360 2056 2416 apo-

402 2423 535 2479 tolis
558 2424 964 2483 invincibilem
994 2431 1442 2486 resurrectionis
1476 2432 1684 2489 Christi
1724 2438 1931 2489 testem
1962 2452 2059 2491 ex-

403 2512 654 2580 stitisse;
714 2515 1035 2571 Martialem
1076 2522 1212 2589 post
1279 2521 1724 2592 perceptionem
1806 2523 2055 2596 Spiritus

403 2602 595 2656 sancti
621 2617 657 2657 a
686 2604 852 2658 Petro
873 2620 997 2659 non
1012 2605 1401 2664 dissociatum
1427 2610 1628 2680 fuisse,
1654 2612 1759 2667 sed
1785 2628 1903 2668 una
1920 2629 2059 2668 cum

400 2704 472 2745 eo
493 2690 868 2747 Antiochiam
890 2694 1118 2751 venisse
1145 2714 1157 2763 ;
1182 2698 1503 2755 Martialem
1530 2706 1778 2771 rogante
1810 2705 1975 2759 Petro
1996 2708 2061 2759 ut

400 2776 667 2846 fratrem,
695 2795 819 2835 non
869 2782 1117 2852 jubente
1168 2790 1231 2841 ut
1272 2787 1634 2860 discipulum
1696 2791 2061 2848 incessanter

401 2869 527 2922 tam
552 2866 799 2924 absente
819 2884 1007 2941 quam
1028 2878 1318 2944 praesente
1349 2876 1563 2933 eodem
1593 2881 1760 2937 Petro
1806 2881 2060 2937 verbum

2160 1714 2402 1771 dacium
2435 1714 2733 1771 scribere?
2762 1714 2817 1771 Si
2846 1714 3252 1785 mendacium,
3285 1715 3447 1787 quod
3479 1714 3652 1782 absit,
3679 1712 3829 1769 scri-

2160 1809 2332 1877 ptum
2363 1807 2536 1873 esset,
2584 1818 2621 1858 a
2648 1803 2885 1859 nemine
2913 1803 3344 1860 catholicorum
3374 1807 3681 1875 receptum
3732 1817 3828 1858 es-

2163 1899 2331 1961 set,et
2350 1893 2525 1949 hodie
2542 1908 2722 1966 super
2748 1897 2963 1949 terram
2982 1894 3322 1950 nullatenus
3351 1892 3827 1949 audireturilzec

2163 2000 2304 2054 ergo
2335 1984 2460 2039 Vita
2484 1984 2868 2040 veracissima
2897 1988 3001 2040 est.
3036 1988 3186 2040 Nam
3218 1984 3375 2040 hanc
3408 1983 3597 2038 Vitam
3628 1986 3687 2037 et
3714 1984 3830 2037 Pa-

2164 2075 2279 2126 tres
2299 2071 2486 2127 nostri
2517 2071 2790 2128 catholici
2818 2072 2878 2128 in
2907 2072 3150 2128 veritate
3190 2074 3559 2144 receperunt,
3613 2073 3669 2125 et
3708 2083 3832 2139 ego

2165 2160 2317 2217 sicut
2346 2166 2553 2217 sancta
2577 2166 2836 2233 quatuor
2868 2160 3186 2231 Evangelia
3216 2161 3296 2217 ita
3326 2176 3459 2216 eam
3507 2158 3687 2231 credo
3730 2157 3835 2212 tir-

2166 2251 2358 2320 miter,
2396 2256 2450 2307 et
2481 2251 2647 2307 omni
2676 2252 2989 2308 dilectione
3043 2251 3373 2324 amplector
3415 2256 3473 2307 et
3523 2247 3830 2323 approbo.

2168 2343 2233 2396 Et
2257 2339 2360 2413 qui
2393 2356 2527 2396 eam
2570 2345 2769 2410 negat,
2830 2340 3141 2397 inimicum
3181 2340 3441 2395 veritatis
3476 2336 3830 2413 pronuntio,

2167 2435 2223 2487 et
2278 2435 2344 2486 ut
2394 2430 2705 2503 publicum
2754 2430 3099 2487 haereticum
3151 2446 3387 2505 respuo.
3444 2427 3612 2493 Quod
3679 2442 3833 2483 vero

2167 2520 2568 2594 prosequeris,
2598 2522 2978 2577 auctoritates
3007 2526 3233 2578 veteres
3259 2520 3583 2577 mendaces
3624 2516 3834 2591 potius

2165 2609 2575 2683 recipiendum
2606 2626 2792 2683 quam
2823 2626 3014 2667 novas
3042 2627 3307 2678 veraces,
3332 2608 3558 2681 grande
3606 2607 3837 2680 praeju-

2168 2700 2394 2755 dicium
2444 2705 2555 2772 est,
2615 2716 2754 2756 cum
2799 2701 3015 2757 veritas
3073 2717 3309 2774 semper
3362 2700 3579 2756 veritas
3612 2702 3724 2765 est,
3777 2699 3838 2752 et

2167 2806 2485 2863 nunquam
2515 2790 2732 2846 veritas
2762 2791 2987 2863 respui,
3018 2808 3128 2847 nec
3164 2790 3387 2847 falsitas
3416 2789 3595 2845 debet
3619 2786 3835 2860 recipi.

2170 2882 2283 2935 Nec
2341 2878 2565 2935 adverti
2619 2883 2851 2953 oportet
2883 2879 3020 2952 quis
3079 2879 3259 2949 dicat,
3301 2879 3407 2935 sed
3454 2877 3601 2952 quid
3644 2875 3834 2932 dicat.

403 2954 505 3010 Dei
544 2955 902 3029 praedicasse
952 2958 1014 3014 in
1066 2963 1287 3019 Graecia
1312 2983 1323 3020 :
1349 2966 1574 3039 quippe
1615 2972 1678 3024 ut
1731 2969 2059 3041 perfectum
2100 2983 2140 3040 α
2172 2971 2321 3025 Nam
2347 2984 2497 3042 puer
2535 2985 2692 3025 unus
2724 2968 2870 3025 dixit
2912 2969 3241 3038 veritatem,
3277 2973 3334 3025 et
3355 2967 3603 3024 eruitde
3634 2969 3839 3022 morte

402 3043 615 3133 Christi
642 3044 1005 3118 discipulum
1022 3054 1077 3106 et
1096 3051 1174 3107 ab
1191 3068 1262 3108 eo
1289 3054 1543 3126 perfecte
1563 3073 1671 3130 per
1696 3076 1756 3115 se
1772 3060 2058 3133 primum,

403 3130 621 3188 deinde
651 3148 759 3205 per
785 3134 1150 3195 infusionem
1185 3142 1434 3214 Spiritus
1467 3147 1653 3203 sancti
1683 3130 1983 3205 eruditum
2006 3130 2066 3207 et

400 3220 464 3276 in
488 3221 833 3292 linguarum
863 3229 1358 3289 sermocinatione
1380 3234 1459 3289 ad
1479 3251 1908 3312 quamcunque
1925 3256 2064 3311 gen-

405 3314 522 3366 tem
552 3313 896 3383 pervenisse
925 3317 1181 3388 perfecte
1195 3321 1408 3377 scitum
1432 3342 1444 3391 ;
1465 3326 1786 3383 Martialem
1812 3335 2060 3400 rogante

400 3402 569 3455 Petro
596 3400 935 3471 utfratrem,
963 3408 1431 3481 nonimperante
1458 3418 1523 3468 ut
1542 3414 1925 3488 discipulum,
1958 3435 2059 3475 ve-

399 3488 561 3544 nisse
582 3505 720 3546 cum
742 3507 812 3546 eo
831 3495 1082 3549 Romam
1108 3514 1121 3563 ;
1145 3500 1463 3557 Martialem
1484 3519 1607 3559 non
1626 3506 1771 3561 Petri
1794 3508 2058 3577 arbitrio,

402 3577 509 3633 sed
540 3579 774 3634 Domini
795 3588 1092 3655 praecepto
1140 3587 1393 3646 missum
1446 3592 1623 3650 fuisse
1671 3595 1732 3651 in
1789 3597 2057 3662 Galliam,

400 3681 510 3763 per
538 3666 788 3763 aifatum
814 3672 865 3763 ei
877 3673 1084 3763 usdem
1127 3675 1283 3734 beati
1315 3683 1725 3753 apostolorum
1752 3687 2058 3763 principis.

402 3757 538 3811 Haec
566 3756 716 3847 dum
742 3760 1093 3831 perlegisset
1123 3782 1265 3823 :nec
1296 3770 1671 3830 valereteum
1690 3756 1908 3847 negare
1922 3756 2058 3834 vere

402 3845 745 3918 apostolum
775 3850 895 3917 Dei,
924 3853 1149 3927 quippe
1187 3858 1292 3929 qui
1322 3863 1624 3918 tantorum
1655 3845 1845 3934 gratia
1874 3867 2063 3923 dono-

399 3949 538 3989 rum
564 3951 703 3991 cum
733 3938 1013 3996 undecim
1045 3947 1337 4015 apostolis
1357 3949 1435 4005 ab
1468 3950 1598 4022 ipso
1622 3954 1853 4011 Christo
1875 3956 2062 4013 dana-

401 4027 496 4079 tus
528 4024 620 4091 sit,
644 4025 691 4081 si
737 4028 978 4086 tandem
1031 4036 1220 4107 erupit
1264 4037 1323 4093 in
1381 4040 1539 4097 hanc
1596 4042 1810 4100 falsam
1848 4063 2061 4103 vocem

400 4110 594 4209 fronte
623 4120 838 4185 rugata
870 4135 883 4172 :
916 4142 942 4168 ‹‹
974 4122 1174 4209 Solent
1197 4125 1393 4185 dicere
1424 4133 1695 4189 nonnulli
1724 4136 1912 4191 Vitam
1931 4138 2061 4209 ejus

400 4203 769 4296 veteranam,
794 4208 1041 4277 quando
1080 4210 1195 4267 hoc
1226 4214 1320 4271 hic
1339 4216 1507 4274 locus
1530 4222 1691 4293 arsit,
1715 4225 1938 4296 perisse
1960 4203 2061 4282 in-

2174 3057 2506 3128 mulierem,
2557 3074 2743 3131 quam
2803 3058 3068 3114 seniores
3126 3058 3248 3113 duo
3295 3057 3610 3130 loquentes
3670 3053 3838 3110 falsi-

2172 3152 2352 3221 tatem
2380 3148 2681 3204 ducebant
2710 3142 2789 3204 ad
2814 3164 3044 3205 necem.
3067 3151 3203 3204 Tres
3227 3148 3397 3221 pueri
3426 3144 3690 3202 ﬂammis
3706 3142 3840 3199 dati

2169 3235 2350 3292 locuti
2380 3242 2518 3293 sunt
2543 3238 2848 3293 veritatem
2877 3253 3122 3304 novam,
3167 3236 3274 3292 sed
3317 3253 3420 3292 rex
3465 3233 3838 3306 grandaevus

2170 3326 2493 3383 afﬁrmavit
2520 3326 2837 3383 falsitatem
2867 3325 3199 3399 antiquam.
3237 3326 3294 3383 Si
3323 3325 3622 3382 veritatem
3680 3321 3837 3378 dici-

2168 3431 2326 3487 mus,
2359 3431 2546 3487 quare
2574 3416 2749 3471 nobis
2775 3400 3186 3472 non‘creditur
3210 3416 3239 3471 ?
3292 3430 3428 3471 vere
3458 3413 3536 3469 ab
3595 3415 3837 3468 amato-

2168 3507 2336 3563 ribus
2368 3505 2627 3561 veritatis
2659 3506 2835 3562 nobis
2891 3505 3167 3562 creditur.
3217 3508 3283 3561 Et
3329 3504 3475 3578 quid
3530 3502 3756 3559 mirum
3787 3501 3839 3557 si

2172 3602 2471 3654 amatores
2522 3596 2804 3665 veritatis,
2848 3596 3081 3653 tametsi
3132 3594 3405 3652 nonnulli
3460 3609 3583 3650 non
3621 3590 3841 3648 intelli-

2173 3690 2338 3757 gant,
2398 3690 2601 3741 tamen
2652 3685 2903 3742 credunt
2952 3685 3273 3742 Martialem
3299 3700 3428 3741 esse
3486 3681 3839 3756 apostolum

2171 3777 2435 3833 veritatis
2464 3777 2492 3833 ‘I
2541 3793 2685 3833 nam
2738 3776 2785 3831 si
2823 3792 2946 3832 non
2974 3775 3359 3844 credideritis,
3394 3791 3518 3831 non
3547 3772 3842 3842 intellige-

2172 3866 2277 3934 tis;
2305 3871 2359 3923 et
2384 3866 2581 3923 omnis
2601 3866 2705 3939 qui
2744 3870 2831 3921 est
2858 3882 2931 3921 ex
2952 3865 3217 3934 veritate,
3250 3864 3417 3921 audit
3438 3862 3700 3920 veritatis
3735 3878 3840 3916 vo-

2173 3958 2411 4021 cem.Et
2437 3955 2571 4011 licet
2591 3956 2795 4011 fortior
2824 3955 2897 4010 sit
2924 3971 3029 4010 rex
3053 3959 3109 4010 ct
3134 3953 3592 4027 fortiusvinum,
3626 3957 3839 4007 tamen

2173 4045 2443 4102 fortiores
2468 4048 2607 4099 sunt
2631 4043 2911 4100 mulieres
2939 4060 3075 4117 quae
3111 4043 3391 4099 dicuntur
3435 4042 3744 4107 falsitates,
3778 4043 3840 4095 et

2172 4135 2418 4208 insuper
2455 4136 2582 4190 haec
2610 4132 2816 4190 omnia
2838 4133 3020 4190 vincit
3046 4134 3282 4189 veritas.
3316 4132 3538 4189 Veritas
3570 4130 3842 4202 gloriosa

2173 4230 2263 4282 est
2278 4230 2334 4282 et
2358 4223 2621 4292 humilis,
2651 4239 2775 4279 non
2802 4223 3084 4298 superba.
3117 4226 3231 4279 Nos
3298 4223 3358 4278 in
3396 4222 3510 4277 hoc
3568 4220 3839 4293 superbe

401 4289 635 4388 cendio,
653 4291 853 4388 inqua
882 4297 1027 4388 nihil
1049 4301 1265 4359 horum
1289 4305 1619 4380 legebatur,
1642 4289 2065 4373 nisiduntaxat
2094 4334 2140 4388 ι)
2171 4331 2295 4370 non
2328 4289 2616 4387 sapimus,
2646 4313 2749 4369 sed
2778 4289 2899 4369 Deo
2925 4313 3144 4386 placita
3193 4312 3542 4378 humilitate,
3573 4289 3841 4383 prolice-

402 4378 568 4450 quod
589 4386 729 4475 post
743 4386 1154 4446 ascensionem
1169 4393 1402 4451 Domini
1419 4399 1495 4453 ad
1514 4378 1663 4457 Petri
1687 4405 2062 4475 praedicatio-

402 4482 543 4565 nem
576 4468 648 4524 sit
676 4485 1027 4565 conversus,
1061 4478 1210 4537 sicut
1241 4482 1338 4538 alii
1368 4486 1539 4542 multi
1570 4505 1641 4544 ex
1677 4468 1951 4565 paganis,
2006 4502 2064 4553 et

403 4555 580 4651 abeo
607 4559 893 4629 eruditus,
942 4569 997 4620 et
1020 4573 1156 4638 post
1184 4569 1437 4641 longum
1485 4555 1721 4651 tempus
1751 4555 2063 4641 ordinatus

401 4652 835 4747 episcopus,net
860 4652 938 4707 ad
968 4655 1159 4713 solam
1177 4660 1388 4720 urbem
1417 4668 1799 4727 Lemovicum
1819 4673 2059 4732 missus.

404 5015 529 5098 non
554 5004 753 5062 credo.
781 5010 1003 5066 Tamen
1031 5014 1129 5070 hic
1153 5015 1322 5091 liber,
1350 5024 1496 5095 quia
1524 5004 1788 5084 vetustus
1805 5037 1915 5097 est,
1938 5049 2068 5088 ma-

403 5091 550 5158 joris
580 5097 667 5148 est
691 5100 1057 5158 auctoritatis
1085 5121 1273 5177 quam
1327 5091 1392 5165 si—
1431 5119 1586 5170 esset
1623 5133 1817 5175 novus
1851 5138 1863 5175 :
1902 5091 2066 5177 nam

405 5181 633 5281 veteres
664 5188 1062 5281 auctoritates,
1120 5196 1350 5255 etiamsi
1380 5200 1545 5259 falsae
1577 5206 1711 5280 sint,
1745 5209 1881 5281 plus
1940 5227 2068 5267 cre-

409 5266 633 5324 duntur
655 5286 690 5325 a
714 5274 889 5330 nobis
919 5295 1105 5350 quam
1136 5301 1329 5357 novae,
1357 5290 1493 5349 licet
1541 5266 1803 5355 veraee‘s.
1831 5321 1858 5348 ››
1918 5303 2067 5357 Tum

409 5370 521 5426 ego
547 5374 559 5412 :
585 5379 614 5407 ‹‹
639 5361 810 5425 Quod
831 5364 978 5422 dicis
997 5370 1154 5428 hanc
1167 5376 1355 5436 Vitam
1372 5383 1689 5442 mendacio
1701 5404 1737 5443 a
1766 5390 2069 5446 monacho

408 5446 610 5550 nescio
639 5465 921 5550 quoesse
951 5459 1288 5550 confictam,
1314 5474 1372 5526 et
1403 5471 1749 5532 incredibile
1771 5481 1827 5532 et
1846 5478 2071 5550 impos-

410 5531 577 5589 sibile
608 5541 696 5632 est
724 5543 1048 5602 etomnino
1076 5565 1319 5610 vanum.
1354 5561 1502 5616 Nam
1543 5562 1763 5632 adhuc,
1794 5531 2068 5624 videlicet

407 5639 602 5697 usque
629 5625 691 5684 in
715 5638 1070 5701 praesentem
1098 5654 1329 5700 annum
1352 5663 1477 5720 quo
1504 5625 1830 5725 loquimur,
1855 5655 1960 5728 qui
1978 5660 2066 5714 est

2171 4420 2232 4459 re
2266 4403 2571 4473 gliscimus
2600 4408 2657 4458 et
2686 4408 2963 4476 proterva
2989 4402 3406 4477 despicientes,
3432 4401 3655 4475 quibus
3701 4416 3843 4455 cru-

2172 4494 2252 4549 da
2281 4493 2597 4549 ostentatio
2624 4510 2783 4550 eum.
2821 4537 2833 4549 .
2871 4536 2883 4547 .
2917 4494 3182 4567 primum
3234 4494 3434 4566 potius
3480 4507 3667 4565 quam
3723 4508 3843 4565 po-

2174 4583 2480 4640 steriorem
2531 4581 2873 4656 apostolum
2932 4582 2995 4639 in
3042 4581 3346 4639 nonnullis
3398 4581 3545 4637 locis
3603 4580 3843 4637 habere

2171 4672 2487 4728 voluerunt
2515 4688 2527 4726 :
2552 4687 2663 4727 nos
2693 4670 2899 4726 omnia
2928 4687 3001 4727 ex
3030 4687 3101 4726 eo
3121 4669 3469 4744 probantes,
3498 4668 3664 4743 quod
3718 4668 3842 4725 bo-

2172 4776 2320 4817 num
2346 4764 2435 4815 est
2461 4763 2746 4829 tenentes,
2778 4762 2835 4815 et
2864 4758 3113 4815 scientes
3139 4774 3262 4814 non
3287 4774 3415 4814 esse
3441 4757 3843 4829 verumquod

2172 4850 2435 4915 varium;
2484 4850 2657 4921 jussu
2706 4848 3063 4905 venerabilis
3122 4848 3310 4905 Patris
3342 4846 3529 4903 nostri
3573 4845 3843 4903 Odolrici

2175 4940 2352 4995 totius
2381 4938 2639 4994 scientia:
2669 4938 2967 5011 totiusque
2993 4937 3216 4993 virtutis
3239 4936 3366 5005 viri,
3422 4934 3844 5008 quodcunque

2175 5026 2237 5082 in
2258 5028 2372 5084 hac
2403 5029 2735 5101 quaestione
2774 5033 2867 5085 est
2919 5034 3247 5098 maturum,
3292 5028 3552 5097 salubre,
3610 5043 3847 5083 sanum

2176 5122 2233 5174 et
2257 5123 2477 5185 ratum,
2505 5117 2692 5174 libera
2717 5117 2997 5193 cupimus
3030 5134 3302 5174 exercere
3335 5118 3638 5174 charitate.
3661 5137 3690 5165 »

2248 5303 2381 5356 Haec
2393 5304 2450 5355 et
2459 5299 2560 5371 huj
2569 5296 2879 5354 uscemodi
2891 5296 3065 5353 nobis
3076 5297 3457 5379 loquentibus
3470 5301 3524 5353 et
3540 5297 3672 5370 ipso
3685 5295 3855 5353 afﬁr-

2177 5394 2399 5457 mante,
2422 5411 2449 5439 ‹‹
2476 5388 2525 5443 si
2542 5388 2669 5444 haec
2692 5387 2820 5442 Vita
2840 5401 2979 5443 vera
3000 5393 3106 5453 est,
3125 5387 3400 5446 Martialis
3422 5386 3653 5460 absque
3669 5388 3851 5443 omni

2175 5478 2476 5534 dubietate
2502 5493 2640 5533 vere
2666 5476 2978 5549 apostolus
3017 5482 3145 5546 est;
3204 5476 3520 5532 Aimiricus
3563 5476 3706 5532 item
3754 5476 3848 5532 ad

2172 5584 2285 5623 nos
2314 5566 2529 5622 iterum
2550 5566 2729 5622 intrat
2755 5582 2893 5622 cum
2923 5566 3219 5623 Breviario
3245 5570 3478 5622 vetusto
3499 5564 3757 5638 sepulcri
3781 5570 3849 5624 et

2170 5655 2433 5715 ostendit
2452 5658 2505 5713 ei
2532 5654 2849 5713 veterrima
2879 5657 3172 5731 scriptura
3216 5654 3533 5729 quoddam
3577 5669 3840 5728 respon-
