4048 6178
184 170 249 222 97
1486 156 1698 213 EPIST.
1740 158 1832 213 DE
1875 158 1934 217 s.
1977 162 2333 223 marum.
2716 124 2725 129 ’
3559 175 3628 228 98

184 286 413 344 sorium
442 286 504 341 in
535 283 752 342 eodem
776 281 1034 356 positum
1062 299 1075 336 :
1111 281 1413 337 Gloriosus
1453 286 1537 338 est
1583 282 1842 341 Martia-
1880 289 1928 342 A
1954 286 2186 359 ligandi
2211 295 2270 347 et
2297 289 2567 347 solvendi
2597 290 3024 364 accepisset,ut
3042 290 3175 364 ipse,
3194 292 3629 362 Longobardus

186 380 256 434 lis
287 377 600 448 apostolus
630 374 867 442 Gallia,
899 373 1001 445 qui
1045 372 1131 427 ita
1155 372 1460 442 plantavit
1489 373 1845 446 Ecclesium,
1958 380 2263 448 mentitur,
2289 381 2373 436 sic
2399 395 2644 453 quoque
2668 396 2793 436 non
2822 379 3150 451 incongrue
3176 387 3379 455 posset
3413 385 3631 457 pradi-

184 474 247 525 ut
279 483 417 523 cum
452 468 578 536 ipse
599 465 793 520 multa
825 462 1163 532 pertulerit,
1196 462 1258 516 in
1294 476 1448 531 pace
1473 467 1669 518 tamen
1700 464 1849 533 deﬁ-

185 561 342 615 ciens
373 557 540 614 hanc
579 556 640 610 in
686 569 841 624 pace
893 552 1199 608 dimiserit.
1250 550 1339 606 Ad
1382 551 1510 608 hac
1540 551 1636 608 ille
1669 570 1682 608 :
1718 575 1746 602 ‹‹
1784 557 1854 612 Et

184 648 296 702 hoc
324 644 652 717 antiquum
682 645 772 697 est
795 656 917 696 non
947 656 1195 708 novum,
1241 644 1297 695 et
1336 639 1440 713 qui
1467 640 1629 695 hunc
1657 640 1852 700 dicta-

187 740 309 791 tum
337 731 687 805 composuit
712 730 949 804 sapiens
974 728 1101 786 fuit.
1148 752 1175 779 ››
1214 732 1355 785 Item
1384 728 1757 785 ostendimus
1798 732 1853 788 ei

183 838 490 881 annosum
521 820 841 893 hythmum
873 817 1301 892 sequentialem
1329 817 1385 873 in
1425 817 1638 873 eodem
1677 819 1852 875 volu-

184 913 343 969 mine
372 908 675 967 veteribus
702 906 906 964 litteris
935 907 1160 964 factum
1195 925 1207 962 :
1240 909 1406 964 Cives
1446 908 1731 965 caelicolae
1785 916 1854 965 ut

183 1003 505 1072 collegam,
537 1000 725 1055 omnis
752 1014 926 1055 suum
965 999 1058 1053 uti
1108 998 1441 1068 apostolum
1493 998 1851 1069 Aquitania.

187 1095 249 1147 Et
274 1090 373 1146 ille
397 1089 480 1145 ait
513 1109 526 1145 ε
562 1110 587 1137 ‹‹
622 1089 746 1143 Hoc
774 1093 921 1161 puto
950 1103 1075 1143 non
1107 1092 1199 1144 est
1245 1086 1370 1143 sine
1400 1087 1604 1143 divina
1647 1088 1859 1145 volun-

185 1185 322 1248 tate,
384 1178 559 1252 quod
605 1194 642 1233 a
695 1177 869 1233 vobis
927 1176 1242 1250 apostolus
1287 1176 1663 1250 pradicatur,
1711 1178 1859 1250 quia

181 1284 336 1343 pene
366 1266 573 1324 omnis
596 1266 756 1321 orbis
789 1270 1080 1321 terrarum
1106 1266 1237 1337 jam
1280 1267 1392 1322 hoc
1438 1264 1644 1321 auditu
1674 1265 1857 1322 fama

184 1356 500 1431 comperit.
540 1380 567 1405 »
596 1355 800 1412 Nescio
826 1354 1011 1410 aliud.
1048 1356 1203 1421 Quid
1231 1356 1365 1430 plus
1408 1355 1773 1412 auctoritatis
1806 1356 1858 1412 ei

183 1447 519 1522 panderem
564 1451 699 1519 post
728 1445 871 1501 istas
902 1449 1042 1516 tres,
1074 1463 1213 1502 cum
1242 1446 1303 1502 in
1332 1462 1433 1502 ore
1462 1446 1725 1502 duorum
1756 1451 1863 1504 aut

186 1539 365 1594 trium
423 1536 665 1592 testium
715 1539 826 1590 stet
875 1550 1058 1590 omne
1104 1536 1411 1593 verbum?
1463 1539 1585 1592 Nox
1625 1540 1773 1605 erat,
1806 1542 1863 1593 et

1961 471 2084 526 cari
2114 470 2449 543 apostolus.
2478 473 2626 526 Nam
2658 475 2715 526 et
2743 470 3155 543 Hieronymus,
3212 474 3486 532 maxima
3536 492 3636 532 co-

1960 557 2174 616 lumna
2229 559 2522 627 Ecclesia,
2579 563 2637 616 et
2683 559 2842 615 Beda
2898 561 3260 618 Venerabilis
3319 563 3637 638 presbyter

1961 648 2345 705 Timotheum
2374 649 2739 721 discipulum
2767 649 2929 705 Pauli
2947 650 3277 722 pradicant
3292 655 3637 725 apostolum

1961 737 2021 794 in
2054 737 2180 793 suis
2214 738 2538 807 Chronicis,
2594 732 2779 811 quem
2806 738 3026 794 Paulus
3057 739 3134 795 ad
3162 739 3348 797 ﬁdem
3378 744 3554 800 traxit
3582 749 3640 801 et

1961 825 2325 899 episcopum
2375 826 2693 896 ordinavit,
2746 826 2852 900 qui
2911 827 3089 883 etiam
3146 827 3299 884 duas
3352 831 3637 903 epistolas

1963 914 2222 989 scripsit.
2257 916 2572 973 Onesimus
2602 933 2845 990 quoque
2876 916 3207 989 discipulus
3237 918 3401 975 Pauli
3438 936 3473 976 a
3501 923 3638 995 plu-

1962 1004 2133 1060 ribus
2162 1005 2434 1061 Ecclesiis
2465 1005 2778 1077 apostolus
2805 1006 3189 1078 pradicatur,
3245 1011 3304 1063 et
3332 1009 3459 1081 ipse
3489 1013 3639 1081 Pau-

1964 1092 2060 1148 lus
2123 1093 2625 1167 Epaphroditum,
2679 1111 2886 1167 quem,
2934 1094 3415 1168 Philippensibus
3460 1099 3638 1167 misit,

1964 1182 2261 1254 pradicat
2290 1183 2651 1256 apostolum.
2684 1186 2912 1241 Marcus
2941 1184 3123 1240 etiam
3152 1192 3209 1242 et
3239 1190 3428 1244 Lucas
3461 1205 3642 1246 evan-

1966 1272 2196 1343 gelista
2225 1272 2502 1346 discipuli
2534 1272 2946 1345 apostolorum
2991 1291 3027 1331 a
3058 1275 3336 1347 pluribus
3368 1279 3640 1335 Ecclesiis

1967 1361 2232 1434 apostoli
2263 1362 2683 1435 pradicantur.
2703 1366 2851 1418 Nam
2883 1366 3143 1419 Marcum
3169 1368 3373 1421 Petrus
3395 1368 3643 1424 Alexan-

1967 1448 2114 1505 driae
2169 1450 2328 1507 misit
2376 1452 2501 1507 sine
2548 1451 2923 1507 ordinatione
2954 1452 3299 1526 episcopali.
3353 1456 3462 1521 Qui
3501 1473 3641 1513 cum

1968 1538 2351 1610 provinciam
2381 1539 2616 1613 Egypti
2644 1540 2875 1612 primus
2902 1543 3309 1612 convertisset,
3351 1560 3388 1600 a
3433 1544 3641 1601 vicinis

186 1625 599 1683 discessimus.
635 1622 879 1682 Canavi
913 1628 1132 1692 tecum,
1179 1640 1215 1680 ο
1263 1624 1643 1681 dilectissime
1674 1624 1858 1694 abba,
1894 1643 1932 1697 Β
1971 1628 2275 1702 episeopis
2301 1629 2437 1686 licet
2464 1629 2577 1685 sibi
2623 1629 2903 1702 pollicem
2958 1647 3180 1687 manus
3240 1633 3643 1707 amputaverit

187 1722 241 1773 et
267 1715 417 1789 quia
470 1713 737 1770 crastino
780 1713 1051 1769 diluculo
1111 1714 1188 1770 ad
1236 1714 1600 1785 Egolismam
1646 1715 1860 1771 urbem

185 1805 466 1861 volebam
493 1802 706 1872 redire,
738 1802 987 1859 licenter
1007 1819 1044 1859 a
1074 1807 1129 1859 te
1157 1803 1442 1860 dimissus
1482 1822 1636 1861 sum.
1688 1808 1862 1861 Facto

190 1910 366 1951 mane
424 1892 715 1949 caninum
773 1892 1245 1961 Langobardum
1300 1893 1504 1966 ipsum
1551 1894 1698 1966 vidi,
1753 1910 1864 1950 nec

190 1988 432 2058 propter
458 1982 569 2038 iter
592 1996 801 2037 meum
827 1998 973 2037 cum
1020 1998 1093 2038 eo
1146 1982 1709 2039 sermocinationem
1757 1984 1864 2039 ha-

192 2073 310 2129 bui.
348 2064 415 2128 Et
446 2070 497 2126 si
518 2070 773 2127 scissem
802 2069 945 2143 quis
976 2070 1072 2125 ille
1104 2074 1210 2139 est,
1258 2076 1672 2144 exspectarem
1722 2088 1864 2128 eum

196 2160 539 2217 Lemovicas
590 2175 715 2215 uno
764 2173 956 2226 anno,
1006 2175 1325 2233 quousque
1365 2161 1682 2217 contritum
1710 2164 1869 2216 esset

191 2256 370 2324 caput
394 2251 527 2321 ejus
557 2247 978 2322 serpentinum
1004 2248 1173 2320 virga
1208 2250 1458 2306 rationis
1488 2267 1659 2307 mea.
1694 2254 1866 2307 -Nam

193 2356 253 2396 se
280 2339 382 2396 ille
407 2354 702 2412 squameo
727 2336 1067 2393 draconino
1093 2337 1244 2394 collo
1292 2339 1616 2412 resupinus
1654 2343 1866 2412 postea

186 2428 496 2503 jactitavit,
529 2443 591 2483 se
622 2418 951 2484 connisum
976 2426 1233 2500 praliari
1272 2444 1513 2484 mecum
1544 2444 1656 2501 pro
1686 2428 1865 2485 beato

191 2518 468 2595 apostolo
498 2517 755 2575 Martiale
782 2522 842 2574 et
869 2532 970 2573 me
999 2516 1134 2572 ideo
1183 2517 1543 2590 quantocius
1595 2517 1818 2588 fugisse
1850 2536 1862 2587 ;

191 2609 545 2684 episcopum
597 2606 937 2664 Jordanum
990 2609 1047 2663 et
1097 2606 1224 2678 ejus
1303 2605 1626 2663 canonicos
1682 2622 1864 2663 omne

192 2698 355 2774 quod
410 2698 852 2755 inchoaverant
907 2695 1231 2769 respuisse,
1287 2711 1400 2751 nec
1433 2711 1706 2769 unquam
1734 2711 1865 2752 am-

192 2788 349 2863 plius
371 2787 515 2844 huic
545 2784 913 2860 apostolatui
953 2799 1354 2841 consensuros
1408 2800 1536 2840 esse
1585 2785 1730 2857 quia
1757 2800 1865 2841 au-

195 2876 426 2934 dierant
453 2876 653 2950 ipsum
680 2891 812 2932 esse
840 2871 1360 2936 contradictorem.

263 2969 413 3024 Cum
443 2964 576 3039 ipso
602 2963 922 3053 Hebionita
956 2962 1119 3019 venit
1146 2962 1403 3053 quidam
1434 2960 1868 3053 medicinaar-
1898 2998 1936 3053 Ο

196 3056 267 3112 tis
318 3053 617 3126 egregius,
675 3051 926 3109 nomine
985 3050 1347 3118 Bernardus,
1408 3049 1488 3106 ad
1553 3049 1867 3106 Buxeriam

196 3143 535 3202 monachus
566 3145 891 3209 Ravenna,
926 3140 1031 3214 qui
1058 3139 1207 3196 dum
1254 3155 1497 3195 mecum
1527 3137 1693 3211 apud
1724 3141 1869 3209 Ego-

195 3235 436 3292 lismam
466 3231 975 3290 sermocinaretur
995 3233 1051 3286 et
1080 3228 1352 3285 similiter
1393 3228 1764 3285 contrariosa
1792 3227 1867 3285 de

200 3326 406 3379 sancto
459 3320 739 3394 apostolo
795 3317 1053 3376 Martiale
1110 3317 1304 3373 multa
1351 3317 1660 3389 proferret,
1717 3317 1872 3374 sicut

199 3412 471 3471 audierat
496 3428 536 3468 a
565 3408 967 3480 Longobardo
992 3407 1341 3482 supradicto
1381 3411 1439 3463 et
1480 3407 1874 3478 interrogaret

202 3503 406 3559 dicens
462 3498 672 3557 abbati
727 3514 866 3554 meo
918 3494 1271 3569 Ravennati,
1300 3517 1328 3545 «
1370 3495 1537 3569 quod
1581 3501 1760 3569 caput
1786 3497 1873 3553 di-

201 3609 337 3649 cam
359 3590 509 3665 quia
538 3587 814 3646 Martialis
840 3592 929 3644 est
956 3584 1267 3661 apostolus
1287 3586 1316 3640 ?
1350 3607 1377 3636 »
1408 3601 1445 3641 a
1472 3602 1570 3642 me
1600 3585 1872 3658 protinus

204 3681 411 3739 audit:
445 3704 475 3729 «
508 3679 659 3746 Quia
686 3676 1019 3751 discipulus
1050 3674 1290 3732 Domini
1319 3674 1447 3745 fuit,
1482 3674 1635 3731 sicut
1671 3678 1873 3732 Petrus

206 3777 261 3829 et
286 3770 365 3828 ab
393 3770 531 3844 ipso
555 3767 810 3825 Domino
840 3767 902 3822 in
932 3782 1110 3823 carne
1136 3767 1500 3838 potestatem
1548 3764 1775 3834 ligandi
1819 3770 1876 3822 et

94 3872 99 3879 ’
208 3859 475 3918 solvendi
532 3857 779 3931 accepit.
834 3857 971 3913 Hac
1022 3860 1110 3912 est
1184 3870 1427 3911 summa
1504 3855 1876 3928 apostolatus

210 3951 361 4023 ejus.
395 3967 425 4002 ›
480 3947 579 4005 Ille
629 3951 832 4004 autem
861 3944 1172 4019 respondit
1204 3962 1217 4000 :
1254 3966 1281 3993 «
1314 3944 1664 4000 Benedictus
1715 3945 1878 4018 prior

208 4041 288 4097 de
342 4038 535 4109 Clusa,
585 4036 1017 4109 grammaticus
1064 4034 1386 4109 perfectus,
1436 4034 1700 4105 abnegat
1737 4052 1876 4093 eum

205 4126 574 4202 discipulum
604 4127 790 4184 fuisse
821 4126 1077 4197 Domini,
1110 4126 1217 4183 sed
1269 4128 1505 4182 Petrum
1545 4124 1687 4181 dicit
1733 4143 1877 4183 con-

203 4218 458 4274 vertisse
485 4233 653 4287 eum,
684 4221 741 4273 et
768 4216 1002 4273 dedisse
1057 4215 1113 4272 ei
1162 4219 1519 4288 potestatem
1565 4213 1794 4285 ligandi
1822 4220 1880 4273 et

205 4306 509 4376 solvendi,
540 4305 691 4362 sicut
737 4305 1004 4379 episcopi
1050 4305 1200 4361 dant
1246 4304 1376 4361 aliis
1414 4320 1570 4378 quos
1600 4303 1880 4364 ordinant

203 4396 554 4469 episcopos.
585 4395 803 4451 Astruit
829 4410 1073 4468 quoque
1110 4393 1304 4450 Vitam
1331 4394 1512 4451 istam
1539 4394 1693 4466 ejus,
1739 4412 1875 4469 qua

204 4484 266 4540 in
294 4484 393 4540 his
418 4482 697 4556 partibus
726 4482 1000 4553 habetur,
1058 4498 1184 4538 non
1231 4498 1363 4538 esse
1408 4486 1668 4539 veterem
1718 4483 1878 4556 prio-

206 4589 357 4642 rem,
404 4571 515 4628 sed
545 4588 763 4628 novam
795 4574 1263 4628 commentatam
1292 4587 1329 4628 a
1356 4570 1631 4645 quodam
1661 4588 1875 4629 mona-

207 4663 325 4719 cho
355 4667 497 4719 ante
525 4661 638 4717 hos
667 4665 907 4718 centum
938 4677 1172 4730 annos;
1225 4665 1283 4717 et
1336 4661 1454 4718 alio
1505 4660 1691 4718 modo
1740 4677 1876 4719 eam

206 4752 423 4809 haberi
454 4752 518 4808 in
548 4751 984 4823 Longobardia,
1018 4751 1125 4807 ubi
1152 4750 1294 4808 dicit
1321 4768 1461 4808 eum
1490 4768 1702 4825 parem
1748 4769 1876 4810 esse

210 4845 433 4897 sancto
484 4840 858 4913 Appollinari
902 4843 960 4895 et
986 4838 1204 4896 sanctis
1249 4843 1484 4908 Fronto,
1536 4840 1874 4910 Saturnino,

210 4927 529 5000 Dionysio,
560 4928 996 4997 Austremonio,
1016 4927 1236 4984 Hilario
1268 4927 1615 4998 Pictavensi,
1635 4929 1877 4986 Martino

206 5018 567 5075 Turonensi.
598 5040 626 5067 ››
657 5020 805 5074 Tum
835 5034 948 5088 ego
978 5017 1357 5075 occasionem
1388 5017 1702 5073 deridendi
1732 5018 1878 5074 stul-

208 5114 342 5165 tum
374 5112 611 5176 nactus,
637 5107 825 5164 risum
850 5108 1157 5180 proferens
1187 5108 1281 5164 aio
1316 5125 1329 5163 :
1383 5131 1409 5157 ‹‹
1448 5107 1505 5165 Si
1535 5109 1879 5177 grammati-

207 5214 318 5254 cus
350 5201 507 5254 esset
525 5196 839 5269 perfectus,
852 5212 973 5253 non
990 5197 1100 5254 ista
1113 5196 1403 5270 proferret
1425 5195 1873 5266 Longobardus.

210 5287 269 5344 Si
301 5287 493 5343 altera
523 5285 649 5343 Vita
677 5290 765 5342 est
791 5302 929 5359 qua
960 5287 1134 5343 istam
1163 5302 1371 5343 veram
1406 5279 1705 5355 obscuret,
1736 5302 1876 5358 pro-

211 5376 309 5432 cul
341 5375 532 5432 dubio
556 5375 814 5449 reproba
845 5380 901 5431 et
925 5375 1074 5433 falsa
1115 5380 1221 5448 est,
1256 5379 1313 5432 et
1340 5374 1681 5431 nullatenus
1712 5391 1749 5431 a
1778 5392 1876 5432 ca-

212 5465 438 5521 tholica
471 5463 729 5521 Ecclesia
759 5464 1116 5537 recipienda,
1147 5469 1204 5520 et
1228 5482 1264 5520 a
1285 5463 1461 5519 nobis
1489 5468 1554 5519 ut
1579 5479 1880 5520 venenum

214 5552 595 5610 exsecranda
624 5557 735 5609 est.
768 5555 1187 5610 Verumtamen
1233 5552 1280 5608 si
1310 5551 1583 5609 Martialis
1613 5552 1879 5625 discipu-

216 5640 316 5698 lus
344 5642 496 5700 Petri
526 5641 947 5700 tantummodo
985 5646 1162 5711 esset,
1221 5646 1277 5698 et
1323 5640 1402 5699 ab
1427 5657 1497 5699 eo
1528 5641 1877 5714 potestateid

1968 1723 2036 1773 ut
2067 1715 2400 1775 sacerdotio
2429 1719 2724 1792 reprobus
2749 1724 2922 1786 esset,
2958 1723 3157 1776 tamen
3178 1721 3400 1779 invitus
3432 1740 3640 1780 conse-

1972 1812 2175 1864 cratus
2204 1813 2295 1865 est
2332 1807 2676 1881 episcopus,
2709 1807 2814 1880 qui
2845 1808 3112 1864 secundo
3156 1826 3317 1867 anno
3348 1817 3485 1884 post
3535 1815 3641 1869 Do-

1973 1896 2125 1953 mini
2180 1898 2593 1954 ascensioncm
2652 1913 2726 1953 ex
2779 1896 2941 1952 tribu
2999 1898 3130 1954 Levi
3176 1900 3641 1971 pradicantibus
3748 1914 3753 1919 '

1974 1986 2264 2059 apostolis
2294 2002 2616 2043 conversus
2646 1985 2857 2041 fuerat.
2890 1985 2982 2043 Sic
3014 1990 3070 2042 et
3097 1988 3374 2045 Martialis
3402 1989 3448 2045 si
3471 1990 3642 2046 disci-

1971 2074 2155 2147 pulus
2209 2075 2423 2133 Christi
2481 2075 2540 2130 in
2591 2089 2769 2130 carne
2817 2089 2944 2129 non
2991 2080 3167 2143 esset,
3226 2076 3393 2149 quod
3444 2078 3639 2135 dicere

1973 2163 2233 2238 impium
2284 2170 2390 2233 est,
2446 2182 2516 2221 eo
2563 2163 2731 2237 quod
2768 2168 2970 2219 tamen
3000 2165 3230 2238 primus
3258 2167 3640 2241 Aquitaniam

1973 2255 2284 2321 convertit,
2344 2259 2498 2310 recte
2551 2257 2747 2327 potest
2774 2253 3087 2329 pradicari
3119 2257 3448 2329 apostolus.
3491 2262 3639 2314 Nam

1974 2342 2053 2399 ab
2076 2343 2227 2401 urbe
2254 2347 2443 2400 Roma
2472 2359 2664 2416 usque
2697 2342 2773 2399 ad
2801 2328 3043 2400 montes]
3078 2328 3393 2419 Pyrenaeos
3440 2348 3640 2403 nullus

1974 2432 2122 2490 alter
2173 2440 2521 2491 sanctorum
2574 2438 2662 2489 est
2702 2434 2807 2506 qui
2832 2437 3020 2491 totam
3050 2451 3236 2492 unam
3264 2437 3639 2510 provinciam

1974 2523 2450 2593 converterit,vel
2481 2523 2584 2596 qui
2614 2522 2693 2578 ab
2715 2522 2976 2595 antiquis
3005 2523 3069 2579 in
3098 2524 3314 2581 litaniis
3340 2525 3400 2582 in
3430 2527 3638 2584 ordine

1974 2611 2393 2683 apostolorum
2459 2611 2714 2683 scriptus
2768 2609 2943 2667 fuerit
2992 2627 3184 2684 usque
3257 2613 3455 2682 hodie,
3524 2614 3638 2670 nisi

1974 2700 2365 2758 solummodo
2416 2699 2709 2758 Martialis.
2771 2700 3100 2774 Episcopus
3153 2702 3333 2759 etiam
3378 2704 3644 2760 Lemovi-
3714 2747 3724 2757 .

1974 2791 2171 2847 censis
2203 2790 2489 2848 Geraldus
2518 2794 2656 2847 ante
2702 2789 2816 2846 hos
2862 2790 3208 2863 quindecim
3238 2808 3430 2849 annos
3460 2809 3497 2850 a
3524 2795 3641 2849 Ro-

1974 2896 2079 2936 ma
2103 2895 2436 2951 regressus,
2471 2881 2780 2936 attestatus
2811 2882 2900 2935 est
2927 2878 3103 2935 nobis
3152 2879 3396 2936 fortuitu
3422 2880 3644 2952 legisse

1976 2984 2037 3023 se
2066 2967 2154 3024 ibi
2178 2969 2483 3038 volumen,
2516 2967 2620 3023 ubi
2650 2968 2939 3041 scriptum
2969 2972 3096 3026 erat
3124 2968 3378 3042 qualiter
3415 2969 3648 3027 Martia-

1972 3057 2047 3113 lis
2078 3056 2312 3129 primus
2361 3060 2657 3113 Ravenna
2708 3056 3121 3129 pradicaverit
3163 3058 3462 3115 Christum
3492 3058 3648 3114 dum

1976 3147 2039 3203 in
2069 3146 2321 3203 Galliam
2349 3144 2597 3217 veniret,
2628 3150 2685 3202 et
2707 3150 2845 3219 post
2872 3162 3011 3203 eum
3054 3147 3478 3219 Appolinarem
3508 3151 3654 3222 post

1975 3236 2230 3306 longum
2287 3239 2523 3307 tempus
2581 3234 2664 3290 ibi
2715 3234 2945 3291 venisse
2991 3235 3388 3307 apostolicum
3421 3237 3646 3293 virum.

1979 3323 2145 3379 Unde
2202 3328 2260 3381 et
2300 3324 2362 3381 in
2413 3323 2539 3379 Vita
2593 3324 2723 3396 ejus
2771 3324 2855 3380 sic
2905 3322 3193 3396 scriptum
3224 3328 3313 3380 est
3343 3343 3365 3380 .:
3401 3343 3432 3378 ‹
3464 3324 3650 3394 Igitur

1976 3412 2252 3468 Martialis
2282 3429 2423 3469 cum
2444 3411 2750 3486 discipulis
2781 3413 2903 3470 suis
2931 3428 3251 3486 permenso
3272 3416 3395 3470 tam
3416 3428 3646 3487 magno

1978 3506 2275 3559 terrarum
2308 3502 2524 3577 spatio,
2586 3503 2922 3576 pradicans
2980 3503 3204 3577 ubique
3252 3504 3646 3560 seminarium

1978 3591 2147 3648 verbi
2176 3591 2298 3660 Dei,
2325 3592 2633 3662 ingressus
2685 3592 3132 3649 Lemovicinum
3178 3591 3337 3648 venit
3384 3591 3463 3648 ad
3518 3591 3649 3649 Tul-

1980 3681 2108 3737 lum
2133 3681 2462 3738 castellum.
2502 3703 2528 3731 »
2562 3685 2715 3739 Inter
2744 3683 3052 3756 apostolos
3086 3697 3223 3739 vero
3262 3687 3318 3738 et
3365 3682 3646 3755 apostoli-

1983 3788 2084 3827 cos
2111 3771 2270 3828 viros
2297 3771 2694 3843 Hieronymus
2714 3774 2873 3829 hanc
2905 3771 3303 3829 differentiam
3319 3772 3462 3828 dicit
3479 3772 3645 3846 quod

1983 3860 2237 3935 apostoli
2263 3864 2401 3917 sunt
2421 3860 2525 3933 qui
2543 3861 2721 3934 primi
2751 3877 3247 3935 unamquamque
3272 3862 3643 3934 provinciam

1982 3951 2309 4027 pradicare
2340 3952 2835 4022 caperuut,unde
2851 3958 2909 4006 et
2934 3950 3232 4022 hodieque
3263 3949 3476 4006 astruit
3503 3966 3645 4022 apo-

1984 4039 2166 4097 stolos
2193 4055 2373 4112 posse
2395 4037 2522 4094 ﬁeri
2550 4038 2613 4093 in
2644 4040 3190 4112 Ecclesia,quorum
3210 4038 3381 4109 signa
3406 4043 3462 4095 et
3488 4038 3642 4095 indi-

1983 4128 2074 4184 cia
2097 4126 2468 4200 apostolatus
2499 4126 2877 4200 complentur
2901 4145 2914 4196 ;
2945 4126 3005 4182 id
3026 4130 3115 4182 est
3147 4126 3196 4181 si
3226 4126 3525 4199 hodieque
3552 4127 3643 4183 vel

1982 4232 2174 4290 usque
2194 4216 2256 4271 in
2285 4215 2470 4271 ﬁnem
2498 4216 2713 4272 mundi
2762 4217 2965 4290 aliqua
3002 4215 3311 4289 provincia
3358 4216 3532 4273 fuerit
3581 4216 3641 4272 in

1981 4322 2105 4380 qua
2123 4304 2323 4361 nullus
2353 4307 2488 4361 ante
2511 4305 2869 4377 pradicator
2898 4305 3230 4374 accesserit,
3280 4305 3385 4378 qui
3411 4306 3643 4379 primus

1983 4395 2060 4452 ad
2090 4410 2226 4451 eam
2247 4393 2448 4467 aliquo
2477 4394 2663 4450 modo
2694 4395 2987 4452 accedens
3016 4411 3150 4450 eam
3180 4394 3509 4468 pradicare
3531 4412 3646 4452 ca-

1980 4484 2216 4559 perit,et
2238 4499 2425 4540 unam
2452 4481 2836 4541 solummodo
2854 4482 3177 4540 Ecclesiam
3192 4483 3252 4540 in
3268 4499 3339 4541 ea
3358 4484 3642 4542 fundave-

1980 4574 2233 4644 rit,recte
2256 4573 2564 4646 apostolus
2585 4578 2673 4631 est
2697 4593 2710 4643 ;
2738 4574 2844 4641 qui
2871 4590 3013 4630 vero
3045 4579 3185 4647 post
3209 4590 3347 4630 eum
3374 4574 3644 4630 venerint

1981 4662 2400 4736 praedicatores
2430 4666 2487 4719 et
2515 4663 2800 4736 episcopi,
2859 4662 2940 4718 illi
2989 4667 3127 4719 sunt
3171 4662 3477 4736 apostolici
3508 4660 3637 4718 viri.

1982 4750 2352 4825 Apostolicos
2371 4751 2531 4807 viros
2560 4752 2721 4808 enim
2751 4752 2893 4808 dicit
2920 4768 3051 4808 esse
3089 4752 3192 4824 qui
3219 4755 3354 4823 post
3398 4754 3639 4823 aposto-

1984 4841 2074 4898 los
2114 4840 2193 4896 ad
2219 4839 2591 4897 dilatandam
2630 4838 3129 4898 Christianitatem
3181 4839 3242 4895 in
3287 4838 3559 4909 regiones
3583 4841 3642 4896 et

1981 4929 2318 5003 provincias
2373 4929 2453 4984 ab
2501 4929 2584 4985 eis
2638 4930 2767 5001 jam
2810 4928 3193 4996 illuminatas,
3229 4931 3284 4982 et
3325 4926 3387 4982 in
3414 4928 3534 4984 vita
3584 4932 3642 4984 et

1983 5022 2119 5092 post
2148 5017 2376 5073 obitum
2404 5034 2613 5074 eorum
2644 5016 2928 5078 venerint,
2962 5014 3054 5070 vel
3084 5031 3237 5087 quos
3268 5016 3522 5087 apostoli
3550 5032 3641 5073 or-

1983 5107 2296 5174 dinabant,
2329 5110 2395 5162 ut
2424 5122 2801 5163 successores
2832 5104 2893 5159 in
2918 5102 3050 5158 loco
3098 5118 3307 5159 eorum
3359 5121 3462 5176 per
3498 5106 3637 5162 civi-

1983 5198 2132 5252 tates
2160 5194 2476 5268 provincia
2507 5195 2663 5250 illius
2695 5209 2881 5266 quam
2907 5191 3399 5265 pradicaverant,
3427 5195 3639 5251 existe-

1983 5288 2132 5340 rent.
2193 5283 2336 5339 Hinc
2383 5282 2573 5338 Titum
2620 5281 2763 5337 dicit
2787 5281 3183 5354 apostolicum
3228 5282 3445 5353 virum,
3496 5285 3639 5359 quia

1984 5371 2200 5429 Paulus
2257 5386 2395 5426 cum
2441 5371 2505 5425 in
2551 5368 2862 5441 provincia
2912 5371 3113 5437 Creta,
3156 5387 3344 5443 quam
3405 5370 3637 5444 primus

1984 5459 2431 5535 pradicaverat,
2466 5456 2701 5530 reliquit
2728 5458 3018 5515 vicarium
3049 5459 3159 5515 sibi
3185 5479 3198 5530 ;
3226 5464 3291 5516 ut
3319 5461 3636 5517 constitue-

1985 5555 2073 5607 ret
2096 5566 2203 5623 per
2231 5548 2495 5605 civitates
2524 5546 2905 5621 presbyteros
2936 5549 3054 5606 sive
3107 5550 3442 5623 episcopos.
3494 5549 3637 5606 Hinc

1988 5639 2149 5696 idem
2181 5638 2573 5710 Hieronymus
2599 5635 2661 5693 in
2691 5636 2939 5711 epistola
2960 5638 3039 5697 ad
3054 5639 3365 5697 Paulinum
3390 5636 3638 5711 presbyo
