4048 6178
472 139 540 193 99
1120 121 1124 132 '
1629 136 1942 192 ADEMARI
1979 133 2035 186 s.
2078 129 2357 186 CIBARDI
2394 135 2726 193 MONACHI.
3801 145 3909 199 too

471 263 663 316 terum
695 279 707 316 :
739 283 766 309 «
801 260 1097 333 Episcopi,
1128 259 1340 334 inquit,
1389 265 1445 318 et
1488 261 1821 336 presbyteri
1857 261 2122 318 habeant
2158 257 2208 312 Α
2237 257 2348 314 sibi
2382 261 2727 331 totondisse,
2752 268 2808 320 et
2835 263 2898 319 in
2929 266 3250 337 Egyptum
3281 265 3360 320 ad
3387 265 3700 321 eremitam
3722 267 3911 340 Apol-

468 349 530 406 in
561 350 903 422 exemplum
933 350 1240 424 apostolos
1264 355 1320 407 et
1349 352 1708 424 apostolicos
1745 353 1928 424 viros,
1971 367 2122 424 quo-
2231 346 2462 404 lonium
2492 353 2827 423 profectum
2855 351 3081 408 fuisse?
3120 356 3232 408 Nec
3263 353 3626 423 derogamus
3656 355 3760 424 eis,
3793 357 3908 411 sed

466 454 603 493 rum
632 438 925 495 honorem
949 438 1345 512 possidentes,
1376 440 1599 496 habere
1631 441 1894 497 nitantur
1920 446 1976 496 et
2004 457 2124 496 me-
2232 436 2334 509 qui
2367 439 2655 495 subtiliter
2684 441 2986 497 veritatem
3011 446 3433 515 perscrutatur,
3491 442 3758 499 invenire
3791 461 3910 518 po-

465 527 664 584 ritum.
699 546 728 582 ›
757 531 900 584 Item
928 528 990 586 in
1016 529 1266 602 epistola
1295 529 1373 586 ad
1398 529 1856 588 Pammachium
1882 531 1956 587 de
1977 530 2124 604 Opti-
2233 529 2341 582 test
2370 527 2689 585 Martialem
2735 533 2916 586 totam
2967 530 3349 604 Aquitaniam
3401 532 3630 588 Christo
3685 533 3910 590 subdi—

463 634 567 674 mo
598 634 812 690 genere
837 620 1267 693 interpretandi
1293 620 1374 676 ait
1405 639 1417 676 :
1448 643 1474 671 ‹‹
1510 624 1697 678 Lucas
1742 621 1832 677 vir
1879 625 2118 695 aposto-
2229 613 2386 670 disse
2438 616 2589 674 sicut
2637 618 2999 692 apostolum,
3047 635 3173 675 non
3213 619 3408 675 solum
3438 621 3904 679 Lemovicinum

462 708 611 764 licus
663 714 722 766 et
772 709 1138 781 evangelista
1186 710 1392 768 scribit
1439 712 1808 784 Stephanum
1853 711 2119 785 primum
2229 703 2379 760 sicut
2432 705 2608 761 unius
2660 707 2986 764 dioeceseos
3039 708 3410 782 episcopum.
3458 709 3596 766 Ideo
3637 710 3795 768 sicut
3828 729 3910 768 ex

464 799 672 856 Christi
698 804 1026 873 martyrem
1053 799 1116 856 in
1143 801 1393 858 Judaioa
1423 802 1710 859 concione
1749 806 2113 869 narrantem,
2229 793 2348 849 Deo
2378 811 2582 851 coram
2614 799 2731 852 Deo
2756 797 2816 852 in
2845 797 3071 854 Christo
3098 797 3411 870 loquentes
3461 799 3523 855 in
3572 800 3820 858 veritate
3857 804 3910 856 si

461 892 519 945 et
545 893 775 945 caetera.
809 912 838 939 ››
872 893 1015 946 ltem
1044 890 1106 946 in
1136 891 1350 948 eadem
1384 910 1396 948 :
1444 915 1470 942 «
1502 895 1750 961 Marcus,
1782 891 1994 964 inquit,
2027 891 2116 946 di-
2227 880 2499 937 dicamus
2529 899 2668 939 eum
2698 885 3087 957 Apostolum;
3121 884 3226 959 qui
3256 902 3396 943 vero
3426 892 3564 960 post
3592 903 3734 944 eum
3785 905 3910 944 cae-

459 977 692 1049 cipulus
721 978 871 1034 Petri
895 978 977 1034 ita
1007 995 1186 1035 suum
1216 980 1445 1037 orditur
1482 981 1866 1052 Evangelium
1893 998 1904 1034 :
1937 981 2116 1036 Prin-
2225 974 2382 1026 teros
2416 971 2680 1046 episcopi
2709 990 2816 1046 per
2847 975 3095 1031 Galliam
3125 975 3439 1032 fueruntet
3465 993 3661 1050 usque
3701 976 3765 1034 in
3829 979 3906 1033 ti-

460 1068 678 1136 cipz‘um
701 1069 1023 1140 Evangelii
1045 1071 1187 1126 Jesu
1221 1071 1467 1141 Christi,
1505 1095 1532 1121 ))
1579 1075 1635 1127 et
1665 1076 1896 1128 cratera,
1956 1073 2116 1137 Quos
2225 1078 2365 1117 nem
2396 1063 2609 1119 mundi
2638 1064 2818 1120 futuri
2849 1071 3005 1134 sunt,
3039 1066 3404 1140 apostolicos
3452 1068 3636 1136 viros,
3668 1068 3811 1126 licet
3846 1073 3908 1125 et

459 1156 730 1213 Ecclesiae
753 1159 1127 1216 consuetudo
1155 1160 1218 1215 in
1243 1159 1452 1217 ordine
1493 1161 1904 1234 apostolorum
1955 1161 2016 1216 in
2046 1160 2112 1216 li-
2224 1168 2436 1207 omnes
2464 1153 2730 1227 episcopi
2762 1156 2951 1211 Sancti
2991 1160 3200 1212 etnon
3233 1157 3443 1226 Sancti,
3492 1162 3786 1214 vocentur
3844 1165 3908 1214 et

457 1246 632 1302 taniis
657 1247 851 1316 refert,
884 1252 940 1304 et
963 1249 1037 1304 de
1069 1249 1151 1304 eis
1176 1249 1445 1322 psalmos
1475 1255 1531 1307 et
1573 1251 1932 1307 cantilenam
1975 1268 2114 1324 apo-
2224 1243 2340 1298 sint
2368 1243 2642 1316 apostoli,
2672 1245 2823 1301 sicut
2845 1245 3233 1318 probabiliter
3263 1263 3511 1319 possum
3543 1249 3896 1305 ostendere.

457 1336 726 1393 stolicam
756 1339 997 1411 promit,
1022 1343 1085 1395 ut
1104 1340 1234 1411 jam
1265 1340 1491 1398 dictum
1519 1346 1625 1413 est,
1658 1341 1793 1397 licet
1816 1341 2112 1414 hodieque
2223 1335 2371 1389 Nam
2425 1340 2640 1406 pruitel‘
2683 1336 2844 1391 hunc
2903 1337 3159 1392 modum
3211 1354 3334 1410 quo
3381 1354 3594 1394 omnes
3620 1340 3902 1414 episcopi

454 1442 492 1482 a
520 1425 792 1498 pluribus
822 1428 1091 1485 Ecclesiis
1120 1445 1228 1502 per
1285 1429 1581 1487 incuriam
1601 1431 1716 1487 hoc
1745 1446 1868 1486 non
1908 1431 2110 1487 obser-
2222 1425 2360 1477 sunt
2387 1426 2444 1478 θῑ
2472 1423 2674 1479 vocari
2699 1429 2953 1496 POSSUDt
2978 1425 3254 1498 ἃΡοεῐοῘὶν
3309 1441 3433 1498 qua
3488 1426 3721 1483 ratione
3774 1432 3900 1500 ΑΡ-

453 1518 641 1572 vetur.
677 1516 782 1582 Qui
815 1533 978 1573 error
1000 1518 1305 1574 humanus
1331 1522 1437 1589 est,
1492 1519 1820 1576 intellectus
1861 1536 1999 1576 vero
2057 1525 2111 1576 et
2220 1511 2530 1584 Pommaris
2562 1518 2652 1570 est
2680 1514 3010 1586 ἃΡοδίοῙιιεν
3071 1531 3208 1571 cum
3263 1515 3394 1586 iam
3449 1519 3656 1572 Ρθῖιύε
3707 1516 3900 1574 Italiae

453 1604 792 1661 emendatio
822 1606 1004 1677 hujus
1035 1607 1250 1663 erroris
1278 1608 1664 1681 prudentium
1687 1612 1774 1665 est
1799 1628 1811 1676 ;
1835 1625 1978 1665 nam
2010 1626 2108 1666 eo-
2147 1616 2185 1668 Β
2218 1600 2466 1670 regioni,
2513 1603 2686 1673 cuius
2719 1603 2928 1661 CiVitaS
2958 1607 3046 1660 est
3074 1607 3373 1674 Ravenna,
3396 1605 3526 1676 iam
3553 1605 3718 1679 PI'iOr
3736 1623 3901 1680 Pl‘fB‘

454 1711 587 1750 rum
618 1699 675 1751 et
703 1695 988 1753 similium
1014 1698 1605 1768 commemoratione,
1638 1716 1898 1772 quorum
1920 1701 2110 1756 nomi-
2218 1690 2405 1747 dicari
2431 1693 2709 1764 coepisset
2736 1695 2764 1750 ‘?
2804 1718 2833 1743 η

451 1801 532 1841 na
557 1801 662 1858 per
690 1785 926 1842 litanias
953 1787 1015 1842 in
1045 1787 1254 1844 ordine
1281 1789 1691 1862 apostolorum
1721 1791 2110 1862 pronuntiari-
2287 1780 2376 1836 Ad
2400 1781 2528 1836 haec
2559 1781 2830 1838 medicus
2859 1782 3168 1856 respondit
3200 1801 3211 1839 :
3246 1804 3276 1838 ‹
3305 1787 3448 1840 Ecce
3477 1785 3756 1842 Martialis
3800 1791 3897 1842 est

451 1877 566 1942 tur,
599 1874 836 1946 psalmi,
868 1891 1096 1943 versus,
1123 1875 1356 1948 hymni,
1418 1877 1799 1949 responsoria
1854 1883 1910 1933 et
1956 1878 2106 1934 anti-
2218 1869 2551 1942 apostolus,
2587 1872 2691 1927 sed
2717 1872 2854 1945 quis
2886 1877 2974 1928 est
3001 1873 3372 1946 apostolatus
3413 1875 3603 1957 ejuy
3655 1900 3681 1926 ››
3736 1880 3897 1933 Tum

450 1963 670 2035 phonae
699 1964 1122 2035 congruentius
1153 1964 1562 2038 apostolorum
1586 1981 1773 2038 quam
1804 1966 2105 2023 confesso-
2216 1975 2328 2029 ego
2363 1977 2376 2016 :
2409 1984 2437 2010 ‹‹
2469 1961 2655 2042 Gallia
2685 1963 2944 2036 proprie,
2977 1963 3123 2036 quia
3173 1964 3298 2038 ipse
3343 1965 3575 2038 primus
3629 1983 3768 2022 eam
3803 1967 3897 2023 in-

449 2068 586 2108 rum
611 2053 706 2110 vel
733 2058 1068 2126 martyrum
1109 2054 1492 2126 proferuntur
1534 2071 1571 2111 a
1618 2055 2105 2128 prudentioribus
2215 2067 2456 2120 gressus
2483 2056 2592 2108 est.
2624 2075 2651 2101 »
2681 2055 2748 2108 Et
2775 2053 2910 2108 ille:
2947 2074 2973 2103 ‹‹
3007 2053 3284 2125 Mentiris,
3315 2055 3525 2128 inquit,
3564 2073 3710 2111 nam
3755 2057 3895 2112 Gal-

450 2141 859 2199 ecclesiasticis
887 2143 1049 2200 viris.
1084 2143 1198 2201 Sed
1219 2147 1274 2200 et
1301 2143 1428 2216 ipse
1449 2160 1610 2218 papa
1637 2145 1972 2215 Gregorius,
2001 2146 2106 2218 qui
2212 2139 2292 2197 lia
2318 2140 2392 2197 de
2423 2142 2765 2214 apostolatu
2796 2142 2945 2199 Petri
2971 2148 3077 2199 est.
3113 2166 3138 2193 ››
3169 2146 3237 2200 Et
3264 2160 3375 2216 ego
3400 2163 3412 2200 :
3437 2169 3463 2198 ‹
3493 2147 3672 2202 Totus
3703 2163 3891 2202 mun-

448 2231 626 2303 longe
651 2238 786 2306 post
813 2237 1084 2306 tempora
1112 2233 1523 2306 apostolorum
1547 2233 1677 2303 fuit,
1728 2235 1961 2291 tametsi
1999 2235 2107 2291 mi-
2211 2230 2346 2295 dus,
2375 2247 2499 2287 non
2527 2233 2656 2288 sola
2687 2232 2889 2302 Gallia,
2918 2232 2992 2289 de
3025 2233 3366 2306 apostolatu
3393 2235 3538 2290 Petri
3572 2239 3662 2292 est
3689 2254 3702 2304 ;
3734 2252 3893 2293 nam

450 2321 610 2379 nime
638 2323 768 2396 ipse
798 2323 876 2379 ad
904 2323 1231 2395 Anglorum
1260 2323 1654 2396 provinciam,
1687 2325 1789 2380 ubi
1810 2326 2101 2381 hactenus
2212 2321 2453 2394 proprie
2481 2322 2595 2394 ipsi
2623 2323 2818 2378 claves
2843 2323 3011 2394 regni
3035 2323 3324 2380 caelorum
3371 2325 3600 2380 traditae
3651 2331 3798 2381 sunt
3829 2331 3891 2382 et

450 2412 648 2468 nullus
691 2417 1018 2470 accesserat
1067 2413 1443 2486 praedicator,
1501 2413 1800 2486 profectus
1853 2415 1945 2483 sit,
1997 2416 2103 2472 sed
2212 2426 2441 2483 pascua
2491 2411 2697 2468 ovium
2743 2411 3196 2468 Christi.Verum
3238 2413 3474 2486 proprie
3503 2414 3887 2486 apostolatus

447 2501 868 2574 praedicatores
906 2503 1154 2571 miserit,
1214 2507 1416 2559 tamen
1463 2502 1608 2576 quia
1653 2504 1783 2575 ejus
1812 2504 2018 2561 labore
2048 2509 2104 2561 et
2213 2501 2344 2571 ejus
2376 2504 2463 2556 est
2487 2501 2674 2569 Italia,
2700 2501 2844 2574 quia
2874 2519 3008 2558 eam
3034 2503 3398 2575 praedicavit,
3432 2508 3488 2560 et
3510 2503 3571 2559 in
3597 2520 3671 2560 ea
3695 2522 3886 2560 occu-

443 2590 753 2661 juvamine
780 2591 1047 2648 maximo
1094 2591 1278 2648 ﬁdem
1330 2598 1742 2666 susceperunt,
1789 2595 1955 2668 apud
2001 2611 2101 2651 eo-
2211 2587 2343 2644 buit
2370 2594 2426 2644 et
2448 2589 2510 2644 in
2531 2606 2604 2646 ea
2626 2591 2804 2661 jacet.
2836 2595 2919 2647 Ita
2944 2596 3001 2647 et
3026 2593 3264 2664 proprie
3291 2592 3476 2649 Gallia
3501 2593 3886 2666 apostolatus

447 2679 616 2738 sdem
653 2682 877 2752 Anglos
928 2682 1138 2738 merito
1197 2682 1505 2755 apostolus
1551 2683 1904 2757 appellatur,
1958 2685 2104 2758 quia,
2211 2681 2302 2734 est
2326 2678 2623 2743 Martialis,
2653 2679 2796 2751 quia
2828 2695 2964 2735 eam
2991 2680 3222 2752 primus
3251 2680 3609 2738 illuminavit
3634 2698 3886 2738 annun-

444 2771 742 2844 quidquid
772 2775 910 2844 post
928 2787 1068 2828 eum
1098 2771 1196 2827 alii
1217 2770 1638 2843 praedicatores
1657 2772 2096 2842 laboraverunt,
2211 2768 2365 2824 tians
2387 2768 2709 2824 Dominum
2736 2771 2938 2824 Jesum
2969 2769 3287 2838 Christum,
3319 2774 3376 2826 et
3404 2770 3466 2826 in
3497 2787 3568 2827 ea
3587 2772 3886 2828 occubuit

443 2864 634 2917 totum
666 2861 719 2916 ei
739 2861 1078 2933 deputatur.
1116 2861 1173 2916 Si
1203 2876 1346 2930 ergo
1386 2861 1703 2931 Gregorius
1746 2867 1882 2935 post
1929 2865 2098 2936 quin-
2209 2862 2265 2914 et
2289 2857 2351 2913 in
2373 2874 2444 2914 ea
2464 2859 2641 2929 jacet.
2678 2862 2763 2914 Ita
2791 2859 3032 2932 proprie
3071 2859 3353 2933 Hispania
3382 2865 3470 2916 est
3498 2861 3884 2934 apostolatus

445 2955 655 3020 gentos
684 2966 879 3006 annos
925 2967 963 3008 a
1008 2954 1276 3023 tempore
1323 2950 1656 3023 primorum
1689 2953 2099 3025 apostolorum
2139 2976 2178 3031 ρ
2204 2947 2430 3018 Jacobi,
2460 2946 2595 3004 licet
2617 2963 2740 3004 non
2767 2964 2898 3004 eam
2932 2949 3059 3022 ipse
3089 2949 3523 3022 praedicaverit,
3571 2951 3678 3007 sed
3728 2951 3885 3024 quia

443 3039 752 3111 apostolus
807 3038 1024 3095 meruit
1069 3055 1196 3095 esse
1253 3044 1310 3095 et
1361 3039 1692 3112 praedicari,
1738 3042 1882 3114 quia
1928 3042 2100 3112 signa
2205 3053 2423 3110 corpus
2452 3039 2582 3109 ejus
2611 3054 2718 3111 per
2747 3055 2914 3094 mare
2937 3043 3166 3112 septem
3191 3039 3468 3113 discipuli
3506 3041 3634 3112 ejus
3667 3041 3884 3098 Gallae-

443 3128 811 3201 apostolatus
835 3127 1036 3198 habet,
1070 3145 1175 3184 cur
1203 3129 1478 3185 Martialis
1507 3143 1632 3186 non
1668 3131 1858 3187 multo
1903 3132 2098 3204 magis
2203 3128 2360 3184 ciam
2390 3128 2774 3196 advehentes,
2793 3129 2972 3201 primi
2999 3128 3060 3184 in
3087 3130 3371 3202 Hispania
3398 3131 3611 3188 Christi
3642 3147 3881 3188 nomen

441 3221 530 3274 est
558 3217 888 3290 apostolus,
913 3217 1019 3290 qui
1049 3233 1171 3273 una
1201 3233 1339 3274 cum
1381 3220 1548 3275 Petro
1597 3219 1676 3275 ab
1733 3219 2097 3276 Hierusalem
2203 3217 2727 3285 annuntiaverunt,
2760 3223 2818 3275 et
2837 3218 2921 3274 ibi
2942 3219 3308 3292 sepelierunt
3328 3220 3595 3291 magistri
3623 3236 3875 3295 corpus.

439 3306 731 3380 incipiens
761 3307 922 3364 testis
971 3307 1199 3365 Christo
1245 3307 1355 3363 fuit
1403 3307 1464 3362 in
1521 3308 1887 3365 Hierusalem
1937 3314 1993 3365 et
2031 3310 2094 3365 in
2203 3311 2352 3363 Nam
2386 3308 2493 3364 etsi
2526 3309 2798 3365 Martialis
2823 3309 3137 3381 proprium
3179 3310 3583 3382 apostolatum
3604 3327 3735 3367 non
3760 3312 3876 3368 ha-

438 3397 605 3454 omni
631 3398 838 3454 Judtea
864 3401 923 3454 et
955 3397 1245 3469 Samaria,
1277 3401 1335 3453 et
1363 3411 1554 3470 usque
1581 3399 1656 3454 ad
1680 3398 1960 3455 ultimum
1986 3404 2096 3456 ter-
2202 3397 2363 3462 beat,
2395 3397 2545 3453 sicut
2565 3398 2775 3470 procul
2796 3397 2984 3454 dubio
3025 3397 3226 3466 habet,
3261 3415 3332 3455 eo
3367 3399 3532 3472 quod
3552 3403 3763 3457 tamen
3791 3400 3875 3456 ab

437 3504 536 3557 rae,
569 3492 627 3543 et
654 3487 902 3543 Galliam
930 3486 1162 3560 primus
1193 3487 1538 3543 illuminans
1577 3475 1822 3544 omnem
1847 3490 2092 3562 Aquita-
2202 3487 2390 3560 ipsius
2411 3504 2512 3543 ore
2532 3488 2741 3544 Christi
2757 3488 2818 3544 in
2836 3503 3013 3544 carne
3033 3492 3388 3560 potestatem
3410 3489 3638 3560 ligandi
3659 3495 3718 3546 et
3749 3490 3873 3546 sol-

439 3576 604 3631 niam
630 3575 1005 3648 provinciam
1033 3576 1348 3648 acquisivit
1375 3576 1602 3633 Christo
1624 3577 1652 3632 ‘I
1691 3579 1862 3649 cujus
1893 3579 2093 3648 signa-
2203 3578 2382 3634 vendi
2402 3578 2631 3650 accepit
2658 3594 3049 3651 nequaquam
3078 3579 3346 3652 profecto
3393 3580 3726 3654 privaretur
3756 3596 3872 3637 no-

439 3665 644 3720 culum
670 3665 1038 3738 apostolatus
1095 3665 1156 3720 in
1205 3665 1460 3722 Domino
1519 3666 1732 3723 eadem
1778 3669 2096 3741 Aquitania
2201 3667 2362 3724 mine
2393 3667 2664 3741 apostoli.
2699 3668 3012 3742 Responde
3038 3668 3258 3724 etenim
3279 3669 3584 3742 mihi,quis
3607 3675 3698 3726 est
3722 3687 3874 3743 apo-

438 3758 744 3827 estusque
774 3755 836 3810 in
883 3754 1065 3811 ﬁnem
1095 3755 1346 3822 mundi;
1406 3754 1640 3828 absque
1697 3756 1884 3813 dubio
1932 3759 2093 3815 enim
2201 3756 2448 3812 stolatus
2494 3756 2694 3812 Pauli?
2720 3756 3134 3829 Apostolatum
3166 3757 3450 3814 Barnast
3494 3763 3552 3814 et
3593 3761 3770 3814 Lucae
3813 3763 3877 3815 et

435 3843 563 3917 ipse
591 3844 652 3900 in
683 3860 754 3901 ea
781 3844 1056 3900 fundavit
1083 3844 1392 3914 Ecclesias,
1442 3849 1499 3900 et
1526 3845 1757 3918 primus
1785 3846 1846 3902 in
1877 3847 1961 3903 eis
1986 3865 2094 3921 per
2201 3845 2463 3902 Onesimi
2493 3850 2549 3901 et
2580 3845 2709 3902 Silte
2739 3850 2796 3901 et
2822 3845 3156 3902 Thimothei
3177 3847 3422 3903 ostende
3451 3846 3785 3920 mihi,quia
3813 3852 3876 3904 et

434 3933 699 3991 civitates
725 3933 1027 3991 constituit
1065 3933 1400 4007 episcopos.
1461 3937 1589 3989 Non
1646 3933 1806 3990 enim
1860 3936 2091 4008 primus
2196 3934 2341 3991 istos
2372 3935 2631 3992 Ecclesia
2655 3935 2941 4008 praedicat
2971 3935 3296 4008 apostolos.
3326 3959 3354 3986 ››
3390 3936 3500 4003 Qui
3531 3953 3671 3993 cum
3704 3942 3870 3995 tace-

431 4025 676 4081 Avernis
704 4024 940 4098 prtefuit
964 4023 1287 4098 episcopus
1310 4023 1780 4094 Austremonius,
1825 4041 1936 4082 nec
1979 4030 2091 4083 Tu-
2196 4028 2304 4093 ret,
2325 4025 2420 4081 aio
2455 4042 2467 4080 :
2503 4046 2530 4074 «
2565 4025 2682 4080 Etsi
2709 4024 2792 4080 illi
2822 4025 3230 4098 apostolatum
3258 4025 3572 4099 proprium
3601 4043 3723 4083 non
3758 4026 3859 4084 ha-

431 4113 649 4168 ronicis
674 4113 975 4182 Martinus,
1002 4129 1199 4186 neque
1226 4113 1476 4170 Pictavis
1505 4113 1777 4171 Hilarius.
1826 4114 1986 4172 Idem
2035 4120 2092 4173 et
2195 4112 2340 4169 bent
2364 4117 2567 4170 tamen
2592 4112 2847 4186 apostoli
2875 4117 3031 4170 recte
3073 4113 3496 4186 prmdicantur,
3539 4115 3687 4188 quia
3736 4115 3873 4172 ofﬁ-

432 4201 507 4256 de
526 4201 655 4257 aliis
685 4202 1038 4258 civitatibus.
1099 4207 1248 4259 Nam
1278 4203 1594 4275 Dionysius
1621 4204 1884 4276 primum
1901 4206 2086 4275 Pauli,
2196 4203 2355 4259 cium
2382 4203 2792 4277 apostolorum
2823 4202 3323 4276 adimpleverunt,
3374 4203 3433 4259 id
3465 4208 3553 4260 est
3579 4205 3872 4275 gentibus

432 4290 648 4346 deinde
679 4291 993 4348 Clementis
1031 4291 1362 4364 discipulus
1394 4293 1472 4349 ab
1521 4308 1593 4348 eo
1648 4293 1898 4351 Galliam
1944 4295 2089 4351 mis-
2120 4336 2166 4390 D
2194 4293 2892 4365 evangelizaverunt.Nec
2909 4293 3292 4350 enimomnes
3307 4293 3569 4368 episcopi
3583 4295 3876 4368 proprias

432 4395 556 4447 sus,
583 4380 816 4452 primus
847 4380 1099 4437 Parisius
1127 4381 1362 4454 praefuit
1413 4382 1754 4455 episcopus,
1805 4384 1909 4440 ubi
1938 4401 2088 4442 non-
2120 4380 2162 4390 ”
2193 4383 2366 4438 sedes
2395 4383 2755 4450 habuerunt,
2783 4398 2894 4438 nec
2933 4399 3144 4439 omnes
3196 4383 3532 4457 presbyteri
3578 4385 3873 4457 proprias

429 4469 576 4525 dum
603 4474 729 4526 erat
759 4469 1034 4526 Ecclesia.
1076 4474 1224 4526 Nam
1271 4471 1547 4543 antiquas
1597 4472 1789 4544 sedes,
1838 4475 2084 4531 Turoni-
2193 4471 2493 4536 ecclesias,
2521 4487 2632 4528 nec
2662 4487 2874 4528 omnes
2903 4472 3152 4528 abbates
3183 4471 3427 4545 propria
3467 4474 3870 4530 monasteria.

430 4575 564 4615 cam
594 4560 652 4615 in
683 4561 911 4615 honore
939 4559 1126 4616 sancti
1155 4560 1323 4628 Petri,
1363 4559 1745 4617 Aurelianam
1769 4562 1831 4617 in
1856 4564 2083 4622 honore
2193 4561 2459 4634 Plerique
2488 4561 2667 4617 etiam
2695 4561 2960 4634 episcopi
2992 4561 3438 4634 dereliquerunt
3467 4561 3872 4635 episcopatus

429 4649 618 4705 sancti
667 4649 973 4722 Stephani,
1020 4649 1294 4706 Martialis
1337 4650 1645 4722 apostolus
1682 4651 2080 4724 fundaverat;
2194 4667 2336 4707 suos
2359 4650 2656 4724 proprios,
2685 4665 2794 4706 nec
2828 4655 3028 4707 tamen
3056 4651 3135 4706 ob
3179 4652 3293 4706 hoc
3323 4651 3589 4724 episcopi
3629 4668 3874 4709 nomen

426 4755 564 4812 quae
619 4743 833 4813 postea
883 4743 1127 4796 mutatae
1173 4744 1330 4809 sunt,
1375 4756 1500 4796 una
1543 4739 1604 4796 in
1630 4740 1857 4798 honore
1897 4746 2084 4802 sancti
2193 4741 2539 4797 amiserunt.
2571 4740 2662 4796 Sic
2687 4743 2744 4796 et
2770 4740 3044 4796 nonnulli
3087 4756 3159 4797 ex
3200 4740 3488 4813 apostolis
3536 4741 3664 4797 sine
3704 4757 3873 4814 apo-

426 4829 704 4899 Mauricii,
736 4830 924 4887 altera
950 4828 1013 4885 in
1031 4829 1260 4887 honore
1291 4833 1510 4887 sanctae
1537 4831 1754 4888 Crucis.
1777 4832 1907 4902 Qui,
1934 4850 2083 4907 quo-
2193 4829 2411 4887 stolatu
2437 4829 2682 4902 proprio
2732 4828 2991 4897 fuerunt,
3048 4833 3103 4886 et
3155 4833 3359 4886 tamen
3403 4829 3664 4903 apostoli
3692 4836 3868 4887 sunt.

425 4919 591 4977 niam
614 4923 753 4994 post
775 4936 918 4977 eum
944 4919 1124 4989 venit,
1173 4935 1296 4977 non
1341 4920 1702 4993 praedicatur
1748 4924 2079 4996 apostolus,
2192 4920 2344 4986 Quia
2392 4935 2535 4976 vero
2575 4918 2703 4975 sine
2747 4918 2934 4975 dubio
2984 4918 3170 4976 Gallia
3206 4920 3448 4992 proprie
3479 4919 3874 4992 apostolatus

427 5008 531 5065 sed
559 5009 648 5067 vir
673 5009 1056 5084 apostolicus.
1090 5010 1248 5068 Licet
1276 5014 1477 5068 autem
1517 5011 1870 5069 Saturninus
1916 5030 2080 5071 sum-
2190 5013 2278 5066 est
2329 5007 2604 5066 Martialis
2666 5013 2790 5065 tam
2848 5008 2952 5064 Dei
2997 5025 3182 5082 quam
3235 5008 3425 5082 ipsius
3457 5051 3475 5082 ,
3555 5011 3875 5067 tantocius

430 5111 564 5152 mus
591 5100 1013 5174 episcoporum
1050 5099 1276 5157 Tolosa
1305 5100 1498 5170 fuerit,
1527 5101 1662 5173 quis
1690 5101 2079 5174 prudentium
2187 5099 2520 5172 Aquitaniae
2572 5114 2759 5172 quam
2813 5098 2996 5155 etiam
3050 5098 3387 5172 priscorum
3436 5102 3682 5156 Patrum
3749 5116 3879 5158 no—

429 5184 567 5241 dicit
591 5187 791 5259 ipsum
817 5190 1083 5262 primum
1112 5189 1195 5246 ibi
1219 5189 1400 5246 fuisse
1429 5189 1822 5263 episcopum;
1854 5207 1994 5247 cum
2024 5194 2080 5246 et
2191 5192 2452 5244 strorum
2507 5187 2938 5244 catholicorum
3012 5187 3450 5244 intemerabilia
3509 5187 3879 5248 testimonia.

518 5276 642 5332 suis
672 5278 849 5346 gestis
868 5279 998 5349 jam
1026 5279 1108 5335 ibi
1130 5279 1389 5337 Ecclesia
1425 5295 1553 5336 esse
1602 5284 1952 5338 consecrata
2001 5279 2079 5336 le-
2185 5278 2377 5334 multa
2425 5282 2608 5345 sunt;
2668 5277 2749 5333 ita
2802 5293 2875 5334 cx
2930 5277 3097 5332 omni
3148 5281 3317 5349 parte
3373 5276 3649 5334 Martialis
3721 5293 3876 5349 per-

426 5367 619 5433 gatur,
651 5381 910 5437 eumque
938 5368 1311 5439 temporibus
1355 5369 1512 5424 Decii
1558 5368 1808 5425 subiisse
1855 5373 2077 5440 marty-
2186 5365 2334 5421 fecte
2387 5366 2696 5440 apostolus
2750 5370 2880 5437 est,
2941 5367 3085 5439 quia
3139 5371 3195 5423 et
3246 5383 3283 5423 a
3331 5366 3558 5424 Christo
3621 5368 3879 5440 accepit

424 5452 579 5509 rium
609 5454 766 5510 Beda
786 5455 1002 5510 referat
1029 5457 1056 5509 ‘2
1110 5457 1482 5527 Petragorius
1527 5475 1771 5530 quoque
1830 5458 2076 5514 manife-
2185 5455 2411 5526 ligandi
2463 5456 2954 5528 dissolvendique
3009 5459 3362 5528 potestatem
3396 5499 3410 5523 ,
3487 5461 3544 5511 et
3597 5455 3657 5510 in
3712 5457 3874 5512 Gal-

423 5545 582 5599 stum
608 5543 683 5600 sit
704 5542 886 5600 fuisse
917 5543 1411 5604 Christianitatem
1431 5551 1568 5604 ante
1598 5551 1902 5619 Frontum,
1934 5563 2074 5604 cum
2180 5545 2326 5602 liam
2354 5561 2478 5603 non
2506 5563 2615 5604 sua
2633 5545 2880 5620 propria
2915 5545 3239 5614 voluntate,
3266 5561 3391 5602 non
3436 5561 3546 5602 suo
3576 5544 3870 5618 arbitrio,

419 5632 554 5705 ipsa
577 5635 709 5707 ejus
731 5638 900 5705 gesta
921 5633 1179 5694 doceant
1217 5653 1358 5694 eum
1398 5637 1537 5694 inde
1584 5641 1794 5695 natum
1832 5653 2073 5694 comam
2181 5651 2307 5692 non
2369 5652 2479 5693 sua
2534 5635 2999 5710 praesumptione
3019 5678 3039 5710 ,
3109 5634 3214 5692 sed
3292 5635 3674 5708 praecipiente
3742 5638 3877 5694 Do-
