4048 6178
211 91 301 145 ίοί
1488 61 1713 123 EPIST.
1762 64 1857 119 DE
1902 64 1964 122 S.
2007 65 2367 121 MARTIALI.
3552 70 3650 125 102

202 210 374 267 mino
406 208 465 261 et
490 203 741 272 cogente
770 200 931 254 Petro
959 196 1263 267 ingressus
1293 197 1381 250 est
1410 190 1862 262 evangelizare;
1900 190 1952 244 A
1988 190 2157 246 Unde
2178 195 2321 245 sunt
2350 190 2480 244 ista:
2499 188 2805 259 picturae?
2836 186 2934 244 Ille
2959 188 3171 246 videns
3197 188 3521 246 Martialem
3547 191 3653 248 mi-

198 299 453 370 insuper
480 290 647 367 quod
691 289 843 345 bene
884 285 1077 358 coepit,
1108 282 1319 340 melius
1357 278 1762 356 perseveravit
1813 284 1871 334 et
1982 279 2340 370 nistrantem
2371 275 2623 370 Domino
2655 278 2732 370 ad
2764 277 3143 370 mandatum,
3175 283 3232 336 et
3264 282 3509 370 caeteras
3536 280 3657 354 pic-

201 384 615 462 apostolatum
645 376 974 453 proprium,
1006 373 1067 430 id
1097 378 1182 430 est
1228 371 1483 444 gratiam
1522 374 1578 426 et
1626 385 1872 462 annun-

206 458 522 533 tiationem
550 468 691 525 ﬁdei
734 467 796 522 in
828 464 1102 535 gentibus
1135 462 1455 519 Galliarum
1483 475 1593 532 pro
1624 458 1875 514 nomine

202 565 420 625 Christi
474 560 675 619 habet.
714 557 876 615 Unde
904 555 1007 629 qui
1038 571 1178 611 eum
1228 550 1530 610 contendit
1575 566 1698 606 non
1743 566 1877 606 esse

203 655 577 731 apostolum,
636 662 876 705 necesse
938 650 1026 702 est
1079 642 1400 700 contendat
1450 638 1685 731 nullum
1745 654 1878 693 esse

203 730 557 821 apostolum
603 739 717 796 nisi
763 734 1183 793 tantummodo
1227 730 1567 821 duodecim,
1599 732 1656 785 et
1684 732 1753 785 ut
1781 744 1878 821 ra-

202 817 307 892 dat
338 845 569 889 nomen
604 826 770 884 Pauli
816 824 889 881 de
938 822 1158 881 litaniis
1205 821 1280 878 de
1318 818 1524 877 ordine
1569 817 1880 891 apostolo-

203 941 366 989 rum,
398 919 648 977 nomina
698 914 1003 983 Barnabae,
1056 912 1351 986 Cleophze,
1386 908 1557 967 Marci
1602 911 1659 964 ot
1709 910 1880 964 Lucae

204 1018 261 1071 et
290 1009 606 1076 Timothei,
642 1004 900 1064 Onesimi
933 1007 990 1059 et
1022 1001 1153 1060 Silae
1186 1006 1243 1058 et
1269 1000 1453 1069 ludas,
1486 1002 1541 1055 et
1574 996 1884 1054 universa-

202 1104 326 1159 lem
358 1096 808 1156 invocationem
835 1109 959 1167 qua
988 1091 1240 1149 dicitur:
1277 1090 1485 1146 Omnes
1515 1088 1713 1144 sancti
1741 1102 1883 1157 apo-

205 1192 351 1249 stoli
378 1195 436 1246 et
465 1186 849 1257 evangelzlstce
878 1189 931 1239 et
963 1181 1252 1251 discipuli
1276 1179 1533 1247 Domini,
1566 1181 1623 1233 et
1654 1176 1734 1233 sit
1760 1176 1884 1232 hae-

1985 373 2150 426 turas
2196 368 2350 423 sicut
2399 366 2613 438 legitur
2660 368 2721 423 in
2771 369 2902 440 ejus
2932 368 3074 440 vita,
3106 370 3327 426 rubore
3371 368 3658 427 confusus

1984 474 2109 515 non
2133 457 2263 514 sine
2294 456 2570 513 omnium
2600 456 2705 531 qui
2731 457 2984 515 aderant
3002 459 3205 517 derisu
3229 458 3542 533 professus
3573 465 3666 517 est

1987 546 2380 604 mendacium
2424 564 2681 604 suum.»
2730 547 2988 605 Medicus
3030 566 3172 607 vero
3222 550 3303 607 ad
3348 550 3509 607 haec:
3545 556 3663 608 «In

1987 652 2113 692 uno
2145 635 2274 692 solo
2304 640 2497 692 vetere
2522 636 2677 693 libro
2700 635 2797 693 vel
2824 636 2887 693 in
2916 637 3135 694 litaniis
3166 638 3215 695 si
3234 639 3501 712 potueris
3522 656 3663 697 eum

1988 726 2141 784 mihi
2206 725 2525 782 ostendere
2580 726 2871 800 scriptum
2923 728 3286 801 apostolum,
3344 729 3664 787 credam.»

1992 816 2173 885 Quod
2202 831 2342 872 cum
2370 815 2432 872 in
2462 815 2740 889 pluribus
2769 816 3085 874 ostendere
3124 834 3388 892 possem,
3424 819 3665 890 gavisus

1991 906 2121 963 dixi
2152 924 2164 961 :
2202 929 2229 953 «
2258 906 2397 961 Veni
2428 905 2508 963 ad
2532 908 2988 977 monasterium,
3013 911 3070 963 et
3090 907 3245 965 vide.
3273 933 3299 958 ›ι
3334 907 3431 965 Ille
3458 909 3665 978 noluit,

1992 997 2146 1071 quia
2173 996 2353 1067 longe
2382 997 2711 1070 hospitium
2740 997 3028 1063 habebat,
3060 1003 3118 1055 et
3146 998 3410 1057 crastino
3430 1000 3570 1057 inde
3593 1000 3673 1057 ad

1996 1086 2122 1143 alia
2146 1086 2281 1142 loca
2310 1085 2470 1142 abiit.
2506 1086 2659 1143 Dixit
2686 1087 2869 1143 etiam
2897 1088 3046 1145 mihi
3070 1106 3082 1143 :
3119 1111 3146 1139 ‹‹
3168 1091 3291 1161 Ego
3316 1089 3453 1163 plus
3484 1106 3673 1164 quam

1997 1176 2104 1233 alii
2134 1176 2411 1233 homines
2440 1192 2625 1233 causa
2654 1178 2967 1234 medicinae
2988 1179 3290 1237 circumeo
3310 1179 3500 1237 multa
3517 1179 3671 1248 loca,

206 1281 433 1337 reticus
485 1274 815 1333 Hebionita.
867 1271 973 1330 Cui
1014 1287 1128 1327 nos
1178 1268 1451 1326 catholici
1492 1282 1888 1341 nequaquam
2000 1270 2061 1322 et
2091 1265 2275 1321 audio
2297 1266 2411 1322 hoc
2441 1265 2750 1338 reprobari
2777 1266 2856 1323 ab
2881 1268 3187 1339 omnibus,
3211 1274 3269 1326 et
3295 1286 3330 1326 a
3359 1269 3525 1326 nullo
3548 1269 3678 1326 lau-

207 1369 520 1445 patiemur
570 1363 972 1437 acquiescere,
1029 1359 1135 1416 sed
1160 1357 1409 1430 vestigia
1458 1356 1729 1431 priorum
1785 1359 1892 1412 Pa-

211 1464 375 1516 trum
410 1457 751 1529 sequentes,
774 1466 1002 1506 nomen
1025 1447 1300 1505 Martialis
1329 1448 1389 1504 in
1410 1446 1617 1503 ordine
1650 1449 1895 1519 aposto-

2002 1355 2164 1426 dari,
2194 1359 2251 1412 et
2293 1355 2553 1413 maxime
2599 1360 2844 1429 propter
2873 1357 3258 1415 Benedictum
3284 1359 3547 1432 priorem
3571 1360 3677 1433 qui

2006 1445 2413 1503 contradictor
2432 1449 2540 1514 est,
2567 1445 2672 1519 qui
2702 1445 2965 1504 afﬁrmat
2993 1448 3279 1506 omnibus
3303 1455 3547 1524 propter
3560 1452 3677 1509 hoc

210 1548 415 1604 lorum
446 1541 895 1600 invocabimus.
922 1563 949 1589 ››
983 1538 1074 1595 Ad
1113 1538 1242 1594 haec
1274 1535 1544 1593 medicus
1575 1540 1656 1592 ait
1681 1553 1693 1591 :
1739 1554 1771 1589 ‹
1795 1538 1897 1591 Be-
1927 1545 1968 1599 Β
2007 1536 2386 1593 nasciturum
2430 1550 2557 1592 esse
2587 1536 2665 1592 ab
2712 1536 2830 1593 hoc
2858 1553 3053 1610 usque
3082 1538 3161 1595 ad
3189 1539 3456 1614 quinque
3483 1556 3678 1598 annos

212 1634 497 1692 nedictus
546 1630 687 1688 dicit
716 1645 842 1685 non
883 1643 1016 1683 esse
1059 1627 1217 1683 hanc
1258 1624 1706 1682 invocationem
1760 1623 1902 1680 alio-

214 1741 351 1783 rum
387 1722 495 1796 qui
524 1736 650 1776 non
698 1721 841 1773 sunt
869 1715 1187 1784 nominati,
1220 1715 1328 1772 sed
1355 1713 1765 1791 collectionem
1794 1709 1902 1787 qui

211 1816 339 1888 jam
368 1814 518 1868 sunt
545 1806 841 1866 nominati
873 1804 1312 1877 apostolorum.
1338 1828 1365 1855 ››
1414 1807 1479 1861 Et
1509 1820 1621 1877 ego
1651 1820 1904 1878 respon-

219 1904 317 1961 di:
373 1926 401 1953 ‹‹
433 1898 722 1957 Diabolus
769 1894 931 1952 male
990 1895 1413 1968 interpretatur
1454 1895 1809 1967 Scripturas,
1851 1898 1907 1949 et

222 1994 327 2050 iste
381 1988 697 2047 haereticus
748 1985 913 2042 male
964 1983 1208 2057 exponit
1256 1983 1517 2040 litanias.
1573 1983 1909 2058 Sapientior

228 2089 315 2142 est
368 2078 570 2138 omnis
626 2075 893 2133 Ecclesia
971 2073 1266 2130 catholica
1318 2073 1435 2129 isto
1496 2090 1620 2130 uno
1675 2072 1908 2130 haereti-

226 2191 317 2231 co.
365 2176 517 2228 Nam
550 2168 597 2223 si
628 2165 903 2224 collectio
949 2168 1038 2220 est
1066 2162 1668 2236 przenominatorum,
1705 2178 1911 2236 super-

227 2263 353 2319 ﬂua
403 2262 512 2315 est.
576 2256 632 2313 Si
676 2252 985 2311 invocatio
1030 2256 1117 2307 est
1163 2255 1286 2308 tam
1332 2251 1912 2324 praenominatorum

228 2367 417 2426 quam
471 2362 682 2404 eorum
738 2343 1023 2401 omnium
1076 2342 1179 2415 qui
1232 2341 1529 2399 nominati
1574 2357 1700 2397 non
1751 2344 1911 2409 sunt,

231 2439 401 2517 quod
475 2438 599 2493 sine
675 2434 870 2491 dubio
944 2449 1156 2489 verum
1206 2437 1314 2500 est,
1390 2430 1730 2489 necessaria
1803 2436 1913 2502 est,

236 2532 389 2589 sicut
419 2533 480 2585 ct
518 2524 823 2583 invocatio
856 2521 1212 2579 universalis
1250 2521 1627 2592 angelorum,
1670 2521 1918 2595 patriar-

239 2622 497 2679 charum
546 2621 602 2673 et
630 2615 1097 2690 prophetarum,
1140 2611 1549 2668 innocentium
1598 2616 1655 2667 et
1695 2615 1919 2685 marty-

238 2727 398 2779 rum,
432 2706 857 2765 confessorum
908 2706 965 2759 et
991 2701 1318 2772 virginum,
1352 2703 1409 2757 et
1437 2700 1713 2757 omnium
1743 2718 1918 2758 sanc-

243 2807 466 2867 torum,
490 2796 593 2871 qui
622 2794 739 2851 nisi
760 2794 845 2850 ita
873 2792 1250 2861 invocentur,
1274 2788 1635 2846 nominatim
1664 2804 1773 2863 per
1802 2788 1925 2845 sin-

2011 1642 2314 1697 magnum
2358 1625 2716 1682 scandalum
2765 1626 2830 1682 in
2875 1626 3010 1684 loco
3060 1630 3247 1687 sancti
3294 1631 3591 1702 Martialis,
3623 1636 3680 1688 et

2012 1721 2335 1773 venturam
2378 1716 2461 1772 ibi
2490 1731 2780 1787 magnam
2826 1719 3327 1790 persecutionem,
3358 1722 3504 1795 quia
3550 1738 3680 1779 ora-

2013 1807 2209 1863 tiones
2239 1806 2313 1862 de
2356 1806 2491 1879 ipso
2536 1805 2691 1862 sicut
2739 1805 2821 1861 illi
2861 1807 3194 1880 proferunt,
3226 1826 3350 1867 non
3393 1816 3533 1869 sunt
3562 1815 3681 1869 Deo

2016 1894 2434 1969 acceptabiles.
2454 1918 2480 1944 »
2513 1894 2618 1951 Cui
2639 1909 2752 1965 ego
2778 1911 2791 1949 :
2827 1917 2853 1943 «
2877 1897 2920 1952 Ο
2940 1895 3214 1968 linguam
3234 1899 3683 1972 praecidendam

2016 1992 2076 2041 et
2127 2003 2162 2039 ει
2206 1983 2458 2040 canibus
2489 1983 2991 2041 devorandam!»
3035 1988 3268 2045 Jannes
3307 1994 3365 2046 et
3391 1990 3685 2049 Mambres

2017 2074 2361 2131 restiterunt
2396 2074 2599 2147 Moysi,
2634 2076 2692 2130 et
2717 2074 2825 2131 iste
2872 2076 3309 2147 Longobardus
3349 2079 3564 2137 resistit
3590 2097 3687 2138 ve-

2019 2163 2206 2232 ritati;
2266 2179 2391 2219 non
2440 2162 2600 2219 valet
2647 2164 3158 2236 comprehendere
3201 2168 3531 2241 veritatem,
3561 2184 3685 2226 non

2022 2252 2273 2326 suscipit
2319 2252 2448 2326 ipse
2473 2252 2806 2323 veritatem,
2837 2257 2896 2310 et
2926 2270 3030 2312 eos
3058 2257 3164 2330 qui
3192 2258 3526 2331 suscipiunt
3553 2276 3687 2333 pro-

2020 2343 2209 2412 hibet,
2240 2346 2298 2400 et
2322 2342 2566 2399 adducit
2596 2343 2710 2399 sibi
2736 2343 2989 2402 celerem
3018 2346 3435 2420 perditionem.
3465 2350 3567 2408 Sui
3588 2366 3690 2407 au-

2022 2434 2250 2491 ditores
2298 2451 2335 2492 a
2370 2433 2614 2490 veritate
2665 2434 2942 2492 auditum
2990 2442 3285 2508 avertunt,
3330 2440 3411 2497 ad
3452 2440 3690 2498 fabulas

2024 2528 2232 2581 autem
2284 2526 2729 2580 convertuntur.
2774 2524 2982 2582 Simon
3028 2543 3246 2598 magus
3288 2530 3363 2585 de
3409 2532 3579 2588 Petro
3635 2535 3693 2587 et

2024 2614 2211 2670 Paulo
2264 2612 2675 2688 apostolorum
2721 2614 3098 2688 principibus
3155 2619 3368 2675 Neroni
3413 2619 3687 2676 dicebat:

2024 2705 2142 2760 Isti
2171 2704 2434 2761 homines
2467 2710 2678 2761 contra
2720 2719 2971 2776 regnum
3024 2713 3193 2763 tuum
3237 2715 3448 2781 agunt,
3480 2713 3694 2767 Zaroes

2027 2798 2087 2851 et
2115 2795 2365 2865 Arfaxat
2404 2793 2479 2850 de
2531 2793 2772 2851 Simone
2829 2798 2887 2852 et
2932 2796 3172 2853 Taddeo
3214 2797 3501 2871 apostolis
3533 2798 3696 2856 dice—

248 2891 422 2966 gulos
451 2889 722 2945 invocari
770 2900 899 2942 non
929 2885 1201 2956 possunt.
1242 2884 1394 2966 Mam
1420 2883 1635 2953 praeter
1663 2882 1990 2966 quatuori;
2030 2884 2218 2941 bant:
2283 2885 2528 2942 Veniant
2579 2885 2660 2941 ad
2708 2900 2807 2942 vos
2856 2886 3087 2943 inimici
3137 2886 3382 2946 deorum
3434 2895 3487 2946 et
3544 2891 3702 2961 teges

249 2963 674 3045 evangelistas,
709 2973 852 3026 sunt
881 2966 981 3025 alii
1028 2964 1423 3035 evangelistw,
1456 2968 1520 3021 ut
1569 2967 1757 3020 Lucas
1795 2963 1924 3037 ipse
2034 2980 2264 3031 vestras
2294 2974 2658 3031 subvertent.
2699 2976 2898 3032 Aman
2944 2976 3227 3050 Agapites
3264 2976 3393 3049 regi
3438 2980 3707 3035 Assuero

249 3069 312 3125 in
340 3064 588 3122 Actibus
640 3058 1062 3135 apostolorum
1105 3057 1546 3112 commemorat
1586 3052 1927 3126 Philippum
2036 3064 2309 3122 dicebat:
2362 3065 2471 3120 Est
2502 3080 2646 3135 gens
2694 3065 3043 3123 Judaeorum
3088 3068 3150 3123 in
3196 3083 3380 3140 regno
3428 3074 3529 3127 tuo
3575 3084 3713 3141 qua:
3756 3116 3767 3127 .

254 3152 713 3224 evangelistam,
744 3149 852 3224 qui
902 3164 1058 3204 unus
1101 3146 1210 3202 fuit
1252 3161 1325 3202 ex
1375 3148 1605 3217 septem
1635 3142 1925 3211 diaconis,

2031 3155 2322 3225 proprias
2354 3155 2509 3225 leges
2536 3159 2713 3222 tenet,
2747 3160 2801 3211 et
2831 3156 3075 3213 inimica
3106 3161 3191 3212 est
3221 3158 3361 3213 tuis.
3388 3156 3715 3216 Athenien-

258 3244 367 3317 qui
391 3243 742 3300 eunuchum
776 3236 1072 3297 Candacis
1116 3235 1340 3307 reginae
1369 3232 1712 3308 baptizavit,
1744 3237 1800 3290 et
1828 3233 1934 3307 qui
2042 3258 2139 3298 ses
2185 3242 2260 3299 de
2303 3240 2487 3298 Paulo
2535 3241 2855 3300 dicebant:
2915 3245 3221 3301 Novarum
3279 3247 3714 3304 dmoniorum

264 3352 300 3391 a
331 3333 539 3409 spiritu
568 3336 780 3405 raptus
812 3329 1091 3386 inventus
1137 3330 1227 3383 est
1254 3325 1319 3381 in
1348 3326 1551 3393 Azoto,
1585 3327 1643 3380 et
1670 3328 1938 3397 pertran-

2047 3332 2458 3389 annunciator
2500 3337 2583 3387 est
2614 3333 2753 3397 iste.
2776 3330 3090 3388 Pontiﬁces
3120 3335 3178 3388 et
3204 3332 3483 3390 Pharisaei
3512 3335 3715 3391 conci-

266 3426 425 3481 siens
456 3420 909 3493 evangelizabat
956 3418 1244 3475 civitates.
1288 3419 1418 3473 Non
1464 3416 1627 3473 enim
1674 3419 1763 3471 est
1807 3415 1938 3488 ipse
2047 3421 2199 3478 lium
2242 3424 2453 3477 contra
2490 3421 2815 3478 Dominum
2859 3425 3194 3491 tenuerunt,
3226 3422 3521 3481 dicentes:
3557 3424 3717 3493 Quid

269 3514 577 3587 Philippus
606 3509 944 3585 apostolus,
977 3512 1041 3565 ut
1068 3506 1327 3580 quidam
1357 3503 1661 3562 falluntur.
1692 3508 1825 3577 Ipse
1854 3507 1943 3561 est
2051 3512 2331 3583 facimus,
2357 3511 2502 3584 quia
2531 3511 2628 3568 hic
2660 3511 2833 3569 homo
2876 3513 3071 3569 multa
3098 3514 3272 3584 signa
3301 3514 3500 3584 facit?
3538 3513 3597 3572 si
3625 3515 3716 3571 ἀί..

272 3618 520 3677 quoque
546 3599 875 3673 Philippus,
908 3612 1032 3653 non
1062 3593 1376 3670 apostolus
1408 3593 1515 3649 sed
1554 3593 1943 3662 evangelista,

2052 3600 2347 3656 mittimus
2398 3615 2539 3655 eum
2586 3601 2670 3657 sic
2718 3616 2916 3658 omnes
2960 3600 3201 3657 credent
3242 3601 3307 3656 in
3346 3616 3497 3658 cum.
3529 3599 3719 3658 Judaei

274 3693 380 3767 qui
403 3689 781 3749 descendens
807 3689 870 3743 in
918 3686 1219 3743 civitatem
1268 3683 1551 3741 Samariae
1581 3682 1950 3756 praedicabat
2058 3688 2241 3745 Pilato
2265 3686 2578 3744 dicebant:
2621 3689 2915 3747 Seductor
2940 3690 3047 3745 ille
3073 3688 3229 3745 dixit
3258 3690 3459 3747 adhuc
3482 3691 3716 3748 vivens:

280 3783 393 3840 illis
428 3781 749 3849 Christum,
782 3794 893 3852 per
939 3793 1123 3850 quem
1172 3775 1380 3831 Simon
1426 3776 1633 3844 Magus
1681 3773 1949 3843 credidit,

2058 3780 2203 3835 Post
2231 3783 2349 3833 tres
2375 3777 2498 3833 dies
2529 3792 2862 3850 resurgam.
2899 3778 3149 3851 Impedit
3172 3794 3283 3835 nos
3317 3781 3587 3849 Satanas,
3612 3781 3722 3837 sed

285 3873 380 3930 cui
409 3872 590 3928 etiam
639 3869 836 3943 primo
885 3865 1253 3925 adhaerebat.
1292 3867 1357 3920 Et
1385 3863 1610 3921 Paulus
1639 3863 1953 3937 apostolus
2061 3883 2186 3925 non
2234 3866 2647 3922 erubescimus
2682 3870 3034 3937 veritatem;
3087 3866 3301 3925 reddat
3339 3868 3390 3925 ei
3433 3869 3723 3927 Dominus

288 3963 364 4018 de
394 3962 522 4019 aliis
553 3958 841 4035 apostolis
886 3962 943 4014 et
979 3953 1364 4026 evangelistis
1391 3970 1547 4029 quos
1576 3958 1715 4027 post
1742 3970 1957 4011 ascen-

2065 3955 2403 4013 secundum
2458 3970 2646 4027 opera
2698 3956 2848 4029 ejus,
2909 3954 3055 4029 quia
3104 3954 3281 4011 valde
3328 3956 3545 4014 resistit
3599 3974 3727 4014 ver-

294 4053 524 4109 sionem
575 4065 753 4106 suam
784 4046 1072 4105 Dominus
1100 4044 1279 4116 elegit
1306 4044 1553 4112 multos,
1587 4043 1697 4100 ait:
1730 4046 1811 4100 Et
1836 4045 1962 4115 ipse
2064 4047 2160 4103 bis
2192 4044 2448 4113 nostris;
2483 4044 2668 4102 habet
2709 4046 2971 4120 speciem
3015 4044 3269 4117 pietatis,
3303 4046 3411 4103 sed
3447 4046 3726 4115 virtutem

293 4142 458 4199 dedit
523 4140 814 4213 quosdam
870 4137 1109 4209 quidem
1169 4135 1490 4206 apostolos,
1548 4133 1699 4190 alios
1762 4140 1962 4190 autem
2068 4135 2199 4206 ejus
2256 4133 2560 4203 abnegat;
2623 4133 2810 4191 habet
2879 4134 3091 4204 zelum,
3155 4135 3262 4191 sed
3322 4151 3447 4192 non
3523 4152 3732 4194 secun-

291 4231 717 4301 evangelzistas,
773 4227 923 4283 alios
979 4240 1117 4283 vero
1167 4222 1493 4295 prophetas
1553 4226 1607 4278 et
1673 4222 1960 4320 doctores.
1997 4266 2042 4320 Β
2070 4225 2220 4282 dum
2250 4221 2726 4320 scientiam._Ego
2746 4241 2910 4292 vero,
2936 4223 2984 4280 si
3004 4223 3356 4283 fulminibus
3379 4226 3573 4297 igneis
3594 4244 3733 4286 con-

292 4326 448 4379 Nam
480 4318 633 4376 Silas
656 4322 716 4374 et
739 4316 923 4373 Judas
953 4312 1210 4389 apostoli
1236 4312 1315 4369 ab
1341 4312 1472 4370 aliis
1493 4310 1781 4384 apostolis
1806 4311 1967 4368 ordi-

290 4409 443 4478 nati,
472 4406 782 4480 prophetae
808 4404 1110 4475 dicuntur,
1141 4406 1197 4459 et
1226 4418 1262 4459 a
1290 4400 1601 4475 prophetis
1633 4404 1689 4457 et
1716 4400 1971 4458 doctori-

2074 4328 2341 4370 sumerer
2368 4313 2431 4368 in
2451 4313 2566 4369 hac
2592 4312 2765 4383 hora,
2790 4330 3180 4387 nequaquam
3212 4315 3548 4375 testimonia
3568 4334 3736 4375 sanc-

2076 4409 2277 4461 torum
2349 4405 2591 4459 Patrum
2668 4408 3016 4462 nostrorum
3093 4407 3556 4477 transgrederer,
3629 4408 3733 4465 sed

294 4500 417 4555 bus
451 4495 672 4552 Paulus
702 4493 1013 4551 ordinatus
1040 4495 1128 4548 est
1157 4491 1489 4564 apostolus.
1524 4494 1702 4546 Porro
1745 4490 1819 4547 de
1844 4489 1971 4547 Vita
2078 4492 2516 4550 exclamarem:
2562 4493 2842 4566 Apostole
2895 4494 3105 4552 Christi
3152 4496 3447 4566 Martialis,
3499 4496 3733 4553 salvum

300 4585 586 4645 Martialis
618 4583 891 4658 apostoli,
918 4599 1106 4657 quam
1149 4580 1434 4638 mentitur
1479 4579 1795 4638 hrereticus
1848 4596 1971 4636 non
2080 4598 2179 4638 me
2225 4580 2338 4636 fac.
2376 4580 2433 4638 Si
2470 4584 2662 4637 totum
2692 4581 3126 4639 monasterium
3170 4583 3356 4656 ipsius
3397 4584 3652 4658 apostoli
3681 4589 3738 4641 et

304 4695 443 4734 esse
475 4676 812 4748 antiquam,
842 4672 984 4730 audi
1013 4671 1266 4746 qualiter
1288 4671 1609 4728 Donadeus
1638 4670 1976 4727 monachus

309 4767 591 4840 ejusdem
641 4763 914 4838 apostoli,
946 4763 1080 4819 licet
1130 4762 1484 4830 illitteratus,
1513 4761 1777 4832 arguerit
1814 4775 1979 4816 men-

310 4856 473 4915 dacii
532 4854 860 4928 quemdam
913 4857 1049 4910 ante
1103 4852 1216 4909 hos
1269 4851 1482 4909 decem
1529 4865 1724 4907 annos
1783 4864 1982 4920 gram-

312 4947 614 5004 maticum
667 4943 930 5001 alienum
986 4940 1253 4999 similiter
1308 4941 1631 4999 fallentem.
1673 4938 1983 5011 Ingeniosa

316 5030 498 5094 duxit
545 5034 854 5091 hominem
908 5032 971 5089 in
1022 5031 1335 5090 basilicam
1368 5033 1670 5088 vetustam
1720 5027 1987 5087 Salvato-
2092 5042 2190 5097 ne,
2220 5025 2501 5100 precibus
2527 5026 2905 5100 adjuvemur,
2937 5030 3003 5082 ut
3040 5030 3098 5082 et
3138 5042 3173 5082 a
3214 5028 3434 5085 nostris
3475 5029 3744 5087 reatibus

316 5127 425 5194 ris,
487 5140 624 5198 quae
692 5122 880 5180 nimia
932 5124 1221 5179 vetustate
1278 5124 1418 5177 tunc
1465 5119 1707 5177 ruinam
1756 5118 1991 5175 minita-
2096 5116 2374 5184 absoluti,
2430 5116 2509 5174 ab
2561 5115 3012 5173 imminentibus
3066 5115 3348 5189 periculis
3401 5118 3747 5193 liberemur,

320 5215 452 5284 bat,
524 5217 583 5270 et
656 5215 791 5270 ante
861 5212 973 5268 hos
1048 5214 1277 5286 septem
1361 5225 1554 5267 annos
1631 5211 1721 5266 est
1791 5206 1990 5264 diruta
2097 5223 2203 5281 per
2234 5205 2535 5265 Christum
2572 5205 2897 5262 Dominum
2924 5208 3217 5263 nostrum.
3253 5210 3433 5266 Porro
3465 5210 3753 5267 sermoni-

324 5319 527 5378 usque
552 5302 633 5361 ad
654 5302 872 5370 solum,
901 5306 958 5358 et
979 5300 1093 5358 ait:
1125 5302 1237 5358 Dic
1267 5300 1419 5357 mihi
1435 5301 1489 5356 si
1506 5305 1591 5357 est
1614 5302 1845 5356 vetusta
1867 5298 1991 5355 haec
2098 5296 2215 5353 bus
2240 5295 2620 5367 sapientium,
2637 5294 2772 5349 licet
2784 5309 3139 5367 paucorum,
3164 5298 3363 5370 potius
3383 5299 3752 5356 credendum

332 5395 637 5451 basilica?
679 5391 1112 5448 Grammaticus
1144 5390 1356 5446 stultus
1400 5388 1744 5464 respondit:
1792 5388 1990 5443 Etiam
2102 5390 2189 5441 est
2248 5400 2435 5457 quam
2511 5382 2763 5438 indoctae
2840 5383 3235 5441 multitudinis
3288 5387 3449 5460 vulgi
3523 5388 3753 5461 opinio-

333 5487 848 5559 antequingentos
864 5498 1050 5541 annos
1074 5484 1196 5553 fuit
1226 5486 1474 5539 vetusta.
1499 5477 2002 5539 Moxibiostendit
2105 5474 2302 5530 nibus.
2363 5476 2514 5530 Nam
2575 5471 2895 5530 multitudo
2960 5475 3271 5549 popularis
3332 5476 3522 5534 nescit
3574 5476 3756 5534 aliam

336 5578 389 5636 ei
420 5578 687 5651 picturas
716 5573 907 5633 multa
945 5573 1292 5648 antiquitate
1335 5571 1432 5629 vix
1464 5573 1764 5646 parentes,
1795 5571 1853 5625 et
1875 5567 1995 5626 ait:
2107 5563 2519 5623 auctoritatem
2555 5565 2768 5637 praeter
2813 5564 3011 5635 istam,
3042 5564 3277 5623 dicens:
3312 5566 3468 5634 Quid
3493 5564 3759 5624 fecerunt

2084 4674 2206 4728 tota
2237 4670 2439 4726 civitas
2470 4670 2910 4727 Lemovicensis
2952 4671 3118 4727 omni
3159 4672 3345 4728 modo
3386 4673 3565 4728 hodie
3599 4673 3739 4742 igne

2086 4762 2470 4828 cremaretur,
2498 4773 2612 4814 nec
2643 4758 2727 4815 sic
2771 4759 2877 4833 qui
2918 4774 3059 4815 eum
3087 4759 3341 4831 diligunt
3379 4760 3743 4817 dimitterent

2088 4863 2307 4921 puram
2342 4846 2652 4903 veritatem
2697 4847 2905 4920 ipsius,
2938 4846 3045 4904 sed
3072 4850 3215 4903 tunc
3243 4847 3548 4905 ardentius
3585 4853 3643 4906 et
3677 4849 3745 4906 ﬁ-

2090 4937 2383 4995 ducialius
2412 4936 2741 4996 clamarent
2766 4954 2779 4993 :
2807 4935 3073 5012 Apostoli
3103 4936 3188 4993 tui
3216 4936 3511 5008 Martialis,
3542 4939 3744 4997 Domi-
