4048 6178
393 108 490 161 103
1554 100 1873 156 ADEMARI
1916 98 1972 154 S.
2015 115 2016 130 π

2129 94 2298 151 ARDI
2337 98 2674 155 MONACHI.
3723 110 3829 165 1M

388 233 473 285 tot
512 226 802 301 episcopi,
850 229 935 282 tot
973 224 1245 293 abbates,
1288 226 1372 279 tot
1418 222 1716 296 sapientes
1764 219 2049 278 transacti
2076 225 2123 277 A
2162 218 2270 289 qui
2296 223 2700 289 apostolorum
2722 226 2977 294 junctus
3004 224 3275 298 collegio,
3300 233 3596 297 potestate
3623 230 3828 300 ligan-

387 324 524 377 ante
551 319 842 374 ducentos
872 331 1064 370 annos
1083 314 1111 370 ?
1157 316 1477 385 Nunquam
1509 312 1770 385 amplius
1816 308 2048 367 audivi-
2159 308 2226 363 di
2251 313 2432 380 atque
2455 313 2727 369 solvendi
2752 321 2998 384 accepta
3028 330 3065 371 a
3095 316 3366 383 Domino,
3396 335 3517 375 non
3543 320 3841 378 dissimili

387 426 524 465 mus
572 411 898 465 Martialem
946 419 1078 460 esse
1117 402 1481 475 apostolum.
1533 405 1648 460 Cur
1674 403 1789 458 hoc
1816 402 2052 457 mutant
2159 411 2293 452 cum
2319 401 2603 467 apostolis
2632 408 2716 458 est
2748 401 2991 459 honoris
3012 419 3153 460 usus
3173 406 3523 478 privilegio;
3555 411 3612 463 et
3630 408 3832 465 multa

383 499 477 555 isti
508 497 807 571 sapientes
827 496 854 551 ?
885 493 1028 550 satis
1067 492 1252 549 habet
1281 491 1596 548 honorem.
1632 495 1696 547 Et
1725 490 1810 547 sic
1838 489 2050 558 lingua
2158 484 2295 554 alia,
2327 486 2388 543 in
2418 489 2641 561 quibus
2686 491 2995 564 apostolus
3036 492 3432 566 praedicatur;
3486 511 3648 554 nunc
3676 514 3829 555 vero

381 593 674 645 venenata
695 585 1039 643 invidorum
1068 581 1289 638 decidit
1315 581 1379 637 in
1419 579 1881 654 blasphemiam_
1898 592 2050 651 pun-
2156 589 2264 647 per
2303 592 2494 634 unum
2532 580 2997 651 Langobardum
3047 583 3358 653 rusticum,
3391 590 3702 659 putantem
3757 604 3828 644 se

381 697 528 751 gens
562 679 721 736 talia.
769 680 848 733 De
897 674 997 731 illo
1038 672 1252 743 gradu,
1281 671 1388 728 ubi
1435 676 1589 729 Deus
1632 687 1772 728 eum
1822 667 2044 742 posuit,
2156 679 2285 720 esse
2324 669 2807 742 grammaticum,
2847 670 3220 745 derelinquet
3255 680 3587 731 conventus
3616 676 3827 732 erudi-

380 771 593 827 tollunt
621 784 783 835 eum,
816 771 873 822 et
919 764 1148 821 faciunt
1196 779 1336 819 eum
1387 760 1714 818 ascendere
1746 759 1850 815 ubi
1889 774 2043 814 nun-
2154 755 2353 810 torum
2381 757 2812 815 catholicorum
2856 760 3166 818 veritatem
3213 763 3522 836 antiquam
3572 767 3827 821 Patrum

376 875 564 932 quam
594 857 738 924 fuit;
781 860 839 911 et
873 852 985 927 ipsi
1016 850 1258 909 Martiali
1288 850 1405 906 hoc
1434 849 1761 905 molestum
1791 850 1898 902 est.
2150 848 2497 932 nostrorum
2518 848 2545 903 ?
2576 848 2825 905 Facilius
2854 855 3112 923 possunt
3142 852 3299 908 cervi
3327 869 3680 927 camporum
3708 871 3825 927 pa-

450 950 493 1005 Ο
547 945 739 1004 aculei
788 942 1095 1017 serpentis,
1141 958 1178 997 ο
1228 938 1469 1013 aspides
1511 938 1728 1005 surdze,
1769 954 1807 992 o
1835 936 2042 1005 lingua
2151 931 2240 987 sci
2293 932 2355 989 in
2410 935 2627 992 aethere
2674 954 2862 1011 quam
2911 944 3119 996 sancta
3148 946 3337 997 mater
3367 940 3623 998 Ecclesia
3651 943 3825 999 hanc

375 1038 635 1094 toxicata
690 1034 934 1101 diaboli,
992 1047 1127 1104 quae
1188 1029 1362 1086 solita
1417 1044 1481 1084 es
1534 1031 1772 1083 sanctos
1829 1025 1933 1081 Dei
1984 1028 2041 1080 et

375 1127 577 1200 ipsum
604 1129 789 1181 Deum
819 1122 1142 1178 dilacerare
1167 1136 1181 1187 ;
1233 1133 1368 1190 quae
1395 1132 1519 1172 non
1549 1115 1774 1171 desinis
1802 1130 2038 1188 perver-

375 1221 496 1273 tere
525 1216 651 1273 vias
701 1210 934 1269 Domini
963 1212 1186 1275 rectas;
1240 1223 1375 1279 quae
1399 1206 1461 1262 in
1491 1204 1773 1279 paradiso
1803 1203 2031 1261 dixisti:

373 1308 766 1377 Nequaquam
836 1304 1023 1356 morte
1094 1297 1450 1363 moriemini,
1514 1299 1570 1350 et
1626 1294 2032 1367 protoplastos

373 1392 752 1458 interemisti;
786 1405 921 1463 quae
952 1385 1150 1443 dixisti
1194 1386 1270 1441 de
1319 1384 1461 1440 Filio
1506 1383 1643 1440 Dei:
1676 1385 1793 1440 Hic
1818 1390 1900 1440 est
1933 1384 2033 1441 ho-

374 1500 467 1540 mo
498 1496 689 1539 vorax
718 1495 789 1536 ac
810 1482 1056 1548 potator
1084 1476 1228 1543 vini,
1257 1479 1315 1530 et
1348 1476 1466 1530 Hic
1507 1480 1590 1530 est
1619 1474 1839 1543 Joseph
1866 1474 2039 1544 fabri

2149 1037 2325 1079 suam
2376 1026 2767 1098 purissimam
2812 1028 3121 1086 veritatem
3174 1030 3603 1104 derelinquere.
3646 1034 3823 1088 Hanc

2148 1127 2363 1169 sanam
2412 1118 2927 1187 consuetudinem,
2960 1119 3064 1175 etsi
3111 1119 3323 1177 insulsi
3364 1121 3507 1177 olim
3561 1136 3821 1196 respue-

2145 1208 2302 1271 runt,
2336 1220 2457 1261 non
2489 1209 2690 1263 tamen
2720 1207 3067 1277 amiserunt,
3100 1210 3207 1266 sed
3248 1210 3417 1266 inviti
3446 1215 3503 1266 et
3527 1211 3824 1280 ignoran-

2144 1294 2232 1346 tes
2280 1307 2353 1349 ex
2395 1300 2562 1367 parte
2608 1295 2980 1353 retinuerunt
3030 1297 3369 1368 scintillam,
3401 1304 3459 1356 et
3500 1299 3717 1356 eruditi
3749 1301 3817 1356 in

2140 1379 2360 1438 litaniis
2423 1392 2914 1442 reservaverunt:
2983 1404 3056 1443 ex
3111 1404 3232 1461 qua
3286 1389 3539 1446 scintilla
3590 1389 3817 1445 reluxit

2141 1471 2327 1527 modo
2355 1476 2421 1528 ut
2451 1472 2541 1529 sol
2568 1474 2822 1547 pulchra
2856 1476 3122 1533 veritatis
3153 1479 3547 1547 consuetudo,
3581 1478 3814 1549 glorifi-

372 1576 577 1645 ﬁlius;
624 1586 760 1644 quae
808 1565 1005 1623 dixisti
1048 1581 1156 1639 per
1184 1565 1557 1620 Pharaonem
1586 1581 1599 1618 :
1636 1564 1774 1631 Quis
1800 1569 1885 1620 est
1912 1566 2031 1619 Do-
2064 1581 2102 1635 3
2141 1564 2313 1616 cante
2342 1562 2459 1618 Deo
2490 1567 2761 1635 tempora
2790 1564 3045 1637 piissimi
3074 1566 3329 1639 pastoris
3355 1566 3545 1624 nostri
3569 1566 3811 1624 Odolri-

372 1666 590 1731 minus,
623 1667 689 1716 ut
718 1659 963 1716 audiam
1004 1672 1198 1713 vocem
1244 1656 1418 1723 ejus?
1452 1655 1662 1710 Nescio
1688 1655 2027 1724 Dominum,

372 1761 428 1812 et
482 1752 669 1808 Israel
716 1765 837 1805 non
884 1746 1227 1814 dimittam;
1275 1758 1412 1816 quae
1458 1741 1657 1797 dixisti
1706 1741 1845 1798 Filio
1894 1742 2025 1798 Dei:

2140 1649 2194 1704 ci
2222 1654 2278 1706 et
2297 1650 2561 1725 episcopi
2585 1653 2852 1710 Jordani.
2885 1654 3035 1721 Quia
3064 1671 3207 1726 ergo
3232 1656 3553 1713 Martialem
3578 1657 3811 1731 praedi-

2139 1755 2350 1795 camus
2378 1740 2441 1796 in
2470 1741 2709 1798 veritate
2740 1743 3105 1816 apostolum,
3140 1744 3362 1815 gaudet
3398 1744 3548 1819 ipse,
3573 1745 3811 1817 gaudet

2137 1830 2312 1901 Deus,
2381 1830 2648 1901 gaudent
2723 1832 2922 1903 angeli
2992 1839 3050 1889 et
3116 1849 3327 1890 omnes
3402 1834 3593 1891 sancti
3640 1834 3803 1906 ejus.

2135 1918 2416 1975 Tristatur
2466 1919 2767 1992 diabolus,
2821 1923 3130 1980 tristantur
3171 1923 3431 1980 haeretici
3477 1928 3535 1979 et
3584 1923 3803 1992 invidi,

374 1846 521 1901 Htec
549 1840 745 1897 omnia
801 1837 909 1892 tibi
943 1835 1117 1903 dabo,
1148 1834 1201 1888 si
1245 1833 1463 1889 cadens
1511 1831 1858 1888 adoraveris
1896 1847 1989 1887 me
2007 1845 2030 1902 ,-

371 1946 507 2003 quae
537 1928 628 1983 vis
667 1941 877 1982 omnes
931 1922 1164 1993 cadere,
1193 1920 1422 1977 nullam
1451 1920 1675 1992 erigere
1702 1938 1715 1989 ;
1766 1936 1902 1993 quae
1932 1923 2027 1976 Ju-

371 2020 517 2076 dam
545 2018 620 2073 de
651 2013 990 2089 apostolatu
1016 2011 1318 2083 dejecisti;
1364 2027 1500 2077 quae
1532 2010 1727 2083 aperis
1758 2026 1826 2066 os
1856 2013 2026 2065 tuum
2134 2013 2191 2064 et
2237 2024 2376 2065 cum
2429 2008 2652 2066 invidia
2703 2027 2813 2067 sua
2878 2011 3236 2082 moriuntur,
3290 2012 3405 2069 nisi
3457 2029 3495 2069 a
3549 2012 3804 2069 diabolo

368 2110 431 2165 in
479 2104 890 2180 blasphemias
946 2101 1024 2159 ad
1072 2104 1282 2165 Deum,
1322 2099 1743 2173 blasphemare
1801 2115 2025 2155 nomen
2133 2097 2575 2170 disjungantur.
2631 2100 2934 2157 Testiﬁcor
2984 2117 3192 2158 coram
3255 2105 3374 2158 Deo
3435 2107 3494 2159 et
3563 2102 3802 2160 Christo

369 2198 499 2269 ejus
529 2201 586 2253 et
613 2191 1068 2251 tabernaculum
1099 2191 1251 2260 ejus,
1285 2193 1343 2245 et
1371 2204 1473 2244 eos
1516 2188 1620 2261 qui
1653 2187 1714 2243 in
1744 2187 1894 2243 caalo
1922 2188 2026 2243 ha-
2130 2190 2289 2251 Jesu.
2339 2189 2442 2261 qui
2493 2193 2782 2245 venturus
2840 2192 2929 2246 est
2977 2191 3250 2262 judicare
3304 2191 3471 2248 vivos
3513 2208 3583 2248 ac
3634 2208 3804 2247 mor-

364 2288 593 2355 bitant;
644 2301 779 2358 quae
808 2296 1055 2355 corpora
1098 2283 1432 2351 martyrum
1476 2278 1860 2347 submergere
1891 2275 2025 2333 feci-
2133 2282 2285 2346 tuos,
2318 2295 2425 2351 per
2456 2279 2782 2335 adventum
2820 2279 3032 2353 ipsius,
3064 2285 3122 2337 et
3148 2296 3402 2353 regnum
3431 2271 3598 2353 ejus';
3633 2280 3801 2337 testi-

368 2377 460 2445 sti,
494 2376 735 2432 dicens:
769 2373 860 2428 Ne
890 2370 1227 2428 Christiani
1255 2368 1369 2423 sibi
1394 2373 1694 2437 martyres
1715 2368 2027 2438 facerent;
2130 2366 2278 2422 ﬁcor
2323 2371 2380 2423 et
2416 2383 2621 2424 coram
2673 2368 2893 2441 Spiritu
2937 2374 3166 2439 sancto,
3216 2369 3320 2443 qui
3371 2368 3799 2444 apostolorum

2131 2463 2372 2529 pectora
2416 2458 2788 2515 invisibiliter
2844 2460 3197 2533 penetravit,
3243 2460 3290 2516 si
3344 2461 3491 2517 mihi
3536 2460 3803 2517 visibilis

2129 2546 2314 2603 modo
2344 2554 2659 2621 appareret
2686 2548 2747 2604 in
2776 2547 2926 2605 facie
2950 2565 3088 2606 mea
3118 2549 3391 2607 Martialis
3420 2550 3570 2624 ipse,
3602 2554 3661 2607 et
3688 2566 3796 2607 me

2127 2635 2514 2707 interrogaret
2541 2636 2783 2694 dicens:
2820 2638 2943 2707 Que
2969 2654 3061 2696 me
3089 2640 3297 2696 dicunt
3325 2640 3588 2697 homines
3619 2655 3747 2697 esse
3767 2644 3799 2695 Ρ

2127 2741 2240 2797 ego
2286 2726 2413 2782 sine
2469 2725 2673 2799 aliqua
2724 2727 3117 2797 haesitatione,
3162 2727 3669 2786 conﬁdentissime
3716 2744 3794 2786 ac

2125 2815 2570 2889 promptissime
2626 2815 2899 2888 protinus
2959 2815 3011 2873 ei
3062 2817 3491 2891 responderem
3532 2816 3787 2874 dicens:

2126 2904 2237 2960 Alii
2290 2904 2688 2977 apostolicum
2741 2905 2960 2974 virum,
3020 2905 3120 2963 alii
3177 2922 3369 2963 unum
3420 2906 3495 2963 de
3551 2906 3795 2981 episco-

2121 2993 2234 3067 pis,
2287 2993 2386 3049 alii
2446 3009 2636 3049 unum
2707 2995 2781 3050 de
2849 2994 3069 3067 ignotis
3136 2995 3380 3066 sanctis,
3433 3000 3539 3054 aut
3582 3012 3790 3053 unum

2120 3100 2195 3141 ex
2233 3083 2693 3141 confessoribus.
2729 3087 2795 3140 Et
2824 3085 2873 3141 si
2902 3085 3250 3155 dignaretur
3285 3101 3382 3143 me
3409 3084 3788 3157 interrogare

2119 3174 2363 3231 dicens:
2406 3196 2434 3223 ‹‹
2457 3173 2765 3231 Odolricus
2796 3190 2936 3230 vero
2965 3175 3158 3234 abbas
3186 3192 3378 3246 meus,
3406 3180 3464 3233 et
3490 3176 3787 3233 monachi

2118 3264 2259 3334 mei,
2291 3269 2347 3320 et
2393 3263 2711 3337 episcopus
2751 3280 2923 3321 meus
2967 3265 3284 3336 Jordanus,
3333 3268 3512 3335 Quem
3533 3272 3634 3324 'me
3659 3282 3789 3324 esse
3874 3316 3886 3325 .

2118 3354 2366 3410 dicunt?
2386 3372 2417 3407 δ
2447 3368 2560 3425 ego
2588 3354 2862 3427 protinus
2884 3354 3335 3428 responderem,
3368 3378 3396 3406 «
3416 3356 3787 3429 Apostolum

2120 3442 2241 3500 Dei.
2262 3466 2291 3495 »
2341 3446 2462 3514 Ego
2488 3448 2689 3500 autem
2718 3444 3051 3502 Ademarus
3087 3444 3371 3518 indignus
3402 3463 3609 3503 servus
3641 3450 3787 3503 tuus

2117 3531 2402 3589 veraciter
2431 3532 2629 3599 credo,
2659 3531 2945 3589 confiteor
2984 3538 3041 3590 et
3083 3532 3218 3591 dico
3260 3534 3403 3608 quia
3444 3539 3505 3590 tu
3546 3550 3610 3592 es
3640 3550 3786 3591 vere

2119 3637 2378 3693 magnus
2421 3624 2478 3676 et
2528 3620 2825 3693 egregius,
2882 3627 2939 3679 et
2993 3622 3401 3680 nobilissimus
3468 3624 3787 3698 apostolus

2118 3710 2256 3778 Dei;
2290 3715 2348 3766 et
2384 3708 2488 3782 qui
2533 3714 2586 3765 te
2615 3710 2967 3767 contradicit
2996 3728 3132 3768 esse
3162 3711 3525 3785 apostolum,
3556 3712 3647 3769 ira
3680 3712 3790 3769 Dei

2118 3797 2297 3855 cadat
2340 3812 2520 3870 super
2557 3796 2749 3867 illum,
2781 3802 2836 3854 et
2867 3798 2941 3854 sit
2986 3799 3240 3872 perditio
3270 3800 3329 3856 in
3360 3800 3626 3857 adventu
3670 3804 3789 3859 Do-

2117 3886 2266 3943 mini
2309 3886 2501 3942 nostri
2536 3889 2674 3942 Jesu
2705 3887 2918 3944 Christi
2950 3888 3071 3944 Filii
3102 3889 3222 3959 Dei,
3255 3890 3360 3963 qui
3390 3895 3443 3947 te
3467 3906 3577 3965 per
3605 3907 3669 3947 se
3699 3891 3793 3965 ip-

2119 3992 2256 4032 sum
2284 3974 2504 4032 docuit.
2541 3975 2655 4032 Sed
2683 3975 2872 4045 dubii,
2904 3977 3050 4051 quia
3095 3994 3218 4035 non
3263 3979 3518 4037 audiunt
3552 3997 3790 4038 nomen

2118 4069 2290 4121 tuum
2319 4064 2609 4137 scriptum
2646 4063 2706 4120 in
2758 4066 3109 4137 Evangeliis,
3147 4072 3202 4124 te
3230 4068 3508 4125 haesitant
3536 4075 3791 4143 aposto-

2117 4153 2246 4210 lum
2271 4172 2284 4223 ;
2318 4169 2527 4210 verum
2569 4169 2682 4225 ego
2711 4154 2990 4212 credulus
3019 4156 3303 4229 proﬁteor
3330 4158 3502 4215 tacite
3538 4164 3793 4232 praeter-

2119 4242 2374 4299 missum
2400 4257 2585 4299 causa
2606 4242 2863 4314 junioris
2892 4245 3079 4302 astatis
3106 4250 3256 4315 tute;
3285 4261 3426 4304 cum
3446 4252 3504 4303 et
3532 4248 3596 4303 in
3617 4250 3793 4305 Vete-

2120 4332 2171 4389 ri
2200 4336 2598 4389 Instrumento
2636 4348 2759 4388 non
2800 4339 3261 4392 numerarentur
3300 4336 3569 4405 Hasbra-i,
3600 4336 3725 4394 nisi
3752 4355 3795 4394 a

2120 4420 2329 4491 viginti
2352 4420 2526 4477 annis
2547 4426 2605 4477 et
2633 4437 2837 4495 supra.
2859 4423 3046 4493 Fides,
3072 4440 3209 4498 spes
3230 4430 3285 4482 et
3302 4425 3559 4482 charitas
3576 4442 3796 4483 meum

2122 4509 2484 4566 comitantur
2522 4510 2585 4566 in
2637 4511 2829 4568 ardua
2876 4527 3171 4585 gressum,
3203 4514 3352 4571 dum
3391 4514 3571 4571 credo
3615 4532 3797 4588 quae-

2122 4615 2362 4673 cunque
2391 4602 2595 4656 Petrus
2621 4617 2658 4657 a
2688 4600 2918 4659 Christo
2963 4608 3183 4660 secrete
3209 4608 3267 4660 et
3292 4620 3430 4660 cum
3460 4604 3799 4663 duodecim

2123 4688 2426 4759 audiebat,
2458 4694 2513 4746 te
2538 4706 2782 4764 quoque
2810 4707 2920 4765 per
2948 4693 3230 4750 eumdem
3260 4696 3499 4750 Petrum
3527 4698 3672 4752 tunc
3706 4697 3800 4752 si-

2120 4777 2247 4835 mili
2276 4777 2461 4835 modo
2492 4778 2752 4850 audisse,
2784 4785 2842 4837 et
2875 4781 3012 4839 ideo
3044 4782 3320 4854 gentibus
3360 4787 3414 4841 te
3444 4784 3804 4843 ﬁducialius

2122 4867 2420 4925 Christum
2447 4868 2829 4942 praedicasse,
2863 4874 2921 4928 et
2958 4886 3067 4944 per
3115 4876 3170 4928 te
3224 4872 3460 4944 gaudeo
3506 4873 3567 4930 in
3597 4875 3807 4934 Deum

2121 4954 2387 5012 similiter
2406 4956 2666 5025 credere,
2687 4973 3019 5032 omnesque
3043 4958 3300 5016 haereses
3316 4974 3624 5033 respuere,
3638 4960 3809 5020 dum

2120 5061 2295 5119 spero
2340 5061 2447 5119 per
2494 5051 2551 5103 te
2604 5045 2683 5103 ad
2710 5046 3005 5105 visionem
3051 5065 3306 5106 summa:
3344 5049 3642 5107 Trinitatis
3692 5067 3810 5109 me

2118 5139 2569 5207 perventurum,
2601 5140 2659 5193 et
2705 5136 2839 5210 ipsa
2884 5137 3224 5212 perenniter
3266 5138 3607 5209 fruiturum,
3640 5139 3812 5199 dum

2119 5239 2227 5296 per
2271 5228 2326 5281 te
2372 5225 2612 5282 charius
2660 5230 2718 5282 et
2762 5226 3069 5285 ardentius
3116 5226 3303 5301 diligo
3350 5228 3678 5286 Dominum
3707 5234 3818 5290 Je-

2121 5329 2259 5370 sum
2304 5313 2619 5372 Christum.
2657 5314 3010 5389 Quicunque
3053 5333 3090 5373 a
3136 5333 3234 5373 me
3279 5317 3405 5374 vult
3442 5318 3678 5378 auferre
3736 5327 3821 5380 ut

2120 5406 2174 5459 te
2206 5403 2386 5459 corde
2411 5420 2536 5461 non
2567 5404 2831 5473 credam,
2860 5410 2918 5461 et
2948 5421 3049 5463 ore
3075 5406 3364 5464 conﬁtear
3395 5406 3609 5464 Christi
3649 5424 3821 5483 apo-

2121 5492 2364 5561 stolum,
2398 5493 2631 5549 auferre
2660 5494 2788 5551 vult
2815 5510 2854 5552 a
2883 5511 2981 5553 me
3008 5496 3215 5568 ﬁdem,
3245 5512 3417 5571 spem
3444 5501 3501 5553 et
3538 5497 3820 5559 charita-

2123 5587 2267 5654 tem,
2287 5582 2414 5639 sine
2444 5582 2670 5657 quibus
2702 5596 2882 5644 nemo
2911 5585 3115 5646 salvus
3145 5603 3280 5645 esse
3295 5588 3511 5660 poterit
3533 5587 3594 5645 in
3623 5593 3822 5648 aeter-

366 2483 502 2539 quze
532 2480 638 2537 per
669 2463 973 2521 Simonem
1016 2462 1252 2529 Magum
1296 2456 1371 2513 de
1414 2459 1580 2512 Petro
1611 2455 2022 2530 apostolorum

366 2554 653 2630 principe,
683 2550 927 2607 dicebas
957 2548 1170 2606 Neroni
1194 2565 1207 2602 :
1240 2548 1357 2603 Hic
1386 2553 1469 2603 est
1493 2547 1664 2603 homo
1685 2546 2018 2615 imperitus,

362 2647 628 2716 piscator
672 2640 1180 2707 mendacissimus,
1231 2653 1337 2695 nec
1384 2638 1447 2693 in
1495 2636 1778 2705 moribus,
1810 2651 1919 2692 nec
1957 2635 2021 2691 in

362 2750 596 2808 genere,
647 2748 756 2790 nec
808 2733 870 2787 in
922 2731 1131 2801 aliqua
1171 2727 1466 2799 praeditus
1516 2730 1838 2795 potestate;
1884 2740 2020 2796 quae

363 2824 645 2898 Spiritum
687 2825 960 2878 sanctum
1008 2818 1304 2875 minorem
1354 2815 1514 2883 Filio,
1545 2818 1603 2871 et
1656 2814 1862 2870 Filium
1904 2814 2017 2869 mi-

361 2931 571 2971 norem
614 2916 780 2968 Patre
827 2909 1062 2965 dudum
1105 2905 1500 2980 praedicabas,
1533 2920 1693 2960 nunc
1724 2904 2015 2977 prtedicas
2045 2937 2085 2992 ο

362 3002 682 3061 Martialem
724 3016 853 3056 esse
909 2997 1205 3053 minorem
1248 2993 1570 3068 apostolis;
1620 2993 1766 3067 quin
1815 2994 2015 3067 potius

361 3094 630 3163 abnegas
672 3106 811 3146 eum
855 3102 991 3144 esse
1032 3085 1243 3144 Christi
1273 3083 1632 3158 apostolum.
1678 3083 1810 3151 Sed,
1833 3083 2016 3140 haere-

358 3182 490 3253 tice,
520 3181 685 3237 canis
726 3177 943 3247 invide,
976 3176 1319 3249 quicunque
1377 3174 1490 3230 hoc
1542 3173 1711 3243 dicis,
1757 3178 1912 3230 recte
1952 3173 2011 3230 in

356 3274 539 3344 caput
565 3274 734 3325 tuum
774 3265 1075 3323 mentiris:
1108 3264 1254 3337 quia
1285 3262 1548 3321 Christus
1584 3262 1860 3321 Martialis
1890 3279 2013 3319 ma-

356 3361 536 3431 gister
565 3358 691 3429 fuit,
722 3356 990 3414 Christus
1040 3353 1364 3410 Martialem
1395 3367 1502 3425 per
1540 3369 1603 3408 se
1647 3352 1868 3422 docuit,
1901 3369 2012 3425 pro

356 3449 584 3507 Christo
658 3445 932 3504 Martialis
1003 3443 1260 3498 multum
1346 3441 1661 3513 laboravit,
1710 3445 1775 3498 ut
1832 3458 2011 3498 verus

356 3535 682 3611 apostolus.
714 3532 1018 3590 Multitudo
1062 3530 1426 3603 sapientium
1456 3531 1677 3586 sanitas
1721 3534 1809 3587 est
1845 3531 2007 3587 orbis

356 3629 667 3680 terrarum.
702 3622 874 3688 Quod
919 3620 1319 3693 prtedicamus
1361 3619 1683 3678 Martialem
1713 3636 1842 3677 esse
1871 3637 2012 3695 apo-

356 3712 601 3783 stolum,
634 3710 999 3768 contrarium
1040 3714 1127 3766 est
1178 3708 1442 3779 diabolo,
1474 3708 1821 3765 delectabile
1851 3711 2011 3767 Chri-

354 3808 464 3859 sto.
518 3802 747 3857 Astutia
798 3799 1022 3856 diaboli
1077 3798 1277 3855 adhuc
1333 3798 1538 3854 dicunt
1592 3799 1864 3856 nonnulli
1915 3818 2013 3857 ru-

353 3892 521 3949 stici:
573 3891 755 3961 Magis
810 3888 1088 3946 volumus
1144 3887 1465 3946 Martialem
1524 3903 1658 3944 esse
1715 3889 2013 3947 confesso-

350 3998 478 4039 rem
527 3982 792 4056 primum
841 3996 1028 4053 quam
1076 3976 1415 4051 apostolum
1460 3976 1760 4034 ultimum.
1807 3980 1873 4033 Et
1896 3977 2011 4033 hac

349 4071 425 4127 de
455 4086 640 4127 causa
691 4069 769 4125 ab
814 4067 1055 4123 insnlsis
1099 4067 1229 4123 haec
1277 4082 1468 4139 prava
1497 4064 1870 4122 consuetudo
1898 4065 2010 4121 du-

349 4159 497 4214 dum
553 4158 824 4214 immissa
876 4161 982 4228 est,
1041 4172 1176 4230 quae
1241 4156 1425 4211 modo
1480 4155 1558 4211 ab
1610 4154 1853 4211 eruditis
1907 4170 2011 4227 pe-

347 4246 508 4303 nitus
535 4245 810 4303 abscissa
835 4250 939 4301 est.
975 4244 1138 4300 Docti
1164 4244 1325 4300 enim
1347 4243 1629 4299 credendi
1656 4248 1794 4299 sunt
1814 4243 2012 4316 potius

347 4351 535 4408 quam
560 4334 799 4405 vulgus,
835 4349 945 4389 nec
976 4333 1188 4389 doctus
1218 4332 1490 4389 assentiri
1521 4331 1699 4389 debet
1723 4331 2017 4406 opinioni-

346 4424 465 4480 bus
496 4424 678 4495 vulgi,
713 4423 818 4480 sed
844 4422 1058 4493 vulgus
1090 4421 1361 4479 assentiri
1390 4421 1595 4477 oribus
1637 4421 1815 4478 docti.
1850 4420 2014 4478 Docti

348 4514 510 4571 enim
536 4513 851 4585 fulgebunt
892 4516 958 4568 ut
986 4511 1271 4585 splendor
1300 4510 1682 4579 ﬁrmamenti,
1716 4516 1774 4567 et
1798 4510 1903 4583 qui
1933 4510 2013 4568 ad

339 4602 632 4675 justitiam
676 4600 958 4657 erudiunt
1005 4600 1225 4656 multos
1273 4599 1449 4673 quasi
1499 4597 1679 4655 stellae
1706 4598 1767 4654 in
1798 4614 2011 4672 perpe-

344 4696 480 4749 tuas
513 4691 886 4749 aeternitates.
931 4692 1305 4763 Quapropter
1346 4690 1502 4746 hanc
1542 4688 1838 4760 justitiam
1886 4704 2011 4745 non

341 4781 403 4837 in
434 4797 661 4838 vanum
691 4780 969 4837 ducimus
999 4778 1347 4852 praedicare.
1373 4777 1629 4849 Vestigia
1658 4777 1820 4833 enim
1851 4777 2012 4835 Chri-

347 4870 418 4927 sti
465 4870 648 4927 secuti
698 4873 838 4927 sunt
884 4868 1115 4941 priores
1162 4866 1457 4941 apostoli;
1510 4872 1650 4940 post
1679 4866 2007 4940 apostolos,

346 4965 678 5033 martyres;
724 4962 863 5033 post
895 4962 1211 5031 martyres,
1246 4956 1658 5028 confessores;
1709 4960 1848 5030 post
1874 4972 2013 5012 con-

346 5048 617 5119 fessores,
650 5048 945 5120 virgines;
994 5051 1133 5122 post
1158 5046 1435 5119 virgines,
1482 5047 1677 5103 viduae
1707 5064 1721 5115 ;
1769 5049 1907 5120 post
1933 5045 2014 5102 vi-

342 5138 515 5208 duas,
544 5139 932 5196 continentes.
966 5140 1121 5206 Quot
1160 5154 1303 5195 vero
1352 5137 1618 5212 episcOpi
1666 5135 2006 5205 orthodoxi,

346 5231 494 5299 quot
538 5229 734 5283 Patres
779 5227 1072 5296 catholici,
1105 5231 1254 5301 quot
1281 5226 1522 5283 litterati
1551 5225 1783 5283 lumina
1819 5223 2011 5281 Eccle-

343 5315 443 5370 εἰδῇ
493 5320 630 5372 ante
682 5332 792 5371 nos
836 5315 1026 5373 Vitam
1076 5315 1352 5373 Martialis
1392 5315 1672 5386 legebant
1702 5318 1759 5371 et
1806 5313 2008 5371 crede-

340 5404 507 5474 bant,
541 5406 677 5462 licet
729 5404 779 5461 si
818 5404 1230 5476 intelligerent,
1260 5405 1491 5462 desidia
1518 5406 1825 5461 tacerent?
1856 5407 2011 5471 Quot

342 5496 555 5553 eruditi
608 5499 747 5553 ante
802 5512 914 5552 nos
974 5495 1038 5551 in
1092 5502 1419 5570 conspectu
1472 5495 1574 5551 Dei
1624 5495 2005 5551 cecinerunt:

338 5584 385 5636 ο
426 5602 606 5660 quam
638 5584 934 5658 gloriosus
963 5592 1047 5644 est
1088 5588 1255 5644 miles
1284 5587 1648 5656 fortissimus
1677 5584 2002 5652 Martialis,

2046 4298 2089 4351 D
