4048 6178
246 108 349 158 105

1541 99 1754 155 EPIST.
1800 98 1892 151 DE
1938 99 1997 156 S.
2042 103 2396 163 MARTIALI.

3585 133 3602 183 -1
3615 133 3683 186 06

236 242 413 282 num.
452 229 580 282 Non
606 222 926 296 acquiesco
955 219 1365 290 [.ongobardo,
1412 220 1517 292 qui
1550 225 1602 276 te
1640 220 1910 291 abnegat
1942 229 1990 280 A
2029 223 2201 292 ticus,
2235 234 2522 299 exsurgat
2552 233 2859 304 Dominus,
2892 240 2950 293 et
2976 253 3099 295 non
3127 242 3451 313 praevaleat
3474 248 3697 319 LongO'

233 316 583 372 interfuisse
615 314 671 370 in
706 328 878 369 caena
920 311 1148 381 Christi,
1180 310 1283 383 qui
1308 310 1590 366 mentitur
1639 326 1740 366 ore
1798 328 1913 367 suo

235 410 537 462 venenato
568 403 887 461 Dominum
919 418 1052 457 cum
1082 400 1220 456 solis
1251 399 1571 457 duodecim
1600 399 1777 473 quasi
1832 401 1918 457 la-

236 501 503 565 tronem,
535 509 656 549 non
688 491 864 565 quasi
889 506 1089 560 regem
1111 488 1597 545 liberalissimum
1613 504 1910 545 coenasse.

239 584 355 640 Sed
390 582 657 639 assentio
717 580 937 636 sanctis
978 578 1245 634 Palribus
1282 577 1523 645 nostris,
1556 582 1613 632 et
1638 577 1916 651 scriptori

240 674 381 728 Vitae
419 678 558 738 tuae,
582 676 637 725 et
654 668 888 725 afﬁrmo
918 668 1238 723 Dominum
1265 684 1403 724 cum
1424 665 1745 723 duodecim
1772 684 1918 740 apo-

236 761 409 816 stolis
460 759 862 827 discubuisse,
902 756 1321 829 ministrosque
1360 755 1662 823 habuisse,
1723 757 1832 829 qui
1862 757 1916 814 ei

234 855 293 906 et
322 848 655 905 duodecim
686 845 969 919 apostolis
998 845 1425 912 ministrarent,
1458 848 1514 900 et
1538 844 1758 917 pocula
1780 861 1917 918 pro-

235 940 547 1013 pinarent,
588 943 794 1008 etquae
827 934 1168 991 necessaria
1222 938 1393 991 erant
1421 933 1735 990 deferrent.
1786 938 1914 991 Non

233 1031 506 1085 assentio
538 1027 867 1097 vaniglono
892 1025 1309 1096 Longobardo,
1342 1024 1512 1097 quite
1541 1022 1809 1094 abnegat
1838 1024 1916 1081 ab

232 1122 371 1193 ipso
393 1117 629 1175 Christo
652 1120 1006 1190 potestatem
1036 1114 1266 1186 ligandi
1324 1121 1379 1171 et
1425 1114 1696 1170 solvendi
1752 1131 1920 1172 acce-

232 1208 396 1281 pisse
432 1225 448 1273 ;
483 1206 592 1262 sed
622 1205 806 1261 solide
835 1204 1123 1278 proﬁteor
1162 1209 1217 1261 te
1250 1207 1413 1260 tanto
1462 1218 1712 1259 munere
1742 1219 1919 1277 apos-

232 1296 419 1352 tolico
452 1312 594 1351 cum
619 1294 751 1350 aliis
794 1292 1084 1366 apostolis
1111 1312 1148 1349 a
1194 1294 1420 1351 Christo
1468 1291 1868 1349 sublimatum
1902 1311 1915 1360 ;

230 1385 370 1441 ideo
400 1389 567 1456 peto,
599 1382 868 1455 apostole
902 1386 1130 1450 sancte,
1166 1381 1327 1438 solve
1368 1380 1607 1437 vincula
1637 1380 1917 1437 omnium

231 1478 628 1548 peccatorum
671 1487 972 1539 meorum,
1008 1475 1065 1527 et
1116 1486 1433 1544 nunquam
1463 1469 1917 1543 disrumpendis

232 1562 577 1619 dulcissimi
603 1560 827 1617 amoris
870 1560 954 1616 tui
982 1560 1232 1616 vinculis
1284 1565 1546 1616 mentem
1606 1576 1808 1616 meam
1839 1558 1917 1616 ad

234 1659 287 1709 te.
323 1651 709 1710 tenacissime
740 1650 1103 1720 constringe.
1140 1653 1458 1724 Nunquam
1504 1648 1918 1706 communica-

232 1743 311 1799 bo
332 1740 620 1798 haaretico
646 1738 978 1795 Hebionitae
1008 1738 1571 1812 pseudomonacho,
1595 1739 1699 1811 qui
1734 1742 1787 1794 te
1819 1737 1919 1793 ab-

232 1838 416 1901 negat
445 1830 508 1886 in
538 1829 670 1885 loco
698 1828 803 1884 ubi
837 1828 1070 1900 Spirius
1101 1832 1344 1884 sanctus
1389 1827 1450 1883 in
1481 1827 1672 1898 igneis
1699 1826 1918 1897 linguis

235 1937 418 1994 super
440 1918 771 1992 discipulos
794 1917 1128 1987 descendit,
1175 1916 1511 1973 interfuisse
1550 1933 1563 1972 :
1615 1916 1764 1989 quin
1795 1916 1918 1972 imo

232 2010 422 2067 libera
447 2024 596 2064 voce
612 2007 903 2064 omnibus
923 2007 1168 2080 populis
1196 2006 1476 2063 testiﬁcor
1500 2022 1623 2063 non
1652 2005 1736 2061 ibi
1759 2005 1918 2062 solos

231 2098 578 2166 duodecim,
611 2097 717 2155 sed
748 2097 935 2154 etiam
976 2096 1197 2152 multos
1254 2095 1404 2152 alios
1457 2094 1789 2169 discipulos
1836 2094 1919 2151 ibi

228 2190 288 2246 in
321 2190 467 2248 Sion
493 2191 893 2258 congregatos
914 2184 1119 2256 fuisse,
1147 2189 1204 2241 et
1234 2190 1286 2241 te
1316 2185 1469 2240 inter
1499 2201 1602 2240 eos
1622 2183 1916 2258 repletum

232 2280 459 2353 Spiritu
491 2281 700 2334 sancto
728 2275 919 2333 variis
952 2273 1174 2345 linguis
1202 2274 1513 2345 magnalia
1544 2274 1645 2330 Dei
1673 2290 1801 2330 esse
1830 2273 1916 2329 lo-

230 2374 461 2438 cntum,
494 2373 713 2424 etcum
753 2366 890 2422 aliis
947 2363 1235 2438 apostolis
1291 2363 1573 2419 edoctum
1626 2362 1914 2419 omnibus

228 2432 455 2528 linguis
490 2454 908 2512 invincibilem
962 2432 1413 2508 resurrectionis
1469 2450 1680 2508 Christi
1701 2454 1913 2507 testem

229 2547 514 2605 extitisse.
550 2545 720 2601 Unde
752 2544 1022 2616 imploro
1050 2558 1157 2615 per
1177 2545 1229 2598 te
1260 2540 1450 2614 ipsius
1473 2540 1749 2596 Paracliti
1776 2540 1913 2596 visi-

229 2638 451 2693 tatione
483 2652 586 2692 cor
612 2649 821 2690 meum
854 2631 1139 2688 mundari
1167 2630 1245 2686 ab
1271 2629 1437 2685 omni
1469 2646 1689 2699 errore,
1731 2634 1788 2685 et
1817 2645 1911 2687 sa-

228 2724 473 2799 pientia,
504 2739 640 2797 quae
671 2738 710 2778 a
737 2724 912 2777 Patre
932 2718 1234 2774 luminum
1259 2722 1366 2786 est,
1402 2717 1527 2773 sine
1557 2718 1677 2773 ﬁne
1702 2733 1909 2773 corus-

231 2828 386 2869 care.
422 2812 729 2885 Dispereat
757 2806 1075 2864 haereticus
1126 2805 1403 2862 velociter
1427 2822 1463 2861 a
1516 2804 1667 2862 facie
1713 2809 1903 2872 terras,

230 2902 335 2975 qui
360 2901 648 2957 omnibus
677 2897 1011 2972 praedicare
1060 2910 1184 2951 non
1212 2897 1415 2950 cessat
1454 2893 1663 2991 Christi
1689 2909 1902 2950 ascen-
1934 2934 1975 2991 Ο

232 2990 464 3045 sionem
488 2987 724 3044 nullum
757 2984 946 3042 alium
973 2986 1186 3057 praeter
1207 2981 1371 3039 solos
1401 2980 1680 3037 undecim
1732 2996 1905 3053 apos-

232 3078 387 3136 tolos
418 3078 662 3144 vidisse,
696 3079 756 3131 et
782 3074 869 3130 ibi
898 3087 1293 3146 nequaquam
1315 3074 1370 3126 te
1393 3069 1749 3125 interfuisse.
1783 3072 1906 3140 Ego

232 3168 391 3225 enim
420 3167 633 3222 vivens
659 3181 801 3221 cum
834 3161 1086 3229 Christo,
1116 3176 1253 3232 ego,
1282 3158 1389 3232 qui
1412 3174 1732 3231 nunquam
1778 3174 1907 3215 mo-

233 3258 371 3325 riar,
403 3272 537 3326 ego,
572 3255 680 3329 qui
732 3255 991 3310 mortem
1022 3266 1145 3306 non
1186 3247 1447 3321 gustabo
1502 3247 1565 3303 in
1594 3252 1905 3317 aeternum,

235 3352 437 3421 utpote
467 3345 719 3402 credens
752 3343 813 3399 in
846 3341 1163 3409 Christum,
1198 3353 1384 3411 super
1420 3341 1691 3394 montem
1721 3337 1909 3394 excel-

237 3452 369 3492 sum
424 3433 785 3505 ascendens,
840 3437 899 3488 et
924 3430 986 3486 in
1036 3427 1387 3486 fortitudine
1435 3442 1648 3483 vocem
1704 3443 1905 3483 meam

235 3525 524 3593 exaltans,
557 3522 725 3579 omni
753 3524 1040 3577 creaturae
1062 3534 1206 3575 cum
1227 3516 1396 3573 omni
1423 3514 1647 3572 ﬁducia
1671 3515 1907 3571 adnun-

237 3614 336 3683 tio,
365 3612 523 3667 sicut
550 3609 770 3666 veritas
799 3606 969 3663 estin
992 3609 1131 3662 Iesu
1161 3622 1174 3673 ;
1210 3602 1358 3676 quia
1412 3602 1565 3658 sicut
1604 3602 1766 3658 testis
1818 3608 1911 3660 est

236 3702 591 3760 Aurelianus
623 3699 965 3773 episcopus,
993 3712 1179 3770 quem
1207 3693 1574 3749 resuscitasti
1605 3708 1642 3748 a
1668 3693 1908 3762 gemina

238 3798 446 3859 morte,
476 3790 732 3863 scriptor
756 3788 897 3844 Vitae
954 3791 1066 3843 tua:
1117 3800 1260 3840 cum
1291 3783 1574 3839 undecim
1597 3781 1906 3856 discipulis

239 3882 300 3937 in
331 3880 656 3947 Galilaeam,
697 3878 759 3934 in
785 3880 1054 3932 montem
1078 3872 1187 3929 ubi
1213 3872 1601 3928 constituerat
1622 3870 1707 3927 eis
1739 3874 1907 3927 Jesus

241 3971 511 4028 hortante
541 3968 716 4024 Petro
746 3964 960 4032 abiisti,
988 3963 1195 4035 ibique
1240 3960 1319 4016 ab
1357 3960 1490 4035 ipso
1550 3959 1779 4017 Christo
1805 3977 1909 4043 po-

242 4065 517 4116 testatem
572 4053 962 4130 praedicandi,
1017 4049 1298 4118 docendi,
1362 4049 1730 4123 baptizandi,
1786 4067 1910 4106 una

239 4167 380 4206 cum
406 4151 574 4204 Petro
606 4151 664 4202 et
686 4144 928 4217 reliquis
944 4139 1234 4216 apostolis
1280 4138 1584 4213 accepisti,
1616 4144 1673 4195 et
1701 4145 1910 4212 postea

236 4241 299 4296 in
330 4242 539 4294 monte
577 4235 785 4292 Oliveti
830 4231 1191 4290 ascendente
1243 4230 1323 4287 ad
1378 4233 1613 4286 Patrem
1657 4229 1910 4285 Domino

237 4292 511 4402 iiéséns
536 4323 717 4393 fuisti,
748 4321 854 4378 ubi
904 4318 1383 4378 benedictionem
1405 4316 1812 4393 pontiﬁcalem
1833 4317 1911 4374 ab
1946 4292 1988 4345 θ

236 4418 375 4490 ipso
434 4413 692 4471 Domino
762 4428 905 4468 cum
959 4408 1207 4483 reliquis
1260 4408 1574 4482 discipulis
1619 4407 1910 4464 meruisti.

241 4506 410 4563 Unde
443 4511 522 4575 te,
554 4506 755 4558 sancte
798 4499 1091 4574 apostole,
1120 4514 1245 4555 non
1275 4499 1403 4555 sine
1434 4513 1662 4568 magno
1688 4497 1916 4568 gemitu

239 4597 540 4669 deposco,
559 4594 655 4649 fac
676 4608 773 4647 me
804 4588 1073 4647 oblivisci
1099 4594 1493 4659 terrenorum,
1527 4591 1584 4644 et
1607 4603 1731 4660 quo
1758 4587 1917 4645 Chri-

242 4691 372 4741 stus
422 4681 749 4757 prtecessit,
826 4681 1196 4736 incessanter
1251 4678 1556 4752 suspirare
1604 4676 1683 4733 ad
1736 4676 1919 4733 caelos

243 4774 561 4831 caelorum.
593 4770 763 4837 Quod
795 4770 840 4826 si
865 4768 1183 4825 Hebionita
1212 4766 1649 4839 Longobardus
1682 4765 1760 4822 ab
1791 4766 1921 4822 inﬁ-

243 4864 489 4920 delitate
518 4876 641 4916 non
666 4859 938 4929 discedit,
996 4857 1267 4942 di§cedat
1310 4873 1348 4914 a
1400 4855 1679 4912 societate
1723 4855 1919 4911 ortho-

243 4953 575 5015 doxorum,
602 4952 920 5021 rumpatur
944 4946 1022 5003 ab
1054 4946 1279 5003 unitate
1309 4944 1763 5013 catholicorum,
1788 4943 1922 5000 abs-

244 5041 531 5099 cindatur
561 5056 599 5096 a
653 5037 1042 5095 contubernio
1099 5035 1374 5093 omnium
1414 5038 1781 5104 sanctorum,
1835 5050 1920 5090 se-

246 5133 531 5204 gregetur
560 5145 595 5184 a
625 5126 924 5184 consortio
961 5126 1317 5197 angelorum
1372 5124 1711 5192 beatorum,
1767 5138 1919 5196 quo-

244 5222 415 5278 niam
444 5218 784 5275 nullatenus
814 5220 904 5272 est
931 5216 1005 5272 de
1031 5214 1281 5286 collegio
1305 5217 1654 5272 sanctorum
1685 5216 1923 5284 aposto-

246 5310 465 5366 lorum.
500 5305 911 5364 Comminatus
935 5308 1023 5361 est
1050 5321 1164 5360 nos
1196 5307 1440 5376 propter
1470 5307 1636 5358 tuam
1665 5299 1919 5371 gloriam

248 5405 307 5455 et
324 5397 637 5453 veritatem
667 5392 1042 5450 accusandos
1090 5410 1127 5449 a
1156 5408 1219 5448 se
1273 5396 1409 5447 ante
1433 5406 1661 5465 papam
1707 5392 1921 5445 Roma-

248 5504 423 5557 num,
454 5501 699 5542 omnem
730 5482 1108 5556 Aquitaniam
1139 5485 1383 5555 propter
1412 5486 1465 5537 te
1505 5476 1919 5537 excommuni-

251 5577 515 5635 candam
547 5594 561 5642 ;
590 5576 651 5632 in
675 5574 892 5647 laqueo
922 5588 1031 5629 suo
1056 5570 1402 5628 humilietur
1447 5569 1683 5627 invidus
1736 5569 1920 5625 hisre-

766 5664 1011 5718 Punor.
1074 5660 1248 5718 CXLI.

2027 311 2282 401 bardus.
2317 316 2622 390 Tripudiet
2647 321 2707 377 in
2736 327 2791 378 te
2820 325 3051 394 Petrus,
3086 311 3229 401 quia
3262 335 3322 387 tu
3353 348 3417 388 es
3445 311 3699 392 dilectus

2030 400 2142 457 sibi
2173 410 2607 477 coapostotus;
2648 426 2811 483 papa
2860 400 3165 473 Romanus
3217 420 3555 492 Aquitania:
3587 430 3699 482 ture

2029 492 2456 563 communicet,
2492 512 2611 552 non
2640 504 3138 563 excommunicet.
3186 511 3261 565 Te
3292 513 3496 569 Petrus
3524 531 3702 573 vene-

2027 582 2194 634 ratur
2225 597 2359 637 vere
2387 587 2804 657 coapostolum
2831 609 2843 658 ;
2875 595 2927 646 te
2946 607 3105 666 papa
3123 598 3428 656 Romanus
3457 618 3581 659 non
3599 604 3702 661 ab-

2025 672 2205 737 neget
2238 686 2369 726 vere
2414 676 2777 745 apostolum.
2811 682 2884 735 Te
2912 682 3116 738 Petrus
3155 685 3376 744 clamat
3423 691 3701 751 charissi-

2026 771 2201 810 mum
2229 757 2472 816 fratrem
2502 780 2515 830 ;
2551 766 2603 819 te
2633 780 2796 839 papa
2824 784 2947 825 non
2966 769 3222 842 deneget
3250 775 3701 839 dilectissimum

2025 843 2181 898 Petri
2208 854 2567 905 consortem.
2602 854 2710 908 Pro
2772 860 2824 910 te
2851 860 3054 913 Petrus
3112 864 3308 919 oravit
3356 864 3491 921 ﬁxis
3542 871 3703 938 geni-

2023 930 2144 1026 bus
2170 951 2184 1001 ;
2217 941 2462 1009 propter
2494 943 2546 995 te
2576 942 2796 1011 gratias
2820 962 2982 1019 papa
3010 949 3256 1007 referrat
3275 930 3704 1026 expansisma-

2024 1020 2232 1078 nibus.
2260 1027 2593 1084 Gratuletur
2621 1031 2682 1086 in
2715 1038 2767 1089 te
2799 1040 2998 1092 omnis
3030 1040 3237 1108 Roma,
3278 1020 3573 1114 quoniam
3598 1051 3703 1104 Pc-

2026 1114 2119 1167 tro
2150 1112 2328 1170 solvit
2358 1116 2644 1175 tributum
2675 1123 2872 1180 omnis
2902 1126 3223 1198 Aquitania
3256 1112 3375 1188 tua.
3413 1136 3629 1192 Verum
3655 1137 3703 1195 si
3743 1172 3749 1179 -

2024 1200 2183 1256 forte
2230 1202 2502 1262 humana
2528 1222 2563 1263 a
2591 1207 2810 1266 divinis
2839 1213 3320 1276 discordaverint
3371 1222 3621 1295 judicia,
3656 1227 3705 1283 si

2025 1289 2182 1346 forte
2205 1291 2496 1349 creditum
2525 1294 2700 1353 fuerit
2727 1300 2988 1357 veritatis
3017 1302 3273 1362 inimicis
3296 1289 3495 1381 potius
3515 1289 3703 1386 quam

2026 1374 2266 1468 amicis,
2300 1382 2575 1454 nunquid
2607 1388 3005 1461 corruptibilis
3034 1408 3197 1467 papa
3242 1374 3458 1468 poterit
3516 1374 3703 1458 trans-

2026 1464 2287 1523 cendere
2312 1469 2575 1542 Petrum,
2607 1474 2780 1544 cujus
2824 1464 3360 1541 instinctu—Christi
3389 1491 3703 1563 praeceptis

2027 1550 2287 1610 obedisti
2369 1560 2652 1632 Nunquid
2702 1564 3031 1622 moriturus
3060 1584 3224 1642 papa
3250 1550 3464 1645 poterit
3504 1581 3557 1634 te
3584 1550 3705 1635 .ex-

2028 1638 2694 1715 communicare,quem
2720 1647 2987 1705 Christus
3011 1638 3346 1712 ascendens
3363 1659 3441 1715 ad
3467 1662 3703 1719 Patrem

2028 1727 2277 1799 propria
2306 1745 2495 1824 manu
2535 1731 2817 1803 dignatus
2845 1744 2935 1794 est
2961 1738 3318 1801 benedicere
3345 1748 3372 1802 ?
3421 1752 3704 1824 Nunquid

2028 1817 2250 1872 vermis
2305 1817 2656 1878 eﬂiciendus
2717 1840 2878 1898 papa
2926 1831 3141 1901 poterit
3178 1817 3702 1898 excommunicare

2030 1903 2134 1995 Dei
2157 1906 2387 1978 Filium,
2413 1910 2518 1982 qui
2546 1910 2646 1967 tibi
2676 1929 2816 1969 cum
2843 1916 3089 1990 reliquis
3122 1924 3411 1995 apostolis
3455 1930 3705 1987 contulit

2027 1992 2259 2065 ligandi
2282 1997 2669 2075 solvendique
2700 2004 3077 2075 pontiﬁcium
3107 2011 3135 2067 ‘I
3160 1992 3463 2088 “Nunquid
3491 2018 3705 2077 huma-

2027 2098 2146 2138 nus
2174 2100 2340 2159 papa
2366 2088 2584 2160 poterit
2629 2096 3155 2155 excommunicare
3205 2102 3488 2174 Spiritum
3528 2124 3701 2165 sanc-

2028 2175 2180 2241 tum,
2205 2176 2309 2248 qui
2340 2176 2444 2233 tibi
2475 2194 2614 2235 cum
2628 2180 2873 2254 reliquis
2903 2184 3214 2260 discipulis
3238 2193 3486 2251 contulit
3512 2197 3701 2254 scien-

2028 2260 2177 2319 tiam
2203 2266 2478 2323 omnium
2507 2267 2853 2339 linguarum
2888 2274 2914 2328 ‘2
2944 2277 3229 2350 Nunquid
3258 2280 3482 2351 fragilis
3538 2301 3702 2361 papa

2025 2356 2246 2425 poterit
2296 2361 2819 2418 excommunicare
2875 2366 3259 2439 Aquitaniam
3292 2377 3478 2443 tuam,
3511 2356 3700 2450 quam

2024 2440 2215 2499 fecisti
2244 2446 2619 2504 cohaerentem
2640 2449 2867 2506 Christo
2882 2451 2945 2507 in
2966 2454 3151 2513 vitam
3177 2440 3508 2518 aeternam?
3528 2440 3698 2521 Ναυ-

2022 2531 2174 2602 quid
2212 2534 2408 2606 pulvis
2439 2540 2495 2591 et
2519 2536 2667 2592 cinis
2694 2554 2858 2611 papa
2896 2546 3117 2614 poterit
3172 2553 3698 2610 excommunicare

2021 2620 2351 2679 Ecclesiam
2382 2624 2503 2692 Dei,
2533 2641 2719 2697 quam
2749 2632 2813 2683 tu
2839 2629 2918 2685 ab
2935 2631 3111 2689 idolis
3137 2636 3499 2706 emundasti,
3533 2644 3589 2694 et
3617 2638 3696 2694 ab

2019 2711 2190 2766 omni
2234 2712 2447 2769 haeresi
2477 2730 2714 2788 semper
2768 2716 3024 2776 illaesam
3072 2724 3364 2781 servasti?
3414 2726 3695 2799 Nunquid

2018 2798 2290 2859 futurum
2339 2803 2599 2861 cadaver
2652 2822 2817 2880 papa
2862 2811 3079 2882 poterit
3127 2829 3204 2870 ne
3258 2818 3314 2870 te
3368 2798 3699 2887 praedicent

2018 2891 2367 2961 apostolum
2396 2893 2716 2965 prohibere
2745 2896 3063 2972 episcopos
3094 2906 3249 2972 tuos,
3282 2919 3436 2977 quos
3469 2909 3531 2960 tu
3568 2920 3697 2961 una

2017 2993 2161 3035 cum
2186 2982 2354 3037 omni
2374 2982 2560 3039 Gallia
2580 2988 2976 3057 praesentabis
3000 2990 3229 3048 Christo
3260 2991 3321 3048 in
3343 2993 3439 3050 die
3457 2992 3696 3066 judicii,

2015 3069 2365 3144 manipulos
2387 3071 2668 3129 laborum
2702 3079 2962 3147 tuorum,
2990 3080 3053 3134 in
3082 3081 3298 3138 horreo
3324 3083 3547 3140 cmlesti
3578 3081 3700 3141 sal-

2015 3158 2253 3229 vandos
2276 3161 2304 3216 ?
2332 3183 2363 3210 »
2399 3159 2497 3215 His
2547 3165 2605 3218 et
2649 3162 2888 3233 talibus,
2921 3182 3102 3224 amen
3130 3168 3266 3226 dico
3296 3170 3490 3242 vobis,
3531 3172 3698 3228 insa-

2018 3244 2296 3304 tiabiliter
2324 3248 2651 3307 Martialem
2675 3254 3019 3325 apostolum
3075 3256 3177 3312 Dei
3218 3257 3580 3332 alloquerer,
3645 3262 3695 3317 si

2017 3349 2159 3391 eum
2190 3337 2651 3410 contemplarer.
2706 3342 2880 3407 Quod
2906 3358 3049 3400 vero
3098 3345 3371 3401 nonnulli
3413 3346 3575 3404 bruti
3635 3353 3691 3405 et

2017 3424 2431 3497 pusillanimes
2488 3428 2677 3502 aiunt,
2734 3437 3048 3504 peccatum
3096 3438 3202 3503 est,
3229 3434 3373 3508 quia
3401 3435 3690 3509 praedica-

2017 3530 2157 3570 mus
2188 3531 2328 3571 eum
2358 3516 2723 3589 apostolum,
2756 3525 2813 3577 et
2850 3524 2968 3579 Deo
2998 3527 3056 3580 et
3075 3522 3157 3578 illi
3186 3529 3276 3580 est
3310 3525 3637 3583 molestum
3672 3546 3685 3597 ;

2018 3618 2132 3674 ego
2159 3620 2335 3660 verus
2374 3605 2721 3665 Christicola
2748 3611 3084 3667 Ademarus
3124 3616 3262 3669 ante
3303 3615 3687 3687 praesentiam

2023 3691 2364 3757 Salvatoris,
2435 3695 2540 3767 qui
2598 3704 2886 3756 venturus
2940 3705 3028 3757 est
3068 3700 3342 3772 judicare
3404 3704 3575 3761 vivos
3632 3710 3689 3763 et

2020 3786 2313 3853 mortuos,
2345 3786 2401 3839 et
2428 3785 2718 3843 saeculum
2739 3806 2848 3863 per
2875 3789 3099 3860 ignem,
3132 3795 3189 3847 et
3217 3792 3489 3863 ejusdem
3521 3796 3687 3852 Geni-

2025 3869 2185 3926 tricis
2238 3870 2604 3928 intemeratas
2635 3879 2692 3931 et
2721 3882 3024 3950 perpetuae
3077 3877 3322 3948 virginis
3351 3880 3563 3954 Mariie,
3616 3899 3687 3939 ac

2025 3958 2184 4015 beati
2211 3958 2622 4031 apostolorum
2673 3964 2963 4037 principis
3017 3965 3190 4034 Petri,
3243 3971 3424 4024 testor
3453 3974 3509 4025 et
3545 3977 3686 4044 opto

2026 4063 2208 4121 super
2235 4063 2332 4103 me
2380 4047 2453 4104 sit
2502 4049 2617 4105 hoc
2661 4060 2979 4124 peccatum
3032 4054 3129 4110 hic
3180 4059 3237 4111 et
3289 4056 3352 4112 in
3399 4057 3598 4116 futuro
3627 4059 3689 4117 in

2025 4140 2337 4193 aeternum.
2380 4139 2524 4193 Vere
2573 4138 2622 4194 si
2669 4141 2785 4199 hoc
2842 4147 3159 4217 peccatum
3215 4162 3396 4220 super
3440 4164 3539 4205 me
3586 4151 3691 4208 ha-

2024 4224 2253 4293 berem,
2281 4224 2493 4281 beatus
2528 4229 2778 4287 omnino
2807 4232 3014 4288 ﬁerem
3050 4250 3063 4302 ;
3095 4249 3218 4290 non
3246 4234 3407 4293 enim
3435 4243 3525 4295 est
3576 4240 3691 4297 hoc

2026 4319 2365 4387 peccatum,
2410 4315 2514 4370 sed
2543 4316 2735 4389 pietas
2764 4321 3053 4378 maxima.
3090 4326 3305 4381 lterum
3335 4326 3534 4385 adhuc
3558 4347 3694 4404 pro-

2026 4402 2237 4458 nuntio
2266 4407 2403 4459 ante
2430 4411 2825 4478 conspectum
2864 4409 2985 4480 Dei,
3017 4414 3076 4466 et
3103 4413 3378 4471 omnium
3424 4417 3486 4472 in
3543 4402 3693 4475 coelo

2025 4491 2450 4561 habitantium,
2485 4493 2531 4549 si
2592 4495 2796 4566 gloriae
2836 4499 2937 4555 Dei
2990 4500 3087 4556 vel
3136 4501 3253 4576 ipsi
3304 4505 3567 4575 Martiali,
3601 4508 3693 4564 vel

2028 4578 2206 4636 alicui
2233 4584 2603 4651 sanctorum,
2635 4585 2741 4657 qui
2764 4586 2897 4657 jam
2922 4603 2995 4643 ex
3022 4587 3137 4645 hac
3169 4590 3289 4647 vita
3311 4593 3691 4666 transierunt,

2028 4668 2349 4725 molestum
2380 4670 2584 4744 aliquo
2614 4673 2799 4731 modo
2834 4681 2927 4733 est
2967 4692 3107 4733 eum
3165 4680 3477 4753 praedicari
3523 4698 3698 4755 apos-

2030 4758 2239 4827 tolum,
2280 4759 2394 4815 hac
2424 4759 2558 4833 ipsa
2583 4762 2753 4830 hora,
2786 4780 2923 4837 quae
2976 4771 3066 4821 est
3120 4769 3295 4839 quasi
3348 4774 3516 4827 sexta
3554 4771 3694 4843 diei,

2029 4847 2145 4903 hoc
2176 4847 2308 4920 ipso
2338 4848 2587 4905 articulo
2642 4853 2949 4924 temporis,
2979 4870 3101 4926 quo
3148 4856 3263 4911 hoc
3318 4857 3538 4930 scribo,
3580 4860 3697 4917 hoc

2031 4939 2361 5008 momento,
2384 4936 2500 4992 hoc
2531 4941 2733 4995 atomo
2755 4939 2979 4995 moriar
3007 4956 3279 5014 corpore,
3305 4947 3363 5001 et
3392 4944 3547 5004 ultra
3575 4964 3700 5007 non

2030 5025 2250 5082 vivam.
2280 5029 2421 5081 Duas
2448 5026 2666 5096 missae,
2699 5044 2853 5100 quas
2880 5028 3057 5085 hodie
3110 5047 3290 5089 mane
3345 5041 3512 5094 sexta
3554 5040 3699 5097 Sab-

2030 5112 2157 5171 bati
2181 5114 2496 5171 continuas
2552 5115 2615 5170 in
2671 5114 2899 5172 honore
2953 5116 3202 5175 vivificie
3249 5123 3467 5198 crucis,
3519 5143 3702 5185 unam

2031 5207 2264 5277 sponte,
2293 5203 2543 5261 alteram
2574 5202 2862 5259 obediens
2904 5208 3241 5267 necessario
3266 5212 3502 5284 jubenti
3531 5222 3700 5274 etro-
3744 5241 3747 5243 >

2030 5292 2193 5361 ganti
2215 5291 2420 5348 abbati
2451 5290 2814 5379 Amalfredo,
2847 5309 3028 5367 super
3056 5312 3279 5372 corpus
3324 5302 3484 5359 beati
3521 5308 3705 5379 Epar-

2028 5379 2142 5436 chii
2172 5379 2468 5437 celebravi
2503 5398 2516 5448 ;
2552 5379 2621 5448 si,
2656 5378 2929 5454 inquam,
2952 5383 3067 5441 hoc
3098 5388 3217 5444 Deo
3244 5389 3538 5463 displicet,
3580 5410 3704 5449 non

2018 5471 2145 5527 sint
2172 5471 2317 5527 mihi
2342 5471 2402 5527 in
2434 5470 2825 5543 adjutorium,
2859 5475 2963 5532 sed
2988 5477 3210 5550 statim,
3248 5479 3402 5539 sicut
3429 5483 3594 5540 solus
3623 5485 3710 5539 in-

3185 5664 3218 5716 4
