4054 6188
398 164 490 215 107

1538 151 1850 207 ΑυΕΜΑΒΙ
1895 151 1951 205 S.
1995 148 2272 202 ClBARDl
2316 150 2650 207 MONACHI.

3706 155 3807 209 £08

391 288 477 339 tra
502 280 811 339 ecclesiam
843 279 1059 343 scribo,
1090 278 1205 333 hac
1253 276 1384 350 ipsa
1432 276 1583 331 hora
1614 275 1881 331 animam
1906 272 2039 328 red-
2075 275 2121 326 Α
2153 273 2257 327 sed
2288 289 2504 345 parum
2540 290 2721 343 ;nain
2741 274 2801 329 in
2832 274 3265 345 Longobardia,
3296 273 3397 330 ubi
3428 290 3540 344 ego
3569 275 3705 348 plus
3725 276 3810 331 di-

387 372 550 427 dam.
577 370 839 427 Christus
861 368 1083 440 ubique
1106 372 1209 423 est.

457 461 717 518 Christus
748 476 842 515 me
871 458 1069 514 vivere
1100 455 1242 523 vult,
1271 454 1500 511 Christo
1532 458 1766 524 gratum
1796 457 1884 509 est
1904 455 2043 509 Mar-

386 551 581 606 tialem
614 547 922 623 praedicari
955 546 1185 603 anobis
1214 543 1572 618 apostolum.
1600 546 1695 598 Est
1715 542 1873 597 enim
1904 556 2041 596 vere

384 638 709 711 apostolus.
742 640 784 693 Ο
810 637 1069 692 seniores
1100 637 1363 701 Patrum,
1388 632 1609 705 quibus
1642 632 1798 686 hanc
1826 630 2038 703 episto-

381 729 502 784 lam
537 728 753 795 scribo,
812 726 1010 783 adhuc
1043 724 1291 780 auribus
1345 722 1593 795 accipite
1650 721 2038 793 blasphemos

384 818 760 890 Langobardi
790 818 938 874 inter
962 816 1179 889 pocula
1232 829 1557 869 sermones.
1620 815 1765 868 Nam
1805 817 2038 866 contra-

380 910 503 965 rius
533 906 1055 982 apostolojubenti
1081 922 1220 961 cum
1277 903 1506 959 silentio
1541 918 1759 975 panem
1788 901 2041 957 mandu-

381 999 665 1061 candum,
695 1014 815 1052 non
849 997 905 1051 in
939 994 1199 1068 capitulo
1227 992 1540 1057 matutino,
1576 1008 1697 1047 non
1720 991 1777 1046 in
1801 990 1932 1046 loco
1949 1006 2039 1045 so-

380 1086 663 1155 brietatis,
683 1086 787 1141 sed
814 1086 939 1152 jam
968 1083 1116 1139 escis
1138 1083 1453 1151 distentus,
1476 1080 1742 1152 piscibus
1762 1079 2035 1146 refectus,

383 1177 499 1232 vini
530 1176 673 1232 meri
706 1174 935 1248 poculis
983 1172 1284 1241 madidus,
1319 1171 1379 1226 in
1433 1169 1741 1225 refcctorio
1788 1169 2037 1224 fratrum

376 1267 629 1338 jubebat
656 1265 934 1321 lectorem
993 1263 1161 1318 silere
1206 1261 1527 1327 multoties,
1571 1264 1769 1315 etnon
1800 1259 1873 1314 de
1906 1257 2039 1330 ipsa

380 1357 649 1419 lectione,
676 1355 774 1410 sed
809 1355 882 1409 de
917 1352 1190 1426 apostolo
1220 1349 1502 1417 Martiale,
1536 1349 1817 1405 fratribus
1843 1346 2041 1403 convi-

379 1444 681 1511 vantibus,
732 1441 1093 1514 smpissimos
1126 1455 1431 1494 sermones
1484 1436 1739 1492 faciebat
1764 1436 1845 1491 ita
1893 1435 2043 1491 deri-

381 1533 590 1603 sorios,
622 1532 784 1605 quod
818 1548 939 1587 non
969 1531 1095 1585 sine
1126 1529 1423 1584 immensa
1455 1526 1650 1582 cordis
1679 1524 1795 1580 mei
1821 1524 2041 1581 amari-

382 1624 585 1680 tudine
612 1624 765 1688 dico,
800 1626 865 1677 ut
902 1619 1174 1675 omnium
1215 1621 1455 1672 aetatum
1509 1616 1717 1671 fratres
1756 1615 1834 1670 ad
1876 1614 2046 1670 lasci-

382 1730 521 1768 vum
584 1712 771 1767 risum
822 1714 877 1764 et
935 1707 1296 1763 cachinnum
1352 1704 1724 1761 dissolveret.
1790 1708 1873 1760 lta
1920 1706 2044 1760 tota

381 1800 635 1874 prandia
661 1804 715 1853 et
745 1813 946 1852 cienas
972 1811 1078 1867 per
1103 1794 1231 1849 dies
1262 1793 1443 1848 ferme
1497 1790 1900 1864 quadraginta
1933 1794 2046 1846 Au-

383 1890 534 1958 gusti
568 1892 623 1943 et
656 1884 1017 1959 Septembris
1074 1883 1372 1938 mensium
1406 1880 1738 1936 alternatim
1785 1880 2042 1936 mandu-

383 1977 557 2032 cabat
586 1982 640 2031 et
662 1973 925 2037 bibebat,
957 1970 1066 2025 sibi
1101 1976 1155 2025 et
1181 1969 1409 2025 Christo
1438 1969 1775 2042 apostolum
1821 1968 2044 2025 Martia-

380 2063 497 2120 lem
530 2060 990 2135 blasphrmabat
1011 2058 1206 2113 nobis.
1244 2056 1441 2129 Epulas
1474 2074 1618 2126 sua},
1649 2055 2043 2129 blasphemiae

382 2155 616 2207 nostrae.
651 2152 780 2205 Haec
803 2153 927 2203 erat
954 2162 1066 2202 sua
1092 2145 1299 2201 crebra
1330 2144 1597 2216 repetitio
1645 2144 1996 2217 quotidiana
2030 2161 2042 2198 :

382 2265 408 2291 ‹‹
447 2245 588 2312 Ego,
621 2239 831 2312 inquit,
863 2254 998 2292 sum
1047 2252 1236 2308 nepos
1293 2234 1530 2290 abbatis
1558 2234 1633 2290 de
1665 2234 1841 2290 Clusa
1874 2252 1886 2302 ;
1919 2233 2046 2307 ipse

382 2331 552 2386 duxit
584 2347 677 2385 me
708 2345 814 2401 per
835 2327 1023 2382 multa
1053 2326 1187 2380 loca
1216 2323 1277 2379 in
1311 2323 1729 2393 Longobardia
1756 2329 1812 2379 et
1866 2326 2045 2379 Fran-

382 2422 471 2477 cia
502 2425 741 2494 propter
798 2415 1301 2487 grammaticam;
1362 2413 1477 2486 ipsi
1513 2412 1640 2484 jam
1699 2416 1931 2468 constat
1956 2429 2046 2468 sa-

382 2509 603 2584 pientia
634 2523 770 2564 mea
801 2506 922 2561 duo
946 2504 1129 2560 millia
1157 2502 1544 2575 solidis,quos
1559 2502 1722 2557 dedit
1745 2501 2047 2572 magistris

383 2599 549 2655 meis.
586 2601 803 2653 Novem
835 2594 1009 2650 annis
1027 2593 1157 2665 jam
1202 2592 1329 2648 steti
1361 2591 1436 2647 ad
1461 2591 1939 2661 grammaticam,
1990 2596 2046 2647 et

382 2690 580 2747 adhuc
613 2705 747 2743 sum
781 2685 1149 2743 scolasticus.
1186 2686 1405 2741 Sumus
1436 2698 1654 2738 novem
1686 2682 2041 2754 scholastici,

382 2781 485 2855 qui
503 2778 680 2836 simul
709 2776 1001 2833 discimus
1021 2772 1565 2845 grammaticam,et
1590 2788 1724 2827 sum
1740 2788 1851 2843 ego
1872 2772 2044 2828 valde

383 2870 677 2944 perfectus
711 2863 1179 2938 sapiens.tlabeo
1205 2861 1357 2917 duas
1403 2876 1657 2930 magnas
1684 2860 1899 2916 domos
1928 2862 2050 2933 ple-

383 2976 494 3014 nas
521 2957 771 3025 libris,et
793 2954 991 3008 adhuc
1008 2968 1129 3007 non
1152 2966 1361 3006 omnes
1381 2966 1481 3005 eos
1502 2949 1636 3019 legi,
1655 2950 1758 3004 sed
1780 2949 2045 3023 quotidie
2081 2986 2120 3042 ε

384 3046 637 3103 meditor
657 3045 717 3100 in
746 3042 877 3099 illis.
915 3039 1118 3097 Nullus
1139 3039 1289 3094 liber
1319 3042 1407 3093 est
1434 3037 1494 3093 in
1530 3042 1651 3093 tota
1683 3042 1834 3094 terra
1864 3055 2045 3111 quem

384 3153 495 3206 ego
524 3150 645 3191 non
676 3132 953 3190 habeam.
989 3131 1314 3201 Postquam
1343 3127 1540 3184 exiero
1566 3127 1640 3183 de
1669 3128 1893 3197 schola,
1923 3145 2046 3185 non

384 3226 491 3282 erit
520 3224 731 3280 subtus
776 3221 994 3278 crelum
1042 3223 1163 3275 tam
1209 3217 1447 3291 sapiens
1504 3221 1569 3273 ut
1606 3233 1737 3287 ego.
1799 3221 1916 3290 Ego
1944 3236 2046 3274 ero

384 3316 576 3373 abbas
602 3314 676 3370 de
699 3312 871 3369 Clusa
901 3314 1041 3384 post
1088 3313 1341 3364 mortem
1385 3307 1665 3363 avunculi
1698 3308 1833 3375 mei,
1885 3308 2048 3379 jam—

383 3422 501 3480 que
552 3421 687 3460 sum
715 3403 933 3459 electus
964 3401 1041 3455 ab
1090 3398 1375 3453 omnibus
1410 3415 1423 3464 ;
1466 3402 1523 3451 et
1566 3396 1679 3452 nisi
1713 3398 1859 3453 tales
1908 3414 2047 3454 con-

384 3494 536 3550 versi
567 3492 706 3549 mali
739 3487 1021 3546 monachi
1058 3486 1326 3553 fuissent,
1382 3483 1486 3556 qui
1516 3500 1637 3540 non
1696 3490 1908 3541 curant
1934 3486 2049 3542 nisi

386 3582 459 3638 de
492 3578 799 3653 hypocrisi
824 3582 880 3632 ct
901 3576 976 3632 de
1002 3574 1344 3643 rusticitate,
1377 3573 1480 3646 qui
1526 3572 1674 3629 mihi
1701 3574 1815 3630 hoc
1846 3574 2050 3631 abstu-

385 3671 598 3736 lerunt,
630 3669 754 3739 jam
788 3683 859 3722 ex
890 3664 1079 3720 multo
1129 3667 1393 3734 tempore
1424 3677 1615 3717 essem
1664 3669 2047 3721 consecratus

387 3760 600 3817 abbas.
624 3762 741 3828 ligo
775 3773 905 3811 sum
936 3753 1098 3827 prior
1116 3752 1190 3807 de
1213 3751 1410 3818 Clusa,
1441 3756 1497 3806 et
1522 3752 1643 3807 scio
1674 3752 1826 3808 bene
1854 3753 2047 3810 facere

388 3864 727 3907 sermonem
758 3846 830 3901 de
858 3845 1065 3900 littera.
1098 3842 1311 3898 Dicunt
1340 3841 1431 3896 isti
1456 3842 1829 3898 Lemovicani
1862 3844 2045 3912 stulti,

386 3941 531 4014 quia
558 3940 619 3995 in
652 3936 895 3995 Francia
950 3932 1279 4008 praedicant
1335 3930 1681 4004 apostolum
1726 3949 1854 3989 esse
1879 3951 2048 3991 sanc-

387 4035 514 4088 tum
560 4027 901 4095 Martialem,
958 4029 1014 4080 et
1068 4024 1212 4096 quia
1256 4022 1497 4078 mittunt
1541 4038 1679 4077 eum
1726 4022 1787 4079 in
1831 4023 2051 4081 litaniis

388 4125 524 4176 ante
555 4122 869 4190 martyres,
924 4115 1037 4169 hoc
1066 4112 1284 4168 falsum
1332 4116 1419 4167 est
1453 4129 1464 4179 ;
1513 4127 1625 4181 ego
1657 4112 1816 4168 enim
1846 4114 2048 4170 multis

389 4209 562 4265 annis
616 4206 743 4260 steti
798 4205 857 4259 in
921 4202 1167 4259 Francia
1229 4205 1283 4256 et
1332 4217 1646 4273 nunquam
1703 4201 1787 4258 ibi
1852 4204 2052 4259 audivi

389 4297 565 4353 etiam
600 4310 818 4350 nomen
849 4292 978 4363 ejus
1007 4290 1067 4345 in
1118 4288 1421 4361 aliquibus
1453 4288 1703 4360 agendis
1739 4306 1849 4347 nec
1878 4291 1937 4348 in
1970 4296 2055 4349 to-

388 4387 461 4443 tis
486 4384 723 4441 litaniis.
759 4380 1004 4440 Francia
1034 4379 1179 4435 nihil
1211 4379 1317 4434 scit
1354 4379 1428 4435 de
1458 4380 1628 4451 ipso:
1678 4381 1869 4437 nescit
1897 4382 1945 4438 si
1967 4393 2062 4447 est

390 4474 716 4549 apostolus,
746 4477 849 4528 aut
883 4476 1129 4543 martyr,
1163 4474 1268 4526 aut
1308 4469 1633 4524 confessor.
1670 4469 1841 4526 Nulla
1869 4469 1950 4525 ibi
1980 4471 2056 4526 de

389 4580 460 4621 eo
489 4563 555 4619 ﬁt
592 4559 1083 4618 commemoratio
1116 4558 1293 4615 etiam
1326 4557 1385 4612 in
1420 4574 1528 4613 suo
1557 4557 1843 4614 natalitio.
1901 4562 2058 4614 Nun-

388 4667 574 4727 quam
605 4651 847 4707 deberet
876 4665 1004 4704 csse
1052 4648 1166 4704 hoc
1225 4646 1571 4717 cogitatum.
1626 4646 1767 4712 Quis
1810 4647 1919 4703 fuit
1949 4663 2057 4703 un-

388 4759 574 4817 quam
597 4746 718 4799 tam
750 4756 932 4796 ausus
961 4736 1065 4811 qui
1095 4737 1208 4792 hoc
1235 4736 1457 4793 diceret
1484 4737 1512 4793 ?
1538 4737 1681 4803 Quis
1725 4752 1911 4793 ausus
1945 4738 2056 4794 fuit

388 4831 707 4891 Martialem
736 4828 1089 4903 pradicasse
1112 4825 1606 4899 apostolum,nisi
1628 4826 1793 4899 prius
1824 4827 2053 4897 grande

389 4920 663 4991 generale
702 4917 1019 4975 concilium
1045 4915 1319 4971 omnium
1370 4915 1792 4988 episcoporum
1851 4915 2052 4972 Galliae

389 5016 445 5067 et
474 5009 671 5077 Italiae,
704 5023 827 5065 una
859 5023 996 5063 cum
1024 5021 1186 5079 papa
1236 5008 1507 5060 Romano
1567 5008 2050 5077 congregaretur,

390 5104 447 5155 et
481 5098 563 5155 ibi
590 5104 738 5154 esset
766 5096 1091 5170 probatum
1126 5094 1177 5149 si
1206 5097 1294 5150 est
1324 5098 1426 5149 aut
1455 5108 1578 5149 non
1610 5098 1698 5149 est
1718 5094 2049 5167 apostolus.

391 5189 511 5258 Ego
542 5190 730 5243 totum
758 5200 946 5239 unum
975 5182 1296 5240 concilium
1327 5182 1480 5238 bene
1529 5183 1651 5239 scio
1709 5183 2050 5256 disponere,

389 5279 512 5333 tam
545 5274 786 5347 sapiens
827 5287 981 5328 sum.
1014 5273 1080 5328 Et
1135 5272 1182 5327 si
1231 5286 1343 5342 ego
1378 5272 1605 5345 primas
1662 5271 2052 5341 atﬁrmarem,

389 5370 518 5423 tum
542 5367 741 5438 posset
765 5363 878 5418 hac
905 5378 1089 5418 causa
1115 5362 1365 5419 existere
1392 5379 1404 5428 ;
1444 5361 1505 5417 in
1535 5361 1855 5434 Aquitania
1886 5361 2054 5418 nulla

391 5452 684 5527 sapientia
713 5456 820 5519 est,
846 5466 1055 5508 omnes
1086 5454 1225 5506 sunt
1248 5450 1467 5507 rustici.
1524 5453 1589 5507 Et
1632 5451 1680 5506 si
1709 5450 1924 5523 aliquis
1977 5449 2052 5505 de

391 5542 702 5617 Aquitanis
759 5556 973 5614 parum
1051 5539 1320 5595 didicerit
1378 5539 1855 5609 grammaticam,
1910 5554 2053 5593 mox

390 5635 516 5689 utat
544 5648 606 5688 sc
637 5648 767 5687 esse
800 5629 1123 5699 Virgilium.
1188 5633 1251 5684 tn
1302 5629 1548 5685 Francia
1577 5631 1665 5683 est
1695 5626 2043 5701 sapientia,

2152 361 2288 429 dici,
2314 367 2399 417 est
2429 364 2563 419 fons
2594 364 2917 437 sapientiae.
2944 367 3065 434 Ego
3087 369 3331 436 propter
3354 364 3512 419 hanc
3537 381 3807 434 causam,

2152 452 2489 508 conducam
2520 470 2765 510 omnem
2813 453 3192 526 Aquitaniam
3253 453 3328 508 ad
3362 453 3472 509 tale
3498 454 3806 526 placitum,

2149 539 2211 595 in
2242 557 2365 613 quo
2390 541 2590 597 nullus
2622 542 2969 598 clericorum
3024 541 3167 597 sciet
3204 558 3266 597 se
3296 541 3605 613 adjuvare.
3661 547 3809 599 Nam

2150 646 2262 700 ego
2292 635 2396 711 aut
2424 631 2525 687 ibo
2584 632 2660 689 ad
2701 648 2926 705 papam
2983 636 3317 687 Romanum
3372 637 3614 706 propter
3655 634 3809 689 hanc

2148 721 2701 793 praesumptionem,
2735 727 2838 777 aut
2884 722 3115 777 mittam
3141 722 3192 777 ei
3217 721 3436 776 litteras
3466 738 3630 778 meas
3660 722 3811 778 sicut

2149 809 2270 865 scio
2300 827 2679 883 componere.
2710 814 2774 866 Et
2794 811 2899 868 iste
2930 828 3091 884 papa
3122 817 3209 867 est
3236 811 3409 867 valde
3433 828 3609 884 asper
3624 812 3809 868 homo

2147 903 2203 955 et
2224 900 2464 965 ferus,et
2480 901 2635 957 male
2658 900 2983 957 iracundus
3005 906 3061 956 et
3083 901 3251 956 srevis
3278 900 3573 969 moribus;
3594 906 3650 957 et
3666 918 3809 957 mox

2147 1005 2219 1044 ex
2240 1006 2362 1061 quo
2394 990 2595 1045 audiet
2628 1007 2852 1046 novum
2908 991 3251 1064 apostolum
3299 1007 3426 1047 esse
3457 996 3718 1047 erectum
3751 992 3811 1048 in

2146 1070 2351 1146 Gallia,
2372 1081 2923 1137 excommunicabit
2946 1098 3156 1137 omnes
3178 1082 3492 1154 episcopos
3516 1088 3569 1137 et
3599 1098 3811 1138 omnes

2145 1168 2426 1224 ecclesias
2450 1171 2883 1226 etmonastcria
2910 1171 3086 1226 totius
3111 1170 3462 1243 Aquitaniae,
3493 1174 3558 1225 ut
3576 1168 3806 1224 nullum

2147 1273 2387 1313 sacrum
2415 1258 2809 1314 ministerium
2827 1258 2909 1314 ibi
2930 1259 3190 1333 amplius
3214 1259 3559 1328 celebretur,
3584 1275 3809 1331 quous-

2146 1364 2263 1420 que
2293 1348 2407 1403 hoc
2435 1348 2507 1404 sit
2536 1349 2785 1404 omnino
2812 1349 3204 1417 destructum,
3238 1355 3293 1405 et
3329 1348 3677 1421 paenitentia
3705 1364 3815 1421 pu-

2145 1436 2302 1493 blica
2328 1453 2436 1510 pro
2480 1438 2593 1493 hoc
2644 1438 2718 1493 sit
2765 1438 2841 1494 ab
2892 1439 3174 1494 omnibus
3202 1438 3446 1494 facta.Et
3470 1442 3677 1511 postea
3706 1453 3815 1510 per

2149 1526 2482 1582 testamenti
2492 1532 2860 1601 praeceptum
2872 1528 3507 1595 excommunicabit,ut
3515 1528 3644 1599 jam
3658 1528 3813 1583 ultra

2078 1629 2114 1681 Β
2148 1615 2209 1670 in
2237 1614 2502 1670 futurum
2531 1616 2645 1671 hoc
2672 1616 2933 1688 amplius
2966 1616 3306 1673 nullatenus
3338 1621 3759 1689 przesumatur.
3784 1639 3810 1663 ››

2226 1708 2426 1776 Itaque
2456 1702 2578 1759 duo
2608 1705 3129 1777 pseudomonachi
3158 1704 3343 1761 nostri
3375 1720 3411 1760 a
3459 1705 3701 1760 Buxetia
3726 1719 3814 1759 re-

2149 1794 2323 1861 versi,
2381 1810 2524 1849 mox
2601 1800 2905 1863 gementes
2955 1800 3266 1868 cmperunt
3320 1794 3496 1850 nobis
3567 1793 3811 1850 dicere:

2153 1904 2181 1931 ‹‹
2218 1882 2382 1937 Heu!
2435 1882 2590 1937 male
2617 1882 2839 1937 fuimus
2896 1883 3020 1938 nati
3056 1899 3305 1952 ;omnes
3334 1882 3553 1940 mortui
3580 1899 3815 1949 sumus,

2154 1971 2267 2027 nisi
2298 1975 2448 2027 Deus
2472 1971 2945 2028 misericordiam
2978 1972 3155 2028 nobis
3201 1972 3421 2029 fecerit.
3459 1996 3485 2023 ››
3528 1975 3676 2028 Tum
3704 1972 3819 2027 ista

2152 2077 2289 2134 quae
2328 2077 2511 2134 supra
2540 2061 2730 2129 retuli,
2764 2066 2820 2117 et
2876 2062 3064 2119 multo
3123 2062 3240 2118 alia
3269 2063 3504 2133 majora
3552 2077 3687 2135 quas
3713 2078 3819 2117 au-

2153 2152 2390 2208 dierunt
2419 2152 2497 2207 ab
2518 2151 2615 2207 illo
2638 2151 2977 2225 muscipula
3006 2152 3229 2208 diaboli
3266 2152 3818 2222 Longobardo,c(r-

2154 2246 2371 2314 perunt
2402 2241 2578 2296 nobis
2623 2256 2923 2297 enarrare.
2972 2244 3092 2311 Ego
3147 2258 3312 2312 vero,
3368 2241 3631 2298 conﬁsus
3660 2241 3819 2301 hanc

2154 2330 2631 2387 contrarietatem
2708 2330 2977 2386 accidere
3049 2336 3291 2404 propter
3365 2331 3659 2402 majorem
3724 2329 3819 2386 fu—

2154 2424 2350 2475 turam
2376 2419 2740 2489 ﬁrmitatem,
2774 2423 2831 2474 et
2876 2418 3021 2491 quia
3047 2435 3168 2491 quo
3197 2419 3334 2492 plus
3364 2418 3812 2483 contradicitur,

2155 2526 2226 2566 eo
2274 2508 2409 2582 plus
2459 2508 2673 2563 veritas
2721 2507 3073 2577 afﬁrmatur,
3126 2508 3423 2582 simulque
3474 2524 3586 2581 pro
3631 2507 3818 2564 nihilo

2154 2599 2382 2655 ducens
2396 2600 2793 2654 ostentantem
2812 2596 3167 2667 Longobard
3178 2615 3276 2653 um
3294 2597 3630 2668 (audieram
3656 2597 3818 2653 enim

2154 2705 2294 2745 eum
2344 2687 2705 2755 Lemovicas,
2762 2690 2825 2743 ut
2853 2703 3038 2760 supra
3066 2687 3209 2756 dixi,
3242 2687 3640 2744 barbarismis
3659 2686 3816 2743 male

2154 2793 2535 2850 corrumpere
2563 2775 2954 2845 Latinitatem,
2984 2779 3042 2832 et
3062 2775 3271 2832 stultos
3291 2792 3493 2833 mores
3514 2776 3566 2832 ei
3591 2776 3817 2843 inesse;

2152 2882 2297 2923 nam
2317 2866 2471 2921 iram
2502 2881 2675 2921 suam
2698 2880 3089 2938 nequaquam
3120 2865 3310 2922 celare
3328 2870 3578 2938 poterat,
3602 2870 3659 2921 et
3677 2880 3819 2920 con-

2153 2955 2479 3012 tentionem
2512 2954 2571 3009 in
2591 2969 2703 3009 nos
2725 2969 2834 3009 sua
2854 2952 3202 3009 defensione
3225 2954 3491 3026 amabat,
3520 2953 3814 3010 intellexe-

2152 3045 2327 3117 ram),
2360 3043 2455 3100 vel
2480 3043 2623 3117 quia
2652 3047 2736 3100 tot
2762 3043 3086 3118 prudentes
3119 3043 3391 3100 Ecclesiae
3440 3044 3821 3101 Lemovicen-

2155 3134 2238 3189 cis
2266 3132 2425 3188 viros
2473 3130 2787 3203 judicabat
2816 3147 3116 3201 erroneos,
3160 3131 3251 3188 vel
3272 3132 3418 3205 quia
3447 3132 3610 3188 solus
3640 3131 3823 3187 exoti-

2155 3240 2260 3279 cus
2286 3236 2482 3293 neque
2512 3220 2810 3288 invitatus,
2843 3220 3029 3277 videri
3079 3221 3363 3291 magister
3408 3220 3649 3278 volebat
3683 3220 3822 3294 plu~

2154 3312 2321 3368 ribus
2362 3309 2559 3382 (culpa
2607 3314 2695 3365 est
2744 3309 2905 3365 enim
2962 3309 3258 3383 superbiae
3313 3309 3623 3367 meliorem
3673 3308 3822 3367 velle

2155 3400 2388 3471 docere)
2425 3418 2438 3467 ;
2473 3399 2769 3473 simulque
2795 3399 2940 3472 quia
2965 3399 3277 3456 confestim
3304 3399 3535 3473 appulit
3582 3398 3829 3456 animus

2155 3492 2313 3547 hanc
2369 3489 2541 3545 vobis
2615 3489 2872 3545 scribere
2943 3489 3258 3563 epistolam
3322 3489 3402 3546 ad
3463 3488 3822 3546 refellendos

2157 3579 2427 3637 vecordis
2453 3594 2703 3648 errores,
2735 3578 2970 3635 curiose
3013 3578 3301 3645 minutius
3323 3578 3654 3635 sciscitatus
3686 3595 3825 3634 sum

2157 3671 2235 3728 ab
2279 3670 2362 3727 eis
2404 3670 2532 3726 11ch
2585 3669 2791 3725 omnia
2830 3668 3035 3725 dicens
3068 3687 3081 3724 :
3139 3692 3166 3719 «
3200 3669 3363 3726 Unde
3392 3669 3581 3726 nostis
3606 3669 3654 3724 si
3696 3668 3826 3742 ipse

2159 3764 2246 3816 est
2314 3758 2638 3831 sapientior
2690 3758 2868 3814 nobis
2898 3759 2926 3812 εἰ
2979 3789 3047 3798 -
3102 3758 3281 3825 Ultra,
3331 3757 3545 3831 inquit,
3612 3773 3827 3813 omnes

2158 3848 2435 3903 homines
2466 3851 2555 3902 est
2583 3846 2821 3920 sapiens
2868 3862 3024 3919 quos
3042 3862 3314 3919 unquam
3343 3846 3626 3902 vidimus.
3688 3846 3832 3903 Nul-

2156 3936 2286 3993 lum
2332 3936 2412 3991 ita
2458 3939 2581 3991 tota
2639 3934 2734 3990 die
2782 3933 3129 4007 loquentem
3169 3934 3529 3990 audivimus.
3565 3937 3608 3991 Ο
3636 3951 3827 4008 quam

2157 4026 2383 4099 loquax
2446 4030 2534 4080 est
2576 4024 2587 4079 t
2669 4023 2835 4079 nulla
2885 4023 3037 4080 hora
3102 4024 3362 4080 lassatur
3418 4039 3455 4081 a
3501 4023 3824 4081 locutione.

2160 4116 2225 4171 In
2285 4129 2650 4188 quocunque
2682 4112 2815 4169 loco
2870 4113 3045 4169 fuerit
3096 4120 3282 4186 stans,
3339 4113 3574 4184 sedens,
3607 4114 3828 4171 ambu-

2159 4203 2316 4272 lans,
2390 4203 2611 4273 jacent,
2668 4202 2751 4258 ita
2806 4202 3079 4259 defluunt
3134 4203 3323 4259 verba
3395 4202 3475 4259 ab
3530 4219 3629 4259 ore
3697 4203 3832 4274 ejus

2159 4292 2337 4351 veluti
2384 4308 2545 4365 aqua
2598 4307 2635 4347 a
2690 4291 2872 4348 ﬂuvio
2919 4291 3169 4363 Tigride.
3230 4297 3360 4366 lpse
3404 4293 3653 4350 mandat
3699 4308 3832 4350 om-

2163 4398 2306 4438 nem
2359 4379 2561 4436 locum
2618 4379 2879 4436 Buxeriae
2912 4379 3082 4436 sicuti
3126 4379 3339 4453 abbas,
3381 4397 3590 4438 omnes
3620 4394 3833 4438 mona-

2166 4471 2280 4542 chi,
2335 4474 2391 4525 et
2461 4469 2594 4526 laici
2654 4474 2712 4526 et
2778 4469 2973 4526 clerici
3057 4470 3202 4525 nihil
3268 4474 3457 4542 agunt
3504 4472 3629 4528 sine
3675 4475 3834 4527 nutu

2164 4562 2342 4633 ejus;
2401 4559 2528 4633 ipse
2584 4563 2675 4616 est
2730 4559 2893 4616 enim
2945 4560 3109 4634 prior
3164 4560 3466 4633 praelatus.
3523 4559 3833 4619 Multitudo

2161 4648 2369 4723 populi
2416 4654 2473 4704 et
2522 4647 2797 4720 militum,
2853 4648 3029 4704 nobis
3081 4649 3497 4721 praesentibus,
3555 4649 3633 4706 ad
3687 4665 3832 4705 eum

2160 4739 2340 4812 quasi
2396 4738 2475 4794 ad
2530 4737 2865 4811 principem
2907 4738 3378 4795 desiderantium
3432 4755 3572 4795 eum
3618 4738 3832 4796 audire

2160 4827 2326 4900 loqui
2356 4826 2717 4883 festinabant
2749 4845 2762 4893 ;
2794 4843 2948 4900 quos
2969 4826 3102 4899 ipse
3132 4830 3253 4883 tota
3272 4826 3368 4882 die
3396 4827 3593 4883 ferens
3617 4827 3828 4898 verba,

2161 4932 2372 4973 omnes
2403 4920 2687 4989 pertmsos
2713 4915 3021 4983 reddebat,
3080 4915 3208 4988 ipse
3236 4931 3379 4971 vero
3407 4928 3531 4972 non
3563 4916 3838 4974 lassaba-

2162 5012 2274 5063 tur.
2306 5006 2415 5073 Qui
2445 5022 2587 5062 vero
2612 5005 2992 5074 recedebant,
3034 5004 3315 5060 dicebant
3346 5023 3359 5059 :
3390 5009 3712 5081 Nunquam
3744 5008 3835 5064 sic

2160 5097 2543 5169 eloquentem
2564 5094 3027 5165 grammaticum
3054 5094 3371 5151 vidimus.»
3419 5096 3648 5162 Quibus
3678 5112 3829 5167 ego:

2162 5208 2190 5236 ‹‹
2224 5189 2347 5242 Non
2372 5182 2713 5252 multitudo,
2733 5182 2946 5255 inquit,
2976 5182 3412 5256 eloquentium,
3440 5185 3547 5241 sed
3567 5185 3839 5243 multitu-

2160 5275 2240 5331 do
2272 5273 2630 5347 sapientium
2655 5271 2879 5328 sanitas
2904 5276 2993 5329 est
3021 5271 3183 5329 orbis
3214 5276 3529 5330 terrarum.
3578 5274 3837 5348 Sapiens

2159 5364 2357 5421 verbis
2381 5363 2696 5419 innotescit
2714 5361 2943 5436 paucis.
2970 5364 3037 5419 Et
3060 5363 3401 5419 monachus
3417 5379 3614 5437 pauca
3642 5364 3839 5423 verba

2160 5457 2216 5508 et
2267 5451 2646 5509 rationabilia
2692 5450 2997 5525 loquatur,
3050 5455 3109 5508 et
3156 5452 3430 5522 linguam
3461 5453 3539 5509 ad
3581 5452 3839 5526 loquen-

2159 5537 2308 5593 dum
2338 5536 2671 5610 prohibeat,
2701 5540 2758 5593 et
2786 5536 3247 5593 taciturnitatem
3269 5536 3503 5594 habens
3529 5553 3721 5613 usque
3748 5536 3837 5594 ad

2156 5625 2686 5697 interrogationem
2715 5640 2839 5683 non
2858 5625 3158 5699 loquatur.
3182 5626 3442 5700 Stultus,
3474 5628 3529 5685 si
3546 5627 3833 5698 tacuerit,
