4048 6178
281 185 390 241 109

1594 185 1806 242 EPIST.
1853 187 1948 242 DE
1988 188 2046 244 S.
2090 185 2440 253 MARTIALI.

3634 208 3730 271 n0

277 308 519 376 sapiens
547 305 944 376 reputabitur.
977 324 1008 357 ις
1034 308 1180 363 Tum
1209 306 1337 408 illi":
1394 312 1453 364 In
1484 310 1598 367 hac
1626 315 1783 367 terra
1815 327 1945 408 non
1978 317 2025 369 A
2060 313 2274 387 inquit,
2310 320 2514 375 Romae
2545 321 2663 379 vidi
2687 324 2817 394 jam
2840 325 2986 383 olim
3008 330 3337 401 quemdam
3355 334 3731 408 praecipuum

277 398 596 468 reputatur
617 395 879 467 sapiens,
893 394 1003 451 nisi
1016 394 1276 453 multum
1298 394 1472 453 fuerit
1502 398 1814 471 eloquens.
1827 400 1947 456 Sed

276 484 352 541 de
374 488 591 542 saneto
610 484 866 542 Martiale
897 484 1069 541 valde
1094 502 1304 541 sumus
1324 485 1520 543 tristes
1545 506 1558 557 ;
1587 503 1730 544 nam
1764 489 1946 546 valde

276 573 563 646 placebat
594 573 767 631 nobis
798 590 935 630 eum
965 574 1275 647 praedicari
1300 575 1644 648 apostolum
1669 595 1681 645 ;
1716 579 1945 634 amodo

275 679 423 719 vero
452 663 872 721 revertendum
904 663 1079 720 nobis
1110 668 1196 719 est
1225 664 1303 722 ad
1325 665 1563 722 solitum
1594 683 1798 723 usum.
1827 669 1946 741 Ipsi

275 752 444 809 enim
478 753 928 809 Lemovicenses
960 754 1371 826 monachi,qui
1391 760 1525 811 ante
1557 771 1781 829 corpus
1813 758 1946 829 ejus

274 845 500 907 astant,
533 845 670 913 post
710 856 833 897 non
864 840 1085 897 multos
1113 840 1240 897 dies
1269 847 1634 900 revertentur
1657 844 1736 901 ad
1756 846 1947 918 pristi-

275 947 431 989 num
466 947 715 998 morem,
768 937 973 988 etnon
1026 931 1329 988 vocabunt
1357 948 1494 989 cum
1524 933 1680 991 ultra
1706 941 1946 1009 aposto-

272 1020 429 1087 lum,
460 1020 565 1076 sed
606 1020 1037 1086 confessorem,
1074 1021 1227 1077 sicut
1272 1023 1618 1079 Benedictus
1658 1024 1942 1093 afﬁrmat,

273 1113 330 1165 et
359 1109 474 1165 erit
503 1110 617 1166 hoc
645 1125 870 1179 magna
899 1110 1118 1167 derisio
1164 1127 1367 1167 coram
1420 1112 1583 1169 omni
1634 1114 1879 1170 saeculo.
1917 1137 1944 1164 »

274 1197 513 1263 Quibus
543 1214 673 1268 ego.
704 1217 734 1251 ‹
762 1201 897 1254 Ihec
939 1204 1030 1256 est
1067 1199 1218 1255 visio
1240 1216 1393 1268 mea,
1413 1217 1598 1273 quam
1629 1202 1745 1259 hac
1774 1208 1946 1261 nocte

273 1286 699 1343 exhorrebam.
734 1290 862 1343 Duo
892 1288 1087 1360 parvi,
1123 1288 1229 1344 sed
1248 1288 1422 1346 valde
1446 1289 1609 1346 fetidi
1636 1297 1947 1365 serpentes

271 1381 449 1433 erant
473 1375 672 1432 colore
700 1380 872 1442 tetro,
901 1377 1296 1434 ascendentes
1332 1379 1406 1434 de
1429 1378 1585 1436 vallo
1624 1380 1946 1454 inaquoso,

272 1465 383 1521 sed
427 1464 681 1521 humido
720 1464 874 1520 inter
934 1482 997 1521 se
1047 1465 1328 1522 ludentes
1360 1472 1418 1523 et
1453 1467 1848 1538 luxuriantes,
1894 1476 1951 1526 et

269 1569 529 1626 corpore
576 1552 811 1609 immoti
840 1553 903 1609 in
931 1554 1249 1626 superﬁcie
1276 1555 1437 1611 valli.
1486 1557 1646 1621 Quos
1697 1557 1950 1631 quidam

2057 404 2341 461 comitem
2358 406 2747 478 Almannum,
2772 414 2947 485 cujus
2969 415 3239 485 linguam
3261 404 3590 492 intelligere
3611 441 3734 482 non

2054 496 2352 564 poteram,
2385 496 2500 553 nisi
2532 498 2592 555 in
2627 501 2876 572 psalmis
2907 508 2963 560 et
3005 504 3226 563 litaniis
3268 512 3325 564 et
3354 509 3732 585 lectionibus,
3822 556 3825 559 ν

2056 582 2231 653 cujus
2272 586 2563 657 capellani
2609 595 2745 647 ante
2795 608 2935 649 eum
2988 596 3253 667 quotidie
3302 597 3460 658 circa
3516 582 3734 662 horam

2056 672 2291 764 tentiam
2338 674 2576 764 litanias
2608 686 2959 738 sanctorum
3001 684 3305 756 dicebant,
3357 692 3414 746 et
3465 693 3732 764 quotidie

2052 758 2189 815 illos
2240 763 2564 823 audiebam
2613 770 2935 827 Martialem
2980 776 3370 845 pronuntiare
3418 758 3732 841 in_ordine

2055 851 2491 921 apostolorum.
2521 879 2548 906 ››
2581 861 2729 913 Tum
2763 860 3100 930 Salgionius
3127 880 3140 918 :
3174 885 3203 913 «ε
3235 867 3303 921 Et
3330 872 3731 941 ego,quando

2055 944 2270 995 euntes
2328 941 2386 997 in
2439 945 2917 1020 Hierosolymam
2971 951 3329 1010 intravimus
3378 972 3566 1027 mare,
3606 961 3728 1018 vidi

2056 1030 2695 1099 quemdamloanncm
2714 1041 3108 1110 monachum,
3128 1042 3518 1103 fortissimum
3536 1065 3733 1120 gram-

2060 1117 2374 1192 maticum,
2405 1138 2477 1178 ex
2510 1124 2739 1183 civitate
2782 1129 2999 1196 Remis,
3049 1132 3153 1203 qui
3184 1132 3244 1188 in
3294 1135 3433 1192 navi
3465 1117 3734 1196 similiter

2059 1207 2330 1277 quotidie
2362 1213 2684 1270 Martialem
2718 1218 3228 1293 pronuntiabatin
3257 1223 3465 1281 ordine
3495 1233 3735 1299 aposto-

2058 1294 2283 1353 lorum.
2320 1322 2345 1347 ››
2382 1303 2446 1357 Et
2475 1303 2840 1361 Gauzbcrtus
2862 1306 2945 1362 ait
2969 1324 2981 1361 :
3004 1330 3032 1356 «
3065 1312 3186 1379 Ego
3214 1310 3329 1367 nisi
3352 1328 3460 1386 per
3487 1294 3734 1374 memet-

2060 1383 2265 1456 ipsum
2297 1388 2375 1444 ab
2405 1395 2689 1449 extranea
2718 1400 2891 1463 gente
2917 1401 2974 1452 et
3013 1398 3278 1456 barbara
3316 1383 3525 1473 lingua
3556 1406 3729 1462 audi-

2063 1490 2214 1547 rem,
2248 1493 2370 1534 non
2397 1481 2701 1537 crederem
2731 1500 2870 1540 cum
2902 1501 3031 1542 esse
3062 1490 3438 1561 apostolum;
3472 1499 3533 1550 tu
3563 1511 3726 1563 vero,

2064 1565 2189 1637 qui,
2225 1573 2287 1624 ut
2338 1568 2487 1624 dicis
2536 1573 2881 1644 exemplum
2934 1575 3107 1633 simili
3165 1580 3347 1637 modo
3397 1582 3477 1639 ab
3520 1582 3728 1642 alienis

266 1641 559 1698 monachi
588 1640 962 1698 admirantes
992 1647 1049 1698 et
1078 1641 1340 1700 ridentes
1372 1644 1730 1717 spectabant
1760 1646 1950 1703 liben-
1984 1672 2024 1724 η
2065 1655 2309 1725 audisti,
2335 1674 2440 1712 cur
2464 1640 2843 1717 adversa-rius
2869 1666 2975 1720 es?
2996 1666 3146 1731 Quia
3172 1672 3725 1747 mmquam,inquit,

269 1736 399 1798 ter;
452 1746 667 1786 verum
709 1746 824 1800 ego
870 1746 983 1803 pro
1032 1731 1214 1788 fetore
1245 1733 1513 1803 maligno
1551 1734 1753 1807 potius
1782 1752 1953 1793 exse-

268 1836 449 1877 crans
500 1836 687 1892 quam
740 1820 984 1889 fugiens
1022 1820 1305 1878 videbam
1347 1839 1450 1879 eos
1498 1824 1555 1879 in
1610 1825 1950 1881 cavernulis

268 1910 394 1964 suis
422 1908 807 1976 reabscondi,
833 1908 1013 1980 quasi
1038 1908 1323 1979 fugiendo
1355 1910 1638 1967 velocius.
1660 1913 1949 1970 Videbam

268 2000 410 2055 item
452 1998 514 2054 in
547 1998 896 2053 summitate
928 1998 1140 2054 fossati
1187 1999 1381 2072 ipsius
1431 2003 1665 2057 tertium
1712 2019 1952 2076 serpen-

267 2094 388 2145 tem
439 2087 783 2161 turpissime
825 2087 1147 2155 variatum,
1209 2104 1333 2144 non
1381 2089 1517 2162 plus
1570 2106 1692 2147 uno
1746 2092 1948 2149 cubito

263 2178 542 2248 longum,
578 2176 858 2232 inﬂatum
889 2176 1078 2231 nimio
1108 2193 1362 2245 veneno,
1391 2179 1661 2235 medium
1692 2179 1767 2235 de
1800 2180 1949 2237 fora-

264 2268 428 2323 mine
478 2267 637 2322 exire
692 2265 1031 2338 torpidum;
1087 2271 1143 2321 et
1189 2272 1570 2324 emoventem
1619 2284 1943 2339 venenum,

264 2358 371 2431 qui
402 2356 730 2413 exhalabat
758 2356 1202 2411 exsecrandum
1235 2357 1485 2413 fetorem
1522 2377 1535 2428 ;
1586 2375 1791 2431 quem,
1841 2362 1948 2433 qui

266 2445 757 2513 circumstabant,
779 2444 1069 2501 dicebant
1098 2461 1226 2501 esse
1256 2451 1512 2502 matrem
1536 2447 1798 2505 duorum
1829 2466 1947 2506 ser-

264 2536 560 2611 pentium.
598 2536 791 2601 Quem
816 2550 853 2590 a
882 2532 1061 2604 longe
1092 2533 1313 2590 clausis
1342 2535 1592 2591 naribus
1622 2537 1772 2593 meis
1795 2538 1945 2595 dum

266 2625 587 2699 coepissem
619 2627 915 2696 spectare,
968 2622 1063 2678 ille
1111 2622 1272 2680 velut
1312 2623 1514 2680 visum
1562 2642 1768 2681 meum
1807 2642 1943 2684 eru-

265 2716 540 2781 bescens,
583 2712 884 2787 paulatim
912 2716 1243 2767 retrorsum
1270 2728 1510 2785 repens,
1559 2712 1619 2769 in
1646 2714 1942 2772 foramine

268 2821 379 2861 suo
402 2803 654 2860 delituit.
692 2801 957 2858 Intellexi
983 2801 1137 2858 duos
1172 2807 1477 2875 serpentes
1509 2803 1663 2859 duos
1682 2820 1815 2860 esse
1834 2822 1942 2862 vos

266 2894 737 2969 pseudot‘ratres,
809 2891 1051 2949 tertium
1107 2907 1246 2948 vero
1300 2892 1609 2951 doctorem
1668 2900 1939 2952 vestrum

270 2984 762 3055 Longobardum,
823 2998 1008 3056 quem
1050 2982 1223 3080 .ultra
1236 2998 1655 3080 nequaquam
1703 2986 1939 3080 v‘oeabo
1971 3025 2011 3080 Ο

270 3076 676 3139 Benedictum,
735 3072 844 3129 sed
896 3071 1141 3128 nomine
1187 3072 1375 3143 digno
1428 3072 1687 3130 censebo
1726 3074 1938 3133 Belito-

268 3166 461 3232 nium,
493 3165 608 3221 hoc
655 3169 764 3231 est,
808 3162 989 3219 Belial
1037 3178 1278 3229 sonum,
1328 3161 1473 3235 quia
1500 3179 1609 3235 per
1654 3180 1757 3220 eos
1810 3166 1940 3237 ejus

272 3254 553 3311 diabolus
593 3257 790 3309 sonat.
846 3254 944 3307 Est
999 3250 1299 3323 siquidem
1348 3251 1661 3324 proprium
1708 3254 1940 3313 Satanae

274 3359 395 3399 non
421 3359 530 3415 per
558 3341 914 3397 charitatem
945 3339 1296 3407 admonere,
1327 3338 1435 3394 sed
1459 3355 1566 3412 per
1595 3340 1942 3413 superbiam

274 3434 587 3504 derogare,
657 3447 766 3504 per
832 3429 1226 3486 invidentiam
1306 3427 1562 3485 aliorum
1615 3429 1943 3488 claritatem

274 3523 611 3579 obfuscare.
666 3519 783 3577 Sed
812 3535 953 3575 cum
984 3518 1175 3575 sciam
1204 3517 1447 3575 difﬁcile
1493 3518 1739 3591 erigere,
1773 3525 1831 3579 et
1854 3520 1944 3578 fa-

277 3612 384 3668 cile
425 3628 555 3668 esse
599 3610 835 3666 diruere
868 3607 1193 3674 veritatem,
1232 3606 1576 3665 nullatenus
1614 3608 1800 3666 miror
1834 3626 1945 3668 vos

278 3718 388 3775 pro
418 3717 544 3757 uno
595 3700 803 3771 ignoto
835 3697 1121 3769 magistro
1149 3697 1213 3753 in
1271 3702 1582 3755 momento
1633 3699 1947 3773 reliquisse

277 3791 534 3862 bonum,
607 3788 775 3863 quod
834 3804 930 3843 me
1006 3802 1113 3859 per
1164 3785 1425 3843 multum
1511 3792 1749 3861 tempus
1807 3807 1946 3848 sua-

281 3882 476 3949 dente,
520 3880 628 3953 qui
685 3896 825 3935 sum
876 3894 914 3933 a
964 3894 1154 3952 puero
1198 3893 1322 3932 non
1376 3876 1737 3949 incognitus,
1793 3881 1950 3937 testi-

285 3972 500 4029 moniis
563 3986 737 4042 aeque
783 3973 838 4026 et
904 3966 1360 4024 auctoritatibus
1418 3968 1681 4024 virorum
1733 3970 1950 4042 proba-

286 4061 494 4117 bilium
520 4056 985 4115 fervescentibus
1014 4057 1109 4112 vix
1134 4055 1481 4113 inchoastis.
1517 4056 1716 4114 Melius
1748 4064 1950 4117 tamen

284 4150 478 4207 fuerat
538 4147 712 4206 vobis
776 4146 1193 4203 rectitudinem
1250 4146 1434 4217 hujus
1493 4146 1758 4204 veritatis
1815 4148 1952 4206 licet

280 4240 591 4311 cognitam
620 4253 743 4295 non
770 4236 1087 4293 inchoasse
1139 4252 1326 4308 quam
1357 4235 1704 4293 inchoatam
1738 4239 1951 4295 dereli-

281 4329 513 4403 quisse.
551 4350 577 4376 ››

360 4423 438 4475 De
462 4416 582 4474 alio
612 4415 789 4472 etiam
817 4408 1119 4472 monacho
1147 4413 1581 4481 saecularilicet
1605 4414 1758 4472 inter
1780 4432 1953 4488 regu-

277 4509 442 4565 lares
458 4504 913 4577 Angeriacensis
928 4503 1187 4561 cmnobii
1203 4504 1282 4560 ad
1306 4505 1523 4561 horam
1544 4510 1950 4578 conversetur,

281 4597 567 4671 ejusdem
580 4594 863 4662 nominis,
881 4593 1253 4667 praenomine
1275 4598 1478 4651 autem
1502 4594 1823 4666 Salgionio,
1846 4597 1956 4652 sci-

284 4693 430 4759 tote,
460 4702 500 4744 o
526 4684 634 4741 viri
663 4683 977 4741 clarissimi
1004 4682 1227 4757 quibus
1255 4684 1384 4741 haec
1416 4683 1632 4750 scribo,
1661 4689 1718 4741 et
1736 4685 1874 4758 ipse
1893 4687 1954 4743 in

284 4781 590 4851 quantum
611 4778 822 4848 potest,
842 4773 1219 4830 adversarius
1243 4778 1331 4830 est
1359 4773 1500 4830 huic
1521 4772 1769 4843 veritati,
1802 4775 1954 4834 adeo

288 4868 443 4925 utin
464 4870 762 4922 conventu
786 4868 994 4920 nostro
1019 4862 1264 4936 publico
1294 4862 1391 4920 die
1420 4863 1692 4936 quodam
1712 4864 1953 4939 hospes,

289 4956 552 5013 audiens
597 4970 708 5011 nos
739 4953 802 5010 in
829 4951 1050 5010 litaniis
1076 4967 1303 5009 nomen
1349 4951 1624 5009 Martialis
1654 4953 1717 5009 in
1771 4953 1955 5010 choro

290 5046 707 5122 apostolorum
731 5060 969 5117 canere,
999 5059 1144 5101 mox
1173 5043 1256 5100 ibi
1277 5059 1486 5101 coram
1511 5042 1796 5101 omnibus
1827 5061 1957 5102 ma-

288 5136 531 5193 ximum
550 5134 872 5191 tumultum
901 5137 959 5190 et
981 5148 1258 5189 murmur
1283 5138 1338 5189 et
1369 5132 1731 5189 scandalum
1756 5149 1959 5190 move-

290 5229 402 5288 ret,
436 5226 495 5278 et
535 5222 817 5296 deinceps
858 5226 1142 5295 quartum
1188 5221 1250 5278 in
1293 5220 1503 5279 ordine
1547 5221 1958 5278 confessorum

294 5312 455 5368 elata
483 5327 630 5369 voce
653 5312 962 5386 proferret,
990 5311 1097 5385 qui
1116 5314 1404 5385 quartum
1433 5310 1737 5369 decimum
1766 5311 1827 5368 in
1869 5328 1961 5368 or-

294 5401 439 5457 dine
470 5400 879 5474 apostolorum
904 5400 1358 5473 pronuntiatum
1386 5400 1797 5467 fuerat.Quem
1823 5417 1962 5457 cum

297 5490 504 5563 palam
548 5505 752 5547 coram
800 5489 1020 5546 abbate
1050 5494 1108 5546 et
1157 5488 1443 5546 fratribus
1488 5504 1824 5559 arguerem,
1883 5488 1964 5544 ait

296 5580 550 5651 iurgans
579 5597 591 5635 :
637 5604 663 5628 ‹‹
696 5579 864 5646 Quod
894 5594 1212 5653 nunquam
1256 5584 1434 5635 antea
1464 5579 1692 5635 dictum
1714 5582 1821 5646 est,
1848 5579 1963 5633 hoc

304 5668 486 5726 modo
534 5668 852 5726 dicemus?
881 5691 909 5718 ››
960 5667 1066 5726 Cui
1109 5667 1510 5726 Gauzbertus:
1568 5689 1595 5717 ‹‹
1628 5671 1691 5723 In
1736 5666 1961 5734 itinere,

2062 1742 2353 1802 hactenus
2386 1748 2516 1803 talis
2544 1752 2923 1807 consuetudo
2950 1753 3059 1810 fuit
3081 1755 3233 1812 inter
3262 1773 3395 1829 nos,
3429 1765 3486 1818 et
3513 1742 3727 1820 omnes

2063 1832 2327 1907 episcopi
2356 1840 2416 1891 et
2447 1837 2696 1893 abbates
2729 1841 2917 1896 nostri
2943 1847 3342 1917 suntpropter
3370 1848 3486 1906 hoc
3512 1849 3724 1921 tristes,

2062 1924 2119 1974 et
2150 1922 2357 1979 volunt
2386 1924 2612 1982 mittere
2643 1927 2931 1998 epistolas
2964 1946 3137 2004 papae
3166 1936 3462 2007 Romano,
3484 1943 3547 1993 ut
3569 1938 3726 1996 hanc

2062 2025 2282 2068 novam
2323 2017 2860 2088 prresumptionem
2892 2018 3018 2075 ﬁeri
3057 2022 3393 2094 prohibeat.
3428 2049 3455 2075 ››
3498 2029 3565 2083 Et
3614 2044 3727 2098 ego

2059 2098 2386 2174 respondi:
2437 2127 2465 2153 «
2499 2105 2553 2160 Si
2595 2122 2777 2179 papa,
2814 2108 3181 2183 subripiente
3213 2115 3459 2171 consilio
3488 2115 3723 2175 invido-
3768 2164 3789 2187 ,

2057 2206 2218 2260 rum,
2268 2191 2381 2247 hoc
2411 2194 2705 2266 prohibet,
2764 2200 2967 2254 tamen
3026 2199 3271 2257 obedire
3327 2208 3562 2276 oportet
3603 2209 3723 2264 Deo

2058 2279 2255 2367 magis
2284 2297 2469 2353 quam
2527 2300 2701 2356 papae
2750 2287 3043 2344 Romano.
3094 2289 3245 2345 Nulli
3275 2291 3495 2349 etenim
3545 2309 3722 2367 papte

2056 2365 2201 2423 data
2241 2374 2331 2425 est
2379 2376 2639 2442 potestas
2684 2372 2777 2429 vel
2804 2374 3162 2433 absolvendi
3190 2380 3282 2435 vel
3313 2365 3722 2439 excommunio

2055 2458 2235 2513 candi
2266 2465 2504 2515 sanctos
2535 2462 2838 2533 apostolos
2872 2466 2990 2533 Dei,
3020 2467 3113 2522 vel
3138 2460 3498 2541 prohibendi
3528 2472 3721 2529 Eccle-

2055 2545 2207 2601 siam
2243 2549 2339 2603 Dei
2374 2566 2409 2604 a
2440 2549 2591 2605 bene
2635 2551 2908 2608 faciendo
2941 2559 2998 2610 et
3048 2561 3203 2613 recte
3231 2558 3558 2631 loquendo.
3593 2584 3620 2612 »
3652 2563 3720 2618 Et

2051 2633 2148 2690 ille
2183 2653 2196 2690 :
2235 2660 2261 2686 ‹‹
2297 2640 2412 2693 Cur
2441 2638 2551 2693 hoc
2580 2639 2871 2697 inchoasti
2906 2642 3032 2699 sine
3054 2643 3289 2702 licentia
3322 2650 3477 2704 sua?
3509 2672 3536 2701 »
3568 2653 3718 2707 Tum

2051 2740 2167 2795 ego
2193 2743 2204 2780 :
2244 2750 2270 2775 ‹‹
2304 2730 2369 2782 Et
2401 2731 2483 2793 tu,
2516 2727 2789 2802 inquam,
2816 2746 2923 2787 cur
2951 2733 3194 2790 effectus
3224 2752 3287 2792 es
3317 2736 3391 2793 de
3419 2737 3715 2796 canonico

2053 2817 2391 2872 monachus
2443 2816 2568 2872 sine
2620 2817 2854 2875 licentia
2888 2836 3001 2878 sua
3032 2823 3059 2878 ἰ)
3101 2825 3381 2898 Nunquid
3409 2842 3533 2884 non
3575 2829 3718 2884 ante

2049 2905 2326 2961 Martialis
2351 2906 2461 2962 fuit
2489 2907 2796 2979 apostolus
2826 2926 3012 2983 quam
3056 2912 3117 2968 in
3143 2914 3292 2971 urbe
3342 2918 3530 2975 Roma
3557 2918 3720 2973 esset

2049 2991 2271 3065 aliquis
2296 3012 2458 3068 papa
2489 2997 2883 3056 constitutus?
2914 3001 3193 3075 Nunquid
3222 3018 3346 3061 non
3368 3004 3550 3063 simul
3573 3019 3721 3063 cum

2049 3083 2218 3139 Petro
2250 3100 2486 3140 romam
2529 3086 2742 3143 venit?
2796 3091 3000 3146 Nonne
3029 3090 3091 3147 in
3120 3091 3488 3151 Hierusalem
3536 3094 3656 3152 fuit
3685 3110 3724 3153 a

2049 3171 2280 3228 Christo
2312 3174 2620 3246 apostolus
2651 3178 3027 3248 constitutus,
3059 3181 3194 3237 etin
3230 3182 3370 3240 Sion
3399 3200 3508 3257 per
3539 3183 3725 3258 Spiri-

2053 3263 2180 3315 tum
2227 3267 2505 3317 sanctum
2549 3264 2794 3321 scientia
2840 3267 3045 3323 omnia
3092 3268 3437 3341 linguarum
3465 3272 3720 3330 edoctus

2051 3351 2189 3405 est?
2230 3354 2353 3406 Non
2388 3351 2549 3407 enim
2579 3353 2653 3408 de
2684 3354 2830 3411 urbe
2863 3359 3069 3424 Roma,
3113 3358 3219 3413 sed
3257 3359 3331 3414 de
3365 3360 3506 3417 Sion
3533 3358 3721 3420 exivit

2050 3436 2165 3505 lex,
2195 3445 2251 3496 et
2277 3441 2530 3497 verbum
2564 3443 2798 3500 Domini
2827 3445 2901 3501 de
2932 3445 3317 3510 Hiewsalem.
3351 3450 3406 3506 Si
3437 3449 3545 3523 qui
3570 3465 3718 3509 vero

2054 3528 2308 3598 apostoli
2334 3529 2589 3585 ordinati
2632 3537 2771 3588 sunt
2802 3536 3020 3597 Romae,
3063 3535 3371 3608 requirant
3408 3538 3717 3611 apostola-

2056 3618 2182 3671 tum
2230 3634 2407 3672 suum
2450 3621 2669 3675 Romae.
2728 3622 3001 3679 Martialis
3050 3623 3210 3680 enim
3241 3624 3304 3681 in
3350 3626 3718 3687 Hierusalem

2056 3706 2365 3778 apostolus
2405 3707 2716 3764 ordinatus
2757 3717 2866 3778 est,
2918 3711 3021 3767 ubi
3061 3712 3196 3768 fons
3238 3714 3712 3787 Christianitatis,

2056 3792 2159 3848 ubi
2181 3794 2357 3850 vinea
2386 3792 2494 3850 fuit
2523 3794 2802 3865 basalmi,
2835 3799 2940 3854 ubi
2967 3804 3160 3856 mater
3187 3807 3275 3857 est
3298 3803 3571 3859 omnium
3617 3806 3719 3861 Ec-

2057 3882 2374 3938 clesiarum
2404 3883 2562 3939 Sion.
2593 3888 2742 3942 Nam
2765 3892 2823 3943 et
2836 3887 3001 3960 quod
3028 3888 3316 3959 legiturin
3343 3890 3718 3963 quibusdam

2059 3971 2429 4026 Annalibus:
2490 3972 2732 4029 Natalis
2787 3976 3115 4045 Martialis,
3160 3979 3267 4047 qui
3314 3977 3391 4034 ab
3433 3982 3716 4049 apostolis

2059 4059 2374 4115 ordinatus
2404 4059 2692 4125 est,simili
2738 4063 2921 4119 modo
2960 4062 3176 4134 legitur
3201 4064 3275 4120 de
3317 4066 3541 4125 Iacobo
3569 4083 3717 4141 apo-

2061 4147 2213 4204 stolo
2242 4167 2254 4203 :
2288 4149 2549 4219 Natalis,
2587 4148 2802 4224 inquit,
2831 4152 3046 4209 Jacobi
3068 4154 3288 4222 fratris
3316 4155 3581 4227 Domini,
3614 4157 3723 4228 qui

2060 4239 2135 4294 ab
2183 4238 2468 4306 apostolis
2511 4239 2745 4307 primus
2788 4243 3220 4312 Hierosolymis
3266 4244 3582 4303 ordinatus
3635 4252 3723 4305 est

2063 4328 2390 4395 episc0pus.
2431 4328 2560 4382 Non
2602 4328 2762 4385 enim
2792 4329 3052 4403 apostoli
3100 4346 3239 4388 eum
3271 4340 3719 4407 consecrarunt,

2062 4414 2206 4489 quia
2248 4414 2478 4471 Christo
2527 4426 2911 4476 consecratus
2965 4424 3109 4489 erat,
3143 4422 3250 4479 sed
3304 4424 3725 4497 compulerunt

2064 4503 2367 4576 suscipere
2415 4503 2663 4575 reginen
2714 4507 3005 4564 Ecclesiae.
3062 4510 3191 4566 Pari
3219 4512 3404 4568 modo
3448 4514 3721 4571 Martialis

2066 4597 2241 4650 tantae
2271 4592 2577 4665 dignitatis
2607 4600 2696 4652 est
2724 4596 3057 4669 apostolus,
3096 4603 3158 4655 ut
3187 4600 3266 4655 ab
3292 4601 3578 4672 apostolis
3598 4616 3723 4658 non

2064 4686 2465 4747 consecratus,
2494 4682 2598 4738 sed
2630 4683 2901 4740 unanimi
2925 4701 3227 4742 consensu
3250 4687 3515 4760 primum
3540 4688 3726 4761 depu-

2063 4773 2220 4828 tatus
2249 4770 2323 4826 sit
2341 4770 2608 4841 regimen
2647 4772 2952 4846 suscipere
2982 4773 3044 4830 in
3074 4774 3381 4846 provincia
3406 4783 3463 4833 et
3488 4776 3553 4833 in
3576 4776 3725 4834 urbe

2066 4861 2265 4918 adhuc
2295 4859 2522 4931 ignota,
2557 4862 2660 4918 sed
2691 4878 2728 4919 a
2748 4861 3002 4920 Domino
3030 4868 3242 4936 postea
3266 4866 3433 4921 Petro
3461 4870 3722 4924 ostensa.

2069 4949 2209 5006 Ideo
2237 4951 2442 5005 Petrus
2466 4949 2549 5006 ait
2571 4966 2584 5006 :
2606 4951 2980 5008 Lemovicum
3005 4951 3113 5007 tibi
3135 4952 3409 5009 Christus
3437 4969 3726 5016 commen-

2070 5039 2194 5097 dat.
2224 5038 2505 5108 Christus,
2533 5038 2748 5112 inquit,
2777 5054 2898 5097 non
2925 5055 3056 5111 ego.
3075 5039 3358 5099 Clementi
3376 5059 3520 5101 vero
3544 5060 3730 5118 quem

2071 5129 2146 5186 de
2177 5128 2379 5200 gentili
2410 5132 2676 5186 Romano
2708 5128 3108 5186 Christianum
3131 5129 3371 5205 fecerat,
3397 5133 3520 5192 alio
3542 5135 3729 5194 modo

2072 5221 2405 5276 Romanam
2433 5219 2646 5275 urbem
2673 5217 2929 5288 injunxit
2952 5221 3177 5288 Petrus,
3211 5221 3418 5279 dicens
3444 5242 3457 5281 :
3504 5226 3582 5283 Te
3608 5227 3733 5295 epi-

2070 5324 2313 5377 scopum
2346 5310 2543 5363 Romae
2569 5307 2800 5372 ordino,
2830 5314 2885 5365 et
2915 5308 3024 5364 tibi
3044 5325 3186 5366 mea?
3204 5313 3654 5380 praedicationis
3678 5318 3738 5372 et

2077 5396 2369 5454 doctrina:
2399 5394 2746 5453 cathedram
2780 5397 2976 5453 credo.
3000 5398 3076 5455 Et
3097 5399 3207 5454 tibi
3232 5401 3409 5457 trado
3433 5399 3735 5459 aDomiizo

2075 5486 2226 5542 mihi
2256 5485 2545 5541 traditam
2588 5490 2934 5554 potestatem
2975 5487 3211 5561 ligandi
3234 5495 3416 5561 atque
3446 5491 3734 5559 solvendi,

2078 5582 2142 5630 ut
2190 5576 2260 5631 lle
2299 5575 2568 5630 omnibus
2608 5574 2681 5629 de
2711 5576 3158 5649 quibuscunqae
3203 5579 3264 5633 in
3322 5581 3499 5634 terris
3542 5579 3738 5635 decre-

2084 5665 2255 5731 veris,
2299 5663 2407 5720 hoc
2450 5663 2752 5720 decretum
2795 5666 2871 5721 sit
2916 5667 2978 5721 in
3005 5667 3187 5723 cwlis.
3236 5670 3397 5723 Tunc
3426 5666 3489 5723 in
3535 5665 3740 5723 medio
