4054 6188
361 211 451 264 Hi
1514 194 1824 250 ADEMABI
1865 192 1921 247 S.
1972 186 2246 246 CIBARDI
2285 187 2616 245 MONACHI.

3669 180 3768 233 “2

354 344 561 387 coram
597 322 878 382 omnibus
923 335 1174 376 manum
1204 318 1255 375 ei
1285 317 1569 392 imposuit
1611 315 1993 382 benedicens,
2033 316 2079 367 A
2108 316 2312 384 quem,
2326 316 2532 368 sancto
2561 309 2799 366 Evurtio
2825 306 3112 382 episcopo
3128 304 3466 362 celebrante
3490 300 3766 392 missam,

357 425 416 477 et
440 418 501 475 in
527 414 809 474 cathedra
830 427 938 468 sua
951 426 1090 467 eum
1121 409 1327 466 sedere
1357 407 1788 481 compulit.Hoc
1809 405 2010 479 ipsum

358 507 687 582 antiphona
709 503 1085 559 demonstrat
1104 498 1348 572 antiqua
1375 515 1387 552 :
1421 499 1676 555 Sanctus
1704 494 2008 552 Martialis

357 599 438 655 ad
463 592 917 667 pradicandum
964 589 1181 645 Galliis
1211 587 1537 658 delegatus,
1569 583 1925 641 subauditur
1971 597 2009 638 a

354 687 627 754 Domino,
679 682 822 756 quia
848 677 1136 737 Dominus
1175 681 1310 733 ante
1341 677 1731 750 deputaverat
1759 672 2007 730 Galliam

354 775 433 833 ad
458 771 935 848 praedicandum,
987 767 1066 824 ad
1091 784 1275 842 quam
1309 766 1697 841 postmodum
1728 762 2011 838 przecepit

352 865 437 922 ire
481 879 590 937 per
631 860 967 933 jubentem,
1022 857 1143 914 imo
1174 857 1529 913 suadentem
1584 860 1643 911 et
1668 855 2006 910 hortantem

353 956 610 1011 Petrum.
643 955 707 1008 ln
745 965 869 1024 qua
897 948 1139 1019 regione
1177 947 1442 1021 primum
1486 941 2005 1001 Lemovicensibus

354 1055 630 1099 sermone
682 1043 740 1095 et
779 1036 964 1106 signis
1013 1034 1266 1092 salutem
1295 1034 1561 1107 pandere
1610 1031 1888 1104 suscepit.
1949 1028 2008 1087 Si

354 1129 515 1187 enim
542 1129 699 1186 hanc
725 1126 1120 1199 antiphonam
1144 1123 1222 1180 ad
1245 1123 1394 1179 alios
1418 1121 1661 1179 verteris
1677 1118 2002 1194 apostolos,

352 1222 508 1276 recte
538 1215 835 1275 constabit
858 1215 972 1271 hoc
1002 1213 1186 1270 modo
1211 1230 1223 1268 :
1258 1216 1314 1270 S.
1347 1216 1548 1268 Petrus
1575 1211 1653 1267 ad
1678 1208 2007 1284 prtedican-
2042 1248 2049 1255 .

351 1306 500 1364 dum
530 1306 689 1363 Italis
728 1304 1056 1375 delegatus,
1090 1302 1372 1358 Romanis
1402 1300 1632 1357 civibus
1654 1296 2006 1371 jubentibus

351 1395 577 1454 caeteris
608 1394 894 1469 apostolis
936 1391 1167 1449 semina
1204 1391 1343 1447 ﬁdei
1386 1388 1692 1462 eroganda
1721 1385 2002 1459 suscepit.

352 1487 605 1542 Sanctus
631 1483 898 1540 Andreas
929 1481 1005 1538 ad
1033 1480 1487 1555 praedicandum
1514 1477 1750 1534 Achaiae
1770 1475 2006 1546 delega-

349 1579 445 1632 tus
464 1573 630 1648 apud
651 1574 861 1631 urbem
884 1576 1110 1641 Patras,
1129 1570 1521 1627 suadentibus
1542 1568 1671 1624 aliis
1697 1564 2002 1640 apostolis,

2118 401 2302 458 fertur
2322 401 2526 457 divina
2552 416 2769 456 manus
2783 396 3160 455 benedixisse
3174 409 3355 450 nemo
3380 388 3771 466 postmodum

2118 491 2387 548 mortalis
2399 487 2791 564 praesumpsit
2808 485 3182 555 benedicere,
3206 480 3516 556 quomodo
3540 478 3770 537 Martia-

2116 581 2257 652 lem,
2287 597 2473 654 quem
2518 579 2780 638 Christus
2818 574 3100 633 manibus
3152 572 3276 629 suis
3306 569 3610 627 benedixit
3650 567 3772 641 epi-

2120 687 2375 744 scopum
2405 686 2543 726 cum
2574 666 2799 725 caeteris
2842 663 3146 739 apostolis,
3176 662 3330 718 ultra
3359 657 3573 732 aliquis
3608 674 3770 713 mor-

2117 760 2326 816 talium
2364 758 2717 816 benedicere
2748 754 3088 830 pontiﬁcem
3138 748 3578 826 praesumeret?
3628 749 3695 803 Et
3724 746 3771 802 si

2116 849 2450 906 benedictio
2498 847 2976 922 patriarcharum
3029 847 3257 899 tantam
3303 838 3425 895 vim
3473 836 3673 903 habet,
3709 839 3773 892 ut

2116 938 2265 995 dum
2306 937 2531 995 barbas
2561 940 2619 992 et
2662 949 2916 992 coronas
2961 931 3311 989 clericorum
3359 924 3774 983 benedixerint

2115 1029 2230 1085 hoc
2280 1024 2700 1084 tantummodo
2742 1023 3006 1079 dicentes
3042 1039 3054 1076 :
3102 1017 3417 1076 Benedicta
3470 1015 3543 1071 sit
3584 1012 3772 1070 herba

2114 1118 2209 1174 vel
2241 1133 2466 1175 corona
2481 1114 2873 1184 tua,aliorum
2904 1111 3328 1186 episcoporum
3354 1103 3771 1163 benedictione

2115 1224 2239 1264 non
2268 1222 2421 1280 opus
2468 1205 2579 1274 sit;
2625 1203 2813 1261 multo
2840 1201 3032 1271 magis
3060 1196 3396 1255 benedictio
3438 1194 3626 1268 ipsius
3657 1195 3771 1247 Do-

2115 1296 2283 1365 mini,
2334 1312 2457 1370 qua
2485 1293 2729 1351 elevatis
2780 1291 3061 1348 manibus
3113 1286 3399 1362 apostolis
3446 1281 3768 1347 benedixit,

2116 1368 2649 1440 tantam'virtutem
2680 1380 2891 1438 habuit
2917 1384 2982 1435 ut
3009 1379 3192 1434 altera
3217 1372 3663 1433 consecratione
3692 1368 3772 1425 ab

2116 1473 2319 1546 aliquo
2365 1473 2711 1529 mortalium
2742 1470 2890 1544 ipsis
2920 1468 3162 1525 alterius
3217 1465 3559 1523 nullatenus
3616 1476 3770 1533 opus

2115 1567 2286 1620 esset.
2318 1586 2346 1612 »
2370 1562 2466 1617 Ille
2496 1577 2634 1617 vero
2665 1558 3011 1633 respondit:
3049 1579 3075 1606 ‹‹
3105 1555 3223 1629 Ipsi
3251 1552 3551 1629 principes
3583 1565 3770 1605 saecu-

349 1636 839 1738 prmdicationem
870 1636 1149 1734 suscepit.
1209 1659 1363 1716 Licet
1388 1658 1569 1727 enim,
1609 1661 1675 1713 ut
1702 1636 1852 1712 liber
1881 1655 2000 1713 Cle-
2047 1676 2087 1728 Β
2115 1652 2269 1708 lares
2297 1651 2413 1707 hoc
2436 1649 2859 1738 vituperant.»
2905 1646 3010 1704 Cui
3034 1661 3178 1716 ego:
3216 1665 3244 1693 «
3275 1646 3408 1738 Non
3434 1655 3664 1738 omnes,
3684 1636 3773 1738 in-

349 1726 569 1811 inentis
598 1752 699 1820 ait,
732 1726 1296 1823 Barnabas-primus
1325 1747 1608 1804 Romanis
1654 1750 1894 1802 exortus
1932 1744 2006 1800 sit
2047 1726 2077 1728 _
2113 1741 2259 1816 quit,
2291 1741 2396 1814 qui
2438 1739 2639 1812 ipsum
2688 1737 2986 1795 Christum
3026 1740 3129 1790 aut
3175 1730 3483 1806 apostolos
3528 1726 3772 1823 ejusloc

351 1817 700 1916 praedicare,
742 1844 943 1897 tamen
975 1817 1101 1895 sine
1146 1838 1358 1895 effectu
1405 1841 1462 1894 et
1490 1837 1685 1893 fructu
1726 1850 2004 1909 reversus
2111 1835 2363 1905 quentes
2384 1828 2701 1886 audierunt
2736 1827 2990 1884 verbum
3013 1826 3134 1892 Dei,
3159 1824 3527 1896 receperunt.
3561 1821 3627 1875 Et
3650 1817 3769 1916 hoc

351 1936 440 1989 est
465 1930 785 2000 Orientem,
808 1932 872 1985 Et
902 1928 951 1985 si
979 1928 1227 1985 calicem
1257 1926 1700 1984 Aurelianensis
1721 1923 2005 1986 ecclesias.

2116 1927 2382 1995 tempore
2399 1918 2759 1993 obsequium
2787 1916 3034 1984 amicos,
3058 1913 3274 1971 veritas
3297 1911 3505 1969 odium
3533 1907 3709 1982 parit.
3736 1930 3763 1955 ››

1060 2267 1816 2360 FBAGMENTUM
1902 2262 2465 2354 SEllMONIS
2552 2260 3056 2349 ADEMABI

1528 2476 1598 2535 In
1645 2474 1895 2536 concilio
1942 2472 2350 2533 Lemovz'cense'
2384 2469 2600 2531 habiti.

1040 2662 1233 2738 (Apud
1263 2660 1503 2732 MabilL,
1527 2662 1680 2717 Acta
1705 2660 1812 2717 SS.
1845 2659 1974 2716 0rd.
2007 2659 2070 2715 S.
2103 2656 2326 2714 Bened.
2358 2658 2501 2712 tom.
2532 2657 2668 2721 Vlll,
2702 2669 2761 2726 p.
2795 2656 2884 2722 34,
2916 2669 2977 2709 n.
3011 2653 3087 2723 3).

1837 2841 2127 2855 Μ

2130 2841 2255 2853 0....

421 2998 785 3070 Prolongum
802 3001 890 3053 est
910 3000 995 3052 tot
1020 2999 1257 3051 Patrum
1274 2999 1401 3050 rata
1419 2993 1761 3050 testimonia
1777 2993 1852 3048 de
1875 2993 2004 3064 ejus
2043 2995 2082 3050 (ἶ
2111 2991 2423 3066 proposita
2490 2989 2884 3056 discernebat,
2947 2987 3111 3044 solus
3158 2986 3431 3044 omnium
3485 2986 3768 3059 magister

353 3086 441 3159 (id
465 3091 548 3143 est
591 3085 789 3140 sam-Ii
831 3083 1227 3155 Martialis)...
1261 3080 1339 3137 ad
1392 3080 1659 3137 medium
1686 3080 2001 3137 deducere.

352 3175 549 3231 Unum
578 3178 778 3228 tamen
809 3188 880 3228 ex
910 3170 1120 3245 priscis
1152 3169 1497 3226 auctoribus
1529 3184 1710 3242 super
1735 3169 1849 3225 hoc
1878 3184 2004 3224 me-

349 3277 624 3321 morasse
671 3261 814 3318 satis
854 3262 974 3330 sit;
1032 3260 1198 3316 illum
1256 3265 1408 3316 certe
1457 3258 2004 3315 nominatissimum

348 3355 579 3411 Patrem
609 3353 695 3424 (S.
719 3349 1181 3423 Abbonem).cui
1200 3349 1260 3405 in
1294 3347 1577 3422 pastorali
1601 3347 1890 3417 regimine
1910 3347 2005 3403 ille

349 3441 528 3499 totius
559 3439 819 3497 scientiae
845 3438 1282 3510 virgravisque
1320 3436 1687 3491 auctoritatis
1721 3435 2008 3491 successit

348 3527 834 3600 archiepiscopus
868 3524 1243 3581 Bituricensis
1269 3524 1638 3594 (Gauzz'nus),
1658 3523 2005 3578 orthodoxze

346 3615 489 3674 ﬁdei
516 3615 918 3683 defensorem,
934 3612 1241 3670 catholicas
1273 3612 1506 3685 pietatis
1537 3612 2004 3682 cultorem,bcne

344 3704 554 3774 nostis,
587 3703 693 3761 etsi
734 3720 857 3761 non
883 3704 1037 3774 visu,
1070 3702 1176 3758 sed
1205 3702 1434 3759 auditu.
1475 3705 1606 3757 lam
1638 3702 1798 3758 enim
1826 3702 2005 3773 longe

349 3797 488 3853 ante
516 3808 628 3850 nos
674 3793 977 3868 praecessit
1004 3792 1295 3865 martyrio
1337 3798 1675 3859 coronatus,
1711 3791 2004 3862 sanguine

349 3881 485 3939 fuso
508 3881 588 3939 ab
615 3881 815 3955 impiis
852 3897 1111 3954 passus;
1157 3879 1237 3936 ad
1278 3880 1450 3952 cujus
1483 3879 1828 3953 sepulcrum
1874 3880 2003 3951 jam

348 3969 571 4030 clarere
616 3969 959 4028 audivimus
1006 3968 1317 4038 miracula,
1350 3986 1629 4025 verorum
1660 3968 2003 4025 testimonio

348 4061 743 4136 comprobata
772 4079 785 4129 ;
828 4060 1002 4132 cujus
1030 4059 1384 4132 martyrium
1414 4059 1592 4115 etiam
1630 4060 1696 4115 in.
1731 4058 2005 4131 pluribus

349 4149 623 4207 Ecclesiis
687 4165 855 4206 more
917 4154 1218 4206 sactorum
1274 4153 1610 4221 martyrum
1663 4147 2005 4204 solemniter

351 4236 704 4294 celebratur.
728 4241 788 4293 In
813 4253 937 4310 quo
964 4242 1225 4309 martyre
1258 4242 1488 4294 tantum
1510 4236 1879 4295 domicilium
1911 4253 2004 4293 sa-

2114 3080 2325 3155 paucis
2365 3080 2564 3136 verbis
2622 3077 2981 3134 dubitationi
3023 3076 3204 3132 linem
3257 3076 3461 3133 dabat.
3523 3078 3764 3146 Omnes,

2114 3170 2248 3227 licet
2276 3170 2605 3245 peritorum
2634 3166 2997 3242 peritissimi,
3016 3182 3088 3222 ex
3118 3182 3219 3222 ore
3240 3165 3369 3237 ejus
3398 3166 3764 3239 pendebant,

2115 3277 2187 3317 eo
2236 3264 2526 3333 praesente
2554 3257 2806 3329 digitum
2837 3257 2922 3314 ori
2955 3256 3464 3330 superponebant.
3507 3259 3589 3312 lta
3637 3273 3769 3313 ma-

2117 3364 2271 3418 gnus
2298 3347 2610 3420 sapientia,
2646 3350 3044 3419 praeterquam
3084 3345 3249 3418 quod
3282 3350 3505 3418 septem
3539 3345 3769 3403 colum-

2117 3437 2208 3493 nis
2235 3436 2572 3493 liberalium
2609 3435 2825 3492 artium
2878 3434 3115 3491 fulcitus
3140 3439 3285 3502 erat,
3317 3434 3531 3507 plenus
3569 3439 3771 3492 aucto-

2114 3526 2300 3583 ritatis
2330 3531 2387 3582 et
2413 3525 2638 3596 gratiae,
2681 3525 2843 3581 omni
2873 3525 3134 3582 ecclesiae
3165 3528 3589 3581 ornamentum
3621 3530 3766 3582 erat.

2117 3619 2456 3673 Conventus
2518 3614 2940 3688 episcoporum
2997 3614 3343 3681 decorabat,
3398 3614 3625 3684 omnia,
3656 3631 3770 3671 sua

2114 3704 2273 3760 dicta
2304 3703 2650 3760 auctoritate
2692 3703 3036 3759 divinarum
3069 3702 3508 3775 Scripturarum
3555 3715 3771 3774 appro-

2113 3792 2301 3849 babal
2329 3810 2344 3861 ;
2377 3797 2433 3848 et
2459 3791 2754 3864 quidquid
2793 3808 2867 3847 ex
2892 3807 2993 3847 ore
3021 3791 3152 3862 ejus
3176 3791 3560 3864 procedebat,
3590 3788 3771 3863 quasi

2113 3882 2570 3956 quodammodo
2600 3897 2723 3938 non
2769 3881 3126 3948 humanum,
3160 3880 3267 3936 sed
3296 3879 3568 3937 divinum
3595 3894 3770 3935 sona-

2113 3971 2236 4029 bat.
2270 3971 2371 4028 Hic
2401 3971 2463 4027 in
2495 3988 2604 4027 suo
2651 3971 2921 4045 quodam
2966 3975 3217 4027 tractatu
3261 3969 3533 4028 Martialis
3561 3968 3773 4026 verita-

2115 4065 2235 4117 tem
2268 4066 2459 4117 tacere
2504 4076 2627 4116 non
2676 4061 2886 4134 potuit,
2927 4059 3173 4116 dicens:
3206 4082 3233 4110 ‹‹
3269 4063 3553 4118 Summus
3605 4061 3773 4115 Pater

2112 4151 2222 4208 iste
2247 4151 2522 4209 Martialis
2549 4151 2608 4207 in
2647 4156 2818 4207 caena
2848 4150 3096 4207 omnino
3136 4156 3229 4207 sat
3256 4149 3510 4224 mystica
3541 4149 3771 4206 Christo

2114 4240 2368 4296 conviva
2393 4239 2786 4308 fuit,caalestis
2813 4239 2986 4314 panis
3014 4256 3261 4296 sumens
3291 4238 3574 4313 reliquas;
3608 4253 3772 4294 cum-

350 4325 575 4400 pientia
599 4325 711 4383 sibi
750 4325 1165 4394 collocaverat,
1206 4330 1270 4382 ut
1294 4327 1384 4382 sui
1432 4327 1718 4400 temporis
1768 4326 2001 4395 eruditi,
2044 4346 2085 4400 D
2118 4346 2236 4403 que
2266 4329 2701 4402 discipulorum
2740 4328 2987 4400 collegia
3035 4333 3248 4401 postea
3289 4344 3542 4399 surgens
3586 4326 3768 4393 tersit,

350 4429 710 4489 quanquam
765 4414 1065 4471 innumeri
1116 4414 1415 4485 ﬂorerent,
1463 4431 1588 4488 prse
1617 4415 1899 4471 omnibus
1928 4420 2013 4472 ta-

354 4518 499 4562 men
537 4502 860 4560 auctoritas
892 4503 1022 4574 ejus
1066 4502 1328 4560 maxime
1359 4502 1692 4572 duceretur,
1736 4503 1816 4559 ita
1845 4508 1912 4560 ut
1951 4504 2011 4560 in

352 4595 478 4650 tota
525 4590 710 4650 Gallia
754 4595 811 4648 et
858 4591 1176 4648 Germania
1220 4597 1400 4664 atque
1447 4591 1777 4663 Anglorum
1832 4597 2005 4662 gente

351 4680 517 4755 (nam
572 4680 689 4738 illic
741 4696 987 4755 quoque
1032 4680 1473 4737 famosissimus
1523 4681 1877 4753 habebatur)
1930 4682 2005 4738 de

350 4787 715 4848 quacunque
744 4770 1127 4827 ventilaretur
1149 4770 1501 4844 quaestione,
1526 4770 1573 4826 si
1601 4770 1736 4844 quis
1766 4770 2004 4827 audisse

353 4877 416 4919 se
446 4861 668 4919 diceret
696 4859 775 4918 ab
804 4859 904 4916 illo
932 4859 1363 4929 deﬁnitionem,
1416 4859 1563 4916 nihil
1588 4860 1725 4933 plus
1757 4860 2006 4917 auctori-

351 4949 487 5007 tatis
527 4949 864 5024 requiretur
894 4967 907 5019 ;
952 4947 1340 5020 judicabatur
1390 4948 1468 5005 ab
1499 4949 1781 5005 omnibus
1810 4953 2006 5006 ratum

354 5054 483 5095 esse
527 5038 694 5112 quod
723 5038 803 5095 ab
845 5054 948 5095 ore
995 5036 1145 5095 tanti
1180 5037 1288 5094 viri
1338 5037 1612 5095 auditum
1655 5042 1849 5095 esset:
1904 5039 2007 5112 qui

355 5126 700 5184 auctoritate
728 5126 908 5200 quasi
938 5126 1086 5184 alter
1117 5126 1400 5184 Salomon
1438 5126 1833 5200 praecellebat.
1868 5130 1934 5184 Et
1961 5129 2008 5185 si

356 5219 509 5274 esset
533 5216 805 5273 habitatu
825 5217 920 5273 vel
948 5222 1096 5275 natu
1119 5220 1398 5290 Francus,
1422 5217 1661 5290 eloquio
1684 5222 1884 5274 tamen
1904 5221 2013 5276 Ro-

357 5320 543 5363 mano
558 5303 776 5376 clarus,
791 5321 861 5361 ac
883 5304 930 5361 si
957 5305 1103 5362 alter
1115 5306 1502 5378 judicabatur
1525 5305 1841 5363 Tullius.ln
1866 5323 2010 5364 con-

357 5393 505 5451 ciliis
535 5396 774 5450 Patrum
819 5408 1026 5450 coram
1074 5394 1316 5465 regibus
1345 5399 1403 5451 et
1444 5394 1817 5469 principibus
1849 5396 2012 5453 solus

2118 4417 2288 4474 laetus
2309 4417 2435 4490 ipse
2460 4417 2716 4490 praebuit
2743 4416 3109 4475 linteamina.
3145 4421 3345 4492 Neque
3374 4431 3647 4491 unquam
3685 4430 3773 4471 re-

2117 4506 2269 4578 fugit
2294 4522 2464 4563 sacra
2489 4506 2902 4578 contubernia,
2927 4507 3157 4581 absque
3182 4502 3408 4564 Thema
3437 4506 3676 4579 piorum
3696 4521 3773 4561 ex

2118 4594 2329 4652 timida
2359 4599 2593 4652 caterva
2621 4612 2798 4652 unus.
2833 4595 2986 4663 Quin
3029 4595 3151 4653 imo
3181 4613 3322 4653 cum
3353 4595 3615 4653 Christus
3664 4609 3771 4668 pe-

2115 4688 2261 4741 teret
2316 4684 2596 4754 coelestia,
2649 4684 2924 4742 benedici
2967 4686 3185 4743 meruit
3236 4685 3388 4742 inter
3445 4683 3772 4741 astantium

2114 4774 2379 4845 agmina.
2410 4778 2523 4832 Nec
2551 4775 2765 4832 choros
2795 4775 3172 4832 laudantium
3215 4775 3458 4849 sprevit,
3492 4774 3601 4832 sed
3629 4790 3771 4830 cum

2116 4863 2341 4920 eisdem
2369 4863 2556 4921 sancti
2590 4864 2838 4937 Spiritus
2868 4869 3007 4921 tunc
3038 4864 3299 4938 suscepit
3326 4864 3687 4921 charismata
3715 4867 3775 4918 et

2115 4951 2353 5023 linguas
2378 4953 2724 5010 multiﬁdas:
2756 4953 2978 5027 quibus
3008 4952 3578 5021 subnixus,tandem
3607 4955 3773 5009 Petro

2119 5041 2333 5098 comite
2364 5042 2635 5115 pervenit
2661 5041 3036 5111 Antiocham,
3065 5057 3134 5097 ac
3171 5040 3388 5098 dehinc
3415 5041 3627 5099 urbem
3656 5044 3773 5098 Ro-

2117 5147 2252 5187 mae.
2284 5132 2414 5197 Qua
2445 5131 2741 5197 derelicta,
2787 5129 3165 5204 pertransivit
3192 5130 3270 5187 ad
3297 5131 3567 5202 Galliam,
3599 5131 3774 5203 cujus

2119 5219 2281 5277 clara
2317 5224 2376 5276 et
2403 5219 2618 5276 nobilis
2647 5224 2736 5276 est
2762 5218 3072 5292 provincia
3115 5220 3434 5294 Aquitania
3456 5237 3598 5296 pars
3640 5237 3773 5277 ma-

2120 5324 2261 5379 gna,
2291 5308 2392 5365 ubi
2421 5308 2795 5383 perveniens,
2823 5308 3001 5366 totius
3020 5309 3340 5384 provinciae
3368 5310 3436 5367 ﬁt
3463 5309 3774 5384 apostolus

2118 5412 2227 5470 per
2255 5402 2469 5455 cuncta
2494 5397 2730 5454 saecula.
2763 5421 2791 5448 »
