4048 6178
266 149 366 201 Hii

262 277 2919 306 Μ

1314 153 1626 210 ADEMARI
1681 157 1736 211 S.
1793 156 2073 211 ClRARDl
2120 158 2454 215 MONACHI.

3574 162 3676 215 “6

3352 292 3646 305 σ-ο-*ο

1738 420 2180 534 Dubia.

1753 659 2171 672 -—————_—

1004 786 1742 908 agicumne
1812 786 2178 907 TRES
2240 789 2969 936 ADEMARI,

1792 1072 1857 1110 [Τ
1898 1072 2152 1124 vmmun,

841 1205 939 1268 IN
979 1204 1377 1267 CONCILIO
1420 1204 1656 1265 LEMO
1674 1204 2025 1267 VICENSI
2072 1205 2475 1269 CELEBRA
2499 1206 2594 1267 ΤΟ
2637 1205 2872 1267 ΑΝΝο
2920 1207 3088 1267 994.

474 1364 673 1439 (Apud
700 1363 923 1433 Baluz.,
957 1364 1112 1420 Hist.
1151 1365 1364 1432 Tutel.,
1399 1363 1675 1436 Append.
1708 1378 1848 1435 pag.
1884 1368 2142 1437 385400,
2172 1383 2245 1422 ex
2283 1366 2484 1424 codice
2534 1370 2668 1423 t238
2697 1366 3073 1423 bibliothecae
3105 1365 3467 1438 Albertinte.)

1768 1498 2195 1509 ’.ι-*-

816 1633 1044 1689 SERMO
1093 1631 1365 1687 PRIMUS.

335 1779 679 1847 Quondam,
708 1780 775 1834 ut
800 1776 1320 1834 novitfraternitas
1360 1781 1575 1845 vestra,
1615 1776 1924 1832 dilectissi-

261 1870 365 1942 mi,
398 1869 637 1939 gravior
666 1867 908 1925 afﬂictio
940 1871 1015 1935 et,
1052 1870 1117 1923 ut
1141 1866 1223 1924 ita
1256 1865 1477 1934 dicam,
1508 1866 1690 1939 plaga
1718 1866 1924 1939 plaga-

258 1975 397 2017 rum
424 1973 532 2032 per
546 1956 750 2014 omnia
789 1955 1300 2013 Lemovieensium
1357 1955 1737 2012 crassabatur
1788 1956 1922 2013 loca

262 2052 319 2105 et
344 2063 453 2122 per
482 2046 632 2104 alias
659 2046 721 2103 in
748 2046 996 2103 circuitu
1047 2044 1331 2112 civitates,
1363 2043 1619 2117 ideoque
1669 2044 1748 2101 ad
1783 2046 1923 2102 bea-

262 2143 391 2196 tum
417 2136 739 2194 Martialem
767 2153 891 2192 suae
924 2135 1130 2191 salutis
1158 2133 1669 2191 medicamentum
1723 2135 1921 2191 omnis

264 2225 649 2297 confugiebat
671 2225 952 2299 populus,
1003 2240 1191 2299 quam
1221 2223 1463 2296 plebem
1518 2223 1838 2280 districtius
1858 2224 1919 2281 in

262 2314 543 2391 praesenti
570 2313 873 2373 miseratio
915 2313 1252 2385 castigabat
1282 2328 1564 2386 superna,
1625 2318 1691 2370 ut
1728 2314 1923 2371 caeteri

264 2404 543 2462 timorem
556 2404 866 2472 haberent,
898 2419 1009 2460 nec
1037 2402 1448 2459 inobedientes
1469 2402 1657 2474 jussis
1694 2403 1922 2476 episco-

265 2509 485 2567 porum
520 2498 717 2550 essent
744 2492 806 2549 in
835 2491 1246 2549 ecclesiasticis
1306 2491 1563 2564 statutis,
1609 2498 1665 2548 et
1714 2509 1790 2549 ne
1842 2492 1923 2549 illi

265 2582 371 2656 qui
394 2581 799 2657 puniebantur
827 2586 1049 2638 aeterna
1105 2580 1497 2654 postmodum
1529 2580 1924 2653 plecterentur

264 2671 507 2729 ultione.
528 2673 611 2728 De
639 2671 859 2728 talibus
876 2670 1164 2727 nimirum
1194 2670 1483 2743 scriptum
1510 2675 1599 2727 est
1629 2688 1641 2726 :
1672 2693 1700 2720 ‹‹
1734 2672 1924 2737 Quem

264 2760 455 2832 diligit
476 2761 764 2819 Dominus
793 2759 1036 2833 corripit
1069 2778 1082 2828 ;
1130 2759 1392 2830 ﬂagellat
1421 2764 1622 2817 autem
1678 2776 1924 2816 omnem

264 2848 453 2905 ﬁlium
479 2865 661 2922 quem
692 2848 918 2921 recipit.
950 2871 978 2898 ››
1011 2850 1077 2904 Et
1106 2847 1324 2904 Paulus
1345 2847 1427 2905 ait
1452 2867 1464 2904 :
1501 2870 1530 2899 ‹‹
1560 2848 1729 2914 Quod
1752 2849 1799 2904 si
1825 2865 1923 2903 ex-

264 2943 357 2996 tra
383 2938 766 3011 disciplinam
804 2937 962 3008 estis,
994 2937 1169 3008 cujus
1198 2937 1300 2993 ﬁlii
1323 2937 1462 2994 estis
1491 2940 1517 2994 ‘2
1573 2941 1724 3008 Ergo
1755 2938 1921 2994 adul-
1952 2962 1995 3014 Β

266 3027 375 3084 teri
404 3034 461 3084 et
500 3043 625 3084 non
654 3026 759 3084 ﬁlii
788 3027 945 3083 estis.
982 3030 1123 3083 Item
1168 3028 1501 3101 propheta:
1562 3050 1587 3076 ‹‹
1620 3027 1927 3097 Castigans

264 3116 575 3188 castigavit
588 3133 686 3174 me
716 3116 1006 3173 Dominus
1033 3121 1088 3173 et
1112 3117 1289 3173 morti
1318 3132 1441 3173 non
1464 3117 1706 3173 tradidit
1745 3134 1860 3174 me.
1896 3140 1924 3167 »

264 3205 435 3271 Quod
462 3205 769 3275 ﬂagellum
802 3205 1030 3280 populo
1071 3206 1479 3263 Lemovicensi
1509 3222 1634 3263 non
1672 3206 1751 3262 ad
1782 3223 1927 3263 eon-

264 3294 691 3368 sumptionem,
711 3294 817 3351 sed
834 3296 911 3351 ad
944 3297 1373 3351 correctionem
1402 3295 1751 3367 provenisse
1782 3311 1925 3352 con-

262 3389 395 3455 stat,
425 3384 574 3441 dum
601 3385 716 3440 hac
744 3384 819 3440 de
863 3400 1051 3440 causa
1101 3389 1316 3440 cuncta
1367 3400 1513 3453 gens
1571 3385 1927 3457 Aquitanica

260 3472 669 3548 pmnitentiam
689 3489 799 3545 pro
823 3472 1159 3528 commissis
1175 3473 1375 3543 egit,et
1395 3473 1773 3529 sacerdotum
1801 3491 1927 3531 mo-

262 3560 399 3618 uitis
427 3559 872 3633 obtemperans,
907 3560 1029 3617 tilia
1060 3561 1226 3632 pacis
1270 3566 1358 3617 est
1400 3560 1578 3633 facta,
1618 3562 1763 3635 quia
1803 3579 1925 3637 pax

262 3650 685 3723 episcoporum
718 3665 900 3722 super
920 3665 1053 3705 eam
1076 3649 1380 3723 requievit.
1447 3650 1523 3719 Si,
1589 3651 1919 3724 inquitDo-

265 3739 468 3796 minus
497 3738 816 3812 Apostolis,
851 3739 932 3794 ibi
962 3738 1137 3795 fuerit
1162 3739 1317 3795 ﬁlius
1347 3740 1532 3812 pacis,
1589 3742 1920 3814 requiescet

268 3842 451 3904 super
480 3828 647 3885 illum
678 3844 799 3903 pax
828 3834 1023 3886 vestra
1052 3847 1065 3897 ;
1100 3831 1191 3885 sin
1211 3832 1436 3897 autem,
1466 3829 1543 3886 ad
1591 3846 1698 3886 vos
1726 3848 1920 3888 rever-

261 3923 431 3975 tetur.
465 3920 545 3974 Eo
575 3934 716 3974 vero
749 3924 1014 3991 tempore
1039 3935 1162 3991 quo
1192 3918 1319 3974 haec
1362 3918 1519 3974 facta
1550 3924 1707 3989 sunt,
1755 3925 1921 3976 ante-

261 4024 449 4082 quam
469 4007 546 4064 ad
578 4006 777 4065 locum
806 4009 1060 4065 Montem
1091 4007 1300 4064 Gaudii
1333 4024 1551 4081 corpus
1600 4010 1922 4066 sacratissi-

261 4115 433 4154 mum
463 4098 940 4154 transveheretur
971 4098 1306 4170 Aquitanici
1362 4098 1620 4172 patroni,
1679 4099 1924 4171 contigit

257 4187 390 4258 jam
412 4186 731 4248 advenisse
760 4186 834 4241 ad
860 4186 1164 4258 synodum
1197 4187 1679 4245 Lemovicensem
1712 4189 1922 4245 Burdi-

266 4275 526 4345 galensis
555 4275 743 4348 urbis,
775 4276 889 4331 hoc
934 4280 1021 4331 est
1076 4276 1354 4331 secundae
1410 4278 1743 4350 Aquitaniae
1799 4296 1922 4336 me-

265 4363 714 4436 tropolitanum,
746 4364 919 4435 cujus
959 4362 1108 4418 ﬁdes
1139 4364 1391 4419 tacenda
1430 4381 1553 4421 non
1607 4372 1715 4423 est.
1772 4370 1921 4425 Cum

268 4453 429 4510 enim
460 4451 550 4509 sol
603 4452 923 4509 occidisset
967 4456 1023 4508 et
1061 4452 1187 4526 ipse
1243 4454 1735 4526 metropolitauus
1785 4461 1921 4513 ante

274 4542 520 4600 beatum
562 4542 887 4601 Martialem
913 4541 991 4598 ab
1019 4541 1288 4599 oratione
1313 4544 1684 4613 surrexisset,
1744 4546 1925 4620 coepit

269 4630 560 4689 divertere
590 4631 668 4688 ad
695 4629 1044 4705 hospitium,
1078 4632 1183 4687 sed
1231 4631 1571 4688 ardentium
1627 4633 1924 4690 ululatum

270 4722 529 4793 graviter
556 4721 754 4778 ferens
800 4726 858 4777 et
906 4719 1152 4777 fetorem
1183 4720 1615 4777 intolerabilem
1646 4722 1801 4793 ignis
1821 4722 1924 4795 qui

269 4812 346 4868 de
366 4812 725 4869 miserorum
744 4811 1081 4885 vaporabat
1106 4811 1478 4883 corporibus,
1527 4811 1587 4867 in
1618 4812 1843 4881 gemitu
1871 4816 1926 4868 et

272 4902 334 4959 in
370 4901 652 4975 lacrymis
680 4916 1105 4975 prorumpens,
1153 4901 1409 4957 extensis
1465 4902 1747 4958 manibus
1791 4918 1931 4958 con-

277 4995 366 5047 tra
396 4991 649 5063 apostoli
688 4991 1052 5064 sepulcrum,
1082 4989 1365 5047 clamavit
1386 5007 1531 5047 voce
1570 5007 1814 5061 magna,
1842 4991 1929 5046 di-

277 5094 418 5134 cens
451 5096 464 5134 :
497 5102 525 5127 ‹‹
556 5082 598 5135 Ο
629 5086 837 5152 pastor
865 5084 923 5137 et
954 5079 1322 5136 illuminator
1351 5078 1809 5153 Aquitanorum,
1834 5097 1930 5136 ex-

278 5184 454 5238 surge
483 5167 544 5223 in
569 5168 932 5239 adjutorium
959 5169 1168 5242 populi
1197 5169 1298 5225 tui.
1354 5172 1470 5226 Cur
1505 5169 1792 5226 dormitas
1822 5171 1931 5226 mi-

280 5257 428 5314 seris
457 5259 469 5314 l
502 5261 645 5314 Tam
674 5258 921 5327 tristem,
967 5275 1136 5331 rogo,
1197 5259 1366 5317 aufer
1394 5259 1812 5330 calamitatem,
1843 5260 1930 5317 in-

278 5348 536 5405 fernales
562 5347 672 5404 has
717 5364 969 5417 regnare
1013 5365 1220 5421 pennas
1272 5366 1396 5406 non
1445 5349 1705 5423 amplius
1758 5351 1931 5422 juxta

281 5453 499 5511 corpus
557 5441 726 5493 tuum
777 5437 1102 5510 permittas.
1164 5440 1207 5495 Ο
1264 5438 1558 5507 Martialis,
1616 5440 1930 5511 speculum

280 5527 585 5593 virtutum,
627 5543 663 5583 o
690 5527 967 5600 princeps
993 5530 1253 5600 Patrum,
1292 5528 1397 5583 ubi
1446 5533 1533 5585 est
1580 5528 1743 5601 quod
1792 5529 1931 5599 legi-

281 5632 419 5691 mus
450 5619 503 5672 te
542 5616 600 5673 in
632 5630 810 5694 carne
826 5614 1006 5675 fuisse
1031 5616 1161 5698 ejus
1207 5616 1568 5697 discipulum
1598 5616 1702 5691 qui
1732 5614 1793 5672 in
1820 5632 1931 5691 po-

1947 1597 1995 1648 A
2036 1596 2179 1667 pulo
2232 1597 2578 1653 Judzeorum
2625 1595 2882 1653 sanabat
2934 1611 3180 1651 omnem
3227 1595 3582 1666 languorem
3629 1596 3697 1650 et

1953 4323 1994 4378 C

2030 1686 2283 1742 curabat
2311 1702 2554 1742 omnem
2585 1685 3015 1753 inﬁrmitatem;
3043 1684 3145 1757 qui
3184 1683 3420 1740 dolores
3445 1686 3695 1739 nostros

2030 1774 2292 1839 abstulit,
2324 1779 2380 1831 et
2409 1775 2783 1831 inﬁrmitates
2828 1773 3106 1846 portavit,
3159 1773 3332 1844 cujus
3381 1771 3566 1828 livore
3587 1785 3693 1826 sa-

2029 1864 2152 1920 nati
2180 1881 2391 1920 sumus
2418 1865 2446 1920 ?
2505 1866 2547 1920 O
2590 1862 2825 1919 claritas
2858 1862 3304 1934 episcoporum,
3363 1861 3548 1917 decus
3580 1862 3693 1915 Ec-

2030 1953 2370 2022 clesiarum,
2411 1953 2514 2009 ubi
2545 1958 2633 2009 est
2661 1952 2825 2025 quod
2888 1951 3145 2023 legimus
3199 1956 3253 2007 te
3282 1951 3344 2008 in
3373 1966 3548 2007 coena
3571 1948 3689 2004 mi-

2029 2043 2283 2099 nistrum
2314 2043 2629 2100 Salvatoris
2654 2042 2861 2109 fuisse,
2902 2041 3151 2115 quando
3178 2042 3301 2097 suis
3328 2040 3513 2115 pedes
3545 2038 3693 2095 lavit

2028 2133 2336 2206 discipulis
2375 2136 2401 2190 ?
2432 2135 2474 2189 Ο
2506 2132 2775 2188 minister
2797 2130 3055 2203 pietatis,
3087 2131 3191 2186 ubi
3221 2136 3308 2187 est
3341 2129 3510 2203 quod
3539 2127 3689 2198 legi-

2030 2228 2124 2278 tur
2153 2227 2206 2278 te
2238 2238 2274 2278 a
2305 2221 2556 2278 Domino
2589 2237 2726 2276 cum
2757 2220 2884 2276 aliis
2912 2219 3571 2293 apostotispotestatem
3596 2233 3694 2273 ac-

2031 2313 2259 2386 cepisse
2283 2312 2511 2384 ligandi
2537 2316 2715 2385 atque
2749 2309 3020 2366 solvendi
3048 2310 3076 2365 ‘I
3104 2309 3281 2366 Nobis
3302 2312 3457 2365 certe
3478 2306 3558 2363 ab
3585 2322 3695 2363 an-

2030 2403 2209 2476 tiquis
2242 2402 2522 2459 traditum
2545 2405 2633 2457 est
2660 2400 2929 2457 Patribus
2980 2399 3198 2456 nostris
3250 2413 3431 2455 omne
3494 2401 3549 2453 te
3579 2396 3690 2452 do-

2029 2509 2177 2549 num
2236 2493 2565 2563 gratiarum
2623 2508 2762 2547 cum
2822 2490 2952 2546 aliis
3005 2488 3310 2562 accepisse
3378 2486 3690 2561 apostolis.

2033 2581 2186 2648 Quid
2205 2580 2353 2637 illud
2382 2580 2602 2648 dicam,
2633 2596 2669 2635 o
2700 2596 3039 2653 pauperum
3067 2576 3452 2651 exspectatio,
3508 2575 3695 2631 mise-

2030 2688 2236 2728 rorum
2262 2670 2588 2726 consolatio
2620 2671 2646 2726 ?
2679 2674 2884 2726 Nonne
2910 2685 3121 2724 verum
3155 2673 3427 2723 tenemus
3453 2665 3634 2721 fuisse
3655 2680 3697 2722 a

2032 2764 2087 2816 te
2112 2763 2329 2815 nostra!
2347 2758 2505 2815 sedis
2525 2757 2919 2827 Burdegalam
2951 2757 3164 2813 urbem
3188 2759 3305 2812 Deo
3331 2754 3696 2828 acquisitam

2032 2850 2088 2900 et
2118 2845 2196 2901 tui
2224 2861 2330 2918 per
2358 2845 2671 2903 mulierem
2706 2863 2741 2902 a
2779 2850 2833 2902 te
2892 2845 3254 2919 baptizatam
3304 2842 3692 2915 impositione

2032 2933 2230 2990 baculi
2260 2934 2594 3007 principem
2621 2935 2867 2991 civitatis
2908 2934 3192 2990 continuo
3218 2949 3255 2989 a
3278 2931 3494 2989 morbo
3523 2946 3698 2988 cura-

2034 3028 2161 3079 tum
2188 3024 2501 3097 pessimo?
2534 3024 2813 3097 Nunquid
2841 3040 2963 3080 non
3022 3024 3081 3080 in
3125 3022 3338 3080 eadem
3386 3021 3535 3077 urbe
3589 3025 3698 3077 tuo

2036 3112 2298 3184 sopitum
2329 3117 2416 3168 est
2445 3112 2661 3169 baculo
2684 3112 3028 3168 incendium
3053 3116 3311 3167 aestuans
3340 3111 3369 3166 ?
3424 3113 3610 3180 Rogo,
3645 3108 3701 3164 si

2035 3201 2112 3255 oh
2142 3200 2334 3273 plebis
2360 3206 2590 3257 reatum
2622 3201 2778 3273 ignis
2804 3201 2882 3257 ab
2903 3218 3005 3257 ore
3033 3206 3134 3257 tuo
3165 3200 3284 3256 exit
3312 3198 3418 3273 qui
3440 3197 3699 3254 devorat

2034 3288 2306 3345 inimicos
2340 3295 2490 3357 tuos,
2529 3296 2727 3347 tamen
2750 3297 2802 3347 te
2843 3308 2972 3348 esse
3002 3290 3246 3347 ostende
3277 3289 3406 3360 ejus
3426 3287 3696 3361 discipu-

2032 3378 2160 3434 lum
2187 3382 2289 3452 qui
2320 3380 2453 3435 fons
2511 3381 2935 3437 misericordia:
2991 3386 3096 3438 est.
3144 3381 3358 3437 Coram
3404 3377 3697 3435 omnibus

2035 3469 2371 3524 astantibus
2400 3468 2460 3524 in
2488 3470 2731 3527 veritate
2757 3471 2945 3526 fateor
2973 3470 3136 3543 quia,
3161 3468 3278 3524 nisi
3314 3468 3495 3539 hanc,
3522 3470 3697 3522 ante-

2033 3573 2220 3629 quam
2248 3558 2327 3614 ab
2354 3558 2469 3614 hac
2506 3575 2807 3615 recessero
2840 3559 2987 3615 urbe
3012 3559 3074 3614 in
3102 3558 3196 3614 his
3233 3556 3337 3631 qui
3367 3559 3696 3630 praesentes

2033 3661 2195 3702 nunc
2226 3652 2381 3714 sunt,
2405 3647 2743 3704 restinxeris
2782 3648 3119 3714 ﬂammam,
3148 3647 3261 3703 nisi
3293 3647 3476 3703 istam
3509 3643 3695 3701 tribu-

2029 3733 2281 3792 lantium
2314 3737 2757 3794 multitudinem
2788 3742 2907 3793 ate
2958 3736 3166 3793 videro
3219 3739 3513 3803 curatam,
3565 3748 3695 3789 non

2031 3824 2231 3880 credet
2261 3824 2415 3882 ultra
2442 3842 2615 3882 mens
2646 3843 2781 3883 mea
2805 3826 2898 3882 his
2938 3842 3074 3899 quae
3091 3825 3166 3882 de
3178 3830 3231 3882 te
3258 3824 3391 3894 lego
3409 3821 3696 3893 magniﬁ-

2031 3929 2122 3983 ca,
2151 3930 2261 3971 nec
2292 3915 2538 3972 ulterius
2570 3921 2740 3973 tuum
2772 3917 2848 3972 ad
2869 3917 3025 3973 hanc
3054 3916 3349 3972 civitatem
3376 3929 3478 3969 ero
3509 3928 3694 3985 expe-

2032 4004 2243 4059 titurus
2269 4005 2689 4077 patrocinium.
2717 4010 2953 4063 Frustra
2974 4006 3123 4062 mihi
3148 4002 3546 4078 appellaberis
3576 4005 3696 4058 Do-

2032 4092 2176 4148 mini
2209 4093 2567 4167 discipulus,
2596 4095 2902 4152 incassum
2960 4094 3108 4151 mihi
3160 4092 3473 4151 vocaberis
3535 4092 3700 4148 Occi-

2032 4181 2169 4237 duee
2197 4183 2356 4253 genti
2385 4199 2421 4239 a
2446 4187 2565 4239 Deo
2586 4183 2843 4239 directus
2883 4182 3209 4257 apostolus,
3234 4181 3346 4238 nisi
3390 4180 3452 4236 in
3502 4178 3699 4236 oculis

2034 4274 2181 4328 meis
2214 4272 2529 4328 comitetur
2559 4273 2979 4329 misericordiae
3026 4272 3292 4328 effectus.
3352 4274 3427 4327 Te
3480 4285 3698 4326 omnes

2032 4362 2366 4435 Aquitaniae
2396 4364 2818 4430 monarchum,
2871 4367 2924 4419 te
2976 4361 3215 4436 plebem
3272 4360 3368 4418 cui
3398 4359 3698 4433 praesideo

2032 4451 2538 4521 Burdegalensem
2568 4450 2876 4524 baptismo
2906 4450 3155 4508 tinxisse
3183 4450 3331 4507 mihi
3354 4449 3417 4505 in
3464 4464 3699 4506 vanum

2031 4540 2528 4616 pronuntiabunt,
2558 4541 2673 4597 nisi
2700 4542 2869 4615 quod
2889 4558 2993 4599 oro
3044 4558 3155 4615 pro
3213 4540 3405 4597 salute
3434 4538 3697 4596 dolentis

2033 4631 2214 4703 hujus
2242 4629 2639 4686 multitudinis
2659 4630 3079 4704 impetravero.
3112 4630 3287 4701 Virga
3319 4632 3440 4698 tua,
3473 4645 3610 4703 qua;
3629 4628 3696 4685 in

2034 4721 2183 4776 urbe
2213 4719 2371 4776 sedis
2404 4736 2554 4776 mere
2580 4736 2690 4793 pro
2720 4721 2981 4794 pretioso
2994 4721 3283 4777 hactenus
3315 4718 3697 4777 custodieba-

2036 4813 2129 4866 tur
2142 4811 2442 4881 thesauro,
2465 4809 2613 4866 mihi
2628 4810 2758 4865 vilis
2778 4809 3190 4876 aestimabitur,
3210 4809 3323 4865 nisi
3353 4825 3456 4865 eor
3485 4824 3699 4865 meum

2036 4899 2435 4956 exhilaratum
2463 4899 2538 4955 de
2577 4898 2814 4955 medela
2833 4899 3084 4955 istorum
3109 4898 3458 4955 reddideris.
3507 4920 3536 4948 ››
3592 4897 3696 4953 His

2037 4989 2328 5063 peroratis
2382 4988 2462 5045 ad
2523 4989 2850 5063 hospitium
2903 4988 3394 5061 archiepiscopus
3430 4987 3695 5044 recessit.

2042 5082 2175 5135 Erat
2205 5082 2407 5136 autem
2423 5094 2532 5152 per
2559 5082 2742 5135 totam
2764 5076 2980 5133 urbem
3003 5077 3163 5133 intus
3186 5081 3242 5133 et
3260 5075 3404 5132 foris
3426 5075 3701 5132 virorum

2040 5172 2097 5225 et
2117 5168 2438 5225 mulierum
2462 5184 2586 5241 prae
2638 5166 2842 5225 dolore
2890 5165 3258 5237 gementium
3310 5165 3540 5222 clamor
3569 5164 3700 5221 sine

2038 5259 2264 5331 requie,
2293 5263 2350 5315 et
2378 5258 2527 5315 fetor
2550 5256 2965 5325 intolerabilis,
2997 5256 3102 5329 qui
3126 5256 3201 5312 de
3255 5255 3535 5311 incendio
3563 5270 3699 5310 cor-

2039 5364 2257 5421 porum
2287 5347 2626 5405 exhalabat.
2660 5350 2806 5403 Tum
2837 5362 2973 5402 ecce
2998 5346 3134 5419 ipsa
3161 5345 3361 5402 media
3390 5348 3565 5401 nocte
3594 5359 3703 5417 ap-

2038 5439 2238 5511 paruit
2268 5437 2509 5506 signum
2541 5454 2724 5509 super
2741 5436 3055 5493 basilicam
3086 5435 3275 5492 sancti
3300 5435 3468 5502 Petri,
3493 5434 3554 5490 in
3574 5450 3700 5507 qua

2041 5526 2199 5581 beati
2253 5525 2527 5580 Martialis
2606 5525 2949 5598 sepulcrum
3031 5540 3159 5580 esse
3240 5523 3490 5580 videtur.
3546 5525 3698 5579 Nam

2041 5614 2420 5673 cernentibus
2497 5614 2830 5675 innumeris
2890 5614 2997 5671 sed
3055 5613 3196 5671 divo
3237 5612 3579 5686 jacentibus
3630 5612 3699 5670 in
