4054 6188
237 174 319 226 ll7
782 183 786 188 '
1496 164 1862 223 SERMONES
1899 165 2073 223 TRES
2115 169 2321 225 DUBll.

3520 171 3617 223 H8

231 290 469 348 excubiis
514 289 712 345 lumen
754 289 829 344 de
878 288 1029 346 caelo
1077 305 1403 346 coruscans
1442 306 1623 361 super
1651 288 1853 343 locum
1880 292 1927 344 A
1970 289 2298 361 miserunt;
2332 311 2468 367 quae
2498 294 2659 350 idem
2690 298 2993 351 Romanus
3025 309 3184 367 papa
3215 294 3622 361 gratantersu-

230 379 458 454 sepulcri
485 379 806 448 descendit,
863 379 923 434 in
955 396 1068 435 suo
1092 380 1311 451 jubare
1336 384 1524 435 totam
1556 378 1853 435 civitatem

228 469 379 542 quasi
414 468 514 523 lux
532 468 643 524 diei
673 468 1007 524 meridiana
1036 484 1143 541 per
1171 485 1357 524 unam
1398 469 1518 525 fere
1544 469 1757 524 horam
1788 467 1852 523 il-

226 557 530 615 luminavit.
563 559 781 614 Omnes
813 562 1014 614 autem
1064 558 1169 631 qui
1215 559 1277 615 in
1324 559 1472 614 urbe
1518 562 1684 614 erant
1723 558 1853 613 lan-

228 652 448 719 guentes
473 652 708 719 repente
740 647 872 703 sani
902 647 1041 703 facti
1088 651 1246 719 sunt,
1307 653 1382 719 et,
1429 653 1700 703 cessante
1749 647 1854 702 do-

227 738 329 793 lore
374 742 430 792 et
481 736 701 805 gemitu
735 780 747 803 ,
794 723 1040 810 requies
1099 742 1157 793 et
1212 738 1513 794 silentium
1568 736 1852 792 omnibus

228 828 421 883 factum
450 832 556 882 est.
582 829 839 883 Fuerunt
867 843 1011 883 vero
1042 844 1295 885 numero
1323 833 1551 900 septem
1590 827 1776 883 millia
1798 832 1855 883 et

227 934 282 973 eo
308 916 556 989 amplius
580 932 790 972 eorum
816 917 921 990 qui
952 917 1167 974 eadem
1207 919 1397 974 noctis
1441 918 1592 973 hora
1638 918 1855 974 sanita-

227 1012 321 1062 tem
365 1011 731 1079 receperunt,
781 1006 1044 1064 virorum
1088 1012 1145 1064 et
1186 1007 1527 1075 mulierum,
1575 1007 1852 1063 dantium

226 1095 447 1165 gloriam
477 1097 596 1152 Deo
642 1094 775 1151 coeli
806 1099 864 1151 et
894 1095 973 1152 ad
998 1096 1241 1170 propria
1284 1096 1615 1153 incolumes
1662 1096 1852 1152 redie-

224 1188 353 1239 runt.
398 1187 537 1255 Ipsa
589 1183 849 1257 denique
896 1185 1085 1241 noctis
1135 1186 1285 1241 hora
1332 1189 1703 1241 memoratus
1733 1185 1853 1256 epi-

225 1288 416 1346 scopus
444 1273 505 1329 in
531 1272 683 1329 lecto
709 1273 1030 1345 quiescens
1060 1274 1209 1331 vidit
1236 1274 1296 1330 in
1346 1289 1561 1347 sopore
1605 1274 1851 1346 profun-

222 1363 285 1418 do
308 1361 475 1418 talem
502 1362 819 1418 visionem.
848 1363 1097 1419 Astabat
1122 1363 1173 1419 ei
1207 1363 1561 1436 splendidus
1604 1364 1665 1419 in
1693 1369 1850 1421 veste

222 1452 436 1521 fulgenti
492 1452 584 1507 vir
639 1451 890 1524 quidam
947 1453 1050 1525 qui
1096 1468 1343 1508 urceum
1385 1452 1633 1526 plenum
1690 1470 1852 1526 aqua

219 1540 530 1613 porrigebat
558 1540 633 1609 ei,
662 1540 867 1597 dicens
900 1558 912 1595 :
949 1563 976 1590 «
1009 1542 1251 1599 Mandat
1279 1542 1385 1598 tibi
1435 1541 1710 1599 Martialis
1759 1541 1850 1597 di-

1969 380 2245 453 scipiens,
2303 384 2648 440 auctoritate
2705 383 3036 456 apostolica
3090 381 3411 450 roboravit,
3466 378 3620 435 etde

1964 487 2111 543 pace
2144 472 2413 528 Ecclesiae
2447 473 2778 529 admodum
2803 474 2863 528 in
2892 473 3141 528 Domino
3161 470 3490 542 gratulatus
3513 473 3618 536 est,

1966 560 2262 634 simulque
2288 562 2361 618 de
2392 568 2512 618 tam
2546 563 2786 635 pretiosi
2816 561 3052 635 patroni
3080 560 3459 617 translatione
3489 578 3501 625 ;
3544 563 3618 623 et,

1967 656 2029 707 ut
2056 652 2182 707 haec
2211 670 2317 725 per
2349 653 2617 723 singulos
2641 654 2922 725 deinceps
2943 653 2998 707 in
3027 651 3621 707 memoriahabcren-

1964 746 2057 795 tur
2086 758 2297 809 annos,
2330 759 2597 798 consono
2628 744 2865 797 decreto
2896 742 3192 797 sancitum
3238 746 3326 795 cst
3374 740 3450 796 ad
3490 739 3619 794 lan-

1962 830 2099 886 dem
2128 836 2183 887 et
2208 832 2459 902 gloriam
2491 833 2722 889 Domini
2754 831 2938 887 nostri
2966 833 3106 887 Jesu
3138 829 3372 897 Christi,
3402 829 3495 885 cui
3535 832 3622 884 est

1962 920 2374 987 honor,virtus
2402 925 2456 976 ct
2482 920 2669 990 gloria
2699 922 2757 976 in
2778 920 2996 976 saecula
3021 919 3617 990 sempiternaAmen.

2624 1012 2851 1067 SEBMO
2892 1013 2955 1065 ll.

2032 1103 2095 1154 ln
2153 1099 2539 1157 translatione
2600 1100 2758 1156 beati
2818 1098 3114 1165 Martialis,
3164 1112 3299 1170 qua:
3367 1093 3620 1151 Lotharii

1961 1188 2329 1261 temporibus
2362 1189 2515 1246 facta
2546 1194 2651 1261 est,
2706 1194 2769 1244 ut
2794 1187 2945 1243 bene
2976 1188 3181 1251 nostis,
3232 1184 3618 1255 dilectissimi,

1958 1277 2019 1332 in
2051 1280 2301 1333 Montem
2335 1279 2545 1334 Gaudii
2578 1282 2821 1350 propter
2869 1276 3007 1331 illuc
3034 1276 3297 1349 primum
3336 1272 3620 1329 translata

1960 1366 2231 1435 ejusdem
2261 1367 2537 1423 membra
2563 1366 2803 1440 patroni
2832 1364 3029 1421 omnis
3066 1363 3329 1437 populus
3373 1362 3617 1434 Aquita-

1959 1455 2129 1511 nicus
2160 1471 2300 1511 cum
2332 1456 2630 1528 episcopis
2660 1459 2717 1511 et
2741 1453 3077 1527 majoribus
3103 1456 3247 1508 natu
3291 1466 3361 1507 ac
3404 1450 3620 1523 princi-

1960 1543 2138 1615 pibus
2165 1545 2528 1601 ascendebat
2557 1545 2633 1599 ad
2664 1544 3018 1615 orationem,
3046 1547 3111 1598 ut
3139 1558 3262 1597 non
3290 1540 3617 1612 incongrue

221 1628 452 1702 scipulus
504 1628 745 1684 Domini
798 1629 985 1686 nostri
1040 1634 1182 1686 Jesu
1234 1630 1443 1687 Christi
1505 1635 1567 1687 ut
1612 1631 1687 1687 de
1734 1631 1850 1687 hac
1890 1643 1932 1698 Β
1960 1630 2071 1686 illis
2101 1632 2314 1688 diebus
2339 1632 2551 1688 laetitiae
2578 1632 2724 1688 illud
2763 1635 3116 1699 congrueret
3146 1627 3471 1702 prophetize
3514 1640 3617 1680 va-

218 1718 439 1790 lympha
478 1718 793 1787 refrigeres
831 1719 1127 1792 populum
1172 1723 1521 1777 aestuantem
1564 1720 1849 1790 ﬂammis,

219 1810 264 1861 et
282 1805 419 1862 bene
448 1807 781 1865 habebunt.
827 1832 854 1858 »
895 1812 1284 1889 Experrectus
1313 1826 1350 1866 a
1395 1825 1611 1865 somno
1653 1810 1849 1882 ponti-

220 1893 314 1961 fex,
337 1895 477 1951 dum
508 1913 718 1953 secum
747 1897 823 1954 de
850 1898 950 1955 tali
979 1897 1295 1953 miraretur
1344 1897 1499 1964 visu,
1544 1903 1601 1954 et
1644 1899 1850 1956 omnia

222 1983 388 2055 quieta
417 1986 679 2057 sentiret,
706 1986 989 2044 intellexit
1015 1986 1436 2043 misericordiae
1462 2003 1660 2043 rorem
1699 1987 1846 2043 divi-

221 2073 350 2130 nitus
374 2075 433 2131 in
464 2075 708 2149 plebem
740 2076 965 2144 stillari,
1001 2077 1154 2133 sicut
1182 2081 1240 2133 et
1264 2076 1695 2133 inelucescente
1721 2094 1848 2133 ma-

218 2178 278 2219 ne
301 2164 585 2236 probavit.
621 2171 685 2222 In
714 2166 813 2223 illo
846 2170 1112 2240 tempore
1140 2166 1436 2239 siquidem
1466 2182 1539 2222 ex
1558 2170 1685 2223 tum
1717 2166 1847 2223 talis

218 2253 266 2309 in
306 2253 431 2328 ipsa
484 2256 684 2328 patria
739 2257 1033 2330 paulatim
1080 2273 1313 2314 cessare
1343 2257 1523 2329 plaga
1562 2257 1741 2330 cmpit
1782 2262 1849 2315 ut

219 2350 388 2416 aperte
416 2350 719 2403 constaret
743 2346 1113 2420 Aquitanicis
1137 2346 1339 2418 ipsum
1388 2362 1519 2402 esse
1549 2351 1844 2419 protecto-

218 2448 321 2489 rem
346 2434 403 2491 in
432 2435 598 2492 caelis
627 2436 728 2509 qui
759 2452 862 2493 eos
887 2436 1032 2492 olim
1080 2451 1287 2492 veram
1333 2434 1518 2492 ﬁdem
1559 2436 1846 2493 docuerat

220 2523 263 2577 in
291 2525 688 2582 terris.Verum
716 2526 795 2583 ad
823 2525 987 2582 illam
1015 2525 1261 2591 beatam
1299 2525 1643 2597 congregati
1690 2527 1847 2599 pari-

218 2616 287 2669 ter
306 2619 432 2671 sunt
458 2614 914 2671 translationem
944 2614 1211 2687 episcopi
1250 2618 1476 2687 septem
1521 2614 1695 2687 quasi
1740 2630 1848 2670 an-

221 2701 309 2769 geli
335 2708 553 2775 septem
592 2704 1006 2771 Ecclesiarum,
1040 2708 1107 2759 ut
1130 2703 1264 2777 ipso
1311 2718 1481 2759 sacro
1508 2703 1844 2775 septenario

222 2791 364 2848 nobis
387 2793 652 2851 doctoris
695 2793 1000 2850 translatio
1046 2793 1335 2850 celebrior
1372 2796 1544 2849 esset.
1607 2794 1843 2866 Septem

222 2895 333 2936 vero
357 2882 621 2938 Ecclesiae
652 2898 913 2955 quarum
938 2885 1212 2955 pastores
1242 2880 1321 2937 ad
1349 2880 1629 2937 eamdem
1678 2884 1842 2937 tran-

225 2965 499 3027 slationem
525 2970 710 3027 simul
741 2974 881 3026 tunc
911 2973 1338 3043 convenerunt,
1376 2968 1468 3024 hae
1502 2973 1642 3025 sunt
1670 2969 1842 3026 sedes

223 3056 563 3116 Bituricensis
612 3065 794 3133 atque
840 3059 1312 3131 Burdegalensis,
1366 3058 1843 3116 Sanctonicensis

222 3146 365 3204 etiam
390 3154 444 3206 et
466 3150 871 3219 Arveniensis,
916 3165 1027 3206 nec
1055 3165 1179 3206 non
1210 3153 1266 3205 et
1293 3148 1621 3205 Aniciensis
1662 3153 1842 3222 atque

220 3236 635 3310 Petrocorensis,
664 3238 961 3312 simulque
988 3238 1472 3309 Engolismensis.
1515 3237 1582 3293 Hi
1614 3244 1843 3311 septem

223 3325 577 3386 Ecclesiarum
608 3329 912 3402 principes
940 3345 1063 3385 una
1092 3345 1232 3386 cum
1277 3328 1531 3402 primate
1581 3328 1847 3384 Lemovi-

222 3416 370 3483 censi,
399 3419 766 3493 populorum
791 3418 1179 3493 optimatibus
1226 3422 1284 3475 et
1312 3418 1644 3492 Aquitaniae
1674 3418 1845 3474 duci-

222 3502 313 3559 bus
336 3524 717 3584 summopore
745 3510 806 3566 in
837 3509 1051 3567 eodem
1089 3508 1340 3566 concilio
1368 3508 1601 3565 Domini
1647 3508 1843 3580 legem

222 3594 487 3655 observari
503 3599 583 3656 ab
617 3598 903 3656 omnibus
927 3598 1298 3666 sanciebant,
1318 3597 1843 3671 quemadmodum

222 3698 307 3754 per
328 3689 676 3761 prophetam
707 3688 994 3753 Dominus
1023 3692 1274 3746 testatur
1319 3686 1525 3744 dicens
1554 3705 1568 3744 :
1604 3709 1630 3736 «
1662 3687 1845 3745 Labia

225 3775 501 3833 sacerdotis
550 3777 901 3834 custodiunt
947 3777 1277 3845 scientiam,
1337 3780 1395 3833 et
1422 3775 1618 3846 legem
1648 3776 1844 3849 requi-

225 3868 415 3922 runtex
440 3883 538 3924 ore
569 3868 726 3940 ejus,
758 3867 903 3941 quia
931 3866 1182 3938 angelus
1210 3865 1446 3923 Domini
1476 3865 1842 3923 exercituum

228 3956 311 4007 est.
340 3978 364 4004 ιθ
387 3960 525 4014 Ante
555 3957 772 4015 omnia
807 3972 1023 4030 pacem
1074 3959 1132 4012 et
1179 3954 1477 4026 justitiam
1533 3953 1845 4011 observari

228 4043 526 4119 monebant,
541 4050 613 4104 ut
633 4046 781 4117 legis
806 4045 966 4103 docti
988 4045 1141 4102 inter
1167 4044 1363 4101 virum
1387 4047 1446 4100 et
1471 4042 1670 4099 virum
1699 4059 1844 4116 que-

226 4132 349 4191 relas
366 4136 514 4207 juste
541 4137 808 4205 ﬁnirent,
839 4140 914 4206 et,
962 4134 1453 4210 oppressionibus
1502 4150 1843 4208 pauperum

222 4228 267 4280 et
288 4225 551 4286 violentiis
577 4227 925 4302 rapacitatis
949 4226 1160 4301 procul
1179 4225 1455 4295 exclusis,
1482 4240 1605 4298 pax
1625 4227 1682 4280 et
1701 4224 1844 4280 ami-

223 4328 286 4415 ca‘
300 4316 449 4415 quies
492 4319 553 4376 in
607 4333 796 4389 regno
824 4316 1179 4415 Aquitanico
1216 4315 1501 4388 deinceps
1527 4329 1842 4415 permane-
1877 4359 1920 4415 Β

222 4408 321 4473 ret;
349 4408 444 4480 qui
469 4425 612 4467 vero
638 4423 853 4482 pacem
882 4406 1193 4477 violarent,
1225 4409 1518 4478 tanquam
1547 4403 1631 4461 rei
1661 4404 1844 4476 maje-

227 4494 357 4552 statis
382 4513 415 4555 a
436 4498 746 4556 liminibus
776 4497 1238 4571 exploderentur
1262 4494 1630 4566 Ecclesiaa,et
1655 4511 1692 4551 a
1721 4510 1847 4551 cor-

226 4597 341 4654 pore
361 4593 414 4646 et
432 4572 727 4662 sanguine
744 4588 983 4645 Domini
1008 4591 1273 4645 extorres
1290 4589 1348 4643 et
1367 4602 1404 4643 a
1421 4585 1692 4642 ﬁdelium
1708 4600 1846 4642 con-

230 4675 373 4734 sortio
400 4684 453 4737 et
476 4679 777 4754 colloquio
806 4679 1040 4744 remoti,
1072 4677 1323 4735 infamia
1345 4679 1636 4750 perpetua
1678 4679 1847 4733 nota-

229 4770 413 4839 rentur,
458 4769 651 4828 donec
706 4785 815 4845 per
854 4768 1323 4827 satisfactionem
1370 4766 1735 4837 condignam
1766 4767 1846 4823 ab

230 4854 482 4932 episcopis
510 4860 728 4918 iterum
776 4859 954 4917 matri
993 4858 1261 4916 Ecclesiae
1303 4856 1842 4914 reconciliarentur.

229 4944 279 4997 In
303 4960 364 5001 eo
389 4950 637 5006 concilio
676 4948 1008 5006 secundum
1060 4948 1257 5019 legem
1314 4944 1552 5002 Domini
1604 4944 1848 5001 benedi-

228 5032 447 5095 ctionem
469 5042 918 5114 proposuerunt
954 5043 1013 5095 et
1056 5035 1573 5102 maledictionem;
1604 5034 1849 5091 benedi-

227 5124 449 5186 ctionem
476 5130 919 5200 obedienu’bus,
967 5127 1454 5186 maledictionem
1500 5125 1848 5183 inobedien-

228 5210 375 5272 tibns.
399 5219 599 5276 Ceteri
628 5223 827 5276 autem
852 5218 1095 5275 urbium
1124 5216 1581 5290 Aquitaniamm
1609 5213 1849 5288 pontiﬁ-

229 5316 324 5375 ces,
350 5306 446 5363 illa
470 5308 667 5366 soluta
691 5309 753 5365 in
778 5323 929 5382 pace
961 5307 1218 5379 synodo,
1259 5321 1290 5361 e
1319 5304 1570 5375 vestigio
1597 5304 1850 5361 advene-

228 5400 357 5466 runt,
394 5400 808 5457 conﬁrmantes
829 5414 965 5472 qua:
991 5397 1069 5454 ab
1098 5398 1182 5454 eis
1207 5395 1563 5453 conﬁrmata
1591 5395 1845 5463 fuerant,

231 5485 275 5537 et
297 5487 746 5546 condemnantes
773 5505 907 5562 quae
932 5486 1011 5544 illi
1038 5487 1609 5555 condemnaverant,
1628 5489 1694 5541 ut
1717 5484 1848 5540 uni-

234 5574 301 5627 tas
344 5576 397 5633 in
450 5595 599 5652 pace
650 5580 921 5637 Ecclesia:
967 5580 1364 5653 permaneret.
1403 5577 1586 5649 Cujus
1616 5575 1849 5632 consilii

234 5660 435 5727 decreta
453 5671 689 5731 antistiti
706 5675 991 5730 Romanae
1008 5673 1225 5729 sanctae
1247 5671 1305 5726 et
1327 5666 1669 5744 apostolicae
1691 5664 1847 5722 sedis

1961 1720 2226 1776 ticinium
2261 1738 2273 1776 :
2309 1743 2337 1769 ‹‹
2371 1721 2588 1787 Venite,
2625 1720 3027 1777 ascendamus
3060 1718 3135 1774 ad
3188 1718 3453 1772 montem
3508 1718 3618 1769 Do-

1959 1809 2107 1865 mini
2135 1814 2191 1865 et
2219 1809 2299 1865 ad
2328 1809 2582 1865 domum
2614 1810 2715 1865 Dei
2742 1808 2945 1877 Jacob,
2979 1811 3035 1863 et
3059 1805 3295 1862 docebit
3334 1821 3446 1861 nos
3484 1803 3613 1859 vias

1959 1914 2119 1964 suas,
2179 1903 2236 1953 et
2289 1897 2741 1955 ambulabimus
2798 1897 2857 1952 in
2913 1895 3135 1952 semitis
3183 1894 3332 1965 ejus,
3373 1892 3515 1966 quia
3540 1892 3614 1949 de

1961 1986 2100 2043 Sion
2127 1986 2309 2043 exibit
2335 1980 2429 2043 lex
2459 1990 2515 2042 et
2538 1986 2791 2043 verbum
2818 1984 3050 2041 Domini
3071 1983 3146 2039 de
3174 1979 3611 2039 Hierusalem.»

1958 2076 2068 2142 Qui
2096 2075 2263 2133 locus
2313 2076 2543 2132 nomini
2586 2092 2914 2148 congruere
2972 2073 3202 2131 videtur
3235 2090 3247 2130 :
3284 2075 3410 2129 erat
3453 2068 3612 2128 enim

1955 2164 2037 2221 ibi
2064 2167 2318 2239 typicus,
2349 2166 2471 2222 imo
2500 2183 2676 2223 verus
2707 2181 2884 2222 mons
2929 2163 3186 2236 Domini,
3230 2162 3391 2219 idem
3442 2160 3614 2217 disci-

1954 2254 2132 2327 pulus
2163 2255 2389 2323 Christi,
2424 2256 2596 2326 cujus
2628 2271 2799 2323 sacra
2846 2254 2984 2311 illuc
3039 2254 3313 2310 membra
3363 2248 3439 2308 ad
3471 2256 3614 2308 teni-

1954 2360 2069 2416 pus
2104 2344 2182 2400 ob
2210 2345 2499 2415 gaudium
2539 2344 3011 2401 Christianorum
3059 2348 3229 2400 erant
3275 2340 3560 2399 translata
3595 2356 3610 2410 ;

1954 2434 2233 2507 idemque
2260 2435 2363 2507 qui
2393 2450 2500 2508 per
2537 2434 2759 2491 tribum
2800 2433 3113 2506 Benjamin
3160 2449 3235 2490 ex
3279 2430 3463 2490 Jacob
3507 2446 3611 2505 pa-

1954 2524 2210 2580 triarcha
2240 2524 2532 2593 originem
2564 2524 2757 2595 traxit,
2798 2540 2921 2580 non
2965 2522 3447 2580 inconvenienter
3496 2516 3613 2577 dici

1954 2614 2186 2670 videtur
2214 2614 2432 2670 domus
2461 2614 2559 2670 Dei
2590 2613 2792 2670 Jacob.
2827 2616 3051 2669 Domus
3081 2612 3326 2686 quippe,
3365 2604 3480 2667 hoc
3522 2614 3614 2669 est

1954 2704 2368 2760 habitaculum
2420 2704 2519 2759 Dei
2559 2703 2743 2759 Jacob
2791 2702 3144 2776 permansit,
3190 2700 3458 2775 quicum
3485 2700 3611 2755 aliis

1957 2793 2243 2867 apostolis
2268 2794 2329 2850 in
2355 2810 2532 2850 carne
2564 2797 2801 2850 secutus
2852 2797 2977 2849 toto
3025 2792 3204 2849 corde
3242 2786 3444 2847 dilexit
3472 2800 3611 2845 eum

1957 2884 2031 2940 de
2063 2900 2185 2958 quo
2213 2883 2469 2955 legimus
2500 2901 2511 2938 :
2547 2906 2573 2931 u
2609 2886 2730 2952 Ego
2763 2900 2897 2939 sum
2927 2884 3078 2938 Deus
3109 2880 3433 2946 Abraham,
3460 2882 3612 2936 Deus

1887 3004 1926 3059 ρ
1958 2976 2140 3040 Isaac,
2173 2975 2327 3028 Deus
2355 2972 2559 3029 Jacob.
2590 2995 2618 3022 ››
2652 2974 2731 3027 De
2760 2972 2978 3028 talibus
3001 2970 3265 3045 profecto
3294 2968 3393 3026 Dei
3418 2965 3611 3023 domi-

1958 3060 2073 3115 bus
2106 3061 2187 3117 ait
2215 3062 2343 3133 ipse
2374 3061 2662 3117 Dominus
2697 3078 2708 3116 :
2744 3084 2771 3109 ‹‹
2808 3061 2865 3118 Si
2888 3061 3023 3134 quis
3047 3060 3236 3131 diligit
3254 3076 3370 3124 me,
3392 3073 3614 3113 sermo-

1955 3166 2093 3206 nem
2127 3166 2330 3205 meum
2363 3149 2636 3217 servabit,
2692 3154 2749 3205 et
2793 3153 2963 3206 Pater
3009 3164 3181 3206 meus
3222 3147 3423 3218 diliget
3450 3160 3610 3211 eum,

1956 3244 2012 3295 et
2041 3239 2119 3296 ad
2148 3255 2287 3295 eum
2316 3238 2625 3295 veniemus
2656 3243 2713 3295 et
2737 3239 3116 3295 mansionem
3148 3235 3312 3310 apud
3349 3251 3489 3292 cum
3531 3234 3611 3292 fa-

1955 3329 2199 3385 ciemus.
2232 3351 2259 3379 »
2288 3332 2420 3384 Haec
2452 3327 2671 3385 domus
2698 3328 2799 3384 Dei
2827 3327 3002 3384 Israel
3045 3328 3171 3383 vias
3216 3326 3317 3382 Dei
3372 3324 3611 3396 gentem

1953 3420 2240 3476 docuerat
2267 3417 2672 3491 Aquitaniam,
2687 3423 2889 3489 gentes
2915 3417 3215 3474 erroribus
3239 3408 3380 3472 olim
3397 3411 3611 3471 deditze

1954 3512 2260 3583 coeperant
2284 3507 2595 3565 ambulare
2626 3508 2687 3564 in
2728 3508 2954 3564 semitis
2978 3506 3238 3579 justitiae.
3289 3507 3451 3562 Tunc
3499 3501 3610 3559 illis

1953 3598 2027 3654 de
2061 3598 2199 3656 Sion
2226 3597 2402 3653 exivit
2428 3596 2524 3654 lex
2551 3602 2608 3654 et
2636 3597 2889 3654 verbum
2940 3596 3175 3653 Domini
3221 3595 3296 3652 de
3338 3592 3610 3650 Hierusa-

1952 3686 2070 3743 lem
2101 3702 2241 3742 cum
2268 3685 2564 3751 Martialis,
2592 3685 2695 3758 qui
2724 3686 2786 3741 in
2820 3686 2959 3744 Sion
2990 3702 3130 3742 cum
3163 3683 3294 3742 aliis
3321 3682 3608 3759 praedica-

1951 3775 2181 3833 toribus
2211 3790 2456 3831 omnem
2496 3774 2806 3831 scientiam
2852 3791 2962 3848 per
3003 3774 3285 3847 Spiritum
3334 3776 3609 3828 sanctum

1949 3865 2012 3921 in
2040 3865 2382 3936 linguarum
2412 3864 2726 3935 ignearum
2751 3863 2979 3919 visione
3011 3862 3257 3919 edoctus
3287 3862 3498 3926 fuerat,
3525 3860 3607 3916 le-

1952 3971 2089 4026 gem
2117 3969 2289 4010 novae
2321 3953 2523 4024 gratiae
2562 3951 2827 4009 occiduis
2874 3950 3335 4022 evangelizabat,
3382 3955 3439 4006 et
3483 3965 3609 4005 ver-

1948 4045 2099 4101 bum
2126 4043 2379 4110 Domini,
2410 4041 2577 4115 quod
2606 4042 2667 4097 in
2699 4040 3061 4098 Hierusalem
3106 4040 3184 4097 ab
3234 4041 3367 4114 ipso
3416 4039 3607 4111 magi-

1952 4140 2075 4192 stro
2135 4134 2437 4191 Salvatore
2491 4134 2628 4189 Jesu
2684 4131 2914 4189 Christo
2964 4128 3254 4188 didicerat
3290 4129 3608 4205 provinciis

1952 4225 2272 4284 Galliarum
2303 4223 2534 4297 primus
2564 4222 2836 4279 omnium
2862 4220 3231 4279 ostendebat.
3284 4224 3347 4277 In
3396 4237 3467 4277 eo
3507 4236 3612 4277 au-

1952 4321 2071 4373 tem
2102 4317 2402 4372 conventu
2450 4313 2554 4386 qui
2582 4328 2876 4383 magnum
2914 4310 3235 4369 concilium
3276 4310 3606 4380 dicebatur,

1953 4404 2241 4480 episcopi,
2295 4404 2400 4477 qui
2445 4403 2522 4459 ad
2571 4402 2849 4460 eamdem
2916 4401 3152 4475 patroni
3210 4402 3610 4458 convenerant

1952 4495 2423 4564 translationem,
2452 4507 2667 4550 omnes
2706 4492 2919 4548 docere
2942 4507 3329 4566 summopere
3368 4488 3606 4546 festina-

1952 4587 2101 4644 bant
2127 4584 2292 4641 viam
2320 4582 2574 4651 Domini,
2606 4586 2673 4639 ut
2699 4597 2807 4655 per
2833 4581 2995 4639 viam
3033 4580 3200 4655 pacis
3250 4583 3307 4636 et
3344 4576 3609 4634 veritatis

1952 4674 2225 4733 incedere
2255 4676 2615 4745 satagerent,
2646 4688 2757 4729 nec
2782 4670 3069 4729 atramite
3090 4668 3609 4743 justitizn,sequen-

1952 4770 2039 4824 tes
2065 4765 2262 4822 cordis
2287 4764 2379 4820 sui
2406 4762 2785 4838 pravitatem,
2814 4762 3138 4823 deviarent,
3169 4758 3487 4833 potiusque
3508 4757 3610 4811 Pa-

1953 4860 2110 4911 trum
2134 4852 2413 4910 institutis
2442 4867 2629 4926 quam
2656 4849 2880 4908 diaboli
2911 4845 3389 4920 suggestionibus
3410 4841 3613 4900 obedi-

1952 4949 2101 5013 rent,
2131 4947 2188 5000 et
2211 4943 2287 4999 de
2312 4941 2416 4999 illa
2448 4940 2686 5016 patroni
2734 4938 3117 4996 translatione
3161 4935 3244 4992 ita
3280 4933 3610 5006 gauderent

1954 5038 2019 5091 ut
2044 5049 2285 5090 morum
2313 5035 2369 5089 et
2397 5035 2641 5089 actuum
2668 5026 3149 5086 emendationem
3189 5023 3301 5081 sibi
3344 5028 3608 5097 reporta-

1954 5128 2101 5182 rent.
2137 5122 2550 5182 Coruscabant
2578 5136 2725 5177 sane
2758 5117 2947 5175 multa
2974 5113 3265 5172 miracula
3304 5114 3384 5171 ad
3420 5114 3608 5188 ipsius

1957 5214 2210 5289 apostoli
2236 5211 2739 5287 pretiosissimum
2770 5222 3007 5279 corpus.
3043 5207 3122 5261 De
3167 5203 3408 5278 quibus,
3461 5220 3608 5277 quo-

1954 5305 2119 5363 niam
2150 5304 2291 5360 Satis
2322 5306 2535 5359 notum
2564 5303 2652 5356 est
2696 5297 2867 5354 vobis
2915 5295 3019 5370 qui
3066 5295 3607 5369 impraesentiarum

1954 5394 2066 5469 ipsi
2095 5392 2347 5462 vidistis,
2374 5407 2482 5464 per
2511 5387 2746 5459 singula
2772 5402 2895 5444 non
2924 5401 3167 5443 necesse
3208 5390 3300 5443 est
3340 5401 3605 5452 narrare,

1955 5500 2030 5540 ne
2055 5482 2181 5539 dies
2206 5484 2533 5554 antequam
2573 5492 2769 5534 sermo
2818 5475 3151 5534 claudatur.
3203 5474 3366 5533 Libet
3406 5478 3607 5531 tamen

1954 5575 2069 5631 hoc
2100 5571 2295 5628 solum
2326 5568 2668 5626 meminisse
2697 5567 2883 5641 quod,
2916 5566 3155 5624 invento
3186 5580 3435 5639 corpore
3475 5579 3609 5621 san-

1956 5666 2071 5732 cto,
2100 5662 2444 5736 quicunque
2467 5656 2826 5717 daemoniaci
2854 5660 2910 5714 et
2939 5656 3068 5714 aliis
3104 5655 3286 5714 variis
3309 5651 3610 5725 languori-
