4048 6178
371 165 472 217 119

1529 176 1842 234 ADEMARI
1886 178 1940 233 S.
1984 178 2263 239 CIBARDI
2302 186 2637 247 MONACHI.

3712 203 3821 255 120

363 282 479 341 bus
535 284 755 342 detenti
809 288 1052 345 adfuere
1101 292 1177 347 ad
1232 295 1363 365 ejus
1406 298 1794 369 sepulchrum
1834 302 2025 357 sanati
2066 308 2112 359 A
2140 309 2344 365 omnia
2372 311 2505 368 loca
2529 329 2635 385 per
2665 315 2979 372 circuitum
3009 318 3179 373 urbis
3206 320 3283 374 ad
3319 320 3642 377 duodecim
3685 339 3822 378 am-

365 378 501 429 sunt
530 392 544 442 ;
578 375 684 430 sed
708 381 764 430 et
785 375 847 431 hi
875 392 1032 448 quos
1066 380 1221 449 ignis
1246 383 1600 454 devorabat,
1634 389 1847 445 eadem
1878 391 2026 446 hora

364 477 603 518 sensere
629 462 1018 532 refrigerium.
1053 468 1193 525 Aliis
1219 471 1481 547 denique
1513 492 1650 533 cum
1683 478 1931 535 sanitate
1950 480 2028 535 ad

360 564 470 604 sua
522 550 827 619 regressis,
886 552 1101 611 iterum
1133 558 1323 616 multo
1354 562 1557 635 plures
1590 565 1688 621 alii
1731 566 1804 621 de
1850 566 2027 638 longe

360 636 843 708 adducebantur,
875 658 907 698 e
936 643 1158 716 quibus
1187 652 1375 706 totam
1404 652 1636 709 videres
1679 654 1891 711 urbem
1942 657 2027 712 in-

364 726 457 778 tus
488 728 546 779 et
576 740 683 797 per
710 726 1016 787 sircuitum
1067 733 1209 790 foris
1230 735 1493 808 plenam.
1530 741 1628 796 His
1676 748 1876 799 autem
1923 746 2027 817 qui

362 810 494 866 sani
525 817 697 869 erant
718 813 912 871 luctus
955 823 1011 874 et
1056 821 1284 879 clamor
1324 830 1500 898 atque
1551 829 1698 884 fetor
1734 830 2024 900 languen-

355 897 509 955 tium
562 901 742 957 nimis
786 906 951 962 oneri
1000 914 1143 966 erat.
1189 914 1338 969 Cum
1391 897 1590 972 autem
1639 920 2020 991 psallentium

357 987 579 1044 chorus
609 994 845 1065 patroni
877 997 1152 1055 membra
1176 1000 1249 1056 de
1289 1005 1564 1075 sepulcro
1603 987 1662 1062 in
1708 1007 2020 1068 basilicam

356 1075 700 1147 Salvatoris,
732 1097 869 1153 quae
898 1086 1115 1154 regalis
1147 1087 1382 1160 dicitur,
1409 1093 1473 1148 in
1502 1110 1643 1150 arca
1674 1111 1857 1154 aurea
1885 1116 2020 1172 por-

353 1168 522 1232 taret,
551 1167 867 1225 multitudo
890 1171 1125 1232 inﬁnita
1152 1176 1250 1232 illa
1285 1179 1628 1237 ardentium
1678 1200 1819 1240 mox
1848 1167 2016 1244 cura-

352 1251 578 1310 tionem
621 1256 863 1327 plenam
917 1262 1150 1331 meruit,
1201 1270 1258 1320 et
1302 1282 1514 1323 omnes
1556 1270 1901 1330 clamabant
1930 1276 2017 1331 di-

354 1345 600 1396 centes:
635 1344 1076 1404 «Benedictum
1122 1366 1345 1408 nomen
1403 1356 1724 1415 Salvatoris
1784 1363 2020 1420 Domini

349 1428 535 1484 nostri
563 1433 702 1486 Jesu
732 1432 940 1490 Christi
970 1437 1075 1508 qui
1103 1454 1209 1511 per
1231 1440 1481 1500 beatum
1522 1448 1841 1506 Martialem
1886 1468 2020 1524 pro-

350 1516 531 1588 pitius
556 1517 667 1574 fuit
694 1521 920 1593 populo
970 1541 1100 1583 suo.
1149 1531 1263 1584 Nec
1317 1531 1488 1589 silere
1531 1535 1825 1594 debemus
1853 1516 2019 1613 quod

348 1609 554 1676 aperto
578 1605 842 1664 interiori
868 1627 1005 1668 vase
1037 1616 1205 1687 quod
1235 1625 1511 1678 sanctum
1557 1626 1852 1685 retinebat
1889 1648 2017 1687 cor-
2061 1661 2099 1713 Β

348 1708 490 1765 pus,
523 1695 674 1752 odor
703 1699 1092 1759 suavissimus
1123 1709 1452 1767 emanabat
1500 1718 1557 1768 ct
1599 1716 1871 1774 omnium
1917 1721 2019 1776 ad-

353 1783 645 1841 stantium
671 1801 850 1843 nares
876 1790 1150 1859 jucundo
1179 1797 1484 1857 reﬁciebat
1513 1803 1715 1862 odore.
1761 1813 1833 1864 At
1878 1827 2019 1867 vero

353 1871 571 1928 eadem
604 1880 816 1933 sancta
843 1880 1121 1938 membra
1152 1900 1291 1941 cum
1325 1890 1704 1950 sacerdotum
1741 1899 2020 1956 manibus

347 1956 422 2013 de
454 1959 775 2031 sepulchro
801 1963 1157 2025 inferrentur
1185 1971 1247 2027 in
1276 1990 1380 2030 vas
1413 1993 1667 2036 aureum
1690 1981 1794 2038 ubi
1816 2000 2021 2041 recon-

350 2044 478 2102 dita
508 2053 667 2117 sunt,
699 2067 835 2109 ecce
856 2054 1054 2112 subito
1083 2063 1251 2115 terrze
1281 2068 1480 2120 motus
1529 2067 1721 2125 tactus
1760 2077 1848 2128 est
1892 2090 2022 2132 ma-

345 2147 501 2203 gnus
521 2135 603 2193 ita
628 2141 693 2194 ut
717 2142 913 2213 major
952 2146 1202 2205 ecclesia
1232 2166 1370 2208 cum
1400 2156 1688 2213 omnibus
1719 2160 1820 2233 qui
1854 2162 1913 2219 in
1942 2181 2013 2222 ea

343 2227 515 2280 erant
541 2229 778 2285 concuti
804 2230 1120 2304 videretur,
1155 2253 1264 2295 nec
1290 2245 1490 2299 tamen
1524 2227 1759 2319 occidit,
1804 2252 1907 2307 sed
1958 2259 2014 2311 et

347 2326 529 2384 super
554 2316 851 2388 populum
881 2324 1079 2379 tantus
1111 2330 1297 2383 terror
1343 2329 1513 2388 irruit
1563 2340 1623 2391 ut
1668 2316 2010 2399 nullatenus

346 2404 607 2458 mortem
635 2419 697 2459 se
726 2408 976 2467 evadere
1001 2428 1178 2485 posse
1209 2419 1490 2488 crederet,
1512 2424 1845 2500 eademque
1864 2430 2012 2489 hora

346 2488 454 2560 qui
485 2506 522 2546 a
549 2490 931 2553 daemonibus
956 2503 1331 2562 vexabantur
1357 2512 1546 2567 curati
1578 2520 1733 2586 sunt,
1747 2488 2011 2593 .eratque

343 2577 496 2635 hora
518 2578 635 2636 diei
658 2583 845 2656 tertia,
876 2589 935 2643 et
967 2590 1051 2645 sic
1075 2590 1137 2647 in
1163 2595 1482 2655 ecclesiam
1514 2604 1807 2674 majorem
1840 2577 2010 2668 sacra

342 2664 600 2763 pignora
630 2668 846 2729 deinde
864 2674 1227 2771 imminente
1256 2691 1429 2743 nocte
1469 2664 1718 2749 lateriter
1765 2664 2010 2771 propter

339 2752 664 2814 irruentem
694 2762 993 2834 populum
1023 2783 1163 2825 cum
1205 2772 1438 2845 jejunio
1482 2752 1899 2841 ministrorum;
1945 2788 2006 2845 in

341 2844 598 2942 Montem
628 2848 839 2947 Gaudii
867 2853 1097 2924 perlata
1126 2865 1283 2918 sunt.
1318 2865 1384 2920 Et
1413 2866 1563 2924 sicut
1584 2874 1705 2928 tota
1726 2871 1827 2931 illa
1854 2891 2004 2947 prae-

339 2932 511 2988 terita
534 2939 707 2991 nocte
744 2936 808 2993 in
828 2942 1154 3012 aperiendo
1185 2951 1459 3022 sepulcro
1509 2932 1877 3019 sacerdotes;
1894 2968 2004 3022 Do-

338 3019 490 3075 mini
543 3038 682 3078 cum
735 3028 1015 3097 pontiﬁce
1066 3019 1508 3117 laboraverant,
1540 3046 1622 3105 ita
1664 3050 1806 3108 foris
1838 3054 2003 3112 chori

335 3109 721 3183 psallentium
740 3116 933 3188 jejuni
958 3125 1236 3183 eamdem
1261 3109 1502 3190 noctem
1545 3137 1606 3193 in
1646 3143 1894 3212 psalmis
1945 3152 2002 3204 et

332 3196 617 3257 laudibus
646 3202 871 3263 duxere
897 3212 1269 3285 pervigilem.
1336 3222 1402 3277 Hi
1449 3196 1775 3304 autem‘qui
1798 3233 2003 3293 intrin-

334 3302 507 3344 secus
532 3292 657 3348 tam
687 3297 1067 3357 tremendum
1097 3307 1473 3380 arripuerant
1501 3332 1655 3388 opus
1680 3292 1711 3386 ,⁸
1746 3325 1999 3383 confecti

329 3376 560 3448 jejunio
581 3379 658 3436 ab
682 3382 818 3456 ipsa
842 3387 1039 3459 prima
1057 3376 1247 3451 noctis
1268 3398 1418 3457 hora
1437 3376 2000 3485 instabant,et_psal:

334 3480 577 3576 piorum
608 3482 1031 3536 consummata
1057 3484 1322 3544 melodia
1352 3489 1659 3551 celebratis
1685 3480 2000 3576 circa—pul-

333 3552 532 3653 lorum
562 3564 807 3617 cantum
838 3572 1158 3645 mysteriis,
1172 3578 1485 3638 confortati
1514 3601 1762 3659 corpore
1784 3597 1839 3648 et
1861 3552 1998 3652 san-

335 3640 517 3741 guine
547 3647 1063 3748 Redemptorismd
1089 3640 1488 3727 entrahendos
1516 3640 1760 3748 lapides
1775 3640 1996 3742 manus

333 3730 644 3844 miserunt.
661 3739 860 3797 Merito
877 3742 1100 3821 itaque,
1115 3750 1320 3813 divina
1341 3774 1444 3815 eos
1464 3730 1663 3821 Patres
1682 3768 1996 3844 inspiravit

333 3818 628 3921 dignatio,
641 3833 958 3923 quatenus
987 3844 1299 3901 communi
1330 3864 1627 3911 consensu
1648 3818 1816 3917 hunc
1833 3862 1994 3923 diem

333 3923 442 3981 per
458 3909 729 4012 singulos
747 3917 810 3975 in
831 3921 1130 3998 reliquum
1171 3947 1363 3992 annos
1391 3938 1453 3996 in
1473 3948 1828 4007 memoriam
1849 3952 1996 4012 divi-

329 4012 425 4053 nec
456 3998 653 4059 laudis
687 4005 1089 4086 decernerent,
1128 4022 1233 4093 qui
1274 4023 1337 4081 in
1385 4045 1456 4085 ea
1504 4036 1562 4089 et
1587 4036 1878 4099 miracula
1899 4061 1992 4101 su-

327 4099 518 4205 perna
539 4094 595 4186 et
610 4096 833 4205 gaudia
854 4101 1529 4191 Christianorum,atque
1545 4139 1666 4196 pax
1681 4131 1738 4184 et
1755 4133 1991 4205 requies

331 4174 730 4294 Ecclesiarum
757 4184 1117 4252 claruerunt.
1134 4199 1200 4255 Et
1217 4174 1451 4279 postea:
1477 4174 1786 4275 utraaterna
1806 4174 1988 4294 liiujus

353 4260 651 4294 οριςυειηιει.
704 4278 850 4294 ---Α
906 4292 918 4294 μ
943 4293 952 4294 ,
1336 4293 1342 4294 ,

1217 4258 1239 4273 ι
1316 4258 1429 4263 ηπ
1480 4258 1887 4277 --ινυυηηιηυ
1920 4258 1986 4280 ιω

328 4258 653 4381 festivitatis
700 4278 854 4330 esset
895 4292 1407 4367 commemoratio,
1431 4258 1519 4355 ’in
1564 4300 1699 4361 loco
1736 4258 1986 4381 praefato

311 5162 538 5246 primas
587 5158 925 5265 episcopus,
975 5173 1149 5235 Abbo
1196 5158 1535 5265 episcopus,
1583 5158 1971 5263 Crimoardus

311 5250 1022 5365 ipicscp‘pus,k8tephanus
1052 5250 1716 5350 episcopus,‘Froltarius
1741 5292 1969 5365 episco-

307 5339 445 5428 pus,
479 5330 853 5398 Gissabertus
879 5330 1215 5428 episcopus.

381 5418 737 5529 Iliaci-autem
768 5418 933 5491 facta
953 5418 1103 5499 sunt
1116 5461 1225 5518 per
1252 5467 1482 5515 annum
1514 5463 1832 5526 Dominicae
1870 5472 1965 5529 in-

305 5509 670 5628 carnationis
698 5509 1222 5594 nongentesimum
1276 5547 1455 5617 atque
1499 5509 1963 5628 110ιῖἔᾶὧῶ

305 5608 582 5628 η...
649 5609 866 5628 --_-_.,

303 5601 607 5675 quartum,
642 5609 1081 5683 complentibus
1107 5601 1960 5718 magnis‘turb—is'

2136 396 2294 469 plius
2327 401 2600 460 milliaria
2626 405 2738 461 sub
2761 412 2967 479 aperto
2993 407 3133 463 divo
3162 410 3376 466 serenti
3408 410 3559 467 caelo
3590 413 3819 469 admo-

2138 484 2288 542 dum
2310 488 2705 559 jucundante.

2784 640 3015 697 SERMO
3067 641 3158 698 Ill.

2206 755 2753 828 Quemadmodum,
2795 758 3186 837 dilectissimi,
3238 767 3514 825 dedicata
3549 771 3819 828 ecclesia

2132 859 2167 898 a
2196 843 2478 903 laudibus
2507 848 2602 904 die
2640 857 2942 924 noctuque
2998 855 3215 912 divinis
3246 874 3484 914 cessare
3525 876 3647 915 non
3705 862 3819 917 de-

2131 931 2232 988 bet
2278 949 2387 990 nec
2445 952 2481 992 a
2535 953 2846 996 sacrorum
2891 947 3110 999 ornatu
3156 962 3348 1003 vacua
3398 964 3662 1017 manere,
3722 952 3816 1007 ita

2133 1037 2303 1078 mens
2365 1025 2693 1085 Christiana
2750 1045 2787 1085 a
2832 1031 2931 1087 Dei
2977 1049 3293 1107 nunquam
3342 1036 3522 1094 laude
3562 1043 3815 1113 torpore

2133 1126 2524 1184 nunquamve
2582 1132 2618 1172 a
2678 1117 2853 1173 bonae
2908 1123 3272 1193 operationis
3321 1125 3536 1182 decore
3586 1129 3816 1184 sterilis

2130 1199 2308 1256 debet
2349 1204 2680 1273 persistere.
2745 1210 2810 1262 Et
2866 1214 2931 1265 ut
2972 1211 3351 1283 sacrilegium
3404 1221 3637 1272 constat
3666 1234 3812 1274 esse

2129 1289 2443 1347 ecclesiam
2474 1294 2718 1367 violare,
2736 1296 2814 1353 ita
2840 1315 2975 1354 eum
3008 1302 3111 1373 qui
3136 1302 3260 1372 jam
3296 1303 3601 1377 baptismo
3635 1307 3812 1379 puri-

2127 1377 2340 1435 ﬁcatus
2370 1380 2589 1439 domus
2618 1386 2718 1441 Dei
2748 1394 3007 1445 meretur
3054 1407 3203 1459 esse,
3254 1395 3661 1465 periculosum
3714 1403 3816 1453 est

2130 1471 2351 1524 temere
2374 1487 2409 1525 a
2442 1488 2751 1545 quoquam
2786 1476 3087 1547 infestari;
3128 1481 3434 1554 quia,eum
3468 1486 3578 1541 viri
3608 1487 3808 1543 sancti

2131 1572 2166 1612 a
2197 1561 2492 1629 perversis
2519 1562 2884 1634 afﬂiguntur,
2921 1568 3073 1622 Deus
3105 1569 3209 1641 qui
3240 1587 3451 1628 eorum
3498 1573 3813 1631 habitator

2129 1650 2237 1717 est,
2270 1649 2347 1703 ad
2376 1649 2749 1709 iracundiam
2778 1663 3157 1727 provocatur.
3207 1664 3266 1715 in
3300 1663 3522 1718 sanctis
3568 1664 3810 1738 quippe

2128 1736 2266 1791 viris
2303 1740 2455 1795 Deus
2485 1740 2815 1813 infestatur,
2848 1745 3078 1803 dicente
3110 1748 3241 1821 ipso
3262 1766 3368 1822 per
3390 1736 3760 1825 prophetam
3791 1772 3806 1810 :

2130 1847 2155 1874 ‹‹
2193 1827 2301 1892 Qui
2324 1844 2428 1883 vos
2456 1830 2662 1901 tangit,
2698 1833 2886 1902 tangit
2916 1835 3208 1909 pupillam
3236 1839 3393 1895 oculi
3422 1841 3561 1898 mei.
3597 1866 3626 1893 »
3686 1844 3806 1909 Qui

2127 1918 2328 1971 autem
2363 1917 2683 1975 Ecclesiam
2710 1921 2986 1994 honorat,
3020 1931 3271 1983 matrem
3302 1930 3572 2002 profecto
3594 1948 3801 1999 suam,

2126 2008 2181 2058 et
2214 2004 2309 2060 Dei
2342 2022 2628 2078 sponsam
2659 2010 2933 2080 honorat,
2962 2012 3086 2069 imo
3117 2015 3319 2088 ipsum
3366 2019 3643 2076 Ecclesiae
3698 2036 3803 2078 ca-

2124 2098 2233 2167 put
2261 2096 2553 2154 Christum
2585 2115 2830 2171 prorsus
2862 2103 3161 2162 honorare
3193 2107 3448 2166 videtur.
3505 2110 3597 2168 Sic
3627 2113 3799 2170 enim

2124 2184 2407 2254 apostolis
2437 2185 2666 2243 dictum
2695 2194 2787 2245 est
2819 2209 2830 2246 :
2869 2214 2896 2240 ‹‹
2933 2193 3045 2259 Qui
3092 2211 3198 2251 vos
3247 2198 3413 2254 audit
3456 2215 3554 2255 me
3601 2201 3798 2271 audit,

2122 2274 2179 2326 et
2206 2272 2308 2344 qui
2341 2290 2446 2329 vos
2478 2278 2703 2350 spernit
2727 2295 2823 2335 me
2857 2281 3101 2353 spernit.
3142 2308 3169 2334 ››
3206 2288 3270 2341 Et
3299 2285 3439 2343 item
3476 2306 3488 2346 :
3525 2312 3551 2338 ‹‹
3600 2294 3798 2347 Amen

2122 2359 2257 2416 dico
2304 2362 2495 2431 vobis,
2548 2366 2689 2437 quia
2736 2368 3102 2428 tolerabilius
3152 2373 3258 2430 erit
3303 2379 3470 2432 terrae
3504 2378 3802 2436 Sodomo-

2124 2463 2258 2505 rum
2283 2456 2339 2506 et
2370 2453 2891 2514 Gomorrhzeorum
2941 2474 3126 2533 quam
3155 2462 3235 2518 illi
3267 2464 3487 2522 civitati
3512 2481 3650 2539 qua:
3682 2484 3799 2524 vos

2117 2555 2331 2611 pacem
2363 2544 2760 2614 prredicantes
2792 2564 2914 2605 non
2939 2553 3244 2625 receperit.
3283 2578 3309 2605 »
3363 2555 3500 2612 Haec
3542 2564 3796 2632 propter

2119 2628 2420 2686 hodierna;
2454 2633 2783 2694 festivitatis
2814 2638 3077 2697 laetitiam
3110 2659 3439 2713 congruere
3484 2647 3791 2715 videntur,

2117 2717 2281 2789 quia,
2316 2738 2454 2777 cum
2484 2723 2666 2795 hujus
2692 2728 2896 2801 templi
2931 2730 3389 2802 dedicationem,
3416 2752 3553 2808 quae
3584 2737 3645 2793 in
3667 2740 3797 2796 Sal-

2115 2807 2337 2864 vatoris
2368 2810 2550 2883 pollet
2586 2817 2829 2889 prOprio
2862 2820 3124 2888 nomine,
3175 2807 3488 2880 annuatim
3538 2828 3797 2900 replica-

2116 2911 2272 2965 mus,
2303 2901 2685 2960 occa-sionem
2714 2906 2885 2962 vobis
2916 2909 3081 2966 utilia
3118 2910 3405 2984 loquendi
3436 2930 3557 2971 non
3590 2916 3792 2974 ineas-

2114 3002 2249 3043 sum
2280 2987 2635 3050 invenimus.
2670 2996 2836 3058 Unde
2858 2997 3005 3055 illud
3039 3001 3476 3061 advertendum
3509 3006 3699 3079 quod,
3736 3009 3789 3065 si

2110 3074 2171 3130 in
2203 3080 2461 3135 oratorio
2493 3081 2767 3141 dedicato
2822 3087 3214 3147 homicidium
3266 3093 3361 3149 vel
3406 3094 3567 3152 aliud
3607 3098 3788 3153 nefas

2108 3166 2419 3237 quodlibet
2448 3177 2877 3258 perpetratum,
2920 3178 3014 3234 vel
3061 3180 3110 3235 si
3154 3181 3355 3254 ipsum
3410 3184 3703 3258 templum
3746 3205 3784 3243 a

2108 3254 2427 3325 gentilibus
2451 3256 2574 3316 sive
2598 3260 2885 3321 haereticis
2910 3261 3203 3339 pollutum
3228 3270 3420 3341 fuerit,
3474 3254 3587 3330 nisi
3608 3275 3784 3348 prius

2105 3346 2583 3406 reconciliatione
2615 3351 2941 3427 episcopali
2971 3357 3184 3415 iterum
3234 3377 3340 3433 per
3365 3378 3590 3436 aquam
3610 3346 3784 3420 _san-

2106 3432 2427 3493 ctiiicatum
2455 3438 2643 3509 fuerit,
2676 3443 3019 3502 nullatenus
3040 3448 3120 3505 ibi
3152 3432 3356 3523 peragi
3387 3432 3586 3526 potest
3616 3472 3779 3529 opus

2108 3522 2226 3581 Dei.
2267 3525 2500 3584 Dicente
2527 3530 2686 3587 enim
2717 3535 2999 3606 Apostolo
3033 3554 3046 3592 :
3096 3561 3125 3588 ‹‹
3157 3522 3305 3606 Quae
3355 3522 3610 3601 societas
3652 3522 3780 3602 luci

2106 3612 2185 3668 ad
2241 3617 2539 3688 tenebras,
2597 3622 2702 3694 qui
2750 3630 2952 3683 autem
3007 3644 3339 3687 consensus
3390 3633 3616 3708 templo
3668 3637 3777 3692 Dei

2103 3717 2243 3759 cum
2273 3704 2493 3764 idolis?
2524 3733 2550 3759 ››
2578 3713 2705 3768 Non
2735 3713 3007 3773 dissimili
3031 3720 3258 3776 ratione
3304 3704 3584 3797 quisquis
3631 3728 3777 3797 post

2101 3789 2474 3865 baptismum
2506 3799 2840 3867 graviorem
2868 3804 3179 3864 admiserit
3217 3823 3460 3877 noxam,
3505 3812 3634 3884 jam
3684 3813 3779 3869 in-

2102 3877 2321 3949 dignus
2374 3885 2495 3939 Deo
2548 3891 2654 3956 est,
2702 3889 2845 3961 quia
2884 3893 3198 3968 principali
3250 3877 3535 3956 facimore
3565 3906 3776 3958 conta-

2100 3966 2363 4027 minatus
2413 3978 2502 4030 est
2551 3975 2743 4033 donec
2800 3979 3013 4038 iterum
3062 3966 3361 4058 baptismo
3400 3989 3771 4061 poenitentiae

2098 4054 2349 4132 lavetur,
2383 4066 2441 4118 et
2463 4058 2619 4120 lotus
2674 4072 2891 4124 sancta:
2945 4054 3354 4131 communioni
3404 4079 3770 4136 sacerdotali

2095 4149 2507 4208 reconcilietur
2535 4156 2901 4215 auctoritate.
2940 4162 3159 4219 Omnes
3188 4179 3329 4234 ergo
3358 4166 3464 4239 qui
3500 4168 3563 4224 in
3610 4168 3770 4244 bap-

2098 4235 2350 4295 tismatis
2381 4241 2541 4299 fonte
2586 4248 2985 4318 spopondere,
3032 4256 3320 4326 tanquam
3371 4235 3773 4317 immaculata

2099 4324 2318 4384 domus
2349 4330 2449 4386 Dei
2479 4332 2776 4391 ﬁnetenus
2806 4324 3176 4411 custodiant,
3178 4348 3243 4398 ut
3266 4343 3494 4415 integer
3519 4347 3769 4420 spiritus

2095 4429 2304 4472 eorum
2337 4422 2394 4475 et
2422 4436 2642 4494 corpus
2697 4422 2760 4479 in
2807 4425 3131 4485 adventum
3191 4432 3422 4489 Domini
3468 4441 3766 4494 servetur.

2092 4505 2310 4563 Verum
2336 4507 2384 4563 si
2407 4524 2590 4581 quem
2620 4516 2755 4584 post
2778 4512 3003 4573 lavacri
3031 4526 3481 4578 sacramentum
3515 4526 3766 4594 gravius

2093 4597 2385 4654 corruisse
2416 4602 2742 4674 contigerit,
2794 4608 3141 4677 pmnitendo
3190 4610 3371 4682 digne
3419 4618 3657 4685 satagat
3701 4623 3767 4673 et

2091 4685 2431 4744 conﬁtendo
2481 4691 2660 4748 matri
2706 4693 2974 4751 Ecclesiae
3012 4714 3121 4771 per
3167 4702 3549 4759 sacerdotum
3614 4720 3763 4764 exa-

2089 4788 2231 4830 men
2261 4777 2652 4848 reconciliari,
2682 4796 2757 4837 ne
2787 4782 3077 4858 videlicet,
3120 4788 3284 4861 quod
3315 4790 3492 4859 absit,
3524 4792 3761 4850 diaboli

2090 4864 2381 4937 templum
2397 4866 2853 4940 videatur,neve
2871 4890 3010 4931 cum
3038 4878 3271 4934 Satana:
3296 4895 3483 4949 regno
3504 4881 3763 4942 damne-

2088 4955 2204 5020 tur,
2236 4953 2340 5009 sed
2361 4955 2560 5028 potius
2586 4960 2877 5032 templum
2905 4964 3005 5019 Dei
3027 4981 3284 5024 manens
3303 4969 3363 5025 in
3385 4985 3572 5040 regno
3594 4972 3765 5030 Chri-

2088 5038 2160 5094 sti
2207 5044 2265 5097 et
2292 5042 2395 5098 Dei
2431 5043 2838 5104 haereditatem
2880 5053 3205 5124 possideat.
3261 5057 3413 5113 illud
3462 5038 3761 5118 omnibus

2087 5124 2269 5184 etiam
2290 5129 2604 5201 diligenter
2623 5134 3231 5200 animadvertendum
3251 5161 3438 5217 quam
3454 5149 3765 5221 pondero-

2085 5230 2224 5272 sum
2272 5221 2329 5274 et
2373 5218 2640 5279 immane
2688 5231 2898 5294 arguet
2937 5229 3181 5287 exitium
3220 5233 3313 5289 his
3359 5218 3642 5308 qui‘juste
3669 5238 3763 5295 ab

2083 5304 2386 5378 episcopis
2416 5313 2918 5371 excommunicati
2940 5324 3096 5375 sunt.
3134 5323 3298 5379 Certe
3341 5304 3763 5398 dum'aliquo-

2082 5390 2189 5448 ties
2219 5393 2299 5449 ob
2329 5399 2741 5469 quorumdam
2769 5418 2981 5473 graves
3012 5407 3277 5466 offensas
3320 5428 3442 5468 suae
3472 5412 3759 5472 dimcesis

2081 5479 2348 5555 episcopi
2365 5489 2893 5549 excommunicant
2912 5495 3217 5567 ecclesias,
3249 5515 3374 5555 non
3395 5499 3455 5555 in
3476 5500 3560 5557 eis
3592 5502 3761 5561 ultra

2079 5566 2353 5631 divinum
2377 5575 2585 5646 peragi
2613 5576 2841 5635 licitum
2866 5589 2956 5641 est
2980 5602 3134 5659 opus
3168 5587 3359 5645 donec
3383 5588 3597 5646 iterum
3627 5608 3757 5648 ser-

2080 5657 2281 5723 monis
2301 5659 2468 5737 clave
2489 5677 2591 5738 eas
2604 5663 2718 5753 ipsi
2738 5657 3055 5748 pontiﬁces
3075 5676 3364 5749 aperiant.
3390 5681 3614 5751 Nempe
3635 5679 3758 5738 lin-
