4054 6188
256 183 335 236 t2t
775 188 780 192 ‘
1476 171 1750 230 SERMON
1762 170 1841 227 ES
1892 170 2067 227 ΤΒΕὸ
2117 172 2325 229 DUBII.

3522 185 3625 238 122

238 321 347 375 guae
377 301 778 375 episcoporum
832 297 1026 354 claves
1067 303 1205 355 sunt
1258 297 1567 365 caelorum,
1618 295 1851 352 dicente
1883 298 1930 350 A
1960 293 2140 351 culati
2168 297 2273 369 qui
2310 297 2545 354 occisus
2573 304 2662 356 est
2712 300 2791 357 ab
2836 300 3062 372 origine
3120 301 3333 359 mundi
3393 308 3624 378 septem

237 390 487 467 apostolis
518 388 783 455 Domino,
813 404 1075 461 quorum
1097 388 1287 444 vicem
1309 387 1371 443 in
1402 386 1663 443 Ecclesia
1692 400 1853 440 nunc

237 480 465 557 episcopi
492 481 684 536 tenent
717 495 730 533 :
762 501 790 528 ‹‹
823 481 1015 535 Amen
1040 477 1176 534 dico
1208 477 1396 548 vobis,
1450 476 1665 548 inquit,
1696 491 1854 548 quaa-

235 587 437 645 cunque
467 567 840 640 alligaveritis
872 583 1051 642 super
1105 572 1327 624 terram
1364 570 1539 622 erunt
1587 565 1770 636 ligata
1798 568 1856 621 et

234 662 282 718 in
306 658 460 727 ccelo,
517 662 573 714 et
612 672 991 731 quaecunque
1043 655 1337 713 solveritis
1394 670 1579 729 super
1634 658 1853 710 terram

234 753 376 808 erunt
396 749 572 818 ligata
600 752 655 804 et
692 747 753 803 in
782 746 954 803 coelo.
980 769 1009 796 »
1064 748 1107 803 Ο
1137 749 1435 819 quantum
1461 744 1756 815 judicium
1784 742 1854 799 il-

233 841 289 896 lis
305 837 561 895 imminet
582 836 687 909 qui
716 836 1139 909 episcoporum
1170 832 1853 891 excommunicationem

233 929 521 984 observare
549 928 845 992 recusant,
887 940 1150 997 quorum
1202 928 1368 980 tanta
1419 922 1739 979 auctoritas
1768 925 1858 977 est

233 1022 283 1072 ut
305 1016 400 1088 qui
425 1030 526 1071 eos
547 1013 928 1070 honoraverit
966 1012 1264 1070 Christum
1287 1012 1563 1079 honoret,
1613 1009 1718 1084 qui
1748 1026 1852 1066 eos

232 1102 629 1161 contristaverit
661 1102 957 1159 Christum
978 1100 1300 1158 contristet.
1320 1102 1387 1156 Et
1409 1099 1573 1173 quod
1599 1097 1856 1156 auctori-

232 1198 380 1249 tatem
407 1190 636 1247 concilii
685 1191 917 1264 possint
970 1189 1093 1246 duo
1147 1188 1534 1246 solummodo
1588 1188 1855 1261 episcopi

231 1282 452 1355 perlecta
479 1279 809 1352 adimplere
836 1280 1070 1348 virtute,
1102 1279 1388 1351 quodque
1419 1278 1496 1334 ad
1522 1276 1851 1348 regendum

227 1372 423 1443 inpace
470 1374 527 1425 et
567 1368 798 1441 justitia
846 1368 1144 1441 populum
1206 1368 1324 1424 sibi
1370 1368 1763 1424 commissum
1793 1366 1855 1422 in

229 1458 456 1514 conciliis
481 1458 596 1514 sibi
620 1458 878 1513 invicem
899 1456 1253 1513 altrinsecus
1277 1456 1569 1513 auxilium
1597 1456 1858 1513 debeant

229 1549 369 1616 ferre,
399 1548 716 1604 conﬁrmat
746 1546 1031 1603 Dominus
1084 1546 1289 1603 dicens
1326 1564 1339 1601 :
1402 1570 1431 1596 «
1480 1547 1620 1603 Dico
1658 1546 1851 1614 vobis,

1961 400 2189 442 cornua
2215 391 2272 442 et
2302 392 2532 461 septem
2562 389 2719 445 oculi
2742 394 2899 460 sunt,
2959 392 3063 464 qui
3095 396 3233 448 sunt
3257 397 3486 466 septem
3514 393 3624 450 do-

1958 489 2041 531 na
2064 475 2314 547 Spiritus
2345 478 2553 534 sancti.
2588 478 2729 545 Quis
2759 496 2901 536 vero
2930 480 3201 552 ambigat
3221 482 3337 539 hoc
3396 488 3623 557 septem

1959 563 2383 638 episcoporum
2408 566 2738 639 perfectum
2770 585 2900 625 esse
2925 570 3264 640 concilium,
3298 589 3437 629 cum
3467 573 3621 630 duo-

1956 669 2094 710 rum
2141 654 2238 711 vel
2294 656 2474 713 trium
2526 658 2816 715 Dominus
2868 661 3465 720 conﬁrmatissimum
3494 681 3623 721 esse
3646 674 3659 689 ’

1958 745 2202 799 testatur
2230 744 2257 798 ‘2
2298 766 2325 793 «
2355 744 2484 816 Ubi,
2543 746 2757 820 inquit,
2805 748 2928 805 duo
2972 749 3067 805 vel
3118 753 3233 806 tres
3281 753 3624 824 congregati

1959 830 2177 887 fuerint
2203 831 2265 887 in
2292 833 2536 890 nomine
2560 851 2722 906 meo,
2770 836 2833 892 in
2889 836 3091 893 medio
3140 853 3351 895 eorum
3411 857 3565 896 sum.
3594 864 3623 891 »

1959 919 2167 977 Videat
2204 936 2346 992 ergo
2375 927 2671 995 quantum
2714 924 2931 982 animae
2990 940 3113 983 suae
3168 927 3400 997 ingerat
3447 929 3623 986 detri-

1960 1013 2233 1065 mentum
2262 1010 2367 1083 qui
2416 1011 2556 1067 huic
2611 1018 2821 1070 sancto
2877 1014 3129 1071 concilio
3186 1015 3261 1072 de
3287 1016 3521 1087 justitia
3570 1022 3626 1074 et

1960 1116 2110 1173 pace
2140 1100 2560 1159 conﬁrmanda
2598 1108 2655 1160 et
2683 1103 3065 1162 observanda
3094 1105 3450 1164 inobediens
3476 1108 3627 1164 exis-

1960 1194 2082 1244 tere
2112 1188 2429 1261 qumsierit.
2484 1190 2636 1246 Talis
2692 1192 2952 1265 denique
3004 1209 3250 1266 prorsus
3281 1211 3317 1251 a
3346 1196 3627 1267 praesenti

1962 1272 2215 1329 concilio
2246 1277 2855 1335 excommunicationi
2894 1282 3177 1348 tradetur,
3234 1286 3290 1338 et
3319 1283 3531 1339 merito
3562 1287 3627 1339 ut

1960 1361 2065 1435 qui
2092 1363 2191 1418 Dei
2223 1363 2373 1434 jugo
2404 1365 2618 1421 nolunt
2647 1366 2845 1438 subdi,
2892 1368 3058 1441 quod
3090 1373 3182 1424 est
3213 1386 3419 1438 suave,
3455 1372 3625 1427 Sata-

1962 1468 2057 1507 nae
2079 1451 2247 1507 durae
2314 1455 2591 1526 potestati
2615 1456 2945 1514 tradantur.
2984 1457 3161 1514 Plane
3181 1458 3329 1514 sicut
3352 1459 3624 1515 Ecclesiae

1961 1556 1997 1595 a
2035 1539 2291 1614 prOpriis
2348 1542 2647 1615 episcopis
2696 1546 3234 1601 excommunicataa
3273 1546 3510 1602 interim
3530 1563 3627 1602 us-

228 1637 345 1709 quia
372 1636 415 1691 si
440 1637 561 1691 duo
590 1652 663 1691 cx
689 1635 861 1693 vobis
891 1635 1271 1691 consentiunt
1296 1652 1476 1709 super
1504 1640 1745 1703 terram,
1779 1635 1854 1691 de
1888 1650 1927 1701 η
1960 1645 2079 1702 que
2101 1628 2181 1684 ad
2211 1628 2653 1688 absolutionem
2680 1632 2877 1689 ofﬁcio
2898 1633 3176 1689 videmus
3207 1634 3430 1707 privari
3480 1634 3627 1691 divi-

227 1727 362 1782 omni
389 1743 449 1782 re
476 1741 856 1798 quaecunque
884 1725 1177 1798 petierint,
1196 1726 1299 1781 ﬁet
1320 1725 1433 1781 illis
1463 1742 1500 1782 a
1521 1728 1688 1781 Patre
1717 1742 1854 1782 meo

228 1814 310 1886 qui
332 1814 389 1869 in
423 1813 586 1869 ccelis
611 1818 719 1882 est;
752 1813 856 1869 ubi
886 1813 1048 1869 enim
1099 1817 1245 1869 sunt
1273 1812 1396 1869 duo
1454 1812 1543 1869 vel
1570 1818 1685 1869 tres
1713 1828 1855 1869 con-

228 1902 419 1972 gregati
441 1901 503 1957 in
531 1901 779 1957 nomine
801 1916 960 1970 meo,
988 1900 1222 1956 ibisum
1250 1900 1313 1956 in
1340 1901 1538 1957 medio
1569 1916 1797 1957 eorum.
1824 1923 1853 1951 »

228 1991 442 2047 Proinde
466 1990 948 2064 quotiescunque
995 1990 1158 2046 solus
1189 1991 1531 2064 episcopus,
1561 2006 1854 2047 convoca-

230 2079 286 2135 tis
311 2096 420 2135 suae
444 2079 721 2136 diaecesis
744 2079 1130 2152 primoribus,
1184 2078 1348 2149 leges
1374 2079 1602 2152 populo
1627 2079 1702 2135 de
1727 2080 1856 2151 jus-

229 2169 328 2225 titia
354 2176 406 2225 et
449 2185 603 2242 pace
636 2169 908 2237 instituit,
947 2168 1092 2242 quia
1139 2168 1268 2223 vice
1318 2168 1531 2225 Christi
1559 2168 1855 2239 legatione

226 2257 476 2329 fungitur,
496 2264 564 2314 ut
594 2258 700 2332 qui
722 2275 863 2314 eum
891 2258 1144 2315 audierit
1175 2257 1472 2315 Christum
1502 2259 1727 2329 audiat,
1749 2257 1856 2331 qui

225 2364 339 2404 eum
367 2348 650 2421 spreverit
679 2348 978 2406 Christum
1004 2347 1232 2417 audiat,
1266 2347 1371 2420 qui
1391 2363 1531 2403 eum
1571 2349 1858 2420 spreverit

228 2436 487 2496 Christum
509 2441 775 2511 spernat,
804 2453 984 2493 nemo
1006 2437 1136 2508 ejus
1156 2438 1328 2507 jussa
1357 2436 1587 2508 absque
1637 2436 1854 2493 animus

228 2540 327 2579 suae
352 2524 569 2595 ingenti
593 2525 863 2598 periculo
893 2524 1236 2581 contemnit.
1272 2524 1512 2591 Quoties
1542 2540 1679 2580 vero
1708 2540 1856 2597 prte-

227 2612 315 2678 sul,
344 2614 657 2685 praesulem
687 2613 801 2668 sibi
829 2613 1218 2684 adjudicandi
1243 2629 1444 2686 opem,
1496 2617 1560 2669 ut
1574 2613 1705 2684 jam
1738 2612 1856 2669 sint

226 2701 342 2769 duo,
363 2703 694 2774 adsciverit,
716 2704 846 2773 jam
871 2702 992 2758 duo
1018 2702 1285 2775 episcopi
1312 2718 1501 2758 unum
1531 2701 1849 2774 sapientes,

231 2806 383 2846 unum
408 2792 676 2866 idipsum
703 2792 1044 2862 sentientes,
1075 2792 1137 2848 in
1167 2792 1411 2847 nomine
1443 2791 1679 2848 Domini
1709 2807 1852 2848 con-

227 2880 437 2949 gregati,
463 2880 790 2937 Dominum
819 2880 879 2936 in
910 2880 1110 2936 medio
1137 2879 1230 2935 sui
1259 2879 1482 2937 habere
1530 2879 1853 2936 creduntur

227 2968 373 3039 quasi
422 2969 672 3025 tertium
710 2969 997 3039 judicem,
1039 2985 1372 3043 eorumque
1426 2967 1852 3025 sententiarum
1888 3008 1928 3063 Ο

227 3058 702 3127 conﬁrmatorem;
724 3075 987 3132 quorum
1003 3058 1267 3115 duorum
1302 3057 1407 3131 qui
1438 3059 1853 3114 auctoritatem

228 3148 533 3217 contemnit,
560 3148 767 3220 ipsum
792 3147 897 3220 qui
919 3149 980 3202 in
1028 3146 1232 3203 medio
1281 3162 1494 3204 eorum
1547 3161 1611 3201 se
1644 3146 1857 3202 asserit

226 3233 469 3293 interesse
494 3237 844 3294 contemnit.
878 3239 1094 3292 Verum
1149 3235 1197 3291 si
1262 3235 1509 3309 quando
1548 3234 1856 3308 episcopo-

228 3337 337 3378 rum
360 3325 577 3382 trinitas
609 3324 876 3397 astiterit,
903 3328 961 3380 et
989 3323 1101 3379 sibi
1125 3323 1200 3379 de
1230 3322 1694 3396 quibuscumque
1718 3338 1858 3380 con-

230 3420 495 3471 senserent
512 3415 721 3485 rebus,
752 3419 870 3470 tres
895 3418 1181 3488 quartum
1209 3429 1414 3469 secum
1442 3413 1763 3469 Dominum
1792 3412 1856 3469 in

230 3502 395 3558 medio
420 3505 736 3573 habentes,
764 3503 1049 3560 eumdem
1105 3502 1494 3558 nihilominus
1528 3518 1564 3558 a
1603 3502 1856 3558 Domino

230 3592 490 3664 accipiunt
543 3593 917 3651 auctoritatis
993 3592 1392 3665 privilegium,
1463 3596 1529 3648 ut
1582 3591 1857 3665 quisquis

231 3694 404 3737 eorum
431 3682 729 3739 contraire
758 3682 1059 3755 quaesierit
1101 3681 1297 3751 dictis,
1326 3697 1464 3737 reus
1517 3681 1728 3738 existat
1757 3698 1857 3736 su-

231 3783 396 3839 pernae
418 3771 798 3844 majestatis;
849 3770 1106 3843 ideoque
1162 3770 1570 3827 indubitanter
1619 3770 1853 3844 peribit.

234 3857 380 3925 Igitur
407 3861 451 3916 si
478 3863 746 3918 duorum
775 3861 867 3917 vel
898 3860 1075 3916 trium
1100 3859 1526 3933 episcoporum
1548 3864 1725 3916 tantce
1751 3859 1859 3914 vir-

234 3947 348 4002 tutis
365 3955 412 4005 et
437 3950 806 4007 auctoritatis
835 3955 942 4018 est,
1002 3949 1254 4005 Domino
1285 3954 1556 4016 testante,
1591 3953 1657 4005 ut
1692 3966 1857 4022 quaa-

237 4051 431 4109 cunque
454 4040 790 4113 petierinta
825 4055 1066 4095 summo
1121 4038 1336 4112 opiﬁce
1366 4040 1470 4095 liat
1492 4038 1625 4106 illis,
1667 4055 1859 4112 quan-

235 4126 293 4178 tae
311 4129 508 4198 putatis
538 4145 677 4185 esse
702 4128 999 4185 ﬁrmitatis
1028 4132 1391 4184 conventum
1417 4127 1521 4183 ubi
1575 4127 1776 4200 plures
1798 4127 1858 4182 in

232 4215 438 4273 nomine
486 4218 702 4276 Christi
760 4234 923 4274 nunc
971 4217 1320 4288 congregati
1368 4221 1508 4272 sunt
1546 4217 1860 4290 episcopi?

234 4302 352 4359 Ecce
373 4307 523 4363 enim
544 4307 912 4363 hodiernum
958 4321 1224 4380 praesens
1278 4304 1599 4361 concilium
1625 4305 1859 4379 episco-

231 4404 418 4460 porum
446 4397 506 4452 in
544 4398 664 4453 hac
694 4402 902 4453 sancta
940 4396 1080 4452 sede
1136 4394 1541 4451 Lemovicensi
1605 4410 1860 4451 numero

235 4483 575 4541 concluditur
605 4486 955 4559 septiformi,
979 4502 1048 4541 ac
1074 4484 1323 4557 perinde
1351 4487 1609 4554 sacrato,
1638 4488 1703 4540 ut
1735 4500 1859 4539 non

234 4567 454 4630 dubium
480 4576 554 4631 sit
582 4592 719 4631 esse
752 4574 1072 4630 Dominum
1098 4574 1159 4630 in
1186 4574 1387 4630 medio
1420 4590 1651 4630 eorum.

294 4661 343 4716 Si
367 4664 610 4735 quidem
631 4665 707 4720 de
734 4663 1012 4738 praesenti
1068 4663 1322 4719 concilio
1367 4668 1597 4736 septem
1626 4662 1859 4735 episco-

234 4762 419 4819 porum
448 4769 572 4810 non
584 4757 914 4823 incongrue
939 4752 1135 4808 dicere
1181 4752 1472 4823 valemus,
1530 4752 1674 4825 quia
1700 4766 1861 4807 nunc

236 4835 638 4899 deambulabat
667 4842 952 4899 Dominus
1000 4842 1062 4897 in
1090 4842 1291 4897 medio
1322 4846 1550 4914 septem
1580 4840 1861 4897 candela-

236 4924 450 4985 brorum
478 4946 823 5001 aureorum,
866 4934 1021 4986 tenet
1068 4946 1310 5002 quoque
1362 4929 1426 4984 in
1479 4929 1723 4986 dextera
1754 4945 1864 4985 sua

236 5021 433 5088 septem
457 5019 678 5089 stellas,
717 5019 1005 5092 quoniam
1031 5023 1258 5091 septem
1288 5016 1469 5073 stellae
1499 5015 1717 5086 angeli,
1748 5016 1865 5069 hoc

234 5111 307 5159 est
328 5113 682 5176 sacerdotes,
714 5114 854 5164 sunt
879 5113 1109 5182 septem
1154 5105 1573 5173 Ecclesiarum,
1620 5108 1678 5161 et
1733 5119 1867 5159 can.

234 5189 453 5251 delabra
480 5200 732 5269 septem,
787 5201 1018 5271 septem
1068 5194 1340 5253 Ecclesiae
1388 5198 1547 5263 sunt,
1592 5191 1868 5250 videlicet

234 5278 341 5338 haec
366 5289 572 5342 sancta
594 5285 763 5342 sedes
793 5286 1230 5343 Lemovicensis
1254 5289 1434 5358 atque
1460 5281 1864 5354 Bituricensis,

236 5368 504 5429 Albiensis
528 5375 709 5431 etiam
736 5391 975 5432 necnon
1023 5380 1080 5432 et
1129 5373 1538 5441 Cadurccnsis,
1595 5370 1865 5441 Engolis-

236 5462 433 5516 mensis
458 5479 702 5536 quoque
719 5468 775 5519 et
817 5462 1330 5534 Petragoricensis,
1360 5460 1659 5535 simulque
1688 5460 1869 5516 Picta-

238 5548 434 5604 vensis.
466 5551 691 5607 Eodem
718 5551 1047 5624 septiformi
1084 5566 1338 5607 numero
1364 5550 1500 5607 libri
1531 5548 1747 5620 signati
1774 5548 1865 5605 in-

238 5638 316 5689 tus
341 5642 395 5694 et
416 5639 559 5696 foris
590 5645 814 5713 septem
843 5640 1154 5712 signacula
1191 5643 1349 5710 sunt,
1382 5644 1439 5696 et
1485 5638 1626 5711 agni
1648 5638 1865 5695 imma-

1962 1732 2062 1789 no,
2094 1716 2177 1773 ita
2226 1718 2574 1792 quicunque
2628 1720 2705 1777 ab
2758 1722 3043 1795 episcopo
3075 1738 3186 1778 suo
3216 1724 3624 1780 excommuni-

1962 1811 2147 1875 catur,
2177 1806 2382 1865 divina
2408 1809 2678 1883 privatur
2708 1811 2897 1881 gratia
2929 1828 3122 1885 usque
3172 1812 3247 1869 ad
3288 1814 3629 1870 reconcilia-

1960 1896 2186 1953 tionem
2242 1914 2349 1970 per
2406 1899 2772 1970 condignam
2840 1901 3325 1959 satisfactionem.
3381 1903 3622 1959 Talibus

1961 2001 2086 2043 non
2116 1989 2204 2042 est
2228 1986 2454 2043 licitum
2485 1988 2811 2045 Ecclesiam
2832 1990 3086 2060 ingredi.
3118 2007 3229 2046 nec
3263 2007 3403 2047 cum
3432 1991 3625 2049 fratri-

1961 2074 2078 2131 bus
2108 2075 2452 2149 participari
2481 2093 2677 2150 neque
2704 2078 2764 2134 in
2790 2079 3087 2148 convivio,
3119 2095 3315 2153 neque
3353 2080 3415 2137 in
3446 2081 3627 2139 collo-

1962 2165 2126 2237 quio.
2162 2168 2311 2222 Nam
2337 2165 2445 2221 etsi
2468 2166 2886 2223 irreconciliati
2916 2167 2995 2224 ab
3024 2167 3138 2225 hac
3167 2169 3289 2225 vita
3313 2170 3627 2239 egredian-

1963 2256 2076 2321 tur,
2107 2253 2191 2309 sic
2213 2254 2431 2310 animae
2461 2271 2672 2312 eorum
2704 2273 2739 2312 a
2771 2256 3050 2313 societate
3082 2258 3424 2315 animarum
3458 2275 3629 2316 sanc-

1961 2347 2160 2399 tarum
2191 2348 2484 2400 extraneae
2508 2345 2681 2401 facta:
2720 2346 2781 2402 in
2804 2351 3095 2418 potestate
3126 2348 3330 2404 tartari
3362 2354 3519 2418 sunt,
3553 2350 3626 2405 si-

1962 2436 2062 2488 cut
2088 2432 2185 2487 hic
2224 2448 2479 2505 corpora
2535 2450 2743 2489 eorum
2794 2450 2830 2489 a
2878 2435 3175 2507 corporali
3228 2440 3459 2493 remota
3489 2441 3631 2494 sunt

1962 2514 2239 2572 Ecclesia.
2274 2519 2489 2572 Verum
2539 2518 2829 2590 quoniam
2888 2518 3163 2575 nonnulli
3207 2519 3291 2577 ita
3343 2525 3625 2578 contene-

1959 2604 2115 2661 brati
2140 2609 2371 2667 tumore
2393 2605 2689 2678 superbire
2717 2606 2997 2662 videntur
3034 2611 3099 2663 ut
3122 2607 3229 2663 ubi
3238 2608 3370 2679 jam
3395 2611 3628 2682 episco-

1961 2693 2080 2767 pali
2104 2694 2332 2765 judicio
2353 2694 2573 2751 fuerint
2613 2695 3142 2767 excommunicati,
3198 2700 3398 2753 tamen
3453 2699 3628 2770 quasi

1958 2783 2203 2839 licenter
2231 2798 2342 2855 pro
2372 2787 2725 2857 contemptu
2773 2784 3409 2842 excommunicationis
3438 2787 3630 2843 Eccle-

1962 2872 2080 2928 sias
2136 2871 2384 2941 intrent;
2418 2876 2475 2928 et
2499 2872 2710 2929 aliisin
2742 2873 3037 2944 convivio,
3056 2873 3186 2930 aliis
3207 2875 3268 2930 in
3304 2875 3626 2948 colloquio,

1962 2966 2175 3034 praeter
2234 2961 2504 3035 episcopi
2542 2962 2879 3033 jussionem
2941 2963 3294 3038 semetipsos
3347 2965 3626 3037 jungant,

1964 3050 2155 3107 sciant
2206 3067 2268 3106 se
2322 3050 2468 3106 tales
2520 3050 2833 3124 dupliciter
2878 3051 3134 3108 interimi
3187 3056 3247 3109 et
3292 3069 3404 3126 pro
3450 3053 3630 3127 culpa

1960 3139 2157 3214 priore
2187 3144 2245 3195 et
2270 3155 2380 3212 pro
2415 3140 2795 3196 contumacia
2817 3140 2911 3196 vel
2932 3140 3297 3212 negligentia
3319 3147 3624 3215 sequente.

1963 3229 2028 3285 Hi
2058 3228 2238 3285 etiam
2257 3227 2361 3300 qui
2390 3228 2925 3284 excommunicatis
2956 3228 3208 3285 scienter
3259 3230 3626 3303 participan-

1960 3321 2057 3373 tur
2087 3320 2300 3389 praster
2327 3330 2694 3372 consensum
2732 3316 3020 3389 episcopi,
3066 3316 3353 3373 nimirum
3400 3317 3629 3388 judicio

1963 3406 2131 3478 gravi
2154 3404 2321 3477 digni
2350 3408 2509 3461 sunt.
2534 3408 2654 3461 Rex
2704 3404 2798 3460 ille
2828 3405 3142 3479 quondam
3198 3404 3366 3479 apud
3412 3407 3630 3476 Anglo-

1960 3510 2098 3551 rum
2118 3497 2358 3565 gentem
2380 3493 2580 3564 justus
2608 3498 2755 3565 erat,
2788 3493 2893 3549 sed
2924 3494 3068 3567 quia
3115 3510 3255 3550 cum
3284 3510 3633 3552 excommu-

1961 3584 2161 3640 nicato
2191 3582 2407 3639 comite
2438 3598 2549 3639 suo
2573 3582 2953 3657 participavit
2996 3583 3180 3639 semel
3224 3582 3287 3638 in
3332 3584 3629 3655 convivio,

1962 3674 2250 3747 episcopo
2282 3672 2664 3745 praedicente,
2688 3673 2923 3744 justum
2980 3673 3081 3729 Dei
3106 3672 3403 3744 judicium
3425 3674 3488 3729 in
3517 3673 3632 3729 hac

1961 3764 2083 3819 vita
2113 3779 2333 3836 passus
2366 3767 2476 3832 est,
2507 3762 2653 3835 quia
2677 3762 2739 3818 in
2780 3761 2995 3817 eadem
3033 3762 3219 3818 domo
3254 3762 3468 3833 gladiis
3494 3778 3633 3818 con-

1962 3851 2159 3909 fossus
2181 3857 2290 3908 est.
2316 3851 2485 3909 Illam
2515 3856 2754 3922 gentem
2785 3851 3103 3921 Gregorius
3142 3866 3306 3924 papa
3361 3855 3631 3924 tempore

1962 3941 2221 4000 Mauricii
2251 3946 2308 3998 et
2327 3941 2537 3997 Phocze
2578 3956 2684 4013 per
2740 3939 3068 4012 discipulos
3124 3955 3266 3995 suos
3323 3938 3404 3995 ad
3445 3938 3630 3994 ﬁdem

1965 4030 2277 4099 convertit,
2301 4036 2359 4086 et
2386 4030 2465 4085 ab
2488 4029 2621 4102 ipsa
2651 4033 2824 4098 gente
2854 4027 3066 4083 merito
3083 4027 3391 4101 apostolus
3416 4027 3633 4084 dicitur

1967 4121 2113 4193 quia
2142 4135 2277 4176 eam
2306 4135 2414 4192 per
2439 4117 2826 4188 Evangelium
2856 4116 3089 4190 primus
3134 4117 3197 4173 in
3255 4117 3483 4175 Christo
3530 4133 3631 4188 ge-

1969 4213 2117 4264 nuit.
2152 4210 2388 4274 Quanto
2430 4206 2626 4277 magis
2687 4221 2830 4276 ergo
2887 4205 3163 4263 Martialis
3221 4221 3257 4261 a
3308 4205 3632 4263 Galliarum

1969 4296 2246 4369 gentibus
2299 4294 2611 4369 apostolus
2664 4310 2796 4350 esse
2841 4295 2976 4366 jure
3034 4295 3474 4367 pronuntiatur,
3504 4297 3628 4367 qui,

1970 4384 2224 4441 Domino
2254 4399 2360 4457 per
2386 4383 2633 4439 beatum
2661 4385 2895 4438 Petrum
2935 4381 3203 4453 jubente,
3236 4381 3468 4455 primus
3498 4382 3631 4438 Gal-

1968 4476 2114 4534 liam
2143 4474 2276 4531 luce
2321 4472 2462 4529 ﬁdei
2498 4472 2809 4529 illustravit
2869 4472 3242 4545 temporibus
3292 4471 3520 4529 Claudii
3576 4474 3634 4526 et

1969 4565 2235 4635 Neronis,
2253 4563 2358 4638 qui
2377 4580 2453 4620 ex
2477 4578 2691 4635 genere
2716 4562 2991 4631 Abrahae,
3024 4563 3213 4618 tribus
3265 4565 3466 4616 autem
3488 4562 3632 4614 Ben-

1962 4656 2177 4728 jamin,
2210 4652 2501 4709 oriundus
2532 4669 2689 4708 unus
2720 4668 2794 4708 ex
2838 4651 3218 4724 septuaginta
3242 4649 3482 4706 duobus
3507 4647 3629 4703 dis-

1970 4743 2181 4819 cipulis
2210 4741 2449 4799 Domini
2475 4741 2603 4810 fuit,
2635 4747 2692 4798 et
2716 4740 3026 4814 apostolus
3048 4738 3472 4813 pronuntiatur
3500 4752 3631 4792 esse

1970 4834 2183 4891 eodem
2210 4830 2394 4887 modo
2420 4847 2543 4903 quo
2572 4834 2629 4887 et
2679 4828 2895 4885 Paulus
2949 4832 3008 4885 et
3062 4826 3392 4893 Barnabas,
3425 4824 3532 4897 qui
3556 4823 3631 4881 de

1972 4919 2294 4976 duodecim
2322 4934 2446 4975 non
2475 4919 2733 4975 fuerunt.
2793 4917 2970 4991 Apud
3019 4917 3215 4989 ipsam
3244 4929 3487 4985 quoque
3519 4918 3633 4970 An-

1975 5009 2210 5079 glorum
2241 5012 2479 5079 gentem
2500 5006 2596 5064 cui
2635 5005 2948 5076 Gregorius
2997 5003 3395 5059 institutiones
3445 5002 3631 5058 eccle-

1976 5098 2242 5155 siasticas
2272 5097 2502 5171 primus
2522 5094 2835 5169 plantavit,
2866 5092 3145 5166 probavit
3162 5091 3483 5149 Martialem
3504 5108 3633 5147 esse

1976 5188 2055 5246 ab
2084 5187 2432 5260 antiquitate
2472 5184 2762 5258 scriptum
2791 5182 2853 5238 in
2877 5197 3132 5238 numero
3171 5180 3427 5238 aliorum
3450 5197 3632 5254 apos-

1975 5278 2253 5335 tolorum.
2286 5280 2435 5332 Nam
2460 5280 2517 5330 et
2544 5288 2736 5346 nuper
2776 5271 2932 5327 illius
2962 5271 3154 5342 gentis
3208 5287 3314 5327 rex
3362 5267 3632 5325 codicem

1972 5366 2176 5423 litteris
2202 5363 2397 5419 aureis
2439 5361 2727 5434 scriptum
2749 5358 3082 5432 Aquitania:
3136 5358 3273 5415 duci
3331 5373 3471 5413 cum
3501 5354 3632 5412 aliis

1974 5451 2326 5512 muneribus
2351 5451 2564 5507 dixerit
2590 5450 2693 5523 qui
2721 5448 2782 5505 in
2811 5448 2958 5504 serie
2987 5448 3146 5505 beati
3199 5446 3347 5504 Petri
3401 5449 3457 5500 et
3486 5444 3632 5501 alio-

1977 5560 2114 5600 rum
2160 5540 2570 5614 apostolorum
2628 5536 2950 5596 Martialem
3009 5536 3273 5594 continet
3321 5532 3627 5604 scriptum.

1976 5636 2096 5689 Hoc
2125 5631 2285 5687 idem
2317 5630 2379 5686 in
2400 5628 2528 5686 aliis
2548 5628 2703 5686 illius
2728 5626 2920 5699 gentis
2943 5623 3357 5683 vetustissimis
3383 5618 3633 5680 volumi-
