4054 6188
374 197 474 248 123
1205 277 1222 294 Ι
1406 194 1588 251 BERN
1597 193 1834 251 ARDUS
1883 187 2154 249 SCHOLA
2165 190 2401 248 STICUS
2467 193 2822 249 ANDEGAV.
3700 199 3800 253 124

368 315 547 372 nibus
571 316 719 391 ipsis
749 317 935 374 oculis
963 319 1178 374 nostris
1202 319 1611 391 probavimus.
1643 321 1886 377 Constat
1913 316 2023 372 ita-
2057 317 2106 370 A
2146 314 2518 370 comminari.
2555 316 2777 372 Idcirco
2803 333 2946 373 mox
2987 321 3152 374 terra
3182 321 3382 373 motus
3417 317 3608 374 factus
3637 319 3800 376 estin

368 421 486 478 que
513 421 635 462 non
667 407 861 462 solum
894 408 1110 464 nostris
1144 409 1536 482 temporibus,
1582 425 1793 466 verum
1848 407 2027 462 etiam

369 499 425 552 et
455 495 738 570 antiquis,
771 497 1045 554 Martialis
1087 499 1491 571 apostolatum
1544 499 1847 567 claruisse,
1882 501 1938 552 et
1966 494 2031 550 ﬁ-

368 585 575 641 denter
593 601 706 642 nos
727 586 992 659 proﬁteri
1041 588 1208 661 quod
1262 588 1515 646 ﬁdenter
1565 589 1913 659 Gregorium
1965 587 2028 641 in

367 673 487 728 suis
540 674 813 746 posuisse
885 675 1354 733 institutionibus
1411 683 1639 734 certum
1737 683 2023 733 tenemus.

368 766 547 818 Porro
573 768 775 820 autem
806 765 907 837 qui
935 765 1012 822 ab
1061 767 1359 840 episcopis
1405 767 2026 834 excommunicantur,

368 853 484 908 hoc
511 857 616 919 est,
659 852 937 923 ligantur,
990 859 1047 912 et
1091 856 1401 926 negligunt
1449 857 1570 912 sive
1615 858 2026 922 contemnunt,

369 941 604 1013 quoties
631 957 691 996 se
708 942 988 1012 indignos
1020 945 1290 1000 Ecclesiae
1321 946 1617 1017 ingerunt,
1651 945 1822 1002 toties
1841 961 1901 999 se
1940 943 2032 1016 ip-

347 1044 472 1084 -sos
500 1028 687 1099 ligant
714 1036 770 1086 et
795 1030 948 1087 iram
981 1033 1080 1088 Dei
1100 1037 1307 1089 contra
1339 1050 1402 1089 se
1422 1037 1774 1107 provocant,
1797 1033 2026 1088 dicente

372 1117 624 1174 Domino
651 1118 729 1174 ad
758 1122 997 1192 Moysen
1030 1140 1042 1176 :
1079 1144 1107 1170 ‹‹
1143 1122 1200 1179 Si
1241 1123 1377 1195 quis
1425 1127 1805 1180 externorum
1836 1137 2030 1178 acces-

372 1206 512 1262 serit
537 1206 614 1262 ad
647 1209 1055 1265 sanctuarium
1108 1211 1470 1268 moriatur.»
1520 1213 1689 1268 Modo
1743 1211 1903 1268 enim
1934 1227 2031 1266 ex-

371 1295 519 1350 terni
549 1296 819 1353 Ecclesiaz
851 1298 949 1353 Dei
972 1315 1102 1355 esse
1133 1301 1409 1356 videntur
1438 1303 1540 1375 qui
1568 1301 1751 1369 ligati,
1779 1301 1899 1355 sive
1930 1315 2029 1354 ex-

372 1385 795 1441 communicati
825 1393 879 1442 et
909 1390 1173 1445 extranei
1203 1405 1239 1446 a
1293 1391 1568 1446 societate
1597 1389 1863 1445 ﬁdelium
1891 1393 2029 1444 sunt

371 1473 559 1548 culpis
575 1475 832 1548 propriis
851 1478 1248 1548 exigentibus.
1277 1481 1480 1535 Omnis
1514 1483 1716 1535 autem
1746 1478 1848 1551 qui
1870 1479 2025 1549 juste

371 1580 432 1620 se
462 1565 684 1636 patitur
737 1568 1250 1624 excommunicari
1297 1585 1372 1624 ne
1414 1569 1654 1624 obediat
1708 1567 2024 1635 sacerdoti,

2137 405 2382 476 templo,
2406 411 2462 460 et
2491 422 2594 462 rex
2619 407 2787 479 lepra
2817 423 3142 479 percussus
3174 411 3262 462 est
3291 423 3481 480 usque
3529 407 3606 464 ad
3637 409 3799 465 diem

2136 494 2363 550 mortis.
2402 499 2726 568 Imperator
2754 497 3122 553 Theodosius
3145 497 3416 570 episcopi
3446 497 3536 552 sui
3562 513 3800 555 excom-

2136 584 2626 656 municationem,
2652 586 3012 658 utdebebat,
3032 587 3355 659 pertimuit.
3383 591 3445 642 ln
3493 587 3590 643 die
3637 589 3798 644 enim

2136 673 2356 729 Natalis
2384 675 2617 731 Domini
2647 691 2769 732 non
2801 680 2890 732 est
2938 693 3122 733 ausus
3174 676 3405 746 ingredi
3464 677 3797 746 ecclesiam,

2138 762 2242 817 sed
2267 762 2479 833 lugens
2538 764 2598 819 in
2648 781 2823 820 sacco
2877 770 2933 820 et
2991 766 3209 835 cinere,
3264 765 3322 820 in
3373 765 3648 821 cubiculo
3690 783 3800 822 suo

2135 852 2384 924 perstitit
2422 854 2622 926 quoad
2680 870 2788 926 pro
2845 860 3014 910 reatu
3066 855 3245 924 digne
3298 855 3663 910 satisfaciens
3719 856 3800 911 ab

2135 942 2419 1015 episcopo
2446 943 2945 1000 reconciliaretur.
2994 947 3123 1010 Qua
3153 945 3227 1000 de
3273 961 3356 1014 re,
3388 946 3531 1017 quia
3563 961 3801 1018 semper

2135 1030 2454 1089 obediebat
2495 1033 2676 1103 jussis
2726 1033 3168 1105 episcoporum,
3232 1049 3470 1105 semper
3528 1033 3588 1088 in
3633 1034 3800 1088 omni

2134 1120 2291 1176 bello
2321 1121 2612 1178 mirabilis
2645 1125 2798 1178 Deus
2826 1122 2908 1178 illi
2938 1123 3263 1179 concedere
3287 1122 3651 1192 dignabatur
3678 1123 3799 1178 vic-

2135 1209 2348 1266 toriam
2377 1211 2640 1282 plenam.
2696 1214 2872 1267 Porro
2932 1211 3011 1268 ad
3062 1229 3163 1268 eos
3213 1211 3319 1284 qui
3377 1211 3798 1285 episcoporum

2135 1299 2580 1372 parvipendunt
2633 1301 3283 1357 excommunicationes
3342 1300 3618 1373 exempla
3662 1317 3797 1374 pro-

2135 1388 2452 1459 phetarum
2492 1390 2872 1462 proferimus.
2906 1393 2983 1445 De
3018 1390 3236 1446 talibus
3295 1389 3579 1445 nimirum
3630 1388 3802 1460 justi-

2135 1477 2278 1533 tiam
2309 1480 2784 1550 pervertentibus
2851 1481 2932 1537 ait
2987 1481 3280 1553 propheta
3328 1497 3340 1534 :
3386 1503 3411 1527 ‹‹
3446 1483 3541 1534 Vae
3567 1479 3671 1552 qui
3701 1495 3798 1535 sa-

2134 1568 2362 1640 pientes
2388 1569 2524 1625 estis
2557 1570 2615 1624 in
2647 1570 2834 1625 oculis
2873 1571 3081 1626 vestris
3101 1575 3156 1626 et
3184 1585 3390 1626 coram
3409 1569 3796 1641 vobismetip-

371 1669 492 1709 non
523 1652 712 1709 ﬁdelis
738 1655 840 1709 sed
865 1655 1121 1711 infidelis
1141 1657 1463 1727 judicatur.
1519 1659 1644 1726 Qua
1674 1657 1875 1730 itaque
1927 1673 2022 1713 ra-
2054 1673 2098 1727 B
2136 1657 2214 1712 sis
2234 1658 2575 1730 prudentes,
2604 1660 2706 1733 qui
2732 1659 3069 1731 justiﬁcatis
3102 1660 3356 1732 impium
3378 1675 3486 1733 pro
3537 1659 3797 1714 muneri-

370 1743 528 1798 tione
558 1743 854 1815 mysteriis
873 1744 1091 1800 divinis
1116 1745 1400 1801 interesse
1458 1748 1767 1819 praesumit
1791 1763 2028 1802 excom-

371 1831 710 1894 municatis,
761 1848 899 1907 cum
939 1833 1022 1888 nil
1071 1834 1234 1889 aliud
1284 1835 1364 1890 illi
1407 1852 1594 1909 quam
1637 1836 1932 1907 judicium
1955 1836 2028 1891 sit

371 1919 534 1992 quod
560 1920 836 1975 ﬁdelibus
876 1923 1208 1979 remedium
1271 1928 1379 1981 est.
1438 1929 1584 1982 Nam
1611 1926 1760 1982 sicut
1785 1925 1888 1998 qui
1921 1929 2029 1981 Eu-

371 2007 712 2064 cliaristiam
772 2011 1099 2069 manducat
1139 2018 1195 2070 et
1235 2013 1404 2083 bibit,
1446 2015 1690 2086 indigne
1729 2014 2025 2086 judicium

372 2096 481 2151 sibi
512 2098 841 2155 manducat
869 2105 924 2156 et
943 2101 1114 2171 bibit,
1154 2119 1277 2159 non
1298 2104 1636 2176 dijudicans
1669 2121 1886 2178 corpus
1917 2109 2027 2161 Do—

371 2185 538 2254 mini,
579 2188 675 2244 vel
701 2187 851 2245 sicut
879 2191 983 2263 qui
1012 2194 1342 2250 manducat
1392 2211 1616 2267 panem
1645 2194 1737 2251 vel
1762 2195 1913 2251 bibit
1933 2211 2026 2251 ca-

369 2275 543 2332 licem
570 2278 800 2334 Domini
838 2279 1102 2350 indigne,
1135 2299 1271 2338 reus
1289 2288 1375 2340 est
1395 2285 1661 2358 corporis
1701 2290 1758 2341 et
1781 2288 2024 2355 sangui-

369 2364 462 2421 nis
489 2366 742 2435 Domini;
774 2368 856 2424 ita
885 2370 989 2442 qui
1032 2371 1274 2442 indigne
1315 2373 1635 2430 Ecclesiam
1672 2374 2024 2446 ingreditur,

363 2454 660 2525 judicium
690 2457 885 2527 magis
915 2475 1102 2531 quam
1126 2461 1379 2519 salutem
1435 2463 1546 2519 sibi
1577 2465 1846 2537 acquirit,
1879 2464 2026 2537 quia

371 2559 507 2599 reus
537 2551 624 2601 est
653 2554 872 2603 sanctze
905 2549 1005 2604 Dei
1033 2551 1322 2609 Ecclesiae.
1357 2551 1584 2610 Talium
1615 2553 1891 2628 exemplo
1921 2571 2023 2611 rex

372 2635 537 2691 Osias
566 2651 888 2709 percussus
919 2644 1005 2696 est
1032 2639 1218 2714 lepra,
1279 2642 1421 2715 quia
1469 2644 1765 2716 pontiﬁcis
1818 2645 1909 2700 sui
1937 2645 2023 2701 in-

370 2725 682 2783 terdictum
743 2731 1106 2802 contempsit
1151 2732 1392 2803 indigne
1442 2734 1733 2808 templum
1791 2735 2023 2791 Domini

368 2813 696 2884 ingressus,
728 2817 832 2889 qui
862 2817 936 2874 de
964 2833 1177 2889 genere
1211 2821 1395 2878 David
1426 2822 1629 2878 multis
1654 2825 1826 2880 annis
1846 2825 2022 2895 justi-

370 2903 511 2959 tiam
545 2914 1017 2978 conservaverat,
1055 2912 1444 2982 postmodum
1475 2928 1616 2968 vero
1668 2913 1744 2968 ad
1798 2913 2024 2984 injusti-

2134 1748 2269 1815 bus,
2293 1753 2351 1804 et
2363 1749 2655 1819 justitiam
2681 1750 2825 1820 justi
2856 1750 3101 1806 aufertis
3130 1750 3208 1806 ab
3240 1767 3330 1806 eo.
3385 1753 3626 1822 Propter
3655 1749 3793 1817 hoc,

2137 1838 2555 1894 sicutdevorat
2585 1838 2868 1911 stipulam
2905 1840 3113 1909 lingua
3137 1840 3312 1910 ignis,
3343 1844 3398 1896 et
3423 1839 3582 1895 calor
3620 1839 3796 1894 ﬂam-

2136 1943 2249 1982 mre
2281 1927 2490 1997 exurit,
2517 1928 2598 1984 sic
2629 1929 2797 1984 radix
2830 1946 3041 1985 eorum
3079 1929 3257 2002 quasi
3311 1929 3511 1985 favilla
3563 1928 3690 1994 erit,
3739 1933 3796 1984 et

2136 2031 2381 2086 germen
2435 2033 2644 2072 eorum
2704 2021 2767 2073 ut
2822 2017 3020 2090 pulvis
3080 2017 3379 2074 ascendet.
3437 2017 3798 2088 Abjecerunt

2134 2105 2292 2160 enim
2323 2105 2516 2174 legem
2543 2106 2777 2162 Domini
2799 2107 3185 2175 exercituum,
3206 2111 3262 2163 et
3279 2105 3585 2180 eloquium
3604 2105 3792 2161 sancti

2135 2196 2311 2252 Israel
2337 2196 2927 2271 blasphemaverunt.
2971 2197 3107 2253 Ideo
3150 2197 3334 2253 iratus
3379 2201 3466 2252 est
3495 2195 3660 2251 furor
3685 2198 3793 2251 Do-

2134 2285 2280 2340 mini
2303 2285 2361 2340 in
2389 2285 2684 2358 populum
2711 2303 2910 2356 suum,
2943 2289 2999 2341 et
3028 2285 3290 2342 extendit
3322 2301 3573 2341 manum
3615 2299 3792 2339 suam

2137 2390 2317 2446 super
2341 2390 2501 2444 eum,
2548 2379 2604 2430 et
2638 2374 2928 2447 percussit
2959 2391 3098 2430 eum
3153 2378 3209 2430 et
3261 2373 3596 2430 conturbati
3653 2377 3795 2428 sunt

2134 2467 2388 2534 montes,
2431 2470 2487 2520 et
2508 2463 2662 2520 facta
2701 2469 2839 2519 sunt
2864 2465 3177 2521 morticina
3202 2481 3411 2521 eorum
3436 2463 3609 2537 quasi
3648 2468 3793 2519 ster-

2134 2569 2238 2608 cus
2264 2553 2323 2608 in
2353 2553 2553 2608 medio
2593 2552 2950 2626 platearum.
2978 2577 3004 2603 ››
3029 2557 3133 2610 Per
3158 2554 3542 2610 conturbatos
3567 2557 3792 2608 montes

2133 2643 2346 2711 clerici,
2378 2643 2497 2698 sive
2550 2643 2849 2716 principes
2906 2642 3039 2699 laici
3085 2643 3511 2713 intelliguntur.
3561 2643 3669 2697 Ast
3688 2657 3790 2696 ex-

2133 2732 2624 2788 communicandi
2676 2749 2859 2790 causa
2906 2733 3308 2790 destructores
3354 2731 3522 2806 pacis
3577 2730 3793 2802 jubent

2133 2822 2396 2896 episcopi
2426 2823 2775 2895 prophetica
2803 2823 3149 2879 auctoritate
3179 2839 3422 2878 manere
3454 2820 3788 2894 insepultos

2130 2916 2212 2980 ut,
2249 2911 2581 2968 secundum
2610 2914 2917 2986 prOphetae
2949 2913 3325 2984 sententiam,
3386 2911 3502 2968 sint
3531 2911 3787 2968 cadave-

371 2992 513 3046 tiam
540 2991 852 3051 declinans
878 2996 1085 3054 incidit
1115 2998 1339 3055 crimen
1363 2999 1799 3072 inobedientite,
1829 3007 1884 3058 et
1906 3003 2019 3058 sub
2050 3025 2089 3077 ρ
2130 3019 2196 3059 ra
2227 3019 2435 3058 eorum
2463 3003 2636 3076 quasi
2669 3009 2893 3059 stercus
2923 3003 2983 3059 in
3015 3001 3212 3058 medio
3239 3002 3594 3076 platearum,
3624 3004 3688 3055 ut
3709 2998 3787 3054 si-
3814 2989 3824 3004 ’

371 3079 566 3150 specie
591 3081 913 3153 religionis,
975 3091 1039 3143 ut
1091 3089 1343 3145 Domino
1401 3088 1662 3146 adoleret
1690 3091 2022 3164 incensum,

368 3167 612 3239 indigne
655 3171 962 3244 ingressus
984 3181 1070 3232 est
1125 3178 1436 3252 templum.
1491 3182 1705 3236 Verum
1759 3181 2025 3254 pontifex

369 3259 610 3316 Azarias
626 3277 764 3318 cum
792 3265 1200 3323 sacerdotibus
1228 3268 1462 3324 Domini
1492 3271 1796 3339 octoginta
1845 3271 2023 3326 inter—

367 3346 514 3404 dixit
541 3351 664 3420 regi
691 3366 764 3408 ne
785 3352 1052 3410 illicitum
1084 3361 1285 3425 ageret
1306 3361 1361 3412 et
1397 3357 1580 3414 modo
1608 3359 2022 3414 excommuni-

367 3438 545 3494 candi
575 3455 588 3494 :
623 3465 648 3488 α
687 3443 996 3514 Egredere,
1029 3444 1241 3516 inquit,
1295 3461 1419 3513 rex,
1461 3447 1536 3502 de
1581 3449 1919 3504 sanctuario
1967 3454 2024 3505 ct

367 3542 442 3582 ne
467 3532 918 3604 contempseris,
953 3533 1095 3606 quia
1127 3551 1249 3590 non
1269 3536 1643 3608 reputabitur
1670 3537 1771 3594 tibi
1801 3538 1860 3594 in
1894 3538 2019 3609 glo-

364 3615 453 3672 ria
476 3617 605 3674 btec
649 3637 685 3676 a
716 3623 967 3680 Domino
1009 3627 1145 3680 Deo.
1207 3647 1236 3675 ››
1297 3625 1409 3683 Sed
1451 3629 2021 3685 excommunicatio-

364 3721 505 3763 nem
534 3709 832 3782 pontiﬁcis
861 3728 964 3768 rex
1007 3712 1195 3770 elatus
1235 3715 1595 3790 contempsit
1637 3721 1692 3774 et
1742 3718 1920 3791 ccepit
1967 3719 2020 3775 ei

2134 3096 2233 3148 cut
2262 3093 2531 3162 exigente
2557 3097 2724 3150 reatu
2750 3108 2959 3148 eorum
3013 3091 3228 3148 animae
3283 3091 3342 3146 in
3379 3089 3477 3146 illo
3506 3088 3724 3150 saeculo
3750 3104 3788 3145 θ.

2132 3181 2234 3237 Dei
2255 3197 2440 3251 regno
2472 3186 2734 3238 extorres
2762 3186 2923 3252 sunt,
2973 3182 3052 3237 ita
3083 3197 3336 3254 corpora
3374 3197 3409 3236 a
3439 3177 3786 3235 Christiani-

2132 3271 2265 3326 tatis
2288 3275 2638 3344 separentur
2659 3271 2986 3345 sepultura.
3021 3274 3233 3327 Pacem
3263 3286 3404 3341 ergo
3444 3284 3654 3324 omnes
3684 3267 3788 3323 ob-

2134 3365 2389 3429 servent,
2411 3361 2458 3415 si
2488 3361 2997 3417 excommunicari
3043 3361 3274 3427 nolunt,
3324 3375 3537 3433 pacem
3558 3363 3613 3414 et
3642 3357 3787 3413 veri-

2132 3454 2332 3516 tatem,
2365 3451 2479 3506 hoc
2501 3456 2586 3506 est
2610 3450 2901 3522 justitiam
2947 3451 3216 3521 diligant,
3250 3453 3314 3505 ut
3335 3466 3471 3505 cum
3503 3447 3786 3504 omnibus

2129 3558 2249 3614 pax
2279 3541 2510 3597 Domini
2538 3541 2628 3609 sit,
2659 3541 2788 3615 ipso
2815 3545 3135 3615 praestante
3174 3539 3278 3614 qui
3310 3539 3453 3595 vivit
3491 3544 3546 3595 et
3575 3545 3786 3607 regnat

2130 3631 2190 3685 in
2213 3630 2430 3688 saecula
2461 3630 2840 3686 saeculorum.

1625 4071 1788 4112 CIRCA
1839 4071 2026 4114 ANNUM
2074 4073 2267 4114 DOMINI
2326 4073 2528 4114 MXXIX.

1296 4245 2868 4394 BEBNABDUS

1523 4475 2041 4534 SCHOLASTICUS
2071 4477 2629 4534 ANDEGAVENSIS.

974 4821 1413 4911 NOTITIA
1520 4823 2113 4911 HISTORICA
2226 4821 2357 4907 ΕΤ
2454 4820 3150 4910 LITTERARIA.

1422 5005 1716 5077 (Histoire
1746 5006 1927 5063 littér.
1959 5006 2032 5062 de
2053 5006 2112 5062 la
2137 5005 2394 5074 France,
2427 5006 2536 5060 Vll.
2570 5007 2718 5071 308.)

435 5309 716 5383 Bernard,
747 5311 893 5370 dont
913 5331 992 5371 on
1011 5331 1086 5372 ne
1111 5319 1352 5374 connait
1396 5318 1565 5392 point
1591 5320 1926 5375 autrement
1953 5316 2010 5374 la
2041 5319 2085 5371 D
2123 5319 2436 5389 ment,que
2458 5316 2719 5373 Bernard
2737 5317 2873 5374 etait
2889 5317 2971 5373 du
2983 5334 3136 5392 pays
3151 5317 3477 5390 d’Anjoqu
3498 5318 3690 5392 quitta
3707 5336 3773 5376 sa

363 5399 606 5465 familia,
637 5401 792 5458 avalt
812 5419 894 5459 un
918 5403 1066 5462 frere
1094 5403 1562 5481 beaucoupplus
1579 5409 1760 5480 jeune
1773 5425 1892 5482 que
1909 5407 2010 5475 lui,

363 5509 597 5549 comme
616 5493 652 5548 il
672 5497 885 5568 parait,
904 5500 1148 5552 nommé
1176 5496 1393 5554 Robert
1421 5502 1478 5554 et
1498 5502 1843 5554 surnomme
1861 5498 2015 5554 l’An-

362 5583 558 5653 gevin,
591 5583 695 5656 qui
726 5583 814 5640 fut
844 5584 998 5640 abbé
1028 5586 1102 5640 de
1129 5586 1412 5651 Cormeri,
1449 5604 1522 5644 en
1550 5587 2008 5657 Touraine(MAa.

361 5671 478 5730 An.
503 5675 542 5729 l.
576 5687 666 5741 Lx,
696 5685 756 5731 n.
791 5675 900 5747 58).
945 5677 1034 5732 0n
1054 5675 1393 5745 conjecture
1422 5676 1497 5734 de
1521 5676 1602 5747 la,
1631 5693 1775 5734 avec
1804 5677 2011 5735 tonde-

2113 5406 2302 5480 patrie
2333 5422 2488 5479 pour
2508 5405 2652 5462 aller
2674 5423 2734 5463 se
2771 5408 2983 5464 rendre
3037 5409 3286 5483 disciple
3331 5409 3405 5464 de
3452 5407 3707 5479 Fulbcrt,
3736 5414 3774 5466 εὶ

2114 5497 2386 5553 Chartres
2418 5498 2580 5568 (Mm.
2613 5499 3009 5573 ib.t.lV,app.,
3037 5516 3097 5573 p,
3120 5501 3264 5571 703).
3286 5499 3710 5573 Pendantqu’il
3731 5517 3774 5573 y

2115 5587 2380 5656 étudiait,
2408 5586 2446 5642 il
2479 5592 2693 5657 concut
2731 5604 2847 5644 unc
2875 5589 3153 5647 devotion
3203 5590 3577 5663 particuliere
3617 5608 3774 5664 pour

2115 5677 2304 5735 sainte
2329 5677 2447 5745 Foi,
2476 5677 2625 5734 dont
2648 5677 2687 5733 il
2711 5695 2751 5751 y
2784 5680 3095 5737 avaithors
3124 5680 3230 5738 des
3259 5697 3426 5738 murs
3453 5681 3527 5738 de
3558 5681 3616 5738 la
3639 5681 3770 5738 ville
