4054 6188
427 195 527 248 127

1465 195 1900 255 BEBNARDUM
1942 194 2391 252 SCHOLASTICI
2432 196 2526 250 AN
2536 194 2791 249 DEGAV.

3750 196 3851 250 128

424 315 779 388 compagnie
799 315 873 372 de
901 315 1190 390 quelques
1219 322 1416 375 autres
1448 320 1766 390 Angevins,
1818 324 1854 376 a
1877 323 2076 376 Notre-
2114 321 2163 373 A
2189 320 2360 375 vains
2389 319 2672 388 d’Anjou,
2704 334 2779 373 en
2809 320 3088 391 rapporte
3144 332 3228 372 un
3270 315 3589 388 fragment,
3642 317 3785 390 qu’il
3817 335 3855 374 a

358 429 362 432 -
425 405 609 462 Dame
639 404 723 460 du
743 408 867 477 Puy
919 421 994 462 en
1043 406 1245 480 Velay.
1298 409 1557 477 Ménard,
1589 409 1744 466 dans
1792 425 1884 466 ses
1913 409 2083 465 Εσνὶ-

1741 591 1946 604 nm

2187 407 2294 465 tire
2338 408 2423 464 du
2446 411 2505 464 P.
2531 406 2755 481 Gissey.

1394 754 1537 841 DE
1595 753 1996 841 SANCTA
2055 753 2313 840 FIDE
2371 752 2873 844 VIBGINE.

1462 954 1650 1021 (Gali.
1681 953 1907 1009 Christ.
1951 956 2096 1008 tom.
2128 954 2195 1019 Il,
2243 952 2542 1025 Append.,
2581 956 2629 1007 1.
2664 954 2815 1019 894.)

1928 1137 2354 1153 —

493 1260 756 1330 Aginum
785 1277 946 1319 anno
975 1265 1077 1319 303
1112 1263 1439 1320 adveniens
1470 1264 1788 1334 Decianus,
1841 1263 2076 1338 spirans
2119 1265 2157 1319 Β
2196 1263 2315 1320 fere
2353 1268 2618 1337 peracto,
2670 1277 3044 1329 consecrare,
3097 1261 3279 1318 sensit
3307 1260 3369 1317 in
3396 1278 3458 1318 se
3507 1261 3862 1318 charitatem

426 1349 731 1406 minarum
751 1355 807 1406 et
829 1350 1009 1408 credis
1035 1351 1098 1407 in
1127 1352 1512 1421 Christianos,
1535 1352 1860 1426 inquisivit,
1884 1369 1953 1410 ac
1983 1353 2090 1410 im-

427 1455 674 1495 manem
698 1441 1173 1513 persecutionem
1223 1441 1479 1498 adorsus
1533 1447 1639 1498 est.
1673 1442 1964 1500 Turbatus
1984 1458 2091 1515 pu-

431 1528 596 1584 sillus
624 1528 895 1585 ﬁdelium
926 1546 1088 1599 grex,
1121 1529 1278 1585 clam
1311 1529 1388 1585 ab
1418 1530 1567 1587 urbe
1592 1531 1850 1600 secessit,
1885 1547 1955 1588 ac
1983 1547 2090 1604 per

430 1618 690 1690 abrupta
716 1619 920 1687 eremi,
945 1623 1001 1674 et
1027 1618 1305 1688 fragosas
1319 1619 1680 1676 convallium
1703 1624 1906 1677 cautes
1929 1620 2091 1677 diva-

430 1713 606 1777 galus
637 1706 697 1762 in
719 1707 1020 1779 speluncis
1050 1707 1294 1763 delituit.
1329 1710 1578 1778 Gregem
1622 1713 1858 1765 secutus
1887 1713 2090 1783 pastor

430 1796 510 1865 (S.
545 1795 904 1868 Caprasius),
946 1796 1151 1851 omnia
1181 1796 1649 1870 circumquaque
1708 1799 2093 1872 scopulorum

432 1884 763 1941 diversoria
805 1885 1166 1957 peragravit.
1226 1889 1341 1942 Hos
1379 1886 1591 1943 divinis
1643 1888 1954 1963 colloquiis
2001 1906 2094 1945 re-

432 1973 695 2045 creabat,
721 1973 853 2029 illos
879 1975 1264 2032 emendicatis
1299 1976 1585 2032 subsidiis
1617 1978 2094 2045 fovebat,omnes

434 2062 701 2132 erigebat
739 2063 1036 2136 exemplo,
1096 2080 1165 2120 ac
1221 2065 1416 2137 poenis
1458 2070 1513 2122 et
1553 2066 1815 2139 praemiis
1863 2067 2095 2123 aeternis

417 2150 754 2224 propositis
781 2151 859 2207 ad
888 2151 1244 2224 martyrium
1273 2155 1670 2227 praeparabat.
1692 2157 1944 2211 Demum
1976 2155 2096 2227 pri-

434 2239 531 2295 die
546 2242 743 2296 Nonas
767 2240 1055 2309 Octobris,
1090 2258 1249 2313 cum,
1291 2246 1358 2298 ut
1386 2243 1495 2299 fert
1524 2243 1780 2315 traditio,
1807 2244 2040 2301 excelso
2065 2260 2096 2301 e

434 2335 657 2396 monte,
706 2329 801 2385 cui
830 2330 1009 2385 hodie
1036 2346 1071 2386 a
1126 2335 1333 2387 sancto
1365 2331 1666 2388 Vincentio
1704 2348 1949 2402 nomen,
1992 2349 2097 2406 pa-

435 2422 581 2474 teret
609 2424 883 2492 aspectus
912 2419 970 2474 in
1004 2420 1244 2486 urbem,
1269 2424 1325 2477 et
1344 2421 1475 2493 ipse
1501 2421 1562 2477 in
1588 2422 1717 2493 ejus
1744 2421 1945 2495 platea
1967 2437 2098 2495 per-

435 2506 688 2580 spiceret
713 2507 901 2564 oculis
929 2509 1152 2565 illustre
1185 2510 1615 2583 spectaculum,
1647 2526 1868 2584 nempe
1896 2510 2098 2567 Fidem

2197 1352 2447 1410 accendi
2494 1368 2566 1408 eo
2596 1351 2734 1423 igne
2763 1351 2866 1424 qui
2920 1350 3214 1421 virginem
3244 1350 3626 1412 absumebat,
3677 1353 3863 1423 atque

2196 1441 2495 1515 przeivisse
2520 1441 2785 1514 puellam
2833 1440 3168 1507 attendens,
3202 1440 3439 1496 erubuit
3493 1455 3619 1496 non
3648 1438 3861 1497 saltem

2199 1531 2387 1604 sequi.
2430 1531 2733 1601 Aginnum
2770 1535 3088 1599 revertens,
3119 1529 3286 1603 prius
3329 1532 3517 1586 Deum
3560 1534 3863 1603 precatus,

2199 1624 2263 1676 ut
2277 1620 2483 1676 omnia
2513 1619 2573 1674 in
2606 1619 2819 1675 melius
2869 1623 3220 1675 convertens
3253 1618 3363 1675 sibi
3390 1618 3450 1674 in
3480 1618 3581 1675 illo
3616 1617 3866 1675 articulo

2201 1709 2349 1782 quid
2378 1709 2463 1765 rei
2491 1707 2833 1765 faciendum
2859 1713 3033 1779 esset,
3072 1725 3195 1764 non
3220 1708 3478 1765 obscuro
3505 1707 3870 1780 signiﬁcaret

2201 1798 2442 1869 indicio,
2502 1802 2560 1855 et
2588 1798 2637 1854 si
2666 1797 2913 1871 quidem
2962 1798 3025 1853 in
3069 1813 3315 1854 arenam
3372 1796 3864 1854 descendendum

2202 1904 2338 1944 esse
2369 1887 2688 1958 statuisset,
2732 1904 2805 1943 ex
2833 1886 3109 1960 proximo
3134 1887 3373 1960 pumice
3426 1886 3683 1944 emicare
3712 1886 3869 1942 face-

2201 1981 2290 2032 ret
2326 1976 2598 2048 protinus
2623 1991 2848 2048 aquam
2883 1992 2896 2030 :
2944 1991 3055 2031 nec
3100 1991 3289 2041 mora,
3322 1975 3538 2031 eodem
3584 1974 3699 2030 loci
3718 1978 3867 2030 tem-

2202 2065 2484 2137 porisque
2512 2063 2759 2134 vestigio
2815 2064 2947 2119 fons
2995 2063 3167 2119 vivus
3223 2066 3464 2120 emanat
3518 2061 3871 2119 mirabiliter

2204 2153 2475 2225 eductus,
2509 2169 2734 2226 aquam
2757 2153 2967 2224 jugem
3018 2152 3260 2208 abunde
3307 2152 3720 2226 suppeditans.
3777 2150 3872 2209 Ad

2205 2261 2379 2318 aquae
2408 2248 2719 2317 aspectum
2743 2260 2845 2301 cor
2870 2244 3163 2315 designati
3186 2245 3466 2317 martyris
3496 2243 3689 2314 magis
3739 2258 3871 2299 ma-

2206 2335 2415 2407 gisque
2442 2333 2677 2401 exarsit,
2738 2339 2794 2389 et
2830 2333 2907 2389 ad
2939 2338 3238 2390 certanem
3270 2350 3392 2406 quo
3447 2333 3587 2389 dein
3613 2333 3871 2405 gloriose

2205 2424 2554 2497 perfunctus
2587 2426 2694 2493 est,
2726 2440 2788 2478 se
2814 2423 3074 2495 protulit.
3105 2422 3264 2479 Illico
3294 2422 3455 2480 enim
3484 2422 3698 2478 ductus
3727 2427 3870 2478 ante

2205 2510 2477 2583 praesidis
2522 2511 2804 2583 tribunal,
2858 2511 3249 2569 Christianam
3302 2510 3487 2566 fidem
3535 2508 3869 2584 profitetur,

433 2594 728 2665 virginem
762 2611 833 2651 eo
862 2597 1126 2663 nomine,
1146 2613 1254 2669 pro
1287 2598 1459 2669 cujus
1483 2598 1828 2655 defensione
1857 2597 2099 2655 viriliter
2137 2629 2176 2684 ρ
2202 2598 2421 2670 judicis
2463 2616 2531 2655 ac
2566 2603 2852 2656 tortorum
2880 2601 3076 2656 minas
3111 2600 3455 2668 contemnit,
3485 2600 3731 2656 tandem
3782 2598 3873 2655 in-

434 2683 796 2753 decertabat,
856 2685 1296 2756 dignissimam,
1350 2703 1488 2743 cum
1530 2687 1835 2761 suppliciis
1866 2687 2097 2744 tortori-

432 2771 669 2845 busque
691 2773 1000 2843 committi,
1034 2779 1091 2830 et
1109 2779 1244 2847 post
1272 2775 1453 2847 longa
1479 2775 1778 2833 craticulze
1831 2776 2095 2833 ardentis

435 2859 731 2933 supplicia
768 2862 1254 2919 excarnificatam
1306 2879 1376 2919 ac
1406 2867 1623 2920 tostam
1653 2863 1731 2921 ab
1761 2864 1974 2934 angelo
2005 2879 2100 2921 co-

434 2947 657 3003 lumba:
692 2949 888 3021 specie
936 2951 1147 3006 donari
1196 2967 1440 3021 corona,
1488 2952 1807 3025 ipsamque
1863 2953 2099 3010 interim

437 3052 662 3109 sponso
703 3038 929 3095 Christo
968 3040 1098 3095 vitae
1125 3057 1251 3096 sum
1283 3040 1565 3114 reliquas,
1592 3042 1947 3099 holocausto
1968 3042 2101 3114 jam

2204 2686 2397 2743 victus
2423 2686 2485 2742 in
2525 2687 2897 2743 confessione
2931 2688 3147 2745 Christi
3179 2688 3447 2745 abscisso
3497 2687 3689 2760 capite
3714 2702 3876 2743 mar-

2207 2780 2302 2849 tyr
2329 2775 2629 2843 occubuit,
2669 2781 2736 2832 ut
2773 2776 3063 2849 prolixius
3105 2778 3354 2833 recitant
3402 2781 3568 2846 gesta
3594 2773 3875 2847 ejusdem

2209 2864 2418 2932 sancti,
2449 2865 2615 2937 apud
2643 2866 2880 2922 Surium
2910 2870 2968 2923 et
2992 2865 3477 2939 Martyrologium
3499 2868 3865 2922 Romanum.

2211 2959 2446 3012 Festum
2475 2956 2603 3027 ejus
2625 2955 2956 3012 celebratur
2982 2960 3052 3012 20
3081 2956 3368 3014 Octobris.

1024 3352 1219 3468 DE
1316 3350 2103 3473 MIRACULIS
2192 3352 2785 3474 SANCT/E
2880 3358 3269 3479 FIDiS

1981 3597 2327 3688 LIBER
3142 3592 3149 3596 ’

1162 3784 1665 3898 Auctore
1726 3783 2355 3901 Bcrnardo
2414 3788 3138 3906 scholastica

1520 4210 2029 4301 MONITUM
2091 4142 2785 4306 MABILLONII.

1250 4441 1502 4513 (Annal.
1535 4443 1758 4500 Bened.
1792 4447 1936 4500 tom.
1972 4447 2060 4515 IV,
2091 4444 2195 4514 lib,
2230 4462 2345 4517 LIII,
2385 4464 2554 4506 num.
2593 4454 2683 4520 42,
2715 4467 2857 4526 pag.
2896 4454 3046 4525 114.)

1933 4630 2360 4646 _

509 4749 631 4807 Sub
680 4748 745 4805 id
802 4752 1038 4821 tempus
1083 4750 1203 4821 (an.
1250 4752 1403 4824 1010)
1450 4752 1791 4812 Bernardus
1834 4756 2099 4813 scholas-
2140 4764 2183 4817 D
2210 4760 2397 4818 edidit
2470 4762 2741 4820 libellum
2821 4765 3237 4825 Miraculorum
3310 4773 3534 4826 sanctae
3587 4767 3744 4826 Fidis
3801 4768 3891 4827 de

435 4837 608 4908 ticus,
681 4835 901 4891 scholis
980 4837 1513 4895 Andecavensibus
1594 4844 1970 4918 praepositus,
2038 4846 2104 4901 li-

433 4925 616 4982 brum
654 4927 734 4981 De
764 4924 1065 4981 miraculis
1125 4932 1347 4983 sanctae
1383 4929 1537 4986 Fidis
1588 4934 1950 4990 Conchensis
1998 4951 2105 4992 seu

434 5013 871 5070 Conchacensis
919 5016 1277 5089 composuit,
1335 5034 1595 5092 eumque
1642 5021 1915 5079 Fulberto
1968 5024 2105 5080 Car-

434 5104 781 5161 nutensium
857 5106 1165 5180 episcopo,
1237 5108 1524 5180 magistro
1604 5112 1919 5184 quondam
1970 5129 2100 5182 suo,

434 5195 822 5268 nuncupavit.
868 5196 1071 5254 Editus
1101 5201 1189 5253 est
1216 5213 1442 5269 magna
1499 5216 1571 5255 ex
1602 5205 1769 5273 parte
1798 5201 1894 5258 hic
1951 5202 2103 5259 liber

434 5283 496 5340 in
543 5287 707 5340 tomo
764 5286 1029 5343 secundo
1085 5303 1258 5344 novre
1312 5287 1693 5346 Bibliothecze
1744 5291 2098 5360 Labbeanae,

437 5373 546 5430 sed
575 5372 807 5447 absque
860 5375 1103 5432 nomine
1157 5377 1436 5435 auctoris.
1498 5380 1875 5437 Bernardum
1928 5385 2104 5437 vocat

435 5461 744 5519 Albericus
819 5463 882 5519 in
942 5464 1234 5521 Chronico
1314 5467 1393 5522 ed
1450 5482 1681 5525 annum
1729 5472 1854 5526 994.
1915 5492 1943 5519 ‹‹
2008 5469 2101 5525 Ad

436 5556 712 5608 sanctum
795 5551 1141 5608 Fulbertum
1216 5557 1572 5629 episcopum
1649 5559 2097 5627 Carnotensem,

433 5642 646 5716 inquit,
727 5641 1081 5711 Bernardus,
1165 5644 1555 5704 scholasticus
1630 5646 2097 5717 Andecavensis,

2212 4848 2485 4917 Conchis,
2518 4866 2655 4923 qua;
2708 4867 2893 4924 passa
2944 4859 3031 4911 est
3087 4856 3323 4926 Aginno
3383 4857 3498 4913 sub
3534 4856 3722 4930 impio
3770 4859 3894 4915 Da-

2213 4937 2386 4995 ciano
2407 4955 2547 4995 cum
2573 4939 2753 4997 beato
2780 4943 3085 5015 Caprasio.
3122 4965 3149 4994 »
3192 4948 3391 5002 Exstat
3418 4946 3479 5002 in
3510 4944 3719 5003 codico
3742 4946 3896 5004 Car-

2211 5028 2448 5083 nutensi
2499 5028 2595 5084 hic
2636 5029 2806 5099 liber,
2862 5031 3033 5089 editis
3087 5034 3336 5105 auctior,
3366 5034 3479 5091 sub
3514 5035 3631 5092 hoc
3662 5034 3839 5091 titulo
3875 5055 3893 5093 :

2211 5116 2431 5186 Incipit
2464 5116 2614 5173 liber
2669 5120 3103 5177 miraculorum
3129 5129 3353 5179 sancta
3399 5138 3471 5180 ac
3523 5124 3898 5183 beatissimce

2209 5204 2378 5261 Fidis
2434 5206 2688 5277 virginis
2742 5213 2797 5263 et
2848 5211 3158 5280 martyris,
3225 5213 3417 5269 editus
3474 5228 3513 5269 a
3558 5214 3897 5272 Bernardo

2210 5293 2587 5365 scholastica,
2617 5296 3024 5354 Andecavinae
3052 5299 3272 5357 scholae
3300 5302 3610 5373 magistro.
3645 5324 3674 5352 »
3712 5304 3899 5361 Hunc

2208 5398 2349 5439 vero
2376 5383 2599 5441 librum
2621 5385 2782 5441 dicat
2804 5388 3180 5445 sanctissimo
3206 5396 3387 5463 atque
3412 5392 3720 5448 hominum
3748 5392 3901 5450 doc-

2212 5474 2440 5528 tsssimo
2494 5474 2783 5530 Fulberlo
2828 5474 3166 5533 Carnoteno
3199 5480 3470 5550 episcopo
3519 5480 3898 5540 Bernartius

2209 5561 2704 5618 scholasticorum
2721 5563 3232 5639 minim-uthaqu
3248 5566 3344 5623 hic
3353 5566 3504 5625 liber
3519 5567 3777 5644 scriptus
3788 5576 3896 5629 est

2209 5653 2349 5725 post
2377 5663 2609 5706 annum
2639 5648 3027 5710 millesimum
3043 5653 3390 5728 septimum,
3417 5672 3541 5731 quo
3562 5655 3894 5721 Fulbertua
