4054 6188
208 185 305 238 129

1298 179 1424 234 LIB.
1468 178 1558 234 DE
1598 176 1972 233 MIRACULIS
2013 173 2298 232 SANCT/E
2339 176 2534 231 FIDIS.

3522 186 3623 239 430

200 303 277 359 ad
302 302 516 359 sedem
538 304 970 359 Carnutensem
991 304 1339 374 assumptus
1361 300 1485 357 fuit.
1511 301 1696 371 Hujus
1719 298 1858 355 scri-
1896 300 1943 352 Α
1969 315 2150 372 super
2173 298 2287 355 hoc
2318 297 2666 367 miraculo,»
2685 268 2904 373 nempe
2925 300 3000 357 de
3029 301 3343 374 peregrino
3372 318 3404 359 e
3427 304 3625 360 mariti

198 391 426 466 ptionis
453 390 834 448 occasionem
863 390 1001 447 inde
1044 394 1250 447 natam
1293 389 1467 447 refert
1510 389 1605 445 hic
1634 393 1861 458 auctor,

199 481 391 555 quod,
426 498 567 537 cum
596 479 833 538 Carnoti
864 480 925 536 in
966 479 1222 536 Fulberti
1270 479 1475 536 schola
1505 483 1862 543 versaretur,

200 571 625 628 suburbanam
654 575 876 627 sanctae
909 569 1062 626 Fidis
1086 569 1423 642 ecclesiam,
1448 571 1541 626 vel
1565 570 1868 627 scribendi

200 677 389 718 causa
411 662 506 718 vel
531 661 768 726 orandi,
799 659 1018 733 saepius
1045 659 1254 728 adiret,
1286 662 1344 715 et
1371 659 1559 714 multa
1579 659 1653 714 de
1685 659 1863 714 mira-

202 750 355 807 culis
376 750 440 807 in
473 749 749 807 coenobio
794 749 1197 807 Conchacensi
1226 748 1451 822 patrari
1481 748 1664 804 solitis
1693 748 1863 805 audi-

201 843 310 909 ret,
339 855 481 912 quze
510 837 784 894 nonnulli
809 837 1025 894 fabulis
1046 837 1305 894 anilibus
1326 837 1700 910 deputabant
1724 857 1735 907 ;
1769 854 1865 893 su-

201 926 379 984 bierit
405 926 680 982 animum
710 925 1007 996 cogitatio,
1032 930 1098 981 ut
1118 925 1321 982 locum
1351 925 1558 993 adiret,
1584 930 1641 981 et
1661 927 1747 982 rei
1769 942 1869 983 ve-

202 1016 443 1071 ritatem
476 1031 681 1071 coram
711 1014 1064 1087 exploraret.
1089 1017 1304 1070 Verum
1331 1014 1409 1070 ad
1438 1014 1657 1070 schola:
1674 1015 1867 1071 Ande-

202 1105 438 1161 cavinee
468 1104 881 1173 magisterium
911 1103 989 1159 ab
1034 1103 1315 1177 episcopo
1345 1103 1646 1171 invitatus,
1676 1110 1732 1160 et
1759 1121 1866 1177 per

200 1192 532 1250 triennium
587 1192 704 1249 illic
764 1192 1037 1249 docendo
1094 1192 1471 1259 immoratus,
1536 1194 1865 1267 postposito

202 1282 455 1339 tandem
484 1283 600 1339 hoc
630 1297 899 1351 munere,
934 1282 1204 1338 Conchas
1233 1298 1295 1339 se
1325 1282 1570 1338 contulit
1616 1299 1739 1339 non
1771 1298 1864 1339 se-

203 1372 364 1429 mel:
397 1371 506 1427 ubi
534 1371 610 1427 de
643 1376 863 1427 sanctae
908 1371 1060 1427 Fidis
1086 1371 1342 1441 vulgatis
1370 1371 1678 1427 miraculis
1710 1372 1865 1428 solli-

202 1462 316 1517 cite
342 1460 638 1531 indagare
668 1459 865 1533 ccepit,
893 1477 1029 1533 quae
1059 1461 1305 1533 quidem
1330 1476 1474 1517 vera
1502 1477 1633 1517 esse
1665 1461 1866 1517 certis-

203 1548 357 1604 sime
388 1547 805 1621 deprehendit.
853 1551 916 1603 ln
944 1549 1036 1603 his
1066 1551 1314 1604 testatur
1341 1564 1403 1603 se
1433 1548 1650 1605 vidisse
1680 1549 1869 1605 homi-

1972 387 2226 444 vinculis
2256 386 2541 443 divinitus
2570 386 2857 446 liberato:
2896 413 2922 439 ‹‹
2946 391 3118 461 cujus
3138 391 3343 455 verba,
3365 408 3473 466 per
3492 409 3624 449 om-

1971 478 2073 534 nia
2115 477 2554 534 monachorum
2597 472 3112 536 Conchacensium
3157 481 3353 538 verbis
3383 499 3627 539 concor-

1972 567 2197 637 dantia,
2252 582 2381 622 esse
2431 570 2664 639 poterat
2708 568 3020 639 probabile
3073 576 3517 641 argumentum,
3577 573 3627 629 si

1971 656 2108 728 quis
2139 656 2438 712 dubitaret
2466 655 2525 711 in
2558 656 2686 712 aliis
2717 656 2897 713 etiam
2943 658 3091 714 mihi
3129 659 3207 715 ab
3237 660 3463 718 eisdem
3494 678 3629 719 nar-

1971 744 2132 800 ratis.
2160 768 2187 793 »
2240 747 2303 799 In
2349 759 2482 816 cap.
2516 748 2576 799 '21
2612 744 2690 800 ad
2729 744 3116 817 probandum
3162 748 3522 813 miraculum
3551 751 3626 807 de

1972 832 2178 896 milite,
2206 831 2624 888 intestinorum
2653 832 3005 890 inordinatis
3034 835 3297 891 motibus
3326 844 3625 912 exempto,

1973 924 2184 977 testem
2216 920 2461 976 adducit
2484 921 2848 978 Rodbertum
2873 925 3305 981 Cantoiolensis
3334 934 3626 985 monaste-

1974 1012 2054 1065 rii
2094 1010 2386 1077 abbatem,
2419 1011 2613 1067 virum
2658 1013 2985 1068 reverenda
3026 1014 3245 1070 canitie
3273 1015 3417 1071 satis
3449 1016 3627 1073 hone-

1972 1105 2149 1155 stum.
2179 1101 2311 1154 Haec
2343 1114 2415 1155 ex
2440 1099 2629 1155 editis.

2046 1190 2243 1257 Longe
2273 1187 2447 1259 plura
2471 1192 2610 1244 sunt
2627 1188 2689 1244 in
2719 1189 2924 1246 codice
2951 1191 3321 1248 Carnutensi.
3347 1197 3412 1249 In
3437 1193 3529 1249 his
3551 1193 3632 1250 ait

1975 1282 2183 1334 auctor
2213 1282 2298 1334 tot
2326 1284 2658 1335 carceratos
2688 1278 2912 1335 meritis
2945 1285 3165 1337 sancta:
3196 1281 3351 1337 Fidis
3384 1283 3629 1339 absolu-

1974 1370 2086 1432 tos,
2153 1386 2184 1420 ‹
2204 1371 2271 1423 ut
2294 1366 2619 1423 ferreorum
2664 1368 3048 1441 compedum,
3072 1386 3227 1442 quos
3249 1372 3630 1442 pagensilin-

1975 1470 2095 1524 gua
2135 1454 2347 1511 bodias
2376 1460 2614 1523 vocant,
2643 1455 3016 1512 immensitas
3067 1458 3525 1529 occupationem
3567 1460 3629 1515 in

1975 1542 2338 1598 monasterio
2390 1541 2626 1599 faceret.
2673 1544 2961 1609 Quocirca
3008 1548 3237 1601 tantam
3289 1545 3423 1601 ferri
3477 1564 3633 1603 mas-

200 1653 366 1703 nem,
395 1637 495 1692 cui
520 1636 678 1692 oculi
706 1637 967 1692 violenta
996 1638 1229 1692 ustione
1254 1636 1443 1691 avulsi
1468 1636 1724 1699 fuerant,
1758 1637 1860 1693 sed
1902 1657 1946 1710 Β
1977 1649 2108 1687 sam
2139 1631 2406 1703 extundi,
2439 1636 2617 1705 atque
2643 1632 2703 1687 in
2726 1633 2948 1703 januas
2976 1632 3165 1703 redigi
3210 1634 3405 1691 studio
3434 1635 3633 1692 fabro-

200 1725 434 1783 meritis
465 1729 687 1781 sanctae
719 1724 872 1781 Fidis
902 1724 1151 1781 omnino
1197 1725 1444 1782 restituti
1469 1728 1750 1783 universa
1779 1733 1868 1784 at-

201 1820 468 1872 testanle
489 1815 826 1884 provincia.
852 1813 1024 1880 Quod
1054 1813 1432 1883 miraculum,
1454 1815 1635 1871 veluti
1654 1815 1868 1873 funda-

200 1908 485 1959 mentum
517 1907 888 1973 ceeterorum,
915 1901 996 1958 ait
1026 1918 1090 1959 se
1119 1902 1391 1975 posuisse
1425 1902 1591 1959 initio
1620 1903 1774 1975 libri,
1806 1905 1868 1961 in

201 2008 330 2065 quo
356 1990 565 2064 potius
595 2006 795 2047 rerum
842 1991 994 2047 inter
1023 2007 1149 2047 sese
1180 1991 1647 2060 similitudinem,
1679 2010 1867 2066 quam

202 2079 487 2136 ordinem
528 2083 867 2152 temporum
900 2079 1172 2147 servavit,
1204 2079 1512 2135 referendo
1536 2084 1769 2137 tantum
1796 2097 1868 2137 ea

201 2184 343 2240 quae
369 2167 567 2240 ipsius
590 2173 854 2240 tempore
886 2166 1042 2224 facta
1063 2172 1202 2223 sunt
1226 2172 1282 2223 et
1306 2184 1342 2223 ε).
1370 2167 1511 2223 viris
1529 2168 1648 2225 ﬁde
1670 2169 1867 2242 dignis

203 2257 630 2331 comprobata.
666 2260 799 2313 Haec
833 2256 1024 2313 fusius
1067 2261 1276 2313 auctor
1301 2258 1362 2313 in
1391 2256 1528 2313 libri
1554 2258 1646 2314 sui
1674 2258 1869 2331 prolo-

203 2361 304 2415 go,
334 2361 530 2418 quem
558 2344 857 2415 integrum
886 2345 1101 2402 referre
1131 2344 1321 2402 visum
1352 2353 1458 2404 est.
1484 2352 1546 2404 In
1572 2348 1665 2404 his
1694 2347 1869 2403 mira-

204 2434 356 2489 culis
386 2450 515 2490 non
567 2434 752 2490 semel
778 2434 844 2490 ﬁt
871 2434 1094 2491 mentio
1123 2434 1197 2491 de
1245 2436 1762 2508 peregrinantibus
1792 2435 1867 2493 ad

202 2522 340 2580 loca
394 2528 628 2591 sancta,
658 2540 813 2597 quos
858 2526 1102 2581 Romeos
1147 2529 1357 2581 vocat:
1403 2526 1600 2599 qualis
1638 2526 1747 2582 fuit
1774 2525 1867 2581 ille

204 2611 545 2669 Witbertus
571 2615 853 2682 Romeus,
887 2612 982 2668 cui
1011 2612 1198 2669 evulsi
1245 2613 1402 2670 oculi
1450 2613 1679 2670 caelitus
1707 2613 1872 2671 resti-

206 2702 315 2759 tuti
365 2700 558 2758 fuere.
614 2705 674 2757 In
726 2703 920 2776 capite
969 2708 999 2758 5
1056 2703 1337 2760 laudatur
1372 2705 1680 2774 Arsendis,
1714 2720 1872 2761 uxor

221 2792 521 2848 Μηριῖηὶ
573 2792 852 2848 Tolosani
894 2794 1142 2860 comitis,
1182 2794 1400 2863 fratris
1442 2794 1607 2849 illius
1637 2794 1868 2864 Poncii,

208 2880 315 2951 qui
355 2880 436 2937 ab
466 2881 726 2937 Arlaldo
750 2887 885 2952 post
915 2880 1044 2939 lucc
1084 2883 1366 2953 privigno
1394 2897 1500 2938 suo
1528 2883 1665 2938 dolo
1694 2883 1874 2939 inter-

1976 1737 2112 1776 rum
2158 1720 2421 1777 seniores
2467 1721 2927 1778 decreverunt.»
2988 1722 3151 1778 Unde
3191 1723 3392 1780 nullus
3422 1724 3541 1780 fere
3570 1724 3631 1780 in

1978 1809 2315 1880 ecclesiam,
2346 1827 2481 1883 qua:
2526 1810 2806 1867 triformis
2844 1816 2954 1883 est,
2985 1811 3181 1869 aditus
3211 1817 3392 1884 patet,
3425 1812 3529 1886 qui
3556 1813 3631 1869 de

1977 1898 2274 1972 praedictis
2296 1900 2690 1973 compedibus
2716 1916 2822 1956 seu
2845 1900 3069 1965 catenis
3088 1901 3311 1971 januas
3333 1902 3632 1958 confectas

1977 2005 2100 2045 non
2146 1989 2411 2046 haberet.
2467 1992 2545 2045 De
2601 1989 2854 2045 triformi
2891 1990 3006 2046 hac
3058 1990 3307 2047 ecclesia
3355 1991 3440 2047 sic
3470 1991 3632 2047 idem

1978 2082 2222 2135 auctor:
2254 2101 2281 2127 ‹‹
2307 2080 2405 2134 Est
2428 2076 2648 2134 deforis
2682 2081 2971 2135 tectorum
2995 2079 3368 2136 dimensione
3384 2079 3634 2136 basilica

1978 2167 2279 2236 triformis,
2306 2184 2443 2241 quae
2471 2167 2741 2239 interius,
2762 2166 3007 2242 propter
3026 2173 3302 2226 mutuam
3326 2175 3636 2227 transeun-

1977 2258 2039 2314 di
2068 2257 2547 2330 amplitudinem,
2578 2258 2639 2314 in
2672 2274 2862 2314 unum
2893 2274 3112 2331 corpus
3156 2258 3274 2315 coit
3300 2258 3629 2316 ecclesiae...

1979 2350 2261 2404 Dextrum
2304 2346 2459 2403 latus
2499 2347 2687 2403 sancti
2734 2346 2885 2403 Petri
2928 2347 3205 2420 apostoli,
3236 2348 3387 2404 laeva
3414 2352 3634 2405 sanctae

1978 2436 2208 2502 Mariae;
2261 2435 2551 2492 medietas
2605 2440 2808 2493 autem
2855 2437 3043 2492 sancti
3098 2436 3419 2495 Salvatoris
3468 2436 3634 2495 titulo

1978 2524 2251 2581 dedicata
2275 2529 2379 2581 est.
2408 2527 2625 2581 Verum
2640 2525 2785 2597 quia
2798 2525 3011 2582 eadem
3028 2526 3315 2583 medietas
3339 2526 3637 2601 psallendi

1979 2613 2324 2670 assiduitate
2373 2613 2748 2686 frequentata
2793 2613 3067 2685 habetur,
3108 2614 3244 2670 illuc
3293 2631 3365 2670 ex
3393 2615 3637 2688 proprio

1979 2703 2111 2759 loco
2141 2707 2362 2759 sanctae
2406 2702 2686 2776 martyris
2735 2702 2995 2775 pretiosa
3044 2703 3329 2761 translata
3367 2707 3508 2759 sunt
3548 2703 3637 2776 pi-

1982 2808 2189 2864 gnora.
2212 2816 2240 2843 ››
2273 2796 2337 2848 In
2368 2791 2873 2865 consequentibus
2904 2791 3098 2863 agitur
3126 2792 3201 2848 de
3232 2791 3434 2849 multis
3461 2793 3641 2849 mira-

1982 2882 2129 2938 culis
2160 2886 2378 2939 sanctaa
2410 2881 2654 2950 Fidis,in
2678 2881 3002 2938 Arvernica
3032 2882 3414 2955 processione
3444 2882 3638 2951 factis,

205 2971 407 3038 fectus
424 2970 568 3037 fuit.
600 2974 664 3026 1n
694 2987 826 3043 cap.
860 2976 891 3026 8
920 2976 1287 3028 memoratur
1324 2974 1589 3028 Bertiliis
1644 2973 1871 3029 comiti-
1914 3012 1955 3066 Ο
1987 2988 2125 3028 cum
2156 2971 2376 3028 scilicet
2402 2973 2599 3043 imago
2627 2978 2849 3029 sanctae
2890 2972 3057 3028 Fidis
3102 2978 3157 3029 et
3202 2988 3383 3043 capsa
3431 2988 3638 3042 aurea,

209 3075 322 3115 sa:
352 3058 461 3115 ubi
512 3060 700 3117 sancti
753 3060 913 3117 Marii
961 3061 1317 3117 confessoris
1357 3077 1543 3118 aurea
1572 3064 1873 3133 majestas,

211 3148 405 3204 sancti
436 3149 701 3205 Amantii
725 3166 895 3222 aeque
927 3150 1282 3206 confessoris
1313 3155 1369 3206 et
1396 3150 1661 3224 episcopi
1690 3166 1877 3207 aurea

213 3241 540 3308 majestas;
589 3238 846 3311 denique
888 3245 1106 3295 sanctae
1160 3239 1314 3295 Fidis
1356 3256 1543 3297 aurea
1573 3244 1874 3309 majestas,

211 3327 277 3383 id
305 3332 398 3384 est
426 3332 649 3399 statua,
676 3332 938 3385 vocatur.
974 3333 1036 3385 In
1064 3345 1196 3403 cap.
1235 3333 1299 3385 14
1323 3329 1605 3387 laudatur
1628 3331 1879 3386 domnus

216 3417 524 3488 Oebalius,
555 3417 838 3473 dominus
868 3417 1091 3474 castelli
1132 3420 1292 3491 quod
1324 3420 1550 3475 dicitur
1582 3421 1876 3489 Torenna,

213 3507 274 3563 in
307 3523 476 3579 pago
509 3506 932 3578 Lemovicensi,
958 3508 1208 3580 ejusque
1236 3509 1367 3579 conj
1379 3526 1456 3563 ux
1485 3510 1705 3566 damna
1734 3510 1884 3566 Bea-

216 3599 369 3663 lriz,
401 3613 516 3666 per
566 3597 887 3653 divortium
932 3598 1006 3653 ab
1053 3599 1252 3655 eodem
1299 3600 1553 3671 deserta,
1601 3616 1737 3672 quae
1787 3599 1881 3655 Ri-

216 3686 433 3742 chardi
462 3685 712 3742 secundi
753 3689 1258 3744 Nortmannorum
1305 3688 1476 3744 ducis
1523 3704 1693 3745 soror
1734 3693 1881 3745 erat.

217 3779 287 3830 ut
303 3774 529 3848 probat
555 3777 765 3830 auctor
782 3774 842 3830 in
873 3775 990 3832 ﬁne
1012 3776 1286 3847 ejusdem
1307 3776 1515 3850 capitis
1535 3777 1627 3832 his
1649 3776 1878 3833 verbis:

222 3886 251 3909 α
283 3870 463 3919 Anno
504 3863 625 3918 fere
665 3866 721 3919 et
767 3863 1016 3920 dimidio
1043 3869 1179 3936 post
1203 3865 1531 3921 secundam
1565 3881 1600 3921 a
1631 3865 1884 3921 Conchis

223 3952 649 4017 reversionem,
702 3952 915 4008 accidit
967 3953 1114 4008 mihi
1165 3959 1323 4009 certo
1371 3954 1629 4024 negotio,
1676 3940 1885 4010 domni

226 4038 516 4095 \Villclmi
544 4040 920 4097 Pictavorum
950 4040 1182 4098 comitis
1211 4041 1375 4097 adire
1404 4042 1653 4111 curiam,
1678 4041 1737 4097 in
1764 4058 1887 4114 qua

226 4145 375 4185 cum
412 4128 705 4186 domnam
725 4130 1050 4187 Beatricem
1074 4130 1342 4199 viderim,
1366 4147 1402 4187 a
1430 4131 1681 4187 Ricardo
1708 4130 1886 4187 fratre

224 4234 342 4274 suo
362 4218 896 4290 Rotomagensium
925 4219 1138 4276 comite
1166 4219 1303 4276 illuc
1323 4220 1592 4287 missam,
1612 4219 1889 4276 ardenter

224 4310 361 4379 ejus
409 4308 782 4381 colloquium
812 4325 1150 4380 aggressus,
1183 4308 1337 4366 illico
1362 4309 1686 4381 recogitare
1736 4309 1890 4383 coepi

1987 3077 2165 3133 quam
2196 3063 2397 3130 fertur
2439 3061 2750 3117 donavisse
2803 3062 3058 3118 Carolus
3101 3062 3379 3132 Magnus,
3408 3065 3644 3135 portata

1987 3150 2095 3206 fuit
2117 3166 2224 3223 per
2255 3150 2603 3205 Arverniam
2633 3149 2694 3204 in
2724 3149 3036 3222 quoddam
3053 3154 3274 3207 sanctae
3306 3150 3461 3207 Fidis
3488 3168 3642 3225 prae-

1987 3240 2176 3307 dium,
2210 3240 2369 3311 quod
2409 3239 2820 3295 Molendinum
2852 3240 3124 3295 Pisinum
3167 3240 3464 3309 indigena
3492 3257 3643 3296 nun-

1989 3332 2233 3398 cupant,
2267 3331 2571 3400 praeeunte
2598 3343 2770 3383 cruce
2797 3343 2936 3382 cum
2968 3330 3127 3383 textu
3158 3327 3637 3396 Evangeliorum,

1990 3433 2151 3490 aqua
2175 3415 2508 3487 benedicta,
2541 3419 2599 3471 et
2626 3416 2857 3471 corneis
2885 3414 3065 3484 tubis,
3098 3432 3234 3489 quae
3275 3431 3312 3471 a
3340 3414 3644 3471 nobilibus

1989 3505 2318 3581 peregrinis
2349 3504 2684 3560 ornamenti
2731 3520 2914 3560 causa
2942 3503 3004 3559 in
3035 3503 3399 3560 monasterio
3430 3502 3645 3559 oblatae

1991 3596 2243 3651 fuerant.
2278 3594 2421 3651 Iluic
2449 3593 2675 3666 praedio
2704 3593 2939 3665 adjacet
2972 3597 3233 3650 castrum
3266 3595 3520 3662 Aurosa,
3552 3591 3648 3648 cui

1986 3686 2268 3755 princeps
2290 3683 2556 3756 quidam,
2583 3683 2873 3739 Roberlus
2900 3683 3207 3751 vocabulo,
3240 3687 3509 3755 praeerat,
3542 3681 3648 3755 qui

1993 3774 2072 3830 ob
2099 3772 2468 3829 monachum
2492 3772 2648 3828 illius
2672 3772 2882 3845 praedii
2908 3772 3218 3828 custodem
3238 3771 3395 3828 male
3417 3771 3496 3828 ab
3513 3772 3649 3844 ipso

1992 3862 2267 3919 habitum
2299 3861 2529 3918 caelitus
2557 3861 2844 3917 multatus
2865 3866 2970 3916 est.
3004 3861 3118 3917 Sed
3142 3861 3216 3917 de
3242 3861 3336 3916 his
3364 3861 3527 3930 satis,
3554 3878 3653 3917 su-

1994 3968 2220 4026 perque
2252 3951 2410 4007 satis.
2446 3950 2901 4019 Ermengaudus
2936 3949 3291 4020 Urgellensis
3335 3966 3536 4006 comes
3572 3954 3651 4005 te—

1996 4045 2291 4097 stamento
2335 4056 2444 4095 suo
2497 4040 2729 4111 (Marca
2766 4039 2939 4107 Hisp.
2972 4053 3038 4106 p.
3091 4039 3236 4109 973),
3285 4037 3447 4110 quod
3488 4054 3648 4093 anno

1995 4129 2355 4186 duodecimo
2410 4128 2668 4184 Rotberti
2714 4127 2870 4197 regis
2924 4126 3193 4195 confecit,
3230 4132 3450 4183 sancite
3496 4127 3649 4183 Fidis

1997 4219 2273 4275 coenobio
2301 4217 2458 4289 legat
2484 4218 2767 4289 gradales
2797 4218 2947 4273 duas
2973 4217 3047 4273 de
3074 4222 3341 4289 argento.

842 4598 1779 4716 BEBNABDI
1872 4595 3063 4717 SGHOLASTIGI

1394 4800 1829 4843 ΑΝΒΕΟΑἾΙΝᾸΞ
1870 4799 2137 4844 SCHOLA'I
2179 4798 2496 4843 MAGISTBI

540 4913 1243 5036 EPISTOLA
1357 4918 1557 5032 ΑΙ)
1680 4914 2366 5036 DOMINUM
2484 4910 3359 5034 FULBERTUM

1183 5119 1276 5171 ΑΙ)
1319 5117 1596 5173 LIBRUM
1636 5119 1727 5172 DE
1764 5117 2153 5176 MIRACULIS
2193 5116 2500 5173 SANCT/E
2542 5116 2715 5172 FIDIS

561 5241 759 5314 (Apud
789 5240 1001 5299 Mabill.
1035 5243 1260 5300 Annal.
1292 5243 1515 5300 Bened.
1540 5245 1700 5299 tome
1730 5245 1819 5312 IV,
1844 5241 2141 5316 Append.,
2171 5256 2326 5313 page
2358 5246 2483 5310 703,
2516 5256 2589 5296 ex
2618 5256 2732 5294 ms.
2766 5236 2900 5294 cod.
2935 5236 3333 5304 Carnutensi.)

1736 5372 2168 5388 ﬂ

303 5473 706 5533 Sanctissimo
727 5477 906 5546 atque
932 5473 1249 5530 hominum
1277 5474 1624 5531 doctissimo
1650 5477 1892 5530 Fumea-
1932 5476 1975 5528 D
2078 5471 2226 5526 Cum
2247 5470 2480 5526 dudum
2501 5468 2741 5526 Carnoti
2752 5474 2947 5527 vestra
2958 5470 3188 5527 sincera
3203 5468 3655 5526 conversatione

232 5580 325 5633 ro,
370 5565 715 5619 Carnateno
762 5562 1067 5635 episcopo,
1120 5564 1472 5632 BERNARDUS,
1520 5562 1901 5620 scholastico—
2006 5559 2250 5627 fruerer,
2293 5558 2601 5615 accidebat
2628 5558 2891 5615 crebrius
2934 5563 2999 5616 ut
3021 5558 3115 5616 vel
3148 5556 3446 5615 scribendi
3474 5571 3658 5613 causa

235 5669 377 5709 rum
403 5651 717 5726 minimus,
748 5651 1140 5713 sanctissimae
1162 5651 1547 5710 beatitudinis
1572 5652 1823 5710 donum.

2005 5649 2102 5707 vel
2124 5648 2357 5720 orandi,
2382 5652 2600 5707 sancta:
2624 5648 2776 5707 Fidis
2794 5648 3098 5722 martyris,
3116 5664 3252 5721 quae
3267 5651 3433 5705 extra
3447 5658 3655 5703 muros
