4048 6178
444 168 541 224 m
1533 161 1885 219 nmmo:
1926 157 2381 219 scaousncn
2418 160 2771 217 ANDEGAV.

3773 170 3885 224 £32

443 288 716 361 ejusdem
758 264 925 346 urbis
973 287 1086 344 sita
1133 290 1240 355 est,
1274 287 1653 345 ecclesiolam
1683 287 1930 345 adirem.
1976 288 2105 353 Qua
2143 289 2187 341 Α
2218 285 2443 353 notata,
2474 298 2547 340 ea
2577 284 2824 358 quidem
2850 300 2988 358 quae
3012 288 3184 342 aetate
3221 291 3425 345 nostra
3450 304 3576 346 non
3608 295 3752 347 sunt
3777 306 3893 347 an-

443 376 520 434 de
548 393 611 434 re
634 376 881 435 memini
908 391 1021 433 nos
1055 375 1384 450 aliquando
1422 377 1574 435 inter
1603 374 2102 434 confabulationis

442 465 742 539 colloquia
791 464 1070 522 incidisse
1120 464 1183 521 in
1232 465 1600 523 mentionem
1659 470 1880 524 sanctae
1928 463 2098 530 Fidis,

440 555 991 628 miraculorumque
1020 554 1169 626 ejus,
1203 570 1340 628 qum
1387 554 1450 611 in
1496 555 1629 611 loco
1674 550 2103 613 Concathensis

440 644 720 714 coanobii,
747 645 851 702 ubi
889 650 1341 702 sacrosanctum
1372 660 1593 719 corpus
1620 644 1780 701 illius
1807 658 2100 700 veneran-

441 737 529 791 ter
567 734 873 803 excolitur,
906 734 1341 807 omnipotentia
1396 734 1605 792 Christi
1648 734 1801 790 tiunt
1838 732 2097 789 assidue.

440 825 609 897 Qum,
637 824 782 899 quia
808 824 1029 898 partim
1053 824 1396 896 vulgarium
1428 824 1592 881 fama
1622 822 1908 880 celebrari
1935 822 2099 878 vide-

436 912 680 982 bantur,
708 914 925 987 partim
972 912 1117 987 quia
1163 912 1435 970 inaudita
1485 913 1884 980 habebantur,
1934 910 2101 967 haud

439 1003 608 1061 aliter
635 1020 823 1077 quam
868 1003 1067 1060 inanis
1118 1003 1337 1060 fabulae
1380 1007 1724 1059 commenta
1752 1017 1789 1058 a
1815 1001 1935 1057 ﬁde
1962 1001 2098 1072 reji-

439 1093 768 1151 ciebantur.
819 1096 885 1149 Et
913 1097 1039 1149 tum
1093 1109 1233 1149 cum
1278 1092 1443 1165 quod
1472 1108 1684 1148 verum
1712 1096 1839 1148 erat
1866 1106 1973 1164 per
2005 1105 2101 1146 vo-

436 1182 730 1239 luntatem
783 1182 882 1239 Dei
931 1182 1097 1238 silere
1147 1197 1271 1237 non
1318 1186 1571 1255 poterat,
1603 1180 1849 1255 verique
1894 1180 2099 1254 opinio

437 1288 593 1345 pene
638 1288 746 1345 per
791 1271 1136 1328 universam
1177 1275 1478 1344 Europam
1526 1262 1661 1344 'jam
1717 1271 2095 1339 discurreret,

437 1359 729 1433 paulatim
762 1359 945 1416 subiit
975 1359 1125 1415 mihi
1175 1359 1238 1416 in
1268 1359 1446 1416 corde
1488 1360 1664 1417 tacita
1693 1364 1750 1417 et
1778 1359 2097 1417 oblivionis

436 1447 753 1519 impatiens
795 1447 1094 1519 cogitatio,
1148 1448 1230 1504 uti
1286 1449 1488 1521 ipsum
1540 1454 1762 1506 sanctas
1813 1448 2092 1521 martyris

435 1535 846 1592 habitaculum
885 1536 1098 1592 eodem
1150 1536 1418 1593 discendi
1468 1537 1667 1594 studio
1711 1536 1960 1593 adirem.
1992 1540 2095 1593 Po-

2214 372 2489 445 tiquiora,
2514 390 2896 447 quorumque
2926 379 3101 433 testes
3133 376 3195 432 in
3219 383 3527 452 promptu,
3554 396 3678 437 non
3711 380 3896 438 fabu-

2210 462 2427 530 losam,
2480 462 2589 519 sed
2644 463 3152 521 evidentissimam
3211 468 3514 525 veritatem
3571 469 3887 544 liquerint,

2211 567 2453 608 mecum
2474 552 2536 608 in
2556 552 2814 626 patriam
2837 556 2957 610 Deo
2986 555 3138 611 duce
3159 555 3553 613 deferendum
3573 558 3885 629 delibero;

2209 657 2334 714 quo
2364 642 2638 699 videlicet
2678 643 3037 714 diligentiori
3066 646 3244 702 datus
3291 648 3431 719 otio,
3464 649 3890 708 abundantio-

2209 745 2339 787 rem
2380 730 2618 787 lecturis
2663 732 2881 790 faciam
2924 732 3260 791 lectionem.
3297 739 3427 792 Haec
3456 753 3621 808 ergo,
3660 745 3892 796 morta-

2207 818 2359 877 lium
2387 820 2748 891 doctissime,
2782 839 2920 879 cum
2947 824 3267 897 acceperis,
3289 826 3429 882 artis
3456 833 3693 884 tantum
3724 830 3892 902 posi-

2210 910 2437 967 tionem
2486 912 2754 983 corrige:
2815 929 2957 969 nam
3010 914 3302 988 quidquid
3362 917 3508 974 mihi
3562 924 3891 975 narratum

2208 999 2402 1071 fuerit,
2435 1002 2714 1074 quamvis
2744 1003 3019 1060 indoctus
3050 1009 3106 1060 et
3136 1012 3293 1061 recte
3341 1006 3606 1063 dictandi
3636 1007 3891 1082 imperi-

2207 1092 2323 1157 tus,
2355 1105 2478 1146 non
2512 1095 2711 1147 tamen
2741 1091 2992 1165 simplex
3023 1093 3103 1151 ad
3133 1093 3504 1151 audiendum
3543 1112 3657 1152 nec
3689 1098 3889 1153 facilis

2208 1194 2309 1235 ero
2355 1179 2431 1235 ad
2471 1180 2875 1249 credendum;
2929 1186 3030 1238 aut
3068 1183 3292 1255 potius,
3324 1184 3370 1240 si
3398 1184 3627 1241 {uadum
3660 1185 3770 1242 tibi
3799 1187 3891 1242 vi-

2206 1270 2380 1325 detur
2409 1269 2632 1341 stylum
2657 1270 2952 1343 imparem
2972 1272 3239 1328 materiae
3271 1274 3581 1331 materiam
3624 1275 3887 1348 polluis-

2207 1374 2290 1429 se,
2318 1363 2382 1415 tu
2432 1363 2486 1415 te
2540 1359 2646 1415 tibi
2692 1360 2859 1417 salva
2896 1360 3312 1418 benevolentia
3336 1380 3494 1433 mea,
3527 1380 3713 1438 quem
3739 1380 3888 1421 con-

2204 1452 2322 1505 stat
2348 1448 2520 1505 unice
2549 1452 2611 1505 in
2640 1449 2910 1506 altiorem
2944 1451 3250 1524 sapientiae
3280 1454 3537 1523 gradum
3587 1455 3882 1526 evasisse,

2204 1543 2328 1595 tam
2356 1538 2555 1595 nobile
2586 1543 2829 1612 tamque
2862 1540 3192 1609 gloriosum
3223 1542 3425 1599 thema
3453 1543 3641 1599 nobili
3661 1543 3886 1614 glorio-

437 1629 656 1682 stremo
686 1625 839 1682 adeo
868 1642 962 1681 res
990 1625 1164 1682 rediit
1190 1626 1329 1696 huc,
1363 1631 1427 1683 ut
1455 1627 1576 1683 voti
1615 1627 1755 1683 inde
1786 1626 1924 1683 facti
1950 1630 2096 1683 tem-
2136 1627 2177 1682 Β
2207 1643 2396 1701 soque
2428 1626 2584 1700 stylo
2615 1627 2935 1685 decoratus
2965 1646 3158 1695 sume,
3180 1645 3255 1685 ne
3284 1630 3500 1687 veritas
3525 1632 3690 1688 malo
3722 1633 3884 1705 stylo

436 1730 552 1787 pus
579 1714 881 1788 diemque,
912 1730 988 1771 ne
1012 1714 1256 1771 daretur
1279 1715 1586 1786 oblivioni,
1605 1715 1669 1771 in
1698 1714 1966 1772 manuali
1996 1731 2095 1771 co-

437 1803 651 1859 dicello
678 1804 1035 1860 notaverim.
1064 1808 1292 1862 Interea
1321 1820 1505 1861 causa
1528 1805 1724 1863 existit
1752 1821 1875 1879 qua
1905 1805 1985 1861 ad
2004 1821 2099 1860 ur-

438 1893 579 1949 bem
632 1894 1149 1964 Andegavensem,
1206 1894 1285 1951 ab
1340 1895 1527 1969 ipsius
1588 1896 1753 1952 urbis
1812 1896 2096 1969 episcopo

437 1988 737 2053 exoratus,
769 1985 1279 2056 transmigrarem,
1308 1984 1411 2041 ubi
1456 1985 1573 2042 fere
1621 2002 1729 2060 per
1776 1985 2098 2042 triennium

438 2086 547 2146 per
574 2073 784 2129 inanes
813 2089 1029 2144 nugas,
1047 2078 1114 2131 ut
1140 2090 1350 2131 verum
1382 2074 1687 2143 conﬁtear,
1716 2080 1951 2149 tempus
1978 2079 2100 2130 stu-

438 2162 522 2218 dii
564 2167 899 2236 conterens,
931 2153 1158 2221 excessi
1202 2169 1404 2221 tamen
1434 2165 1555 2222 voti
1603 2165 1829 2239 quippe
1870 2165 2099 2221 bonam

438 2253 945 2325 opportunitatem
990 2254 1440 2326 exspectabam,
1472 2270 1596 2327 qua
1639 2254 2097 2311 succedentibus

437 2341 782 2414 multiplicis
833 2358 990 2399 cura
1041 2343 1557 2417 occupationibus,
1610 2343 1762 2400 adeo
1809 2360 1906 2400 me
1947 2343 2097 2400 falsa

439 2430 885 2504 exspectatione
916 2432 1173 2489 reddidit
1202 2433 1501 2503 delusum,
1528 2437 1591 2489 ut
1619 2433 1778 2489 velut
1801 2433 1981 2506 piscis
2008 2435 2097 2490 in-

440 2525 531 2577 tra
556 2520 712 2577 linea
763 2521 1024 2578 claustra
1052 2527 1282 2595 captus,
1314 2539 1438 2597 quo
1476 2523 1671 2593 magis
1701 2524 1966 2596 expediri
1996 2539 2095 2579 co-

439 2609 651 2681 nabar,
683 2625 757 2667 eo
795 2611 1169 2681 gravioribus
1214 2612 1389 2672 malis
1429 2612 1784 2685 implicarer.
1829 2613 2095 2669 Tandem

438 2715 583 2755 vero
612 2714 688 2755 ne
718 2700 833 2757 sub
862 2716 1032 2773 spem
1072 2701 1447 2758 adversitatis
1476 2701 1721 2758 desidiae
1752 2719 1900 2758 mete
1930 2702 2094 2758 vide-

439 2803 534 2845 rer
549 2789 1023 2861 consulere,cum
1040 2790 1218 2847 etiam
1246 2791 1511 2848 occultos
1532 2795 1589 2847 et
1605 2808 1757 2864 pene
1788 2791 2095 2850 inextrica-

441 2876 592 2933 biles
620 2877 917 2935 diabolica
945 2878 1156 2935 fraude
1183 2879 1331 2935 mihi
1354 2881 1762 2953 praesentirem
1789 2881 1987 2954 parari
2015 2881 2096 2937 la-

2206 1732 2448 1773 corrosa
2484 1715 2821 1786 legentibus
2848 1719 3106 1786 horreat,
3137 1734 3207 1774 ac
3238 1735 3345 1792 per
3373 1720 3485 1775 hoc
3517 1737 3613 1776 res
3644 1721 3885 1794 optima

2206 1806 2488 1863 vilescat:
2536 1822 2681 1861 nam
2737 1809 2967 1863 tantam
3022 1808 3321 1881 talemque
3374 1809 3683 1866 historiam
3744 1816 3882 1867 tan-

2206 1912 2393 1969 quam
2424 1895 2672 1966 abjectis
2705 1896 3079 1969 sapientibus
3113 1913 3440 1971 occupasse
3469 1905 3882 1973 praesumpto-

2205 1985 2286 2041 ris
2311 1985 2510 2060 potius
2540 1990 2629 2042 est
2655 1986 3028 2060 improbitas,
3048 1987 3164 2044 nisi
3194 1988 3339 2062 quia
3364 2004 3545 2046 causa
3574 1988 3634 2045 in
3669 1990 3882 2047 medio

2205 2076 2439 2149 prolata
2469 2090 2566 2130 me
2596 2075 2676 2131 ab
2726 2076 2838 2131 hac
2869 2076 3138 2132 audaciae
3168 2082 3309 2133 nota
3343 2077 3478 2133 facit
3506 2076 3877 2145 immunem,

2207 2179 2415 2236 quam,
2448 2168 2515 2221 ut
2542 2164 2915 2221 manifestius
2946 2166 3201 2235 edicam,
3236 2166 3448 2227 melius
3491 2170 3583 2222 est
3609 2168 3882 2224 ccelestia

2204 2252 2518 2322 miracula,
2536 2254 2798 2311 necdum
2829 2254 2980 2310 sicut
3008 2271 3166 2312 nova
3188 2260 3245 2311 et
3275 2255 3545 2323 indubia,
3571 2273 3607 2312 a
3632 2257 3880 2313 schola-

2206 2342 2354 2397 stico
2397 2342 2733 2414 quamlibet
2779 2343 3019 2399 indocto
3065 2343 3234 2400 salva
3279 2344 3520 2401 veritate
3563 2349 3877 2418 utcunque

2204 2431 2359 2487 tradi
2387 2430 2613 2496 litteris,
2636 2448 2826 2505 quam
2848 2433 2926 2489 ab
2945 2433 3166 2503 ignotis
3197 2434 3408 2489 mundi
3430 2434 3701 2507 partibus
3724 2436 3881 2491 osci-

2204 2525 2432 2578 tantem
2462 2538 2568 2594 spe
2598 2521 2785 2578 duhia
2831 2527 3132 2580 oratorem
3160 2524 3512 2596 exspectari.
3551 2527 3701 2594 Ergo
3746 2541 3876 2581 non

2205 2608 2362 2664 adeo
2391 2609 2730 2681 culpandus
2758 2610 2901 2666 mihi
2935 2611 3162 2680 videor,
3188 2612 3234 2666 si
3257 2611 3474 2667 divina:
3506 2613 3712 2682 gratiae
3742 2630 3879 2668 mu-

2202 2715 2351 2755 nera
2397 2715 2506 2772 pro
2556 2699 2781 2755 viribus
2825 2702 3144 2773 propalare
3194 2702 3515 2772 contendo,
3546 2719 3685 2758 cum
3735 2703 3878 2777 ipsa

2205 2789 2563 2862 scriptorum
2596 2789 2800 2862 inopia
2851 2795 2915 2846 ut
2956 2790 3019 2846 id
3064 2807 3246 2862 agam
3271 2792 3653 2848 vehementer
3682 2809 3875 2865 expo-

2202 2877 2399 2934 stulat.
2437 2880 2514 2933 De
2555 2882 2768 2934 caetero
2808 2879 2912 2952 qui
2952 2881 3067 2936 hoc
3096 2881 3301 2937 lecturi
3341 2881 3505 2944 estis,
3538 2897 3761 2937 moneo
3795 2899 3876 2939 ne

441 2982 655 3039 queos,
702 2982 1067 3041 prorsusque
1096 2972 1219 3024 arte
1249 2969 1493 3027 inimica
1520 2986 1556 3026 a
1595 2971 1801 3044 coeptis
1832 2971 2092 3041 cogitan-
2129 2973 2171 3026 C
2199 2966 2262 3023 in
2288 2968 2470 3039 hujus
2501 2968 2806 3041 scripturae
2845 2970 3168 3025 concordia
3198 2970 3701 3041 scandalizemini,
3727 2988 3878 3028 con-

443 3057 566 3110 tem
593 3055 669 3112 de
696 3054 872 3111 bonis
892 3055 1230 3127 absterreri,
1247 3057 1592 3130 postpositis
1619 3064 1860 3133 repente
1890 3059 2094 3129 rebus,

444 3142 525 3199 ad
551 3141 956 3200 desideratum
977 3144 1252 3215 gloriosas
1276 3147 1555 3219 martyris
1584 3148 1963 3205 mausoleum
1985 3151 2096 3204 Do-

443 3232 611 3289 mino
635 3232 889 3290 ducente
914 3233 1177 3307 perveni.
1208 3235 1311 3292 Hic
1343 3251 1486 3308 ergo
1515 3237 1590 3293 de
1615 3237 1930 3294 virtutibus
1962 3252 2095 3293 san-

442 3325 550 3377 ctae
582 3320 754 3389 Fidis,
785 3326 1107 3396 postquam
1134 3323 1377 3381 sollicite
1404 3326 1559 3398 coepi
1587 3325 1909 3399 inquirere,
1932 3330 2097 3383 tanta

443 3410 739 3467 adiversis
751 3410 1106 3468 relatoribus
1125 3412 1555 3469 miraculorum
1572 3413 1878 3471 aﬂluentia
1899 3415 2094 3470 abun-

441 3499 626 3569 davit,
652 3504 717 3556 ut
744 3500 858 3556 nisi
886 3500 1172 3557 audiendi
1197 3502 1415 3559 ardens
1445 3506 1599 3559 esset
1622 3503 1884 3571 animus,
1904 3503 2094 3559 nimio

442 3589 619 3645 taedio
647 3589 950 3647 aﬂicerent
975 3590 1308 3648 cerebrum.
1345 3594 1561 3649 Verum
1590 3594 1734 3666 quia
1763 3594 1963 3666 ipsum
1989 3594 2095 3648 ho-

441 3678 688 3752 minem,
720 3680 891 3751 cuius
932 3679 1089 3736 oculi
1128 3679 1387 3737 violenta
1417 3680 1639 3738 ultione
1680 3682 1965 3738 radicitus
1994 3681 2097 3737 ai»

442 3768 639 3825 stracti
669 3768 925 3835 fuerant,
952 3773 1007 3826 et
1036 3770 1428 3843 postmodum
1470 3771 1640 3827 salva
1685 3776 1916 3827 naturae
1945 3771 2094 3828 inte-

442 3858 648 3928 gritate
672 3858 993 3927 reformati,
1024 3858 1150 3933 ipse
1174 3859 1373 3917 videre
1401 3860 1614 3931 merui,
1641 3865 1697 3917 et
1724 3876 1886 3917 nunc
1916 3860 2095 3917 etiam

438 3947 523 4004 ibi
551 3948 648 4005 hic
684 3949 928 4005 homine
956 3948 1215 4005 dictante
1241 3950 1437 4018 video,
1470 3950 1805 4023 eodemque
1834 3950 2094 4023 proden-

440 4041 517 4105 te,
544 4037 826 4095 universa
854 4041 1164 4095 atmstante
1188 4038 1517 4112 provincia,
1542 4038 1682 4095 novi
1707 4057 1720 4107 ;
1748 4038 2012 4111 primum
2034 4038 2095 4095 id

442 4130 735 4200 tanquam
771 4127 1200 4185 miraculorum
1228 4128 1691 4186 fundamentum
1718 4133 2094 4185 cteterorum-

442 4230 559 4287 que
586 4214 822 4273 lectioni
850 4215 1237 4273 inserendum
1265 4223 1432 4291 puto,
1464 4234 1586 4275 non
1620 4218 1815 4274 solum
1846 4234 2094 4274 sensum

2205 3057 2579 3131 sequentiam
2611 3063 2951 3131 temporum
2980 3064 3347 3133 quaerentes;
3396 3076 3520 3117 non
3551 3061 3709 3118 enim
3739 3077 3879 3135 per-

2204 3146 2379 3203 mittit
2406 3163 2502 3203 me
2549 3147 2781 3203 instans
2830 3148 3122 3204 redeundi
3166 3149 3489 3205 necessitas
3533 3150 3610 3205 ad
3642 3165 3876 3222 purum

2202 3234 2583 3305 investigare,
2615 3235 2726 3291 nisi
2760 3252 2830 3292 ea
2878 3253 3014 3309 quae
3065 3237 3191 3292 sine
3235 3237 3592 3293 detrimento
3636 3238 3878 3295 fructus

2204 3324 2629 3381 misericordiae
2674 3326 2918 3381 minime
2960 3332 3099 3382 sunt
3135 3327 3660 3399 praetermittenda.
3702 3328 3878 3384 Unde

2203 3429 2326 3470 non
2357 3414 2452 3471 hic
2480 3414 2539 3469 in
2568 3414 2683 3471 hac
2714 3415 3007 3488 scriptura
3033 3416 3188 3486 libri,
3222 3433 3404 3490 quem
3437 3418 3516 3472 De
3546 3418 3874 3475 virtutibus

2204 3508 2425 3560 sanctis
2457 3503 2609 3560 Fidis
2640 3508 2755 3561 Deo
2786 3512 3144 3578 cooperante
3174 3506 3453 3562 exordior
3473 3523 3871 3580 componere,

2204 3608 2503 3650 annorum
2532 3594 2703 3665 ordo,
2734 3594 2839 3651 sed
2879 3595 3307 3652 miraculorum
3349 3596 3743 3653 concordabit
3793 3600 3874 3654 si-

2202 3683 2496 3754 militudo,
2524 3700 2786 3756 quorum
2829 3682 3156 3741 inviolabili
3198 3687 3442 3742 veritate
3487 3686 3876 3757 diligentissi-

2203 3790 2300 3851 me
2330 3791 2366 3830 a
2396 3790 2492 3829 me
2522 3775 2837 3848 exquisita,
2866 3775 3011 3848 quia
3039 3776 3186 3833 nihil
3216 3777 3434 3844 verius,
3467 3793 3681 3850 precor
3708 3784 3779 3835 ut
3808 3779 3877 3835 ﬁ-

2202 3864 2343 3919 dem
2390 3862 2597 3920 relatui
2648 3864 2826 3937 pleno
2876 3865 3055 3922 corde
3099 3867 3521 3935 accomodetis,
3566 3884 3642 3923 ne
3692 3868 3874 3925 vobis

2204 3957 2424 4010 sanctae
2471 3954 2720 4027 martyri
2749 3954 3141 4027 postmodum
3184 3955 3384 4010 minus
3435 3950 3766 4026 Herogasse
3801 3957 3876 4013 sit

2205 4039 2388 4094 satius
2416 4056 2429 4093 ε
2464 4042 2568 4093 aut
2590 4038 2807 4111 potius,
2842 4039 2890 4094 si
2920 4039 3001 4096 rei
3032 4039 3391 4113 prodigiosae
3438 4040 3723 4097 inusitata
3766 4058 3876 4097 no-

2202 4128 2353 4184 vitas
2381 4142 2494 4183 nos
2538 4126 2863 4200 perturbat,
2896 4127 2960 4182 id
3007 4144 3186 4200 super
3232 4128 3436 4184 omnia
3465 4144 3499 4184 a
3528 4132 3727 4185 vestra
3758 4128 3878 4187 fra-

2203 4214 2475 4271 ternitate
2519 4214 2925 4288 procumbens
2965 4218 3292 4272 terratenus
3338 4222 3495 4290 peto,
3529 4216 3616 4273 uti
3658 4222 3876 4273 nostro

443 4317 475 4357 e
503 4318 704 4371 sensu,
732 4304 836 4360 sed
863 4304 1043 4361 etiam
1068 4306 1322 4362 verbum
1351 4323 1381 4362 e
1407 4306 1609 4374 verbo,
1639 4310 1704 4363 ut
1731 4306 1808 4363 ab
1833 4307 1962 4377 ejus
1991 4320 2093 4362 ore
2130 4320 2176 4373 ι)
2203 4308 2471 4378 tempore
2500 4320 2623 4360 non
2650 4308 2772 4360 tam
2802 4304 3087 4360 orationis
3124 4321 3308 4377 quam
3340 4321 3525 4362 causa
3556 4306 3879 4379 experien-

440 4392 645 4460 audio,
670 4393 975 4451 brevitatis
1002 4394 1232 4452 alienus
1256 4395 1503 4467 longam
1533 4395 1673 4454 satis
1701 4395 1926 4453 lineam
1952 4411 2091 4451 nar-

440 4480 686 4539 rationis
716 4482 1055 4540 exordiens.
1104 4487 1238 4541 Post
1286 4485 1416 4541 haec
1463 4500 1606 4541 vero
1653 4501 1762 4557 pro
1802 4482 2095 4541 redeundi

441 4570 814 4629 festinatione
842 4588 1149 4646 perpauca
1193 4573 1448 4647 adjicere
1492 4573 1803 4642 miracula,
1834 4572 2094 4645 reliquo-

440 4676 578 4717 rum
620 4677 763 4719 vero
790 4662 1135 4736 pulchriora
1164 4677 1408 4719 summa
1435 4660 1718 4719 brevitate
1749 4661 2097 4733 cursimque

2203 4395 2319 4463 tiae,
2351 4400 2407 4451 et
2450 4410 2557 4450 vos
2586 4410 2830 4467 quoque
2873 4410 2971 4451 me
3020 4410 3290 4465 regresso
3338 4396 3454 4452 huc
3488 4395 3768 4466 veniatis,
3797 4414 3877 4453 ne

2202 4483 2614 4555 intempestive
2644 4482 2864 4539 falsum
2890 4483 3166 4555 judicetis
3211 4484 3521 4557 inexperti,
3547 4486 3727 4556 cujus
3776 4502 3879 4542 ve-

2203 4572 2437 4629 ritatem
2462 4572 2617 4629 ultro
2647 4572 3038 4646 propalabitis
3064 4574 3309 4647 experti.

990 4808 1187 4926 DE
1302 4803 2097 4927 MIBACULIS

2208 4800 2801 4925 SANCT/E
2914 4803 3308 4924 FIDIS

1969 4996 2344 5086 LIBER.

443 5125 640 5199 (Apud
668 5126 1001 5207 habbeum,
1038 5125 1414 5207 Βὶζφιὶοςζιρεα
1437 5138 1600 5207 330cc
1629 5139 1766 5207 ξτες,
1791 5126 1934 5206 tom.
1970 5127 2038 5207 11,
2064 5137 2203 5207 pag,
2216 5127 2354 5207 .531,
2378 5138 2453 5207 ex
2478 5122 2659 5179 veteri
2688 5139 2801 5207 ms.
2828 5122 3032 5207 codice
3057 5123 3882 5207 Byzuntinaaﬁhiﬂletiorum

688 5165 1414 5257 ί)ιῖὖῆδίἓῖιὲ
1436 5165 1608 5252 956$
1639 5165 1950 5253 tirancisco
1970 5165 2270 5254 ὶῖιῖἓῗὲιὶο
2298 5165 2576 5265 theologo
2608 5195 2904 5253 societatis
2932 5165 3612 5267 Jesu,Jcommunicato.)

995 5297 1219 5353 CAPUT
1254 5296 1537 5351 PRIMUM.

442 5384 528 5441 De
573 5383 879 5456 Witberto,
906 5386 1078 5456 cujus
1099 5385 1298 5441 oculos
1320 5383 1612 5441 radicitus
1632 5385 1862 5441 evulsas
1881 5387 2094 5441 sancta

938 5474 1115 5531 Fides
1142 5474 1594 5545 redintegravit.

512 5565 723 5624 Adhuc
750 5565 811 5623 in
852 5580 1014 5639 pago
1042 5563 1345 5631 Rutenico,
1378 5563 1479 5619 ubi
1527 5568 1584 5620 et
1622 5561 1971 5619 beatissima
2001 5576 2091 5617 re-

437 5652 691 5726 quiescit
704 5653 874 5712 I‘ides
886 5653 951 5711 in
960 5651 1176 5711 vicinia
1187 5652 1304 5710 vici
1313 5648 2095 5724 Cenchaeensis,presbyter

2203 5290 2475 5365 quidam,
2508 5291 2793 5348 Geraldus
2838 5290 3106 5363 nomine,
3135 5296 3434 5364 superstes
3476 5292 3732 5365 habitat,
3761 5295 3883 5367 qui

2199 5379 2412 5437 habuit
2439 5380 2934 5450 consangineum,
2968 5396 3039 5437 ac
3077 5380 3140 5437 in
3180 5380 3508 5454 pontiﬁcali
3546 5382 3884 5441 conﬁrma-

2199 5468 2359 5526 tione
2378 5468 2589 5540 ﬁlium,
2602 5470 2846 5527 nomine
2864 5469 3246 5539 Witbertum,
3265 5487 3390 5527 suae
3418 5471 3641 5527 domus
3657 5487 3887 5531 verna-

2201 5558 2425 5626 culum,
2443 5575 2766 5633 rerumque
2788 5575 3034 5616 suarum
3055 5565 3507 5633 procuratorem
3526 5565 3880 5619 strenuum.

2201 5648 2306 5705 Hie
2332 5648 2663 5722 aliquando
2692 5650 3021 5709 Witbertus
3041 5649 3367 5708 festivitatis
3388 5650 3582 5721 gratia
3602 5651 3683 5708 ad
3708 5653 3882 5709 Con-
