4048 6178
228 101 328 152 133
1349 105 1482 160 LIB.
1525 103 1616 159 DE
1655 99 2040 158 MIRACULIS
2084 101 2376 162 SANCTE
2419 108 2617 167 FlDIS.
3619 137 3720 191 134.

223 222 404 276 chain
433 224 798 293 perrexerat.
849 224 1282 300 Completaque
1329 228 1405 284 de
1450 244 1616 284 more
1657 225 1912 282 solemni
1952 228 2001 280 Α
2032 232 2282 298 repente
2339 231 2500 288 idem
2561 235 2803 310 elapsus
2859 240 2938 298 ab
2997 259 3175 317 equo,
3227 247 3426 319 digitis
3489 255 3715 327 quibus

221 310 649 381 lucubratione
701 310 946 381 vigiliae,
1009 314 1072 370 in
1129 317 1414 387 crastino,
1467 318 1528 373 id
1557 321 1648 373 est
1678 318 1740 372 in
1780 316 1914 389 ipso

225 399 626 457 solemnitatis
679 399 797 468 die,
856 402 1121 462 recidivo
1172 408 1407 464 redibat
1453 406 1706 474 tramite,
1770 422 1914 462 cum

223 488 482 546 offendit
511 489 752 545 sinistra
769 489 1015 549 fortuna
1040 496 1356 566 praefatum
1379 496 1694 552 dominum
1728 511 1916 550 suum

222 577 466 634 occulto
517 578 626 634 zeli
681 577 824 634 odio
875 581 1168 639 adversus
1210 603 1271 641 se
1299 591 1688 642 commotum.
1744 589 1916 639 Hunc

222 667 568 741 presbyter,
630 685 773 723 cum
806 668 869 724 in
895 673 1212 742 peregrino
1241 675 1451 732 habitu
1482 676 1753 732 cominus
1784 689 1918 730 cer—

222 763 415 827 neret,
451 757 652 812 verbis
685 758 962 830 pacificis
993 760 1056 816 in
1076 764 1272 835 primo
1303 781 1549 835 agressu
1580 767 1660 822 ita
1691 764 1918 821 affatus

221 851 310 902 est
343 864 357 901 :
395 870 423 894 α
463 849 635 917 Ecce,
669 845 1026 917 \Vitbertus,
1060 854 1340 927 Romeus,
1369 860 1434 911 ut
1453 855 1648 922 video,
1669 855 1924 911 effectus

220 951 284 989 BS
321 953 334 1000 ;
374 959 404 983 η
433 935 520 990 sic
547 934 715 990 enim
755 935 820 990 in
853 937 1070 994 eadem
1123 943 1314 1014 patria
1365 949 1714 999 sanctorum
1762 941 1922 1014 peri-

219 1023 377 1093 grini
411 1023 825 1097 appellantur.
854 1048 882 1070 «
910 1029 1005 1083 Est
1032 1031 1337 1102 respondit
1367 1051 1379 1098 ;
1414 1033 1614 1098 etiam,
1648 1032 1920 1101 domine,

217 1129 254 1169 a
285 1113 614 1170 festivitate
668 1120 899 1170 sanctae
947 1117 1108 1173 Fidis
1153 1128 1476 1179 revertens.
1525 1147 1550 1172 ››
1591 1127 1737 1179 Tum
1776 1138 1920 1178 vero

217 1201 293 1258 de
327 1203 566 1258 caeteris
597 1204 781 1277 quasi
809 1205 1203 1264 amicabiliter
1230 1212 1551 1285 exquisito,
1593 1213 1695 1268 dat
1731 1213 1918 1269 licen-

217 1292 367 1347 tiam
391 1292 688 1348 abeundi.
715 1299 788 1350 At
819 1311 959 1351 cum
995 1298 1310 1369 paululum
1360 1318 1487 1358 sese
1527 1303 1914 1375 praeterirent,

215 1382 561 1454 respiciens
596 1389 737 1454 post
765 1389 1000 1456 tergum
1029 1388 1292 1445 Judaicse
1330 1391 1686 1464 proditionis
1727 1409 1920 1448 sacer—

215 1469 396 1526 dotes
429 1470 504 1534 (si
535 1475 749 1527 tamen
784 1474 1176 1544 sacerdotem,
1211 1479 1315 1550 qui
1361 1480 1669 1548 sacrilegio
1717 1497 1915 1536 sacer-

2035 321 2317 414 sanctum
2351 321 2566 380 Christi
2606 342 2824 400 corpus
2879 337 3250 394 contrectare
3298 321 3709 414 consueverat,

2037 405 2130 460 sui
2184 407 2351 465 ﬁlioli
2399 413 2608 469 oculos
2667 417 2954 476 violenter
3008 425 3343 500 abstraxit,
3419 405 3712 508 humique

2037 495 2410 597 negligenter
2458 505 2725 575 projecit.
2787 512 2915 566 Non
2969 513 3094 570 sine
3151 495 3383 575 virtutis
3449 495 3712 597 superna

2037 588 2374 656 praesentia,
2435 608 2571 663 quas
2615 611 2738 652 non
2775 598 2911 656 sinit
2965 602 3243 661 homines
3288 588 3707 669 divinae-curae

2040 680 2356 766 exsortes,
2436 685 2492 736 et
2539 699 2777 758 semper
2825 689 2994 746 adest
3045 708 3233 766 prope
3288 697 3708 758 invocantibus

2041 778 2102 862 se
2134 763 2193 818 in
2226 767 2489 838 veritate,
2521 771 2780 847 facitque
2825 763 3118 848 judicium
3157 763 3439 855 injuriam
3483 791 3706 862 patien-

2040 851 2218 941 tibus.
2251 859 2398 913 Nam
2427 861 2531 932 qui
2566 867 2690 919 tum
2722 865 2945 923 ibidem
2977 851 3240 941 adfuere,
3289 851 3528 934 cernere
3570 897 3707 936 con-

2037 939 2205 998 tinuo
2234 945 2474 1005 niveam
2503 967 2773 1011 meruere
2804 957 3191 1030 columbam;
3251 969 3354 1020 aut
3409 972 3582 1036 certe,
3640 975 3707 1026 ut

2034 1029 2168 1128 ipse
2245 1034 2443 1092 adhuc
2534 1046 2801 1113 patrator
2876 1047 3112 1104 sceleris
3184 1052 3331 1109 solet
3394 1070 3656 1113 asserere
3690 1102 3704 1128 ,

2032 1119 2171 1214 pica
2217 1125 2451 1214 exstitit.
2530 1131 2670 1195 Quae
2728 1133 2884 1204 pica,
2931 1137 3023 1192 vel
3098 1139 3382 1199 columba
3411 1189 3424 1214 ,
3485 1119 3706 1203 ocellos

2031 1210 2236 1268 miseri
2289 1219 2509 1274 recenti
2569 1237 2778 1279 cruore
2837 1224 3013 1282 illitos
3070 1228 3132 1284 in
3203 1230 3336 1302 ipsa
3403 1234 3552 1290 hora
3610 1252 3708 1291 su-

2032 1302 2222 1374 scepit
2252 1304 2330 1359 ab
2360 1306 2570 1379 humo,
2608 1328 2914 1387 supraque
2946 1322 3282 1376 montuosae
3315 1322 3535 1379 telluris
3579 1324 3706 1380 alti-

2030 1391 2305 1449 tudinem
2358 1395 2609 1467 elevata,
2667 1403 2746 1457 ad
2801 1403 3072 1462 Conchas
3125 1408 3352 1467 deferre
3417 1413 3545 1470 visa
3593 1418 3699 1470 est.

2031 1481 2209 1545 Quod
2238 1487 2439 1540 tamen
2469 1487 2631 1545 idem
2663 1507 2801 1546 cum
2831 1493 3078 1551 vidisset
3126 1499 3470 1570 sacrilegus,
3515 1503 3704 1574 paeni-

215 1558 460 1614 dotium
491 1561 894 1628 contaminat,
950 1566 1148 1621 vocari
1197 1567 1289 1622 fas
1320 1573 1426 1632 est)
1478 1570 1649 1641 jubet
1685 1570 1917 1626 homini
1957 1583 1997 1636 Β
2029 1570 2240 1626 tudine
2280 1573 2495 1631 ductus
2521 1577 2843 1652 lacrymari
2870 1585 3048 1656 etrapit
3092 1558 3413 1658 profusius.
3458 1558 3574 1648 Ὀίιί

216 1653 282 1701 ut
313 1647 637 1720 paulisper
665 1649 975 1721 operiatur
1005 1669 1083 1709 se.
1118 1657 1313 1720 Quem
1344 1663 1726 1727 consecutus,
1775 1675 1916 1714 mox

217 1750 252 1790 a
285 1735 415 1789 suis
447 1736 780 1808 utrobique
836 1739 1118 1798 vallatum
1165 1745 1354 1800 teneri
1408 1747 1693 1818 praecipit.
1744 1747 1917 1812 Quod

218 1841 360 1880 cum
392 1824 491 1879 ille
524 1825 799 1892 vidisset,
840 1828 1019 1885 nimio
1049 1839 1222 1890 metu
1272 1835 1705 1904 intremiscens,
1760 1853 1918 1893 sum-

217 1930 323 1968 ma
354 1915 530 1984 cujus
558 1915 836 1970 criminis
867 1928 1169 1990 arguatur,
1201 1925 1551 1996 percontari
1573 1927 1768 1998 cuepit.
1814 1928 1916 1982 Cui

221 2004 310 2058 vir
338 2004 615 2075 perfidus
656 2006 1076 2076 hujuscemodi
1108 2015 1439 2070 minaciter
1465 2015 1627 2071 dedit
1674 2032 1918 2088 respon-

216 2109 400 2150 sum:
437 2117 463 2139 ‹‹
496 2094 719 2149 Malum
767 2096 910 2152 mihi
958 2101 1171 2171 fecisti,
1234 2109 1293 2160 et
1344 2106 1517 2177 pejus
1570 2104 1795 2161 factum
1834 2107 1917 2161 ire

214 2199 431 2256 paras;
466 2188 524 2239 et
561 2184 701 2240 ideo
754 2201 871 2240 non
926 2187 1094 2247 aliter
1150 2209 1360 2266 quam
1399 2193 1544 2266 ipsis
1590 2195 1704 2250 tuis
1730 2197 1918 2252 oculis

217 2273 618 2342 satisfaciens,
645 2273 793 2329 mihi
823 2280 1202 2353 supplicium
1239 2282 1418 2337 dabis
1450 2301 1461 2349 ;
1505 2305 1534 2332 »
1566 2299 1675 2338 nec
1717 2289 1918 2341 tamen

217 2364 507 2436 apertius,
559 2364 736 2438 quasi
784 2382 898 2438 prae
953 2371 1232 2443 pudore,
1277 2371 1615 2441 designavit
1662 2374 1916 2431 modum

221 2455 438 2527 culpae.
472 2457 746 2528 Namque
787 2461 869 2514 est
915 2461 1358 2518 sacerdotibus
1413 2462 1798 2520 inhonestum
1843 2465 1918 2521 de

223 2544 526 2618 zelotypio
581 2563 693 2602 suo
751 2563 918 2619 agere
966 2550 1309 2622 judicium.
1375 2550 1680 2624 Siquidem
1732 2554 1917 2625 hujus

227 2635 372 2690 mali
406 2652 596 2692 causa
621 2636 696 2693 de
737 2639 1062 2711 suspicione
1089 2640 1609 2711 construprandaa
1655 2642 1920 2698 mulieris

228 2723 427 2784 fuerat
457 2731 687 2784 exorta.
725 2728 818 2784 Ille
850 2746 1005 2797 vero,
1038 2735 1104 2784 ut
1139 2733 1280 2784 erat
1309 2729 1393 2784 rei
1436 2729 1702 2798 ignarus,
1727 2733 1920 2788 omni-

232 2831 406 2883 genae
457 2816 652 2891 culpa
707 2820 1128 2891 purgationem
1185 2817 1330 2874 satis
1385 2819 1919 2894 confidenterpro-

231 2903 342 2959 fert
378 2921 391 2958 :
430 2927 457 2952 ‹‹
506 2908 672 2976 Ecce,
708 2908 998 2980 inquiens,
1033 2906 1310 2974 domine,
1354 2923 1531 2964 omne
1575 2909 1762 2976 nefas,
1797 2926 1920 2983 quo
1952 2945 1992 3000 ο

231 2994 337 3049 tibi
372 3002 698 3068 suspectus
725 2998 967 3066 habeor,
998 2998 1046 3052 si
1068 3001 1160 3053 est
1187 3001 1253 3053 ut
1280 2996 1484 3070 palam
1531 2998 1796 3069 detegas,
1836 3000 1920 3056 le-

234 3082 452 3154 galiter
525 3086 791 3142 refellere
860 3092 1136 3160 paratus,
1197 3102 1324 3142 non
1382 3087 1611 3143 aestimo
1669 3088 1922 3144 inveniri

233 3188 419 3245 posse
480 3191 603 3249 quo
652 3180 830 3248 pacto
885 3176 1037 3232 iram
1091 3179 1264 3230 tuam
1336 3178 1698 3248 tuorumque
1772 3176 1921 3233 ﬁde-

237 3262 389 3318 lium
451 3265 756 3322 incurrere
809 3265 1087 3322 debeam.
1126 3288 1153 3314 »
1188 3264 1278 3319 Ad
1306 3282 1488 3337 quem
1539 3265 1635 3321 ille
1671 3285 1683 3321 :
1729 3289 1753 3315 ‹‹
1791 3270 1923 3323 Ces-

239 3357 394 3419 sent,
422 3353 637 3427 inquit,
672 3360 903 3411 cessent
935 3352 1260 3426 superﬂuae
1288 3353 1685 3410 excusationis
1716 3355 1924 3411 amba-

240 3458 396 3511 ges;
446 3444 580 3514 jam
638 3445 799 3499 enim
857 3443 1095 3499 dudum
1155 3441 1601 3499 conclamatum
1633 3447 1738 3512 est,
1783 3444 1925 3502 data

241 3533 562 3600 sententia,
617 3539 682 3589 ut
739 3533 926 3589 oculis
973 3547 1266 3588 careas.»
1323 3536 1394 3588 At
1439 3533 1536 3589 ille
1568 3531 1923 3603 gladiatorio

241 3620 360 3674 sibi
420 3622 626 3677 animo
675 3622 964 3689 insistere,
1016 3619 1594 3694 irreparabilemque
1646 3637 1768 3677 suae
1827 3623 1925 3678 de-

242 3712 590 3767 structionis
645 3712 859 3768 horam
927 3709 1266 3778 imminere,
1345 3727 1453 3767 nec
1513 3711 1703 3766 ullum
1755 3713 1926 3783 pretii

243 3799 455 3856 locum
485 3801 610 3856 fore
652 3801 896 3858 ulterius
926 3816 1200 3870 cernens,
1233 3799 1429 3856 adhuc
1453 3804 1678 3867 tamen,
1710 3817 1924 3873 quam-

247 3891 348 3945 vis
377 3891 452 3946 de
489 3893 767 3964 praesenti
805 3891 1088 3948 difﬁdens
1147 3889 1354 3958 salute,
1410 3891 1764 3962 hujusmodi
1812 3891 1928 3948 cla-

254 3994 492 4035 morem
547 3981 716 4036 addit
769 4000 780 4037 :
835 4005 862 4030 ‹‹
921 3981 1192 4047 Domine,
1248 3979 1513 4051 indulge,
1565 3995 1790 4052 quaeso,
1833 3998 1929 4037 ve-

256 4069 470 4138 niam,
541 4076 596 4127 et
643 4072 691 4126 si
749 4087 870 4128 non
921 4075 1168 4144 propter
1225 4069 1634 4126 innocentiam
1684 4086 1924 4139 meam,

257 4159 475 4216 saltem
501 4177 610 4233 pro
639 4177 844 4216 amore
878 4160 978 4216 Dei
1007 4165 1063 4215 et
1087 4163 1309 4216 sanctae
1345 4159 1514 4225 Fidis,
1563 4159 1736 4229 cujus
1768 4177 1932 4217 amo—

255 4266 321 4306 re
353 4251 895 4323 impraesentiarum
928 4254 1094 4321 gesto
1129 4265 1370 4304 sacrum
1414 4247 1715 4322 peregrini
1765 4249 1932 4305 habi-

255 4347 412 4397 tum.
490 4365 514 4389 η
581 4341 672 4395 Ad
727 4341 855 4396 haec
910 4344 1080 4396 torva
1132 4338 1333 4394 bellua
1387 4356 1497 4394 nec
1555 4341 1761 4407 Deum,
1822 4355 1931 4395 nec

257 4435 537 4487 sanctam
569 4429 696 4501 ejus
727 4429 933 4500 magni
961 4427 1254 4501 pendens,
1283 4427 1464 4484 effero
1495 4428 1708 4484 furoris
1734 4429 1934 4500 rugitu

258 4519 572 4590 frendens,
627 4519 730 4576 diu
772 4522 1132 4591 conceptum
1188 4517 1582 4591 blasphemia
1630 4535 1933 4575 venenum

259 4611 345 4668 ita
396 4609 599 4666 verbis
643 4609 862 4665 evomit
918 4608 1259 4678 sacrilegis:
1311 4631 1336 4657 «
1371 4612 1485 4665 Nec
1555 4609 1765 4682 Deum,
1824 4626 1933 4665 nec

262 4703 478 4758 sancta
506 4699 678 4755 Fides
707 4699 907 4767 hodie,
940 4698 1154 4772 inquit,
1190 4702 1243 4755 te
1272 4698 1568 4766 liberabit,
1603 4715 1798 4771 neque
1828 4715 1932 4756 eos

260 4788 612 4846 invocanda
641 4788 939 4862 proﬁcies,
973 4792 1092 4845 uta
1123 4787 1405 4844 manibus
1433 4787 1583 4843 meis
1603 4787 1934 4860 impunitus

266 4880 458 4936 abeas
489 4898 502 4934 :
537 4895 731 4952 neque
762 4894 833 4934 eo
864 4877 1194 4948 confugies,
1228 4881 1292 4934 ut
1321 4877 1398 4934 ob
1443 4876 1743 4950 peregrini
1770 4877 1938 4934 habi-

263 4974 366 5026 tus
399 4969 815 5037 reverentiam,
871 4983 1008 5023 cum
1064 4967 1146 5022 sis
1196 4967 1342 5023 mihi
1368 4966 1745 5040 iniquissime
1784 4967 1937 5038 inju-

265 5061 418 5127 rius,
447 5065 502 5115 te
532 5057 1103 5131 incontemptibilem
1126 5056 1654 5129 inviolabilemque
1674 5057 1936 5113 habeam

267 5165 618 5224 personam.
651 5171 680 5199 »
702 5147 798 5204 His
828 5146 1023 5216 dictis,
1052 5146 1222 5218 jubet
1251 5146 1560 5202 hominem
1614 5145 1745 5202 dari
1789 5163 1938 5220 prae-

267 5239 538 5315 cipitem,
565 5237 891 5310 oculosque
921 5235 1256 5293 innocentis
1286 5235 1572 5293 violenter
1602 5235 1767 5308 eripi.
1823 5235 1938 5294 Sed

268 5347 417 5388 cum
444 5329 682 5385 nullum
706 5342 951 5384 suorum
981 5326 1108 5400 (qui
1136 5330 1252 5383 tres
1284 5331 1452 5383 erant
1494 5331 1746 5395 tantum,
1789 5343 1938 5400 quo-

269 5438 412 5478 rum
459 5419 709 5476 nomina
754 5421 997 5491 propter
1041 5415 1405 5472 barbarismi
1431 5416 1936 5490 praetermittimus

271 5509 612 5578 horrorem)
639 5507 718 5562 ad
747 5510 978 5562 tantum
1005 5504 1235 5561 facinus
1274 5505 1574 5578 impellere
1623 5505 1935 5578 potuisset,

275 5599 449 5656 illum
507 5597 588 5653 ab
643 5595 866 5653 eisdem
952 5594 1164 5652 saltem
1247 5595 1477 5665 gravari
1556 5596 1885 5668 impetratis
1922 5638 1936 5664 ,

2029 1674 2156 1714 uno
2187 1662 2484 1720 sociorum
2514 1667 2644 1738 ejus
2673 1669 2834 1726 idem
2875 1671 3070 1729 facere
3125 1675 3452 1749 incassum,
3511 1682 3701 1738 tarde-

2027 1763 2150 1819 que
2176 1750 2403 1810 dictum
2453 1759 2558 1811 est.
2619 1757 2882 1831 Indeque
2933 1761 3166 1832 abiens,
3227 1783 3462 1824 sacram
3499 1770 3698 1826 missae

2029 1837 2495 1930 celebrationem
2570 1851 2780 1917 postea
2837 1853 2939 1904 aut
2995 1857 3239 1924 propter
3292 1863 3700 1930 perpetratum

2029 1927 2223 1984 scelus
2254 1946 2376 1986 non
2407 1937 2810 2008 praesumpsit,
2843 1944 2966 2010 aut,
3013 1942 3180 2012 quod
3212 1927 3421 2001 verius
3441 1946 3694 2017 videtur,

2028 2022 2274 2088 propter
2303 2036 2432 2076 rem
2464 2023 2812 2081 saecularem
2843 2028 3092 2086 omnino
3134 2032 3410 2103 neglexit.
3447 2039 3520 2092 At
3559 2051 3698 2092 vero

2028 2112 2220 2163 mater
2249 2109 2430 2181 hujus
2463 2113 2714 2183 Geraldi,
2764 2115 2920 2172 lassae
2962 2118 3318 2178 innocentiae
3361 2125 3700 2182 vehementi

2030 2195 2248 2252 affectu
2297 2216 2638 2273 compassa,
2700 2206 3056 2277 praedictum
3110 2209 3470 2271 Witbertum
3531 2213 3699 2271 domi

2028 2289 2367 2359 receptavit,
2402 2298 2738 2366 cunctaque
2769 2296 2881 2351 sibi
2908 2301 3268 2366 necessaria,
3291 2301 3484 2360 donec
3514 2321 3698 2361 sanus

2028 2373 2223 2466 factus
2274 2383 2381 2447 est,
2435 2380 2866 2452 benignissime
2908 2389 3334 2460 suppeditavit.
3392 2396 3539 2448 Cum
3576 2408 3700 2466 qua

2030 2464 2212 2522 etiam
2263 2469 2477 2525 eadem
2527 2474 2879 2544 tempestate
2938 2476 3292 2535 obversatus
3333 2480 3544 2550 fuerat,
3575 2464 3699 2538 non

2029 2556 2154 2616 tam
2201 2571 2274 2610 ex
2323 2564 2620 2631 praecepto
2653 2561 2744 2616 sui
2775 2563 3048 2633 senioris,
3103 2582 3289 2638 quam
3338 2568 3698 2627 declinando

2029 2644 2400 2703 atrocitatem
2437 2648 2647 2721 ipsius,
2675 2668 2811 2723 quas
2843 2653 2906 2708 in
2937 2653 3108 2710 illum
3133 2656 3293 2712 idem
3325 2658 3542 2730 senior,
3590 2675 3698 2716 saa-

2029 2734 2159 2788 vior
2189 2735 2382 2806 solito,
2414 2739 2797 2811 exercuisset,
2856 2757 2929 2798 ex
2981 2759 3104 2816 quo
3149 2743 3279 2801 falsi
3328 2746 3436 2802 zeli
3475 2747 3694 2804 vulnus

2028 2821 2090 2877 in
2148 2824 2327 2881 corde
2382 2828 2762 2901 percepisset.
2797 2834 2847 2885 ls
2899 2831 3162 2905 denique
3214 2850 3399 2890 sanus
3429 2835 3693 2903 etlectus,

2030 2911 2245 2970 eodem
2299 2931 2459 2972 anno
2517 2923 2642 2974 arte
2691 2919 2948 2990 joculari
2995 2922 3308 2995 publicum
3365 2924 3700 2996 queeritavit

2030 3000 2276 3071 victum,
2335 3005 2596 3079 indeque
2641 3015 2945 3082 quaestum
2999 3014 3247 3086 accepit,
3298 3014 3450 3070 adeo
3497 3020 3561 3073 ut
3603 3015 3700 3086 (si-

2031 3095 2132 3146 cut
2160 3092 2345 3148 modo
2372 3095 2590 3152 assolet
2619 3097 2858 3171 referre)
2896 3103 3104 3158 oculos
3139 3103 3290 3160 ultra
3320 3104 3544 3162 habere
3573 3121 3697 3162 non

2031 3185 2302 3250 curaret;
2367 3187 2532 3240 tanta
2583 3201 2724 3241 eum
2782 3193 2839 3244 et
2894 3189 3043 3246 lucri
3091 3191 3407 3262 cupiditas,
3450 3198 3506 3250 et
3539 3210 3700 3250 com-

2031 3269 2197 3324 modi
2217 3271 2566 3340 jucunditas
2596 3274 2952 3334 delectabat.
2999 3279 3244 3336 Evoluto
3281 3280 3482 3353 itaque
3513 3298 3695 3349 anno,

2032 3356 2416 3429 impendente
2448 3361 2839 3420 solemnitatis
2868 3365 2984 3438 die,
3019 3384 3156 3424 cum
3203 3368 3392 3440 pridie
3436 3375 3574 3428 ante
3611 3370 3697 3427 vi-

2035 3447 2238 3517 giliam
2271 3450 2546 3508 membra
2571 3453 2772 3525 sopori
2799 3454 3079 3526 dedisset,
3122 3457 3374 3515 astitisse
3416 3460 3527 3516 sibi
3574 3461 3698 3516 ine-

2034 3537 2348 3594 narrabilis
2375 3539 2684 3611 elegantias
2716 3543 2845 3602 visa
2883 3550 2970 3600 est
2997 3545 3282 3618 puellula,
3324 3554 3572 3621 aspectu
3595 3565 3700 3605 an-

2035 3625 2222 3696 gelico
2253 3632 2430 3700 atque
2462 3629 2862 3700 serenissimo,
2897 3633 3045 3690 facie
3077 3634 3356 3706 candida,
3407 3653 3700 3710 roseoque

2035 3715 2253 3772 rubore
2276 3717 2552 3786 guttatim
2579 3734 2892 3792 respersa;
2918 3740 3054 3795 quae
3077 3723 3478 3783 inaestimabili
3503 3727 3700 3784 vultus

2036 3805 2239 3875 vigore
2297 3823 2541 3863 omnem
2598 3807 2936 3867 humanum
2977 3814 3487 3885 superexcellebat
3524 3817 3701 3872 deco-

2037 3911 2186 3951 rem.
2220 3896 2529 3961 Quantitas
2556 3912 2698 3953 vero
2755 3915 2880 3956 non
2927 3900 3044 3956 alia
3088 3905 3213 3956 erat
3239 3918 3427 3974 quam
3465 3920 3538 3961 ea
3565 3921 3702 3978 qure

2037 3984 2335 4056 passionis
2393 3989 2659 4056 tempore
2717 3986 2902 4043 fuisse
2955 3988 3190 4059 legitur,
3245 3990 3305 4045 id
3353 3996 3441 4048 est
3479 3998 3703 4050 statura

2038 4073 2340 4146 puellaris,
2390 4089 2500 4129 nec
2549 4073 2697 4130 dum
2747 4081 3043 4146 provectae-
3073 4078 3280 4136 aetatis.
3313 4083 3511 4139 Vestes
3536 4089 3704 4142 erant

2041 4163 2449 4235 amplissimae,
2510 4179 2781 4238 auroque
2828 4183 2937 4239 per
2991 4172 3181 4225 totum
3228 4169 3464 4229 intextae
3532 4190 3704 4231 mun-

2041 4252 2310 4320 dissimo,
2342 4268 2412 4308 ac
2442 4251 2642 4308 subtili
2689 4255 2937 4326 picturae
2983 4258 3266 4316 varietate
3295 4259 3701 4320 circumdatae.

2041 4342 2406 4400 Manicarum
2486 4357 2628 4398 vero
2698 4346 3003 4417 quantitas
3061 4347 3140 4404 ad
3197 4350 3449 4423 vestigia
3511 4370 3705 4427 usque

2041 4431 2410 4504 dependens,
2457 4431 2519 4486 in
2566 4431 3002 4492 minutissimas
3047 4453 3230 4507 rugas
3280 4456 3404 4511 prae
3460 4443 3551 4498 sui
3580 4460 3708 4500 ma-

2043 4519 2355 4590 gnitudine
2385 4520 2676 4578 subtiliter
2701 4528 3023 4582 contracta.
3053 4527 3167 4583 Sed
3189 4532 3246 4584 et
3273 4528 3531 4599 ligatura
3551 4533 3709 4604 capi-

2044 4609 2116 4665 tis
2146 4610 2207 4665 in
2233 4610 2444 4666 orbem
2472 4611 2831 4683 complicata
2874 4613 2969 4669 bis
3023 4614 3179 4672 binis
3233 4618 3532 4698 perspicui
3571 4635 3707 4676 can-

2044 4699 2206 4756 doris
2235 4699 2534 4756 emicabat
2562 4701 2921 4771 margaritis.
2962 4705 3178 4760 Verum
3208 4706 3406 4776 pusilli
3436 4707 3704 4779 corporis

2044 4789 2338 4845 habitudo
2390 4789 2536 4844 nihil
2584 4790 2749 4846 aliud
2805 4791 2954 4848 mihi
3028 4792 3363 4862 signiﬁcare
3433 4793 3662 4851 videtur
3688 4835 3704 4862 ,

2043 4895 2232 4950 quam
2257 4877 2423 4951 quod
2451 4878 2752 4949 passionis
2782 4883 3072 4953 tempore,
3105 4881 3254 4938 sicut
3291 4881 3573 4948 diximus,
3608 4882 3706 4954 ju-

2045 4966 2212 5022 venis
2265 4965 2479 5036 legitur
2529 4968 2734 5024 fuisse.
2790 4972 2919 5026 Mox
2972 4984 3115 5026 vero
3166 4975 3232 5028 ut
3305 4971 3384 5028 ad
3447 4971 3709 5045 incoepta

2045 5056 2288 5114 redeam
2325 5100 2338 5126 ,
2395 5057 2609 5114 eadem
2657 5058 3020 5126 beatissima,
3074 5058 3308 5116 fulchro
3366 5061 3578 5118 cubilis
3623 5062 3710 5118 in-

2046 5145 2189 5202 nixa
2220 5188 2234 5213 ,
2293 5160 2477 5217 supra
2527 5145 2838 5202 dexteram
2890 5145 3241 5206 dormientis
3304 5149 3531 5208 malam
3560 5192 3578 5223 ,
3631 5151 3710 5208 leo

2047 5233 2198 5290 niter
2255 5234 2636 5306 suaviterque
2708 5249 2896 5291 manu
2974 5234 3223 5294 admota
3252 5280 3269 5309 ,
3350 5237 3432 5296 sic
3500 5239 3631 5296 inﬁt
3689 5255 3704 5294 :

2050 5345 2079 5374 «
2121 5323 2450 5390 Dormisne,
2484 5322 2771 5379 Witberte
2796 5326 2824 5380 ?
2855 5347 2884 5376 ››
2943 5325 3047 5382 Cui
3075 5325 3171 5383 ille
3202 5327 3285 5384 ait
3329 5345 3343 5384 :
3396 5351 3424 5379 ‹‹
3476 5329 3587 5395 Qui
3642 5344 3706 5384 es

2049 5412 2151 5485 qui
2175 5428 2271 5468 me
2299 5427 2481 5467 vocas
2509 5413 2536 5467 τί
2568 5434 2596 5461 ››
2654 5416 2725 5468 At
2779 5413 2879 5470 illa
2930 5416 3282 5488 respondit:
3326 5439 3354 5467 «
3400 5421 3521 5487 Ego
3573 5433 3708 5473 sum

2053 5505 2260 5559 sancta
2291 5501 2476 5558 Fides.
2513 5525 2540 5552 ››
2573 5501 2665 5558 Ad
2690 5519 2879 5575 quam
2907 5504 3001 5560 ille
3035 5522 3047 5560 :
3083 5529 3110 5556 «
3145 5507 3299 5572 Quid
3339 5524 3524 5564 causa
3559 5507 3709 5563 acci-

2050 5594 2155 5664 dit,
2189 5595 2354 5665 hera,
2401 5596 2468 5650 ut
2508 5593 2587 5651 ad
2627 5609 2730 5652 me
2761 5595 3038 5654 venire?-
3085 5618 3114 5648 »
3135 5600 3206 5655 At
3243 5597 3703 5674 illarespondit:
