4048 6178
396 158 493 211 135
1468 155 1823 211 BEBNARDI
1864 149 2341 210 SCHOLASTICA
2382 150 2729 205 ANDEGAV.

3729 156 3835 208 136

393 300 421 325 ‹‹
463 278 613 335 Nihil
664 277 829 333 aliud
877 276 1096 333 nisiut
1146 282 1201 333 te
1250 276 1526 334 visam.»
1580 278 1864 336 Witberto
1916 292 2057 333 vero
2089 279 2135 332 Α
2169 272 2502 338 cerebrum,
2553 289 2877 347 versusque
2921 274 2984 330 in
3052 277 3390 347 sturporem
3442 276 3839 337 obdormivit.

396 368 625 437 gratias
643 372 875 439 agente,
907 367 1109 439 ipsum
1138 383 1347 423 rursus
1374 373 1579 424 sancta
1610 368 1778 425 Fides
1808 369 2057 424 interro—

393 462 493 526 gat
525 475 539 512 :
577 480 604 506 ‹‹
639 456 1040 528 Cognoscisne
1065 460 1209 514 me?
1241 481 1269 508 »ι
1299 457 1491 514 Atille
1538 474 1697 527 eam,
1748 475 1818 515 ac
1861 458 1906 512 si
1928 457 2058 528 jam

391 545 624 601 dudum
648 545 863 611 visam,
890 561 1351 617 recognoscens,
1375 548 1459 602 sic
1488 546 1654 603 visus
1682 554 1769 604 est
1807 562 2056 619 respon-

390 634 576 690 dere:
614 634 864 691 «Etiam
917 635 1071 691 bene
1121 639 1172 691 te
1227 636 1424 705 video,
1484 636 1652 706 hera,
1711 642 1769 692 et
1834 634 2057 708 optime

390 739 710 794 cognosco.
762 756 829 766 —
876 724 973 780 Dic
1001 725 1181 781 etiam
1207 725 1353 781 mihi
1383 726 1694 798 quomodo
1720 730 1773 781 te
1803 725 2055 795 habeas,

388 812 603 886 inquit,
644 829 953 887 quamque
992 829 1276 887 prospere
1312 819 1414 870 tua
1465 831 1558 870 res
1611 819 1844 883 agatur.
1882 838 1909 863 ››
1958 813 2057 869 llle

387 902 699 975 respondit
746 920 758 959 :
801 926 829 951 «
873 903 1125 977 Optime,
1173 904 1339 974 hera,
1390 904 1570 960 rebus
1608 904 1756 959 meis
1795 902 2059 959 succedit

390 991 649 1062 fortuna,
680 997 1014 1064 cunctaque
1047 992 1145 1048 Dei
1176 993 1365 1063 gratia
1392 998 1531 1049 sunt
1577 1008 1719 1062 erga
1766 1009 1864 1049 me
1922 1008 2059 1065 pro-

390 1096 582 1154 spera.
630 1106 657 1131 ››
698 1083 803 1138 Cui
852 1081 993 1137 illa:
1047 1103 1075 1129 ‹‹
1108 1084 1175 1137 Et
1222 1081 1554 1154 quomodo,
1586 1081 1687 1148 ait,
1743 1096 2051 1154 prospera,

388 1171 532 1244 quia
559 1170 765 1227 lumen
792 1171 923 1227 caeli
950 1187 1075 1226 non
1102 1170 1271 1226 vides
1294 1174 1323 1227 ‘I
1363 1194 1391 1221 »
1434 1171 1531 1227 llle
1560 1170 1744 1238 enim,
1795 1175 1861 1227 ut
1901 1170 1967 1227 ﬁt
1994 1171 2055 1227 in

396 1260 646 1325 somnis,
700 1259 867 1314 aliter
913 1275 1099 1331 quam
1148 1275 1242 1314 res
1272 1263 1416 1323 erat,
1469 1259 1672 1315 videre
1719 1263 2051 1332 putaverat.

395 1349 507 1414 Qui
537 1350 679 1405 mox
710 1349 787 1404 ad
817 1349 976 1404 hunc
1025 1349 1209 1405 ﬁnem
1258 1349 1814 1420 interrogationum,
1855 1349 2056 1405 oculo-

386 1452 523 1492 rum
555 1437 953 1492 reminiscitur
978 1436 1344 1493 amissorum
1375 1455 1387 1493 :
1431 1460 1459 1486 «
1510 1440 1575 1494 Et
1602 1436 1934 1510 quomodo,
1962 1437 2054 1493 in-

386 1523 625 1596 quiens,
646 1524 847 1581 videre
874 1524 1130 1596 possim,
1179 1525 1283 1598 qui
1328 1541 1489 1582 anno
1540 1526 1836 1598 prmterito
1885 1542 1920 1581 a
1951 1531 2055 1583 tua

387 1613 698 1670 festivitate
724 1630 1021 1680 remeans,
1056 1614 1264 1685 injusti
1312 1614 1542 1671 domini
1584 1614 1863 1671 violentia
1913 1629 2052 1671 ocu-

384 1702 476 1759 los
523 1703 702 1759 miser
747 1703 1111 1776 perdiderim
1141 1704 1169 1758 ?
1204 1727 1229 1752 ››
1282 1706 1348 1759 Et
1383 1704 1485 1759 illa
1517 1722 1530 1759 :
1566 1726 1593 1753 «
1636 1704 1917 1775 Nimium,
1956 1705 2048 1760 in-

385 1792 532 1865 quit,
574 1795 759 1847 Deum
804 1791 1054 1847 offendit
1104 1792 1480 1865 graviterque
1539 1793 1759 1850 summi
1810 1794 2049 1850 artificis

385 1882 538 1937 iram
566 1881 829 1951 irritavit,
885 1881 991 1954 qui
1040 1885 1095 1937 te
1144 1881 1512 1938 immeritum
1558 1883 1823 1955 corporis
1870 1883 2048 1939 detri-

383 1974 588 2026 mento
646 1970 977 2027 damnavit.
1029 1973 1265 2040 Verum,
1321 1971 1369 2026 si
1407 1972 1664 2028 crastina
1701 1972 1854 2040 luce,
1910 1989 2047 2046 quae

385 2060 493 2116 erit
544 2060 811 2133 martyrii
863 2060 981 2116 mei
1042 2060 1244 2131 vigilia
1276 2104 1290 2129 ,
1353 2062 1624 2118 Conchas
1688 2062 2044 2134 perrexeris,

384 2154 737 2224 emptasque
789 2150 943 2206 duas
995 2150 1298 2218 candelas,
1354 2168 1541 2208 unam
1605 2151 1853 2225 quidem
1910 2157 2048 2209 ante

383 2256 555 2297 aram
586 2240 774 2297 sancti
806 2240 1407 2310 Salvatoris,alteram
1437 2258 1682 2315 quoque
1708 2246 1844 2298 ante
1878 2258 2048 2299 aram

382 2329 486 2385 ubi
523 2329 697 2398 gleba
740 2329 1005 2403 corporis
1060 2330 1173 2386 mei
1233 2330 1475 2387 condita
1530 2336 1635 2401 est,
1669 2332 2043 2405 apposueris,

382 2418 695 2476 oculorum
724 2419 799 2475 de
827 2419 1058 2490 integro
1087 2418 1548 2476 reformatorum
1576 2420 1791 2476 decore
1847 2436 2041 2478 mere-

379 2509 539 2565 beris
565 2508 826 2579 gaudere
850 2528 863 2576 ;
898 2508 1196 2581 siquidem
1225 2526 1335 2582 pro
1359 2509 1525 2565 illata
1551 2508 1655 2565 tibi
1684 2509 1903 2580 injuria
1935 2528 2048 2566 coe-

382 2598 777 2670 lestisjudicis
808 2598 1087 2671 pietatem
1133 2598 1358 2669 ingenti
1388 2598 1649 2656 clamore
1691 2600 1771 2655 ad
1814 2599 2046 2657 miseri-

382 2687 652 2744 cordiam
684 2686 975 2760 permovi,
1007 2690 1315 2761 Deumque
1344 2703 1454 2761 pro
1485 2688 1672 2745 salute
1701 2694 1802 2745 tua
1823 2689 2045 2746 sedulae

380 2775 574 2851 precis
598 2776 881 2832 instantia
911 2775 1118 2832 tandiu
1160 2775 1427 2846 fatigavi,
1470 2777 1741 2849 quandiu
1773 2777 1900 2850 ipse
1929 2777 2046 2834 im-

381 2868 624 2938 petratae
654 2864 914 2937 optionis
951 2864 1215 2930 effectus,
1265 2863 1501 2920 facilem
1552 2865 2043 2938 exorabilemque

382 2954 673 3010 redderet.
733 2977 760 3004 »
817 2956 949 3009 Haec
998 2951 1103 3007 ubi
1155 2952 1313 3008 dicta
1364 2952 1546 3018 dedit,
1602 2953 1780 3025 coepit
1825 2954 2042 3011 iterum

384 3049 563 3116 atque
587 3043 801 3099 iterum
831 3043 1065 3099 abituro
1091 3042 1333 3110 instare,
1367 3046 1424 3099 et
1451 3048 1517 3098 ut
1554 3043 1857 3100 celerrime
1906 3060 2041 3117 per-

383 3137 563 3204 geret,
596 3132 874 3189 obnixius
921 3149 1187 3200 monere,
1242 3133 1365 3189 imo
1408 3133 1483 3188 de
1530 3134 1718 3205 pretio
1771 3134 2041 3191 emendae

381 3239 531 3279 certe
586 3222 895 3291 haesitanti,
951 3223 1034 3280 ita
1086 3223 1395 3279 consulere
1428 3240 1440 3277 :
1476 3245 1503 3272 «
1544 3223 1690 3281 Mille
1743 3225 2039 3294 homines,

379 3330 533 3387 quos
576 3329 891 3386 nunquam
947 3312 1164 3381 vidisti,
1225 3313 1435 3386 inquit,
1486 3313 1591 3369 tibi
1637 3318 1775 3369 sunt
1821 3314 2037 3371 daturi.

379 3406 594 3460 Prmter
623 3404 751 3459 haec
776 3408 999 3473 tamen,
1032 3408 1093 3459 ut
1140 3418 1404 3475 praesens
1457 3402 1764 3469 negotium
1808 3402 2041 3460 facilius

380 3509 636 3565 peragas
664 3508 845 3565 perge
874 3491 1124 3547 festinus
1154 3492 1437 3563 praesenti
1464 3490 1726 3547 diluculo
1756 3492 1833 3548 ad
1860 3492 2043 3549 eccle-

381 3581 532 3637 siam
562 3581 744 3651 hujus
775 3580 1075 3653 parochiae
1127 3580 1295 3651 (sane
1332 3580 1461 3635 haec
1492 3584 1618 3635 erat
1662 3579 1825 3651 apud
1853 3598 2041 3654 quam

381 3670 508 3743 ipse
537 3669 742 3725 oculos
764 3670 1063 3738 amiserat,
1119 3684 1255 3741 quae
1294 3668 1372 3725 ab
1430 3668 1679 3741 antiquo
1725 3670 2041 3742 Spariacus

379 3760 752 3830 vocabatur),
781 3758 982 3832 ibique
1008 3758 1255 3814 missam
1286 3757 1559 3824 audiens,
1612 3776 1715 3815 sex
1762 3760 2040 3817 denario-

377 3865 513 3907 rum
543 3849 799 3923 reperies
828 3848 1119 3905 datorem.
1157 3871 1184 3898 »
1223 3853 1294 3903 At
1321 3848 1453 3921 ipso
1472 3864 1583 3921 pro
1615 3850 2042 3907 consolationis

377 3938 672 3995 beneﬁcio
701 3938 1032 4007 condignas
1061 3941 1256 4009 grates
1281 3937 1665 4009 rependente,
1698 3939 1886 3995 virtus
1921 3957 2040 3997 eoe—

376 4026 537 4083 lestis
579 4027 770 4084 rediit.
824 4027 1117 4084 Continuo
1147 4042 1290 4095 ergo
1321 4030 1700 4099 experrectus
1729 4027 2044 4100 praefatam

378 4118 619 4191 expetiit
668 4117 1020 4185 ecclesiam;
1068 4116 1175 4172 ubi
1250 4133 1391 4172 cum
1438 4116 1730 4173 universis
1798 4134 2043 4175 omnem

377 4208 535 4264 hanc
588 4206 879 4263 visionem
931 4205 1303 4279 exposuisset
1342 4222 1448 4278 per
1487 4206 1781 4274 ordinem,
1832 4223 2044 4263 omnes

377 4310 489 4369 pro
516 4295 910 4352 deliramenta
936 4298 1381 4366 reputaverunt.
1437 4298 1551 4351 Nec
1592 4299 1798 4351 tamen
1835 4297 2045 4369 ereptis

376 4384 673 4442 desistens
718 4401 857 4441 cum
914 4383 1180 4454 singulos
1233 4382 1536 4454 sigillatim
1595 4384 1994 4458 supplicando
2029 4428 2043 4453 ,

376 4474 805 4532 circumfusam
876 4475 1159 4543 rogitaret
1214 4473 1658 4530 multitudinem
1691 4516 1704 4540 ,
1770 4490 2045 4547 quarens

374 4565 694 4623 duodecim
720 4564 1124 4639 oppignerare
1153 4563 1457 4633 denarios,
1481 4580 1513 4620 e
1545 4564 1770 4621 caeteris
1799 4564 2045 4622 tandem

372 4656 623 4731 quidam
656 4659 827 4725 Hugo
860 4671 924 4710 se
949 4654 1291 4727 praeferens,
1322 4654 1463 4709 huic
1513 4658 1719 4728 aperta
1757 4670 2046 4711 crumena

376 4745 557 4817 gratis
589 4760 695 4801 sex
716 4759 1002 4800 nummos
1031 4759 1169 4799 cum
1200 4742 1380 4799 obolo
1422 4743 1721 4816 porrexit;
1773 4742 1878 4815 qui
1915 4745 2044 4799 tan-

379 4839 526 4906 tum,
554 4851 735 4908 quem
768 4837 828 4890 in
884 4832 1108 4889 visione
1153 4836 1483 4905 acceperat,
1539 4831 1790 4889 excessit
1831 4848 2043 4889 nume.

375 4940 528 4981 rum.
552 4927 714 4981 Tunc
743 4939 868 4980 non
898 4922 1220 4978 immemor
1261 4920 1504 4977 visionis
1552 4921 1771 4977 divinae
1815 4920 1883 4977 fit
1918 4937 2043 4977 cer-

374 5013 484 5069 tior
509 5013 583 5069 de
615 5012 821 5068 futura
850 5010 1270 5084 promissione.
1302 5008 1452 5075 Quid
1479 5008 1680 5064 verbis
1721 5024 1877 5081 opus
1907 5011 2046 5065 est?

375 5102 508 5158 Adit
532 5101 755 5169 locum,
807 5099 1106 5156 visionem
1154 5097 1353 5172 prodit
1382 5096 1739 5164 senioribus,
1775 5098 1917 5154 emit
1947 5113 2043 5154 ce-

374 5206 528 5257 reos,
561 5189 810 5263 apponit
834 5189 1145 5257 altaribus,
1178 5187 1437 5245 excubat
1484 5202 1689 5243 coram
1741 5202 1927 5244 aurea
1954 5202 2047 5244 sa.

375 5278 719 5335 cratissimaa
745 5277 991 5348 virginis
1017 5277 1297 5349 imagine.
1350 5276 1517 5334 Circa
1546 5279 1748 5333 autem
1774 5275 2044 5333 medium

376 5368 563 5424 noctis
592 5367 827 5423 videtur
851 5365 1051 5422 videre
1082 5365 1143 5421 in
1172 5365 1485 5421 oculorum
1536 5363 1648 5421 sibi
1702 5364 2041 5421 excisorum

373 5456 613 5512 locellos
639 5456 910 5527 geminas
948 5454 1196 5524 fulgoris
1237 5453 1414 5527 quasi
1458 5452 1701 5523 baccas,
1754 5457 1858 5509 aut
1901 5452 2040 5525 plus

370 5562 557 5619 quam
581 5545 734 5602 lauri
760 5544 997 5602 arboris
1024 5559 1302 5613 magnas,
1337 5543 1659 5598 desursum
1688 5540 1898 5611 emitti,
1946 5556 2047 5612 pe-

372 5636 653 5710 uitusque
684 5634 1012 5706 intigi.Qua
1032 5633 1232 5689 statim
1255 5630 1731 5688 reverberatione
1756 5629 2042 5687 confusus

2168 374 2317 427 Cum
2349 374 2551 426 autem
2601 372 2906 428 matutinae
2953 371 3164 428 laudes
3214 378 3555 442 agerentur,
3588 380 3844 449 propter

2167 473 2546 535 concentum,
2589 475 2645 525 et
2672 469 3160 526 vociferationem
3188 470 3574 543 psallentium
3628 489 3845 547 exper-

2164 570 2381 637 rectus,
2412 566 2649 623 videtur
2668 566 2779 623 sibi
2818 567 3171 639 fulgentium
3202 568 3595 626 luminarium
3646 570 3841 627 homi-

2165 679 2435 736 numque
2468 681 2596 721 sese
2627 666 2991 721 morantium
3041 666 3217 740 quasi
3262 667 3543 723 umbram
3594 669 3844 741 conspi-

2167 753 2308 808 cari.
2337 756 2553 810 Verum
2583 770 2692 827 pro
2722 755 2956 811 interno
2986 755 3263 811 cerebelli
3291 756 3518 826 dolore,
3562 758 3653 813 sui
3682 774 3845 831 pene

2166 841 2386 898 oblitus
2443 844 2610 916 quod
2657 844 2740 900 rei
2791 844 3008 901 veritas
3065 850 3193 901 erat
3234 846 3480 902 minime
3531 847 3841 919 credulus,

2167 938 2467 995 somniare
2492 940 2691 1014 potius
2716 940 3134 997 arbitrabatur.
3169 941 3434 998 Tandem
3465 960 3603 999 cum
3630 943 3846 1016 paula-

2164 1028 2293 1099 tim,
2326 1046 2509 1103 quem
2541 1030 2691 1087 inter
2720 1036 2992 1104 tempora
3019 1036 3395 1104 conceperat,
3435 1038 3646 1105 stupor
3688 1034 3843 1089 deli—

2166 1125 2341 1187 ceret,
2376 1121 2554 1193 coepit
2582 1120 2710 1192 jam
2749 1121 3011 1194 apertius
3056 1139 3259 1178 rerum
3288 1122 3513 1179 formas
3542 1123 3846 1179 discerne-

2164 1226 2247 1277 re,
2282 1210 2546 1283 atquein
2572 1227 2633 1266 se
2662 1210 2758 1266 vix
2785 1226 3062 1267 reversus
3090 1211 3295 1268 recolit
3341 1212 3656 1282 visionem,
3705 1230 3841 1269 ma-

2165 1298 2466 1372 nibusque
2494 1300 2782 1373 appositis
2810 1306 3135 1357 contrectat
3159 1301 3439 1358 rediviva).
3479 1301 3628 1358 lucis
3671 1302 3837 1359 fene-

2165 1392 2315 1443 stras
2354 1389 2586 1444 carneis
2632 1389 3006 1460 integerrime
3053 1389 3297 1463 pupillis
3327 1390 3387 1446 in
3426 1390 3617 1447 fronte
3643 1392 3840 1448 refor-

2164 1482 2376 1534 matas.
2407 1483 2475 1534 At
2505 1478 2788 1535 continuo
2832 1478 3111 1535 adhibitis
3158 1479 3426 1547 testibus,
3469 1481 3841 1537 immensam

2165 1567 2373 1624 Christi
2406 1568 2914 1638 magniﬁcentiam
2960 1568 3274 1625 immensis
3314 1570 3657 1642 praedicavit
3709 1571 3843 1627 lau-

2163 1656 2361 1713 dibus.
2397 1657 2523 1714 Fuit
2542 1657 2719 1727 igitur
2748 1658 3046 1714 inetfabile
3074 1658 3388 1729 gaudium,
3428 1659 3700 1715 inaudita
3731 1660 3840 1717 lae-

2163 1746 2305 1813 titia,
2335 1747 2698 1803 incredibilis
2728 1753 2955 1821 stupor,
2989 1748 3245 1805 dubium
3284 1765 3437 1821 pene
3480 1749 3838 1818 discrimen,

2161 1840 2364 1892 utrtun
2424 1837 2621 1892 somni
2676 1837 3103 1907 imaginatione
3161 1854 3240 1894 an
3296 1838 3380 1894 rei
3422 1839 3661 1895 veritate
3709 1846 3838 1896 tam

2160 1926 2501 1983 inauditum
2525 1928 2882 1984 miraculum
2914 1933 3242 1998 cernerent,
3271 1930 3573 2002 prmcipue
3602 1930 3693 1985 bis
3725 1930 3839 2003 qui

2160 2016 2327 2088 prius
2358 2033 2497 2072 eum
2528 2022 2838 2074 noverant.
2873 2018 3027 2073 Inter
3054 2018 3183 2074 haec
3231 2035 3324 2073 res
3373 2018 3623 2075 ridicula
3652 2019 3837 2092 plau-

2162 2122 2353 2178 suque
2381 2106 2744 2176 dignissima
2775 2107 2986 2163 accidit
3012 2126 3025 2175 ;
3068 2124 3231 2176 nam,
3266 2112 3330 2163 ut
3359 2113 3483 2164 erat
3509 2109 3693 2164 homo
3722 2125 3839 2181 pu-

2159 2196 2410 2252 rissimae
2442 2196 2852 2271 simplicitatis,
2884 2197 3122 2270 irrepsit
3153 2198 3204 2253 ei
3235 2197 3294 2253 in
3324 2197 3500 2253 corde
3523 2199 3838 2271 superﬂua

2164 2285 2389 2341 timoris
2433 2286 2766 2360 trepidatio.
2805 2289 2972 2343 Forte
3018 2286 3187 2342 illum
3237 2287 3553 2343 Geraldum
3580 2288 3684 2360 qui
3718 2288 3837 2343 sibi

2160 2375 2394 2431 dudum
2425 2375 2631 2431 oculos
2657 2376 2973 2447 evulserat,
3002 2377 3078 2432 ad
3111 2376 3437 2449 publicam,
3482 2383 3549 2433 ut
3596 2379 3681 2448 tit,
3735 2395 3838 2434 so-

2159 2464 2529 2523 lemnitatem
2552 2465 2925 2527 adventasse.
2954 2466 3185 2540 sibique
3217 2466 3438 2536 denuo,
3473 2467 3522 2522 si
3550 2484 3691 2523 casu
3725 2467 3835 2523 ob-

2158 2553 2325 2610 vium
2365 2555 2632 2624 haberet,
2689 2556 2905 2611 fretum
2945 2556 3174 2627 majore
3205 2573 3409 2620 manu,
3468 2563 3833 2612 renovatum

2158 2643 2472 2699 oculorum
2516 2643 2701 2700 decus
2748 2645 3014 2701 excisum
3052 2645 3135 2701 ire
3172 2663 3183 2700 :
3216 2645 3435 2701 idcirco
3488 2662 3630 2715 ergo
3673 2646 3837 2701 inter

2160 2734 2476 2790 confusum
2509 2734 2919 2807 promiscuum
2967 2735 3153 2791 turbae
3200 2735 3509 2809 strepitum
3557 2752 3680 2808 quo
3721 2752 3835 2808 po-

2158 2822 2269 2879 tuit
2294 2822 2564 2878 occultus
2603 2823 2874 2879 elabitur.
2908 2823 3188 2880 Nondum
3220 2830 3420 2880 tamen
3466 2824 3545 2880 ad
3574 2824 3833 2897 plenum

2158 2910 2232 2967 de
2279 2911 2609 2984 recuperati
2662 2911 2906 2967 luminis
2963 2912 3126 2968 dono
3176 2917 3301 2968 erat
3343 2918 3560 2981 certus,
3617 2917 3833 2968 tantus

2085 2980 2127 3038 (ἶ
2156 3015 2296 3055 eum
2326 2999 2410 3055 rei
2431 3002 2639 3073 stupor
2666 2999 2983 3069 invaserat,
3008 3017 3148 3056 cum
3170 3000 3316 3056 forte
3338 3000 3489 3056 inter
3512 3001 3831 3069 angustias

2156 3088 2471 3146 turbarum
2501 3088 2580 3144 ad
2600 3088 2914 3145 ecclesiam
2945 3090 3450 3157 concurrentium,
3491 3090 3618 3161 jam
3660 3089 3830 3147 claro

2154 3176 2249 3233 die
2280 3178 2519 3233 asinum
2548 3177 2797 3233 offendit
2826 3177 3189 3251 appositum.
3225 3180 3414 3243 Quem
3442 3195 3580 3234 cum
3612 3177 3833 3235 fuisset

2152 3264 2421 3334 intuitus,
2477 3265 2628 3321 virili
2678 3266 2985 3322 severitate
3039 3266 3425 3339 increpitans,
3486 3266 3568 3322 sic
3628 3266 3764 3322 inﬁt
3815 3284 3830 3323 :

2155 3376 2183 3403 «
2225 3354 2382 3410 Heus
2437 3359 2501 3410 tu
2536 3398 2549 3424 ,
2608 3355 2813 3423 homo,
2867 3355 3145 3429 quisquis
3202 3372 3304 3423 es,
3354 3356 3584 3429 inepte,
3645 3356 3831 3425 abige

2153 3444 2390 3501 asinum
2419 3449 2609 3513 tuum,
2662 3462 2737 3501 ne
2776 3444 2881 3500 ﬁat
2918 3445 3247 3502 viatoribus
3297 3444 3751 3501 offendiculum.
3801 3469 3830 3496 ››

2152 3532 2252 3589 Hic
2303 3533 2568 3606 primum
2620 3533 2695 3589 de
2742 3533 2983 3589 veritate
3034 3534 3169 3590 facti
3214 3534 3405 3590 factus
3455 3533 3833 3590 certissimus

2154 3623 2396 3679 secessit
2444 3627 2703 3696 praepete
2752 3623 2896 3693 fuga
2946 3623 3023 3679 ad
3072 3623 3401 3696 quemdam
3451 3623 3832 3681 notumesibi

2152 3712 2428 3779 militum,
2494 3713 2665 3783 cujus
2714 3712 3107 3785 municipium
3157 3712 3217 3768 in
3258 3712 3539 3769 eminenti
3571 3728 3720 3785 rupe
3753 3713 3834 3768 si-

2153 3805 2282 3857 tum
2314 3802 2394 3858 ita
2425 3806 2642 3857 natura
2668 3818 2869 3857 rerum
2899 3802 3166 3875 undique
3216 3802 3533 3868 munierat,
3587 3807 3650 3857 ut
3699 3820 3837 3859 om-

2154 3891 2416 3947 nimodis
2445 3891 2741 3946 machinis
2788 3891 3196 3947 inacccssibile
3246 3891 3565 3959 videretur,
3617 3908 3743 3948 non
3795 3910 3835 3949 a

2157 3981 2409 4038 Conchis
2434 3980 2674 4051 longius
2703 3997 2890 4053 quam
2946 3980 3246 4036 sexdecim
3297 3979 3578 4036 millibus.
3636 3980 3728 4035 Ad
3770 3982 3835 4037 id

2155 4085 2297 4140 ergo
2329 4074 2572 4143 propter
2601 4069 3086 4143 inexpugnabilis
3118 4068 3290 4125 vallis
3321 4070 3630 4125 tuitionem
3682 4087 3834 4126 con-

2156 4156 2411 4227 fugiens,
2444 4157 2539 4214 vix
2569 4158 2895 4230 aliquando
2948 4174 2985 4213 a
3036 4158 3346 4215 monachis
3404 4158 3593 4213 multa
3647 4174 3834 4231 prece

2157 4251 2460 4313 exoratus,
2495 4245 2803 4318 multaque
2831 4246 3140 4302 securitate
3171 4246 3429 4302 donatus
3449 4246 3836 4312 rediit.Quod

2080 4337 2124 4391 D
2157 4352 2297 4391 cum
2340 4334 2609 4407 plerique
2641 4350 2873 4402 omnes,
2907 4338 3031 4391 tam
3080 4351 3154 4391 ex
3204 4334 3589 4408 longuinquis
3634 4352 3836 4409 quam

2158 4423 2447 4497 proximis
2477 4422 2822 4493 regionibus
2844 4422 3233 4490 conﬂuentes,
3275 4439 3386 4497 pro
3414 4422 3684 4479 inaudito
3721 4425 3840 4480 mi-

2156 4512 2361 4568 raculo
2392 4528 2533 4567 eum
2561 4511 2828 4569 certatim
2858 4511 3059 4568 videre
3107 4511 3386 4569 festinant
3431 4510 3728 4568 nonnulla
3778 4514 3839 4570 ei

2155 4601 2448 4659 beneﬁcia
2465 4601 2784 4657 indulsisse
2806 4599 3094 4657 abeuntes
3125 4600 3516 4671 gratulantur.
3562 4602 3704 4667 Quae
3735 4618 3839 4658 res

2157 4696 2222 4747 ut
2242 4708 2316 4747 ex
2345 4690 2509 4746 omni
2537 4694 2704 4763 parte
2735 4689 3040 4746 dubietate
3073 4694 3316 4761 careret,
3344 4706 3467 4746 non
3497 4689 3699 4746 statim
3724 4690 3842 4748 ubi

2156 4797 2314 4854 saepe
2344 4779 2538 4836 dictus
2570 4779 2884 4835 Witbertus
2912 4778 3100 4835 oculis
3121 4778 3389 4851 privatus
3409 4778 3841 4849 exst1tit,illum

2154 4868 2457 4927 miseratio
2514 4869 2780 4933 sanavit;
2839 4885 3074 4940 verum,
3134 4872 3200 4923 ut
3247 4868 3662 4941 supradictum
3717 4875 3839 4941 est,

2153 4964 2275 5016 toto
2304 4973 2465 5015 anno
2486 4974 2523 5013 a
2561 4958 2748 5014 salute
2778 4957 3113 5030 suspendit,
3141 4961 3385 5031 arteque
3436 4957 3615 5014 etiam
3665 4974 3845 5014 scur-

2150 5048 2381 5106 rilitatis
2430 5047 2843 5121 compluribus
2895 5047 3020 5103 suis
3096 5047 3565 5121 provincialibus
3634 5048 3844 5104 oculis

2154 5143 2399 5212 captum
2432 5138 2678 5204 notavit,
2710 5140 3108 5210 notatumque
3144 5137 3374 5193 cunctis
3419 5136 3497 5193 ad
3543 5135 3842 5195 ultimum

2154 5233 2408 5292 sanavit.
2446 5238 2510 5290 ln
2535 5249 2657 5307 quo
2688 5232 2836 5290 nihil
2861 5249 2932 5289 eo
2964 5232 3210 5290 inferius
3239 5236 3474 5303 gestum
3504 5236 3598 5288 est
3646 5233 3845 5291 mira-

2153 5331 2377 5399 culum,
2406 5333 2570 5405 quod
2601 5332 2663 5387 in
2694 5330 3017 5402 Evangelia
3060 5330 3135 5387 de
3176 5346 3336 5387 caaco
3376 5335 3517 5387 nato
3563 5329 3792 5402 legitur
3825 5352 3842 5402 ;

2153 5435 2210 5487 et
2265 5430 2446 5487 etiam
2496 5430 2683 5486 multo
2744 5428 3125 5499 mirabilius;
3187 5428 3484 5503 siquidem
3529 5428 3667 5502 ipsa
3718 5431 3845 5486 Ve-

2152 5528 2294 5584 ritas
2373 5543 2661 5600 sequaces
2722 5544 2862 5584 suos
2918 5528 3155 5600 majora
3228 5529 3433 5600 utique
3507 5543 3699 5600 quam
3772 5547 3848 5586 se

2156 5626 2415 5685 facturos
2448 5642 2575 5683 esse
2599 5625 2957 5699 promiserit,
2986 5626 3263 5699 inquiens
3297 5640 3311 5680 :
3346 5648 3374 5674 ‹‹
3408 5625 3522 5692 Qui
3549 5624 3740 5681 credit
3773 5626 3849 5683 in
