4054 6188
234 71 326 125 137

1300 69 1425 122 LIB.
1467 68 1557 122 DE
1597 68 1967 124 MIRACULIS
2009 68 2304 124 ςΑΝαίἈς
2348 69 2543 125 FIUIS.

3530 81 3625 131 138

222 210 338 260 me,
367 207 557 266 opera
576 207 714 264 quae
743 183 857 260 ego
886 190 1062 260 facio,
1093 194 1151 247 et
1178 190 1306 264 ipse
1338 190 1529 256 faciet,
1576 194 1632 246 et
1659 189 1890 262 majora
1923 194 1970 248 Α
2010 189 2238 258 mulus,
2268 208 2477 248 verum
2508 192 2700 249 multo
2716 194 2910 266 magis
2932 200 3215 267 gravatus
3235 196 3469 253 occidit.
3497 200 3667 264 Quod

221 285 443 340 horum
478 281 669 348 faciet,
701 280 847 354 quia
873 296 983 351 ego
1008 280 1086 337 ad
1117 283 1350 337 Patrem
1378 279 1557 336 vado.
1595 302 1622 328 »

898 372 1121 427 CAPUT
1162 373 1227 426 ll.

720 459 809 514 De
837 460 1000 515 mulo
1029 459 1403 515 resuscitato.

292 549 555 607 Veniens
580 547 833 622 quidam
855 546 1027 604 miles
1047 547 1121 604 de
1137 563 1299 622 pago
1319 546 1638 618 Tolosano,
1665 548 1894 602 Bonus-

223 638 386 696 Iﬂns
413 638 683 705 nomine,
717 638 891 708 cujus
922 636 1079 693 ﬁlius
1105 636 1306 692 adhuc
1337 639 1643 709 superstes
1680 634 1896 691 eodem

226 732 509 787 censetur
550 727 872 798 vocabulo,
922 725 1001 783 ad
1058 730 1335 783 sanctum
1377 714 1626 796 virginis
1669 723 1892 792 locum,

227 836 367 876 cum
392 819 527 891 jam
557 833 680 873 non
710 815 949 889 longius
979 832 1016 872 a
1062 815 1196 872 vico
1248 813 1654 873 Couchacensi
1705 830 1895 887 quam

226 908 473 965 duobus
530 907 717 964 ferme
770 906 1007 962 abesset
1060 903 1344 971 millibus,
1398 903 1742 977 jumentum
1801 902 1895 959 cui

223 997 551 1067 insidebat,
567 995 771 1053 nescio
795 1011 918 1069 quo
938 994 1152 1051 morbo
1171 1009 1549 1069 percussum,
1569 996 1810 1066 repente
1832 991 1898 1047 tit

224 1086 529 1145 exanime.
561 1083 883 1143 Conductis
908 1100 1051 1155 ergo
1079 1083 1340 1153 rusticis,
1363 1087 1430 1140 ut
1450 1082 1711 1140 cadaver
1730 1080 1893 1138 corio

224 1177 575 1246 detegerent
603 1173 902 1248 praecepit.
933 1176 1064 1247 lpse
1092 1189 1258 1245 vero,
1309 1188 1422 1247 pro
1459 1170 1633 1244 cujus
1689 1185 1894 1227 amore

224 1267 337 1322 iter
402 1263 648 1335 egisset,
722 1263 801 1319 ad
866 1266 1140 1319 sanctam
1197 1260 1487 1335 processit
1559 1258 1893 1330 virginem;

223 1354 483 1427 soloque
520 1351 913 1423 decumbens,
944 1350 1141 1407 fundit
1163 1366 1393 1425 preces,
1415 1347 1712 1423 expromit
1732 1351 1891 1404 vota.

223 1448 540 1502 Postremo
596 1447 735 1499 ante
809 1457 1059 1499 auream
1127 1439 1547 1497 sacratissimis
1608 1436 1892 1510 martyris

2010 280 2219 336 videns
2250 280 2453 348 homo,
2480 281 2699 356 hospiti
2756 301 2866 341 suo
2904 285 3211 343 venundat
3254 286 3506 343 corium.
3563 288 3667 345 Cui

2008 386 2147 426 cum
2176 371 2583 444 nequissimus
2613 374 2832 448 hospes
2853 392 3040 448 quam
3062 376 3380 434 minimum
3409 378 3666 451 pretium

2005 459 2355 532 porrigeret,
2386 466 2554 518 ratus
2578 462 2741 535 quia,
2775 463 2824 519 si
2855 464 2997 521 nihil
3027 465 3214 534 daret,
3237 465 3444 523 itidem
3467 471 3665 524 tamen

2005 548 2272 616 haberet,
2304 549 2400 607 ille
2431 550 2718 608 Geraldus
2748 551 2922 609 valde
2946 551 3318 625 indignatus,
3345 570 3452 629 per
3469 555 3665 613 varias

2006 652 2265 694 caesuras
2293 638 2356 695 in
2385 637 2567 709 longo
2584 643 2641 695 et
2668 638 2728 695 in
2758 644 3098 698 transverso
3126 640 3318 700 sulcat
3359 644 3665 700 cadaveris

2005 724 2182 795 latus,
2250 742 2324 783 ne
2373 726 2664 801 videlicet,
2724 744 2789 785 se
2845 727 2984 785 inde
3056 728 3335 799 abeunte,
3407 731 3664 789 inﬁdelis

2006 815 2226 891 hospes
2254 816 2486 887 integro
2517 822 2747 889 tergore
2777 818 3085 888 gauderet.
3113 819 3396 893 Denique,
3426 826 3664 894 arrepto

2007 921 2129 961 suae
2158 905 2654 978 peregrinationis
2680 906 2920 973 bacillo,
2952 906 3223 965 exstincti
3250 908 3663 980 jumentiocu-

2004 992 2133 1050 lum
2158 994 2404 1068 cuspide
2452 994 2815 1069 perfodiens,
2865 996 3247 1070 caudamque
3300 998 3663 1072 percutiens,

2004 1081 2088 1139 ita
2118 1082 2478 1140 furibundus
2498 1084 2660 1141 infit:
2690 1104 2720 1139 ‹
2741 1085 2891 1149 Quid
2917 1101 3079 1141 nunc
3094 1085 3430 1143 detrimenti
3456 1091 3667 1144 sancta

2008 1171 2175 1229 Fides
2205 1177 2523 1246 pateretur,
2554 1173 2602 1229 si
2626 1173 2778 1231 inter
2806 1174 2924 1231 alia
2954 1174 3275 1232 sanitatum
3307 1176 3490 1245 dona,
3522 1176 3663 1232 huic

2004 1261 2184 1318 etiam
2214 1261 2381 1318 mulo
2405 1263 2719 1320 sanitatem
2739 1263 3020 1334 reddens,
3042 1268 3167 1321 tam
3180 1262 3426 1336 longam
3446 1265 3664 1323 cande-

2004 1349 2128 1407 lam
2155 1350 2267 1406 sibi
2285 1350 2589 1408 sortiretur
2605 1354 2633 1408 ?
2658 1351 2829 1409 Modo
2858 1352 3040 1408 miser
3067 1351 3289 1426 duplici
3321 1353 3663 1411 discrimine

2004 1437 2202 1508 ferior,
2216 1437 2366 1495 inter
2385 1438 2514 1495 vias
2526 1439 2818 1511 pedestris
2840 1441 3230 1509 remanendo,
3249 1445 3307 1498 et
3323 1441 3387 1497 in
3404 1442 3663 1514 patriam

222 1534 561 1604 imaginem
587 1532 664 1588 de
688 1530 1009 1589 amissione
1036 1529 1182 1587 muli
1212 1532 1579 1602 conquestus
1604 1531 1709 1584 est.
1744 1530 1894 1583 Nam
1935 1548 1977 1602 Β
2005 1526 2201 1583 decies
2226 1527 2415 1584 denos
2438 1527 2663 1585 solidos
2693 1530 2858 1585 fratri
2885 1529 3280 1604 persolvendo
3308 1531 3479 1601 (tanti
3501 1530 3664 1588 enim

220 1623 372 1698 quia
399 1622 567 1680 idem
597 1620 799 1678 mulus
828 1619 1357 1694 praestantissimus
1371 1632 1644 1691 peneque
1664 1617 1894 1673 incom-

221 1711 522 1787 parabilis
571 1710 801 1767 fuisset.
857 1710 1176 1783 Propterea
1213 1706 1392 1764 nimis
1446 1706 1702 1777 graviter
1729 1704 1895 1761 triste

221 1802 447 1859 tulerat
476 1800 790 1866 amissum,
838 1798 1172 1872 prresertim
1220 1813 1360 1854 cum
1390 1796 1451 1853 in
1509 1795 1671 1852 bono
1715 1808 1895 1868 opere

220 1889 558 1948 desudanti
594 1888 871 1945 inimicus
891 1887 1219 1961 praevalens
1243 1886 1542 1944 damnum
1573 1884 1687 1942 sibi
1742 1884 1893 1940 intu-

219 1979 410 2037 lisset.
446 1978 632 2050 Cujus
654 1976 795 2033 ﬁdei
822 1975 1090 2032 soliditas
1142 1991 1266 2033 non
1308 1990 1497 2049 parva
1526 1973 1705 2030 laude
1735 1972 1897 2028 vide-

223 2075 323 2126 tur
351 2067 737 2134 extollenda;
767 2082 914 2122 nam
936 2064 1039 2122 ubi
1061 2064 1141 2121 ab
1167 2065 1435 2122 oratione
1453 2062 1648 2134 desiit,
1667 2061 1891 2132 mulus,

220 2157 491 2232 pedibus
575 2155 800 2230 quibus
872 2155 1000 2227 jam
1083 2153 1397 2211 tenebatur
1474 2151 1894 2221 excoriandus,

220 2254 560 2321 utrumque
602 2245 890 2301 rusticum
939 2243 1307 2301 calcitrando
1362 2241 1602 2313 longius
1661 2256 1893 2312 arcens,

222 2338 477 2411 (mirum
507 2335 728 2407 dictu!)
782 2332 1050 2391 redivivo
1074 2332 1330 2406 prosiliit
1374 2331 1549 2400 saltu,
1581 2335 1761 2404 atque
1788 2346 1897 2404 per

220 2426 432 2483 media
478 2423 775 2481 montium
817 2422 1154 2491 cacumina,
1191 2421 1493 2479 sociorum
1540 2419 1895 2477 animalium

220 2515 473 2573 inhians
525 2512 812 2583 vestigiis,
862 2510 1203 2586 prorumpit
1249 2509 1328 2566 ad
1360 2509 1578 2567 vicum.
1613 2510 1894 2566 Cerneres

222 2604 485 2671 animal,
533 2607 601 2660 ut
641 2602 703 2659 hi
741 2602 847 2677 qui
890 2605 1209 2676 praesentes
1253 2599 1575 2657 adfuerunt
1625 2612 1895 2672 persaepe

222 2696 408 2754 nobis
434 2698 747 2761 testantur,
774 2694 948 2766 juxta
965 2690 1285 2748 modulum
1304 2688 1464 2746 bruti
1497 2705 1708 2745 sensus
1730 2704 1898 2745 recu-

224 2790 455 2860 pel-atas
513 2784 652 2841 vitae
696 2781 919 2855 gaudio
963 2780 1215 2848 fluitare,
1264 2794 1590 2853 coramque
1646 2777 1899 2835 ecclesia

2005 1616 2189 1674 ambo
2214 1616 2471 1673 invicem
2499 1618 2769 1687 germani
2798 1618 2873 1674 de
2899 1618 3063 1675 mulo
3089 1619 3190 1675 illo
3237 1626 3661 1693 convenerant,

2005 1705 2054 1761 si
2075 1704 2221 1762 forte
2250 1705 2459 1763 mortis
2487 1706 2823 1781 periculum
2844 1707 3230 1780 incurrisset).
3266 1730 3295 1759 »
3344 1711 3411 1765 Et
3437 1709 3536 1764 vix
3566 1708 3662 1766 ille

2004 1795 2132 1853 haec
2161 1794 2531 1869 paucissima
2560 1796 2744 1854 verba
2772 1796 3196 1870 compleverat,
3221 1813 3362 1855 cum
3385 1798 3661 1855 revivens

2003 1883 2205 1941 mulus
2236 1884 2390 1941 saltu
2419 1884 2703 1942 citissimo
2743 1886 3003 1943 constitit
3046 1887 3414 1960 quadrupes.
3467 1890 3534 1944 Et
3587 1904 3663 1945 ne

2004 1973 2141 2047 quis
2166 1973 2281 2030 nisi
2306 1991 2344 2031 a
2372 1990 2510 2031 vera
2529 1979 2719 2031 morte
2749 1974 2916 2031 illum
2943 1974 3261 2033 restimaret
3295 1975 3547 2042 exsihre,
3601 1976 3664 2033 in

2004 2062 2137 2137 ipso
2166 2067 2392 2137 puncto
2421 2063 2703 2136 temporis
2731 2080 2854 2137 quo
2873 2064 2935 2120 id
2959 2070 3163 2122 actum
3192 2069 3298 2134 est,
3330 2065 3667 2123 vernabaut

2005 2152 2069 2209 in
2081 2152 2335 2209 modum
2361 2151 2609 2227 picturte
2638 2152 2916 2211 universa
2944 2153 3308 2211 detruncataa
3330 2154 3480 2211 cutis
3529 2154 3665 2226 stig-

2004 2248 2190 2312 mata,
2216 2259 2340 2301 non
2359 2244 2489 2315 jam
2514 2243 2854 2316 perfusione
2884 2244 3112 2301 cruoris
3133 2244 3411 2315 recentia,
3445 2244 3574 2316 sed,
3601 2249 3667 2303 ut

2004 2332 2078 2388 de
2109 2331 2227 2389 alio
2253 2332 2397 2403 dixi,
2450 2332 2720 2406 quodam
2751 2332 2939 2390 nitore
2970 2333 3273 2405 lanuginis
3324 2350 3436 2392 ceu
3481 2339 3667 2392 veter-

2004 2437 2176 2479 nosa.
2218 2424 2344 2486 Quo
2371 2422 2530 2478 facto
2559 2427 2928 2479 memoratus
2960 2421 3248 2479 Gcraldus
3278 2422 3541 2480 maxime
3565 2438 3667 2494 ga-

2004 2509 2189 2578 visus,
2222 2509 2395 2567 rediit
2420 2509 2695 2578 domum,
2729 2514 2969 2584 Deoque
2999 2527 3071 2568 ac
3098 2515 3318 2568 sanctae
3349 2512 3479 2583 ejus
3535 2527 3666 2584 gra-

2009 2600 2121 2658 tias
2137 2600 2257 2671 egit
2279 2600 2569 2671 ingentes,
2597 2599 2855 2674 factique
2890 2600 3162 2658 miraculi
3183 2600 3512 2658 novitatem
3531 2618 3667 2676 pas-

2010 2689 2123 2746 sim
2174 2688 2604 2747 disseminavit.
2668 2692 2814 2746 Nota
2870 2689 3151 2747 nobilitas
3194 2689 3304 2747 viri
3346 2690 3566 2763 pariter
3611 2694 3669 2746 et

2008 2779 2160 2835 ﬁdes
2217 2777 2502 2835 omnibus
2548 2781 2710 2846 erat;
2762 2778 2865 2852 qui
2897 2795 2973 2835 ne
3027 2783 3244 2836 temere
3288 2778 3383 2835 vel
3430 2776 3667 2850 garrule

227 2873 587 2932 cursitando
642 2888 752 2947 per
803 2870 1088 2960 plateam,
1130 2867 1612 2960 quodammodo
1659 2866 1901 2924 factoris
1930 2902 1974 2960 ο
2009 2867 2349 2960 quidquam
2394 2865 2693 2960 videretur
2742 2867 2977 2960 referre,
3034 2867 3268 2926 mulum
3296 2868 3668 2960 vulneribus

224 2965 568 3022 bonitatem
586 2961 822 3024 sentire,
846 2977 916 3017 ac
931 2958 1184 3033 proinde
1199 2957 1410 3016 crebro
1428 2956 1665 3014 hinnitu
1704 2959 1901 3028 grates

229 3059 351 3112 Deo
382 3053 627 3119 referre,
659 3049 805 3125 quia
831 3050 936 3107 dat
958 3047 1247 3122 jumentis
1293 3062 1495 3104 escam
1525 3046 1819 3120 ipsorum,
1847 3047 1905 3102 et

227 3143 414 3218 pullis
434 3156 766 3200 corvorum
793 3137 1214 3195 invocantibus
1242 3153 1404 3194 eum.
1460 3137 1652 3203 Quem
1699 3134 1904 3208 praeci-

227 3235 387 3308 pites
414 3230 625 3290 rustici
647 3227 918 3296 insecuti,
966 3231 1306 3285 cruentatas
1356 3225 1557 3284 adhuc
1606 3224 1905 3296 gestantes

230 3323 483 3392 cultros,
513 3320 715 3376 visum
740 3317 1089 3393 prodigium
1114 3331 1296 3391 super
1314 3314 1480 3373 mulo
1511 3314 1712 3371 adhuc
1733 3312 1906 3370 dubi-

232 3411 507 3469 tantibus
530 3411 831 3466 enarrant.
864 3409 932 3464 Et
960 3410 1025 3463 ut
1052 3410 1211 3463 certa
1238 3403 1443 3478 opinio
1463 3419 1588 3461 non
1616 3403 1803 3460 modo
1824 3401 1903 3459 vi-

231 3500 513 3558 dentium
568 3513 672 3555 ore
714 3498 868 3554 esset
917 3498 1216 3563 contenta,
1266 3492 1370 3550 sed
1413 3491 1593 3550 etiam
1635 3491 1904 3566 quadam

230 3604 525 3664 expressa
554 3587 850 3662 scriptura
877 3599 1123 3642 omnem
1152 3581 1560 3653 ambiguitatis
1585 3584 1905 3639 evacuaret

230 3693 524 3750 errorem,
553 3677 651 3734 hic
703 3676 766 3733 in
793 3679 1048 3748 utroque
1101 3671 1429 3747 posteriore
1476 3687 1647 3729 crure
1702 3686 1904 3728 recen-

231 3770 388 3827 tium
399 3768 726 3843 plagarum
747 3764 946 3821 sulcos
968 3763 1178 3835 (instar
1192 3759 1733 3819 vetustissimarum
1754 3760 1905 3816 cica-

238 3858 479 3924 tricum,
535 3855 677 3930 pilis
729 3854 911 3911 etiam
958 3848 1436 3922 canescentibus)
1495 3848 1710 3906 eadem
1756 3848 1906 3905 hora

242 3946 439 4004 solida
461 3946 748 4018 junctura
778 3942 1154 4009 reformatos,
1185 3939 1379 3996 donec
1430 3938 1725 4012 superfuit
1769 3954 1905 3994 mu-

244 4034 364 4103 lus,
422 4031 876 4091 resurrectionis
927 4028 1217 4087 indicium
1268 4026 1509 4101 [gessit].
1551 4027 1709 4085 Miles
1765 4043 1905 4084 vero

246 4126 369 4181 Deo
397 4128 743 4196 sanctasque
772 4120 902 4192 ejus
929 4134 1039 4193 pro
1072 4117 1398 4191 gratiarum
1431 4116 1663 4173 actione
1715 4132 1907 4173 unum

242 4229 501 4273 aureum
525 4211 807 4281 offerens,
836 4213 1013 4277 retro,
1069 4207 1232 4263 unde
1280 4209 1547 4275 venerat,
1597 4206 1910 4263 revertitur

242 4304 325 4362 ad
352 4302 619 4378 patriam
645 4317 660 4356 :
682 4301 937 4375 ipsoque
956 4297 1205 4356 animali
1222 4300 1440 4354 sanctae
1457 4294 1617 4353 Fidei
1630 4293 1905 4363 remisso,

241 4391 525 4466 plurimis
552 4393 690 4466 post
707 4388 847 4447 inde
878 4386 1053 4445 annis
1095 4385 1360 4461 plurima
1404 4383 1459 4442 ei
1503 4382 1757 4441 donaria
1805 4382 1910 4439 de-

241 4482 489 4555 legavit.
1053 4495 1056 4499 η

908 4570 1133 4627 CAPUT
1171 4570 1258 4625 Ill.

700 4660 845 4716 Item
868 4658 1063 4714 simile
1085 4656 1472 4714 miraculum.

320 4751 485 4811 Miles
515 4748 768 4824 quidam
801 4746 1109 4817 Geraldus,
1133 4745 1301 4803 haud
1321 4745 1583 4802 obscura
1632 4759 1913 4819 persona,

249 4839 610 4899 morabatur
628 4838 689 4894 in
708 4852 872 4912 pago
892 4835 1241 4907 Ruthenico,
1255 4835 1317 4891 in
1334 4833 1477 4893 villa
1492 4834 1765 4891 videlicet
1779 4851 1916 4908 quae

252 4929 486 4988 Villaris
536 4931 942 5001 nuncupatur,
986 4925 1215 4982 distans
1268 4940 1307 4982 a
1350 4923 1604 4982 Conchis
1651 4924 1771 4981 fere
1815 4940 1918 4981 sex

250 5035 553 5096 passuum
574 5016 858 5074 millibus.
892 5016 993 5072 llic
1022 5030 1163 5071 cum
1192 5016 1382 5071 Roma
1405 5011 1735 5087 aliquando
1763 5011 1920 5070 redi-

248 5116 363 5181 ret,
386 5107 609 5167 accidit
633 5111 698 5164 ut
722 5104 946 5174 mulus,
979 5120 1165 5179 quem
1215 5119 1255 5160 a
1282 5103 1457 5160 fratre
1488 5119 1600 5160 suo
1648 5102 1921 5161 Barnado

250 5198 474 5257 clerico
503 5199 818 5270 acceperat
838 5198 1071 5263 mutuo,
1098 5190 1301 5250 nescio
1347 5207 1472 5266 quo
1516 5190 1657 5249 vitio
1697 5191 1920 5249 fractus

251 5287 519 5346 deﬁcere
548 5283 847 5358 coepisset.
876 5287 948 5339 At
971 5281 1099 5355 ipse
1147 5284 1370 5337 sanctas
1402 5279 1578 5350 Fidis,
1619 5296 1808 5354 quam
1859 5284 1926 5337 ut

252 5375 525 5433 vicinam
549 5371 836 5442 habebat,
863 5368 1294 5427 miraculorum
1346 5367 1715 5437 recordatus,
1764 5368 1926 5425 vovit

253 5464 460 5523 eidem
479 5472 593 5537 pro
615 5461 805 5518 salute
833 5458 1112 5517 animalis
1128 5456 1467 5528 candelam,
1489 5456 1927 5529 longitudinem

256 5555 418 5627 {ejus
446 5550 680 5623 caudae]
705 5548 1067 5610 habituram.
1102 5550 1217 5605 Nec
1249 5549 1449 5604 tamen
1502 5545 1926 5605 convalescens

711 5641 953 5695 Ρλτιοι.
996 5630 1169 5695 CXLl.

2010 2963 2284 3016 notatum
2311 2956 2522 3015 habuit
2542 2957 3101 3032 impraesentiarum.
3144 2962 3262 3017 Hoc
3290 2958 3410 3033 ipsi
3460 2973 3668 3016 mona-

2012 3048 2130 3119 chi,
2158 3047 2346 3104 sedet
2373 3046 2473 3104 alii
2529 3046 2890 3120 complures,
2945 3047 3051 3121 qui
3096 3048 3298 3122 ipsum
3347 3048 3669 3106 Geraldum

2011 3141 2223 3211 postea
2271 3135 2409 3210 plus
2459 3134 2673 3192 millies
2719 3136 3018 3206 viderunt,
3062 3137 3210 3194 mihi
3251 3141 3666 3195 narraverunt.

2014 3226 2128 3286 Sed
2152 3230 2218 3282 ut
2244 3224 2324 3283 ad
2347 3224 2532 3281 ﬁnem
2560 3224 2886 3282 verborum
2911 3241 3325 3299 properemus,
3384 3227 3521 3301 quis
3575 3225 3668 3282 in-

2013 3331 2198 3373 sanus
2226 3314 2381 3372 ultra
2407 3314 2723 3371 hominum
2742 3315 3235 3372 resurrectionem
3263 3315 3388 3373 fore
3439 3312 3669 3372 dubitet

2010 3406 2073 3463 in
2094 3406 2315 3478 futuro,
2341 3404 2589 3478 quando
2614 3403 2744 3476 jam
2764 3402 2826 3461 in
2852 3404 3133 3478 praesenti
3148 3409 3467 3477 resurgunt
3488 3403 3668 3462 etiam

2013 3494 2298 3554 animalia
2326 3497 2353 3553 ?

2666 3586 2890 3642 CAPUT
2929 3585 3013 3640 IV.

2013 3677 2102 3735 De
2128 3677 2357 3734 annulo
2385 3681 2601 3747 negato
2626 3680 2679 3732 et
2704 3679 2913 3745 postea
2945 3680 3168 3732 sanctae
3220 3673 3365 3733 Fidi
3414 3673 3666 3731 reddito.

2087 3766 2377 3834 Quaedam
2407 3764 2624 3822 nobilis
2652 3768 2949 3833 matrona,
2973 3764 3180 3822 audita
3204 3764 3367 3822 fama
3394 3763 3469 3821 de
3491 3763 3672 3819 virtu-

2015 3857 2174 3915 tibus
2193 3860 2414 3913 sanctae
2438 3853 2611 3923 Fidis,
2632 3853 2771 3911 illuc
2792 3853 2958 3911 abire
2977 3853 3228 3927 paravit.
3249 3856 3393 3920 Quae
3410 3852 3672 3909 cumiter

2013 3947 2361 4020 inceptaret,
2393 3942 2761 4013 recordatur,
2789 3944 2914 4015 jam
2942 3941 3383 4015 aliquantulum
3407 3957 3445 3998 a
3466 3941 3671 3997 limine

2014 4049 2356 4110 progressa,
2386 4032 2553 4106 quod
2601 4030 3114 4105 peregrinantium
3171 4029 3430 4087 annulos
3461 4034 3672 4086 sancta

2018 4124 2188 4181 Fides
2216 4122 2279 4178 in
2296 4120 2528 4177 somnis
2542 4119 2901 4194 qmeritaret.
2926 4121 3056 4176 Mox
3077 4133 3220 4188 ergo
3240 4122 3396 4175 retro
3415 4117 3552 4174 fecit
3566 4132 3671 4190 pe-

2016 4212 2178 4280 dem,
2210 4209 2643 4284 propriumque
2675 4207 2990 4276 annulum,
3009 4207 3085 4263 de
3113 4205 3298 4279 digito
3316 4206 3669 4275 detractum,

2019 4300 2314 4359 arcessita:
2366 4298 2750 4356 cubicularius
2797 4296 3259 4354 custodiendum
3337 4295 3670 4354 committit.

2024 4415 2052 4443 «
2076 4394 2231 4464 Cape
2246 4390 2429 4457 hunc,
2448 4388 2661 4461 inquit,
2702 4391 2881 4461 atque
2908 4391 3141 4444 servato
3174 4386 3325 4444 dum
3344 4386 3546 4453 redeo,
3600 4401 3676 4442 ne

2022 4480 2169 4538 forte
2181 4482 2390 4537 sancta
2401 4476 2570 4535 Fides
2587 4475 2906 4551 quaesitum
2915 4519 2929 4543 ,
2945 4475 2995 4533 si
3009 4475 3277 4533 detulero
3288 4475 3363 4532 ad
3384 4474 3675 4540 Conchas,

2023 4568 2172 4628 mihi
2196 4567 2446 4624 auferat.
2476 4589 2504 4615 «
2532 4569 2754 4639 Nempe
2775 4566 2904 4622 haec
2926 4569 3118 4622 astute
3165 4583 3179 4621 :
3230 4569 3520 4637 tanquam
3577 4560 3679 4617 ali-

2025 4658 2198 4729 cujus
2218 4652 2453 4714 cautela
2477 4653 2774 4711 declinare
2795 4653 2988 4727 possit
3015 4653 3170 4710 illius
3215 4648 3674 4727 providentiam,

2025 4746 2131 4821 qui
2150 4750 2478 4818 antequam
2501 4744 2651 4800 ﬁant
2663 4741 2953 4816 praevidet
2975 4740 3201 4798 omnia.
3226 4738 3380 4806 Quid
3400 4737 3573 4811 plura
3586 4737 3615 4792 ?
3636 4740 3683 4792 lt

2026 4835 2260 4904 mulier,
2273 4832 2445 4890 solvit
2463 4833 2803 4890 orationum
2820 4830 3228 4901 debita,atque
3248 4826 3400 4897 redit
3421 4841 3561 4882 cum
3576 4839 3682 4897 pa-

2029 4940 2116 4982 ce.
2136 4926 2311 4981 Nocte
2338 4919 2962 4990 consecuta,virginea
2982 4917 3210 4991 species
3241 4912 3563 4971 somnianti
3585 4929 3684 4987 ap-

2028 5014 2363 5089 paret.Quae
2380 5028 2540 5078 cum,
2553 5011 3005 5081 rogata,sanctse
3024 5004 3178 5062 Fidis
3200 5002 3494 5060 vocabulo
3511 5018 3685 5058 suam

2030 5102 2305 5161 notitiam
2334 5101 2745 5167 innotesceret,
2768 5096 3041 5172 protinus
3075 5098 3139 5150 ut
3159 5092 3272 5150 sibi
3299 5093 3472 5150 detur
3499 5091 3686 5165 impe—

2029 5192 2192 5250 riosa
2236 5189 2582 5248 auctoritate
2628 5186 2891 5244 annulus
2944 5185 3167 5240 monet.
3197 5182 3327 5239 Mox
3354 5179 3590 5237 mulieri
3625 5196 3689 5235 se

2033 5280 2329 5340 annulum
2354 5279 2577 5337 habere
2602 5273 3003 5335 dissimulanti
3027 5273 3291 5346 suggerit
3322 5273 3469 5329 hera
3490 5271 3692 5345 ipsum

2035 5385 2168 5428 esse
2197 5384 2381 5441 quem
2405 5367 2615 5425 abiens
2645 5363 2726 5422 ad
2747 5364 3038 5433 Conchas,
3068 5378 3144 5418 ne
3176 5362 3290 5419 sibi
3315 5361 3504 5427 daret,
3533 5357 3697 5415 cubi-

2037 5456 2276 5516 cularis:
2293 5454 2712 5512 commisisset.
2735 5454 2900 5509 Mane
2923 5450 3078 5508 facto
3098 5453 3441 5524 experrecta
3461 5446 3691 5503 mulier.

2043 5544 2312 5604 divinam
2349 5543 2640 5600 visionem
2700 5541 2861 5597 velut
2899 5538 3344 5615 phantasticum
3386 5536 3475 5592 vel
3523 5535 3698 5591 inane

3384 5629 3415 5679 ὅ
