4048 6178
277 159 282 166 .
355 117 454 172 I39
759 119 762 123 ’
906 139 910 147 -
1113 95 1118 100 ”
1431 91 1784 154 BERNARDI
1821 86 2274 148 SCHOLASTICI
2315 92 2661 147 ANDEGAV.

3659 92 3768 147 140

359 205 668 294 somnium
697 233 951 304 reputat.
979 225 1094 284 Sed
1124 225 1306 280 ﬁnem
1337 222 1416 279 rei
1447 234 1634 296 quare
1660 217 1882 273 diutius
1901 213 2011 269 im-
2044 217 2090 266 A
2121 212 2299 285 facta,
2323 213 2498 272 enixa
2523 219 2612 271 est
2637 214 2889 273 alterum
2915 232 2928 281 ;
2962 229 3225 286 quorum
3251 214 3524 280 nomina,
3559 213 3787 286 primo-

359 342 558 384 morer
579 325 608 380 ?
661 322 819 378 Illico
847 317 1059 374 mulier
1091 320 1212 372 tam
1243 311 1468 370 efﬁcaci
1522 307 1702 366 febris
1740 306 1876 378 igne
1906 318 2012 376 per

359 417 704 472 universum
757 405 1023 482 corporis
1069 403 1328 480 spatium
1373 404 1623 458 aestuare
1669 394 2014 482 incipit,iut

359 505 476 572 vix,
527 519 650 559 una
676 500 824 556 hora
855 481 1174 553 consistere
1205 495 1426 568 posset.
1478 495 1561 546 Ita
1590 493 1791 544 tamen
1817 481 2012 540 triduo

358 611 562 670 passa,
591 590 758 648 rediit
799 589 859 646 in
904 597 998 654 sc,’
1019 583 1416 641 reminiscitur
1461 579 1672 652 culpae,
1704 573 2015 670 conﬁtetur

361 668 804 755 negligentiam.
833 681 962 734 Itlox
994 690 1136 742 ergo
1168 678 1231 729 ut
1259 669 1541 748 praecepit
1565 681 1790 740 equum
1813 668 2010 755 sterni,

363 749 740 831 utvvi‘delicet
771 765 1031 824 i-ecidivo
1081 762 1314 820 tramite
1363 760 1440 816 ad
1491 761 1770 815 Sanctam
1817 749 2014 808 Fidem

359 864 672 929 remearet,
706 855 930 912 nimius
961 853 1192 910 ardoris
1229 847 1542 906 remittitur
1571 848 1782 907 aestus;
1814 839 2017 910 sicque

361 941 576 1004 sanaﬁt
601 952 657 1004 et
685 945 891 1018 gavisa
916 941 1086 1008 redit,
1101 955 1224 996 non
1247 936 1555 994 modicum
1578 932 1812 988 lucrum
1841 941 2018 998 repu-

362 1043 496 1094 tans
523 1041 866 1115 permutare
896 1030 1190 1089 annulum
1214 1043 1324 1102 pro
1351 1025 1559 1081 salute.

1029 1155 1251 1212 CAPUT
1289 1154 1353 1208 V.

870 1265 958 1317 De
999 1259 1253 1317 manicis

434 1395 564 1448 Jam
595 1405 732 1446 vero
761 1391 990 1462 quanta
1017 1401 1122 1459 per
1149 1388 1423 1440 sanetam
1453 1379 1653 1437 Fidem
1668 1370 2017 1448 hujusmodi

365 1479 656 1536 miracula
687 1476 976 1534 Dominus
1009 1475 1245 1549 cperari
1273 1471 1555 1544 dignatus
1581 1473 1686 1535 est,
1709 1480 1890 1522 nemo
1915 1479 2019 1536 po-

2122 302 2303 372 gcniti
2349 303 2762 377 Raymundus,
2795 303 3042 359 secundi
3093 302 3395 360 Henricus.
3437 307 3536 359 liae
3567 308 3787 376 postea

2121 391 2373 448 manicze
2404 393 2464 449 in
2495 410 2648 466 opus
2674 391 2892 448 tabulae
2931 393 3171 448 fuerunt
3204 397 3600 466 consumptae.

2776 501 2999 558 CAPUT
3037 502 3125 556 Vl.

2123 609 2209 666 De
2237 609 2488 666 muliere
2515 625 2646 680 qua:
2677 610 2992 678 usurpavit
3041 609 3338 664 annulum
3379 591 3551 680 quem
3583 610 3792 664 altera

2435 682 2688 736 moriens
2719 687 2942 736 sanctae
2961 681 3106 735 Fidi
3129 681 3476 751 reliqueral.

2197 787 2296 840 Est
2323 784 2637 857 quoddam
2667 785 2982 859 oppidum,
3004 785 3136 840 vico
3156 785 3562 842 Conchacensi
3593 784 3786 840 conti—

2127 873 2438 942 guum,cui
2453 873 2566 930 sub
2587 873 2810 930 ditione
2830 874 3273 932 monachorum
3295 873 3544 947 quidam
3561 873 3793 930 Austri-

2126 977 2240 1016 nus
2288 961 2690 1035 praesidebat;
2743 962 2978 1020 dudum
3023 963 3194 1034 cujus
3234 980 3346 1020 nos
3375 977 3791 1020 successorem

2124 1051 2521 1124 vidimus,nec
2537 1056 2740 1110 tamen
2760 1052 3120 1109 miraculum
3139 1052 3307 1126 quod
3327 1053 3523 1110 dicere
3542 1052 3792 1110 inchoa-

2126 1157 2262 1198 mus
2308 1145 2514 1198 nostra
2561 1146 2731 1200 astate
2781 1140 2890 1198 fuit
2945 1141 3270 1216 antiquius.
3317 1142 3420 1199 Hic
3468 1141 3791 1198 Austrinus

2125 1231 2372 1302 annulo,
2394 1247 2579 1306 quem
2603 1247 2756 1288 uxor
2783 1231 3094 1288 nomine...
3113 1231 3376 1289 moriens
3407 1236 3630 1290 sancta:
3664 1230 3795 1287 Fidi

2123 1319 2500 1394 promiserat,
2529 1320 2779 1378 alteram
2797 1320 3042 1378 nomine
3057 1320 3418 1393 Avigernam
3449 1319 3791 1394 sponsavit;

2125 1424 2376 1482 prorsus
2407 1409 2622 1484 prioris
2653 1410 2929 1482 conjugis
2969 1409 3129 1466 dicta
3157 1415 3449 1483 tanquam
3477 1409 3794 1468 delirantis

2125 1504 2430 1574 reputans.
2466 1503 2682 1558 Verum
2729 1499 3121 1574 postmodum
3151 1505 3443 1572 proterva:
3479 1499 3792 1570 negligen-

363 1570 472 1625 ιυίι
515 1568 718 1625 omnia
1435 1560 1843 1662 quercera
1881 1555 2019 1662 an!
2050 1569 2092 1624 θ
2125 1555 2219 1646 iis
2250 1589 2526 1660 ςιίρςίιυω,
2558 1555 2666 1662 qs
2708 1555 2888 1646 aa;
2919 1555 3251 1661 jussis...
3281 1555 3795 1662 ἀερίοιιιενοέέεη-

365 1657 466 1714 ulli
497 1661 671 1716 vacat
698 1655 972 1711 scribere.
992 1657 1184 1710 Pauca
1211 1657 1409 1708 tamen
1437 1648 1510 1704 de
1536 1647 1630 1702 bis
1657 1661 1792 1718 quae
1815 1639 2017 1698 audivi

365 1745 626 1820 praefatis
649 1745 786 1800 volo
816 1743 1184 1809 subnectere,
1219 1741 1300 1797 ita
1326 1738 1572 1812 quidem
1603 1740 1799 1791 utnec
1829 1730 2016 1788 nimio

367 1835 599 1892 silentio
630 1833 978 1903 taciturnus,
1011 1847 1122 1887 nec
1160 1829 1346 1885 nimia
1378 1825 1732 1883 verbositate
1772 1822 2016 1879 odiosus

365 1925 590 1980 videar.
626 1922 756 1980 Scio
803 1927 939 1978 ante
978 1937 1090 1976 nos
1119 1919 1385 1975 dictum:
1431 1919 1618 1973 Omne
1647 1929 1851 1970 rarum
1881 1925 2016 1983 pre-

364 2013 608 2070 tiosum.
627 2014 689 2067 Et
709 2011 844 2067 ideo
875 2010 952 2066 ad
974 2007 1486 2082 comparationem
1515 2003 1757 2076 reliquie
1787 2000 2020 2056 univer-

365 2101 550 2160 sitatis
575 2101 769 2158 scribo
796 2116 953 2168 rara,
984 2103 1047 2156 ut
1077 2099 1193 2154 sint
1215 2096 1498 2172 pretiosa.
1521 2091 1856 2163 lndulgebit
1874 2105 2017 2161 ergo

365 2191 628 2250 Christus
671 2190 932 2260 veniam,
977 2187 1145 2262 quod
1185 2185 1376 2243 sciens
1403 2188 1689 2258 praetereo
1736 2179 2013 2254 plurima.

363 2279 644 2338 Arsendis
698 2295 847 2336 uxor
891 2275 1161 2334 Willclmi
1201 2273 1478 2332 Tolosani
1521 2270 1753 2328 comitis
1802 2267 2017 2341 (fratris

363 2368 520 2427 illius
551 2368 748 2426 Poncii
773 2368 876 2442 qui
907 2367 985 2424 ab
1012 2364 1254 2422 Artaldo
1279 2362 1565 2438 posthaec
1587 2357 1863 2432 privigno
1885 2372 2014 2424 suo,

363 2459 504 2518 dolo
538 2459 878 2515 interfectus
911 2456 1039 2528 fuit)
1068 2453 1335 2511 habebat
1365 2449 1628 2508 armillas
1662 2463 1894 2514 aureas,
1926 2444 2020 2502 vel

362 2549 563 2626 potius
605 2547 791 2621 (quod
825 2563 1014 2620 usque
1053 2544 1132 2601 ad
1179 2541 1448 2598 cubitum
1493 2535 2017 2626 continuabantur)

363 2622 652 2702 manicas,
687 2635 936 2690 mirifico
968 2647 1148 2706 opere
1171 2629 1548 2702 gemmisque
1577 2624 1850 2700 pretiosis
1882 2622 2018 2679 insi-

364 2727 577 2799 gnitas.
627 2727 758 2780 llaec
789 2739 926 2779 cum
977 2721 1037 2776 in
1081 2736 1190 2776 suo
1229 2717 1415 2775 nobili
1459 2721 1646 2772 stratu
1691 2712 2017 2787 aliquando

363 2817 492 2874 sola
521 2813 921 2883 accubuisset,
962 2811 1118 2867 videt
1146 2825 1254 2883 per
1282 2805 1586 2865 somnium
1617 2809 1752 2862 ante
1779 2820 1839 2860 se
1869 2819 1939 2859 ac
1971 2801 2017 2856 si

365 2903 824 2982 speciosissima:
853 2900 1066 2975 puellae
1097 2899 1358 3003 formam
1405 2893 2020 3003 pertra‘iisire.u0‘uaiii
2053 2922 2094 2975 η
2127 2893 2384 3003 ξῶἑῖθι,
3181 2893 3644 2986 “Ῑὶῖ)ᾘ“ὲὲὲξῶί.“

365 2981 503 3052 cum
535 3010 658 3067 prie
686 2991 872 3048 nimia
897 2989 1146 3046 miratur
1174 2987 1490 3058 elegantia,
1540 2984 1639 3041 tali
1664 2981 2018 3054 rogitatione

365 3081 708 3155 aggreditur
737 3099 748 3136 :
791 3079 910 3144 Dic,
943 3077 1244 3152 inquiens,
1275 3077 1420 3132 hera
1449 3089 1733 3149 quaenam
1777 3088 1906 3128 esse
1933 3069 2018 3126 vi-

365 3173 607 3231 deris.»
660 3172 874 3228 Sancta
924 3167 1094 3224 Fides
1144 3165 1353 3222 humili
1384 3163 1694 3238 respondit
1741 3178 1884 3218 voce
1927 3176 2022 3216 ro-

366 3262 529 3336 ganti
562 3276 576 3318 :
607 3283 636 3311 «
669 3262 884 3318 Sancta
915 3257 1085 3314 Fides
1115 3271 1228 3326 ego
1267 3270 1424 3323 sum,
1455 3252 1574 3308 noli
1603 3251 1900 3321 dubitare,
1937 3249 2024 3304 vi-

366 3369 532 3422 rago.
564 3373 592 3401 »
641 3355 712 3406 At
756 3347 856 3404 illa
885 3351 1092 3404 contra
1121 3343 1457 3401 admodum
1495 3340 1865 3414 supplicans,
1897 3339 1976 3394 ait
2003 3355 2018 3394 :

367 3443 409 3498 Ο
440 3444 649 3496 sancta
676 3440 841 3504 hera,
874 3433 1088 3507 utquid
1112 3432 1188 3489 ad
1227 3429 1622 3505 peccatricem
1650 3429 1932 3485 accedere
1959 3444 2022 3484 es

366 3529 640 3596 dignata?
674 3551 702 3576 ››
727 3529 889 3581 'l‘unc
909 3523 970 3578 in
999 3521 1209 3578 eadem
1231 3521 1382 3576 hora
1403 3517 1710 3588 negotium
1731 3517 2022 3572 adventus

369 3616 459 3672 sui
491 3618 696 3671 sancta
743 3611 912 3669 Fides
952 3609 1184 3666 iutimat
1230 3605 1633 3681 percontanti:
1685 3609 1822 3661 «Da
1851 3605 2021 3676 mihi,

368 3703 579 3778 inquit,
612 3701 882 3759 manicas
904 3713 1118 3755 aureas
1151 3713 1304 3772 quas
1321 3695 1510 3752 habes
1539 3710 1914 3768 pergensque
1945 3694 2024 3751 ad

371 3791 663 3863 Conchas,
713 3807 832 3846 arae
882 3786 1074 3844 sancti
1121 3783 1440 3843 Salvatoris
1471 3785 1859 3856 superponito
1897 3799 2018 3840 eas.

370 3877 502 3938 Haec
531 3882 690 3937 enim
720 3884 805 3936 est
835 3893 1024 3934 causa
1051 3873 1452 3948 quamobrem
1489 3877 1652 3928 tuam
1679 3873 2022 3946 expetierim

366 3968 820 4046 praesentiam.»
854 3967 942 4023 Ad
972 3966 1099 4021 haec
1130 3964 1392 4038 prudens
1424 3966 1724 4033 matrona,
1745 3978 1867 4018 non
1901 3967 2021 4018 tan-

368 4065 497 4116 tum
539 4074 761 4114 munus
801 4055 1034 4128 absque
1083 4053 1284 4110 fenore
1338 4065 1521 4125 passa
1551 4049 1735 4119 abire,
1768 4050 1850 4107 sic
1899 4050 2022 4107 ait:

373 4172 401 4200 ‹‹
431 4151 474 4206 Ο
503 4151 712 4204 sancta
756 4146 922 4214 hera,
955 4144 1004 4200 si
1029 4159 1136 4216 per
1167 4147 1219 4198 te
1253 4145 1404 4198 Deus
1438 4157 1533 4197 me
1558 4140 1827 4198 mascula
1857 4141 2024 4214 prole

371 4236 678 4295 fecundari
723 4235 968 4298 dederit,
1016 4232 1079 4288 id
1126 4231 1328 4288 libenti
1384 4230 1588 4288 animo
1639 4231 1804 4304 quod
1843 4230 2023 4302 jubes

370 4341 683 4400 exsequar.
722 4347 748 4374 ι)
775 4323 865 4380 Ad
896 4337 1082 4396 quam
1121 4325 1329 4377 sancta
1357 4320 1523 4376 Fides
1557 4337 1570 4375 :
1603 4323 1721 4377 Hoc
1753 4321 2023 4394 omnipo-

370 4419 500 4473 tens
529 4417 786 4484 Creator,
826 4412 926 4480 ait,
956 4427 1065 4484 pro
1096 4409 1321 4466 famula
1369 4401 1478 4465 sua
1519 4409 1798 4467 facillime
1828 4410 2021 4480 faciet,

371 4503 418 4561 si
463 4503 628 4578 quod
679 4501 918 4577 postulo
976 4516 1100 4556 non
1145 4499 1534 4570 negaveris.»
1587 4499 1648 4554 in
1697 4500 2020 4555 crastinum

369 4593 584 4651 mulier
603 4593 717 4650 hoc
767 4604 1062 4664 responso
1105 4587 1435 4660 sollicitata,
1481 4587 1770 4662 perquirit
1799 4587 2025 4645 studio-

371 4683 603 4739 sissime
631 4695 754 4754 quo
797 4680 858 4736 in
887 4693 1046 4752 pago
1083 4676 1249 4733 vicus
1279 4676 1382 4748 qui
1431 4676 1702 4732 Conchas
1732 4676 2027 4733 vocitatur

371 4773 514 4828 situs
557 4771 647 4839 sit,
689 4769 965 4826 nondum
1009 4765 1169 4822 enim
1201 4765 1712 4822 Conchaeeusium
1740 4767 2023 4822 virtutum

368 4861 600 4917 novitas
637 4857 750 4915 nisi
791 4869 949 4924 raro,
999 4853 1149 4910 ﬁnes
1201 4869 1344 4908 suos
1393 4859 1748 4910 excesserat.
1783 4856 1912 4920 Quo
1945 4853 2025 4910 ab

368 4949 460 5005 his
489 4949 591 5022 qui
621 4948 1042 5021 compererant
1079 4945 1406 5016 comperto,
1438 4943 1699 5015 ipsamet
1728 4943 2024 5016 peregrini

369 5037 574 5096 functa
603 5035 822 5108 ofﬁcio,
869 5050 1082 5090 aureos
1112 5048 1183 5088 eo
1212 5031 1552 5088 brachiolos
1595 5049 1736 5088 cum
1786 5049 2026 5091 summa

371 5125 686 5181 devotione
715 5123 942 5192 detulit,
977 5125 1218 5194 Deoque
1265 5136 1336 5177 ac
1367 5123 1589 5176 sanctae
1629 5123 1758 5193 ejus
1789 5121 2022 5179 obtulit.

373 5213 576 5286 Ibique
605 5211 961 5270 venerabilis
1011 5216 1287 5268 matrona
1315 5210 1542 5284 aliquot
1571 5211 1896 5268 Dominicae
1923 5215 2026 5270 lle-

373 5304 750 5360 surreetionis
769 5303 896 5358 dies
926 5302 1350 5358 honorabiliter
1371 5318 1578 5372 agens,
1612 5319 1842 5376 suaque
1871 5321 2026 5378 prie-

371 5395 558 5454 sentia
589 5393 1025 5450 solemnitatem
1069 5391 1394 5463 honorans,
1427 5393 1644 5450 deinde
1675 5394 1754 5451 ad
1777 5395 2026 5469 propria

369 5483 562 5540 rediit.
613 5485 755 5550 Quie
803 5482 977 5553 juxta
1019 5480 1235 5538 divinae
1270 5482 1510 5539 visionis
1561 5484 2023 5558 promissionem

375 5572 669 5646 concepit,
691 5576 747 5628 et
777 5571 1010 5645 peperit
1039 5571 1398 5628 masculum.
1435 5576 1780 5647 Rursusque
1803 5573 2010 5646 gravid

2124 1677 2384 1745 tabatur,
2411 1676 2776 1738 intolerabili
2811 1680 3041 1734 tumore
3071 1675 3294 1733 doloris
3325 1676 3581 1733 ctrlestis
3609 1675 3791 1732 dam-

2124 1767 2291 1825 navit
2307 1766 2554 1839 justitia.
2592 1769 2788 1841 Usque
2813 1767 2966 1824 adeo
2998 1771 3063 1824 ut
3089 1770 3280 1824 totum
3308 1783 3462 1842 pene
3486 1766 3792 1824 annulum

2125 1862 2369 1930 turgens
2394 1855 2639 1929 pustula
2663 1871 2844 1930 super
2873 1860 3246 1915 accrescente
3276 1873 3454 1915 carne
3483 1856 3796 1926 conﬁnge-

2124 1951 2232 2020 ret,
2260 1947 2342 2004 ita
2367 1946 2636 2004 videlicet
2655 1951 2720 2004 ut
2743 1947 3003 2004 annulus
3023 1947 3239 2004 adacto
3264 1947 3419 2005 ferro
3439 1963 3562 2004 non
3583 1951 3794 2020 posset

2127 2037 2314 2094 secari
2345 2035 2472 2093 sine
2497 2035 2664 2108 digiti
2690 2036 3064 2094 detrimento.
3090 2040 3359 2112 Cumque
3379 2037 3459 2094 ad
3486 2037 3644 2094 hanc
3663 2036 3793 2092 vim

2128 2126 2274 2186 mali
2303 2127 2807 2199 compescendam
2839 2127 3266 2186 accercitorum
3296 2127 3671 2184 medicorum
3701 2143 3796 2183 re-

2127 2215 2330 2272 media
2355 2215 2760 2289 desperarent,
2785 2231 2895 2272 nec
2913 2215 3033 2272 ullo
3053 2216 3238 2273 modo
3258 2215 3556 2290 passionis
3583 2215 3794 2272 efﬁca-

2128 2305 2276 2362 citas
2323 2305 2455 2377 jam
2511 2304 2749 2362 tolerari
2797 2309 3018 2378 posset,
3081 2305 3162 2362 ad
3225 2305 3410 2362 divini
3459 2305 3795 2378 juvaminis

2127 2394 2446 2452 recurritur
2493 2394 2823 2451 auxilium:
2878 2395 2945 2451 ﬁt
2980 2395 3186 2468 palam
3239 2395 3541 2468 injuriosze
3593 2395 3794 2468 culpae

2128 2481 2442 2539 confessio.
2459 2481 2778 2539 Deducitur
2797 2483 3008 2540 debilis
3039 2483 3252 2540 mulier
3271 2483 3352 2540 ad
3380 2499 3623 2541 sacrum
3651 2500 3794 2542 san-

2128 2577 2235 2629 etze
2266 2571 2544 2644 martyris
2570 2571 2967 2630 mausoleum.
3003 2573 3089 2630 lbi
3116 2590 3254 2630 cum
3280 2573 3552 2644 geminas
3576 2577 3794 2630 noctes

2127 2659 2388 2718 assiduis
2413 2659 2680 2718 excubiis
2709 2661 3036 2730 continuat,
3065 2661 3232 2718 tertia
3265 2661 3420 2734 (qua:
3450 2660 3564 2717 fuit
3593 2659 3796 2716 Domi-

2126 2749 2284 2823 nica)
2313 2749 2627 2822 adjicitur;
2675 2749 2738 2806 in
2787 2765 2910 2822 qua
2937 2750 3029 2806 vis
3071 2749 3292 2807 doloris
3320 2750 3405 2808 ita
3436 2749 3653 2806 saevior
3678 2747 3794 2804 do-

2127 2839 2347 2897 lentem
2395 2839 2650 2912 vexavit,
2691 2844 2756 2896 ut
2801 2839 3136 2897 vociferans
3181 2839 3418 2896 feminae
3448 2837 3798 2896 miserrima

2127 3025 2499 3094 postremum
2538 3037 2677 3080 cum
2705 3020 2834 3091 jam
2881 3020 3312 3078 matutinartun
3341 3019 3594 3078 laudum
3627 3018 3794 3074 into-

2126 3113 2340 3166 narcut
2365 3109 2688 3182 prmconia,
2718 3108 2797 3167 ab
2826 3107 3144 3167 altithrona
3172 3124 3428 3166 summm
3451 3105 3798 3179 majestatis

2130 3199 2270 3255 sede
2295 3199 2554 3268 benigne
2579 3197 3013 3272 eompassionis
3034 3199 3287 3256 visitatio
3311 3197 3638 3265 descendit,
3663 3212 3796 3252 non

2129 3305 2312 3361 passa
2341 3287 2564 3345 diutius
2586 3288 2648 3344 in
2677 3289 2947 3345 humana
2971 3303 3150 3344 carne
3175 3292 3301 3344 tam
3332 3303 3542 3358 graves
3574 3302 3794 3360 paena-

2129 3393 2266 3434 rum
2307 3377 2595 3434 desaevire
2649 3393 2876 3445 cruces,
2929 3393 3040 3434 nec
3093 3377 3394 3450 lacrymas
3445 3375 3797 3450 paenitentis

2133 3482 2322 3538 usque
2349 3467 2424 3522 ad
2443 3466 2922 3540 desperationem
2950 3465 3278 3539 pervenire.
3303 3469 3452 3524 Nam
3479 3482 3618 3522 cum
3641 3463 3795 3522 forte

2131 3555 2405 3612 luctuosa
2425 3561 2703 3614 matrona
2720 3571 2896 3614 nares
2917 3555 3302 3626 emunxisset,
3317 3554 3798 3630 annulus,quem

2134 3661 2317 3719 supra
2337 3644 2620 3713 diximus,
2637 3643 2923 3703 inviolata
2938 3643 3262 3714 digitorum
3284 3643 3476 3701 salute
3491 3648 3795 3718 tanquam

2131 3733 2572 3790 validissimum
2602 3733 2820 3792 arcitus
2857 3733 2878 3753 '
2922 3731 3140 3790 balista
3185 3733 3476 3808 crepitum
3503 3733 3684 3804 longe
3730 3731 3796 3788 in

2132 3822 2478 3896 pavimento
2507 3822 2688 3883 dedit.
2715 3826 2782 3879 Et
2809 3821 2944 3880 ideo
2975 3839 3112 3878 cum
3133 3821 3358 3894 ingenti
3379 3821 3586 3893 gaudii
3611 3821 3798 3895 tripu-

2133 3913 2234 3970 dio
2263 3913 2390 3968 dies
2428 3911 2528 3970 illa
2572 3912 2880 3972 Dominica
2909 3911 2990 3970 ab
3033 3913 3200 3969 omni
3226 3911 3381 3968 illius
3418 3911 3533 3969 vici
3561 3911 3795 3986 populo

2133 4002 2432 4060 celebrata
2459 4001 2586 4059 fuit.
2621 4002 2851 4075 Quippe
2892 4001 3000 4075 qui
3027 4000 3402 4075 patrioticam
3429 4018 3502 4058 ac
3527 4001 3798 4058 vicinam

2137 4109 2313 4150 suam
2339 4096 2540 4150 sancte
2570 4092 2778 4150 Fidelis
2807 4091 3028 4150 auxilio
3053 4097 3320 4167 ereptam
3343 4108 3382 4149 a
3404 4091 3640 4150 funesto
3670 4094 3798 4147 tor-

2135 4187 2338 4240 mento
2368 4186 2693 4249 cernerent,
2723 4186 2779 4239 et
2809 4187 2964 4239 certe
2992 4180 3182 4242 multa
3211 4187 3267 4238 et
3312 4181 3635 4239 innumera
3677 4181 3796 4237 hu-

2131 4269 2398 4343 jusmodi
2451 4269 2630 4328 etiam
2681 4287 2786 4344 per
2834 4269 3070 4328 diversa
3118 4274 3410 4328 terrarum
3465 4269 3664 4346 spatia
3718 4270 3796 4325 de

2136 4366 2343 4418 sancta
2391 4358 2530 4418 Fide
2557 4359 2912 4422 referuntur,
2943 4376 3080 4432 quae
3108 4375 3232 4416 non
3269 4359 3466 4418 solum
3508 4359 3794 4428 scribere,

2135 4449 2238 4506 sed
2260 4449 2438 4504 etiam
2469 4447 2664 4504 dicere
2689 4463 2870 4504 nemo
2897 4447 3148 4504 sufﬁciet
3175 4465 3188 4516 ;
3218 4451 3306 4503 est
3333 4447 3491 4503 enim
3518 4447 3800 4522 impossi-

2132 4537 2250 4594 bile
2273 4536 2548 4594 universa
2595 4540 2816 4593 sanctae
2845 4535 3001 4594 Fidi-s
3026 4535 3332 4607 magnalia
3379 4536 3471 4593 vel
3491 4537 3800 4610 explicare

2133 4627 2332 4683 verbis
2350 4626 2445 4682 vel
2476 4625 2790 4697 designare
2819 4625 3047 4683 litteris.

2769 4735 2992 4791 CAPUT
3044 4736 3158 4790 VII.

2563 4844 2649 4898 De
2693 4841 2961 4912 improbo
3011 4847 3360 4900 mercatore.

2208 4953 2507 5016 Mercator,
2539 4947 2922 5006 Arvernensis
2971 4948 3115 5021 pagi
3157 4947 3374 5017 incola,
3407 4947 3486 5004 ad
3517 4952 3800 5004 sanctam

2140 5039 2336 5096 Fidem
2363 5037 2646 5094 orationis
2668 5052 2856 5094 causa
2885 5037 3172 5094 venit.Hic
3194 5053 3331 5094 cum
3361 5037 3612 5094 vidisset
3629 5036 3798 5094 facil-

2137 5128 2344 5185 limum
2375 5143 2525 5185 certe
2545 5125 2976 5184 commercium
2999 5127 3166 5200 (nam
3188 5131 3432 5200 propter
3451 5127 3800 5201 peregrino-

2137 5233 2270 5273 rum
2303 5215 2718 5289 frequentiam,
2761 5213 3138 5272 otferentium
3170 5231 3374 5272 cereos
3405 5216 3594 5273 multo
3621 5215 3804 5274 vilior

2133 5306 2430 5377 habetur),
2471 5305 2626 5362 illico
2656 5309 2864 5361 notam
2909 5321 3036 5360 suae
3076 5304 3216 5361 artis
3247 5306 3523 5379 peritiam
3549 5310 3802 5363 revocat

2136 5396 2213 5451 ad
2244 5394 2618 5462 memoriam,
2651 5392 2732 5450 sic
2753 5393 2908 5449 intra
2934 5409 2999 5450 se
3021 5393 3327 5464 cogitans:
3357 5417 3384 5444 ‹‹
3414 5396 3608 5459 Quam
3633 5393 3801 5450 facili

2135 5489 2390 5557 quaestu,
2418 5483 2466 5539 si
2495 5483 2609 5539 hoc
2639 5481 2850 5538 stultus
2877 5482 3274 5551 reseivissem,
3299 5483 3544 5540 divitem
3571 5500 3669 5540 me
3690 5500 3801 5558 p0-

2136 5572 2383 5631 tuissem
2397 5573 2590 5629 facere
2609 5587 2680 5628 ac
2700 5587 2899 5628 meam
2919 5588 3048 5630 rem
3070 5571 3469 5630 constabilire!
3496 5573 3605 5631 sed
3624 5573 3801 5646 quod
