4054 6188
250 167 344 223 Ml

1236 132 1243 140 ’
1338 166 1465 223 LIB.
1511 147 1611 220 ne
1639 162 2012 220 unusunus
2055 164 2341 223 suam
2383 168 2579 225 FlDlS.

3560 166 3667 237 εἴη

242 287 526 348 hactenus
545 281 885 358 ignorantia
912 279 1221 358 distulerit,
1252 286 1367 345 hoc
1393 287 1615 345 amodo
1644 286 1893 362 pervigil
1937 291 1984 343 Α
2014 289 2309 346 Amaldus
2364 292 2831 351 Rothenensium
2884 295 3221 372 episcopuis’,
3273 287 3396 357 silis
3434 306 3664 360 tantum

242 393 535 443 recursus,
611 374 1018 448 frequensque
1068 376 1300 449 repetiti
1368 377 1591 434 itineris
1649 376 1892 444 reditus,

238 466 406 525 brevi
434 463 719 538 temporis
749 463 941 537 spatio
972 466 1116 536 perii
1127 466 1256 522 ciet.
1308 467 1601 536 Accingar
1644 482 1785 537 ergo
1810 465 1896 521 vi-

238 558 436 625 riliter,
487 555 692 628 reique
740 553 1054 610 exordium
1083 556 1418 626 aggrediar.
1452 581 1478 606 υ
1539 560 1656 614 Hoc
1698 557 1898 629 itaque

237 646 551 722 disposito,
583 643 909 716 auditoque
932 645 1238 703 venditore
1264 646 1526 720 plurima
1566 662 1714 703 certe
1744 662 1898 720 pon-

236 738 383 796 dera
406 734 858 806 diligentissime
910 739 1105 804 taxat;
1147 735 1477 811 decemque
1508 736 1901 793 dinumeratis

237 825 467 891 solidis,
490 829 801 896 comparat
832 839 1098 880 massam
1128 825 1452 895 ingentem,
1484 830 1664 888 atque
1688 826 1749 882 in
1776 841 1901 881 sac-

236 915 386 971 culis
426 914 715 971 recondit.
770 915 836 968 Et
867 913 996 983 jam
1027 913 1299 984 gaudens
1330 914 1581 971 minimo
1627 930 1756 971 sese
1805 914 1898 971 vel

232 1003 649 1078 quadruplum
699 1003 1094 1074 lucraturum,
1128 1003 1211 1059 sic
1255 1004 1421 1078 apud
1465 1019 1529 1060 se
1556 1004 1894 1074 cogitabat:

231 1118 261 1145 α
292 1097 367 1150 At
396 1097 496 1150 at:
527 1092 682 1149 bene
705 1107 765 1147 se
809 1091 992 1148 habet
1036 1092 1398 1166 principium
1424 1111 1438 1149 :
1489 1093 1635 1167 quid
1665 1098 1814 1161 tum,
1849 1093 1897 1150 si

229 1183 441 1257 plures
468 1181 631 1238 vices
659 1180 887 1237 redeo?
938 1206 965 1231 ››
996 1181 1127 1245 Sed.
1139 1184 1268 1254 jam
1299 1184 1491 1239 exitus
1520 1183 1605 1239 rei
1636 1199 1757 1240 non
1793 1183 1896 1239 de-

226 1272 329 1329 bet
350 1286 470 1328 nos
498 1270 807 1327 remorari.
840 1268 1018 1341 [gitur
1050 1272 1363 1343 superﬂuit
1389 1271 1638 1345 pulcher
1666 1288 1895 1340 cereus,

226 1362 333 1435 qui
379 1377 510 1417 non
562 1359 754 1434 potuit
792 1360 944 1415 inter
990 1360 1289 1433 reliquum
1338 1377 1550 1435 capere
1590 1377 1892 1419 acervum.

229 1453 403 1507 Hunc
434 1449 525 1505 vir
549 1447 887 1523 cupiditatis
916 1448 977 1504 in
1019 1448 1219 1505 sinum
1250 1449 1557 1523 applicuit,
1589 1467 1659 1507 eo
1688 1451 1897 1508 videli-

227 1544 319 1597 cet
348 1539 539 1597 modo
564 1543 632 1595 ut
659 1539 962 1611 quantitas
988 1538 1234 1611 quidem
1266 1538 1525 1596 habitior
1550 1540 1753 1597 subter
1778 1541 1898 1597 cin-

2013 378 2391 450 parochianis
2409 382 2773 438 conflaverat
2801 384 3137 457 synodum:
3169 404 3292 461 quo
3321 388 3396 445 de
3415 389 3666 448 diversis

2010 470 2451 526 monachorum
2482 475 2585 527 aut
2614 473 3042 531 canonicorum
3073 474 3662 549 congregationibus,

2009 556 2069 612 in
2104 559 2320 630 capsis,
2353 558 2447 615 vel
2494 561 2860 629 imaginibus
2911 565 3130 634 aureis,
3162 572 3506 625 sanctorum
3532 584 3660 625 cor-

2010 662 2160 718 pora
2175 642 2328 704 'sunt
2359 654 2577 706 evecta.
2622 653 2758 707 Erat
2785 651 3103 710 distributa
3132 661 3478 714 sanctorum
3509 659 3666 715 acies

2010 736 2071 791 in
2102 738 2363 795 tentoriis
2392 739 2453 795 in
2485 740 2911 812 papilionibus,
2937 742 2998 798 in
3028 749 3200 817 prato
3223 747 3409 803 sancti
3442 747 3662 817 Felicis,

2009 827 2177 899 quod
2205 827 2545 901 disparatur
2578 829 2655 885 ab
2680 830 2829 887 urbe
2859 833 3034 904 quasi
3062 849 3185 890 uno
3214 839 3449 892 tantum
3478 838 3665 894 milia-

2010 912 2117 969 rio.
2149 917 2312 972 Hunc
2340 915 2541 972 locum
2575 918 2874 991 praecipue
2905 921 3092 977 sancti
3125 921 3281 978 Marii
3310 925 3666 982 confessoris

2010 1020 2194 1061 aurea
2218 1006 2583 1077 majestas,et
2612 1008 2801 1064 sancti
2827 1010 3085 1066 Amantii
3117 1027 3286 1085 mque
3309 1012 3666 1070 confessoris

2009 1098 2067 1150 et
2120 1094 2385 1168 episcopi
2437 1111 2620 1153 aurea
2674 1098 2980 1171 majestas,
3032 1105 3088 1156 et
3130 1106 3318 1158 sancti
3360 1103 3661 1159 Saturnini

2009 1182 2287 1254 martyris
2342 1198 2525 1239 aurea
2579 1200 2783 1257 capsa,
2845 1191 2903 1242 et
2958 1192 3180 1244 sanetae
3239 1190 3435 1247 Maria
3484 1206 3669 1248 aurea

2007 1270 2232 1341 imago,
2259 1276 2317 1327 et
2344 1277 2565 1329 sanctae
2591 1273 2792 1330 Crucis
2835 1289 3015 1330 aurea
3047 1292 3212 1343 crux,
3242 1283 3298 1333 et
3330 1284 3554 1336 sancue
3586 1279 3668 1336 Fi~

2009 1359 2102 1415 dis
2126 1376 2309 1417 aurea
2340 1362 2630 1433 majestas
2669 1363 3054 1421 decorabant.
3092 1367 3270 1423 Erant
3296 1371 3512 1439 praeter
3539 1367 3667 1422 hinc

2010 1453 2354 1505 sanctorum
2381 1451 2569 1507 multa
2608 1451 2882 1524 pignora,
2934 1469 3196 1526 quorum
3224 1470 3515 1511 numerus
3544 1470 3666 1512 non

2009 1538 2530 1596 commendabitur
2570 1540 2629 1596 in
2660 1542 2933 1614 praesenti
2966 1543 3210 1615 pagina.
3248 1543 3331 1600 lbi
3359 1543 3513 1601 inter
3558 1559 3667 1600 cae-

227 1630 448 1702 gulum
479 1627 875 1699 cohiberetur,
925 1627 1201 1698 gracilior
1246 1644 1389 1684 vero
1443 1646 1549 1702 per
1578 1629 1897 1687 fenestram
1933 1644 1972 1698 Β
2011 1632 2153 1700 tera,
2198 1628 2467 1700 quodam
2522 1629 2745 1701 insigni
2806 1631 3186 1705 mirabilique
3238 1632 3664 1706 omnipotentis

229 1718 420 1775 vestis
453 1733 648 1790 usque
687 1717 764 1773 ad
804 1716 1062 1773 barbam
1106 1717 1486 1790 promineret.
1542 1722 1755 1775 Verum
1804 1737 1898 1776 su-

228 1808 405 1881 perni
454 1805 845 1880 speculatoris
872 1805 1093 1862 vindex
1121 1807 1575 1880 omnipotentia,
1619 1824 1743 1864 non
1772 1809 1901 1865 tulit

225 1897 485 1954 ulterius
544 1895 799 1969 raptoris
856 1895 1036 1952 latere
1091 1895 1429 1954 audaciam.
1491 1901 1638 1955 Nam
1693 1914 1900 1955 cereus

226 2003 422 2060 quem
436 1983 742 2056 dixi,ignis
762 1983 948 2040 divini
967 1984 1276 2057 repentino
1301 2001 1626 2042 succensus
1650 1987 1895 2054 fervore,

229 2076 502 2133 claustra
555 2075 691 2148 ipsa
744 2072 968 2147 quibus
1024 2073 1288 2131 inclusus
1351 2075 1666 2132 tenebatur
1721 2076 1903 2150 coepit

228 2166 619 2222 vehementer
692 2162 964 2234 adurere,
1012 2179 1385 2237 vaporesque
1456 2166 1901 2223 ﬂammivomos

229 2271 356 2313 una
390 2271 534 2311 cum
563 2253 882 2325 fumiganti
919 2252 1156 2310 turbine
1187 2252 1345 2310 foras
1376 2254 1820 2324 emittere,adeo
1838 2260 1903 2312 ut

227 2345 594 2402 micantium
625 2342 1015 2400 scintillarum
1044 2342 1225 2414 globo
1252 2342 1542 2411 vibrante,
1561 2344 1662 2401 illa
1686 2345 1900 2417 ingens

225 2434 431 2492 barba
460 2433 770 2502 rehmeret,
801 2429 1195 2505 superiusque
1241 2431 1560 2505 capucium
1590 2432 1901 2506 crepitanti

227 2522 697 2580 combureretur
754 2520 968 2577 sonitu.
1029 2524 1142 2576 Nec
1172 2519 1331 2576 linea
1360 2520 1420 2576 in
1473 2521 1653 2578 telam
1678 2521 1899 2579 ventris

228 2611 498 2686 protexit
525 2616 776 2681 tergora,
816 2626 955 2666 cum
997 2609 1176 2666 etiam
1222 2610 1578 2682 posteriores
1633 2610 1899 2684 gyranti-

230 2702 345 2758 bus
378 2700 646 2757 ﬂammis
670 2700 964 2756 arderent.
1019 2701 1296 2772 Stuperes
1333 2700 1682 2757 insanientis
1713 2701 1900 2758 horri-

228 2791 383 2848 biles
413 2790 705 2861 mugitus,
737 2788 1094 2845 calcitrantis
1122 2788 1452 2862 strepitum,
1472 2789 1744 2847 dentium
1775 2790 1903 2846 stri-

229 2881 471 2948 dorem,
518 2878 833 2936 oculorum
879 2877 1248 2948 vertiginem,
1282 2877 1580 2951 totiusque
1610 2879 1900 2936 immode-

2009 1716 2255 1787 dignata
2307 1723 2398 1775 est
2447 1718 2739 1777 famulam
2792 1737 2967 1778 suam
3018 1722 3348 1793 gloriﬁcare
3401 1724 3664 1781 bonitas.

2008 1809 2159 1862 Puer
2183 1822 2219 1863 a
2247 1807 2551 1864 nativitatc
2582 1825 2775 1865 caecus
2804 1814 2860 1865 ct
2898 1810 3171 1881 claudus,
3205 1812 3422 1869 surdus
3448 1817 3504 1868 et
3532 1828 3667 1869 mu-

2009 1901 2124 1964 tus,
2156 1914 2193 1954 a
2222 1897 2572 1971 parentibus
2612 1898 2936 1971 bajulatus,
2984 1902 3309 1975 subterque
3338 1900 3666 1973 imaginem

2009 2003 2146 2060 quae
2175 1986 2236 2043 in
2266 1987 2510 2045 sublimi
2556 1988 2987 2047 honorabiliter
3022 1990 3377 2059 habebatur,
3410 1990 3663 2065 positus,

2011 2075 2185 2148 quasi
2213 2077 2376 2133 horae
2406 2077 2584 2133 unius
2611 2078 2918 2135 intervallo
2948 2079 3172 2137 ibidem
3197 2080 3565 2149 demoratus,
3583 2079 3669 2137 dio

2011 2164 2212 2221 vinam
2244 2166 2458 2223 meruit
2483 2166 2846 2225 medicinam
2871 2187 2885 2237 ;
2918 2174 3118 2243 atque,
3142 2169 3539 2241 integerrima:
3570 2185 3667 2227 so-

2012 2253 2239 2327 spitatis
2281 2255 2541 2312 donatus
2580 2256 2792 2326 gratia,
2848 2258 3183 2315 exsurrexit
3233 2257 3512 2333 loquens,
3566 2274 3670 2315 au-

2011 2343 2201 2412 diens,
2260 2344 2494 2413 videns,
2550 2350 2608 2401 et
2651 2345 2834 2403 etiam
2880 2346 3176 2404 inoffenso
3226 2348 3380 2422 pede
3426 2347 3670 2406 faciliter

2011 2432 2428 2490 deambulans.
2491 2439 2758 2508 Cumque
2796 2439 3075 2511 strepitus
3127 2436 3293 2508 vulgi
3338 2450 3521 2511 super
3565 2438 3671 2495 tali

2011 2526 2317 2578 resonaret
2366 2522 2661 2595 prodigio,
2714 2523 2978 2581 seniores
3029 2524 3282 2595 consilii,
3321 2525 3426 2599 qui
3479 2524 3672 2582 consi-

2010 2609 2237 2666 debant
2266 2611 2448 2683 paulo
2494 2611 2861 2679 remotiores,
2907 2618 3216 2685 coeperunt
3261 2613 3415 2669 inter
3442 2628 3504 2669 se
3531 2628 3672 2671 con-

2010 2699 2265 2773 quirere,
2296 2698 2596 2758 dicentes:
2639 2723 2667 2749 ‹‹
2701 2700 2855 2767 Quid
2904 2700 3017 2757 sibi
3045 2700 3172 2758 vult
3217 2701 3331 2759 ista
3359 2700 3670 2775 popularis

2014 2788 2449 2845 conclamatio!
2488 2812 2515 2838 ››
2547 2789 2775 2856 Quibus
2820 2788 3063 2846 Bcrtillis
3092 2789 3401 2847 comitissa
3426 2805 3672 2864 respon-

2014 2878 2205 2934 dens:
2257 2900 2286 2925 ‹‹
2338 2877 2512 2948 Quid,
2557 2877 2770 2951 inquit,
2798 2877 2961 2935 aliud
3009 2878 3124 2936 hoc
3162 2884 3337 2946 esset,
3375 2878 3488 2935 nisi
3527 2878 3674 2953 quia

232 2975 431 3027 ratam
464 2964 733 3041 corporis
761 2966 1195 3036 distortionem,
1225 2982 1363 3023 cum
1393 2967 1593 3035 miser,
1620 2966 1898 3023 intolera-
1947 3002 1989 3057 ε
2018 2972 2223 3024 sancta
2253 2968 2420 3024 Fides
2446 2968 2703 3040 jocatur,
2761 2972 2827 3024 ut
2855 2968 3046 3025 solet?
3080 2992 3107 3020 »
3156 2972 3317 3026 Tunc
3344 2985 3576 3037 omnes,
3607 2984 3671 3025 re

232 3058 434 3116 biliter
463 3073 709 3130 passus,
735 3056 850 3112 hac
874 3055 1127 3128 illacque
1159 3072 1427 3128 praeceps
1480 3054 1798 3122 ferebatur,
1831 3071 1901 3111 ac
1956 3054 1985 3057 ⁷
2017 3056 2329 3130 exquisita,
2380 3062 2501 3113 tam
2547 3061 2787 3130 stupore
2835 3073 3021 3130 quam
3062 3058 3284 3129 gaudio
3324 3057 3553 3132 repleti,
3580 3062 3672 3115 to-

233 3151 278 3206 si
319 3148 400 3204 de
458 3146 790 3220 improviso
837 3162 1155 3219 percursus
1200 3145 1462 3211 coluber,
1512 3145 1615 3217 qui
1663 3145 1903 3201 sinuato
2018 3151 2141 3202 tam
2171 3146 2522 3202 concionem
2570 3146 2648 3201 ad
2693 3146 2929 3203 divinas
2966 3146 3176 3204 laudes
3201 3149 3670 3216 concitaverunt,

232 3238 422 3311 globo
450 3251 616 3293 nunc
646 3252 707 3291 se
752 3234 814 3291 in
841 3235 1141 3307 sphaeram
1185 3233 1424 3304 colligit,
1474 3249 1636 3290 nunc
1680 3233 1905 3306 pernici
2017 3235 2162 3291 illud
2193 3235 2533 3308 frequenter
2554 3251 2677 3301 prae
2701 3235 2887 3292 nimia
2916 3235 3116 3293 laetitia
3143 3237 3489 3305 recolentes,
3507 3236 3674 3311 quod

233 3332 433 3384 tractu
459 3324 760 3395 fulminat,
791 3339 860 3380 ac
884 3322 1074 3380 tortile
1113 3322 1335 3379 collum
1359 3322 1626 3395 porrigit,
1659 3327 1906 3395 captans
2013 3323 2203 3396 jocari
2234 3329 2508 3380 sanctam
2564 3323 2761 3381 Fidem
2792 3323 3146 3381 venerabilis
3184 3327 3462 3383 matrona
3497 3323 3676 3381 dixis-

237 3416 475 3487 fugam.
511 3413 626 3470 Sed
677 3411 1036 3479 debilitatus,
1092 3427 1214 3467 non
1260 3411 1492 3482 valens,
1537 3427 1745 3467 rursus
1776 3426 1907 3483 per-

239 3503 477 3560 cussori
530 3502 806 3573 infestus,
862 3502 1139 3574 intorque
1186 3502 1550 3571 sanguineos
1606 3500 1813 3557 oculos
1852 3504 1909 3556 et

240 3594 452 3652 sibilat
508 3609 630 3649 ore.
666 3590 835 3649 Haud
878 3606 1049 3647 secus
1097 3590 1204 3646 iste
1243 3591 1442 3658 miser,
1484 3591 1601 3646 huc
1648 3589 1907 3662 illucque

241 3682 569 3751 cursitans,
625 3698 687 3737 se
731 3679 980 3754 impellit
1035 3684 1092 3736 et
1138 3680 1385 3752 repellit,
1437 3678 1622 3735 modo
1654 3695 1904 3752 pronus,

242 3773 437 3829 modo
463 3772 802 3846 resupinus,
829 3784 940 3826 nec
967 3768 1090 3825 ullo
1120 3768 1305 3826 modo
1328 3769 1625 3838 respirare
1656 3771 1906 3842 poterat,

245 3880 434 3937 quem
464 3862 556 3918 vis
607 3862 804 3933 major
855 3859 1215 3930 exagitabat.
1269 3858 1383 3917 Sed
1432 3864 1634 3914 tamen
1659 3856 1912 3913 humani

250 3968 467 4008 sensus
514 3951 759 4007 residua
802 3965 958 4007 vena
982 3949 1272 4005 miserum
1319 3948 1547 4017 redegit
1593 3946 1673 4004 ad
1721 3946 1910 4020 paeni—

254 4040 519 4097 tentiam.
554 4041 665 4107 Qui
709 4039 907 4095 statim
938 4038 1016 4096 ad
1047 4038 1389 4112 sepulcrum
1437 4036 1722 4110 piissime:
1751 4052 1912 4092 mar—

256 4130 405 4203 tyris
430 4147 566 4186 cum
586 4129 811 4200 ingenti
835 4128 1095 4185 clamore
1121 4126 1737 4197 currens,universam
1768 4125 1915 4182 inibi

251 4237 459 4277 ceram
508 4235 635 4275 non
660 4218 908 4275 celerius
953 4216 1175 4274 refudit
1222 4233 1410 4291 quam
1452 4215 1691 4289 pcenale
1717 4215 1916 4271 incen-

251 4311 429 4366 dium
456 4309 716 4375 evanuit,
733 4323 929 4380 neque
958 4307 1144 4362 homo
1170 4305 1438 4380 queritur
1465 4305 1540 4361 de
1565 4304 1792 4360 damno
1817 4321 1919 4377 pe-

253 4399 470 4467 cuniae,
500 4395 839 4453 dummodo
884 4411 920 4452 a
947 4400 1245 4452 tormento
1272 4394 1466 4468 potuit
1514 4393 1788 4450 evadere.
1821 4393 1917 4449 His

253 4488 461 4561 itaque
492 4486 696 4558 gestis,
726 4500 1117 4558 nequaquam
1149 4483 1451 4541 offendere
1480 4482 1839 4556 putaverim,
1870 4480 1919 4537 si

255 4576 591 4633 bonitatem
621 4579 841 4631 sanctae
870 4573 1020 4629 Fidis
1069 4572 1434 4629 laudabilem
1460 4571 1919 4644 mirabilemque

258 4664 319 4720 in
344 4666 467 4721 hoc
497 4679 741 4737 quoque
781 4661 1086 4735 praedicto,
1117 4661 1286 4735 quod
1317 4676 1392 4717 ne
1420 4660 1765 4718 commercii
1789 4660 1918 4716 vili-

258 4759 352 4811 tas
406 4755 686 4810 deﬁceret
736 4751 1082 4825 peregrinis,
1145 4750 1593 4825 improbitatem
1660 4750 1920 4807 avaritias

261 4843 599 4914 castigavit.

908 4933 1130 4989 CAPUT
1153 4933 1291 4987 Vlll.

2020 3418 2125 3470 set.

2672 3503 2895 3560 CAPUT
2932 3505 3016 3558 lX.

2458 3593 2601 3649 Item
2630 3592 2703 3648 de
2730 3606 2883 3649 caeco
2913 3597 2970 3649 et
2996 3592 3238 3650 claudo.

2091 3684 2315 3737 Rursus
2343 3681 2594 3754 quidam
2624 3697 2816 3737 caecus
2846 3686 2903 3738 et
2929 3680 3203 3753 claudus,
3221 3684 3288 3737 ut
3313 3680 3570 3738 sanitem
3591 3695 3679 3735 re-

2021 3769 2403 3843 ciperet,ante
2420 3768 2746 3839 imaginem
2767 3769 2958 3825 sancti
2978 3768 3138 3826 Marii
3165 3768 3522 3826 confessoris
3549 3784 3678 3843 per-

2020 3859 2321 3926 ncctabat,
2345 3860 2517 3931 cujus
2546 3858 2810 3929 virtutes,
2830 3858 3077 3915 mirifice
3106 3858 3342 3931 lateque
3371 3858 3677 3932 dispersas,

2022 3965 2058 4006 a
2087 3947 2287 4004 multis
2311 3947 2550 4021 pepulis
2577 3946 2876 4003 habentur
2904 3945 3374 4004 famossissimas.
3405 3950 3677 4019 Cumque

2018 4037 2147 4109 jam
2177 4035 2579 4105 dilucesceret,
2612 4034 2957 4108 repentinus
2985 4034 3039 4091 ei
3068 4049 3250 4106 sopor
3277 4034 3464 4103 irruit,
3486 4033 3679 4090 visus-

2023 4141 2141 4199 que
2197 4129 2285 4181 est
2314 4123 2428 4181 sibi
2484 4138 2692 4180 vocem
2731 4123 2938 4180 audire
2993 4122 3283 4180 dicentis:
3315 4146 3343 4173 «
3390 4123 3549 4181 Vade
3598 4121 3680 4180 ad

2027 4219 2299 4270 sanctam
2330 4212 2570 4269 Fidem?
2618 4227 2741 4267 non
2769 4212 2929 4268 enim
2958 4211 3170 4269 datum
3199 4217 3288 4268 est
3315 4215 3439 4269 uta
3468 4217 3569 4269 tua
3593 4211 3679 4268 in-

2025 4302 2302 4359 ﬁrmitate
2328 4301 2443 4357 nisi
2471 4317 2578 4374 per
2600 4301 2809 4358 merita
2836 4299 2993 4358 illius
3020 4301 3238 4359 salvari
3267 4301 3529 4375 possis.»
3561 4304 3682 4361 Hoc

2025 4407 2323 4465 responso
2355 4391 2646 4447 excitatus
2676 4405 2852 4461 aeger,
2893 4390 3033 4448 illuc
3058 4406 3181 4464 qua
3208 4395 3442 4465 poterat
3471 4391 3681 4448 virtute

2027 4497 2233 4554 repere
2261 4479 2456 4554 coepit.
2482 4482 2631 4537 Cum
2661 4479 3029 4552 pervenisset
3051 4479 3131 4536 ad
3155 4478 3682 4553 locum,extemplo

2030 4575 2251 4627 sanctte
2279 4569 2559 4641 martyris
2575 4568 2875 4626 dilationis
2891 4569 3083 4626 aliena
3108 4569 3354 4626 adfuere
3374 4568 3680 4637 suffragia;

2030 4676 2175 4717 nam
2202 4658 2307 4716 ubi
2345 4660 2531 4715 homo
2559 4657 2620 4713 in
2674 4657 2875 4731 ipsum
2922 4658 3154 4715 aditum
3195 4656 3516 4732 papilionis
3556 4670 3685 4712 sese

2030 4748 2297 4819 ingessit,
2319 4747 2475 4804 illico
2497 4746 2932 4823 virescentibus
2955 4745 3123 4803 venis
3146 4762 3218 4802 ac
3250 4744 3532 4815 vegetatis
3558 4754 3687 4800 ner-

2030 4838 2124 4893 vis
2176 4836 2391 4893 meruit
2436 4835 2512 4892 de
2542 4851 2726 4891 curvo
2779 4833 2905 4890 ﬁeri
2933 4839 3200 4891 erectus:
3251 4848 3396 4890 nam
3439 4836 3497 4891 et
3531 4831 3690 4889 vela-

2034 4929 2237 4984 mento
2264 4924 2631 5000 pupillarum
2661 4924 2952 4997 disrupto,
2987 4922 3423 4996 praecedentem
3451 4920 3690 4993 sangui-

262 5022 352 5077 De
361 5036 556 5091 puero
572 5023 635 5077 in
656 5036 773 5093 quo
795 5021 1203 5093 quadruplum
1218 5024 1447 5090 gestum
1468 5024 1553 5076 est
1564 5019 1924 5076 miraculum
2033 5017 2127 5074 nis
2150 5015 2525 5095 eruptionem
2578 5012 2963 5086 subsequitur
2988 5010 3092 5067 lux
3121 5008 3537 5081 serenissima;
3579 5026 3692 5069 nec

336 5114 454 5167 Nec
504 5109 651 5166 illud
710 5108 1193 5182 praetereundum
1247 5107 1503 5164 arbitror
1554 5106 1722 5181 quod
1777 5106 1929 5163 inter
2036 5106 2091 5164 ei
2116 5106 2410 5180 quiddam
2441 5103 2711 5160 sanitatis
2739 5100 2946 5168 defuit,
2975 5100 3147 5171 cujus
3178 5099 3455 5158 membra
3484 5102 3691 5161 coeles-

262 5199 459 5258 multa
485 5205 833 5256 sanctorum
854 5198 1145 5256 miracula
1173 5215 1309 5272 quae
1340 5197 1677 5254 secundum
1697 5212 1928 5253 morem
2037 5194 2110 5252 tis
2138 5195 2355 5253 medici
2379 5194 2626 5251 dextera
2654 5189 3051 5265 pertractavit.

263 5289 425 5346 illius
452 5287 776 5363 provinciae
805 5288 1075 5345 feruntur
1104 5287 1182 5343 ad
1210 5285 1482 5353 concilia,
1500 5290 1707 5343 sancta
1740 5285 1926 5358 Fides,

2710 5279 2935 5336 CAPUT
2969 5280 3031 5334 X.

266 5378 445 5452 quasi
491 5377 898 5451 principatum
940 5381 1167 5443 tenens,
1214 5374 1637 5432 miraculorum
1691 5373 1933 5445 effulget
2040 5363 2127 5430 De
2181 5387 2245 5428 eo
2287 5371 2392 5442 qui
2441 5386 2478 5427 a
2532 5368 2850 5440 suspendio
2889 5368 3210 5438 furcarum
3262 5374 3488 5426 sanctw
3532 5367 3697 5425 Fidi:

267 5466 501 5539 gloria:
545 5482 829 5538 quorum,
861 5481 1000 5521 cum
1032 5466 1150 5520 sint
1177 5463 1386 5533 multa,
1418 5463 1540 5519 duo
1571 5466 1806 5521 tantum
1840 5462 1932 5534 (ne

270 5555 450 5611 nimis
475 5554 738 5611 otiosum
764 5553 1047 5610 volumen
1068 5556 1381 5610 contexere
1398 5551 1724 5623 videamur)
1750 5551 1938 5608 adno-

2521 5458 2756 5514 auxilio
2788 5456 3076 5513 liberatus
3108 5462 3212 5512 est.

2116 5552 2271 5605 Inter
2292 5551 2503 5603 caetera
2526 5562 2664 5619 quae
2693 5544 2839 5602 mihi
2863 5544 2939 5601 de
2960 5549 3169 5602 sancta
3190 5544 3327 5602 Fide
3347 5545 3547 5603 adhuc
3574 5560 3705 5620 per—

271 5648 399 5702 ure
443 5644 589 5701 satis
634 5660 764 5700 esse
808 5645 1111 5717 putamus.
1190 5640 1720 5698 Reverentissimus
1757 5640 1937 5713 igitur
2048 5637 2229 5711 genti,
2258 5654 2293 5694 a
2316 5636 2566 5694 diversis
2590 5633 2945 5694 relatoribus
2973 5635 3125 5692 sicut
3149 5650 3389 5694 summo
3410 5633 3704 5693 desiderio
