4048 6178
344 161 440 214 H3

1332 132 1341 143 ’
1433 138 1781 196 BERNAHDI
1826 130 2277 203 SCIlOLASTlCl
2315 127 2666 183 ANDEGAV.

3656 124 3762 178 144

339 275 650 350 indaganti
671 273 1044 340 dicebantur,
1075 269 1236 326 istud
1265 267 1432 342 quod
1461 279 1621 321 nunc
1651 257 1990 350 aggredior,
2021 257 2070 309 Α
2432 249 2562 321 iam
2613 245 3122 350 θιῙίίῐιξίννίῗωξθω
3162 248 3386 344 sancta?
3431 244 3586 350 ﬁgis
3634 259 3768 350 953°

341 349 512 428 more
534 365 713 424 totius
746 361 973 436 populi,
1025 359 1230 416 festivo
1269 361 1449 430 atque
1494 349 1881 412 celeberrimo
1907 361 1993 436 ref

341 457 600 516 sonabat
625 434 948 529 prieconio.
975 448 1146 516 Quod
1177 443 1627 522 postea,«:ertius
1656 441 1735 498 ab
1763 439 1859 496 his
1890 434 1994 529 qui

339 549 420 606 rei
454 526 646 616 gestm
663 541 1054 601 interfuerant
1095 536 1476 611 exquisitum,
1519 533 1651 590 altae
1688 526 1993 586 memoriie

339 635 654 694 tradimus.
673 628 1092 690 Nobilissimus
1111 626 1386 700 quidam,
1405 623 1648 680 nomine
1678 618 1995 676 Adimarus

339 725 415 783 de
444 721 709 782 Avalena
737 717 1196 792 cognominatus
1227 716 1337 784 (est
1359 715 1518 770 enim
1552 711 1712 780 regio
1739 703 1997 763 Lemovi-

341 813 536 872 censis
566 811 708 884 pagi
739 811 1079 876 montuosa,
1111 805 1192 862 ita
1221 799 1774 874 nuncupata),inter
1793 809 1976 851 nume

338 919 546 962 rosam
591 899 882 958 familiam
918 897 1190 952 clientem
1235 892 1529 950 habuerat
1563 887 1665 961 qui
1697 899 1993 958 equorum

337 992 453 1050 sibi
479 989 716 1064 aliquos
753 987 982 1044 furatus
1020 984 1327 1053 effugerat.
1377 983 1541 1036 Hunc
1593 973 1852 1046 denique
1878 971 1996 1064 alia

339 1061 687 1155 tempestate
716 1093 856 1134 eum
885 1090 1034 1131 casu
1062 1071 1370 1144 inopinato
1401 1065 1764 1155 offendisset,
1793 1061 1994 1155 statim

339 1171 396 1228 ei
421 1150 698 1244 prunulis
763 1163 1076 1222 oculorum
1125 1157 1392 1225 revulsis,
1424 1156 1681 1212 liberum
1711 1150 1995 1244 deinceps

340 1240 505 1317 abire
537 1255 813 1330 permisit
863 1252 1128 1308 Alterum
1167 1264 1308 1304 vero
1334 1247 1468 1316 jure
1499 1241 1828 1300 sodalitatis
1857 1240 1994 1296 huic

347 1346 891 1411 adherentemmec
921 1344 1123 1395 tamen
1148 1334 1376 1410 praefati
1396 1331 1688 1390 latrocinii
1717 1344 1998 1403 coopera-

339 1441 554 1500 torem,
583 1447 653 1488 ac
681 1429 732 1485 si
755 1444 926 1485 reum
951 1425 1111 1499 paris
1151 1422 1450 1488 facinoris,
1482 1420 1656 1477 nodis
1683 1418 1995 1476 miserabi-

337 1523 496 1580 libus
525 1517 837 1582 nectiLCui
861 1515 1132 1573 renitenti
1165 1519 1345 1586 atque
1374 1509 1658 1568 inticianli
1690 1507 1994 1565 conscien-

2108 338 2410 406 dicebant,
2440 353 2581 394 cum
2625 333 2885 392 crudelis
2914 333 3118 391 bellua
3156 350 3263 391 eos
3289 333 3600 391 minaciter
3624 349 3769 390 cum

2103 425 2535 501 exprobatione
2573 423 2958 496 increpitans,
3003 423 3247 480 reticere
3292 421 3566 494 coegerit.
3614 424 3770 478 Tum

2101 515 2292 574 multo
2321 514 2534 572 durius
2575 519 2753 588 atque
2779 511 3106 570 immanius
3144 511 3406 569 hominis
3451 515 3673 584 guttur,
3702 514 3774 566 ut

2101 606 2304 672 fertur,
2354 591 2654 662 renovatis
2697 617 2927 674 angens
2955 601 3208 672 retortis,
3259 601 3468 658 tandiu
3501 600 3774 676 penden-

2100 701 2224 754 tem
2249 693 2610 760 observavit,
2642 691 2915 766 quandiu
2948 690 3388 762 strangulatum
3415 691 3771 748 incunctan-

2103 790 2192 843 ter
2220 783 2535 857 putaverit.
2593 784 2656 839 Et
2685 786 2890 838 tamen
2942 797 3081 838 cum
3137 796 3246 854 per
3293 779 3514 837 clivum
3543 779 3773 837 montis

2096 871 2225 943 jam
2259 875 2641 938 revertentes,
2685 869 3047 927 descendere
3087 869 3384 942 coepisset,
3423 885 3546 926 non
3574 867 3776 943 potuit

2101 959 2228 1034 pati
2253 960 2411 1017 male
2453 959 2739 1017 sollicitus
2771 959 2918 1032 quin
2967 964 3138 1016 torva
3184 958 3415 1016 lumina
3464 961 3775 1032 retorque—

2101 1054 2211 1119 ret,
2233 1048 2484 1122 visoque
2515 1047 2810 1105 miraculo
2840 1047 3106 1116 recurrit,
3130 1047 3550 1121 reperiensque
3575 1045 3778 1104 homi-

2101 1153 2245 1195 nem
2267 1138 2530 1194 solutum
2569 1143 2628 1195 et
2659 1137 3043 1206 incolumem,
3086 1136 3406 1194 haesitabat
3431 1135 3580 1210 quid
3608 1135 3776 1193 face-

2103 1232 2208 1284 ret.
2244 1227 2448 1284 Caateri
2475 1243 2616 1284 vero
2643 1231 2768 1284 tam
2803 1225 3118 1283 manifeste
3149 1232 3368 1282 sanetae
3404 1225 3558 1282 Fidis
3586 1225 3778 1282 virtu-

2105 1322 2226 1374 tem
2255 1315 2575 1372 unanimes
2606 1315 3022 1389 praedicantes,
3067 1314 3464 1372 seelestissimi
3494 1314 3635 1372 facti
3659 1314 3777 1371 do-

2104 1405 2340 1463 minum
2369 1422 2549 1462 suum
2575 1421 2745 1461 reum
2773 1421 2902 1462 esse
2945 1405 3348 1472 conclamant,
3380 1420 3489 1460 nec
3521 1421 3584 1461 se
3613 1403 3778 1460 ultra

2105 1501 2232 1553 tam
2263 1495 2580 1567 indignum
2620 1494 2853 1551 facinus
2895 1511 3205 1568 passuros.
3261 1493 3476 1550 Videas
3503 1509 3654 1564 ergo
3685 1510 3778 1550 se-

337 1611 484 1668 tiam
513 1607 674 1677 furti,
715 1604 865 1662 nihil
901 1603 1162 1678 profuit:
1213 1583 1336 1658 imo
1361 1616 1468 1672 per
1497 1603 1766 1656 sanctam
1796 1596 1995 1653 Fidem
2030 1611 2068 1665 Β
2103 1585 2238 1678 nior
2265 1583 2816 1678 miraculumquod
2834 1590 2999 1678 esset
3025 1583 3551 1678 dignum,_duetus
3577 1583 3776 1658 paeni-

340 1695 710 1763 reelamanti,
762 1692 877 1750 tale
927 1707 1286 1764 responsum
1333 1689 1420 1744 vir
1466 1686 1723 1744 crudelis
1771 1685 1992 1741 edidit:

341 1811 370 1840 ‹‹
403 1785 558 1855 Quid
583 1783 737 1841 ultra
767 1782 929 1838 aliud
955 1779 1225 1837 scelerati
1253 1777 1612 1847 faciant,nisi
1636 1775 1682 1832 si
1710 1793 1850 1832 eum
1875 1774 1998 1830 fue-

339 1875 457 1932 rint
483 1870 861 1947 deprehensi,
891 1868 1086 1926 statim
1127 1870 1399 1923 sanctam
1434 1865 1632 1921 Fidem
1663 1865 1774 1920 sibi
1813 1863 2000 1920 advo-

341 1968 434 2024 cet
461 1968 784 2036 patronam
808 1961 835 2016 ?
867 1958 981 2018 Sed
1014 1955 1430 2030 proculdubio
1460 1955 1688 2012 clamor
1715 1954 1824 2010 iste
1853 1970 1997 2026 sup-

339 2051 516 2128 plicio
531 2048 876 2126 puniendus
894 2047 1356 2104 erit.».1unetum
1374 2060 1516 2114 ergo
1539 2043 1738 2100 cursui
1755 2041 1998 2099 caballi-

340 2157 422 2202 no
447 2139 570 2212 agit
607 2138 882 2202 domum,
931 2135 1112 2208 inque
1143 2134 1534 2190 subterraneo
1582 2149 1652 2189 ae
1685 2132 1998 2188 tenebroso

338 2226 626 2303 profundi
679 2225 920 2300 penoris
983 2223 1286 2293 ergastulo
1335 2221 1622 2278 enstodite
1668 2219 1994 2293 mancipat,

341 2317 614 2376 futurum
629 2330 774 2372 sane
805 2319 869 2370 ut
892 2313 954 2369 in
975 2313 1300 2370 crastinum
1321 2311 1501 2367 fui-eis
1526 2309 1994 2383 appeudcndum

341 2406 558 2465 tradat.
587 2403 742 2472 Quid
793 2402 972 2474 igitur
999 2401 1219 2458 faceret
1272 2399 1500 2456 miser?
1547 2403 1689 2456 Tota
1735 2398 1997 2454 noctein

338 2496 439 2554 illo
485 2497 733 2552 horrore
758 2491 1141 2548 tenebrarum
1173 2489 1418 2545 timidus
1474 2493 1909 2562 suspeetusquc
1961 2503 1998 2543 a

343 2599 584 2642 summo
627 2579 850 2638 mansit
897 2578 1147 2646 alienus,
1203 2577 1402 2634 verbis
1455 2577 1676 2651 quibus
1727 2576 2001 2650 sapiebat

341 2677 532 2732 Deum
571 2673 966 2743 sanctamque
1005 2669 1135 2740 ejus
1166 2667 1538 2741 interpellare
1581 2683 1706 2724 non
1734 2683 1996 2723 cessans.

343 2763 510 2820 Circa
551 2759 820 2816 medium
860 2757 1051 2814 noctis
1077 2757 1284 2830 aspicit
1331 2756 1406 2812 de
1435 2761 1601 2830 parte
1627 2755 1762 2812 ostii
1799 2755 2003 2811 ineffa-

340 2850 476 2924 bilis
531 2848 748 2923 speciei
777 2846 979 2904 venire
1025 2846 1137 2902 sibi
1191 2845 1476 2920 puellam.
1535 2849 1714 2901 Batus
1741 2845 2000 2918 denique

343 2957 474 2998 esse
524 2937 975 3000 cubicularium,
1011 2935 1125 2992 nisi
1151 2935 1294 3008 quia
1322 2951 1458 3008 quze
1490 2935 1999 2990 eratcircumdata
2033 2957 2076 3013 ρ

344 3044 468 3087 non
497 3025 768 3093 candela,
803 3041 922 3081 nou
955 3024 1200 3098 aliquod
1243 3024 1500 3080 lucernae
1534 3025 1999 3080 instrumentum

343 3129 542 3184 lucem
570 3114 941 3189 praeferebat.
984 3117 1114 3170 Haec
1145 3113 1441 3170 accedens
1468 3113 1648 3186 erepit
1680 3113 1868 3181 illum,
1900 3129 2004 3168 vc-

345 3206 454 3265 luti
501 3205 738 3276 ignara,
779 3220 904 3278 qua
942 3203 1017 3260 de
1067 3221 1251 3261 causa
1296 3209 1632 3260 carcer-atus
1691 3204 2005 3260 tenebatur

341 3297 620 3368 rogitare.
650 3295 750 3352 Cui
784 3293 991 3352 omnia
1037 3295 1359 3368 exponenti
1381 3312 1450 3351 ac
1477 3295 1868 3368 postmodum
1907 3311 2006 3351 vo-

343 3385 601 3444 citamen
638 3383 1030 3458 percontanti,
1064 3388 1334 3440 sanctam
1377 3383 1574 3439 Fidem
1607 3399 1668 3438 sc
1719 3400 1847 3438 esse
1874 3383 2005 3456 ipsa

341 3473 671 3548 respondit.
707 3497 732 3522 «
769 3475 833 3528 Et
870 3471 1016 3533 noli.
1063 3471 1277 3544 inquit,
1310 3471 1522 3544 emptis
1558 3471 1862 3535 desistere,
1893 3488 2003 3528 nec

345 3561 742 3620 difﬁdentiam
773 3559 959 3616 ullam
988 3561 1212 3616 habere
1239 3578 1252 3628 ;
1301 3559 1407 3616 sed
1437 3575 1674 3632 semper
1700 3566 1756 3615 et
1782 3576 2004 3617 nomen

346 3655 404 3708 et
430 3650 760 3707 clamorem
811 3653 1030 3704 sanctae
1071 3647 1224 3704 Fidis
1255 3648 1474 3704 habeto
1515 3648 1572 3704 in
1601 3665 1722 3704 ore.
1764 3649 2004 3705 Verum-

345 3743 549 3796 tamen
605 3737 771 3812 quod
821 3736 922 3793 tibi
970 3735 1332 3794 interminati
1385 3741 1542 3794 sunt.
1597 3754 1729 3793 eras
1774 3737 2005 3794 subibis

345 3827 704 3904 patibulum.
736 3826 851 3886 Sed
901 3826 1038 3882 vivit
1070 3827 1484 3900 Omnipotens,
1525 3827 1631 3900 qui
1672 3831 1722 3884 te
1753 3827 1830 3884 ab
1854 3827 2004 3901 ipsis

346 3917 624 3976 faucibus
649 3915 868 3974 hiantis
899 3914 1457 3972 mortis-revocabit.
1495 3939 1522 3966 »
1556 3919 1687 3972 ilice.
1714 3921 1771 3972 et
1801 3917 2006 3989 hujus-

345 4007 510 4065 modi
541 4011 877 4080 prosecuta,
909 4005 1092 4062 virtus
1123 4004 1380 4062 caelestis
1403 4005 1594 4062 rediit.
1627 4006 1720 4062 llle
1747 4022 1888 4062 vero
1915 4023 2004 4063 re-

342 4096 579 4168 liquum
622 4095 814 4152 noctis
855 4094 936 4151 ob
963 4094 1270 4152 insolitam
1319 4094 1582 4150 numinis
1622 4096 1914 4153 visionem
1945 4096 2002 4152 in

347 4183 562 4254 grandi
617 4188 872 4240 tremore
929 4184 1236 4254 transegit.
1283 4184 1396 4242 Sed
1444 4201 1627 4257 quem
1670 4185 1833 4242 bona
1865 4203 2006 4260 pars

2104 1674 2333 1742 tudine,
2363 1673 2542 1747 coepit
2594 1673 2764 1730 illum
2793 1674 3109 1730 obsecrare
3164 1679 3226 1730 ut
3255 1673 3365 1729 sibi
3413 1673 3774 1744 ignosceret.

2106 1765 2204 1822 Ille
2233 1779 2628 1837 nequaquam
2673 1763 3086 1837 acquiescens,
3137 1763 3214 1820 ad
3242 1768 3514 1820 sanctam
3565 1762 3777 1820 Fidem

2106 1853 2306 1928 potius
2329 1855 2480 1910 itum
2505 1853 2608 1921 ire,
2660 1858 2725 1910 ut
2761 1853 3046 1924 injuriam
3097 1853 3253 1911 hanc
3303 1868 3636 1925 exponens,
3666 1853 3774 1908 ait.

2104 1945 2254 1999 Tum
2283 1942 2569 2017 priefatus
2625 1941 2970 2013 Adimarus,
2999 1957 3249 1998 cernens
3287 1941 3397 1997 viri
3425 1941 3781 1998 obstinatio-

2106 2047 2269 2098 nem,
2295 2034 2354 2086 et
2377 2030 2509 2104 ipse
2553 2045 2796 2103 quoque
2823 2046 2965 2085 eum
3011 2029 3360 2102 quindecim
3399 2045 3522 2085 suae
3547 2029 3778 2085 domus

2105 2117 2375 2192 ephebis,
2434 2117 2614 2175 nudis
2667 2117 2926 2192 pedibus
2974 2124 3030 2174 et
3107 2117 3351 2174 inermis
3389 2115 3465 2175 ad
3497 2123 3776 2175 sanctam

2105 2207 2399 2278 virginem
2446 2206 2764 2264 festinavit.
2830 2211 3114 2264 Cerneres
3182 2207 3398 2264 ambos
3450 2207 3778 2264 Adimaros

2107 2298 2272 2370 (nam
2320 2298 2555 2372 utrique
2598 2297 2660 2354 id
2689 2314 2912 2355 nomen
2943 2299 3088 2371 erat)
3127 2303 3264 2355 ante
3294 2315 3532 2355 sacram
3561 2297 3778 2367 imagi-

2099 2389 2268 2457 ‘nem,
2300 2392 2593 2461 tanquam
2623 2391 2762 2444 ante
2792 2387 3054 2444 tribunal
3075 2393 3417 2446 concertare
3441 2406 3455 2444 :
3483 2389 3646 2444 hunc
3678 2406 3779 2444 ac-

2106 2483 2440 2546 cusantem,
2495 2477 2664 2534 illum
2693 2494 2870 2534 suum
2920 2483 3237 2552 peceatum
3291 2478 3781 2545 eonﬁtentem,et

2108 2567 2594 2624 emendationem
2621 2567 3040 2640 proferentem.
3089 2572 3162 2624 At
3187 2583 3330 2624 vero
3361 2567 3623 2624 seniores
3655 2566 3779 2623 loci

2106 2654 2562 2726 intercedentes,
2631 2654 2851 2712 dictata
2899 2671 3010 2729 pro
3066 2655 3225 2713 letho
3275 2655 3536 2712 hominis
3591 2655 3774 2728 legali

2109 2743 2550 2812 emendatione,
2590 2743 2742 2800 inter
2771 2759 2872 2800 eos
2916 2744 3302 2801 concordiam
3327 2744 3612 2802 fecerunt.
3651 2747 3778 2801 Hoc

2109 2831 2470 2889 miraculum
2498 2831 2734 2906 plebeio
2763 2832 2974 2899 relatu,
3005 2837 3069 2890 ut
3091 2833 3234 2900 dixi,
3258 2833 3389 2905 jam
3419 2834 3648 2908 passim
3679 2850 3779 2890 re-

2109 2921 2618 2990 latum,concordi
2648 2921 3089 2978 monachorum
3121 2922 3413 2980 sententia
3443 2927 3655 2997 postea
3684 2939 3780 2978 re-

2109 3010 2301 3068 latum
2326 3013 2432 3068 est.
2482 3013 2670 3084 thue
2703 3010 2875 3067 dictis
2898 3010 3083 3068 fidem
3109 3012 3389 3080 facerent,
3418 3011 3782 3085 ampliorem

2113 3101 2445 3175 quemdam
2467 3101 2774 3172 juvenem,
2823 3103 3138 3158 memorati
3177 3101 3439 3158 Adimari
3471 3101 3785 3158 consobri-

2113 3207 2282 3258 num,
2318 3190 2377 3246 in
2433 3189 2840 3246 testimonium
2893 3195 3224 3259 arcessunt,
3251 3191 3354 3264 qui
3385 3208 3526 3247 cum
3565 3189 3665 3247 illo
3699 3191 3783 3246 ad

2114 3279 2386 3336 Conclias
2411 3283 2550 3352 post
2565 3278 2933 3352 ereptionem
2954 3295 2990 3336 a
3011 3279 3340 3352 suspendio
3368 3285 3644 3336 venerat:
3669 3280 3786 3336 sed

2113 3372 2170 3425 et
2193 3368 2394 3442 ipsum
2439 3367 2815 3438 Adimarum,
2851 3367 2906 3440 _si
2949 3368 3094 3424 mihi
3122 3368 3328 3424 fuisset
3365 3369 3648 3442 spatium,
3685 3368 3786 3425 vel

2112 3473 2222 3531 per
2247 3457 2476 3530 legatos
2503 3462 2784 3514 vocatum
2805 3463 3149 3530 exspectare
3175 3458 3267 3515 vel
3312 3458 3420 3515 iter
3443 3458 3525 3516 ad
3570 3458 3784 3532 ipsum

2114 3547 2452 3616 extendere,
2516 3547 2847 3620 potuissem
2895 3546 3120 3618 videre,
3182 3565 3291 3604 nec
3349 3553 3586 3621 tempus
3635 3547 3782 3622 plus

2113 3637 2530 3711 quinquennio
2576 3637 2860 3694 dicebant
2920 3654 2993 3694 ex
3034 3654 3158 3711 quo
3213 3639 3276 3694 id
3331 3642 3612 3695 evenerat
3678 3637 3788 3695 de-

2113 3725 2378 3796 ﬂuxisse,
2404 3726 2725 3800 ipsumque
2747 3727 3111 3799 supersitum
3141 3744 3290 3784 esse.

2769 3816 2998 3873 CAPUT
3035 3820 3122 3873 XI.

2115 3907 2200 3963 De
2228 3922 2293 3963 eo
2315 3907 2415 3962 cui
2441 3905 2522 3962 ad
2547 3905 2972 3962 conterendum
2985 3907 3215 3976 feiv'eos
3236 3907 3538 3976 compedes
3565 3913 3788 3964 saneta

2539 3996 2716 4052 Fides
2747 3997 3094 4052 marlellum
3117 3997 3344 4053 attulit.

2187 4088 2409 4141 Rursus
2437 4084 2512 4141 de
2539 4084 2656 4140 alio
2687 4085 2931 4141 homine
2953 4102 3079 4142 rem
3109 4085 3256 4141 mihi
3295 4085 3788 4159 opinatissimam

2116 4175 2432 4231 unanimes
2461 4173 2732 4244 retulere,
2755 4174 2859 4247 qui
2885 4191 3024 4231 cum
3053 4174 3284 4232 diutina
3313 4175 3566 4232 careeris
3585 4181 3791 4234 custo-

344 4271 700 4342 visitaverat,
754 4287 928 4328 mens
977 4271 1060 4328 illi
1113 4272 1338 4329 turbari
1391 4290 1514 4329 non
1563 4275 1770 4347 potuit.
1829 4279 2003 4332 Facto
2043 4306 2083 4359 υ
2113 4263 3554 4359 (1ίᾶξὶίῘῘῙΒΘιὈιωὸίιίίξυθίέιοθεεεξῐξιθΐἃ-ἀξᾶηοβᾶω
3574 4266 3782 4359 Fidem

345 4375 526 4418 mane
578 4361 828 4418 eductus
881 4359 1041 4428 inde,
1101 4360 1324 4417 sistitur
1365 4367 1502 4418 ante
1550 4363 1830 4422 tribunal.
1891 4365 2004 4421 Sed

344 4451 578 4522 quanto
606 4447 874 4506 crebrius
899 4449 1082 4518 homo
1111 4453 1384 4506 sanctam
1409 4449 1606 4506 Fidem
1628 4453 2000 4522 nominabat,

344 4541 511 4596 tanto
537 4536 910 4596 festinantius
941 4553 1111 4594 mens
1139 4537 1439 4600 malitiosa
1468 4539 1808 4612 patibulum
1838 4559 2002 4598 acce-

343 4627 593 4686 lerabat.
628 4631 746 4684 Itur
769 4642 913 4697 ergo
943 4625 1023 4683 ad
1046 4626 1248 4684 locum
1273 4627 1567 4700 supplicii.
1593 4631 1706 4686 Nec
1733 4630 1876 4687 satis
1896 4630 2006 4688 fuit

344 4715 564 4774 seniori
593 4715 780 4774 servis
829 4714 954 4772 suis
1001 4714 1298 4789 imperare
1329 4717 1492 4786 solis,
1527 4717 1638 4774 nisi
1669 4723 1724 4775 et
1753 4719 2005 4792 ipsemet

344 4820 586 4876 magno.
618 4803 937 4862 comitante
985 4803 1250 4877 equitatu
1292 4803 1530 4862 abisset.
1575 4810 1688 4864 Nec
1732 4824 2002 4881 unquam

343 4893 449 4966 qui
479 4910 673 4951 nexus
704 4892 1056 4962 ducebatur,
1075 4909 1300 4952 nomen
1329 4899 1548 4952 sanctae
1580 4896 1754 4964 Fidis,
1787 4903 1852 4954 ut
1879 4903 2005 4956 erat

344 4983 758 5055 praemonitus,
801 4981 1084 5053 deseruit,
1138 4983 1331 5040 donec
1386 4985 1484 5040 via
1549 4985 1734 5055 vocis,
1791 4985 2002 5057 ligneis

345 5075 646 5129 coarctata
671 5071 924 5146 laqueis,
969 5072 1264 5129 suffocato
1307 5077 1542 5145 gutture
1578 5073 2000 5134 intereludere-

345 5158 459 5222 tur,
483 5170 627 5210 mox
652 5153 870 5212 deinde
894 5157 1258 5230 pendentem
1287 5157 1590 5214 deserunt.
1618 5161 1684 5216 Et
1707 5177 1846 5216 eum
1867 5161 1999 5231 jam

342 5236 661 5312 paululum
702 5238 764 5294 in
798 5241 1151 5297 revertendo
1180 5241 1622 5314 elongarentur,
1654 5245 1995 5316 respiciunt,

343 5320 544 5378 furcas
574 5336 798 5378 vacuas
829 5332 1098 5380 cernunt.
1151 5329 1312 5383 'l‘unc
1341 5342 1732 5408 cummagna
1754 5329 1999 5404 strepitu

341 5408 615 5480 regressi,
674 5409 983 5467 hominem
1026 5412 1234 5470 durius
1275 5413 1528 5486 ligatum
1570 5415 1833 5474 relevant
1873 5434 2000 5474 sur-

331 5514 498 5577 sum.
533 5501 759 5556 Rursus
805 5514 1049 5575 quoque
1070 5578 1073 5580 _
1093 5515 1232 5560 cum
1259 5509 1620 5562 revertentes
1656 5507 2001 5582 retrospice-

340 5593 493 5660 rent,
534 5588 701 5650 humi
753 5589 1475 5678 secunduu1_fureiferum
1531 5593 1803 5668 elapsum
1853 5597 1998 5654 hau-

2114 4354 2473 4410 cxclamaret
2502 4370 2641 4410 mox
2671 4355 2723 4411 ei
2745 4360 2956 4412 sancta
2983 4355 3445 4427 Fidesyigilanti
3473 4358 3782 4431 apparuit.

2114 4445 2254 4510 Quae
2277 4459 2418 4499 eum
2445 4448 2654 4499 saneta
2679 4441 2849 4498 Fides
2878 4443 3168 4500 vocabulo
3191 4461 3251 4501 se
3274 4445 3788 4519 nominaret,pro-

2115 4532 2273 4588 tinus
2293 4531 2630 4588 marculum
2648 4531 3479 4608 vetustissimum,scabraque
3495 4535 3784 4608 rubigine

2112 4621 2446 4679 obductum
2470 4621 2769 4696 praebens,
2809 4623 2982 4693 jubet
3007 4622 3179 4680 illum
3209 4624 3534 4698 compedes
3559 4624 3740 4683 ferire
3766 4644 3780 4695 ;

2112 4707 2274 4780 dein,
2297 4708 2432 4765 ferri
2462 4709 2860 4780 fragminibus
2884 4717 3202 4782 onustum,
3223 4712 3303 4768 ad
3329 4712 3603 4769 Conchas
3624 4713 3784 4770 cele-

2109 4795 2248 4852 riter
2272 4797 2588 4870 profieisei.
2617 4799 2798 4870 Cujus
2825 4801 3055 4858 monita
3079 4801 3174 4858 ille
3202 4797 3536 4874 perliciens,
3564 4802 3781 4874 pervio

2111 4887 2364 4944 carceris
2394 4887 2728 4961 obstaculo,
2755 4889 2986 4963 absque
3017 4891 3286 4948 humano
3315 4892 3780 4966 impedimento,

2110 4975 2316 5034 divino
2344 4976 2530 5034 fretus
2579 4978 2934 5050 munimine,
2957 4981 3037 5037 ad
3066 4986 3339 5038 sanetam
3379 4981 3582 5038 Fidem
3613 4988 3784 5040 recto

2111 5065 2358 5123 tetendit
2399 5066 2650 5134 tramite,
2695 5072 2752 5124 et
2781 5084 2890 5142 pro
2934 5085 3158 5141 magno
3192 5069 3486 5128 beneﬁcio
3515 5088 3785 5145 magnas

2113 5154 2334 5222 gratias
2365 5157 2484 5211 Deo
2516 5161 2858 5230 sauciaeque
2889 5157 2939 5229 ej
2951 5175 3020 5215 us
3049 5175 3172 5216 non
3191 5159 3462 5230 ingratus
3490 5161 3782 5220 reddidit.

2113 5243 2241 5299 Fuit
2267 5243 2491 5300 ibidem
2513 5245 2818 5302 marculus
2842 5245 3070 5304 circiter
3093 5254 3206 5305 tres
3225 5264 3420 5306 annos
3441 5265 3782 5326 appensus,

2107 5336 2173 5387 ut
2194 5331 2427 5402 insigne
2455 5332 2599 5389 tanti
2622 5334 2892 5391 miraculi
2913 5335 3440 5408 peregrinantibus
3465 5338 3782 5396 nondees-

2109 5423 2214 5476 set.
2231 5421 2296 5477 ld
2319 5421 2498 5478 nimis
2529 5423 3040 5498 succensui,quod
3069 5425 3132 5482 in
3161 5431 3568 5485 memoratum
3589 5443 3782 5502 opus,

2107 5509 2446 5566 marculum
2474 5511 2656 5567 etiam
2681 5511 3328 5572 destruxerant.Mirum
3352 5513 3556 5574 dictu!
3581 5515 3782 5588 unde,

2108 5601 2526 5672 putas,sancta
2547 5599 2716 5658 Fides
2729 5616 3087 5676 corporeum
3107 5605 3447 5664 marculum
3462 5603 3786 5664 habuerit?
