4054 6188
298 147 387 200 HS

1382 154 1508 209 LIB.
1545 156 1641 210 DE
1682 152 2050 211 MIRACUIJS
2084 153 2369 207 SANCTA'I
2399 152 2593 209 FIDIS.

3594 161 3693 212 146

294 267 397 325 Sed
423 283 547 323 non
570 266 862 324 debemus
893 271 1119 327 ratione
1142 273 1414 333 humana
1441 276 1714 334 divinum
1764 293 1920 350 opus
1954 280 1993 331 Α
2038 274 2116 331 ab
2157 274 2255 330 illo
2305 292 2590 348 quaenam
2634 281 2806 344 esset,
2863 280 3134 332 sanctam
3198 275 3394 332 Fidem
3451 292 3516 333 se
3560 294 3694 336 esse

288 358 588 425 aestimare,
615 357 718 413 sed
749 358 974 416 factum
1005 360 1258 420 ﬁdeliter
1282 368 1544 423 credere.

911 453 1134 509 CAPUT
1170 457 1281 510 XII.

283 538 361 593 De
385 552 449 593 eo
477 538 600 608 qui,
628 541 1017 607 prmonitus
1047 558 1084 597 (ι
1114 550 1325 601 sancta
1377 546 1548 615 Fide,
1605 563 1715 617 per
1757 549 1923 617 fene-

336 632 518 683 stram
543 628 725 682 turris
746 629 910 684 saltu
936 633 1142 687 evasit.
1170 634 1250 688 Et
1276 634 1349 690 de
1380 636 1652 692 mirabili
1675 640 1864 694 asino.

345 717 482 772 Rem
512 715 847 773 mirabilem
885 720 1233 795 cunctisque
1278 724 1512 781 saeculis
1566 726 1923 783 memorabi«

280 805 405 872 lem,
435 807 495 860 et
519 810 699 862 etiam
726 807 1047 865 fastidiosis
1064 810 1385 869 lectoribus
1407 815 1773 873 succinctam
1791 833 1923 873 nar-

279 898 520 962 ratur-us,
574 898 758 952 Deum
815 896 1040 955 fontem
1093 901 1399 973 sapientiae
1444 904 1646 959 vivum
1672 904 1921 962 ﬁdeliter

277 982 553 1056 deprecor
605 988 669 1040 ut
715 984 934 1041 divinae
984 988 1291 1062 sapientiae
1339 991 1712 1048 afﬂuentiam
1766 994 1920 1051 intra

276 1069 518 1143 pectoris
548 1071 667 1128 mei
690 1088 914 1131 arcana
942 1073 1281 1146 infundere,
1311 1080 1621 1153 sanctique
1672 1081 1920 1155 Spiritus

272 1175 391 1215 rore
416 1174 629 1216 sensus
650 1161 767 1217 mei
794 1162 1129 1221 ariditatem
1159 1166 1438 1237 dignetur
1456 1168 1702 1240 irrigare
1726 1190 1740 1238 ;
1771 1188 1921 1244 qua-

273 1252 426 1304 tenus
455 1264 529 1305 ea
556 1266 694 1322 quae
723 1267 865 1309 vera
923 1259 1081 1319 sunt,
1150 1256 1230 1311 ad
1282 1257 1591 1315 utilitatem
1651 1276 1918 1328 congruo

271 1339 535 1407 rectoque
562 1351 839 1394 sermone
868 1339 1104 1396 valeam
1135 1357 1507 1414 expromere,
1540 1360 1651 1401 nec
1680 1350 1917 1402 senten-

272 1423 340 1479 tia
364 1439 499 1481 mea
527 1440 566 1480 a
590 1430 751 1482 recto
790 1429 1023 1485 tramite
1077 1431 1496 1503 exorbitando,
1542 1450 1651 1507 per
1706 1434 1915 1491 inanes

269 1529 373 1583 res,
424 1529 599 1569 secus
650 1531 836 1588 quam
882 1518 1099 1575 veritas
1137 1519 1337 1587 habet,
1370 1522 1610 1579 deviare
1634 1523 1910 1596 inceptet.

271 1603 411 1659 Miles
441 1604 719 1676 quidam,
741 1606 843 1680 qui
876 1613 1004 1664 erat
1030 1610 1090 1665 in
1123 1611 1397 1683 captione
1426 1612 1487 1667 in
1518 1629 1678 1686 pago
1700 1615 1910 1670 Rothe-
1946 1628 1985 1680 Β

268 1692 407 1763 nico,
429 1701 631 1751 castro
662 1698 857 1763 Perso,
891 1698 1005 1753 sub
1039 1698 1309 1757 dominio
1360 1702 1670 1759 Amblardi
1716 1704 1911 1774 cujus-

268 1780 395 1838 dam
438 1783 799 1840 nobilissimi
845 1786 973 1853 viri,
1014 1787 1169 1845 datis
1197 1805 1308 1862 pro
1352 1806 1414 1845 se
1457 1790 1791 1857 obsidibus,
1833 1793 1909 1849 ad

272 1875 521 1928 sanetam
571 1873 797 1941 Fidem,
849 1876 1024 1947 quasi
1078 1877 1239 1933 aliud
1286 1879 1589 1948 negotium
1646 1886 1906 1945 acturus,

270 1976 375 2032 quo
407 1962 604 2033 potuit
626 1964 896 2020 occultus
936 1965 1111 2023 venit.
1167 1967 1387 2023 Deinde
1418 1973 1640 2026 statuto
1666 1970 1905 2043 placito,

270 2049 458 2105 sesein
478 2051 826 2123 captionem
851 2053 1089 2127 recepit.
1142 2054 1307 2111 Unde
1357 2056 1613 2129 qualiter
1638 2063 1772 2130 post
1800 2058 1904 2113 ali-

268 2139 614 2210 quantulum
638 2143 925 2214 temporis
983 2143 1188 2201 divina
1246 2145 1581 2203 visitatione
1632 2149 1903 2210 evaserit.

268 2228 568 2285 dicendum
606 2230 733 2287 erit.
772 2232 885 2288 Sed
916 2233 1179 2305 primum
1212 2238 1379 2291 terrae
1438 2235 1592 2292 illius
1651 2238 1797 2293 situs
1851 2244 1907 2294 et

265 2317 502 2388 qualitas
531 2318 749 2391 paucis
808 2321 1003 2377 verbis
1059 2323 1403 2395 repetenda.
1432 2326 1530 2380 Est
1556 2325 1748 2398 patria
1800 2342 1906 2397 per

271 2405 454 2462 omnia
480 2412 832 2475 montuosa,
861 2415 916 2465 et
935 2411 1113 2467 etiam
1146 2428 1254 2485 per
1306 2411 1439 2468 loca
1482 2412 1739 2468 horridis
1778 2430 1903 2469 sco-

266 2494 403 2566 pulis
432 2496 585 2552 adeo
611 2496 797 2567 edita,
820 2503 883 2554 ut
914 2501 1074 2555 visus
1100 2500 1426 2557 altitudinis
1477 2503 1748 2558 vastitate
1805 2503 1904 2559 vix

267 2589 426 2656 queat
451 2586 806 2642 exsaturari.
833 2588 944 2644 Sed
970 2588 1121 2645 inter
1158 2591 1286 2646 haec
1315 2590 1397 2646 ibi
1427 2590 1572 2647 forte
1629 2591 1903 2664 planities

268 2674 515 2742 occurrit,
576 2674 823 2745 frugum
875 2678 1265 2749 proventibus
1320 2680 1473 2736 adeo
1513 2681 1792 2749 fecunda,
1840 2687 1905 2738 ut

269 2761 480 2834 pinguis
511 2765 742 2822 Cereris
768 2767 1105 2840 Bacchique
1134 2768 1345 2842 optimi
1364 2769 1529 2826 nulla
1560 2774 1713 2826 terra
1756 2770 1904 2827 fera—

270 2848 373 2906 cior
389 2851 531 2907 mihi
559 2852 749 2909 fuisse
778 2853 1095 2912 videretur.
1132 2859 1292 2913 Hanc
1336 2856 1418 2912 illi
1472 2857 1900 2927 ingenuitatem

2034 365 2443 436 responderet,
2468 365 2739 438 protinus
2778 365 3059 421 instantia
3116 382 3361 438 precum
3416 365 3571 422 illius
3630 385 3692 425 se

2035 469 2166 509 esse
2193 454 2504 524 fatigatam
2531 454 2768 525 adjecit,
2796 454 2917 510 imo
2945 454 3124 511 etiam
3155 454 3386 510 diutino
3430 455 3691 514 clamore

2033 546 2304 598 coactam
2332 561 2344 609 ;
2379 560 2414 598 a
2446 546 2564 599 Deo
2599 547 2797 599 tamen
2827 542 3075 598 missam
3120 548 3181 598 ut
3230 560 3369 599 eum
3418 543 3691 603 absolvat

2031 631 2285 687 venisse.
2348 634 2540 698 Quare
2588 632 2785 702 igitur,
2837 632 3049 704 inquit,
3078 631 3293 702 longas
3348 648 3550 688 moras
3596 633 3687 690 in-

2031 720 2262 775 nectis?
2316 723 2636 793 l’errumpc
2693 736 2799 793 per
2835 720 3103 776 medium
3158 736 3529 790 cameree,ac
3584 738 3690 794 per

2030 826 2301 865 summas
2333 811 2506 866 turris
2531 812 2819 867 fenestras
2877 810 3132 865 elabere.
3187 813 3454 882 tinmque
3484 811 3561 867 ad
3591 827 3689 868 vo-

2029 915 2157 954 cem
2188 900 2484 955 monentis
2529 904 2760 971 reptare
2818 899 3119 972 erupisset,
3152 899 3439 968 evigilans
3492 900 3686 957 senior

2027 988 2185 1043 male
2218 989 2520 1056 sollicitus,
2579 990 2714 1044 turri
2772 989 3076 1044 tinnientis
3131 988 3383 1044 advertit
3430 994 3681 1045 motum.

2030 1078 2168 1132 Dein
2203 1077 2470 1133 excitatae
2499 1077 2899 1148 culiieulurim,
2932 1083 2996 1133 ut
3029 1077 3228 1134 tardos
3263 1081 3439 1147 cogat
3490 1082 3684 1134 custo-

2025 1167 2152 1235 des,
2187 1167 2404 1222 minaci
2428 1168 2732 1224 actoritate
2756 1168 2945 1238 jubet.
2977 1166 3149 1233 Quod
3179 1183 3318 1223 cum
3358 1166 3461 1224 illa
3488 1168 3682 1241 perfe-

2025 1256 2217 1318 cisset,
2261 1256 2467 1311 clauso
2495 1256 2726 1322 ostiolo,
2754 1257 2811 1311 in
2859 1256 3139 1312 conclave
3172 1272 3232 1311 se
3278 1255 3515 1329 recepit.
3550 1260 3683 1313 Post

2025 1346 2251 1417 aliquot
2279 1346 2564 1401 horarum
2597 1363 2938 1418 excursum,
2970 1362 3106 1402 ecce
3138 1344 3211 1399 de
3252 1344 3483 1415 integro
3545 1362 3681 1402 san-

2023 1441 2115 1489 cta
2149 1434 2313 1489 Fides
2347 1452 2649 1508 apparens
2678 1436 2950 1492 hortatur
3004 1433 3313 1490 hominem
3336 1439 3401 1490 ut
3424 1451 3551 1490 rem
3572 1450 3678 1505 ag-

2023 1525 2343 1589 grediatur.
2378 1525 2547 1589 Quod
2575 1542 2712 1581 eum
2756 1524 2851 1580 ille
2901 1523 3098 1579 statim
3148 1521 3391 1592 faciens,
3446 1527 3678 1595 reperto

2022 1613 2175 1667 ostio
2206 1614 2433 1678 clauso,
2464 1615 2524 1669 in
2566 1613 2786 1668 lectum
2819 1629 3009 1668 vacuo
3062 1617 3278 1667 conatu
3326 1611 3674 1682 regreditur.

2022 1706 2247 1757 ltursus
2278 1720 2521 1776 quoque
2560 1702 2778 1770 senior,
2806 1703 2997 1757 ferrea
3055 1701 3359 1758 collisione
3408 1717 3679 1773 eXpe‘J‘e-

2021 1798 2171 1859 etns,
2218 1792 2611 1864 pedisequam
2669 1796 2733 1847 ut
2783 1791 2946 1864 prius
3002 1789 3241 1845 remisit.
3280 1789 3377 1846 Illa
3430 1794 3674 1863 peracto

2020 1883 2182 1937 herili
2217 1886 2515 1955 praecepto
2568 1897 2861 1952 regressa,
2916 1880 3134 1935 ostium
3176 1878 3385 1934 cubitis
3415 1895 3521 1951 per
3580 1895 3674 1935 vo-

2016 1970 2306 2026 luntatem
2338 1972 2433 2026 Dei
2465 1975 2741 2043 apertum
2763 1969 3007 2026 dimisit.
3045 1972 3179 2024 Post
3211 1968 3358 2035 haec,
3391 1967 3674 2024 omnibus

2017 2058 2205 2114 multo
2230 2058 2487 2127 graviori
2520 2074 2733 2130 sopore
2763 2057 3089 2131 oppressis,
3112 2072 3246 2111 ecce
3276 2060 3486 2112 sancta
3505 2053 3673 2113 Fides

2020 2148 2185 2204 tertio
2243 2148 2643 2217 manifestata,
2704 2147 2913 2203 durius
2971 2145 3353 2217 severiusque
3410 2145 3670 2201 hominis

2015 2237 2211 2305 arguit
2250 2236 2581 2308 ignaviam.
2637 2239 2907 2308 Cumque
2956 2235 3454 2307 impedimentum
3540 2233 3671 2291 ostii

2014 2327 2316 2397 objiceret,
2345 2343 2597 2399 seseque
2621 2327 2750 2396 jam
2780 2326 2869 2381 bis
2909 2325 3190 2380 delusum
3233 2340 3417 2397 quam
3471 2324 3670 2395 gravi—

2013 2420 2101 2471 ter
2130 2417 2303 2472 ferrct
2334 2434 2346 2471 :
2385 2440 2410 2463 ‹‹
2448 2415 2596 2484 Noli,
2619 2414 2812 2487 inquit
2835 2413 2954 2485 illa,
2988 2412 3285 2484 dubitare,
3312 2413 3458 2486 quia
3488 2413 3666 2470 habe-

2012 2505 2104 2560 bis
2126 2505 2397 2578 pervium
2422 2502 2549 2573 iter,
2579 2508 2636 2559 et
2658 2504 2813 2559 Deus
2844 2500 3157 2573 adjuvabit
3178 2505 3249 2557 te.
3285 2522 3314 2556 ›
3374 2500 3471 2557 Ille
3528 2518 3669 2560 vero

2012 2594 2323 2650 conlidens
2348 2593 2410 2649 in
2435 2592 2707 2659 Domino,
2768 2608 2975 2661 gressu
3031 2607 3153 2663 quo
3209 2594 3441 2664 poterat
3490 2592 3671 2664 coepit

2011 2690 2240 2740 motare
2267 2699 2347 2739 se.
2380 2686 2445 2739 Et
2464 2682 2545 2738 sic
2576 2681 2818 2739 tandem
2859 2697 2999 2736 cum
3055 2695 3279 2751 magna
3324 2677 3669 2736 difﬁcultate

2010 2760 2318 2846 penetrato
2340 2771 2541 2839 cubili,
2569 2771 2646 2828 ad
2677 2772 2840 2844 ipsas
2872 2770 3158 2826 fenestras
3190 2768 3466 2834 substitit,
3487 2785 3666 2824 casus

2011 2862 2384 2920 altitudinem
2414 2862 2793 2917 vehementer
2820 2874 3243 2932 expavescens.
3273 2860 3433 2915 Tunc
3459 2861 3668 2914 sancta

270 2953 334 3035 ex
352 2955 418 2996 eo
446 2941 737 2998 accidisse
766 2944 982 3017 opinor
1008 2944 1172 3017 quod
1224 2945 1297 3002 sit
1326 2945 1418 3001 his
1446 2946 1663 3003 nostris
1708 2947 1900 3017 regio-
1939 2981 1978 3035 ρ
2013 2952 2179 3008 Fides
2243 2951 2443 3008 adhuc
2480 2950 2740 3006 labantis
2773 2948 2961 3006 animi
3008 2947 3318 3003 hominem
3359 2946 3662 3013 comitata,

270 3026 422 3085 nibus
450 3030 687 3101 editior,
717 3037 773 3087 et
801 3032 935 3088 ideo
955 3034 1189 3090 hiberni
1236 3033 1472 3105 frigoris
1527 3034 1898 3093 immanitate

265 3116 499 3188 rigidior,
528 3121 728 3193 sitque
762 3122 870 3178 soli
906 3122 1170 3193 vicinior,
1206 3129 1410 3198 utpote
1441 3124 1520 3181 ad
1577 3125 1899 3181 australem

266 3206 483 3279 plagam
512 3212 654 3280 sita,
682 3217 738 3267 et
786 3212 919 3269 ideo
967 3214 1176 3270 aestivo
1228 3213 1458 3271 fervore
1515 3214 1783 3272 calidior.
1836 3219 1899 3271 tn

268 3302 437 3354 aestate
459 3300 758 3371 videlicet,
787 3307 1031 3375 propter
1079 3303 1438 3360 vicinitatem
1467 3304 1628 3370 solis,
1657 3304 1899 3361 torrenti

267 3385 434 3444 calore
460 3390 645 3446 nimis
674 3395 983 3448 esttuat.
1010 3397 1071 3448 In
1100 3392 1296 3449 hieme
1319 3409 1462 3450 vero
1494 3399 1738 3467 propter
1767 3394 1897 3450 alti-

270 3475 501 3534 tudinem
524 3484 699 3536 terrae
745 3481 945 3537 nimiis
992 3481 1314 3553 frigoribus
1371 3483 1541 3553 riget,
1584 3484 1734 3540 sicut
1789 3483 1895 3539 ubi

268 3566 450 3623 Auster
474 3567 860 3626 liberioribus
891 3571 1142 3627 habenis
1199 3577 1429 3642 regnat.
1485 3572 1665 3644 Igitur
1721 3589 1898 3647 repu-

270 3657 490 3723 gnantiis
517 3658 778 3716 diversa?
806 3664 1038 3717 naturae
1063 3667 1290 3735 quanto
1330 3663 1526 3734 magis
1576 3662 1748 3719 tellus
1796 3663 1896 3719 illa

270 3752 496 3816 urgetur,
528 3754 701 3806 tanto
731 3750 926 3821 magis
959 3752 1312 3825 excoquitur
1341 3751 1552 3808 vitium
1584 3757 1764 3826 atque
1796 3770 1896 3808 ex-

272 3834 419 3892 sudat
442 3837 667 3896 inutilis
691 3839 929 3897 humor.
957 3846 1038 3896 Ac
1064 3857 1171 3914 per
1200 3842 1315 3898 hoc
1343 3841 1501 3899 facta
1536 3847 1626 3899 est
1660 3842 1899 3899 laetioris

276 3921 642 4003 dulciorisque
670 3930 954 4000 germinis
982 3934 1140 3987 terra
1171 3931 1441 4001 genitrix.
1496 3931 1607 3989 Sed
1639 3930 1801 4004 quia,
1835 3936 1901 3988 ut

276 4009 511 4086 diximus,
541 4019 848 4074 montium
881 4020 1387 4094 scopulorumque
1417 4020 1899 4076 dissimilitudine

272 4109 488 4162 anostro
518 4108 656 4164 solo
682 4107 1001 4183 discrepat,
1025 4109 1162 4166 ideo
1191 4110 1438 4181 contigit
1467 4115 1530 4166 ut
1582 4109 1899 4183 praenomi-

268 4192 369 4248 nati
394 4197 587 4269 oppidi
626 4201 939 4266 structura,
962 4214 1144 4272 super
1166 4198 1673 4255 excellentissime
1727 4197 1897 4270 rupis

269 4279 524 4341 soliditate
554 4286 834 4354 fundata,
866 4302 974 4359 per
994 4287 1326 4360 spatiosum
1347 4288 1500 4344 aeris
1521 4287 1699 4343 inane
1720 4287 1898 4357 longe

268 4369 583 4431 eminentior
612 4379 914 4446 exsurgat.
941 4378 1121 4432 Porro
1160 4376 1607 4450 oppidanorum
1661 4375 1897 4432 mansio

269 4454 328 4512 de
358 4466 513 4533 parte
533 4463 636 4521 illa
662 4463 918 4520 habetur
966 4481 1101 4539 quae
1132 4464 1369 4539 planior
1396 4464 1895 4537 habitabiliorque

270 4546 487 4607 videtur.

326 4637 539 4698 Habeas
569 4658 772 4700 arcem
794 4649 1054 4700 erectam
1083 4643 1372 4700 mediocri
1420 4643 1573 4711 loco,
1623 4642 1702 4699 ad
1730 4643 1895 4701 illam

270 4724 506 4787 videlicet
531 4731 780 4805 plagam
802 4748 939 4806 quae
968 4733 1174 4790 altiore
1203 4732 1394 4789 ruitur
1433 4732 1781 4806 praecipitio.
1817 4737 1895 4790 De

270 4817 564 4882 quaedam
584 4825 758 4893 parte
814 4820 876 4877 in
935 4836 1178 4878 summo
1234 4822 1413 4877 turris
1465 4820 1684 4877 solario
1740 4821 1895 4878 heri-

269 4896 329 4953 lis
350 4919 575 4965 camera
601 4914 747 4977 erat,
780 4909 884 4966 ubi
927 4911 1053 4984 ipse
1103 4910 1282 4966 heros
1331 4925 1471 4965 cum
1499 4908 1895 4967 familiaribus

269 4991 485 5065 sopitus,
508 4996 818 5070 placidum
839 4999 1126 5073 carpebat
1150 5002 1387 5072 pectore
1417 5012 1723 5054 somnum.
1784 5001 1893 5054 Ex-

271 5077 343 5133 ιη
376 5097 552 5154 quam
596 5102 901 5145 cameram
952 5089 1014 5144 in
1062 5087 1275 5145 eodem
1324 5087 1543 5144 solario
1595 5087 1670 5144 de
1727 5091 1894 5161 parte

490 5174 818 5248 municipii,
850 5176 1144 5249 captivus,
1188 5191 1372 5248 quem
1426 5175 1568 5237 dixi.
1601 5175 1896 5249 pondero-

269 5265 327 5310 ιι
347 5258 490 5317 mole
518 5262 654 5319 ferri
683 5264 957 5321 cruribus
985 5264 1262 5336 innexus,
1295 5264 1476 5321 trium
1543 5265 1892 5322 vernaculo-

267 5353 383 5401 mm
405 5352 669 5410 custodia
692 5354 1066 5411 servabatur.
1098 5354 1240 5411 Huic
1271 5359 1481 5411 saneta
1524 5354 1689 5411 Fides
1734 5355 1890 5425 jam-

269 5427 475 5496 dudum
499 5442 577 5498 ad
606 5459 666 5500 se
693 5444 1026 5518 querelosis
1052 5444 1304 5501 vocibus
1336 5444 1718 5514 exclamanti,
1738 5445 1892 5515 jam-

266 5532 370 5593 (ἔπιε
395 5542 538 5599 pene
561 5532 924 5608 desperanti,
950 5534 1158 5608 sopitis
1184 5534 1560 5603 custodibus,
1593 5531 1890 5607 corporali

273 5614 442 5682 Specie
492 5623 907 5697 conspicabilis
946 5623 1246 5696 apparuit.
1302 5626 1439 5690 Quas
1487 5640 1627 5679 cum
1682 5625 1891 5694 rogata

2008 3045 2065 3097 et
2091 3040 2271 3113 quasi
2307 3040 2464 3096 viam
2492 3038 2829 3097 affectando
2874 3036 3239 3111 praecedens,
3306 3035 3473 3092 illum
3529 3035 3663 3091 viri-

2006 3130 2139 3186 liter
2168 3129 2465 3185 exhortari
2514 3128 2741 3201 ceepit:
2794 3150 2821 3177 ‹‹
2870 3133 3012 3197 Age,
3059 3125 3359 3199 inquiens,
3404 3124 3665 3201 ,tiducia-

2007 3219 2138 3275 liter
2167 3239 2179 3287 ;
2212 3235 2333 3275 non
2366 3218 2483 3274 alio
2522 3217 2707 3273 modo
2732 3217 2860 3288 jam
2887 3216 3137 3271 evadere
3167 3214 3406 3288 poteris.
3459 3212 3667 3270 Simili-

2009 3314 2095 3365 ter
2123 3308 2266 3365 olim
2294 3307 2644 3365 lsraelitieus
2670 3305 2951 3379 populus,
2985 3304 3045 3360 in
3094 3304 3380 3359 ultionem
3428 3301 3663 3359 sceleris

2010 3398 2173 3454 urbis
2203 3397 2429 3463 Gabaa,
2468 3396 2689 3453 tribum
2742 3394 3053 3466 Benjamin
3112 3392 3445 3461 debellatis,
3506 3394 3667 3446 ante-

2006 3504 2194 3561 quam
2258 3487 2630 3560 triumphum
2683 3483 3056 3555 obtinuisset,
3107 3481 3312 3539 divino
3382 3484 3663 3537 monente

2005 3576 2269 3636 oraculo.
2305 3592 2494 3648 usque
2520 3575 2599 3631 ad
2632 3574 2851 3631 trinum
2877 3578 3160 3629 conatum
3184 3569 3494 3627 laborasse
3525 3567 3665 3639 legi-

2009 3673 2159 3724 tur.»
2190 3666 2279 3722 Ad
2304 3671 2661 3732 extremum,
2693 3663 2788 3720 ille
2814 3663 2873 3718 in
2914 3661 3241 3718 miserabili
3296 3662 3524 3734 positus
3578 3657 3665 3714 di-

2005 3754 2304 3823 scrimine,
2337 3756 2649 3825 assumpta
2673 3750 2949 3816 audacia,
3001 3768 3071 3805 ac
3122 3748 3316 3822 posito
3366 3745 3545 3803 corde
3599 3745 3662 3802 in

2002 3843 2289 3919 periculo,
2316 3842 2502 3917 pedes
2530 3842 2795 3915 primum
2818 3856 2923 3912 per
2954 3840 3241 3895 fenestras
3270 3836 3542 3893 emittcus
3579 3834 3663 3890 fo-

2002 3950 2125 4001 ras,
2157 3950 2219 3990 se
2249 3937 2439 3989 totum
2474 3935 2645 3988 vasto
2701 3929 2886 3986 credit
2942 3926 3269 4001 praecipitio
3299 3942 3310 3979 :
3364 3925 3470 3981 sed
3511 3938 3664 3980 nun-

2003 4038 2191 4095 quam
2220 4020 2460 4077 mollius
2485 4018 2849 4090 suaviusque
2881 4033 2991 4072 sua
3016 4013 3260 4087 pensilis
3292 4013 3500 4086 pluma
3533 4013 3664 4069 Sar-

2004 4105 2378 4178 danapalum
2411 4103 2576 4171 fovit,
2606 4118 2795 4176 quam
2824 4102 2985 4157 hunc
3011 4097 3334 4155 durissima
3361 4112 3541 4170 rupes
3566 4111 3662 4153 ex-

2005 4195 2177 4268 cepit.
2203 4194 2366 4250 Adeo
2389 4192 2595 4250 divina
2618 4191 3007 4263 subportante
3034 4188 3265 4256 virtute,
3298 4191 3381 4255 ut,
3411 4185 3506 4242 cui
3552 4200 3660 4242 na-

2004 4289 2138 4340 tura
2161 4286 2487 4354 negaverat
2515 4281 2663 4352 alas,
2690 4280 2787 4337 hic
2817 4279 2995 4353 plane
3024 4277 3245 4348 volare,
3279 4293 3399 4332 non
3447 4274 3660 4332 cadere

2006 4372 2319 4429 videretur.
2380 4374 2509 4438 Quo
2554 4369 2846 4427 miraculo
2895 4369 3087 4425 factus
3142 4366 3426 4437 securior,
3480 4365 3659 4422 etiam

2003 4461 2194 4518 multo
2213 4460 2618 4535 profundioris
2646 4458 2950 4533 praecipitii
3011 4457 3227 4513 saltum
3277 4456 3499 4512 audere
3534 4468 3659 4510 non

2003 4550 2316 4607 dubitavit.
2348 4554 2497 4608 Nam
2528 4549 2604 4606 de
2662 4549 2916 4606 summis
2960 4546 3222 4619 scopulis
3271 4561 3449 4618 super
3501 4559 3655 4614 quos

2003 4657 2109 4697 arx
2152 4638 2519 4699 innitebatur
2549 4655 2729 4713 super
2756 4636 3062 4694 inferiores
3090 4651 3290 4702 ruens,
3319 4632 3395 4689 ad
3414 4630 3660 4688 certissi-

1978 4747 2174 4787 -mum
2205 4734 2373 4787 terrae
2400 4728 2597 4785 solum
2642 4727 2812 4785 tertio
2843 4726 2995 4782 saltu
3040 4723 3387 4798 perlabitur.
3449 4720 3656 4777 Mirum

2002 4818 2163 4875 dictu
2194 4823 2251 4874 et
2282 4817 2537 4874 terribile
2557 4816 2788 4883 auditu,
2812 4830 2936 4888 quo
2973 4829 3126 4870 ausu
3174 4826 3343 4866 mens
3387 4809 3657 4864 humana

2003 4911 2234 4964 tantum
2263 4906 2511 4982 periculi
2528 4905 2812 4963 invadere
2838 4918 3108 4974 unquam
3124 4897 3382 4973 potuerit
3405 4897 3417 4953 !
3444 4912 3589 4953 nam
3602 4899 3660 4952 et

2000 4996 2128 5070 ipse
2160 4996 2299 5054 talia
2323 4996 2649 5063 narrando,
2692 4995 2900 5063 fateor,
2953 4989 3139 5046 nimio
3196 4989 3439 5045 horrore
3496 4990 3653 5044 totus

2001 5087 2415 5144 contremisco.
2451 5086 2563 5145 Sed
2588 5084 2694 5158 qui
2716 5086 2989 5138 sanctam
3020 5095 3192 5135 suam
3218 5077 3406 5135 voluit
3432 5075 3654 5149 gloriﬁ-

2001 5194 2136 5234 care
2164 5176 2265 5233 tali
2302 5176 2614 5243 miraculo,
2670 5172 2833 5228 dedit
2889 5169 3028 5226 huic
3054 5166 3196 5249 non
3247 5168 3450 5224 terreri
3488 5170 3652 5223 tanto

1998 5266 2347 5340 praecipitio,
2378 5265 2440 5320 in
2467 5280 2611 5336 quo,
2654 5261 2789 5317 licet
2841 5259 2989 5317 nihil
3042 5257 3302 5315 ltESlOIllS
3346 5255 3649 5330 receperit,

1999 5354 2261 5428 crepitus
2294 5360 2495 5410 tamen
2528 5356 2913 5409 eontusarum
2970 5349 3291 5406 bodiarum
3341 5347 3402 5403 in
3456 5346 3651 5419 primo

1998 5443 2245 5516 quidem
2270 5442 2425 5499 saltu
2446 5457 2637 5514 usque
2668 5439 2745 5496 ad
2774 5455 2951 5496 aures
2978 5436 3326 5496 dormientis
3363 5433 3648 5508 pervenit.

2000 5535 2079 5588 De
2105 5547 2227 5605 qua
2253 5547 2315 5586 re
2346 5529 2519 5586 miles
2547 5526 3234 5605 expergefactus,nimio
3277 5525 3472 5579 furore
3525 5536 3650 5575 suc-

2001 5636 2241 5689 census,
2273 5619 2456 5676 servis
2484 5618 2606 5674 suis
2636 5634 2762 5674 rem
2817 5615 3197 5691 praenuntiat,
3252 5629 3385 5669 reos
3429 5606 3649 5683 culpat,
