4054 6188
360 191 381 243 t
390 184 461 243 47

1446 184 1803 241 BEHNARDI
1843 183 2297 241 SCHOLASTICI
2334 181 2691 237 ANDEGAV.

3681 180 3701 230 i
3712 178 3783 230 48

354 312 663 369 hircit'ems
686 310 939 383 judicat,
969 312 1275 381 postremo
1304 309 1618 365 minaciter
1646 310 1900 384 imperat
1944 312 2009 364 ut
2044 309 2086 362 Α
2123 305 2385 361 novitate
2406 304 2678 360 laetificat.
2710 303 2852 359 Dein
2884 302 3221 358 amicorum
3251 298 3506 365 animos,
3560 299 3664 355 diu
3720 300 3784 355 in

353 399 806 476 quamprimum
835 399 1162 469 fugientem
1194 399 1607 472 insequantur.
1641 399 1742 467 tlli,
1763 399 2010 454 senioris

353 490 581 547 monita
611 486 862 545 ridiculo
881 487 1191 555 habentes,
1235 487 1413 544 attriti
1457 488 1767 544 cadaveris
1793 488 2013 543 frustra

354 596 416 634 se
445 579 506 634 in
537 577 862 634 crastinum
889 576 1149 633 lecturos
1177 576 1319 633 satis
1350 577 1410 633 in
1441 582 1706 651 tempore
1763 575 2014 650 promit-

355 673 501 725 tunt.
534 666 650 724 illis
678 671 878 723 tamen
936 682 1327 740 nequaquam
1389 668 1798 740 acquiesccns,
1854 667 2012 722 faces

352 752 787 832 lampadesque
827 756 1096 825 accendi,
1132 761 1311 829 atque
1363 773 1471 830 per
1532 757 1711 813 aliam
1760 762 2011 829 partem,

354 864 477 921 qua
507 846 734 902 facilior
759 852 885 902 erat
904 846 1253 917 descensus,
1286 864 1559 903 cursores
1576 846 1855 903 velociter
1870 861 2017 919 prae-

356 935 565 990 cedere
596 935 1026 1007 hominemque
1057 936 1564 1008 comprehendere
1596 934 1891 1008 praecepit.
1920 934 2014 989 Ille

354 1039 517 1091 vero,
550 1010 844 1081 taedarum
866 1025 1147 1081 hauriens
1178 1025 1493 1093 fulgorem,
1526 1040 1834 1097 unamque
1888 1040 2015 1079 sese

356 1113 843 1185 persequentium
906 1114 1391 1170 vociferationem
1444 1114 1572 1185 jam
1623 1114 1682 1169 in
1740 1113 2018 1186 proximo

359 1200 609 1269 audens,
680 1203 938 1259 incertus
1006 1203 1151 1275 quid
1206 1209 1427 1267 ageret,
1473 1208 1677 1276 utpote
1735 1208 2014 1272 gravatus

360 1294 621 1364 utraque
645 1292 895 1362 vestigia
932 1292 1199 1349 maximo
1248 1293 1513 1365 pondere
1552 1293 1706 1359 ferri,
1750 1293 1823 1347 ad
1875 1290 2020 1347 effu-

360 1380 524 1449 gium
553 1384 747 1437 tamen
772 1397 969 1454 parvae
1004 1382 1186 1451 silvrr,
1217 1399 1403 1456 quam
1444 1400 1552 1455 per
1577 1382 2015 1455 providentiam

361 1467 464 1525 Dei
488 1470 693 1544 oppidi
725 1470 981 1527 vicinam
1022 1475 1237 1527 natura
1258 1472 1648 1545 produxerat,
1671 1471 1722 1525 vi
1756 1487 1878 1542 qua
1909 1485 2017 1542 po-

359 1562 507 1615 terat
528 1564 792 1633 reptans,
830 1576 960 1615 sesc
991 1560 1124 1615 totis
1152 1561 1399 1615 annisus
1424 1560 1650 1615 viribus
1670 1560 2018 1615 contrahere

2122 410 2378 450 maerore
2452 409 2805 466 suspensos,
2864 390 3060 463 explet
3108 389 3371 461 inopina:
3428 389 3785 445 reversionis

2125 484 2350 553 gaudio
2379 500 2489 539 nec
2520 482 2747 555 aliquid
2776 481 3020 537 tristitiae
3052 478 3361 552 captivitas
3388 477 3636 551 illapost
3655 480 3788 535 haec

2124 572 2337 643 intulit,
2369 574 2463 629 cui
2502 588 2613 629 nec
2653 572 2951 627 damnum
3006 568 3277 641 pecuniae
3323 568 3625 637 successit,
3673 584 3789 625 nec

2126 660 2552 718 detrimentum
2583 662 2875 735 corporis.
2915 659 3027 717 Sed
3057 657 3205 732 quid
3233 661 3412 731 putas
3441 657 3517 712 de
3545 656 3649 714 illo
3672 657 3787 714 asi-

2122 766 2205 806 no
2235 751 2679 821 conjiciendum
2707 765 2856 815 esse,
2886 748 3001 805 nisi
3028 747 3307 817 benignae
3338 746 3568 803 virtutis
3605 762 3786 817 ange-

2123 838 2250 895 lum
2278 839 2479 903 fuisse,
2510 839 2569 894 in
2597 840 2858 909 ﬁguram
2916 836 3250 893 liumilioris
3287 836 3541 906 jumenti
3593 836 3789 893 mani-

2121 929 2402 985 festatum
2434 930 2463 984 ?
2486 930 2674 1000 Super
2700 927 2868 1000 quod
2916 926 3098 983 etiam
3153 925 3281 997 ipse
3312 924 3582 981 Salvator
3637 924 3790 981 resi-

2124 1017 2296 1087 dens,
2325 1021 2391 1073 ut
2413 1016 2716 1073 srecularis
2746 1033 2987 1089 pompas
3019 1013 3548 1071 contumacitatem
3585 1014 3792 1070 humi-

2122 1107 2310 1172 liaret,
2343 1106 2537 1162 viliori
2568 1107 2898 1177 gestamine
2950 1104 3084 1161 vehi
3142 1104 3342 1176 potius
3386 1102 3596 1173 voluit,
3644 1121 3796 1160 cum

2127 1200 2328 1252 tamen
2353 1202 2510 1253 esset
2536 1195 2632 1252 ille
2661 1196 2931 1253 excelsus
2990 1210 3169 1268 super
3206 1209 3419 1250 omnes
3445 1197 3649 1263 gentes
3678 1197 3797 1249 Do-

2125 1286 2327 1342 minus
2348 1290 2404 1342 et
2435 1301 2618 1359 super
2646 1286 2911 1342 excelsos
2966 1285 3151 1356 gloria
3203 1284 3354 1355 ejus.
3389 1286 3432 1340 0
3487 1299 3791 1353 magnum

2125 1374 2406 1431 meritum
2438 1375 2617 1430 unius
2642 1374 2858 1447 puellae
2887 1375 2900 1431 !
2933 1391 2970 1430 ο
3002 1373 3355 1430 admirabile
3398 1372 3631 1429 donum
3682 1373 3791 1428 uni

2127 1464 2365 1520 feminae
2399 1465 2794 1520 concessum!
2848 1481 2884 1520 o
2935 1463 3310 1520 admirabilis
3366 1467 3423 1518 et
3468 1461 3793 1519 ineffabilis

2128 1554 2319 1625 gratia
2352 1555 2452 1610 uni
2484 1553 2700 1624 virgini
2729 1555 2991 1627 praestita
3025 1555 3038 1610 ι
3071 1555 3245 1624 cujus
3268 1553 3515 1609 virtutes
3542 1568 3654 1608 nec
3693 1568 3795 1609 ca-

360 1648 664 1705 eontendit
690 1667 702 1717 ;
731 1665 840 1706 nec
868 1650 946 1704 ab
979 1648 1180 1722 aliquo
1208 1650 1341 1719 cogi
1374 1666 1529 1722 opus
1561 1653 1703 1713 erat,
1738 1648 1833 1703 cui
1888 1649 2019 1720 ipsa
2051 1661 2089 1714 Β
2126 1643 2289 1699 lamo
2319 1643 2533 1703 notari.
2568 1659 2677 1699 nec
2708 1642 2889 1698 etiam
2916 1643 3126 1711 lingua
3154 1642 3427 1698 humana
3452 1642 3583 1713 jam
3606 1657 3791 1714 expe-

360 1735 682 1792 necessitas
703 1736 1074 1809 imperabat;
1095 1754 1203 1793 nec
1230 1737 1726 1809 reprehendenda
1751 1736 2016 1800 tarditas,

360 1841 501 1898 qua,
527 1831 591 1881 ut
611 1825 721 1881 sibi
748 1826 1085 1898 videbatur,
1116 1827 1354 1896 segnior
1404 1826 1720 1882 incedebat
1780 1825 2020 1881 testudi-

361 1930 456 1970 ne.
484 1918 753 1987 Cumque
782 1915 842 1970 in
874 1915 1056 1985 hujus
1121 1914 1433 1971 anxietatis
1478 1916 1774 1971 laboraret
1815 1915 2021 1970 discri-

361 2001 543 2069 mine,
577 2007 632 2057 et
656 2003 784 2074 jam
838 2003 989 2058 inter
1049 2003 1355 2060 condensa
1400 2004 1858 2059 arbuscularum
1919 2003 2020 2058 ali-

362 2090 721 2163 quantulum
749 2092 852 2163 [se]
884 2092 1202 2163 colligeret,
1229 2092 1446 2148 mirum
1470 2092 1528 2147 in
1552 2091 1804 2147 modum
1835 2091 2021 2147 oﬂ'en-

361 2176 446 2235 dit
467 2178 727 2250 asinum,
759 2180 817 2236 in
844 2182 1014 2251 cujus
1054 2181 1329 2238 faucibus
1360 2182 1585 2238 nodata
1614 2197 1763 2237 zona
1793 2198 1902 2254 pro
1926 2198 2019 2237 ca-

367 2267 572 2341 pistro,
607 2269 842 2325 asinino
891 2276 1056 2341 tergo
1085 2287 1251 2325 more
1281 2270 1499 2326 insedit
1525 2271 1803 2340 femineo,
1836 2271 2020 2326 versis

361 2375 434 2415 ex
466 2368 586 2413 un'o
610 2357 790 2414 latere
809 2355 1474 2433 cruribus;propriique
1492 2360 1795 2416 commodi
1822 2360 2019 2432 potius

363 2447 655 2502 rationem
686 2446 932 2513 ducens,
953 2448 1303 2521 posthabuit
1330 2448 1707 2504 honestatem
1766 2448 2015 2504 virilem.

364 2538 575 2591 Actum
622 2540 748 2592 erat
794 2534 1001 2611 procul
1032 2536 1238 2605 dubio,
1269 2537 1316 2593 si
1356 2539 1534 2594 unius
1564 2538 1767 2611 puncti
1824 2538 2020 2610 spatio

365 2624 687 2694 fugientem
721 2624 815 2681 hic
842 2627 1047 2682 asinus
1080 2624 1283 2683 fuisset
1312 2631 1667 2683 remoratus.
1700 2630 2018 2700 Nunquam

362 2712 725 2786 expeditiore
753 2713 1184 2788 blandioreque
1216 2716 1538 2772 tolutatura
1569 2717 1796 2789 capitor
1825 2732 2019 2789 equus

365 2812 434 2857 a‘c
485 2803 697 2874 regalis
745 2805 1003 2874 incessit,
1044 2821 1232 2877 quam
1256 2822 1363 2879 per
1392 2806 1655 2862 mediam
1712 2806 2020 2876 regionem

363 2888 568 2947 asinus
623 2893 683 2948 in
716 2906 848 2948 eam
881 2899 1111 2965 partem
1143 2911 1265 2966 qua
1295 2894 1576 2963 fugitivus
1606 2896 1807 2951 minus
1863 2911 2023 2969 quae-

368 2978 594 3061 rendus
647 2985 976 3053 putaretur,
1035 2982 1365 3040 transabiit.
1418 2988 1643 3040 Interea
1674 3000 1870 3040 sessor
1899 3000 2022 3041 non
2054 3016 2095 3072 ε

364 3058 516 3122 adeo
544 3069 856 3125 securitate
886 3069 1087 3140 fretus,
1114 3070 1370 3127 subinde
1400 3088 1607 3128 aurem
1638 3073 1861 3143 arrigit,
1899 3074 2022 3130 ani-

363 3172 646 3229 mamque
678 3158 960 3231 reprimit,
993 3159 1246 3216 subinde
1275 3166 1587 3235 respectat,
1620 3167 1676 3218 et
1722 3166 2027 3235 retorquet

362 3244 571 3309 aciein,
631 3245 677 3301 si
719 3244 865 3302 forte
923 3247 1185 3321 aliquem
1235 3248 1325 3304 vel
1382 3250 1604 3305 audere
1663 3250 1751 3306 vel
1824 3250 2022 3306 videre

363 3334 590 3406 posset,
619 3334 812 3391 denec
839 3336 968 3407 jam
1011 3341 1144 3393 octo
1177 3353 1330 3411 pene
1369 3338 1623 3411 peractis
1670 3338 1933 3394 millibus
1964 3354 2024 3393 se

364 3423 506 3478 satis
533 3423 592 3480 in
637 3428 767 3480 tuto
823 3425 1065 3481 videret.
1125 3429 1190 3481 Et
1243 3427 1371 3497 jam
1411 3426 1736 3499 diescebat,
1790 3431 1848 3483 et
1893 3428 2022 3497 jam

363 3506 648 3568 mortales
674 3529 867 3583 aegros
892 3528 1110 3570 aurora
1136 3515 1484 3587 preiricans
1506 3514 1585 3571 ad
1614 3515 1837 3572 laboris
1862 3530 2024 3571 exer-

364 3601 571 3659 citium
602 3604 871 3673 cogebat.
927 3607 1089 3661 Tunc
1127 3604 1243 3671 ille,
1305 3604 1546 3676 alligato
1586 3605 1665 3661 ad
1707 3606 2022 3679 quoddam

361 3690 684 3766 Virgultum
712 3691 902 3764 asino,
926 3692 1030 3748 ubi
1051 3692 1240 3749 silices
1267 3693 1537 3749 duriores
1591 3694 1754 3761 vidit,
1805 3696 2021 3766 paulu-

361 3764 486 3831 lum
517 3780 552 3831 ἐι
583 3776 791 3833 semita
820 3793 886 3833 se
928 3777 1189 3834 detorsit.
1243 3779 1509 3845 Quorum
1562 3779 1745 3835 ictum
1794 3764 2018 3835 ferreus

361 3864 527 3936 rigor
552 3865 872 3940 excipiens,
905 3866 963 3923 in
1010 3867 1261 3923 modum
1321 3867 1529 3938 glacici
1556 3867 1791 3924 facilem
1821 3870 1911 3925 sui
1937 3886 2024 3925 re-

362 3952 717 4012 solutionem
745 3955 992 4013 dederit.
1051 3960 1160 4013 lter
1215 3956 1519 4028 agendum
1572 3973 1714 4013 vero
1770 3958 2022 4015 ccelestis

367 4042 573 4100 asinus
622 4044 882 4101 evanuit.
915 4048 1061 4102 Nam
1086 4045 1410 4119 respiciens
1442 4046 1536 4103 ille
1568 4062 1767 4119 neque
1797 4046 2023 4104 animal

362 4130 561 4202 ipsum
583 4131 746 4201 vidit,
776 4147 970 4205 neque
987 4133 1165 4189 etiam
1185 4134 1460 4190 animalis
1480 4135 1820 4207 vestigium,
1834 4151 2023 4209 quan-

364 4215 569 4275 talibet
596 4219 1054 4291 investigatione
1084 4222 1381 4291 insistens,
1415 4223 1476 4279 in
1531 4225 1736 4297 aliquo
1785 4226 2021 4298 penitus

362 4306 622 4363 invenire
662 4309 872 4382 potuit.
931 4308 1246 4381 Cingulum
1290 4326 1433 4367 vero
1463 4312 1539 4368 ad
1597 4317 2019 4383 argumentum

363 4395 653 4464 miraculi,
711 4393 811 4454 ubi
841 4404 1148 4466 nexuerat,
1182 4400 1419 4474 recepit.
1451 4403 1603 4472 Ergo
1641 4402 1716 4458 ad
1750 4407 2020 4459 sanctam

362 4485 561 4544 Fidem
585 4485 847 4563 pedestri
868 4488 1073 4545 itinere
1103 4491 1265 4545 recta
1290 4487 1560 4546 intendit.
1596 4490 1833 4546 Nullum
1891 4492 2021 4564 pul-

361 4576 561 4633 chrius
590 4576 907 4634 basilicam
938 4576 1130 4634 sancti
1161 4575 1484 4634 Salvator-is
1537 4581 1642 4635 aut
1693 4578 2022 4652 speciosius

362 4662 774 4743 spectaculum
806 4663 1047 4723 intravit
1072 4670 1209 4723 ante
1237 4666 1399 4723 hunc
1432 4667 1614 4736 diem,
1671 4682 1869 4741 neque
1921 4669 2025 4726 ali-

360 4754 509 4829 quid
558 4755 842 4813 libentius
894 4754 1154 4830 populus
1211 4755 1647 4814 Conchacensis
1695 4757 2022 4833 aliquando

360 4847 608 4919 aspexit,
641 4860 826 4919 quam
872 4845 1037 4919 quod
1082 4846 1301 4903 nobilis
1347 4847 1458 4903 viri
1502 4846 1892 4905 elarrrissima
1950 4864 2021 4906 ac

359 4946 609 5008 procera
636 4935 1019 5010 pulcherrimi
1048 4936 1315 5011 corporis
1345 4938 1590 5009 statura,
1613 4938 2019 5011 ponderosam

361 5022 497 5080 ferri
516 5039 785 5082 massam
814 5030 1058 5097 gestans
1088 5027 1374 5100 humeris,
1390 5042 1500 5101 per
1514 5024 1909 5085 circumfusas
1923 5044 2020 5086 so-

360 5110 807 5173 lemnlzantium
836 5120 1067 5174 turtuas
1087 5117 1166 5174 ad
1196 5116 1537 5192 sepulcrum
1558 5120 1866 5193 prorupit;
1892 5124 2021 5176 tan-

363 5214 549 5274 quam
578 5200 671 5258 leo
695 5206 820 5277 qui,
848 5204 1036 5262 fracto
1065 5222 1320 5275 carcere,
1355 5198 1568 5279 grandi
1594 5207 1753 5264 mole
1782 5212 2020 5266 catena-

361 5306 498 5348 rum
510 5295 791 5347 oneratus
808 5292 978 5362 colla,
1002 5295 1275 5354 nativum
1289 5296 1456 5354 silva:
1466 5298 1677 5371 repetit
1696 5296 2015 5369 refugium.

361 5381 523 5440 Tunc
553 5381 738 5437 homo
768 5397 972 5440 coram
1002 5384 1170 5441 omni
1198 5386 1447 5461 populo,
1490 5386 1716 5444 ibidem
1746 5387 2020 5465 deposito

361 5484 561 5538 onere,
595 5468 874 5526 hostilem
902 5471 1222 5541 sarcinam,
1270 5488 1459 5547 quam
1513 5475 1815 5549 captivam
1865 5476 2020 5533 collo

363 5559 708 5629 advexerat,
761 5558 1030 5618 libertate
1060 5561 1266 5635 donat,
1285 5580 1354 5621 ac
1368 5565 1519 5622 felici
1535 5566 1903 5639 postliminio
1922 5581 2015 5623 re-

362 5647 507 5738 dux,
554 5648 817 5738 seniores
873 5663 1013 5737 cum
1065 5651 1229 5707 omni
1282 5652 1510 5725 pOpulo
1560 5653 1707 5720 tanti
1745 5653 2017 5721 miraculi

2127 1733 2239 1789 diri
2266 1738 2564 1805 poterunt.
2593 1735 2720 1788 Non
2752 1732 2913 1788 enim
2942 1732 3026 1787 ibi
3057 1735 3266 1788 sancta
3312 1731 3480 1788 Fides
3529 1735 3795 1787 tantum-

2128 1822 2334 1891 modo,
2365 1821 2465 1877 ubi
2520 1836 2771 1893 corpore
2819 1820 3155 1893 requiescit,
3212 1818 3515 1876 miraculis
3565 1818 3791 1891 pollet;

2130 1911 2234 1967 sed
2264 1911 2444 1967 etiam
2475 1910 2650 1979 (sicut
2679 1910 2758 1966 ab
2785 1911 2881 1966 his
2906 1910 3011 1983 qui
3042 1908 3411 1982 quotidianis
3443 1909 3572 1980 ejus
3615 1908 3796 1964 inter-

2129 2004 2269 2055 sunt
2302 1998 2638 2068 virtutibus,
2667 1998 2864 2070 didici)
2889 1999 2949 2054 in
2980 2002 3155 2065 terra,
3214 1997 3276 2054 in
3305 1997 3541 2070 pelago,
3570 1997 3631 2053 in
3660 2012 3796 2054 car-

2127 2106 2278 2159 cere,
2308 2089 2370 2144 in
2394 2088 2948 2157 inﬁrmitatibus.in
2975 2087 3255 2160 periculis
3310 2086 3535 2155 multis,
3591 2091 3649 2143 et
3703 2088 3793 2158 (ut

2127 2178 2253 2250 ipse
2277 2178 2404 2248 jam
2437 2193 2506 2231 ex
2538 2181 2707 2249 parte
2733 2176 3012 2249 probavi)
3035 2176 3093 2231 in
3110 2175 3562 2232 necessitatibus
3583 2174 3791 2241 variis,

2126 2268 2173 2323 si
2203 2268 2338 2340 quis
2368 2284 2502 2323 eam
2532 2272 2693 2323 recto
2720 2266 2899 2322 corde
2921 2266 3399 2339 interpellaverit,
3429 2270 3792 2339 praesentem

2129 2357 2357 2413 sentiet.
2390 2359 2455 2411 Et
2483 2355 2829 2428 ubicunque
2864 2360 3073 2411 sancta
3096 2355 3263 2411 Fides
3311 2355 3495 2411 habet
3539 2370 3790 2425 nomen,

2127 2446 2210 2501 ibi
2235 2461 2477 2518 quoque
2507 2445 2692 2500 habet
2710 2445 3021 2511 virtutem;
3057 2444 3135 2500 ad
3165 2444 3408 2501 laudem
3451 2447 3508 2500 et
3536 2443 3791 2514 gloriam

2128 2534 2340 2591 Christi
2363 2533 2814 2606 omnipotentis,
2837 2534 2943 2605 qui
2970 2533 3418 2606 omnipotentiae
3454 2549 3578 2589 suae
3606 2532 3792 2589 babe-

2128 2622 2220 2678 nis
2252 2638 2388 2677 cum
2419 2625 2587 2677 Patre
2617 2625 2673 2676 et
2696 2621 2914 2694 Spiritu
2959 2625 3169 2677 sancto
3220 2625 3518 2678 coaeterna
3562 2620 3790 2678 unitate

2130 2717 2341 2781 regnat
2369 2726 2477 2783 per
2504 2710 2723 2767 srecula
2753 2709 3108 2766 aeternaliter
3131 2711 3460 2768 manentia.
3490 2715 3700 2767 Amen.

2752 2802 2979 2856 CAPUT
3026 2803 3158 2856 Xlll.

2129 2890 2215 2945 De
2234 2889 2493 2960 quodam
2532 2889 2891 2956 Raimundo,
2919 2890 3185 2960 qualiter
3212 2890 3623 2960 naufragalus
3648 2890 3792 2959 fue-

2296 2978 2378 3033 rit
2407 2983 2461 3034 et
2489 2982 2714 3034 sanctae
2743 2978 2912 3033 Fz'dis
2943 2978 3177 3034 auxilio
3203 2977 3491 3035 liberatus
3518 2979 3615 3034 sit.

2201 3066 2400 3123 Dicere
2422 3066 2599 3123 etiam
2626 3071 3039 3139 opportunum
3066 3066 3298 3123 videtur
3320 3066 3395 3122 de
3422 3066 3626 3140 aliquo
3654 3068 3795 3124 Bai-

2132 3155 2384 3221 mundo,
2406 3155 2684 3211 'l‘olosani
2712 3155 2855 3228 pagi
2884 3154 3163 3226 oriundo,
3196 3171 3411 3225 genere
3448 3156 3792 3230 divitiisque

2130 3244 2482 3311 clarissimo,
2511 3244 2616 3316 qui
2653 3244 3051 3317 municipium
3095 3244 3259 3316 quod
3293 3244 3639 3301 Boschitum
3697 3260 3796 3301 ru-

2130 3333 2260 3389 stici
2282 3337 2502 3388 vocant
2526 3333 2586 3388 in
2613 3332 2825 3390 eodem
2854 3348 3012 3406 pago
3036 3333 3324 3407 possidet.
3379 3333 3480 3390 Hic
3510 3334 3791 3408 aliquan-

2130 3422 2211 3477 do
2235 3420 2837 3494 Hierosolymitanum
2868 3422 2977 3478 iter
3005 3437 3346 3493 aggressus,
3361 3423 3491 3494 jam
3520 3422 3791 3480 maxima

2132 3510 2309 3567 Italia:
2340 3514 2508 3576 parte
2538 3527 2803 3577 emensa,
2837 3511 3004 3583 apud
3034 3511 3244 3567 urbem
3286 3514 3463 3566 Lunae
3490 3508 3792 3567 vocabulo

2130 3600 2211 3656 ab
2237 3599 2501 3672 antiquis
2532 3599 2915 3669 celebratam,
2968 3601 3390 3658 Mediterraueo
3410 3599 3628 3674 pelago
3658 3614 3791 3656 sese

2130 3688 2318 3744 classe
2349 3692 2640 3760 apparata
2667 3688 2935 3756 credidit,
2971 3693 3030 3744 ut
3070 3704 3178 3760 per
3206 3688 3510 3744 marinum
3541 3703 3791 3744 cursum

2130 3776 2302 3832 citius
2348 3776 2683 3850 rectiusque
2756 3777 3181 3850 Hierosolymis
3232 3783 3431 3851 partes
3504 3776 3791 3834 accedere

2128 3870 2349 3940 posset.
2375 3867 2450 3921 At
2477 3882 2616 3921 vero
2647 3883 2787 3921 cum
2820 3866 2949 3938 jam
2969 3866 3229 3940 aequoris
3254 3866 3578 3940 pergrandi
3618 3870 3791 3939 parte

2132 3956 2374 4027 trajecta
2403 3955 2701 4012 sulcarent
2732 3956 2971 4026 caerula,
3002 3961 3134 4014 orta
3165 3956 3360 4012 subito
3412 3960 3788 4028 tempestate,

2129 4044 2303 4101 navis
2328 4044 2429 4101 illa
2460 4044 2725 4118 scopulis
2755 4044 2870 4102 illis
2894 4045 3102 4102 incidit
3126 4040 3189 4102 in
3215 4045 3620 4115 naufragium,
3672 4044 3789 4100 dis-

2123 4135 2402 4207 jectaque
2424 4134 2484 4190 in
2508 4140 2710 4208 partes
2738 4135 2937 4208 ipsum
2998 4135 3462 4207 gubernatorem
3519 4151 3658 4192 cum
3694 4150 3788 4190 re-

2128 4224 2306 4298 liquis
2332 4225 2654 4281 vorticibus
2673 4225 2991 4298 absorptos
3019 4225 3275 4299 reliquit,
3306 4226 3406 4282 vix
3435 4225 3678 4281 duobus
3698 4241 3788 4280 re-

2130 4314 2398 4382 servatis,
2432 4314 2771 4371 Raimimdo
2800 4314 3072 4371 videlicet
3102 4332 3392 4389 servoque
3430 4331 3553 4373 uno
3601 4330 3789 4388 quem

2128 4402 2319 4459 ﬁdum
2343 4403 2676 4461 adduxerat
2706 4420 2944 4473 secum;
2967 4421 3224 4478 quorum
3260 4422 3469 4461 servus
3498 4404 3614 4473 ille,
3656 4421 3791 4479 per-

2129 4507 2331 4564 parva:
2362 4492 2585 4563 navigii
2622 4492 2925 4565 particulas
2956 4493 3214 4565 haerens,
3245 4494 3321 4551 ad
3353 4493 3553 4550 ltalica
3590 4493 3789 4550 littora

2131 4582 2431 4655 projectus
2460 4586 2595 4650 est;
2641 4588 2926 4656 ratusque
2983 4584 3295 4640 dominum
3342 4601 3519 4640 81111111
3575 4587 3789 4658 procul

2128 4671 2315 4728 dubio
2346 4672 2592 4728 marinis
2620 4672 2901 4730 ﬂuctibus
2930 4688 3062 4731 esse
3092 4678 3395 4746 necatum,
3421 4674 3631 4748 repetit
3682 4675 3790 4730 ho-

2130 4761 2343 4835 spitem
2371 4763 2467 4818 cui
2490 4762 2652 4819 idem
2681 4763 2964 4820 dominus
2991 4781 3135 4821 suus
3165 4764 3250 4836 (ut
3285 4781 3418 4821 mos
3474 4769 3561 4821 est
3612 4781 3786 4839 pcre-

2128 4850 2335 4923 grinis)
2359 4856 2591 4925 partem
2621 4852 2891 4926 pecunia)
2942 4854 3289 4912 crediderat.
3341 4857 3534 4920 Quam
3585 4871 3790 4928 recep-

2127 4945 2251 4998 tam
2276 4942 2370 4997 cui
2397 4957 2587 5014 quam
2612 4941 2781 4998 herili
2810 4943 3058 5015 conjugi
3089 4942 3330 5013 dignius
3359 4944 3650 5002 referret?
3680 4945 3788 5002 Cui

2126 5045 2305 5088 casus
2337 5047 2481 5088 suos
2508 5047 2842 5105 exponens,
2876 5032 3056 5090 etiam
3105 5032 3349 5090 fatalem
3401 5032 3633 5091 domini
3691 5034 3787 5090 sui

2127 5122 2349 5176 sortem
2374 5119 2627 5176 intimat.
2662 5120 2767 5176 ltla
2797 5136 2953 5188 vero,
2990 5119 3270 5177 simulato
3301 5120 3654 5194 aliquandiu
3670 5121 3784 5181 do-

2124 5208 2270 5277 lore,
2302 5224 2425 5265 non
2450 5208 2513 5264 in
2537 5224 2749 5280 graves
2796 5209 3102 5282 lacrymas
3158 5215 3262 5268 aut
3302 5210 3487 5280 longa
3528 5210 3791 5285 suspiria

2128 5299 2214 5369 (ut
2231 5313 2366 5353 mos
2397 5302 2485 5354 est
2512 5297 2813 5353 bonarum
2841 5298 3243 5370 feminarum),
3274 5315 3400 5356 rem
3430 5300 3623 5370 vertit,
3678 5300 3789 5359 sed

2125 5386 2284 5443 illico
2305 5386 2548 5456 elegans
2577 5385 2844 5443 virorum
2894 5388 3210 5459 spectatrix
3245 5388 3477 5461 effecta,
3525 5388 3788 5449 inﬁdum

2124 5476 2480 5549 variumque
2504 5491 2775 5533 amorem
2787 5476 3010 5534 effrena
3029 5476 3300 5535 libertate
3315 5495 3423 5551 per
3447 5479 3647 5536 varias
3667 5479 3788 5539 for-

2126 5579 2365 5621 marum
2390 5565 2611 5637 injecta
2637 5566 2884 5639 species.
2917 5569 2981 5623 Et
3011 5567 3093 5624 sic
3149 5584 3330 5640 quem
3379 5583 3503 5640 pra:
3557 5569 3786 5629 caeteris

2127 5654 2361 5725 egregie
2404 5656 2641 5747 reperit,
2693 5656 3056 5721 nanciscitur
3086 5656 3307 5724 virum,
3349 5658 3517 5740 quod
3561 5659 3778 5737 potuit,
