4048 6178
243 113 343 168 149
1359 121 1487 178 LIB.
1535 125 1624 179 DE
1664 122 2052 180 MIRACULIS
2089 122 2383 179 SANCTAS
2426 128 2625 185 FlDlS.
3624 144 3728 195 150

241 254 366 329 suae
396 234 634 329 libidini
693 240 1113 329 opportunum
1155 261 1168 297 :
1227 245 1326 300 cui
1350 249 1408 301 et
1455 246 1770 304 castellum
1823 247 1932 302 de—
1966 250 2017 301 A
2054 244 2199 299 bere
2231 256 2565 319 cceperunt,
2613 253 2950 328 saepiusque
2992 255 3052 311 in
3082 256 3345 329 pericula
3367 258 3605 318 ducere.
3638 262 3725 317 Ad

377 330 438 382 et
498 324 804 421 reliquum
856 326 1157 386 honorem
1209 332 1291 388 sic
1358 334 1614 406 fecisset,
1648 341 1706 391 et
1747 336 1934 391 etiam
2052 338 2458 405 postremum,
2517 356 2554 395 a
2609 324 2918 399 Saracenis
2970 324 3262 402 Cordubae
3314 346 3471 416 victi,
3521 348 3726 421 ipsum

237 413 416 483 tilias,
470 430 631 487 quas
670 413 1019 472 Raimundo
1073 427 1407 493 pepererat,
1441 423 1519 479 ab
1547 428 1802 497 paterno
1830 423 1939 479 be-
2053 438 2267 478 rursus
2297 426 2646 485 amiserunt.
2704 432 2777 487 At
2831 432 2934 487 ubi
2983 437 3039 489 et
3068 433 3159 490 isti
3187 413 3724 495 acerrimum-stre-

238 503 480 598 neticio,
551 519 714 558 caeca
773 504 1062 598 cupidine
1118 510 1372 581 perdita,
1429 512 1766 579 alienasset,
1814 512 1939 568 nisi
2056 526 2372 587 unumque
2419 516 2665 575 militem
2719 519 2970 577 diversis
3001 523 3279 594 periculis
3310 526 3535 598 experti
3564 533 3720 597 sunt,

237 593 521 686 quidam,
557 592 928 686 cognomine
983 598 1340 686 AExcafridus
1394 604 1584 671 llugo,
1644 601 1940 673 antiquus
2058 601 2286 672 ingenti
2310 604 2511 663 laetitia
2539 609 2882 684 gaudioque
2908 592 3071 667 tanto
3101 613 3284 669 milite
3306 592 3722 686 congratulan;

236 682 475 779 praefati
509 682 838 779 itaimundi
874 684 1128 758 amicus,
1156 704 1265 761 pro
1296 690 1514 763 puellis
1559 707 1687 747 sese
1706 695 1941 747 mater-
2060 695 2176 760 tur,
2209 693 2494 752 nimirum
2527 698 2748 771 quibus
2777 682 2982 756 omnia
3027 717 3100 756 ex
3130 708 3269 758 voto
3298 719 3407 759 nec
3428 682 3719 779 “unquam

238 772 330 828 nis
362 771 604 842 injuriis
640 770 1046 860 iobjectasset,
1101 781 1301 851 atque,
1340 795 1416 836 ne
1468 780 1614 853 ipsae
1644 779 1941 836 indotatas
2058 780 2367 840 incassum
2406 770 2730 844 hocsocio
2784 789 3228 860 contingebant.
3284 794 3493 849 Verum
3541 770 3718 851 subiti

236 860 313 917 ad
346 859 760 931 ignominiam
786 860 1222 935 redigerentur,
1255 868 1601 925 auctoritate
1639 869 1730 924 sui
1757 867 1945 923 indu-
2056 872 2263 939 gaudii
2288 872 2606 933 indiscreta
2646 876 2840 944 elatio,
2894 859 3073 934 subiti
3121 879 3428 937 infortunii
3474 881 3720 939 interru-

236 950 512 1043 striaque
547 950 735 1005 totius
786 950 1037 1005 honoris
1086 954 1377 1023 medium,
1408 961 1624 1030 praeter
1666 961 1941 1013 castrum
2054 960 2256 1032 ptione
2282 961 2582 1022 interdum
2609 967 2931 1039 castigatur
2961 987 2973 1037 ;
3018 986 3162 1026 nam
3186 970 3413 1043 praedio
3445 974 3720 1028 commis-

233 1038 527 1094 subsidiis
555 1042 812 1095 auctum
857 1046 1241 1112 recuperaret
1267 1060 1336 1099 ac
1366 1045 1644 1102 retineret
1672 1062 1685 1100 :
1716 1061 1827 1101 nec
1853 1043 1938 1100 de
2052 1067 2120 1106 so
2147 1051 2299 1108 inter
2328 1070 2391 1108 se
2422 1060 2480 1110 et
2511 1038 2793 1124 Alabitas,
2824 1057 3072 1115 victores
3091 1038 3253 1117 tanto
3279 1060 3460 1117 milite
3485 1078 3717 1118 reman-

231 1126 600 1184 maritandis
634 1127 976 1198 virginibus
1003 1128 1188 1200 longa
1216 1138 1340 1189 erat
1371 1133 1761 1205 ambiguitas,
1790 1151 1936 1191 cum
2048 1147 2257 1197 serunt
2285 1142 2494 1199 orbati.
2526 1148 2831 1202 Postremo
2859 1146 3083 1205 bellum
3115 1148 3223 1205 fuit
3250 1149 3342 1206 his
3371 1167 3509 1206 cum
3534 1152 3714 1208 Sanc-

230 1225 561 1312 utramque
594 1234 962 1287 germanam
989 1219 1111 1312 suis
1131 1220 1333 1278 liberis
1360 1223 1589 1280 nubere
1607 1223 1930 1281 consensit.
2046 1230 2221 1286 cione
2266 1234 2480 1290 comite
2530 1234 2605 1291 de
2637 1236 2920 1304 Castellis,
2951 1238 3078 1293 viro
3119 1240 3533 1312 potentissimo
3557 1241 3713 1298 mili-

230 1306 620 1401 Βξιξωιωάιιε
654 1322 817 1401 νθῐᾯ-
857 1310 946 1374 (ut
976 1307 1052 1401 af]
1096 1311 1409 1401 §}lperi0Pa
1439 1312 1708 1379 I‘Bdeam)
1741 1328 1932 1368 unam
2044 1318 2264 1392 tizeque
2294 1322 2688 1394 peritissimo;
2721 1340 2757 1381 a
2785 1342 2907 1398 quo
2929 1306 3142 1382 Christi
3169 1328 3390 1384 auxilio
3419 1329 3707 1401 superati,

225 1396 629 1467 disjectarum
662 1395 932 1452 trabium
984 1396 1255 1456 similiter
1298 1402 1639 1475 amplexus,
1676 1417 1801 1458 non
1848 1401 1931 1458 ad
2039 1424 2170 1467 non
2199 1410 2382 1468 modo
2414 1395 2838 1484 Raimunduni,
2870 1415 2974 1471 sed
3005 1414 3185 1474 etiam
3214 1395 3522 1474 enormem
3554 1395 3709 1475 Chri-

225 1485 435 1575 Italiae,
470 1485 582 1540 sed
630 1485 848 1541 Africae
875 1491 1074 1559 partes
1127 1489 1344 1562 pulsus
1375 1496 1485 1561 est,
1517 1495 1739 1548 sanctae
1773 1490 1928 1546 Fidis
2040 1497 2376 1557 stiauorum
2409 1502 2809 1575 captivitatem
2863 1504 3212 1562 amiserunt.
3273 1506 3387 1563 Sed
3415 1507 3544 1563 haec
3574 1507 3707 1565 bar-

224 1574 529 1630 auxilium
558 1575 968 1670 incessanter
994 1576 1310 1648 invocans,
1370 1597 1482 1637 nec
1516 1597 1788 1655 unquam
1819 1597 1928 1637 no-
1956 1595 1996 1650 Β
2035 1587 2192 1646 bara
2220 1591 2487 1659 gentium
2540 1592 2839 1649 vocabula
2866 1609 2987 1649 non
3035 1594 3120 1650 sic
3161 1596 3239 1651 ab
3282 1596 3541 1670 antiquis
3594 1598 3712 1654 usi-

221 1680 367 1719 men
396 1679 533 1734 ejus
565 1663 650 1718 ab
671 1664 1098 1758 ore_rejiciens.
1125 1671 1194 1723 Et
1215 1670 1351 1741 jam
1410 1670 1580 1726 tertia
1606 1670 1709 1726 lux
1740 1670 1926 1727 ﬂuxe-
2038 1682 2165 1735 tata
2183 1678 2372 1736 fuisse
2401 1680 2679 1738 videntur
2712 1701 2724 1739 :
2757 1698 3019 1754 quorum
3072 1683 3364 1742 industria
3389 1663 3496 1758 per
3525 1685 3706 1756 negli-

220 1758 314 1844 ξ’δί
344 1768 421 1807 ex
451 1767 580 1844 T19
623 1767 746 1844 Πέίῖ
787 1751 1095 1844 δοφίηέω
1142 1771 1258 1813 nec
1289 1764 1632 1814 monstrum
1661 1758 1923 1829 Vidisset,
2038 1768 2303 1837 gentiam
2334 1770 2593 1840 ignavite
2621 1751 2981 1844 posteritatis
3011 1778 3317 1844 pereunte,
3345 1751 3526 1831 etiam
3566 1751 3705 1844 gen-

223 1841 310 1897 ita
334 1839 590 1895 marinis
646 1839 1241 1901 debacchationibus
1298 1846 1589 1903 attonitus
1634 1847 1925 1920 stupefac-

224 1933 464 2001 tusque,
500 1933 567 1984 ut
596 1933 820 1996 printer
866 1932 1206 1990 naturalem
1258 1935 1528 1991 tutandae
1576 1935 1710 1992 vitae
1740 1935 1927 1992 inten-

224 2018 468 2082 tionem,
522 2016 721 2072 brutis
780 2017 955 2075 etiam
1016 2022 1402 2079 animalibus
1456 2024 1722 2094 insitam,
1777 2024 1924 2081 nihil

218 2122 470 2180 prorsus
494 2104 629 2176 jam
653 2109 929 2177 saperet;
964 2126 1105 2166 cum
1139 2127 1296 2167 ecce
1346 2110 1421 2167 de
1451 2111 1783 2185 improviso
1817 2111 1923 2169 ob-

218 2200 346 2256 vias
370 2197 587 2256 habuit
616 2198 946 2270 piratarum
976 2203 1367 2276 phalanges,
1401 2203 1476 2259 de
1505 2204 1805 2261 Turlanda
1829 2221 1923 2261 re-

218 2292 397 2363 gione
429 2289 764 2359 venientes,
793 2304 1167 2360 sagenarum
1204 2292 1568 2349 bellicarum
1600 2294 1814 2366 classe,
1848 2299 1925 2351 te-

218 2382 310 2453 lis,
339 2379 618 2455 spiculis,
652 2378 873 2453 elypeis
897 2387 954 2439 et
982 2383 1188 2440 armis
1248 2382 1925 2456 multipliciterinstruc-

223 2477 313 2529 tas
350 2492 364 2541 ;
397 2476 477 2541 et,
505 2471 637 2543 jam
688 2468 916 2528 dudum
964 2473 1265 2547 praedam
1324 2472 1606 2542 sitientes,
1661 2474 1794 2547 ipso
1824 2474 1922 2531 die

223 2564 449 2635 jactata
483 2566 645 2619 sorte
675 2562 1020 2620 invenerant
1068 2578 1221 2619 sese
1279 2561 1479 2618 statim
1525 2564 1798 2636 praedam
1836 2564 1924 2621 in-

225 2658 532 2710 venturos.
594 2656 801 2727 ltaque
840 2658 1146 2728 repertum
1198 2652 1517 2709 hominem
1553 2658 1924 2731 captumque

228 2743 553 2801 barbarico
582 2743 826 2801 fremitu
865 2743 1379 2815 circumstrepunt
1410 2759 1423 2798 :
1471 2758 1661 2813 genus
1721 2744 1925 2801 condi-

234 2834 585 2907 tionemque
644 2834 1026 2905 interrogant.
1114 2834 1202 2886 De
1254 2831 1495 2889 fortuna
1542 2836 1745 2889 autem
1795 2850 1922 2891 non

232 3013 605 3085 naufragum
637 3017 963 3071 cernerent.
1003 3015 1078 3067 At
1128 3009 1229 3066 ille
1260 3009 1580 3068 insolentia
1603 3010 1920 3082 ﬂuctuum,

234 3110 298 3162 ut
328 3104 479 3175 dixi,
506 3106 598 3161 sui
628 3104 875 3171 oblitus,
898 3102 1263 3175 penitusque
1279 3100 1472 3170 rigore
1493 3099 1772 3157 membra
1796 3117 1923 3158 cor-

233 3200 467 3269 reptus,
496 3195 592 3251 vix
628 3212 695 3250 se
719 3193 1031 3249 hominem
1054 3205 1187 3247 esse
1217 3189 1666 3259 recordabatur,
1692 3190 1920 3249 nedum

234 3286 317 3342 ad
340 3284 632 3359 inquisita
661 3284 833 3340 daret
860 3296 1229 3355 responsum
1250 3297 1263 3347 ;
1284 3296 1423 3336 eum
1452 3281 1781 3354 praesertim
1808 3297 1921 3340 nec

233 3376 514 3447 linguam
546 3391 783 3444 eorum,
836 3388 944 3429 nec
996 3385 1202 3429 mores
1232 3385 1440 3426 eorum
1470 3370 1801 3443 aliquando
1826 3372 1919 3429 di-

233 3466 514 3535 dicerat;
564 3469 777 3539 postea
831 3478 976 3519 vero
1033 3462 1281 3533 peracto
1328 3474 1510 3515 cursu
1539 3459 1603 3517 in
1660 3461 1920 3533 patriam

231 3555 467 3611 reversi
496 3557 655 3609 sunt.
703 3551 931 3616 Quibus
956 3550 1178 3606 iterum
1208 3545 1737 3619 interrogantibus,
1790 3550 1922 3621 jam

233 3645 375 3701 cibo
406 3644 648 3717 otioque
678 3640 999 3715 paululum
1036 3641 1360 3705 recreatus,
1395 3637 1799 3695 Christianum
1858 3657 1921 3697 se

230 3733 590 3808 respondit:
643 3731 831 3788 decus
885 3745 1030 3785 vero
1060 3726 1322 3798 generis,
1361 3726 1920 3803 professionemque

232 3825 420 3882 olﬁcii
446 3840 690 3897 prorsus
712 3821 1052 3892 abnegans,
1086 3817 1416 3889 agricolam
1441 3835 1504 3875 se
1530 3817 1719 3875 fuisse
1747 3836 1917 3877 men-

235 3916 387 3970 titus
418 3918 520 3968 est.
557 3911 739 3979 Unde,
774 3909 885 3966 sibi
913 3908 1058 3966 dato
1097 3907 1162 3963 in
1202 3907 1489 3966 manibus
1523 3908 1795 3975 fossorio,
1829 3909 1916 3966 fo-

236 4004 389 4060 dere
419 4002 470 4057 ei
492 4002 929 4075 imposuerunt.
956 3997 1132 4064 Quod
1158 4014 1298 4055 cum
1322 4013 1446 4071 prae
1472 3997 1663 4054 nimia
1709 3998 1921 4057 libera-

234 4093 393 4150 lium
426 4107 714 4149 manuum
746 4087 1144 4146 teneritudine
1200 4086 1509 4162 ignotique
1553 4086 1781 4144 laboris
1811 4088 1918 4145 im-

234 4182 530 4258 patientia
568 4182 769 4238 minus
816 4178 1073 4253 pleniter
1123 4176 1488 4251 perfecisset,
1538 4177 1743 4251 ipsum
1786 4180 1917 4251 jam

232 4273 423 4346 impie
447 4275 696 4328 tractare
721 4268 1051 4366 ﬂagrisque
1080 4267 1414 4366 inhumane
1458 4266 1690 4366 caedere
1715 4267 1918 4325 adorsi
1945 4311 1990 4366 Β

232 4369 398 4419 sunt.
428 4365 512 4418 lta
543 4361 790 4417 demum
820 4358 1044 4415 invitus
1071 4356 1434 4430 coactusque
1460 4356 1728 4430 seipsum
1776 4373 1916 4431 ape-

232 4453 329 4520 rit,
383 4450 657 4524 nihilque
710 4454 923 4524 praeter
969 4447 1195 4505 militiae
1243 4451 1399 4504 artes
1456 4464 1519 4503 se
1565 4445 1710 4503 olim
1756 4462 1919 4504 exer-

236 4541 434 4596 cuisse
463 4538 770 4613 professus
824 4541 934 4594 est.
969 4539 1049 4593 De
1101 4551 1227 4608 qua
1253 4550 1314 4590 re
1368 4534 1527 4592 facto
1573 4533 1728 4592 illico
1778 4551 1913 4593 exa-

237 4631 427 4697 mine,
453 4644 763 4685 armorum
808 4625 1238 4700 peritissimum
1291 4623 1723 4699 experiuntur;
1782 4625 1908 4698 qui,

234 4726 455 4795 praeter
484 4723 758 4775 crateram
788 4717 971 4788 hujus
1002 4714 1145 4772 artis
1185 4714 1567 4782 industriam,
1594 4713 1676 4771 ita
1697 4730 1762 4771 se
1793 4715 1908 4772 sub

235 4825 416 4867 arma
462 4808 737 4878 colligere
792 4806 1125 4879 clypeoque
1186 4808 1496 4877 protegere
1564 4803 1910 4876 perhibetur

234 4900 571 4971 ingeniose,
601 4902 666 4954 ut
692 4897 803 4954 abs
833 4895 1099 4969 quolibet
1125 4893 1366 4952 difﬁcile
1384 4894 1575 4968 possit
1596 4893 1906 4951 feririJam

233 5004 385 5060 ergo
423 4987 593 5044 illum
642 4987 704 5042 in
753 4984 1027 5042 ordinem
1078 4983 1405 5041 militarem
1454 4983 1902 5054 constituentes,

235 5078 463 5153 sepius
504 5077 567 5133 in
626 5072 1106 5149 expeditionibus
1155 5072 1404 5130 ducunt.
1459 5077 1525 5129 In
1584 5088 1707 5146 quo
1763 5090 1903 5131 cum

235 5166 548 5238 egregiam
584 5164 781 5223 laudis
833 5162 1086 5234 gloriam
1137 5161 1306 5219 brevi
1355 5160 1731 5233 obtinuisset,
1771 5163 1902 5234 jam

234 5258 296 5314 in
317 5256 757 5330 provectiorem
810 5252 1056 5309 honoris
1094 5252 1350 5322 gradum
1389 5256 1765 5327 promovent.
1814 5257 1902 5309 In-

234 5353 402 5405 terea
427 5362 572 5403 vero
610 5345 762 5401 inter
785 5344 896 5401 hos
924 5346 1105 5415 atque
1126 5342 1486 5400 Barbarinos
1514 5346 1648 5400 acto
1669 5343 1900 5416 praelia,

239 5434 550 5494 Barbarini
602 5433 936 5508 superiores
975 5431 1407 5502 Raimundum,
1459 5432 1683 5490 caeteris
1720 5432 1899 5491 inter-

237 5527 407 5584 fectis
438 5521 1123 5600 sparsisque,dupliciter
1142 5522 1444 5595 captivum
1475 5522 1901 5594 abigunt.Dein

238 5618 595 5692 inquisitum
643 5618 699 5671 et
723 5614 837 5690 ipsi
886 5626 1131 5687 quoque
1168 5611 1596 5669 honorabiliter
1618 5629 1759 5672 eum
1786 5613 1895 5672 ha-

2036 1856 2190 1915 tium
2220 1859 2648 1933 plerarumque
2686 1860 2937 1919 nomina
2986 1866 3092 1918 aut
3119 1863 3357 1935 penitus
3400 1864 3701 1920 oblivione

2035 1946 2252 2016 deleta,
2293 1954 2397 2006 aut
2448 1948 2725 2007 barbarie
2778 1950 3090 2021 ingruente
3148 1956 3546 2010 transmutata
3600 1953 3703 2010 ha-

2034 2035 2271 2095 bentur.
2306 2038 2486 2111 lgitur
2516 2039 2765 2097 Sanccio
2795 2056 2997 2098 comes
3026 2057 3164 2098 cum
3191 2042 3517 2116 accepisset
3540 2042 3702 2099 hunc

2034 2142 2159 2184 non
2182 2129 2379 2186 solum
2424 2129 2824 2188 Christianum
2858 2147 3007 2200 esse,
3035 2131 3140 2187 sed
3186 2132 3365 2188 etiam
3393 2132 3699 2189 nobilitate

2034 2218 2268 2287 generis
2297 2219 2538 2292 pollere,
2564 2219 2814 2277 miratus
2869 2220 3139 2277 fortunas
3194 2221 3372 2290 illius,
3401 2221 3698 2295 quibusli-

2031 2305 2133 2362 bet
2161 2307 2337 2363 donis
2368 2314 2836 2379 remuneratum,
2890 2309 3160 2367 libertate
3189 2310 3369 2367 etiam
3399 2327 3537 2367 cum
3564 2311 3697 2368 reli-

2032 2390 2168 2464 quis
2200 2391 2544 2449 Christianis
2573 2393 2839 2450 donavit.
2867 2395 2979 2452 Sed
3010 2398 3338 2469 antequam
3368 2394 3699 2451 discederet

2032 2482 2111 2537 ab
2149 2498 2241 2551 eo,
2278 2489 2486 2541 sancta
2516 2484 2685 2540 Fides
2728 2486 2782 2540 ei
2810 2485 3128 2542 dormienti
3149 2486 3432 2559 apparuit
3462 2505 3475 2542 :
3510 2507 3541 2540 α
3574 2489 3695 2557 Ego

2033 2588 2189 2643 sum,
2236 2572 2538 2646 inquiens,
2594 2577 2801 2631 sancta
2839 2574 3032 2641 Fides,
3081 2576 3255 2645 cujus
3297 2591 3518 2630 nomen
3549 2590 3699 2631 nau-

2034 2658 2238 2732 tragus
2309 2666 2431 2719 tam
2477 2665 2816 2719 constanter
2854 2661 3158 2720 invocasti.
3219 2662 3376 2719 Vade
3425 2679 3694 2732 securus,

2033 2750 2177 2822 quia
2217 2752 2510 2808 amissum
2564 2752 2859 2809 honorem
2908 2752 3312 2826 recuperabis.
3349 2774 3375 2801 ››
3436 2752 3699 2810 Surrexit

2032 2856 2176 2910 ergo
2207 2845 2387 2916 atque
2438 2840 2502 2899 in
2538 2841 2795 2914 patriam
2840 2841 3029 2904 rediit,
3085 2845 3401 2915 castraque
3430 2858 3540 2901 suo
3564 2842 3696 2913 jam

124 2998 129 3003 _
230 2923 565 2998 quisquam
616 2923 994 2995 movebatur,
1053 2921 1290 2995 quippe
1348 2938 1487 2977 cum
1543 2921 1713 2978 illum
1742 2921 1923 2995 plane
1951 2951 1993 3007 ρ
2032 2930 2472 3004 propinquans,
2527 2932 2732 2989 audito
2775 2932 2942 3006 quod
3008 2931 3231 3004 coniux
3278 2931 3376 2991 alii
3427 2932 3699 3008 nupserit

2032 3019 2268 3089 marito,
2292 3020 2408 3077 illic
2438 3021 2751 3078 manifeste
2781 3038 3073 3095 apparere
3125 3022 3355 3094 metuit,
3409 3026 3589 3096 atque
3614 3022 3695 3079 ob

2029 3109 2092 3165 id
2122 3109 2278 3167 intra
2305 3111 2704 3169 domesticum
2725 3112 3008 3187 pauperis
3062 3117 3314 3182 tegetem
3345 3112 3697 3186 aliquandiu

2030 3200 2220 3268 latuit,
2250 3206 2608 3276 exspectans
2632 3203 2779 3275 quid
2808 3219 2917 3276 per
2935 3203 3370 3276 providentiam
3400 3203 3500 3259 Dei
3530 3203 3605 3259 de
3633 3218 3695 3259 se

2033 3287 2304 3346 futurum
2370 3294 2515 3361 erat,
2566 3289 2785 3364 partim
2835 3289 3133 3363 peregrini
3187 3289 3418 3360 habitu,
3476 3291 3695 3364 partim

2030 3382 2202 3435 astate
2233 3379 2622 3436 deformatus.
2658 3383 2807 3436 Nam
2838 3379 2949 3437 tria
2991 3396 3292 3437 annorum
3323 3378 3510 3437 lustra
3539 3380 3696 3436 abie-

2029 3473 2165 3525 rant
2189 3484 2260 3525 ex
2290 3485 2413 3541 quo
2465 3485 2502 3525 a
2552 3468 2750 3541 patria
2798 3468 3196 3537 exsulaverat,
3240 3473 3485 3542 propter
3530 3466 3695 3542 quod

2030 3557 2210 3614 etiam
2236 3557 2440 3631 ipsum
2470 3557 2627 3614 ultra
2657 3557 2989 3614 rediturum
3019 3573 3149 3614 esse
3191 3557 3387 3615 omnis
3441 3574 3579 3631 spcs
3607 3558 3693 3614 in-

2030 3647 2285 3705 terierat.
2309 3650 2534 3704 Tamen
2563 3663 2706 3703 cum
2724 3664 2850 3705 una
2894 3648 3127 3704 dierum
3152 3648 3434 3721 quaedam
3464 3647 3698 3705 mulier-

2029 3736 2185 3804 cula,
2218 3737 2349 3808 ejus
2378 3735 2521 3793 olim
2552 3737 2913 3805 concubina,
2944 3738 3003 3793 in
3035 3737 3450 3810 superfusione
3496 3738 3694 3795 balnei

2028 3827 2082 3885 ei
2129 3843 2276 3883 casu
2344 3825 2800 3897 obsequeretur,
2830 3827 2907 3883 ad
2963 3831 3140 3883 notas
3206 3826 3354 3882 nudi
3426 3827 3691 3900 corporis

2029 3917 2159 3990 ipsa
2214 3914 2415 3990 ipsum
2466 3929 2906 3985 recognoscens
2949 3931 2961 3969 :
3025 3936 3051 3961 «
3098 3916 3260 3971 Tunc
3313 3928 3398 3981 es,
3456 3912 3555 3978 ait,
3596 3910 3689 3967 ille

2029 4004 2426 4075 Raimundus,
2504 4002 2610 4076 qui
2695 4003 2951 4072 dudum,
3026 4001 3501 4074 Hierosolymam
3568 4005 3689 4055 ten-

2028 4094 2202 4163 dens,
2254 4108 2496 4165 aequore
2563 4108 2796 4149 mersus
2863 4090 3203 4147 crcdebaris
3231 4090 3259 4146 ‘.’
3312 4109 3342 4142 ι
3402 4091 3530 4156 Quo
3582 4104 3686 4145 ne-

2026 4187 2227 4254 gante,
2273 4182 2373 4238 illa
2403 4180 2660 4253 adjecit:
2711 4204 2738 4232 «
2772 4184 2912 4251 Hoc,
2961 4180 3263 4253 inquiens,
3317 4195 3525 4236 verum
3578 4183 3684 4247 est,

2024 4288 2136 4329 nec
2192 4286 2290 4327 me
2344 4276 2510 4329 tuam
2566 4270 2952 4342 praesentiam
3009 4270 3200 4326 celare
3252 4269 3491 4343 poteris,
3546 4283 3685 4325 cum

2024 4375 2148 4434 qua
2169 4360 2311 4416 olim
2342 4356 2717 4416 consuevisti.
2751 4381 2780 4408 »
2803 4358 3070 4431 Denique
3087 4357 3447 4425 clanculum,
3479 4361 3683 4429 etquo

2023 4450 2215 4523 potuit
2233 4448 2521 4507 occultius
2548 4447 2848 4505 festinavit
2875 4448 2953 4504 ad
2980 4447 3289 4505 dominam
3320 4446 3687 4515 castri,nun-

2023 4540 2176 4598 tians
2239 4538 2501 4595 invisum
2573 4554 2899 4595 rumorem.
2953 4541 3039 4594 lta
3093 4537 3358 4609 primum
3404 4552 3511 4609 per
3565 4533 3680 4591 vile

2020 4632 2285 4685 scortum
2310 4626 2606 4683 adventus
2625 4626 2783 4683 illius
2833 4625 3089 4684 emersit.
3151 4625 3255 4682 Illa
3278 4623 3512 4680 reducis
3567 4616 3680 4679 viri

2014 4716 2382 4791 postliminio
2409 4718 2810 4785 consternata,
2864 4714 3045 4788 erepit
3073 4718 3373 4772 maturare
3426 4716 3679 4785 quanto-

2016 4807 2144 4864 cius
2173 4822 2299 4881 qua
2315 4802 2416 4862 via
2446 4804 2558 4860 sibi
2588 4809 2844 4863 mortem
2895 4804 3190 4861 occultam
3227 4819 3297 4859 ac
3353 4802 3477 4858 sine
3528 4801 3677 4861 infa-

2014 4897 2137 4954 mia
2166 4895 2475 4954 inveniret.
2511 4897 2587 4951 At
2610 4911 2755 4953 vero
2783 4895 2933 4953 dum
2956 4910 3140 4951 causa
3158 4892 3296 4950 lethi
3337 4892 3674 4962 excogitan-

2012 4986 2093 5043 do
2111 4986 2401 5053 differtur,
2432 5000 2547 5042 nec
2575 4984 2655 5041 ad
2679 4984 2740 5041 id
2767 4982 3003 5041 sceleris
3040 4981 3500 5055 opportunitatis
3529 4982 3671 5041 satis

2012 5074 2226 5132 efﬁcax
2253 5073 2565 5148 reperitur,
2596 5072 2903 5130 voluntate
2933 5070 3157 5128 scilicet
3181 5074 3240 5128 et
3284 5069 3527 5128 fortuna
3551 5071 3670 5128 dis-

2011 5163 2421 5231 cordantibus,
2452 5161 2799 5221 admonitus
2828 5162 2891 5217 in
2921 5160 3168 5231 somnis,
3200 5161 3385 5218 cessit
3403 5160 3672 5235 periculo

2008 5252 2265 5325 vitaeque
2319 5255 2721 5310 tutamentum
2762 5249 3052 5323 quaesivit.
3103 5251 3275 5317 Quod
3331 5250 3514 5325 paulo
3539 5250 3669 5325 ipse

2011 5345 2145 5400 ante
2176 5340 2430 5412 fecisset,
2461 5339 2573 5397 nisi
2599 5343 2806 5396 sancta
2845 5338 3012 5396 Fides
3059 5340 3138 5397 ad
3191 5357 3373 5399 suum
3401 5343 3667 5399 castrum

2008 5448 2149 5490 eum
2177 5430 2536 5489 nominatim
2567 5428 2769 5488 venire
2794 5429 3090 5503 jussisset.
3123 5431 3239 5489 Sed
3261 5432 3440 5490 credo
3458 5430 3665 5488 divino

2006 5525 2159 5579 nutu
2182 5521 2264 5579 ita
2293 5536 2423 5579 esse
2462 5519 2706 5588 factum,
2737 5523 2804 5578 ut
2831 5518 3146 5597 perﬁdiam
3175 5521 3448 5593 conjugis
3494 5520 3573 5578 ad
3601 5518 3665 5575 li.

2009 5611 2264 5687 quidam
2299 5610 2792 5687 deprehenderet.
2847 5615 2918 5671 Ut
2967 5627 3111 5683 ergo
3164 5610 3454 5687 comperit
3506 5611 3663 5669 ﬁlias
