4048 6178
381 187 474 240 iiii

1471 185 1827 242 BRBNARDI
1870 179 2323 239 SCHOIASTICI
2367 180 2719 236 ANDEGAV.

3712 180 3823 232 £52

381 324 525 364 suas
550 308 711 365 claro
742 309 1123 365 matrimonio
1163 309 1458 383 nupsisse,
1486 325 1843 380 generorum
1872 306 2039 381 petiit
2065 309 2111 360 Α
2152 304 2305 360 inter
2333 303 2616 360 humeros
2645 302 3072 360 violentissime
3100 301 3388 359 revincire
3419 300 3572 357 fecit.
3599 301 3825 374 Sicque

381 397 731 468 genitorem,
782 412 961 453 casus
1013 404 1236 466 narrat,
1283 399 1486 454 uxoris
1537 414 1760 455 noxam
1798 395 2037 466 detegit.

383 490 580 553 Porro,
626 489 793 555 llugo
865 486 1211 543 Excafridus
1254 486 1522 542 fidelium
1587 486 2042 557 amicorumque

379 574 620 640 auxilio,
653 574 1002 643 liberorum,
1056 592 1402 632 socerorum
1432 576 1873 649 antiquumque
1898 570 2043 628 ami-

380 681 518 721 eum
552 663 748 737 (pulso
779 680 920 720 mox
950 665 1143 736 rivali)
1175 664 1234 721 in
1263 665 1557 721 honorem
1590 662 1856 721 restituit.
1888 664 2044 717 Prae-

382 759 540 810 terea
593 754 899 809 decretum
958 759 1046 810 est
1102 755 1186 811 uti
1250 755 1573 824 conjugem
1612 753 1902 827 recipiat;
1962 750 2046 807 sic

380 838 538 894 enim
572 857 746 913 posse
764 841 890 896 fieri
906 842 1079 910 juxta
1101 843 1404 913 majorum
1434 842 1719 908 instituta,
1743 856 1853 896 nec
1882 854 2048 913 pror-

375 941 488 981 sus
516 927 703 984 ullum
736 944 871 984 esse
891 929 1153 985 dedecus
1177 950 1190 985 :
1243 946 1386 986 nam
1412 930 1508 986 ille
1537 929 1641 1003 qui
1680 929 1839 985 hanc
1867 926 2051 984 habe-

382 1015 507 1084 bat,
542 1016 720 1072 simul
746 1034 815 1073 ac
844 1017 1088 1074 vidisset
1127 1034 1449 1075 commune
1480 1018 1589 1074 sibi
1606 1017 1902 1089 judicium
1955 1016 2047 1072 in-

383 1105 686 1171 cumbere,
721 1110 977 1161 cesserat
1002 1107 1165 1175 justo
1210 1110 1513 1179 rectoque,
1540 1106 1803 1162 alienum
1828 1105 1927 1176 jus
1951 1104 2051 1161 de-

382 1210 574 1249 serere
605 1198 866 1267 paratus.
893 1194 1051 1250 Alter
1080 1199 1279 1251 tamen
1302 1211 1413 1268 pro
1438 1200 1581 1251 nota
1610 1194 1927 1251 homicidae
1948 1211 2050 1250 vo-

383 1283 646 1349 luntatis,
682 1283 877 1355 ipsam
907 1282 986 1338 ab
1013 1283 1217 1339 animo
1247 1285 1493 1358 respuit,
1522 1300 1768 1358 prorsus
1789 1284 1885 1340 cui
1910 1299 2048 1357 pra-

383 1387 457 1426 va
484 1371 847 1427 conscientia
875 1372 1075 1443 majus
1108 1373 1327 1429 vulnus
1380 1374 1671 1430 intulisset
1692 1391 1877 1449 quam
1918 1390 2048 1431 cor-

385 1476 584 1535 poreze
614 1460 898 1516 castitatis
930 1460 1188 1518 violatio.
1223 1466 1291 1519 Ut
1317 1467 1515 1519 autem
1548 1463 1607 1518 in
1640 1463 2050 1536 superioribus

385 1548 595 1620 paucis
624 1548 963 1622 suppleam,
996 1550 1227 1607 addunt
1256 1551 1436 1608 etiam
1466 1552 1632 1608 illum
1664 1569 1701 1608 a
1730 1552 1939 1624 primis
1957 1552 2048 1625 pi-

2151 393 2357 450 subter
2384 394 2635 450 ascellas
2654 391 3074 466 regyrantibus
3101 391 3512 463 ligaminibus,
3544 395 3824 447 ventrem

2150 482 2348 539 crudis
2364 483 2539 539 nodis
2556 481 2868 550 coarctari,
2895 480 3048 537 adeo
3071 485 3136 537 ut
3156 480 3345 553 ipsius
3369 480 3655 536 inauditae
3677 495 3829 536 con-

2150 569 2423 628 nexionis
2447 570 2633 628 modo
2662 570 2745 627 sic
2788 570 2969 626 miser
2997 568 3352 626 constrictus
3396 568 3825 634 sufi‘ocaretur,

2152 664 2218 717 ut
2246 660 2541 717 anhelitus
2572 658 2777 732 gracili
2808 657 3107 732 spiraculo
3136 658 3230 714 vix
3262 657 3374 715 sibi
3402 657 3708 715 sufﬁceret
3736 658 3828 714 vi-

2154 752 2234 806 ta.
2257 750 2361 804 Clll
2386 748 2467 805 ita
2495 748 2556 804 in
2610 747 2873 805 solitario
2926 746 3198 803 conclavi
3227 746 3434 803 clauso
3488 746 3829 804 duodecim

2151 838 2459 895 laneeatos
2489 838 2670 905 viros,
2702 853 2857 910 quos
2883 852 3054 911 aeque
3092 852 3332 893 vesanae
3363 837 3578 893 mentis
3609 852 3830 911 exper-

2154 933 2251 985 tus
2278 932 2424 998 erat,
2450 927 2738 984 instanter
2762 930 2957 983 astare
2990 926 3181 999 jubet.
3229 926 3339 993 Qui
3378 925 3424 982 si
3457 926 3735 983 viderent
3757 926 3830 982 il-

2153 1016 2281 1073 lum
2311 1015 2512 1073 divina
2542 1015 2689 1073 solvi
2718 1015 2952 1084 virtute,
3005 1015 3183 1085 illico,
3232 1031 3307 1071 ne
3350 1014 3524 1072 vivus
3552 1016 3831 1073 evasisse

2156 1105 2526 1178 gloriaretur,
2548 1120 2760 1162 omnes
2786 1120 2909 1162 uno
2961 1105 3081 1162 ictu
3107 1104 3327 1179 pariter
3368 1104 3831 1162 transverbera-

2155 1201 2286 1253 tum
2314 1195 2759 1252 obtruncarent.
2792 1197 2866 1251 At
2904 1200 3041 1269 post
3077 1194 3388 1251 modicum
3435 1194 3832 1253 intervallum

2155 1285 2253 1342 ille
2281 1284 2605 1342 miserabili
2657 1284 2931 1341 addictus
2961 1284 3259 1357 angustia,
3309 1285 3529 1352 sitiens,
3577 1284 3831 1342 difﬁcile

2155 1374 2357 1431 verbis
2382 1373 2445 1430 id
2475 1374 2805 1448 exprimere
2832 1375 3045 1449 potuit,
3074 1378 3245 1432 tanta
3296 1373 3676 1431 vinculorum
3708 1375 3831 1432 du-

2156 1463 2289 1520 ritia
2317 1462 2634 1533 organales
2662 1462 2847 1519 fibras
2875 1463 3435 1521 obstruxerat.’l‘unc
3461 1479 3645 1532 unus,
3663 1481 3832 1538 quos

2156 1552 2300 1623 dixi,
2343 1551 2662 1609 satellitum
2686 1552 2867 1627 petita
2917 1569 3079 1626 aqua
3121 1569 3261 1609 eum
3316 1552 3681 1626 deprimeret
3699 1550 3831 1607 illa-

354 1638 526 1692 *ratis
555 1637 862 1711 potionem
913 1640 1115 1697 berbte
1164 1645 1464 1713 potentem
1518 1641 1937 1715 assumpsisse,
1994 1646 2053 1700 et
2077 1654 2120 1713 Β
2157 1646 2407 1716 queatos
2433 1641 2547 1699 sub
2577 1646 2811 1713 gutture
2841 1642 3093 1713 cubitos,
3118 1646 3184 1698 ut
3212 1641 3412 1699 laxato
3442 1646 3648 1698 mento
3674 1641 3832 1696 hau-

386 1728 466 1783 ita
487 1728 740 1801 magicis
787 1731 1360 1802 prlecantationibus
1394 1736 1637 1805 tactam,
1678 1738 1739 1789 ut
1771 1733 1955 1791 semel
1975 1750 2049 1791 ex

386 1833 458 1872 ea
487 1816 762 1873 bibentes
793 1817 945 1874 adeo
984 1818 1180 1875 letbea
1217 1820 1514 1878 oblivione
1566 1822 1939 1894 hebetentur,
1986 1828 2050 1880 ut

386 1922 496 1961 nec
525 1921 716 1974 genus
753 1905 909 1962 ultra
960 1923 1069 1963 nec
1121 1907 1375 1965 domum
1401 1910 1749 1968 meminisse
1794 1912 2044 1986 possint.

388 1995 526 2050 Dein
554 2009 818 2067 superna
870 1996 983 2053 sibi
1015 1997 1685 2067 miscrationefsanctam
1718 2001 1919 2058 Fidem
1948 2018 2051 2077 ap-

384 2083 757 2156 paruisse,et
782 2101 818 2141 a
842 2090 1083 2159 stupore
1112 2086 1270 2143 illius
1291 2088 1493 2146 oblivii
1523 2090 1835 2159 excitasse,
1869 2097 2048 2167 aulue

380 2173 443 2228 in
474 2178 739 2229 mentem
796 2190 1129 2246 revocasse,
1170 2182 1228 2233 et
1267 2181 1469 2235 tamen
1501 2184 1641 2252 post
1685 2179 1788 2236 illa
1817 2196 2046 2238 memo-

380 2262 534 2319 riam
560 2262 848 2319 habuisse
870 2264 1193 2322 tardiorem
1224 2284 1237 2323 :
1269 2267 1628 2340 disponente
1658 2270 1777 2326 Deo
1807 2270 2045 2339 scilicet,

383 2354 465 2415 ut,
499 2350 761 2424 antiqme
781 2353 1171 2425 correptionis
1201 2355 1462 2425 vestigiis
1490 2356 1691 2413 adhuc
1728 2357 2047 2416 testifican-

380 2439 563 2509 tibus,
616 2440 996 2513 perpendant
1038 2442 1134 2499 alii
1166 2444 1406 2518 quantis
1450 2444 1525 2501 de
1557 2445 1730 2503 malis
1767 2463 1907 2506 eum
1931 2450 2048 2507 Do-

382 2528 585 2585 minus
612 2528 952 2587 absolverit.

1018 2622 1246 2679 CAPUT
1282 2625 1414 2681 XIV.

382 2708 470 2764 De
500 2709 821 2778 peregrino
846 2715 1023 2779 capto
1047 2717 1101 2766 et
1141 2712 1469 2785 vinculato,
1495 2716 1803 2790 subitoque
1825 2723 2049 2776 sancta

852 2799 1021 2855 Fictis
1048 2802 1282 2858 auxilio
1312 2802 1582 2862 liberato.

454 2884 751 2953 Peregrini
771 2886 1045 2958 quidam,
1086 2890 1516 2949 Lemovicensis
1544 2893 1688 2967 pagi
1726 2895 2045 2970 indigenae,

383 2971 672 3028 abeuntes
702 2973 783 3030 ad
835 2976 1112 3033 Sanctam
1146 2977 1372 3051 Fidem,
1403 2981 1759 3042 transierant
1806 2991 2051 3060 propter

383 3060 693 3150 castellum
725 3062 970 3135 Oebalii,
1000 3067 1168 3139 quod
1210 3068 1426 3127 dicitur
1469 3075 1738 3131 Torenna
1769 3093 1782 3132 :
1826 3076 2047 3150 quibus

382 3148 531 3204 forte
562 3149 669 3206 fuit
699 3150 915 3208 obvius
961 3154 1209 3227 quidam
1268 3158 1540 3228 ejusdem
1592 3163 1799 3237 oppidi
1846 3148 2046 3223 inuni-

380 3252 543 3310 ceps,
571 3255 780 3296 eorum
811 3240 1111 3312 inimicus,
1144 3247 1387 3305 nomine
1408 3250 1732 3308 Gosbertus
1762 3254 2045 3323 ;clericus

378 3326 625 3399 quidem
657 3329 785 3386 solo
812 3334 1191 3403 cognomine,
1225 3337 1330 3393 sed
1357 3343 1492 3395 actu
1520 3343 1788 3398 terrenus
1824 3343 1993 3401 miles
2029 3364 2043 3411 ;

377 3416 481 3487 qui
514 3417 714 3473 statim
743 3418 986 3477 inventa
1006 3439 1211 3489 causa,
1236 3426 1462 3496 redegit
1490 3445 1702 3486 omnes
1739 3430 1799 3488 in
1825 3432 2048 3506 captio-

377 3518 540 3560 nem.
558 3507 833 3595 _Domnus
863 3508 1140 3567 Oebalius
1170 3513 1317 3570 forte
1338 3514 1586 3587 abierat,
1618 3519 1791 3590 cujus
1821 3518 2045 3595 eonjux

378 3595 520 3685 tunc
547 3592 681 3685 (sed
707 3610 850 3685 mox
879 3612 988 3669 per
1022 3599 1343 3659 divortium
1401 3603 1481 3661 ab
1534 3607 1747 3664 eodem
1787 3592 2043 3685 deserta)

377 3679 609 3736 domna
630 3682 884 3750 Beatrix,
929 3686 1045 3744 hoc
1076 3690 1281 3748 audito
1305 3694 1557 3752 mandat
1586 3697 1753 3754 militi
1791 3705 1876 3769 ut,
1910 3702 1960 3758 si
1981 3679 2044 3759 se

378 3783 650 3841 unquam
680 3772 821 3828 velit
869 3774 1090 3833 habere
1138 3778 1515 3852 benevolum,
1550 3784 1804 3845 Romeos
1842 3788 2042 3849 statim

376 3857 541 3915 abire
574 3860 753 3953 sinat,
790 3880 919 3953 nec
968 3882 1213 3940 prorsus
1244 3872 1421 3930 unius
1467 3875 1630 3933 horze
1670 3878 1862 3953 spatio
1887 3881 2043 3941 intra

376 3953 545 4020 septa
574 3951 886 4028 municipii
916 3954 1178 4016 detineat
1233 3966 1492 4020 coactos.
1523 3951 1720 4023 Atille
1765 3985 1888 4027 non
1933 3987 2040 4035 au-

373 4035 617 4135 dens-ex
644 4044 767 4098 toto
791 4043 1053 4102 dominae
1107 4049 1410 4108 mandatis
1447 4055 1741 4114 contraire
1774 4071 1787 4113 :
1847 4083 1873 4109 «
1904 4038 2040 4135 Hos,

373 4124 589 4216 inquit,
613 4143 724 4216 pro
752 4131 1004 4205 imperio
1031 4134 1296 4194 dominae
1320 4139 1637 4216 dimittam,
1669 4152 1897 4206 retento
1926 4124 2041 4209 hoc

376 4210 504 4310 solo
532 4214 805 4310 inihi
833 4218 1178 4290 injuriosior
1196 4228 1431 4298 exstitit,
1459 4210 1643 4304 quem
1672 4235 2039 4310 impunitum

375 4298 539 4394 abire
568 4301 807 4363 difﬁcile
852 4313 959 4365 est.
993 4311 1161 4377 Quod
1196 4314 1247 4371 si
1274 4315 1355 4375 ita
1385 4298 1501 4377 sibi
1526 4336 1647 4380 non
1675 4298 1911 4394 sufﬁcit,
1938 4342 2043 4388 no.

371 4388 520 4485 verit
548 4406 673 4449 non
696 4393 1149 4468 impetraturam
1161 4406 1331 4477 quod
1351 4408 1529 4466 etiam
1552 4427 1661 4485 pro
1678 4421 1886 4474 sancta
1900 4388 2037 4477 l-‘ide

371 4483 568 4578 certus
599 4497 1072 4578 sumnunquam
1114 4508 1211 4551 me
1259 4483 1579 4561 facturum.
1615 4524 1643 4552 ››
1668 4506 1735 4561 Et
1790 4505 1891 4578 ita,
1946 4508 2037 4566 di-

369 4567 587 4670 missis.
640 4573 889 4670 creteris,
951 4576 1118 4637 illum
1166 4599 1359 4642 unum
1417 4588 1587 4660 jubet
1641 4567 2037 4670 compedibus

367 4658 716 4757 constringi,
775 4679 930 4757 quos
987 4670 1209 4728 rustica
1258 4658 1467 4746 lingua
1516 4677 1733 4738 bodias
1782 4658 2032 4757 'vocat;

365 4749 825 4845 quorumuclavi,
858 4756 1130 4814 martello
1176 4760 1401 4820 duriter
1445 4766 1648 4826 obtusi
1672 4772 1777 4845 ειιι
1802 4749 2039 4833 ίιιθχιτίᾷ

364 4832 707 4938 rabilis-illa
728 4839 896 4938 fieret
943 4849 1260 4923 connexio,
1292 4852 1448 4910 ultro
1477 4832 1856 4933 franguntur,
1889 4863 2035 4938 ipsis

364 4924 550 5019 etiam
562 4925 891 5019 frustratim
923 4938 1321 5010 compedibus
1378 4924 1819 5019 conquassatis.
1842 4924 2033 5011 'Deni-

359 5024 476 5107 que
494 5013 694 5107 alteris
719 5022 1116 5096 compedibus
1135 5033 1349 5088 mutuo
1375 5013 1570 5107 petitis
1590 5037 1796 5096 itidem
1830 5047 2031 5103 actum

358 5102 463 5203 est.
494 5103 574 5159 De
608 5107 824 5203 tertiis
866 5125 1112 5187 quoque
1149 5102 1397 5177 eadem-
1408 5124 1645 5195 jactura
1698 5128 1933 5203 accidit,
1974 5102 2033 5193 et

359 5189 575 5296 fit-is
608 5195 696 5296 Ut“
726 5197 1173 5296 vitlem-sancta
1227 5189 1582 5285 Fidesv(nisi
1630 5221 1765 5274 astu
1820 5189 2029 5296 caveol

358 5291 568 5380 meum
593 5282 740 5340 mihi
791 5286 1104 5351 inimicum
1130 5296 1191 5353 vi
1241 5282 1470 5360 auferet
1500 5320 1515 5360 :
1545 5320 1756 5363 verum
1788 5282 2028 5371 annitar

350 5378 464 5467 ego
489 5371 570 5426 uti
597 5386 692 5429 res
715 5390 891 5467 secus
923 5394 1113 5453 quam
1161 5391 1439 5449 autumat
1481 5395 1673 5467 possit
1696 5397 1953 5457 evenire.
1991 5425 2022 5452 »

348 5455 509 5553 :I‘unc
536 5474 675 5518 vero
694 5464 871 5523 arctis
900 5470 1269 5535 chordarum
1310 5455 1724 5541 voluminibus
1779 5455 2018 5547 lacertis

343 5559 405 5600 in
427 5561 664 5647 crucem
691 5560 831 5647 ante
859 5564 1070 5632 pectus
1098 5567 1454 5642 constrictis,
1477 5575 1766 5647 posthaec
1797 5580 2021 5635 utram-

340 5648 459 5705 que
491 5639 759 5709 palmam
781 5645 942 5705 circa
968 5650 1194 5712 collum
1212 5639 1533 5735 utrobique
1559 5663 2013 5737 circumactam,

2159 1736 2318 1788 stum
2345 1730 2434 1788 ori
2465 1731 2594 1803 ejus
2627 1735 2833 1805 aptare
2861 1736 3085 1806 posset,
3111 1731 3210 1788 illa
3235 1731 3534 1788 nodorum
3565 1728 3833 1786 difficul-

2161 1823 2249 1876 tas
2282 1836 2410 1877 sese
2434 1819 2691 1877 absolvit
2720 1819 2894 1888 ultro,
2927 1820 3075 1894 ipsis
3122 1824 3357 1877 tantum
3382 1817 3673 1875 resticulis
3705 1818 3833 1875 lue-

2158 1908 2425 1966 rentibus
2450 1909 2711 1966 brachiis
2755 1910 2898 1984 ipsis
2946 1908 3168 1984 quibus
3220 1909 3455 1967 fuerant
3504 1907 3828 1983 appositae.

2160 2002 2289 2072 Ipse
2320 2014 2481 2072 vero,
2531 1997 2790 2056 sentiens
2848 2015 2911 2055 se
2965 1998 3247 2055 divinitus
3307 1997 3594 2063 solutum,
3641 1996 3833 2070 cmpit

2157 2087 2316 2144 illinc
2346 2092 2747 2162 prastrenuus
2793 2088 3073 2160 effugere.
3109 2089 3179 2144 At
3220 2086 3301 2144 illi
3343 2086 3541 2144 statim
3572 2104 3643 2143 ex
3671 2102 3835 2160 prae-

2159 2181 2330 2250 cepto
2362 2175 2609 2234 senioris
2636 2176 2836 2251 ipsum
2867 2175 3261 2235 mucronibus
3304 2175 3504 2234 adorsi
3541 2175 3834 2232 confede-

2159 2282 2243 2337 re,
2275 2270 2441 2323 tanta
2469 2265 2754 2323 continuo
2797 2265 3011 2323 divinm
3055 2265 3283 2323 virtutis
3337 2265 3393 2321 vi
3437 2264 3705 2322 obstricti
3762 2264 3831 2321 in

2156 2354 2292 2413 loco
2310 2354 2560 2425 haesere,
2588 2360 2653 2413 ut
2678 2371 2789 2413 nec
2817 2356 3047 2413 moveri
3068 2355 3316 2430 quidem
3341 2356 3666 2429 quisquam
3720 2371 3831 2412 eo-

2157 2461 2294 2502 rum
2321 2450 2543 2519 posset,
2560 2461 2671 2502 nec
2700 2445 2937 2521 penitus
2965 2445 3149 2503 verba
3177 2443 3256 2502 ad
3283 2442 3630 2502 alterutrum
3651 2443 3827 2501 dare.

2160 2535 2375 2608 Sicque
2401 2540 2645 2609 repente
2695 2534 2944 2606 angelus
2975 2534 3207 2591 Domini
3239 2533 3561 2590 coarctavit
3598 2549 3726 2605 eos,
3760 2539 3833 2590 ut

2159 2641 2229 2683 ac
2270 2624 2319 2682 si
2372 2625 2609 2699 lapidea
2664 2625 2947 2683 simulcra
2989 2625 3327 2683 immobiles
3373 2631 3827 2699 permanerent.

2161 2717 2323 2771 Unus
2370 2714 2810 2783 tantummodo,
2857 2714 3008 2772 inter
3049 2714 3455 2773 sutfocationis
3511 2713 3831 2786 angustias

2158 2804 2434 2879 obscena:
2454 2803 2876 2876 iuterjectionis
2903 2804 3059 2861 dans
3083 2804 3404 2876 mugitum,
3432 2820 3572 2861 cum
3601 2803 3831 2876 grandi

2156 2891 2506 2952 difficultate
2561 2892 2622 2951 in
2665 2891 2823 2952 hanc
2864 2907 3076 2952 vocem
3128 2893 3364 2968 erupit:
3428 2917 3456 2945 ‹‹
3494 2894 3614 2951 Vah
3648 2895 3662 2950 ι
3687 2894 3830 2965 jam

2077 3018 2119 3074 ο
2157 2984 2369 3058 pergit.
2390 3009 2420 3074 ν»
2450 2986 2695 3056 Cretera,
2721 2984 2879 3041 ﬁxus
2902 2983 3308 3058 immotusque
3332 2982 3541 3041 tandiu
3568 2983 3833 3057 perstitit

2156 3074 2361 3149 quoad
2382 3073 2479 3131 ille
2509 3074 2742 3132 alterad
2768 3074 3059 3132 domnam
3104 3074 3431 3131 Beatricem
3481 3074 3827 3145 transfugit,

2157 3164 2260 3237 [ut]
2311 3180 2440 3221 sese
2500 3163 2560 3221 in
2613 3163 2758 3237 fuga
2784 3164 3088 3238 reciperet.
3120 3164 3223 3221 Cui
3265 3163 3366 3221 illa
3396 3165 3458 3221 in
3491 3164 3830 3222 crastinum

2153 3252 2338 3309 duces
2362 3251 2679 3326 delegavit,
2705 3253 2980 3327 quandiu
3006 3252 3158 3311 ﬁnes
3180 3252 3406 3311 castelli
3444 3253 3619 3324 longe
3643 3269 3830 3311 exce-

2154 3341 2337 3413 deret,
2370 3346 2685 3416 tutumque
2710 3342 2818 3400 iter
2866 3348 3172 3418 carperet;
3205 3343 3297 3400 cui
3323 3349 3451 3402 erat
3479 3346 3681 3401 Petrus
3710 3361 3829 3401 vo-

2155 3430 2462 3488 cabulum.
2497 3431 2762 3506 Denique
2812 3448 2949 3489 cum
3000 3432 3175 3491 sociis
3218 3432 3295 3489 ad
3337 3434 3608 3490 Conchas
3638 3433 3826 3490 attin-

2153 3530 2319 3588 gens,
2346 3523 2403 3578 et
2431 3536 2541 3595 pro
2593 3519 2967 3579 absolutione
3008 3539 3118 3580 sua
3144 3528 3338 3595 grates
3367 3522 3514 3581 inibi
3562 3523 3827 3581 Domino

2152 3609 2519 3681 persolvens,
2546 3616 2683 3685 post
2711 3610 2850 3668 inde
2892 3612 3062 3669 laetus
3110 3611 3297 3670 estad
3329 3612 3574 3688 propria
3620 3629 3827 3669 rever-

2128 3713 2273 3769 sus,
2304 3698 2691 3771 ligaminibus
2728 3701 2942 3759 relictis
2996 3702 3056 3760 in
3098 3703 3500 3760 testimonium
3564 3702 3824 3775 virtutis,

2149 3800 2286 3862 quas
2314 3790 2680 3848 remansisse
2708 3791 2831 3849 dixi
2875 3792 3027 3849 laxis
3080 3792 3255 3850 nodis
3284 3793 3608 3868 pendentia
3674 3792 3826 3849 bra-

2152 3872 2318 3931 chiis.
2352 3876 2528 3932 Anno
2557 3874 2678 3932 fere
2705 3881 2762 3933 et
2809 3874 3061 3935 dimidio
3081 3882 3222 3952 post
3242 3878 3576 3935 secundum
3605 3893 3645 3934 a
3666 3878 3827 3935 Con-

2150 3962 2277 4020 chis
2306 3965 2730 4037 reversionem,
2777 3966 2991 4023 accidit
3019 3967 3163 4024 mihi
3196 3973 3356 4025 certo
3380 3967 3621 4040 negotio
3642 3968 3823 4026 dom-

2149 4049 2211 4108 ni
2256 4052 2526 4111 Willelmi
2556 4054 2932 4113 Pictavorum
2973 4056 3207 4112 comitis
3250 4055 3413 4113 adire
3449 4055 3706 4124 curiam,
3758 4057 3821 4113 in

2148 4136 2273 4214 qua
2297 4159 2433 4200 cum
2463 4142 2754 4203 domnam
2781 4146 3108 4203 Beatricem
3136 4145 3402 4216 viderim,
3433 4161 3469 4202 a
3523 4145 3825 4203 Ricaredo

2150 4230 2329 4289 fratre
2351 4250 2464 4290 suo
2504 4235 3076 4306 Rothomagensium
3124 4236 3340 4293 comite
3368 4235 3483 4292 illic
3532 4236 3821 4305 missam,

2149 4320 2425 4379 ardenter
2448 4323 2578 4393 ejus
2604 4322 2970 4398 colloquium
3022 4340 3364 4397 aggressus,
3402 4324 3558 4381 illico
3587 4325 3826 4395 recogi-

2149 4415 2272 4468 tarc
2302 4412 2456 4487 ccepi
2483 4427 2663 4488 super
2686 4414 2801 4471 hoc
2848 4415 3179 4473 miraculo:
3232 4416 3406 4487 cujus
3446 4415 3650 4483 verba,
3704 4433 3825 4489 per

2147 4505 2353 4560 omnia
2372 4504 2813 4562 monachorum
2842 4505 3360 4563 Conchacensium
3390 4504 3630 4579 [verbis]
3670 4521 3825 4562 con-

2145 4591 2478 4661 cordantia,
2510 4610 2639 4651 esse
2695 4598 2972 4668 poterant
3000 4594 3315 4669 probabile
3359 4597 3820 4665 argumentum,

2145 4680 2194 4737 si
2222 4681 2358 4756 quis
2386 4682 2685 4741 dubitaret
2735 4683 2794 4741 in
2855 4684 2983 4742 aliis
3031 4684 3211 4742 etiam
3270 4682 3417 4740 mihi
3470 4681 3548 4740 ab
3578 4681 3825 4740 eisdem

2143 4773 2415 4832 narratis.

2780 4865 3010 4923 CAPUT
3045 4868 3152 4924 XV.

2496 4955 2584 5013 De
2614 4954 3056 5013 adolescentulo
3082 4959 3453 5014 resuscitato.

2211 5045 2310 5102 His
2334 5059 2478 5116 ergo
2519 5043 2600 5101 ita
2639 5044 2930 5101 hactenus
2976 5044 3153 5101 veluti
3180 5045 3259 5102 ad
3308 5044 3424 5101 alia
3462 5043 3830 5102 festinando

2139 5133 2437 5190 succincte
2452 5131 2967 5207 prtelibatis,aliud
2987 5149 3142 5207 pene
3157 5131 3505 5189 incredibile
3526 5133 3828 5203 occurrit,

2137 5224 2326 5293 quod,
2376 5238 2454 5280 ne
2484 5222 2716 5281 silentio
2752 5227 2977 5297 pereat,
3017 5222 3328 5279 vivacibus
3375 5220 3833 5280 commendare

2138 5312 2481 5370 studuimus
2513 5312 2831 5370 sehedulis.
2863 5311 3289 5370 Ultraclusanaa
3317 5310 3502 5383 vulgo
3528 5309 3833 5368 dicuntur

2134 5407 2362 5475 partes,
2380 5402 2490 5459 ubi
2527 5401 2651 5459 duo
2700 5400 3005 5473 conjugali
3050 5400 3273 5458 foedere
3312 5399 3540 5469 sociati,
3575 5397 3825 5472 absque

2134 5490 2411 5548 soboinm
2442 5490 2805 5549 fecunditate
2860 5490 3085 5547 diutius
3118 5492 3477 5547 manserunt
3528 5486 3765 5544 steriles
3802 5508 3824 5560 ;

2131 5579 2414 5652 quiinitio
2434 5579 2687 5638 consilio
2708 5579 2787 5637 ad
2819 5582 3040 5636 sancta:
3064 5578 3311 5650 virginis
3322 5574 3821 5652 propitiatorium

2122 5668 2510 5759 accedentes,
2533 5685 2679 5733 mox
2698 5674 2757 5729 ut
2776 5668 3033 5743 peractis
3052 5667 3205 5726 votis
3227 5666 3416 5725 redux
3444 5670 3834 5741 peregerunt
