  <div class='ocr_page' id='page_1' title='image "/cluster/home/n/w/nwhite01/storage/ocr_20150623/141/hvd.32044054760012/082.png"; bbox 0 0 4048 6178; ppageno 0'>
   <div class='ocr_carea' id='block_1_1' title="bbox 248 143 367 197">
    <p class='ocr_par' dir='ltr' id='par_1_1' title="bbox 248 143 367 197">
     <span class='ocr_line' id='line_1_1' title="bbox 248 143 367 197; baseline -0.008 0"><span class='ocrx_word' id='word_1_1' title='bbox 248 143 367 197; x_wconf 75' lang='grc'>153</span> 
     </span>
    </p>
   </div>
   <div class='ocr_carea' id='block_1_2' title="bbox 1342 134 2755 201">
    <p class='ocr_par' dir='ltr' id='par_1_2' title="bbox 1342 134 2755 201">
     <span class='ocr_line' id='line_1_2' title="bbox 1342 134 2755 201; baseline -0.001 -1"><span class='ocrx_word' id='word_1_2' title='bbox 1342 145 1474 201; x_wconf 84' lang='lat' dir='ltr'>LIB.</span> <span class='ocrx_word' id='word_1_3' title='bbox 1523 143 1612 199; x_wconf 87' lang='lat' dir='ltr'><strong>DE</strong></span> <span class='ocrx_word' id='word_1_4' title='bbox 1666 137 2051 198; x_wconf 78' lang='lat' dir='ltr'>MIRACULIS</span> <span class='ocrx_word' id='word_1_5' title='bbox 2114 137 2416 195; x_wconf 66' lang='lat' dir='ltr'>SANCTIE</span> <span class='ocrx_word' id='word_1_6' title='bbox 2470 143 2671 199; x_wconf 83' lang='lat' dir='ltr'>FlDIS.</span> <span class='ocrx_word' id='word_1_7' title='bbox 2752 134 2755 135; x_wconf 15' lang='grc' dir='ltr'><em>ν</em></span> 
     </span>
    </p>
   </div>
   <div class='ocr_carea' id='block_1_3' title="bbox 3627 155 3730 208">
    <p class='ocr_par' dir='ltr' id='par_1_3' title="bbox 3627 155 3730 208">
     <span class='ocr_line' id='line_1_3' title="bbox 3627 155 3730 208; baseline 0 0"><span class='ocrx_word' id='word_1_8' title='bbox 3627 155 3730 208; x_wconf 62' lang='grc'>184-</span> 
     </span>
    </p>
   </div>
   <div class='ocr_carea' id='block_1_4' title="bbox 248 262 3727 344">
    <p class='ocr_par' dir='ltr' id='par_1_4' title="bbox 248 262 3727 344">
     <span class='ocr_line' id='line_1_4' title="bbox 248 262 3727 344; baseline 0.002 -20"><span class='ocrx_word' id='word_1_9' title='bbox 248 268 382 336; x_wconf 87' lang='lat' dir='ltr'>iter,</span> <span class='ocrx_word' id='word_1_10' title='bbox 413 263 622 321; x_wconf 85' lang='lat' dir='ltr'>divina</span> <span class='ocrx_word' id='word_1_11' title='bbox 660 262 882 336; x_wconf 81' lang='lat' dir='ltr'>pietate</span> <span class='ocrx_word' id='word_1_12' title='bbox 914 264 1225 323; x_wconf 81' lang='lat' dir='ltr'>muliebris</span> <span class='ocrx_word' id='word_1_13' title='bbox 1276 266 1633 324; x_wconf 87' lang='lat' dir='ltr'>fecundatur</span> <span class='ocrx_word' id='word_1_14' title='bbox 1673 268 1882 321; x_wconf 83' lang='lat' dir='ltr'>venter</span> <span class='ocrx_word' id='word_1_15' title='bbox 1917 282 1931 330; x_wconf 92' lang='lat'><strong>;</strong></span> <span class='ocrx_word' id='word_1_16' title='bbox 1975 263 2025 316; x_wconf 84' lang='grc' dir='ltr'><strong>Α</strong></span> <span class='ocrx_word' id='word_1_17' title='bbox 2054 265 2337 319; x_wconf 86' lang='lat' dir='ltr'>nostrum</span> <span class='ocrx_word' id='word_1_18' title='bbox 2366 263 2654 322; x_wconf 89' lang='lat' dir='ltr'>relatores</span> <span class='ocrx_word' id='word_1_19' title='bbox 2678 282 2946 341; x_wconf 54' lang='lat' dir='ltr'>persaepe</span> <span class='ocrx_word' id='word_1_20' title='bbox 2968 269 3336 339; x_wconf 81' lang='lat' dir='ltr'>exstiterunt,</span> <span class='ocrx_word' id='word_1_21' title='bbox 3364 287 3628 344; x_wconf 82' lang='lat' dir='ltr'>quorum</span> <span class='ocrx_word' id='word_1_22' title='bbox 3640 290 3727 330; x_wconf 93' lang='lat' dir='ltr'>re-</span> 
     </span>
    </p>
   </div>
   <div class='ocr_carea' id='block_1_5' title="bbox 254 352 1937 428">
    <p class='ocr_par' dir='ltr' id='par_1_5' title="bbox 254 352 1937 428">
     <span class='ocr_line' id='line_1_5' title="bbox 254 352 1937 428; baseline -0.003 -15"><span class='ocrx_word' id='word_1_23' title='bbox 254 355 466 428; x_wconf 88' lang='lat' dir='ltr'>sicque</span> <span class='ocrx_word' id='word_1_24' title='bbox 483 352 548 410; x_wconf 91' lang='lat' dir='ltr'>in</span> <span class='ocrx_word' id='word_1_25' title='bbox 577 356 825 426; x_wconf 90' lang='lat' dir='ltr'>partum</span> <span class='ocrx_word' id='word_1_26' title='bbox 867 353 1191 426; x_wconf 87' lang='lat' dir='ltr'>resolutus,</span> <span class='ocrx_word' id='word_1_27' title='bbox 1242 357 1582 413; x_wconf 87' lang='lat' dir='ltr'>masculam</span> <span class='ocrx_word' id='word_1_28' title='bbox 1641 355 1704 410; x_wconf 90' lang='lat' dir='ltr'>in</span> <span class='ocrx_word' id='word_1_29' title='bbox 1732 354 1937 410; x_wconf 87' lang='lat' dir='ltr'>lucem</span> 
     </span>
    </p>
   </div>
   <div class='ocr_carea' id='block_1_6' title="bbox 252 442 1941 518">
    <p class='ocr_par' dir='ltr' id='par_1_6' title="bbox 252 442 1941 518">
     <span class='ocr_line' id='line_1_6' title="bbox 252 442 1941 518; baseline -0.003 -15"><span class='ocrx_word' id='word_1_30' title='bbox 252 443 467 503; x_wconf 79' lang='lat' dir='ltr'>effudit</span> <span class='ocrx_word' id='word_1_31' title='bbox 492 442 750 516; x_wconf 86' lang='lat' dir='ltr'>prolem.</span> <span class='ocrx_word' id='word_1_32' title='bbox 785 442 900 509; x_wconf 92' lang='lat' dir='ltr'>Qui</span> <span class='ocrx_word' id='word_1_33' title='bbox 939 443 1102 501; x_wconf 81' lang='lat' dir='ltr'>ﬁlius</span> <span class='ocrx_word' id='word_1_34' title='bbox 1130 446 1242 503; x_wconf 84' lang='lat' dir='ltr'>tria</span> <span class='ocrx_word' id='word_1_35' title='bbox 1269 447 1414 517; x_wconf 88' lang='lat' dir='ltr'>fere,</span> <span class='ocrx_word' id='word_1_36' title='bbox 1474 451 1539 503; x_wconf 91' lang='lat' dir='ltr'>ut</span> <span class='ocrx_word' id='word_1_37' title='bbox 1582 444 1941 518; x_wconf 82' lang='lat' dir='ltr'>putabatur,</span> 
     </span>
    </p>
   </div>
   <div class='ocr_carea' id='block_1_7' title="bbox 250 530 1945 610">
    <p class='ocr_par' dir='ltr' id='par_1_7' title="bbox 250 530 1945 610">
     <span class='ocr_line' id='line_1_7' title="bbox 250 530 1945 610; baseline -0.004 -17"><span class='ocrx_word' id='word_1_38' title='bbox 250 535 443 593; x_wconf 86' lang='lat' dir='ltr'>lustra</span> <span class='ocrx_word' id='word_1_39' title='bbox 473 547 715 604; x_wconf 77' lang='lat' dir='ltr'>gerens,</span> <span class='ocrx_word' id='word_1_40' title='bbox 753 530 965 590; x_wconf 83' lang='lat' dir='ltr'>invida</span> <span class='ocrx_word' id='word_1_41' title='bbox 993 538 1185 591; x_wconf 89' lang='lat' dir='ltr'>morte</span> <span class='ocrx_word' id='word_1_42' title='bbox 1215 536 1593 610; x_wconf 89' lang='lat' dir='ltr'>anticipatur,</span> <span class='ocrx_word' id='word_1_43' title='bbox 1644 538 1824 605; x_wconf 88' lang='lat' dir='ltr'>atque</span> <span class='ocrx_word' id='word_1_44' title='bbox 1855 530 1945 587; x_wconf 89' lang='lat' dir='ltr'>ad</span> 
     </span>
    </p>
   </div>
   <div class='ocr_carea' id='block_1_8' title="bbox 252 620 1942 699">
    <p class='ocr_par' dir='ltr' id='par_1_8' title="bbox 252 620 1942 699">
     <span class='ocr_line' id='line_1_8' title="bbox 252 620 1942 699; baseline -0.004 -18"><span class='ocrx_word' id='word_1_45' title='bbox 252 628 598 681; x_wconf 79' lang='lat' dir='ltr'>extremum</span> <span class='ocrx_word' id='word_1_46' title='bbox 617 620 756 677; x_wconf 67' lang='lat' dir='ltr'>vita:</span> <span class='ocrx_word' id='word_1_47' title='bbox 810 622 1209 680; x_wconf 69' lang='lat' dir='ltr'>maerentibus</span> <span class='ocrx_word' id='word_1_48' title='bbox 1254 624 1605 699; x_wconf 90' lang='lat' dir='ltr'>parentibus</span> <span class='ocrx_word' id='word_1_49' title='bbox 1649 621 1942 687; x_wconf 84' lang='lat' dir='ltr'>sortitur;</span> 
     </span>
    </p>
   </div>
   <div class='ocr_carea' id='block_1_9' title="bbox 250 707 1947 787">
    <p class='ocr_par' dir='ltr' id='par_1_9' title="bbox 250 707 1947 787">
     <span class='ocr_line' id='line_1_9' title="bbox 250 707 1947 787; baseline -0.003 -18"><span class='ocrx_word' id='word_1_50' title='bbox 250 712 359 787; x_wconf 88' lang='lat' dir='ltr'>qui</span> <span class='ocrx_word' id='word_1_51' title='bbox 387 716 454 768; x_wconf 90' lang='lat' dir='ltr'>ut</span> <span class='ocrx_word' id='word_1_52' title='bbox 484 710 756 767; x_wconf 78' lang='lat' dir='ltr'>defuncti</span> <span class='ocrx_word' id='word_1_53' title='bbox 780 710 912 767; x_wconf 91' lang='lat' dir='ltr'>nati</span> <span class='ocrx_word' id='word_1_54' title='bbox 941 712 1169 769; x_wconf 83' lang='lat' dir='ltr'>exitum</span> <span class='ocrx_word' id='word_1_55' title='bbox 1197 714 1494 782; x_wconf 87' lang='lat' dir='ltr'>viderunt,</span> <span class='ocrx_word' id='word_1_56' title='bbox 1538 715 1810 769; x_wconf 87' lang='lat' dir='ltr'>sanctam</span> <span class='ocrx_word' id='word_1_57' title='bbox 1842 707 1947 765; x_wconf 86' lang='lat' dir='ltr'>Fi-</span> 
     </span>
    </p>
   </div>
   <div class='ocr_carea' id='block_1_10' title="bbox 249 799 1947 876">
    <p class='ocr_par' dir='ltr' id='par_1_10' title="bbox 249 799 1947 876">
     <span class='ocr_line' id='line_1_10' title="bbox 249 799 1947 876; baseline -0.004 -17"><span class='ocrx_word' id='word_1_58' title='bbox 249 802 397 859; x_wconf 88' lang='lat' dir='ltr'>dem</span> <span class='ocrx_word' id='word_1_59' title='bbox 420 799 610 857; x_wconf 88' lang='lat' dir='ltr'>variis</span> <span class='ocrx_word' id='word_1_60' title='bbox 658 804 845 872; x_wconf 90' lang='lat' dir='ltr'>atque</span> <span class='ocrx_word' id='word_1_61' title='bbox 903 799 1237 859; x_wconf 82' lang='lat' dir='ltr'>innumeris</span> <span class='ocrx_word' id='word_1_62' title='bbox 1295 802 1554 876; x_wconf 84' lang='lat' dir='ltr'>querelis</span> <span class='ocrx_word' id='word_1_63' title='bbox 1610 801 1947 864; x_wconf 87' lang='lat' dir='ltr'>lacessunt,</span> 
     </span>
    </p>
   </div>
   <div class='ocr_carea' id='block_1_11' title="bbox 247 887 1943 964">
    <p class='ocr_par' dir='ltr' id='par_1_11' title="bbox 247 887 1943 964">
     <span class='ocr_line' id='line_1_11' title="bbox 247 887 1943 964; baseline -0.005 -15"><span class='ocrx_word' id='word_1_64' title='bbox 247 906 514 964; x_wconf 86' lang='lat' dir='ltr'>eamque</span> <span class='ocrx_word' id='word_1_65' title='bbox 545 888 662 945; x_wconf 85' lang='lat' dir='ltr'>sibi</span> <span class='ocrx_word' id='word_1_66' title='bbox 695 887 996 945; x_wconf 88' lang='lat' dir='ltr'>amissum</span> <span class='ocrx_word' id='word_1_67' title='bbox 1024 889 1245 962; x_wconf 91' lang='lat' dir='ltr'>pignus</span> <span class='ocrx_word' id='word_1_68' title='bbox 1278 892 1528 948; x_wconf 87' lang='lat' dir='ltr'>reddere</span> <span class='ocrx_word' id='word_1_69' title='bbox 1575 889 1943 963; x_wconf 87' lang='lat' dir='ltr'>deposcunt:</span> 
     </span>
    </p>
   </div>
   <div class='ocr_carea' id='block_1_12' title="bbox 251 975 1948 1051">
    <p class='ocr_par' dir='ltr' id='par_1_12' title="bbox 251 975 1948 1051">
     <span class='ocr_line' id='line_1_12' title="bbox 251 975 1948 1051; baseline -0.002 -14"><span class='ocrx_word' id='word_1_70' title='bbox 251 1005 277 1029; x_wconf 73' lang='grc' dir='ltr'>α</span> <span class='ocrx_word' id='word_1_71' title='bbox 306 978 493 1048; x_wconf 87' lang='lat' dir='ltr'>Quid,</span> <span class='ocrx_word' id='word_1_72' title='bbox 526 978 812 1051; x_wconf 87' lang='lat' dir='ltr'>inquam,</span> <span class='ocrx_word' id='word_1_73' title='bbox 843 975 1004 1033; x_wconf 92' lang='lat' dir='ltr'>illius</span> <span class='ocrx_word' id='word_1_74' title='bbox 1032 978 1216 1048; x_wconf 91' lang='lat' dir='ltr'>dono,</span> <span class='ocrx_word' id='word_1_75' title='bbox 1248 996 1284 1037; x_wconf 92' lang='grc' dir='ltr'>ο</span> <span class='ocrx_word' id='word_1_76' title='bbox 1314 982 1523 1037; x_wconf 87' lang='lat' dir='ltr'>sancta</span> <span class='ocrx_word' id='word_1_77' title='bbox 1569 983 1627 1036; x_wconf 91' lang='lat' dir='ltr'>et</span> <span class='ocrx_word' id='word_1_78' title='bbox 1676 976 1948 1049; x_wconf 88' lang='lat' dir='ltr'>gloriosa</span> 
     </span>
    </p>
   </div>
   <div class='ocr_carea' id='block_1_13' title="bbox 248 1064 1945 1142">
    <p class='ocr_par' dir='ltr' id='par_1_13' title="bbox 248 1064 1945 1142">
     <span class='ocr_line' id='line_1_13' title="bbox 248 1064 1945 1142; baseline -0.002 -17"><span class='ocrx_word' id='word_1_79' title='bbox 248 1067 534 1134; x_wconf 88' lang='lat' dir='ltr'>Domina,</span> <span class='ocrx_word' id='word_1_80' title='bbox 568 1082 686 1123; x_wconf 90' lang='lat' dir='ltr'>nos</span> <span class='ocrx_word' id='word_1_81' title='bbox 715 1064 1055 1123; x_wconf 80' lang='lat' dir='ltr'>exhilarare</span> <span class='ocrx_word' id='word_1_82' title='bbox 1092 1068 1355 1141; x_wconf 86' lang='lat' dir='ltr'>voluisti,</span> <span class='ocrx_word' id='word_1_83' title='bbox 1385 1085 1542 1142; x_wconf 90' lang='lat' dir='ltr'>quos</span> <span class='ocrx_word' id='word_1_84' title='bbox 1568 1068 1644 1125; x_wconf 91' lang='lat' dir='ltr'>de</span> <span class='ocrx_word' id='word_1_85' title='bbox 1668 1067 1797 1138; x_wconf 90' lang='lat' dir='ltr'>ejus</span> <span class='ocrx_word' id='word_1_86' title='bbox 1820 1065 1945 1122; x_wconf 90' lang='lat' dir='ltr'>im-</span> 
     </span>
    </p>
   </div>
   <div class='ocr_carea' id='block_1_14' title="bbox 244 1154 1945 1230">
    <p class='ocr_par' dir='ltr' id='par_1_14' title="bbox 244 1154 1945 1230">
     <span class='ocr_line' id='line_1_14' title="bbox 244 1154 1945 1230; baseline -0.002 -15"><span class='ocrx_word' id='word_1_87' title='bbox 244 1161 496 1215; x_wconf 87' lang='lat' dir='ltr'>matura</span> <span class='ocrx_word' id='word_1_88' title='bbox 528 1160 695 1212; x_wconf 87' lang='lat' dir='ltr'>sorte</span> <span class='ocrx_word' id='word_1_89' title='bbox 723 1154 1095 1230; x_wconf 66' lang='lat' dir='ltr'>ipraescieras</span> <span class='ocrx_word' id='word_1_90' title='bbox 1148 1158 1478 1214; x_wconf 77' lang='lat' dir='ltr'>maestiores</span> <span class='ocrx_word' id='word_1_91' title='bbox 1525 1157 1694 1213; x_wconf 89' lang='lat' dir='ltr'>ﬁeri!</span> <span class='ocrx_word' id='word_1_92' title='bbox 1745 1159 1945 1213; x_wconf 91' lang='lat' dir='ltr'>Tuum</span> 
     </span>
    </p>
   </div>
   <div class='ocr_carea' id='block_1_15' title="bbox 242 1243 1942 1319">
    <p class='ocr_par' dir='ltr' id='par_1_15' title="bbox 242 1243 1942 1319">
     <span class='ocr_line' id='line_1_15' title="bbox 242 1243 1942 1319; baseline -0.001 -17"><span class='ocrx_word' id='word_1_93' title='bbox 242 1246 359 1303; x_wconf 84' lang='lat' dir='ltr'>fuit</span> <span class='ocrx_word' id='word_1_94' title='bbox 378 1245 555 1319; x_wconf 91' lang='lat' dir='ltr'>quod</span> <span class='ocrx_word' id='word_1_95' title='bbox 581 1260 728 1301; x_wconf 87' lang='lat' dir='ltr'>eum</span> <span class='ocrx_word' id='word_1_96' title='bbox 751 1243 887 1315; x_wconf 90' lang='lat' dir='ltr'>jam</span> <span class='ocrx_word' id='word_1_97' title='bbox 917 1243 1220 1318; x_wconf 87' lang='lat' dir='ltr'>desperati</span> <span class='ocrx_word' id='word_1_98' title='bbox 1274 1246 1623 1317; x_wconf 85' lang='lat' dir='ltr'>habuimus,</span> <span class='ocrx_word' id='word_1_99' title='bbox 1654 1262 1764 1319; x_wconf 90' lang='lat' dir='ltr'>pro</span> <span class='ocrx_word' id='word_1_100' title='bbox 1807 1247 1942 1317; x_wconf 85' lang='lat' dir='ltr'>ejus</span> 
     </span>
    </p>
   </div>
   <div class='ocr_carea' id='block_1_16' title="bbox 242 1333 1939 1409">
    <p class='ocr_par' dir='ltr' id='par_1_16' title="bbox 242 1333 1939 1409">
     <span class='ocr_line' id='line_1_16' title="bbox 242 1333 1939 1409; baseline 0.001 -18"><span class='ocrx_word' id='word_1_101' title='bbox 242 1333 704 1408; x_wconf 88' lang='lat' dir='ltr'>impetratione,</span> <span class='ocrx_word' id='word_1_102' title='bbox 740 1337 847 1389; x_wconf 92' lang='lat' dir='ltr'>tua</span> <span class='ocrx_word' id='word_1_103' title='bbox 874 1338 1083 1389; x_wconf 87' lang='lat' dir='ltr'>sancta</span> <span class='ocrx_word' id='word_1_104' title='bbox 1101 1333 1316 1392; x_wconf 88' lang='lat' dir='ltr'>limina</span> <span class='ocrx_word' id='word_1_105' title='bbox 1344 1334 1764 1409; x_wconf 87' lang='lat' dir='ltr'>expetivimus,</span> <span class='ocrx_word' id='word_1_106' title='bbox 1800 1339 1939 1392; x_wconf 85' lang='lat' dir='ltr'>ante</span> 
     </span>
    </p>
   </div>
   <div class='ocr_carea' id='block_1_17' title="bbox 242 1422 1934 1499">
    <p class='ocr_par' dir='ltr' id='par_1_17' title="bbox 242 1422 1934 1499">
     <span class='ocr_line' id='line_1_17' title="bbox 242 1422 1934 1499; baseline -0.001 -17"><span class='ocrx_word' id='word_1_107' title='bbox 242 1429 350 1482; x_wconf 84' lang='lat' dir='ltr'>tua</span> <span class='ocrx_word' id='word_1_108' title='bbox 375 1426 794 1481; x_wconf 88' lang='lat' dir='ltr'>monumenta</span> <span class='ocrx_word' id='word_1_109' title='bbox 817 1422 1172 1496; x_wconf 89' lang='lat' dir='ltr'>corporibus</span> <span class='ocrx_word' id='word_1_110' title='bbox 1189 1424 1360 1482; x_wconf 89' lang='lat' dir='ltr'>humi</span> <span class='ocrx_word' id='word_1_111' title='bbox 1389 1425 1696 1499; x_wconf 86' lang='lat' dir='ltr'>prostrati,</span> <span class='ocrx_word' id='word_1_112' title='bbox 1716 1426 1776 1482; x_wconf 91' lang='lat' dir='ltr'>in</span> <span class='ocrx_word' id='word_1_113' title='bbox 1801 1426 1934 1497; x_wconf 90' lang='lat' dir='ltr'>ejus</span> 
     </span>
    </p>
   </div>
   <div class='ocr_carea' id='block_1_18' title="bbox 241 1510 1932 1588">
    <p class='ocr_par' dir='ltr' id='par_1_18' title="bbox 241 1510 1932 1588">
     <span class='ocr_line' id='line_1_18' title="bbox 241 1510 1932 1588; baseline 0 -17"><span class='ocrx_word' id='word_1_114' title='bbox 241 1513 537 1588; x_wconf 83' lang='lat' dir='ltr'>petitione</span> <span class='ocrx_word' id='word_1_115' title='bbox 570 1510 857 1570; x_wconf 80' lang='lat' dir='ltr'>exaudiri</span> <span class='ocrx_word' id='word_1_116' title='bbox 886 1512 1235 1583; x_wconf 89' lang='lat' dir='ltr'>meruimus,</span> <span class='ocrx_word' id='word_1_117' title='bbox 1279 1519 1678 1588; x_wconf 87' lang='lat' dir='ltr'>optatumque</span> <span class='ocrx_word' id='word_1_118' title='bbox 1708 1515 1932 1572; x_wconf 91' lang='lat' dir='ltr'>diutius</span> 
     </span>
    </p>
   </div>
   <div class='ocr_carea' id='block_1_19' title="bbox 2051 348 3722 420">
    <p class='ocr_par' dir='ltr' id='par_1_19' title="bbox 2051 348 3722 420">
     <span class='ocr_line' id='line_1_19' title="bbox 2051 348 3722 420; baseline 0.009 -16"><span class='ocrx_word' id='word_1_119' title='bbox 2051 348 2384 408; x_wconf 87' lang='lat' dir='ltr'>lationibus</span> <span class='ocrx_word' id='word_1_120' title='bbox 2433 358 2500 409; x_wconf 90' lang='lat' dir='ltr'>ut</span> <span class='ocrx_word' id='word_1_121' title='bbox 2528 354 2741 412; x_wconf 81' lang='lat' dir='ltr'>divinis</span> <span class='ocrx_word' id='word_1_122' title='bbox 2770 359 3029 415; x_wconf 86' lang='lat' dir='ltr'>oraculis</span> <span class='ocrx_word' id='word_1_123' title='bbox 3059 359 3379 416; x_wconf 90' lang='lat' dir='ltr'>credimus.</span> <span class='ocrx_word' id='word_1_124' title='bbox 3437 365 3497 417; x_wconf 90' lang='lat' dir='ltr'>In</span> <span class='ocrx_word' id='word_1_125' title='bbox 3526 366 3722 420; x_wconf 86' lang='lat' dir='ltr'>Petra-</span> 
     </span>
    </p>
   </div>
   <div class='ocr_carea' id='block_1_20' title="bbox 2056 440 3724 524">
    <p class='ocr_par' dir='ltr' id='par_1_20' title="bbox 2056 440 3724 524">
     <span class='ocr_line' id='line_1_20' title="bbox 2056 440 3724 524; baseline 0.01 -31"><span class='ocrx_word' id='word_1_126' title='bbox 2056 440 2277 509; x_wconf 88' lang='lat' dir='ltr'>goricis</span> <span class='ocrx_word' id='word_1_127' title='bbox 2320 443 2596 515; x_wconf 84' lang='lat' dir='ltr'>partibus</span> <span class='ocrx_word' id='word_1_128' title='bbox 2641 451 2904 504; x_wconf 87' lang='lat' dir='ltr'>castrum</span> <span class='ocrx_word' id='word_1_129' title='bbox 2961 450 3422 520; x_wconf 84' lang='lat' dir='ltr'>Montagrerium</span> <span class='ocrx_word' id='word_1_130' title='bbox 3453 453 3724 524; x_wconf 88' lang='lat' dir='ltr'>perhibe-</span> 
     </span>
    </p>
   </div>
   <div class='ocr_carea' id='block_1_21' title="bbox 2054 527 3721 607">
    <p class='ocr_par' dir='ltr' id='par_1_21' title="bbox 2054 527 3721 607">
     <span class='ocr_line' id='line_1_21' title="bbox 2054 527 3721 607; baseline 0.009 -24"><span class='ocrx_word' id='word_1_131' title='bbox 2054 527 2225 599; x_wconf 89' lang='lat' dir='ltr'>baut,</span> <span class='ocrx_word' id='word_1_132' title='bbox 2255 530 2362 586; x_wconf 90' lang='lat' dir='ltr'>ubi</span> <span class='ocrx_word' id='word_1_133' title='bbox 2387 547 2571 604; x_wconf 89' lang='lat' dir='ltr'>eques</span> <span class='ocrx_word' id='word_1_134' title='bbox 2601 535 2874 607; x_wconf 85' lang='lat' dir='ltr'>quidam,</span> <span class='ocrx_word' id='word_1_135' title='bbox 2906 537 3151 593; x_wconf 88' lang='lat' dir='ltr'>nomine</span> <span class='ocrx_word' id='word_1_136' title='bbox 3181 538 3395 603; x_wconf 86' lang='lat' dir='ltr'>Helias,</span> <span class='ocrx_word' id='word_1_137' title='bbox 3414 541 3721 599; x_wconf 88' lang='lat' dir='ltr'>nobilitate</span> 
     </span>
    </p>
   </div>
   <div class='ocr_carea' id='block_1_22' title="bbox 2055 615 3721 695">
    <p class='ocr_par' dir='ltr' id='par_1_22' title="bbox 2055 615 3721 695">
     <span class='ocr_line' id='line_1_22' title="bbox 2055 615 3721 695; baseline 0.007 -25"><span class='ocrx_word' id='word_1_138' title='bbox 2055 615 2289 687; x_wconf 89' lang='lat' dir='ltr'>pollens</span> <span class='ocrx_word' id='word_1_139' title='bbox 2328 619 2605 690; x_wconf 87' lang='lat' dir='ltr'>degebat,</span> <span class='ocrx_word' id='word_1_140' title='bbox 2638 623 2743 695; x_wconf 92' lang='lat' dir='ltr'>qui</span> <span class='ocrx_word' id='word_1_141' title='bbox 2774 623 2902 679; x_wconf 90' lang='lat' dir='ltr'>sine</span> <span class='ocrx_word' id='word_1_142' title='bbox 2938 623 3217 681; x_wconf 89' lang='lat' dir='ltr'>sobolum</span> <span class='ocrx_word' id='word_1_143' title='bbox 3250 627 3443 695; x_wconf 89' lang='lat' dir='ltr'>gratia</span> <span class='ocrx_word' id='word_1_144' title='bbox 3496 643 3721 684; x_wconf 88' lang='lat' dir='ltr'>connu-</span> 
     </span>
    </p>
   </div>
   <div class='ocr_carea' id='block_1_23' title="bbox 2057 704 3719 782">
    <p class='ocr_par' dir='ltr' id='par_1_23' title="bbox 2057 704 3719 782">
     <span class='ocr_line' id='line_1_23' title="bbox 2057 704 3719 782; baseline 0.007 -23"><span class='ocrx_word' id='word_1_145' title='bbox 2057 704 2158 761; x_wconf 91' lang='lat' dir='ltr'>bia</span> <span class='ocrx_word' id='word_1_146' title='bbox 2182 705 2345 763; x_wconf 90' lang='lat' dir='ltr'>irrita</span> <span class='ocrx_word' id='word_1_147' title='bbox 2376 713 2554 782; x_wconf 89' lang='lat' dir='ltr'>atque</span> <span class='ocrx_word' id='word_1_148' title='bbox 2588 710 2824 781; x_wconf 87' lang='lat' dir='ltr'>ingrata</span> <span class='ocrx_word' id='word_1_149' title='bbox 2868 713 3146 770; x_wconf 88' lang='lat' dir='ltr'>ducebat.</span> <span class='ocrx_word' id='word_1_150' title='bbox 3202 715 3311 780; x_wconf 87' lang='lat' dir='ltr'>Qui</span> <span class='ocrx_word' id='word_1_151' title='bbox 3364 716 3609 771; x_wconf 84' lang='lat' dir='ltr'>tandem</span> <span class='ocrx_word' id='word_1_152' title='bbox 3640 716 3719 771; x_wconf 89' lang='lat' dir='ltr'>ad</span> 
     </span>
    </p>
   </div>
   <div class='ocr_carea' id='block_1_24' title="bbox 2058 799 3727 876">
    <p class='ocr_par' dir='ltr' id='par_1_24' title="bbox 2058 799 3727 876">
     <span class='ocr_line' id='line_1_24' title="bbox 2058 799 3727 876; baseline 0.007 -27"><span class='ocrx_word' id='word_1_153' title='bbox 2058 800 2280 851; x_wconf 63' lang='lat' dir='ltr'>sanctae</span> <span class='ocrx_word' id='word_1_154' title='bbox 2309 799 2593 871; x_wconf 81' lang='lat' dir='ltr'>martyris</span> <span class='ocrx_word' id='word_1_155' title='bbox 2622 817 2955 874; x_wconf 89' lang='lat' dir='ltr'>properans</span> <span class='ocrx_word' id='word_1_156' title='bbox 2984 802 3215 873; x_wconf 87' lang='lat' dir='ltr'>limina,</span> <span class='ocrx_word' id='word_1_157' title='bbox 3276 808 3480 876; x_wconf 89' lang='lat' dir='ltr'>optata</span> <span class='ocrx_word' id='word_1_158' title='bbox 3509 805 3727 876; x_wconf 65' lang='lat' dir='ltr'>conju-~</span> 
     </span>
    </p>
   </div>
   <div class='ocr_carea' id='block_1_25' title="bbox 2056 882 3719 963">
    <p class='ocr_par' dir='ltr' id='par_1_25' title="bbox 2056 882 3719 963">
     <span class='ocr_line' id='line_1_25' title="bbox 2056 882 3719 963; baseline 0.006 -26"><span class='ocrx_word' id='word_1_159' title='bbox 2056 882 2209 952; x_wconf 89' lang='lat' dir='ltr'>galis</span> <span class='ocrx_word' id='word_1_160' title='bbox 2243 885 2392 941; x_wconf 88' lang='lat' dir='ltr'>uteri</span> <span class='ocrx_word' id='word_1_161' title='bbox 2422 888 2639 945; x_wconf 66' lang='lat' dir='ltr'>meruit</span> <span class='ocrx_word' id='word_1_162' title='bbox 2670 889 2934 963; x_wconf 85' lang='lat' dir='ltr'>recipere</span> <span class='ocrx_word' id='word_1_163' title='bbox 2985 890 3239 947; x_wconf 89' lang='lat' dir='ltr'>semina.</span> <span class='ocrx_word' id='word_1_164' title='bbox 3286 894 3350 947; x_wconf 89' lang='lat' dir='ltr'>Et</span> <span class='ocrx_word' id='word_1_165' title='bbox 3380 892 3537 948; x_wconf 89' lang='lat' dir='ltr'>hanc</span> <span class='ocrx_word' id='word_1_166' title='bbox 3563 894 3719 963; x_wconf 82' lang='lat' dir='ltr'>(pro-</span> 
     </span>
    </p>
   </div>
   <div class='ocr_carea' id='block_1_26' title="bbox 2053 971 3718 1052">
    <p class='ocr_par' dir='ltr' id='par_1_26' title="bbox 2053 971 3718 1052">
     <span class='ocr_line' id='line_1_26' title="bbox 2053 971 3718 1052; baseline 0.005 -25"><span class='ocrx_word' id='word_1_167' title='bbox 2053 971 2194 1044; x_wconf 82' lang='lat' dir='ltr'>lem)</span> <span class='ocrx_word' id='word_1_168' title='bbox 2225 972 2367 1029; x_wconf 92' lang='lat' dir='ltr'>bino</span> <span class='ocrx_word' id='word_1_169' title='bbox 2390 991 2639 1033; x_wconf 89' lang='lat' dir='ltr'>munere</span> <span class='ocrx_word' id='word_1_170' title='bbox 2666 978 2911 1050; x_wconf 87' lang='lat' dir='ltr'>contigit</span> <span class='ocrx_word' id='word_1_171' title='bbox 2941 979 3247 1036; x_wconf 89' lang='lat' dir='ltr'>accidisse.</span> <span class='ocrx_word' id='word_1_172' title='bbox 3293 981 3454 1046; x_wconf 92' lang='lat' dir='ltr'>Quos</span> <span class='ocrx_word' id='word_1_173' title='bbox 3498 995 3718 1052; x_wconf 90' lang='lat' dir='ltr'>pueros</span> 
     </span>
    </p>
   </div>
   <div class='ocr_carea' id='block_1_27' title="bbox 2055 1052 3718 1149">
    <p class='ocr_par' dir='ltr' id='par_1_27' title="bbox 2055 1052 3718 1149">
     <span class='ocr_line' id='line_1_27' title="bbox 2055 1052 3718 1149; baseline 0.004 -32"><span class='ocrx_word' id='word_1_174' title='bbox 2055 1052 2222 1149; x_wconf 37' lang='lat' dir='ltr'>tanto</span> <span class='ocrx_word' id='word_1_175' title='bbox 2252 1063 2474 1120; x_wconf 90' lang='lat' dir='ltr'>amoris</span> <span class='ocrx_word' id='word_1_176' title='bbox 2525 1066 2833 1138; x_wconf 88' lang='lat' dir='ltr'>privilegio</span> <span class='ocrx_word' id='word_1_177' title='bbox 2888 1068 3198 1139; x_wconf 80' lang='lat' dir='ltr'>diligebat,</span> <span class='ocrx_word' id='word_1_178' title='bbox 3257 1073 3321 1125; x_wconf 92' lang='lat' dir='ltr'>ut</span> <span class='ocrx_word' id='word_1_179' title='bbox 3372 1068 3552 1125; x_wconf 89' lang='lat' dir='ltr'>etiam</span> <span class='ocrx_word' id='word_1_180' title='bbox 3594 1085 3718 1124; x_wconf 91' lang='lat' dir='ltr'>non</span> 
     </span>
    </p>
   </div>
   <div class='ocr_carea' id='block_1_28' title="bbox 2053 1152 3717 1231">
    <p class='ocr_par' dir='ltr' id='par_1_28' title="bbox 2053 1152 3717 1231">
     <span class='ocr_line' id='line_1_28' title="bbox 2053 1152 3717 1231; baseline 0.004 -24"><span class='ocrx_word' id='word_1_181' title='bbox 2053 1163 2198 1208; x_wconf 88' lang='lat' dir='ltr'>suos</span> <span class='ocrx_word' id='word_1_182' title='bbox 2226 1152 2332 1209; x_wconf 91' lang='lat' dir='ltr'>sed</span> <span class='ocrx_word' id='word_1_183' title='bbox 2358 1158 2578 1211; x_wconf 75' lang='lat' dir='ltr'>sanctae</span> <span class='ocrx_word' id='word_1_184' title='bbox 2611 1156 2763 1212; x_wconf 82' lang='lat' dir='ltr'>Fidis</span> <span class='ocrx_word' id='word_1_185' title='bbox 2783 1156 2937 1214; x_wconf 92' lang='lat' dir='ltr'>ﬁlios</span> <span class='ocrx_word' id='word_1_186' title='bbox 2985 1158 3349 1231; x_wconf 89' lang='lat' dir='ltr'>appellabat.</span> <span class='ocrx_word' id='word_1_187' title='bbox 3386 1161 3451 1214; x_wconf 87' lang='lat' dir='ltr'>Et</span> <span class='ocrx_word' id='word_1_188' title='bbox 3487 1163 3551 1214; x_wconf 90' lang='lat' dir='ltr'>ut</span> <span class='ocrx_word' id='word_1_189' title='bbox 3578 1157 3717 1213; x_wconf 92' lang='lat' dir='ltr'>inde</span> 
     </span>
    </p>
   </div>
   <div class='ocr_carea' id='block_1_29' title="bbox 2052 1242 3716 1316">
    <p class='ocr_par' dir='ltr' id='par_1_29' title="bbox 2052 1242 3716 1316">
     <span class='ocr_line' id='line_1_29' title="bbox 2052 1242 3716 1316; baseline 0.002 -16"><span class='ocrx_word' id='word_1_190' title='bbox 2052 1242 2533 1316; x_wconf 83' lang='lat' dir='ltr'>experimentum</span> <span class='ocrx_word' id='word_1_191' title='bbox 2564 1245 2753 1313; x_wconf 90' lang='lat' dir='ltr'>daret,</span> <span class='ocrx_word' id='word_1_192' title='bbox 2781 1263 2987 1303; x_wconf 89' lang='lat' dir='ltr'>coram</span> <span class='ocrx_word' id='word_1_193' title='bbox 3024 1248 3360 1304; x_wconf 84' lang='lat' dir='ltr'>astantibus</span> <span class='ocrx_word' id='word_1_194' title='bbox 3405 1252 3459 1303; x_wconf 88' lang='lat' dir='ltr'>et</span> <span class='ocrx_word' id='word_1_195' title='bbox 3488 1248 3716 1304; x_wconf 89' lang='lat' dir='ltr'>instan-</span> 
     </span>
    </p>
   </div>
   <div class='ocr_carea' id='block_1_30' title="bbox 2053 1331 3716 1408">
    <p class='ocr_par' dir='ltr' id='par_1_30' title="bbox 2053 1331 3716 1408">
     <span class='ocr_line' id='line_1_30' title="bbox 2053 1331 3716 1408; baseline 0.002 -21"><span class='ocrx_word' id='word_1_196' title='bbox 2053 1335 2143 1388; x_wconf 89' lang='lat' dir='ltr'>ter</span> <span class='ocrx_word' id='word_1_197' title='bbox 2174 1331 2658 1405; x_wconf 84' lang='lat' dir='ltr'>prohibentibus,</span> <span class='ocrx_word' id='word_1_198' title='bbox 2686 1334 2889 1391; x_wconf 90' lang='lat' dir='ltr'>media</span> <span class='ocrx_word' id='word_1_199' title='bbox 2940 1335 3002 1391; x_wconf 93' lang='lat' dir='ltr'>in</span> <span class='ocrx_word' id='word_1_200' title='bbox 3055 1337 3186 1407; x_wconf 90' lang='lat' dir='ltr'>ejus</span> <span class='ocrx_word' id='word_1_201' title='bbox 3238 1336 3423 1408; x_wconf 90' lang='lat' dir='ltr'>phala</span> <span class='ocrx_word' id='word_1_202' title='bbox 3461 1351 3716 1392; x_wconf 89' lang='lat' dir='ltr'>accenso</span> 
     </span>
    </p>
   </div>
   <div class='ocr_carea' id='block_1_31' title="bbox 2048 1422 3717 1498">
    <p class='ocr_par' dir='ltr' id='par_1_31' title="bbox 2048 1422 3717 1498">
     <span class='ocr_line' id='line_1_31' title="bbox 2048 1422 3717 1498; baseline 0.004 -22"><span class='ocrx_word' id='word_1_203' title='bbox 2048 1438 2224 1493; x_wconf 88' lang='lat' dir='ltr'>rogo,</span> <span class='ocrx_word' id='word_1_204' title='bbox 2254 1422 2434 1478; x_wconf 90' lang='lat' dir='ltr'>nudis</span> <span class='ocrx_word' id='word_1_205' title='bbox 2460 1424 2733 1479; x_wconf 89' lang='lat' dir='ltr'>cruribus</span> <span class='ocrx_word' id='word_1_206' title='bbox 2764 1441 2833 1480; x_wconf 88' lang='lat' dir='ltr'>ac</span> <span class='ocrx_word' id='word_1_207' title='bbox 2856 1425 3112 1498; x_wconf 79' lang='lat' dir='ltr'>pedibus</span> <span class='ocrx_word' id='word_1_208' title='bbox 3136 1441 3243 1498; x_wconf 90' lang='lat' dir='ltr'>per</span> <span class='ocrx_word' id='word_1_209' title='bbox 3287 1426 3521 1481; x_wconf 89' lang='lat' dir='ltr'>medios</span> <span class='ocrx_word' id='word_1_210' title='bbox 3545 1425 3717 1482; x_wconf 89' lang='lat' dir='ltr'>ﬂam-</span> 
     </span>
    </p>
   </div>
   <div class='ocr_carea' id='block_1_32' title="bbox 2050 1511 3716 1587">
    <p class='ocr_par' dir='ltr' id='par_1_32' title="bbox 2050 1511 3716 1587">
     <span class='ocr_line' id='line_1_32' title="bbox 2050 1511 3716 1587; baseline 0.002 -20"><span class='ocrx_word' id='word_1_211' title='bbox 2050 1528 2295 1567; x_wconf 89' lang='lat' dir='ltr'>marum</span> <span class='ocrx_word' id='word_1_212' title='bbox 2319 1511 2533 1582; x_wconf 90' lang='lat' dir='ltr'>globos</span> <span class='ocrx_word' id='word_1_213' title='bbox 2562 1513 2815 1569; x_wconf 89' lang='lat' dir='ltr'>transire</span> <span class='ocrx_word' id='word_1_214' title='bbox 2835 1514 3093 1571; x_wconf 85' lang='lat' dir='ltr'>faciebat</span> <span class='ocrx_word' id='word_1_215' title='bbox 3126 1532 3137 1569; x_wconf 92' lang='lat'><strong>:</strong></span> <span class='ocrx_word' id='word_1_216' title='bbox 3197 1515 3365 1587; x_wconf 92' lang='lat' dir='ltr'>quod</span> <span class='ocrx_word' id='word_1_217' title='bbox 3404 1519 3461 1571; x_wconf 92' lang='lat' dir='ltr'>et</span> <span class='ocrx_word' id='word_1_218' title='bbox 3515 1514 3716 1585; x_wconf 82' lang='lat' dir='ltr'>(mira-</span> 
     </span>
    </p>
   </div>
   <div class='ocr_carea' id='block_1_33' title="bbox 240 1599 3715 1677">
    <p class='ocr_par' dir='ltr' id='par_1_33' title="bbox 240 1599 3715 1677">
     <span class='ocr_line' id='line_1_33' title="bbox 240 1599 3715 1677; baseline 0.001 -22"><span class='ocrx_word' id='word_1_219' title='bbox 240 1606 461 1660; x_wconf 82' lang='lat' dir='ltr'>votum</span> <span class='ocrx_word' id='word_1_220' title='bbox 489 1617 604 1675; x_wconf 88' lang='lat' dir='ltr'>per</span> <span class='ocrx_word' id='word_1_221' title='bbox 634 1604 712 1669; x_wconf 86' lang='lat' dir='ltr'>te,</span> <span class='ocrx_word' id='word_1_222' title='bbox 742 1616 781 1657; x_wconf 94' lang='lat' dir='ltr'>o</span> <span class='ocrx_word' id='word_1_223' title='bbox 810 1599 989 1657; x_wconf 87' lang='lat' dir='ltr'>beata</span> <span class='ocrx_word' id='word_1_224' title='bbox 1025 1607 1242 1673; x_wconf 83' lang='lat' dir='ltr'>mater,</span> <span class='ocrx_word' id='word_1_225' title='bbox 1274 1604 1478 1677; x_wconf 83' lang='lat' dir='ltr'>adepti</span> <span class='ocrx_word' id='word_1_226' title='bbox 1519 1621 1751 1661; x_wconf 89' lang='lat' dir='ltr'>sumus.</span> <span class='ocrx_word' id='word_1_227' title='bbox 1778 1605 1934 1671; x_wconf 86' lang='lat' dir='ltr'>Quid</span> <span class='ocrx_word' id='word_1_228' title='bbox 1971 1617 2011 1670; x_wconf 81' lang='grc' dir='ltr'>Β</span> <span class='ocrx_word' id='word_1_229' title='bbox 2048 1600 2170 1657; x_wconf 90' lang='lat' dir='ltr'>bile</span> <span class='ocrx_word' id='word_1_230' title='bbox 2201 1600 2337 1657; x_wconf 89' lang='lat' dir='ltr'>visu</span> <span class='ocrx_word' id='word_1_231' title='bbox 2375 1601 2414 1664; x_wconf 85' lang='lat'>!)</span> <span class='ocrx_word' id='word_1_232' title='bbox 2440 1602 2610 1675; x_wconf 89' lang='lat' dir='ltr'>pueri</span> <span class='ocrx_word' id='word_1_233' title='bbox 2633 1602 2759 1658; x_wconf 90' lang='lat' dir='ltr'>sine</span> <span class='ocrx_word' id='word_1_234' title='bbox 2785 1603 2989 1675; x_wconf 89' lang='lat' dir='ltr'>aliqua</span> <span class='ocrx_word' id='word_1_235' title='bbox 3008 1603 3269 1660; x_wconf 89' lang='lat' dir='ltr'>incendii</span> <span class='ocrx_word' id='word_1_236' title='bbox 3297 1603 3539 1659; x_wconf 82' lang='lat' dir='ltr'>laesione</span> <span class='ocrx_word' id='word_1_237' title='bbox 3570 1603 3715 1660; x_wconf 90' lang='lat' dir='ltr'>cita-</span> 
     </span>
    </p>
   </div>
   <div class='ocr_carea' id='block_1_34' title="bbox 239 1689 1936 1767">
    <p class='ocr_par' dir='ltr' id='par_1_34' title="bbox 239 1689 1936 1767">
     <span class='ocr_line' id='line_1_34' title="bbox 239 1689 1936 1767; baseline 0.001 -19"><span class='ocrx_word' id='word_1_238' title='bbox 239 1691 494 1767; x_wconf 83' lang='lat' dir='ltr'>profuit,</span> <span class='ocrx_word' id='word_1_239' title='bbox 516 1706 557 1748; x_wconf 93' lang='lat' dir='ltr'>o</span> <span class='ocrx_word' id='word_1_240' title='bbox 586 1689 779 1746; x_wconf 88' lang='lat' dir='ltr'>beata</span> <span class='ocrx_word' id='word_1_241' title='bbox 804 1693 863 1746; x_wconf 89' lang='lat' dir='ltr'>et</span> <span class='ocrx_word' id='word_1_242' title='bbox 890 1689 1149 1760; x_wconf 88' lang='lat' dir='ltr'>gloriosa</span> <span class='ocrx_word' id='word_1_243' title='bbox 1200 1698 1418 1763; x_wconf 87' lang='lat' dir='ltr'>mater,</span> <span class='ocrx_word' id='word_1_244' title='bbox 1450 1692 1629 1751; x_wconf 90' lang='lat' dir='ltr'>nobis</span> <span class='ocrx_word' id='word_1_245' title='bbox 1678 1694 1936 1767; x_wconf 79' lang='lat' dir='ltr'>quaesita</span> 
     </span>
    </p>
   </div>
   <div class='ocr_carea' id='block_1_35' title="bbox 240 1778 1936 1852">
    <p class='ocr_par' dir='ltr' id='par_1_35' title="bbox 240 1778 1936 1852">
     <span class='ocr_line' id='line_1_35' title="bbox 240 1778 1936 1852; baseline 0 -14"><span class='ocrx_word' id='word_1_246' title='bbox 240 1779 631 1848; x_wconf 84' lang='lat' dir='ltr'>nancisci,-si</span> <span class='ocrx_word' id='word_1_247' title='bbox 661 1778 1093 1837; x_wconf 87' lang='lat' dir='ltr'>detrimentum</span> <span class='ocrx_word' id='word_1_248' title='bbox 1146 1781 1498 1839; x_wconf 90' lang='lat' dir='ltr'>amissionis</span> <span class='ocrx_word' id='word_1_249' title='bbox 1561 1798 1724 1838; x_wconf 90' lang='lat' dir='ltr'>nunc</span> <span class='ocrx_word' id='word_1_250' title='bbox 1772 1783 1936 1852; x_wconf 91' lang='lat' dir='ltr'>cogi-</span> 
     </span>
    </p>
   </div>
   <div class='ocr_carea' id='block_1_36' title="bbox 242 1867 1937 1944">
    <p class='ocr_par' dir='ltr' id='par_1_36' title="bbox 242 1867 1937 1944">
     <span class='ocr_line' id='line_1_36' title="bbox 242 1867 1937 1944; baseline 0.001 -18"><span class='ocrx_word' id='word_1_251' title='bbox 242 1886 382 1926; x_wconf 89' lang='lat' dir='ltr'>mur</span> <span class='ocrx_word' id='word_1_252' title='bbox 408 1868 701 1943; x_wconf 88' lang='lat' dir='ltr'>perpeti?</span> <span class='ocrx_word' id='word_1_253' title='bbox 725 1867 953 1924; x_wconf 81' lang='lat' dir='ltr'>Adesto</span> <span class='ocrx_word' id='word_1_254' title='bbox 974 1886 1141 1927; x_wconf 91' lang='lat' dir='ltr'>nunc</span> <span class='ocrx_word' id='word_1_255' title='bbox 1174 1871 1378 1928; x_wconf 91' lang='lat' dir='ltr'>solida</span> <span class='ocrx_word' id='word_1_256' title='bbox 1397 1871 1637 1944; x_wconf 90' lang='lat' dir='ltr'>pietate,</span> <span class='ocrx_word' id='word_1_257' title='bbox 1669 1888 1706 1928; x_wconf 92' lang='lat' dir='ltr'>o</span> <span class='ocrx_word' id='word_1_258' title='bbox 1738 1872 1937 1927; x_wconf 88' lang='lat' dir='ltr'>Chris-</span> 
     </span>
    </p>
   </div>
   <div class='ocr_carea' id='block_1_37' title="bbox 243 1954 1939 2033">
    <p class='ocr_par' dir='ltr' id='par_1_37' title="bbox 243 1954 1939 2033">
     <span class='ocr_line' id='line_1_37' title="bbox 243 1954 1939 2033; baseline 0.001 -18"><span class='ocrx_word' id='word_1_259' title='bbox 243 1958 287 2016; x_wconf 85' lang='lat' dir='ltr'>ti</span> <span class='ocrx_word' id='word_1_260' title='bbox 312 1957 482 2027; x_wconf 83' lang='lat' dir='ltr'>virgo</span> <span class='ocrx_word' id='word_1_261' title='bbox 510 1954 864 2026; x_wconf 89' lang='lat' dir='ltr'>benedicta,</span> <span class='ocrx_word' id='word_1_262' title='bbox 924 1958 1335 2033; x_wconf 88' lang='lat' dir='ltr'>sobolemque</span> <span class='ocrx_word' id='word_1_263' title='bbox 1374 1959 1551 2016; x_wconf 90' lang='lat' dir='ltr'>nobis</span> <span class='ocrx_word' id='word_1_264' title='bbox 1580 1959 1820 2016; x_wconf 89' lang='lat' dir='ltr'>restitue</span> <span class='ocrx_word' id='word_1_265' title='bbox 1850 1976 1939 2016; x_wconf 92' lang='lat' dir='ltr'>re-</span> 
     </span>
    </p>
   </div>
   <div class='ocr_carea' id='block_1_38' title="bbox 241 2045 1939 2123">
    <p class='ocr_par' dir='ltr' id='par_1_38' title="bbox 241 2045 1939 2123">
     <span class='ocr_line' id='line_1_38' title="bbox 241 2045 1939 2123; baseline 0.002 -19"><span class='ocrx_word' id='word_1_266' title='bbox 241 2048 535 2115; x_wconf 87' lang='lat' dir='ltr'>divivam,</span> <span class='ocrx_word' id='word_1_267' title='bbox 568 2062 765 2120; x_wconf 89' lang='lat' dir='ltr'>quam</span> <span class='ocrx_word' id='word_1_268' title='bbox 794 2045 1035 2118; x_wconf 88' lang='lat' dir='ltr'>quidem</span> <span class='ocrx_word' id='word_1_269' title='bbox 1086 2066 1209 2123; x_wconf 89' lang='lat' dir='ltr'>per</span> <span class='ocrx_word' id='word_1_270' title='bbox 1278 2053 1336 2106; x_wconf 87' lang='lat' dir='ltr'>te</span> <span class='ocrx_word' id='word_1_271' title='bbox 1394 2049 1798 2123; x_wconf 90' lang='lat' dir='ltr'>suscepimus,</span> <span class='ocrx_word' id='word_1_272' title='bbox 1834 2053 1939 2107; x_wconf 88' lang='lat' dir='ltr'>tua</span> 
     </span>
    </p>
   </div>
   <div class='ocr_carea' id='block_1_39' title="bbox 239 2133 1936 2211">
    <p class='ocr_par' dir='ltr' id='par_1_39' title="bbox 239 2133 1936 2211">
     <span class='ocr_line' id='line_1_39' title="bbox 239 2133 1936 2211; baseline 0 -17"><span class='ocrx_word' id='word_1_273' title='bbox 239 2137 433 2211; x_wconf 87' lang='lat' dir='ltr'>gratia</span> <span class='ocrx_word' id='word_1_274' title='bbox 482 2140 698 2192; x_wconf 91' lang='lat' dir='ltr'>nostra</span> <span class='ocrx_word' id='word_1_275' title='bbox 751 2133 1111 2196; x_wconf 87' lang='lat' dir='ltr'>fecundante</span> <span class='ocrx_word' id='word_1_276' title='bbox 1217 2137 1476 2194; x_wconf 79' lang='lat' dir='ltr'>viscera.</span> <span class='ocrx_word' id='word_1_277' title='bbox 1538 2138 1936 2195; x_wconf 88' lang='lat' dir='ltr'>Nihilominus</span> 
     </span>
    </p>
   </div>
   <div class='ocr_carea' id='block_1_40' title="bbox 238 2223 1938 2303">
    <p class='ocr_par' dir='ltr' id='par_1_40' title="bbox 238 2223 1938 2303">
     <span class='ocr_line' id='line_1_40' title="bbox 238 2223 1938 2303; baseline 0.001 -20"><span class='ocrx_word' id='word_1_278' title='bbox 238 2226 491 2303; x_wconf 89' lang='lat' dir='ltr'>quidem</span> <span class='ocrx_word' id='word_1_279' title='bbox 517 2225 697 2282; x_wconf 90' lang='lat' dir='ltr'>nobis</span> <span class='ocrx_word' id='word_1_280' title='bbox 729 2223 989 2285; x_wconf 82' lang='lat' dir='ltr'>ablatam</span> <span class='ocrx_word' id='word_1_281' title='bbox 1021 2233 1219 2302; x_wconf 88' lang='lat' dir='ltr'>potes</span> <span class='ocrx_word' id='word_1_282' title='bbox 1270 2227 1544 2298; x_wconf 90' lang='lat' dir='ltr'>reddere,</span> <span class='ocrx_word' id='word_1_283' title='bbox 1572 2243 1759 2301; x_wconf 90' lang='lat' dir='ltr'>quam</span> <span class='ocrx_word' id='word_1_284' title='bbox 1810 2244 1938 2284; x_wconf 84' lang='lat' dir='ltr'>om-</span> 
     </span>
    </p>
   </div>
   <div class='ocr_carea' id='block_1_41' title="bbox 238 2315 1939 2390">
    <p class='ocr_par' dir='ltr' id='par_1_41' title="bbox 238 2315 1939 2390">
     <span class='ocr_line' id='line_1_41' title="bbox 238 2315 1939 2390; baseline -0.001 -15"><span class='ocrx_word' id='word_1_285' title='bbox 238 2318 384 2375; x_wconf 91' lang='lat' dir='ltr'>nino</span> <span class='ocrx_word' id='word_1_286' title='bbox 411 2315 579 2389; x_wconf 87' lang='lat' dir='ltr'>[non]</span> <span class='ocrx_word' id='word_1_287' title='bbox 609 2318 837 2383; x_wconf 86' lang='lat' dir='ltr'>natam,</span> <span class='ocrx_word' id='word_1_288' title='bbox 865 2323 1130 2389; x_wconf 85' lang='lat' dir='ltr'>negante</span> <span class='ocrx_word' id='word_1_289' title='bbox 1169 2315 1423 2373; x_wconf 86' lang='lat' dir='ltr'>dudum</span> <span class='ocrx_word' id='word_1_290' title='bbox 1454 2317 1939 2390; x_wconf 66' lang='lat' dir='ltr'>[Domino],praa-</span> 
     </span>
    </p>
   </div>
   <div class='ocr_carea' id='block_1_42' title="bbox 239 2403 1935 2479">
    <p class='ocr_par' dir='ltr' id='par_1_42' title="bbox 239 2403 1935 2479">
     <span class='ocr_line' id='line_1_42' title="bbox 239 2403 1935 2479; baseline -0.001 -15"><span class='ocrx_word' id='word_1_291' title='bbox 239 2405 479 2464; x_wconf 82' lang='lat' dir='ltr'>valuisti</span> <span class='ocrx_word' id='word_1_292' title='bbox 509 2403 856 2462; x_wconf 88' lang='lat' dir='ltr'>concedere.</span> <span class='ocrx_word' id='word_1_293' title='bbox 889 2410 952 2464; x_wconf 86' lang='lat' dir='ltr'>lu</span> <span class='ocrx_word' id='word_1_294' title='bbox 982 2414 1266 2479; x_wconf 88' lang='lat' dir='ltr'>utroque</span> <span class='ocrx_word' id='word_1_295' title='bbox 1306 2404 1417 2461; x_wconf 86' lang='lat' dir='ltr'>ﬁes</span> <span class='ocrx_word' id='word_1_296' title='bbox 1475 2406 1935 2479; x_wconf 88' lang='lat' dir='ltr'>omnipotentis-</span> 
     </span>
    </p>
   </div>
   <div class='ocr_carea' id='block_1_43' title="bbox 243 2493 1932 2568">
    <p class='ocr_par' dir='ltr' id='par_1_43' title="bbox 243 2493 1932 2568">
     <span class='ocr_line' id='line_1_43' title="bbox 243 2493 1932 2568; baseline -0.002 -14"><span class='ocrx_word' id='word_1_297' title='bbox 243 2496 420 2565; x_wconf 81' lang='lat' dir='ltr'>sima,</span> <span class='ocrx_word' id='word_1_298' title='bbox 451 2495 515 2552; x_wconf 91' lang='lat' dir='ltr'>in</span> <span class='ocrx_word' id='word_1_299' title='bbox 541 2499 798 2568; x_wconf 89' lang='lat' dir='ltr'>utroque</span> <span class='ocrx_word' id='word_1_300' title='bbox 823 2495 1175 2567; x_wconf 87' lang='lat' dir='ltr'>agnosceris</span> <span class='ocrx_word' id='word_1_301' title='bbox 1232 2497 1467 2566; x_wconf 81' lang='lat' dir='ltr'>martyr</span> <span class='ocrx_word' id='word_1_302' title='bbox 1492 2493 1932 2552; x_wconf 83' lang='lat' dir='ltr'>efﬁcacissima.</span> 
     </span>
    </p>
   </div>
   <div class='ocr_carea' id='block_1_44' title="bbox 245 2584 1938 2660">
    <p class='ocr_par' dir='ltr' id='par_1_44' title="bbox 245 2584 1938 2660">
     <span class='ocr_line' id='line_1_44' title="bbox 245 2584 1938 2660; baseline -0.002 -16"><span class='ocrx_word' id='word_1_303' title='bbox 245 2587 344 2644; x_wconf 77' lang='lat' dir='ltr'>llis</span> <span class='ocrx_word' id='word_1_304' title='bbox 371 2591 432 2644; x_wconf 91' lang='lat' dir='ltr'>et</span> <span class='ocrx_word' id='word_1_305' title='bbox 458 2584 685 2642; x_wconf 86' lang='lat' dir='ltr'>talibus</span> <span class='ocrx_word' id='word_1_306' title='bbox 712 2585 1188 2660; x_wconf 87' lang='lat' dir='ltr'>quampluribus</span> <span class='ocrx_word' id='word_1_307' title='bbox 1224 2587 1517 2656; x_wconf 89' lang='lat' dir='ltr'>utrosque</span> <span class='ocrx_word' id='word_1_308' title='bbox 1542 2588 1822 2656; x_wconf 90' lang='lat' dir='ltr'>parentes</span> <span class='ocrx_word' id='word_1_309' title='bbox 1855 2584 1938 2641; x_wconf 91' lang='lat' dir='ltr'>ad</span> 
     </span>
    </p>
   </div>
   <div class='ocr_carea' id='block_1_45' title="bbox 249 2672 1939 2745">
    <p class='ocr_par' dir='ltr' id='par_1_45' title="bbox 249 2672 1939 2745">
     <span class='ocr_line' id='line_1_45' title="bbox 249 2672 1939 2745; baseline -0.003 -10"><span class='ocrx_word' id='word_1_310' title='bbox 249 2676 522 2735; x_wconf 88' lang='lat' dir='ltr'>defuncti</span> <span class='ocrx_word' id='word_1_311' title='bbox 544 2674 650 2732; x_wconf 85' lang='lat' dir='ltr'>ﬁlii</span> <span class='ocrx_word' id='word_1_312' title='bbox 676 2674 952 2733; x_wconf 85' lang='lat' dir='ltr'>feretrum</span> <span class='ocrx_word' id='word_1_313' title='bbox 976 2672 1461 2732; x_wconf 88' lang='lat' dir='ltr'>irremediabilis</span> <span class='ocrx_word' id='word_1_314' title='bbox 1519 2673 1786 2730; x_wconf 90' lang='lat' dir='ltr'>torrebat</span> <span class='ocrx_word' id='word_1_315' title='bbox 1810 2674 1939 2745; x_wconf 88' lang='lat' dir='ltr'>[do-</span> 
     </span>
    </p>
   </div>
   <div class='ocr_carea' id='block_1_46' title="bbox 249 2762 1936 2840">
    <p class='ocr_par' dir='ltr' id='par_1_46' title="bbox 249 2762 1936 2840">
     <span class='ocr_line' id='line_1_46' title="bbox 249 2762 1936 2840; baseline -0.004 -16"><span class='ocrx_word' id='word_1_316' title='bbox 249 2768 385 2840; x_wconf 91' lang='lat' dir='ltr'>lor],</span> <span class='ocrx_word' id='word_1_317' title='bbox 413 2765 821 2840; x_wconf 81' lang='lat' dir='ltr'>exanimeque</span> <span class='ocrx_word' id='word_1_318' title='bbox 840 2781 1052 2839; x_wconf 89' lang='lat' dir='ltr'>corpus</span> <span class='ocrx_word' id='word_1_319' title='bbox 1105 2762 1435 2836; x_wconf 83' lang='lat' dir='ltr'>amplexos</span> <span class='ocrx_word' id='word_1_320' title='bbox 1489 2762 1772 2833; x_wconf 86' lang='lat' dir='ltr'>gravibus</span> <span class='ocrx_word' id='word_1_321' title='bbox 1801 2779 1936 2819; x_wconf 90' lang='lat' dir='ltr'>sus-</span> 
     </span>
    </p>
   </div>
   <div class='ocr_carea' id='block_1_47' title="bbox 250 2851 1937 2931">
    <p class='ocr_par' dir='ltr' id='par_1_47' title="bbox 250 2851 1937 2931">
     <span class='ocr_line' id='line_1_47' title="bbox 250 2851 1937 2931; baseline -0.004 -17"><span class='ocrx_word' id='word_1_322' title='bbox 250 2857 550 2931; x_wconf 86' lang='lat' dir='ltr'>piriornm</span> <span class='ocrx_word' id='word_1_323' title='bbox 580 2854 940 2928; x_wconf 85' lang='lat' dir='ltr'>singultibus</span> <span class='ocrx_word' id='word_1_324' title='bbox 967 2851 1295 2924; x_wconf 86' lang='lat' dir='ltr'>fatigabat.</span> <span class='ocrx_word' id='word_1_325' title='bbox 1328 2852 1739 2924; x_wconf 89' lang='lat' dir='ltr'>Cumquejam</span> <span class='ocrx_word' id='word_1_326' title='bbox 1758 2851 1937 2923; x_wconf 91' lang='lat' dir='ltr'>baju-</span> 
     </span>
    </p>
   </div>
   <div class='ocr_carea' id='block_1_48' title="bbox 252 2939 2005 3027">
    <p class='ocr_par' dir='ltr' id='par_1_48' title="bbox 252 2939 2005 3027">
     <span class='ocr_line' id='line_1_48' title="bbox 252 2939 2005 3027; baseline -0.003 -24"><span class='ocrx_word' id='word_1_327' title='bbox 252 2946 289 3003; x_wconf 88' lang='lat' dir='ltr'>li</span> <span class='ocrx_word' id='word_1_328' title='bbox 317 2944 712 3019; x_wconf 87' lang='lat' dir='ltr'>sandapilam</span> <span class='ocrx_word' id='word_1_329' title='bbox 742 2944 1090 3017; x_wconf 88' lang='lat' dir='ltr'>arriperent,</span> <span class='ocrx_word' id='word_1_330' title='bbox 1115 2945 1189 2996; x_wconf 86' lang='lat' dir='ltr'>ut</span> <span class='ocrx_word' id='word_1_331' title='bbox 1232 2939 1312 2995; x_wconf 90' lang='lat' dir='ltr'>ad</span> <span class='ocrx_word' id='word_1_332' title='bbox 1333 2939 1649 2996; x_wconf 88' lang='lat' dir='ltr'>ecclesiam</span> <span class='ocrx_word' id='word_1_333' title='bbox 1678 2940 1937 2997; x_wconf 89' lang='lat' dir='ltr'>human-</span> <span class='ocrx_word' id='word_1_334' title='bbox 1965 2972 2005 3027; x_wconf 65' lang='grc' dir='ltr'>ο</span> 
     </span>
    </p>
   </div>
   <div class='ocr_carea' id='block_1_49' title="bbox 250 3028 1934 3106">
    <p class='ocr_par' dir='ltr' id='par_1_49' title="bbox 250 3028 1934 3106">
     <span class='ocr_line' id='line_1_49' title="bbox 250 3028 1934 3106; baseline -0.004 -13"><span class='ocrx_word' id='word_1_335' title='bbox 250 3036 313 3093; x_wconf 88' lang='lat' dir='ltr'>di</span> <span class='ocrx_word' id='word_1_336' title='bbox 338 3051 534 3092; x_wconf 70' lang='lat' dir='ltr'>causa</span> <span class='ocrx_word' id='word_1_337' title='bbox 562 3034 884 3101; x_wconf 87' lang='lat' dir='ltr'>deferrent,</span> <span class='ocrx_word' id='word_1_338' title='bbox 902 3034 1190 3106; x_wconf 87' lang='lat' dir='ltr'>parentes</span> <span class='ocrx_word' id='word_1_339' title='bbox 1213 3028 1706 3086; x_wconf 87' lang='lat' dir='ltr'>lamentabilibus</span> <span class='ocrx_word' id='word_1_340' title='bbox 1735 3030 1934 3086; x_wconf 90' lang='lat' dir='ltr'>modis</span> 
     </span>
    </p>
   </div>
   <div class='ocr_carea' id='block_1_50' title="bbox 254 3118 1933 3196">
    <p class='ocr_par' dir='ltr' id='par_1_50' title="bbox 254 3118 1933 3196">
     <span class='ocr_line' id='line_1_50' title="bbox 254 3118 1933 3196; baseline -0.004 -13"><span class='ocrx_word' id='word_1_341' title='bbox 254 3131 533 3183; x_wconf 88' lang='lat' dir='ltr'>sanctam</span> <span class='ocrx_word' id='word_1_342' title='bbox 567 3124 773 3181; x_wconf 81' lang='lat' dir='ltr'>Fidem</span> <span class='ocrx_word' id='word_1_343' title='bbox 819 3122 1222 3196; x_wconf 89' lang='lat' dir='ltr'>proclamant,</span> <span class='ocrx_word' id='word_1_344' title='bbox 1280 3122 1339 3175; x_wconf 90' lang='lat' dir='ltr'>et</span> <span class='ocrx_word' id='word_1_345' title='bbox 1393 3123 1457 3176; x_wconf 91' lang='lat' dir='ltr'>ut</span> <span class='ocrx_word' id='word_1_346' title='bbox 1503 3118 1589 3175; x_wconf 90' lang='lat' dir='ltr'>eis</span> <span class='ocrx_word' id='word_1_347' title='bbox 1639 3119 1933 3176; x_wconf 90' lang='lat' dir='ltr'>amissum</span> 
     </span>
    </p>
   </div>
   <div class='ocr_carea' id='block_1_51' title="bbox 252 3207 1931 3273">
    <p class='ocr_par' dir='ltr' id='par_1_51' title="bbox 252 3207 1931 3273">
     <span class='ocr_line' id='line_1_51' title="bbox 252 3207 1931 3273; baseline -0.003 1"><span class='ocrx_word' id='word_1_348' title='bbox 252 3216 492 3273; x_wconf 90' lang='lat' dir='ltr'>donum</span> <span class='ocrx_word' id='word_1_349' title='bbox 518 3230 731 3272; x_wconf 88' lang='lat' dir='ltr'>rursus</span> <span class='ocrx_word' id='word_1_350' title='bbox 764 3212 1033 3268; x_wconf 90' lang='lat' dir='ltr'>restituat</span> <span class='ocrx_word' id='word_1_351' title='bbox 1053 3208 1226 3265; x_wconf 89' lang='lat' dir='ltr'>miris</span> <span class='ocrx_word' id='word_1_352' title='bbox 1244 3207 1570 3265; x_wconf 90' lang='lat' dir='ltr'>ululatibus</span> <span class='ocrx_word' id='word_1_353' title='bbox 1588 3208 1931 3269; x_wconf 89' lang='lat' dir='ltr'>obsecrant.</span> 
     </span>
    </p>
   </div>
   <div class='ocr_carea' id='block_1_52' title="bbox 254 3297 1933 3373">
    <p class='ocr_par' dir='ltr' id='par_1_52' title="bbox 254 3297 1933 3373">
     <span class='ocr_line' id='line_1_52' title="bbox 254 3297 1933 3373; baseline -0.005 -11"><span class='ocrx_word' id='word_1_354' title='bbox 254 3305 490 3373; x_wconf 88' lang='lat' dir='ltr'>Quibus</span> <span class='ocrx_word' id='word_1_355' title='bbox 515 3305 599 3361; x_wconf 88' lang='lat' dir='ltr'>ita</span> <span class='ocrx_word' id='word_1_356' title='bbox 620 3302 701 3360; x_wconf 91' lang='lat' dir='ltr'>ad</span> <span class='ocrx_word' id='word_1_357' title='bbox 731 3301 955 3358; x_wconf 65' lang='lat' dir='ltr'>aethera</span> <span class='ocrx_word' id='word_1_358' title='bbox 979 3314 1178 3371; x_wconf 90' lang='lat' dir='ltr'>usque</span> <span class='ocrx_word' id='word_1_359' title='bbox 1217 3297 1496 3354; x_wconf 88' lang='lat' dir='ltr'>funereos</span> <span class='ocrx_word' id='word_1_360' title='bbox 1527 3297 1824 3354; x_wconf 90' lang='lat' dir='ltr'>clamores</span> <span class='ocrx_word' id='word_1_361' title='bbox 1848 3299 1933 3355; x_wconf 85' lang='lat' dir='ltr'>fe-</span> 
     </span>
    </p>
   </div>
   <div class='ocr_carea' id='block_1_53' title="bbox 250 3386 1936 3465">
    <p class='ocr_par' dir='ltr' id='par_1_53' title="bbox 250 3386 1936 3465">
     <span class='ocr_line' id='line_1_53' title="bbox 250 3386 1936 3465; baseline -0.005 -13"><span class='ocrx_word' id='word_1_362' title='bbox 250 3394 547 3465; x_wconf 88' lang='lat' dir='ltr'>rentibus,</span> <span class='ocrx_word' id='word_1_363' title='bbox 578 3408 717 3449; x_wconf 90' lang='lat' dir='ltr'>ecce</span> <span class='ocrx_word' id='word_1_364' title='bbox 745 3389 921 3465; x_wconf 90' lang='lat' dir='ltr'>quasi</span> <span class='ocrx_word' id='word_1_365' title='bbox 947 3388 1024 3445; x_wconf 92' lang='lat' dir='ltr'>de</span> <span class='ocrx_word' id='word_1_366' title='bbox 1051 3386 1224 3459; x_wconf 87' lang='lat' dir='ltr'>gravi</span> <span class='ocrx_word' id='word_1_367' title='bbox 1252 3402 1470 3444; x_wconf 88' lang='lat' dir='ltr'>somno</span> <span class='ocrx_word' id='word_1_368' title='bbox 1499 3387 1740 3442; x_wconf 91' lang='lat' dir='ltr'>rediens</span> <span class='ocrx_word' id='word_1_369' title='bbox 1791 3388 1936 3445; x_wconf 86' lang='lat' dir='ltr'>ado-</span> 
     </span>
    </p>
   </div>
   <div class='ocr_carea' id='block_1_54' title="bbox 251 3474 1933 3552">
    <p class='ocr_par' dir='ltr' id='par_1_54' title="bbox 251 3474 1933 3552">
     <span class='ocr_line' id='line_1_54' title="bbox 251 3474 1933 3552; baseline -0.004 -13"><span class='ocrx_word' id='word_1_370' title='bbox 251 3483 489 3541; x_wconf 89' lang='lat' dir='ltr'>lescens</span> <span class='ocrx_word' id='word_1_371' title='bbox 516 3481 634 3552; x_wconf 88' lang='lat' dir='ltr'>ille,</span> <span class='ocrx_word' id='word_1_372' title='bbox 664 3484 851 3552; x_wconf 88' lang='lat' dir='ltr'>caput</span> <span class='ocrx_word' id='word_1_373' title='bbox 879 3494 916 3535; x_wconf 92' lang='lat' dir='ltr'>a</span> <span class='ocrx_word' id='word_1_374' title='bbox 942 3477 1164 3534; x_wconf 90' lang='lat' dir='ltr'>feretro</span> <span class='ocrx_word' id='word_1_375' title='bbox 1219 3474 1421 3543; x_wconf 83' lang='lat' dir='ltr'>erexit,</span> <span class='ocrx_word' id='word_1_376' title='bbox 1466 3474 1806 3547; x_wconf 88' lang='lat' dir='ltr'>faciemque</span> <span class='ocrx_word' id='word_1_377' title='bbox 1836 3492 1933 3532; x_wconf 86' lang='lat' dir='ltr'>su-</span> 
     </span>
    </p>
   </div>
   <div class='ocr_carea' id='block_1_55' title="bbox 252 3562 1933 3643">
    <p class='ocr_par' dir='ltr' id='par_1_55' title="bbox 252 3562 1933 3643">
     <span class='ocr_line' id='line_1_55' title="bbox 252 3562 1933 3643; baseline -0.005 -14"><span class='ocrx_word' id='word_1_378' title='bbox 252 3572 429 3628; x_wconf 90' lang='lat' dir='ltr'>dario</span> <span class='ocrx_word' id='word_1_379' title='bbox 453 3571 585 3643; x_wconf 89' lang='lat' dir='ltr'>jam</span> <span class='ocrx_word' id='word_1_380' title='bbox 598 3568 959 3641; x_wconf 87' lang='lat' dir='ltr'>adopertam</span> <span class='ocrx_word' id='word_1_381' title='bbox 989 3562 1363 3632; x_wconf 88' lang='lat' dir='ltr'>concutiens,</span> <span class='ocrx_word' id='word_1_382' title='bbox 1390 3562 1763 3621; x_wconf 87' lang='lat' dir='ltr'>adstantium</span> <span class='ocrx_word' id='word_1_383' title='bbox 1792 3568 1933 3621; x_wconf 89' lang='lat' dir='ltr'>stre-</span> 
     </span>
    </p>
   </div>
   <div class='ocr_carea' id='block_1_56' title="bbox 253 3651 1933 3736">
    <p class='ocr_par' dir='ltr' id='par_1_56' title="bbox 253 3651 1933 3736">
     <span class='ocr_line' id='line_1_56' title="bbox 253 3651 1933 3736; baseline -0.004 -18"><span class='ocrx_word' id='word_1_384' title='bbox 253 3662 458 3736; x_wconf 88' lang='lat' dir='ltr'>pitum</span> <span class='ocrx_word' id='word_1_385' title='bbox 477 3658 682 3716; x_wconf 87' lang='lat' dir='ltr'>mirari</span> <span class='ocrx_word' id='word_1_386' title='bbox 712 3656 911 3731; x_wconf 64' lang='lat' dir='ltr'>capit.</span> <span class='ocrx_word' id='word_1_387' title='bbox 946 3658 1141 3722; x_wconf 86' lang='lat' dir='ltr'>Quem</span> <span class='ocrx_word' id='word_1_388' title='bbox 1169 3656 1382 3722; x_wconf 87' lang='lat' dir='ltr'>mater,</span> <span class='ocrx_word' id='word_1_389' title='bbox 1405 3654 1690 3711; x_wconf 89' lang='lat' dir='ltr'>irremota</span> <span class='ocrx_word' id='word_1_390' title='bbox 1716 3651 1933 3711; x_wconf 86' lang='lat' dir='ltr'>feretro</span> 
     </span>
    </p>
   </div>
   <div class='ocr_carea' id='block_1_57' title="bbox 256 3742 1933 3818">
    <p class='ocr_par' dir='ltr' id='par_1_57' title="bbox 256 3742 1933 3818">
     <span class='ocr_line' id='line_1_57' title="bbox 256 3742 1933 3818; baseline -0.005 -9"><span class='ocrx_word' id='word_1_391' title='bbox 256 3749 641 3818; x_wconf 87' lang='lat' dir='ltr'>incumbens,</span> <span class='ocrx_word' id='word_1_392' title='bbox 681 3764 828 3805; x_wconf 82' lang='lat' dir='ltr'>mox</span> <span class='ocrx_word' id='word_1_393' title='bbox 848 3750 916 3803; x_wconf 91' lang='lat' dir='ltr'>ut</span> <span class='ocrx_word' id='word_1_394' title='bbox 941 3743 1229 3802; x_wconf 83' lang='lat' dir='ltr'>vitalibus</span> <span class='ocrx_word' id='word_1_395' title='bbox 1255 3742 1416 3799; x_wconf 90' lang='lat' dir='ltr'>auris</span> <span class='ocrx_word' id='word_1_396' title='bbox 1474 3743 1773 3799; x_wconf 87' lang='lat' dir='ltr'>fruentem</span> <span class='ocrx_word' id='word_1_397' title='bbox 1802 3760 1933 3816; x_wconf 89' lang='lat' dir='ltr'>per-</span> 
     </span>
    </p>
   </div>
   <div class='ocr_carea' id='block_1_58' title="bbox 258 3830 1930 3914">
    <p class='ocr_par' dir='ltr' id='par_1_58' title="bbox 258 3830 1930 3914">
     <span class='ocr_line' id='line_1_58' title="bbox 258 3830 1930 3914; baseline -0.006 -15"><span class='ocrx_word' id='word_1_398' title='bbox 258 3841 469 3913; x_wconf 89' lang='lat' dir='ltr'>sensit,</span> <span class='ocrx_word' id='word_1_399' title='bbox 492 3854 749 3914; x_wconf 89' lang='lat' dir='ltr'>propere</span> <span class='ocrx_word' id='word_1_400' title='bbox 777 3836 1011 3893; x_wconf 80' lang='lat' dir='ltr'>vultum</span> <span class='ocrx_word' id='word_1_401' title='bbox 1068 3848 1411 3905; x_wconf 90' lang='lat' dir='ltr'>manusque</span> <span class='ocrx_word' id='word_1_402' title='bbox 1458 3830 1703 3888; x_wconf 89' lang='lat' dir='ltr'>resolvit</span> <span class='ocrx_word' id='word_1_403' title='bbox 1733 3850 1745 3903; x_wconf 94' lang='lat'><strong>;</strong></span> <span class='ocrx_word' id='word_1_404' title='bbox 1802 3849 1930 3889; x_wconf 90' lang='lat' dir='ltr'>ver-</span> 
     </span>
    </p>
   </div>
   <div class='ocr_carea' id='block_1_59' title="bbox 264 3920 1928 4004">
    <p class='ocr_par' dir='ltr' id='par_1_59' title="bbox 264 3920 1928 4004">
     <span class='ocr_line' id='line_1_59' title="bbox 264 3920 1928 4004; baseline -0.005 -17"><span class='ocrx_word' id='word_1_405' title='bbox 264 3931 473 4004; x_wconf 84' lang='lat' dir='ltr'>sisque</span> <span class='ocrx_word' id='word_1_406' title='bbox 499 3928 716 3999; x_wconf 90' lang='lat' dir='ltr'>modis,</span> <span class='ocrx_word' id='word_1_407' title='bbox 748 3942 873 4000; x_wconf 78' lang='lat' dir='ltr'>prae</span> <span class='ocrx_word' id='word_1_408' title='bbox 902 3923 1094 3981; x_wconf 90' lang='lat' dir='ltr'>nimio</span> <span class='ocrx_word' id='word_1_409' title='bbox 1119 3920 1345 3993; x_wconf 89' lang='lat' dir='ltr'>gaudio</span> <span class='ocrx_word' id='word_1_410' title='bbox 1370 3922 1612 3979; x_wconf 87' lang='lat' dir='ltr'>ﬂetibus</span> <span class='ocrx_word' id='word_1_411' title='bbox 1637 3936 1743 3978; x_wconf 89' lang='lat' dir='ltr'>ora</span> <span class='ocrx_word' id='word_1_412' title='bbox 1772 3922 1928 3992; x_wconf 88' lang='lat' dir='ltr'>riga-</span> 
     </span>
    </p>
   </div>
   <div class='ocr_carea' id='block_1_60' title="bbox 266 4008 1929 4087">
    <p class='ocr_par' dir='ltr' id='par_1_60' title="bbox 266 4008 1929 4087">
     <span class='ocr_line' id='line_1_60' title="bbox 266 4008 1929 4087; baseline -0.005 -11"><span class='ocrx_word' id='word_1_413' title='bbox 266 4019 374 4077; x_wconf 81' lang='lat' dir='ltr'>vit.</span> <span class='ocrx_word' id='word_1_414' title='bbox 410 4022 530 4085; x_wconf 88' lang='lat' dir='ltr'>Quo</span> <span class='ocrx_word' id='word_1_415' title='bbox 554 4017 686 4073; x_wconf 91' lang='lat' dir='ltr'>viso</span> <span class='ocrx_word' id='word_1_416' title='bbox 715 4013 916 4072; x_wconf 90' lang='lat' dir='ltr'>omnis</span> <span class='ocrx_word' id='word_1_417' title='bbox 945 4016 1158 4069; x_wconf 88' lang='lat' dir='ltr'>astans</span> <span class='ocrx_word' id='word_1_418' title='bbox 1204 4015 1391 4087; x_wconf 85' lang='lat' dir='ltr'>coetus</span> <span class='ocrx_word' id='word_1_419' title='bbox 1442 4008 1708 4079; x_wconf 87' lang='lat' dir='ltr'>diriguit,</span> <span class='ocrx_word' id='word_1_420' title='bbox 1737 4011 1929 4068; x_wconf 89' lang='lat' dir='ltr'>calor-</span> 
     </span>
    </p>
   </div>
   <div class='ocr_carea' id='block_1_61' title="bbox 265 4098 1930 4184">
    <p class='ocr_par' dir='ltr' id='par_1_61' title="bbox 265 4098 1930 4184">
     <span class='ocr_line' id='line_1_61' title="bbox 265 4098 1930 4184; baseline -0.004 -19"><span class='ocrx_word' id='word_1_421' title='bbox 265 4125 393 4184; x_wconf 85' lang='lat' dir='ltr'>que</span> <span class='ocrx_word' id='word_1_422' title='bbox 421 4108 692 4164; x_wconf 89' lang='lat' dir='ltr'>omnium</span> <span class='ocrx_word' id='word_1_423' title='bbox 721 4121 867 4162; x_wconf 89' lang='lat' dir='ltr'>ossa</span> <span class='ocrx_word' id='word_1_424' title='bbox 916 4102 1285 4175; x_wconf 90' lang='lat' dir='ltr'>relinquens,</span> <span class='ocrx_word' id='word_1_425' title='bbox 1344 4098 1633 4156; x_wconf 71' lang='lat' dir='ltr'>ineffabili</span> <span class='ocrx_word' id='word_1_426' title='bbox 1688 4103 1930 4175; x_wconf 88' lang='lat' dir='ltr'>stupore</span> 
     </span>
    </p>
   </div>
   <div class='ocr_carea' id='block_1_62' title="bbox 259 4189 1931 4270">
    <p class='ocr_par' dir='ltr' id='par_1_62' title="bbox 259 4189 1931 4270">
     <span class='ocr_line' id='line_1_62' title="bbox 259 4189 1931 4270; baseline -0.006 -14"><span class='ocrx_word' id='word_1_427' title='bbox 259 4203 573 4256; x_wconf 85' lang='lat' dir='ltr'>cernentes</span> <span class='ocrx_word' id='word_1_428' title='bbox 599 4192 936 4270; x_wconf 86' lang='lat' dir='ltr'>perterruit.</span> <span class='ocrx_word' id='word_1_429' title='bbox 972 4191 1239 4265; x_wconf 88' lang='lat' dir='ltr'>Denique</span> <span class='ocrx_word' id='word_1_430' title='bbox 1290 4206 1430 4247; x_wconf 90' lang='lat' dir='ltr'>eum</span> <span class='ocrx_word' id='word_1_431' title='bbox 1473 4206 1511 4245; x_wconf 90' lang='lat' dir='ltr'>a</span> <span class='ocrx_word' id='word_1_432' title='bbox 1553 4189 1765 4246; x_wconf 90' lang='lat' dir='ltr'>mortis</span> <span class='ocrx_word' id='word_1_433' title='bbox 1814 4194 1931 4247; x_wconf 87' lang='lat' dir='ltr'>ter-</span> 
     </span>
    </p>
   </div>
   <div class='ocr_carea' id='block_1_63' title="bbox 257 4277 1931 4364">
    <p class='ocr_par' dir='ltr' id='par_1_63' title="bbox 257 4277 1931 4364">
     <span class='ocr_line' id='line_1_63' title="bbox 257 4277 1931 4364; baseline -0.005 -18"><span class='ocrx_word' id='word_1_434' title='bbox 257 4304 411 4364; x_wconf 86' lang='lat' dir='ltr'>pore</span> <span class='ocrx_word' id='word_1_435' title='bbox 437 4286 768 4343; x_wconf 88' lang='lat' dir='ltr'>resolutum</span> <span class='ocrx_word' id='word_1_436' title='bbox 812 4282 1112 4355; x_wconf 91' lang='lat' dir='ltr'>genitores</span> <span class='ocrx_word' id='word_1_437' title='bbox 1152 4280 1283 4352; x_wconf 89' lang='lat' dir='ltr'>ejus</span> <span class='ocrx_word' id='word_1_438' title='bbox 1312 4277 1651 4353; x_wconf 88' lang='lat' dir='ltr'>percontari</span> <span class='ocrx_word' id='word_1_439' title='bbox 1684 4280 1931 4337; x_wconf 83' lang='lat' dir='ltr'>studue-</span> 
     </span>
    </p>
   </div>
   <div class='ocr_carea' id='block_1_64' title="bbox 258 4368 1929 4446">
    <p class='ocr_par' dir='ltr' id='par_1_64' title="bbox 258 4368 1929 4446">
     <span class='ocr_line' id='line_1_64' title="bbox 258 4368 1929 4446; baseline -0.005 -12"><span class='ocrx_word' id='word_1_440' title='bbox 258 4382 407 4435; x_wconf 87' lang='lat' dir='ltr'>runt</span> <span class='ocrx_word' id='word_1_441' title='bbox 428 4376 477 4432; x_wconf 90' lang='lat' dir='ltr'>si</span> <span class='ocrx_word' id='word_1_442' title='bbox 506 4375 655 4432; x_wconf 88' lang='lat' dir='ltr'>forte</span> <span class='ocrx_word' id='word_1_443' title='bbox 711 4370 1017 4446; x_wconf 91' lang='lat' dir='ltr'>corporeis</span> <span class='ocrx_word' id='word_1_444' title='bbox 1066 4368 1357 4427; x_wconf 90' lang='lat' dir='ltr'>membris</span> <span class='ocrx_word' id='word_1_445' title='bbox 1409 4372 1626 4425; x_wconf 82' lang='lat' dir='ltr'>exutus</span> <span class='ocrx_word' id='word_1_446' title='bbox 1658 4368 1821 4425; x_wconf 89' lang='lat' dir='ltr'>aliud</span> <span class='ocrx_word' id='word_1_447' title='bbox 1851 4370 1929 4425; x_wconf 90' lang='lat' dir='ltr'>ad</span> 
     </span>
    </p>
   </div>
   <div class='ocr_carea' id='block_1_65' title="bbox 261 4456 1929 4540">
    <p class='ocr_par' dir='ltr' id='par_1_65' title="bbox 261 4456 1929 4540">
     <span class='ocr_line' id='line_1_65' title="bbox 261 4456 1929 4540; baseline -0.006 -16"><span class='ocrx_word' id='word_1_448' title='bbox 261 4482 528 4540; x_wconf 85' lang='lat' dir='ltr'>regnum</span> <span class='ocrx_word' id='word_1_449' title='bbox 546 4464 867 4522; x_wconf 86' lang='lat' dir='ltr'>duceretur</span> <span class='ocrx_word' id='word_1_450' title='bbox 900 4480 914 4529; x_wconf 91' lang='lat'><strong>;</strong></span> <span class='ocrx_word' id='word_1_451' title='bbox 946 4476 1045 4529; x_wconf 88' lang='lat' dir='ltr'>an,</span> <span class='ocrx_word' id='word_1_452' title='bbox 1075 4460 1139 4516; x_wconf 92' lang='lat' dir='ltr'>in</span> <span class='ocrx_word' id='word_1_453' title='bbox 1163 4458 1388 4515; x_wconf 81' lang='lat' dir='ltr'>exstasi</span> <span class='ocrx_word' id='word_1_454' title='bbox 1417 4456 1635 4514; x_wconf 89' lang='lat' dir='ltr'>mentis</span> <span class='ocrx_word' id='word_1_455' title='bbox 1672 4458 1929 4531; x_wconf 88' lang='lat' dir='ltr'>positus,</span> 
     </span>
    </p>
   </div>
   <div class='ocr_carea' id='block_1_66' title="bbox 262 4546 1928 4621">
    <p class='ocr_par' dir='ltr' id='par_1_66' title="bbox 262 4546 1928 4621">
     <span class='ocr_line' id='line_1_66' title="bbox 262 4546 1928 4621; baseline -0.007 -7"><span class='ocrx_word' id='word_1_456' title='bbox 262 4557 464 4614; x_wconf 86' lang='lat' dir='ltr'>adhuc</span> <span class='ocrx_word' id='word_1_457' title='bbox 496 4553 657 4611; x_wconf 82' lang='lat' dir='ltr'>vitali</span> <span class='ocrx_word' id='word_1_458' title='bbox 684 4552 883 4609; x_wconf 87' lang='lat' dir='ltr'>calore</span> <span class='ocrx_word' id='word_1_459' title='bbox 921 4548 1211 4605; x_wconf 89' lang='lat' dir='ltr'>membris</span> <span class='ocrx_word' id='word_1_460' title='bbox 1238 4547 1539 4621; x_wconf 90' lang='lat' dir='ltr'>collapsus</span> <span class='ocrx_word' id='word_1_461' title='bbox 1561 4546 1928 4617; x_wconf 84' lang='lat' dir='ltr'>fungeretur.</span> 
     </span>
    </p>
   </div>
   <div class='ocr_carea' id='block_1_67' title="bbox 262 4636 1936 4713">
    <p class='ocr_par' dir='ltr' id='par_1_67' title="bbox 262 4636 1936 4713">
     <span class='ocr_line' id='line_1_67' title="bbox 262 4636 1936 4713; baseline -0.006 -11"><span class='ocrx_word' id='word_1_462' title='bbox 262 4645 379 4712; x_wconf 85' lang='lat' dir='ltr'>Qui</span> <span class='ocrx_word' id='word_1_463' title='bbox 409 4660 555 4701; x_wconf 79' lang='lat' dir='ltr'>mox</span> <span class='ocrx_word' id='word_1_464' title='bbox 585 4659 647 4699; x_wconf 88' lang='lat' dir='ltr'>se</span> <span class='ocrx_word' id='word_1_465' title='bbox 676 4642 758 4699; x_wconf 88' lang='lat' dir='ltr'>ab</span> <span class='ocrx_word' id='word_1_466' title='bbox 787 4641 902 4697; x_wconf 89' lang='lat' dir='ltr'>hoc</span> <span class='ocrx_word' id='word_1_467' title='bbox 927 4637 1204 4713; x_wconf 64' lang='lat' dir='ltr'>praesenti</span> <span class='ocrx_word' id='word_1_468' title='bbox 1216 4636 1435 4693; x_wconf 71' lang='lat' dir='ltr'>saeculo</span> <span class='ocrx_word' id='word_1_469' title='bbox 1461 4652 1710 4711; x_wconf 89' lang='lat' dir='ltr'>prorsus</span> <span class='ocrx_word' id='word_1_470' title='bbox 1738 4651 1936 4706; x_wconf 90' lang='lat' dir='ltr'>egres-</span> 
     </span>
    </p>
   </div>
   <div class='ocr_carea' id='block_1_68' title="bbox 265 4723 1931 4803">
    <p class='ocr_par' dir='ltr' id='par_1_68' title="bbox 265 4723 1931 4803">
     <span class='ocr_line' id='line_1_68' title="bbox 265 4723 1931 4803; baseline -0.007 -11"><span class='ocrx_word' id='word_1_471' title='bbox 265 4752 428 4803; x_wconf 89' lang='lat' dir='ltr'>sum,</span> <span class='ocrx_word' id='word_1_472' title='bbox 455 4737 514 4790; x_wconf 86' lang='lat' dir='ltr'>et</span> <span class='ocrx_word' id='word_1_473' title='bbox 532 4731 611 4790; x_wconf 88' lang='lat' dir='ltr'>ad</span> <span class='ocrx_word' id='word_1_474' title='bbox 640 4730 959 4787; x_wconf 88' lang='lat' dir='ltr'>tenebrosa</span> <span class='ocrx_word' id='word_1_475' title='bbox 982 4728 1117 4784; x_wconf 89' lang='lat' dir='ltr'>loca</span> <span class='ocrx_word' id='word_1_476' title='bbox 1146 4725 1473 4782; x_wconf 90' lang='lat' dir='ltr'>deductum</span> <span class='ocrx_word' id='word_1_477' title='bbox 1507 4742 1520 4793; x_wconf 88' lang='lat'><strong>;</strong></span> <span class='ocrx_word' id='word_1_478' title='bbox 1568 4723 1729 4779; x_wconf 88' lang='lat' dir='ltr'>unde</span> <span class='ocrx_word' id='word_1_479' title='bbox 1756 4740 1931 4781; x_wconf 84' lang='lat' dir='ltr'>sanc-</span> 
     </span>
    </p>
   </div>
   <div class='ocr_carea' id='block_1_69' title="bbox 265 4814 1932 4893">
    <p class='ocr_par' dir='ltr' id='par_1_69' title="bbox 265 4814 1932 4893">
     <span class='ocr_line' id='line_1_69' title="bbox 265 4814 1932 4893; baseline -0.008 -11"><span class='ocrx_word' id='word_1_480' title='bbox 265 4831 327 4882; x_wconf 86' lang='lat' dir='ltr'>ta</span> <span class='ocrx_word' id='word_1_481' title='bbox 357 4824 529 4881; x_wconf 81' lang='lat' dir='ltr'>Fides</span> <span class='ocrx_word' id='word_1_482' title='bbox 558 4838 699 4893; x_wconf 84' lang='lat' dir='ltr'>cum</span> <span class='ocrx_word' id='word_1_483' title='bbox 719 4820 777 4877; x_wconf 89' lang='lat' dir='ltr'>vi</span> <span class='ocrx_word' id='word_1_484' title='bbox 809 4818 1047 4888; x_wconf 83' lang='lat' dir='ltr'>exemit,</span> <span class='ocrx_word' id='word_1_485' title='bbox 1085 4820 1144 4873; x_wconf 92' lang='lat' dir='ltr'>et</span> <span class='ocrx_word' id='word_1_486' title='bbox 1198 4815 1278 4873; x_wconf 93' lang='lat' dir='ltr'>ad</span> <span class='ocrx_word' id='word_1_487' title='bbox 1328 4814 1698 4871; x_wconf 88' lang='lat' dir='ltr'>resumenda</span> <span class='ocrx_word' id='word_1_488' title='bbox 1748 4815 1932 4887; x_wconf 90' lang='lat' dir='ltr'>hujus</span> 
     </span>
    </p>
   </div>
   <div class='ocr_carea' id='block_1_70' title="bbox 266 4902 1932 4986">
    <p class='ocr_par' dir='ltr' id='par_1_70' title="bbox 266 4902 1932 4986">
     <span class='ocr_line' id='line_1_70' title="bbox 266 4902 1932 4986; baseline -0.008 -15"><span class='ocrx_word' id='word_1_489' title='bbox 266 4913 417 4970; x_wconf 88' lang='lat' dir='ltr'>solis</span> <span class='ocrx_word' id='word_1_490' title='bbox 433 4910 765 4986; x_wconf 85' lang='lat' dir='ltr'>spiramina</span> <span class='ocrx_word' id='word_1_491' title='bbox 794 4906 1032 4965; x_wconf 90' lang='lat' dir='ltr'>refudit.</span> <span class='ocrx_word' id='word_1_492' title='bbox 1066 4908 1152 4972; x_wconf 89' lang='lat' dir='ltr'>Et,</span> <span class='ocrx_word' id='word_1_493' title='bbox 1186 4908 1253 4961; x_wconf 89' lang='lat' dir='ltr'>ut</span> <span class='ocrx_word' id='word_1_494' title='bbox 1277 4903 1682 4960; x_wconf 87' lang='lat' dir='ltr'>credibiliores</span> <span class='ocrx_word' id='word_1_495' title='bbox 1711 4902 1774 4959; x_wconf 91' lang='lat' dir='ltr'>in</span> <span class='ocrx_word' id='word_1_496' title='bbox 1802 4907 1932 4959; x_wconf 85' lang='lat' dir='ltr'>tan-</span> 
     </span>
    </p>
   </div>
   <div class='ocr_carea' id='block_1_71' title="bbox 264 4992 1932 5067">
    <p class='ocr_par' dir='ltr' id='par_1_71' title="bbox 264 4992 1932 5067">
     <span class='ocr_line' id='line_1_71' title="bbox 264 4992 1932 5067; baseline -0.008 -8"><span class='ocrx_word' id='word_1_497' title='bbox 264 5004 308 5060; x_wconf 83' lang='lat' dir='ltr'>ti</span> <span class='ocrx_word' id='word_1_498' title='bbox 334 5000 613 5058; x_wconf 88' lang='lat' dir='ltr'>miraculi</span> <span class='ocrx_word' id='word_1_499' title='bbox 639 4997 926 5055; x_wconf 87' lang='lat' dir='ltr'>relatione</span> <span class='ocrx_word' id='word_1_500' title='bbox 954 4995 1191 5067; x_wconf 89' lang='lat' dir='ltr'>utrique</span> <span class='ocrx_word' id='word_1_501' title='bbox 1214 4997 1495 5066; x_wconf 90' lang='lat' dir='ltr'>parentes</span> <span class='ocrx_word' id='word_1_502' title='bbox 1517 4992 1747 5061; x_wconf 87' lang='lat' dir='ltr'>ﬁerent,</span> <span class='ocrx_word' id='word_1_503' title='bbox 1791 5007 1932 5048; x_wconf 90' lang='lat' dir='ltr'>eum</span> 
     </span>
    </p>
   </div>
   <div class='ocr_carea' id='block_1_72' title="bbox 265 5079 1930 5151">
    <p class='ocr_par' dir='ltr' id='par_1_72' title="bbox 265 5079 1930 5151">
     <span class='ocr_line' id='line_1_72' title="bbox 265 5079 1930 5151; baseline -0.007 -2"><span class='ocrx_word' id='word_1_504' title='bbox 265 5091 538 5149; x_wconf 85' lang='lat' dir='ltr'>Virbium</span> <span class='ocrx_word' id='word_1_505' title='bbox 565 5088 643 5146; x_wconf 92' lang='lat' dir='ltr'>ad</span> <span class='ocrx_word' id='word_1_506' title='bbox 672 5091 894 5145; x_wconf 66' lang='lat' dir='ltr'>sanctae</span> <span class='ocrx_word' id='word_1_507' title='bbox 948 5083 1102 5141; x_wconf 90' lang='lat' dir='ltr'>Fidis</span> <span class='ocrx_word' id='word_1_508' title='bbox 1155 5081 1469 5139; x_wconf 89' lang='lat' dir='ltr'>oraculum</span> <span class='ocrx_word' id='word_1_509' title='bbox 1525 5079 1930 5151; x_wconf 83' lang='lat' dir='ltr'>adduxerunt,</span> 
     </span>
    </p>
   </div>
   <div class='ocr_carea' id='block_1_73' title="bbox 267 5170 1932 5254">
    <p class='ocr_par' dir='ltr' id='par_1_73' title="bbox 267 5170 1932 5254">
     <span class='ocr_line' id='line_1_73' title="bbox 267 5170 1932 5254; baseline -0.009 -15"><span class='ocrx_word' id='word_1_510' title='bbox 267 5186 541 5254; x_wconf 86' lang='lat' dir='ltr'>testeque</span> <span class='ocrx_word' id='word_1_511' title='bbox 578 5182 703 5236; x_wconf 88' lang='lat' dir='ltr'>tota</span> <span class='ocrx_word' id='word_1_512' title='bbox 750 5174 988 5246; x_wconf 86' lang='lat' dir='ltr'>vicinia,</span> <span class='ocrx_word' id='word_1_513' title='bbox 1036 5170 1212 5229; x_wconf 90' lang='lat' dir='ltr'>nobis</span> <span class='ocrx_word' id='word_1_514' title='bbox 1268 5171 1625 5226; x_wconf 89' lang='lat' dir='ltr'>mirantibus</span> <span class='ocrx_word' id='word_1_515' title='bbox 1684 5186 1754 5226; x_wconf 90' lang='lat' dir='ltr'>ac</span> <span class='ocrx_word' id='word_1_516' title='bbox 1807 5186 1932 5243; x_wconf 80' lang='lat' dir='ltr'>prae</span> 
     </span>
    </p>
   </div>
   <div class='ocr_carea' id='block_1_74' title="bbox 265 5259 1934 5344">
    <p class='ocr_par' dir='ltr' id='par_1_74' title="bbox 265 5259 1934 5344">
     <span class='ocr_line' id='line_1_74' title="bbox 265 5259 1934 5344; baseline -0.008 -16"><span class='ocrx_word' id='word_1_517' title='bbox 265 5269 498 5344; x_wconf 87' lang='lat' dir='ltr'>gaudio</span> <span class='ocrx_word' id='word_1_518' title='bbox 523 5267 764 5325; x_wconf 88' lang='lat' dir='ltr'>ﬂetibus</span> <span class='ocrx_word' id='word_1_519' title='bbox 793 5282 899 5322; x_wconf 88' lang='lat' dir='ltr'>ora</span> <span class='ocrx_word' id='word_1_520' title='bbox 940 5260 1347 5330; x_wconf 88' lang='lat' dir='ltr'>madentibus,</span> <span class='ocrx_word' id='word_1_521' title='bbox 1396 5260 1680 5317; x_wconf 90' lang='lat' dir='ltr'>eumdem</span> <span class='ocrx_word' id='word_1_522' title='bbox 1723 5259 1934 5317; x_wconf 89' lang='lat' dir='ltr'>relato-</span> 
     </span>
    </p>
   </div>
   <div class='ocr_carea' id='block_1_75' title="bbox 266 5356 857 5418">
    <p class='ocr_par' dir='ltr' id='par_1_75' title="bbox 266 5356 857 5418">
     <span class='ocr_line' id='line_1_75' title="bbox 266 5356 857 5418; baseline -0.012 -1"><span class='ocrx_word' id='word_1_523' title='bbox 266 5376 402 5418; x_wconf 86' lang='lat' dir='ltr'>rem</span> <span class='ocrx_word' id='word_1_524' title='bbox 417 5373 547 5413; x_wconf 85' lang='lat' dir='ltr'>esse</span> <span class='ocrx_word' id='word_1_525' title='bbox 572 5356 857 5412; x_wconf 90' lang='lat' dir='ltr'>fecerunt.</span> 
     </span>
    </p>
   </div>
   <div class='ocr_carea' id='block_1_76' title="bbox 894 5440 1306 5500">
    <p class='ocr_par' dir='ltr' id='par_1_76' title="bbox 894 5440 1306 5500">
     <span class='ocr_line' id='line_1_76' title="bbox 894 5440 1306 5500; baseline -0.017 0"><span class='ocrx_word' id='word_1_526' title='bbox 894 5443 1119 5500; x_wconf 82' lang='lat' dir='ltr'>CAPUT</span> <span class='ocrx_word' id='word_1_527' title='bbox 1173 5440 1283 5496; x_wconf 83' lang='lat' dir='ltr'>XVI</span> <span class='ocrx_word' id='word_1_528' title='bbox 1294 5483 1306 5494; x_wconf 94' lang='lat'>.</span> 
     </span>
    </p>
   </div>
   <div class='ocr_carea' id='block_1_77' title="bbox 266 5527 1928 5609">
    <p class='ocr_par' dir='ltr' id='par_1_77' title="bbox 266 5527 1928 5609">
     <span class='ocr_line' id='line_1_77' title="bbox 266 5527 1928 5609; baseline -0.008 -13"><span class='ocrx_word' id='word_1_529' title='bbox 266 5541 361 5595; x_wconf 82' lang='lat' dir='ltr'>De</span> <span class='ocrx_word' id='word_1_530' title='bbox 380 5553 450 5595; x_wconf 90' lang='lat' dir='ltr'>eo</span> <span class='ocrx_word' id='word_1_531' title='bbox 474 5539 583 5609; x_wconf 82' lang='lat' dir='ltr'>qui</span> <span class='ocrx_word' id='word_1_532' title='bbox 605 5537 763 5606; x_wconf 81' lang='lat' dir='ltr'>ﬁlios</span> <span class='ocrx_word' id='word_1_533' title='bbox 785 5548 941 5598; x_wconf 79' lang='lat' dir='ltr'>suos,</span> <span class='ocrx_word' id='word_1_534' title='bbox 973 5533 1196 5588; x_wconf 82' lang='lat' dir='ltr'>virtute</span> <span class='ocrx_word' id='word_1_535' title='bbox 1221 5534 1445 5584; x_wconf 76' lang='lat' dir='ltr'>sanctae</span> <span class='ocrx_word' id='word_1_536' title='bbox 1500 5527 1670 5583; x_wconf 81' lang='lat' dir='ltr'>Fidis</span> <span class='ocrx_word' id='word_1_537' title='bbox 1713 5528 1928 5597; x_wconf 81' lang='lat' dir='ltr'>fretus,</span> 
     </span>
    </p>
   </div>
   <div class='ocr_carea' id='block_1_78' title="bbox 622 5617 1568 5697">
    <p class='ocr_par' dir='ltr' id='par_1_78' title="bbox 622 5617 1568 5697">
     <span class='ocr_line' id='line_1_78' title="bbox 622 5617 1568 5697; baseline -0.01 -15"><span class='ocrx_word' id='word_1_538' title='bbox 622 5641 739 5697; x_wconf 78' lang='lat' dir='ltr'>per</span> <span class='ocrx_word' id='word_1_539' title='bbox 764 5625 961 5696; x_wconf 85' lang='lat' dir='ltr'>ignem</span> <span class='ocrx_word' id='word_1_540' title='bbox 999 5619 1265 5676; x_wconf 80' lang='lat' dir='ltr'>transire</span> <span class='ocrx_word' id='word_1_541' title='bbox 1283 5617 1568 5688; x_wconf 78' lang='lat' dir='ltr'>faciebat.</span> 
     </span>
    </p>
   </div>
   <div class='ocr_carea' id='block_1_79' title="bbox 348 5706 1929 5789">
    <p class='ocr_par' dir='ltr' id='par_1_79' title="bbox 348 5706 1929 5789">
     <span class='ocr_line' id='line_1_79' title="bbox 348 5706 1929 5789; baseline -0.007 -14"><span class='ocrx_word' id='word_1_542' title='bbox 348 5721 536 5789; x_wconf 81' lang='lat' dir='ltr'>Hujus</span> <span class='ocrx_word' id='word_1_543' title='bbox 564 5716 645 5774; x_wconf 86' lang='lat' dir='ltr'>rei</span> <span class='ocrx_word' id='word_1_544' title='bbox 679 5715 849 5786; x_wconf 87' lang='lat' dir='ltr'>cujus</span> <span class='ocrx_word' id='word_1_545' title='bbox 879 5709 1288 5772; x_wconf 87' lang='lat' dir='ltr'>narrationem</span> <span class='ocrx_word' id='word_1_546' title='bbox 1319 5706 1707 5779; x_wconf 83' lang='lat' dir='ltr'>aggredimur</span> <span class='ocrx_word' id='word_1_547' title='bbox 1757 5707 1929 5765; x_wconf 91' lang='lat' dir='ltr'>multi</span> 
     </span>
    </p>
   </div>
   <div class='ocr_carea' id='block_1_80' title="bbox 2047 1689 3714 1763">
    <p class='ocr_par' dir='ltr' id='par_1_80' title="bbox 2047 1689 3714 1763">
     <span class='ocr_line' id='line_1_80' title="bbox 2047 1689 3714 1763; baseline 0.003 -19"><span class='ocrx_word' id='word_1_548' title='bbox 2047 1693 2111 1745; x_wconf 86' lang='lat' dir='ltr'>to</span> <span class='ocrx_word' id='word_1_549' title='bbox 2145 1689 2298 1745; x_wconf 88' lang='lat' dir='ltr'>saltu</span> <span class='ocrx_word' id='word_1_550' title='bbox 2324 1689 2573 1763; x_wconf 89' lang='lat' dir='ltr'>implere</span> <span class='ocrx_word' id='word_1_551' title='bbox 2605 1690 2985 1748; x_wconf 87' lang='lat' dir='ltr'>festinabant.</span> <span class='ocrx_word' id='word_1_552' title='bbox 3038 1696 3266 1749; x_wconf 84' lang='lat' dir='ltr'>Interea</span> <span class='ocrx_word' id='word_1_553' title='bbox 3315 1709 3458 1749; x_wconf 89' lang='lat' dir='ltr'>vero</span> <span class='ocrx_word' id='word_1_554' title='bbox 3513 1698 3714 1750; x_wconf 89' lang='lat' dir='ltr'>mente</span> 
     </span>
    </p>
   </div>
   <div class='ocr_carea' id='block_1_81' title="bbox 2049 1779 3712 1854">
    <p class='ocr_par' dir='ltr' id='par_1_81' title="bbox 2049 1779 3712 1854">
     <span class='ocr_line' id='line_1_81' title="bbox 2049 1779 3712 1854; baseline 0.003 -20"><span class='ocrx_word' id='word_1_555' title='bbox 2049 1779 2205 1835; x_wconf 83' lang='lat' dir='ltr'>sedit</span> <span class='ocrx_word' id='word_1_556' title='bbox 2235 1785 2300 1837; x_wconf 91' lang='lat' dir='ltr'>ut</span> <span class='ocrx_word' id='word_1_557' title='bbox 2329 1780 2574 1836; x_wconf 89' lang='lat' dir='ltr'>eosdem</span> <span class='ocrx_word' id='word_1_558' title='bbox 2595 1796 2815 1854; x_wconf 88' lang='lat' dir='ltr'>pueros</span> <span class='ocrx_word' id='word_1_559' title='bbox 2858 1782 3103 1837; x_wconf 86' lang='lat' dir='ltr'>deberet</span> <span class='ocrx_word' id='word_1_560' title='bbox 3141 1782 3441 1839; x_wconf 88' lang='lat' dir='ltr'>adducere</span> <span class='ocrx_word' id='word_1_561' title='bbox 3490 1788 3712 1839; x_wconf 66' lang='lat' dir='ltr'>sanctas</span> 
     </span>
    </p>
   </div>
   <div class='ocr_carea' id='block_1_82' title="bbox 2044 1869 3783 1943">
    <p class='ocr_par' dir='ltr' id='par_1_82' title="bbox 2044 1869 3783 1943">
     <span class='ocr_line' id='line_1_82' title="bbox 2044 1869 3783 1943; baseline 0.002 -19"><span class='ocrx_word' id='word_1_562' title='bbox 2044 1869 2318 1942; x_wconf 81' lang='lat' dir='ltr'>martyri,</span> <span class='ocrx_word' id='word_1_563' title='bbox 2368 1869 2549 1926; x_wconf 90' lang='lat' dir='ltr'>veluti</span> <span class='ocrx_word' id='word_1_564' title='bbox 2623 1885 2833 1927; x_wconf 90' lang='lat' dir='ltr'>eorum</span> <span class='ocrx_word' id='word_1_565' title='bbox 2917 1871 3210 1943; x_wconf 90' lang='lat' dir='ltr'>spirituali</span> <span class='ocrx_word' id='word_1_566' title='bbox 3262 1872 3548 1943; x_wconf 90' lang='lat' dir='ltr'>genitrici.</span> <span class='ocrx_word' id='word_1_567' title='bbox 3598 1872 3712 1929; x_wconf 88' lang='lat' dir='ltr'>Sed</span> <span class='ocrx_word' id='word_1_568' title='bbox 3778 1894 3783 1899; x_wconf 56' lang='grc' dir='ltr'>ί</span> 
     </span>
    </p>
   </div>
   <div class='ocr_carea' id='block_1_83' title="bbox 2045 1958 3712 2031">
    <p class='ocr_par' dir='ltr' id='par_1_83' title="bbox 2045 1958 3712 2031">
     <span class='ocr_line' id='line_1_83' title="bbox 2045 1958 3712 2031; baseline 0.002 -17"><span class='ocrx_word' id='word_1_569' title='bbox 2045 1958 2191 2031; x_wconf 86' lang='lat' dir='ltr'>quia</span> <span class='ocrx_word' id='word_1_570' title='bbox 2218 1959 2464 2016; x_wconf 91' lang='lat' dir='ltr'>horrida</span> <span class='ocrx_word' id='word_1_571' title='bbox 2492 1960 2686 2016; x_wconf 90' lang='lat' dir='ltr'>hiems</span> <span class='ocrx_word' id='word_1_572' title='bbox 2716 1961 2971 2018; x_wconf 88' lang='lat' dir='ltr'>ﬂumina</span> <span class='ocrx_word' id='word_1_573' title='bbox 2992 1967 3209 2018; x_wconf 89' lang='lat' dir='ltr'>cuncta</span> <span class='ocrx_word' id='word_1_574' title='bbox 3236 1979 3272 2019; x_wconf 91' lang='lat' dir='ltr'>a</span> <span class='ocrx_word' id='word_1_575' title='bbox 3293 1962 3588 2019; x_wconf 89' lang='lat' dir='ltr'>littoribus</span> <span class='ocrx_word' id='word_1_576' title='bbox 3615 1978 3712 2018; x_wconf 83' lang='lat' dir='ltr'>ex-</span> 
     </span>
    </p>
   </div>
   <div class='ocr_carea' id='block_1_84' title="bbox 2043 2048 3711 2124">
    <p class='ocr_par' dir='ltr' id='par_1_84' title="bbox 2043 2048 3711 2124">
     <span class='ocr_line' id='line_1_84' title="bbox 2043 2048 3711 2124; baseline 0.001 -21"><span class='ocrx_word' id='word_1_577' title='bbox 2043 2048 2299 2120; x_wconf 90' lang='lat' dir='ltr'>pulerat,</span> <span class='ocrx_word' id='word_1_578' title='bbox 2357 2048 2787 2123; x_wconf 89' lang='lat' dir='ltr'>immensisque</span> <span class='ocrx_word' id='word_1_579' title='bbox 2841 2051 3298 2124; x_wconf 89' lang='lat' dir='ltr'>tempestatibus</span> <span class='ocrx_word' id='word_1_580' title='bbox 3347 2051 3576 2123; x_wconf 89' lang='lat' dir='ltr'>passim</span> <span class='ocrx_word' id='word_1_581' title='bbox 3607 2050 3711 2105; x_wconf 91' lang='lat' dir='ltr'>de-</span> 
     </span>
    </p>
   </div>
   <div class='ocr_carea' id='block_1_85' title="bbox 2046 2137 3711 2211">
    <p class='ocr_par' dir='ltr' id='par_1_85' title="bbox 2046 2137 3711 2211">
     <span class='ocr_line' id='line_1_85' title="bbox 2046 2137 3711 2211; baseline 0.001 -19"><span class='ocrx_word' id='word_1_582' title='bbox 2046 2137 2352 2206; x_wconf 70' lang='lat' dir='ltr'>saaviebat,</span> <span class='ocrx_word' id='word_1_583' title='bbox 2382 2139 2597 2195; x_wconf 89' lang='lat' dir='ltr'>mulier</span> <span class='ocrx_word' id='word_1_584' title='bbox 2627 2144 2683 2196; x_wconf 91' lang='lat' dir='ltr'>et</span> <span class='ocrx_word' id='word_1_585' title='bbox 2708 2140 2903 2195; x_wconf 70' lang='lat' dir='ltr'>caeteri</span> <span class='ocrx_word' id='word_1_586' title='bbox 2929 2140 3059 2211; x_wconf 90' lang='lat' dir='ltr'>ejus</span> <span class='ocrx_word' id='word_1_587' title='bbox 3102 2141 3429 2197; x_wconf 87' lang='lat' dir='ltr'>familiares</span> <span class='ocrx_word' id='word_1_588' title='bbox 3453 2139 3619 2196; x_wconf 88' lang='lat' dir='ltr'>aliud</span> <span class='ocrx_word' id='word_1_589' title='bbox 3650 2139 3711 2194; x_wconf 92' lang='lat' dir='ltr'>in</span> 
     </span>
    </p>
   </div>
   <div class='ocr_carea' id='block_1_86' title="bbox 2044 2228 3711 2302">
    <p class='ocr_par' dir='ltr' id='par_1_86' title="bbox 2044 2228 3711 2302">
     <span class='ocr_line' id='line_1_86' title="bbox 2044 2228 3711 2302; baseline 0.001 -20"><span class='ocrx_word' id='word_1_590' title='bbox 2044 2231 2287 2300; x_wconf 88' lang='lat' dir='ltr'>tempus</span> <span class='ocrx_word' id='word_1_591' title='bbox 2318 2228 2753 2286; x_wconf 89' lang='lat' dir='ltr'>reservandum</span> <span class='ocrx_word' id='word_1_592' title='bbox 2806 2245 3171 2302; x_wconf 88' lang='lat' dir='ltr'>persuasum</span> <span class='ocrx_word' id='word_1_593' title='bbox 3217 2229 3406 2287; x_wconf 90' lang='lat' dir='ltr'>ibant.</span> <span class='ocrx_word' id='word_1_594' title='bbox 3442 2232 3711 2296; x_wconf 90' lang='lat' dir='ltr'>Quorum</span> 
     </span>
    </p>
   </div>
   <div class='ocr_carea' id='block_1_87' title="bbox 2044 2317 3709 2393">
    <p class='ocr_par' dir='ltr' id='par_1_87' title="bbox 2044 2317 3709 2393">
     <span class='ocr_line' id='line_1_87' title="bbox 2044 2317 3709 2393; baseline 0.001 -21"><span class='ocrx_word' id='word_1_595' title='bbox 2044 2317 2320 2373; x_wconf 89' lang='lat' dir='ltr'>omnium</span> <span class='ocrx_word' id='word_1_596' title='bbox 2338 2318 2731 2375; x_wconf 90' lang='lat' dir='ltr'>hortamentis</span> <span class='ocrx_word' id='word_1_597' title='bbox 2753 2318 2991 2392; x_wconf 89' lang='lat' dir='ltr'>penitus</span> <span class='ocrx_word' id='word_1_598' title='bbox 3007 2319 3311 2390; x_wconf 91' lang='lat' dir='ltr'>resistens,</span> <span class='ocrx_word' id='word_1_599' title='bbox 3329 2319 3709 2393; x_wconf 88' lang='lat' dir='ltr'>propositum</span> 
     </span>
    </p>
   </div>
   <div class='ocr_carea' id='block_1_88' title="bbox 2043 2404 3709 2483">
    <p class='ocr_par' dir='ltr' id='par_1_88' title="bbox 2043 2404 3709 2483">
     <span class='ocr_line' id='line_1_88' title="bbox 2043 2404 3709 2483; baseline 0.001 -23"><span class='ocrx_word' id='word_1_600' title='bbox 2043 2404 2153 2461; x_wconf 90' lang='lat' dir='ltr'>iter</span> <span class='ocrx_word' id='word_1_601' title='bbox 2180 2422 2242 2462; x_wconf 92' lang='lat' dir='ltr'>se</span> <span class='ocrx_word' id='word_1_602' title='bbox 2274 2406 2713 2463; x_wconf 89' lang='lat' dir='ltr'>celebraturum</span> <span class='ocrx_word' id='word_1_603' title='bbox 2740 2408 3068 2474; x_wconf 87' lang='lat' dir='ltr'>asserebat,</span> <span class='ocrx_word' id='word_1_604' title='bbox 3110 2409 3399 2483; x_wconf 91' lang='lat' dir='ltr'>nulloque</span> <span class='ocrx_word' id='word_1_605' title='bbox 3441 2412 3604 2464; x_wconf 85' lang='lat' dir='ltr'>metu</span> <span class='ocrx_word' id='word_1_606' title='bbox 3624 2408 3709 2463; x_wconf 88' lang='lat' dir='ltr'>in-</span> 
     </span>
    </p>
   </div>
   <div class='ocr_carea' id='block_1_89' title="bbox 2045 2496 3708 2571">
    <p class='ocr_par' dir='ltr' id='par_1_89' title="bbox 2045 2496 3708 2571">
     <span class='ocr_line' id='line_1_89' title="bbox 2045 2496 3708 2571; baseline 0.001 -20"><span class='ocrx_word' id='word_1_607' title='bbox 2045 2496 2312 2565; x_wconf 89' lang='lat' dir='ltr'>gruentis</span> <span class='ocrx_word' id='word_1_608' title='bbox 2343 2500 2711 2571; x_wconf 88' lang='lat' dir='ltr'>tempestatis</span> <span class='ocrx_word' id='word_1_609' title='bbox 2765 2515 2827 2554; x_wconf 91' lang='lat' dir='ltr'>se</span> <span class='ocrx_word' id='word_1_610' title='bbox 2870 2498 3203 2555; x_wconf 89' lang='lat' dir='ltr'>desiturum</span> <span class='ocrx_word' id='word_1_611' title='bbox 3255 2499 3512 2555; x_wconf 90' lang='lat' dir='ltr'>dicebat.</span> <span class='ocrx_word' id='word_1_612' title='bbox 3555 2498 3708 2563; x_wconf 91' lang='lat' dir='ltr'>Quin</span> 
     </span>
    </p>
   </div>
   <div class='ocr_carea' id='block_1_90' title="bbox 2045 2584 3711 2658">
    <p class='ocr_par' dir='ltr' id='par_1_90' title="bbox 2045 2584 3711 2658">
     <span class='ocr_line' id='line_1_90' title="bbox 2045 2584 3711 2658; baseline 0.001 -19"><span class='ocrx_word' id='word_1_613' title='bbox 2045 2584 2227 2640; x_wconf 88' lang='lat' dir='ltr'>etiam</span> <span class='ocrx_word' id='word_1_614' title='bbox 2259 2585 2655 2658; x_wconf 67' lang='lat' dir='ltr'>praesentibus</span> <span class='ocrx_word' id='word_1_615' title='bbox 2698 2586 2901 2658; x_wconf 91' lang='lat' dir='ltr'>pueris</span> <span class='ocrx_word' id='word_1_616' title='bbox 2938 2591 3159 2642; x_wconf 84' lang='lat' dir='ltr'>sanctae</span> <span class='ocrx_word' id='word_1_617' title='bbox 3214 2586 3497 2658; x_wconf 85' lang='lat' dir='ltr'>martyris</span> <span class='ocrx_word' id='word_1_618' title='bbox 3540 2586 3711 2641; x_wconf 90' lang='lat' dir='ltr'>nulla</span> 
     </span>
    </p>
   </div>
   <div class='ocr_carea' id='block_1_91' title="bbox 2044 2674 3713 2747">
    <p class='ocr_par' dir='ltr' id='par_1_91' title="bbox 2044 2674 3713 2747">
     <span class='ocr_line' id='line_1_91' title="bbox 2044 2674 3713 2747; baseline 0 -18"><span class='ocrx_word' id='word_1_619' title='bbox 2044 2688 2108 2729; x_wconf 92' lang='lat' dir='ltr'>se</span> <span class='ocrx_word' id='word_1_620' title='bbox 2132 2674 2452 2743; x_wconf 86' lang='lat' dir='ltr'>naufragia</span> <span class='ocrx_word' id='word_1_621' title='bbox 2472 2675 2680 2730; x_wconf 90' lang='lat' dir='ltr'>timere</span> <span class='ocrx_word' id='word_1_622' title='bbox 2718 2674 3091 2747; x_wconf 88' lang='lat' dir='ltr'>perhibebat,</span> <span class='ocrx_word' id='word_1_623' title='bbox 3147 2675 3253 2731; x_wconf 92' lang='lat' dir='ltr'>sed</span> <span class='ocrx_word' id='word_1_624' title='bbox 3292 2691 3503 2731; x_wconf 89' lang='lat' dir='ltr'>eorum</span> <span class='ocrx_word' id='word_1_625' title='bbox 3531 2674 3713 2731; x_wconf 89' lang='lat' dir='ltr'>comi-</span> 
     </span>
    </p>
   </div>
   <div class='ocr_carea' id='block_1_92' title="bbox 2043 2762 3709 2837">
    <p class='ocr_par' dir='ltr' id='par_1_92' title="bbox 2043 2762 3709 2837">
     <span class='ocr_line' id='line_1_92' title="bbox 2043 2762 3709 2837; baseline 0.001 -20"><span class='ocrx_word' id='word_1_626' title='bbox 2043 2765 2173 2818; x_wconf 89' lang='lat' dir='ltr'>tatu</span> <span class='ocrx_word' id='word_1_627' title='bbox 2200 2762 2421 2819; x_wconf 89' lang='lat' dir='ltr'>fretum</span> <span class='ocrx_word' id='word_1_628' title='bbox 2438 2777 2625 2836; x_wconf 90' lang='lat' dir='ltr'>parva</span> <span class='ocrx_word' id='word_1_629' title='bbox 2653 2762 2825 2819; x_wconf 88' lang='lat' dir='ltr'>lintre</span> <span class='ocrx_word' id='word_1_630' title='bbox 2848 2763 3216 2837; x_wconf 90' lang='lat' dir='ltr'>procellosas</span> <span class='ocrx_word' id='word_1_631' title='bbox 3262 2763 3565 2835; x_wconf 86' lang='lat' dir='ltr'>gurgitum</span> <span class='ocrx_word' id='word_1_632' title='bbox 3592 2763 3709 2819; x_wconf 89' lang='lat' dir='ltr'>ela-</span> 
     </span>
    </p>
   </div>
   <div class='ocr_carea' id='block_1_93' title="bbox 2044 2850 3706 2925">
    <p class='ocr_par' dir='ltr' id='par_1_93' title="bbox 2044 2850 3706 2925">
     <span class='ocr_line' id='line_1_93' title="bbox 2044 2850 3706 2925; baseline -0.001 -19"><span class='ocrx_word' id='word_1_633' title='bbox 2044 2850 2240 2907; x_wconf 89' lang='lat' dir='ltr'>tiones</span> <span class='ocrx_word' id='word_1_634' title='bbox 2262 2851 2634 2907; x_wconf 88' lang='lat' dir='ltr'>sulcaturum</span> <span class='ocrx_word' id='word_1_635' title='bbox 2666 2868 2729 2908; x_wconf 92' lang='lat' dir='ltr'>se</span> <span class='ocrx_word' id='word_1_636' title='bbox 2757 2852 3115 2925; x_wconf 90' lang='lat' dir='ltr'>spondebat.</span> <span class='ocrx_word' id='word_1_637' title='bbox 3150 2851 3323 2919; x_wconf 90' lang='lat' dir='ltr'>Quod</span> <span class='ocrx_word' id='word_1_638' title='bbox 3363 2855 3420 2908; x_wconf 89' lang='lat' dir='ltr'>et</span> <span class='ocrx_word' id='word_1_639' title='bbox 3458 2850 3537 2907; x_wconf 91' lang='lat' dir='ltr'>ad</span> <span class='ocrx_word' id='word_1_640' title='bbox 3568 2851 3706 2906; x_wconf 87' lang='lat' dir='ltr'>eﬂ&#39;e-</span> 
     </span>
    </p>
   </div>
   <div class='ocr_carea' id='block_1_94' title="bbox 2044 2940 3706 3013">
    <p class='ocr_par' dir='ltr' id='par_1_94' title="bbox 2044 2940 3706 3013">
     <span class='ocr_line' id='line_1_94' title="bbox 2044 2940 3706 3013; baseline 0.001 -19"><span class='ocrx_word' id='word_1_641' title='bbox 2044 2943 2210 2996; x_wconf 90' lang='lat' dir='ltr'>ctum</span> <span class='ocrx_word' id='word_1_642' title='bbox 2222 2957 2415 3013; x_wconf 91' lang='lat' dir='ltr'>usque</span> <span class='ocrx_word' id='word_1_643' title='bbox 2438 2940 2794 3013; x_wconf 89' lang='lat' dir='ltr'>perducens,</span> <span class='ocrx_word' id='word_1_644' title='bbox 2816 2947 3038 2997; x_wconf 76' lang='lat' dir='ltr'>sanctae</span> <span class='ocrx_word' id='word_1_645' title='bbox 3054 2941 3302 3010; x_wconf 81' lang='lat' dir='ltr'>virginis</span> <span class='ocrx_word' id='word_1_646' title='bbox 3319 2940 3465 2997; x_wconf 90' lang='lat' dir='ltr'>adiit</span> <span class='ocrx_word' id='word_1_647' title='bbox 3477 2940 3706 3007; x_wconf 88' lang='lat' dir='ltr'>limina,</span> 
     </span>
    </p>
   </div>
   <div class='ocr_carea' id='block_1_95' title="bbox 2042 3029 3707 3102">
    <p class='ocr_par' dir='ltr' id='par_1_95' title="bbox 2042 3029 3707 3102">
     <span class='ocr_line' id='line_1_95' title="bbox 2042 3029 3707 3102; baseline -0.001 -18"><span class='ocrx_word' id='word_1_648' title='bbox 2042 3044 2390 3102; x_wconf 86' lang='lat' dir='ltr'>puerosque</span> <span class='ocrx_word' id='word_1_649' title='bbox 2421 3031 2575 3087; x_wconf 88' lang='lat' dir='ltr'>votis</span> <span class='ocrx_word' id='word_1_650' title='bbox 2621 3031 2921 3102; x_wconf 88' lang='lat' dir='ltr'>obligans,</span> <span class='ocrx_word' id='word_1_651' title='bbox 2981 3031 3170 3087; x_wconf 88' lang='lat' dir='ltr'>multa</span> <span class='ocrx_word' id='word_1_652' title='bbox 3222 3030 3297 3085; x_wconf 90' lang='lat' dir='ltr'>de</span> <span class='ocrx_word' id='word_1_653' title='bbox 3347 3029 3430 3085; x_wconf 93' lang='lat' dir='ltr'>eis</span> <span class='ocrx_word' id='word_1_654' title='bbox 3486 3033 3707 3085; x_wconf 74' lang='lat' dir='ltr'>sanctze</span> 
     </span>
    </p>
   </div>
   <div class='ocr_carea' id='block_1_96' title="bbox 2043 3117 3708 3188">
    <p class='ocr_par' dir='ltr' id='par_1_96' title="bbox 2043 3117 3708 3188">
     <span class='ocr_line' id='line_1_96' title="bbox 2043 3117 3708 3188; baseline -0.001 -16"><span class='ocrx_word' id='word_1_655' title='bbox 2043 3119 2525 3188; x_wconf 87' lang='lat' dir='ltr'>congregationis</span> <span class='ocrx_word' id='word_1_656' title='bbox 2578 3123 2798 3175; x_wconf 80' lang='lat' dir='ltr'>nostrae</span> <span class='ocrx_word' id='word_1_657' title='bbox 2855 3120 3138 3175; x_wconf 88' lang='lat' dir='ltr'>fratribus</span> <span class='ocrx_word' id='word_1_658' title='bbox 3186 3119 3482 3175; x_wconf 88' lang='lat' dir='ltr'>recensuit</span> <span class='ocrx_word' id='word_1_659' title='bbox 3531 3117 3708 3173; x_wconf 86' lang='lat' dir='ltr'>valde</span> 
     </span>
    </p>
   </div>
   <div class='ocr_carea' id='block_1_97' title="bbox 2043 3204 3709 3281">
    <p class='ocr_par' dir='ltr' id='par_1_97' title="bbox 2043 3204 3709 3281">
     <span class='ocr_line' id='line_1_97' title="bbox 2043 3204 3709 3281; baseline 0 -20"><span class='ocrx_word' id='word_1_660' title='bbox 2043 3205 2452 3271; x_wconf 86' lang='lat' dir='ltr'>admiranda;</span> <span class='ocrx_word' id='word_1_661' title='bbox 2512 3208 2890 3281; x_wconf 86' lang='lat' dir='ltr'>peractisque</span> <span class='ocrx_word' id='word_1_662' title='bbox 2936 3207 3277 3264; x_wconf 90' lang='lat' dir='ltr'>orationum</span> <span class='ocrx_word' id='word_1_663' title='bbox 3325 3204 3709 3262; x_wconf 89' lang='lat' dir='ltr'>solemnitati-</span> 
     </span>
    </p>
   </div>
   <div class='ocr_carea' id='block_1_98' title="bbox 2043 3293 3416 3368">
    <p class='ocr_par' dir='ltr' id='par_1_98' title="bbox 2043 3293 3416 3368">
     <span class='ocr_line' id='line_1_98' title="bbox 2043 3293 3416 3368; baseline 0.001 -19"><span class='ocrx_word' id='word_1_664' title='bbox 2043 3293 2181 3367; x_wconf 89' lang='lat' dir='ltr'>bus,</span> <span class='ocrx_word' id='word_1_665' title='bbox 2214 3295 2386 3352; x_wconf 67' lang='lat' dir='ltr'>ltetus</span> <span class='ocrx_word' id='word_1_666' title='bbox 2425 3299 2483 3351; x_wconf 90' lang='lat' dir='ltr'>et</span> <span class='ocrx_word' id='word_1_667' title='bbox 2510 3295 2831 3352; x_wconf 90' lang='lat' dir='ltr'>incolumis</span> <span class='ocrx_word' id='word_1_668' title='bbox 2855 3295 3029 3352; x_wconf 88' lang='lat' dir='ltr'>rediit</span> <span class='ocrx_word' id='word_1_669' title='bbox 3049 3294 3129 3350; x_wconf 90' lang='lat' dir='ltr'>ad</span> <span class='ocrx_word' id='word_1_670' title='bbox 3154 3293 3416 3368; x_wconf 89' lang='lat' dir='ltr'>propria.</span> 
     </span>
    </p>
   </div>
   <div class='ocr_carea' id='block_1_99' title="bbox 2671 3386 3096 3441">
    <p class='ocr_par' dir='ltr' id='par_1_99' title="bbox 2671 3386 3096 3441">
     <span class='ocr_line' id='line_1_99' title="bbox 2671 3386 3096 3441; baseline 0.005 -3"><span class='ocrx_word' id='word_1_671' title='bbox 2671 3386 2897 3441; x_wconf 81' lang='lat' dir='ltr'>CAPUT</span> <span class='ocrx_word' id='word_1_672' title='bbox 2942 3388 3096 3441; x_wconf 85' lang='lat' dir='ltr'><strong>XVII.</strong></span> 
     </span>
    </p>
   </div>
   <div class='ocr_carea' id='block_1_100' title="bbox 2039 3474 3701 3548">
    <p class='ocr_par' dir='ltr' id='par_1_100' title="bbox 2039 3474 3701 3548">
     <span class='ocr_line' id='line_1_100' title="bbox 2039 3474 3701 3548; baseline -0.001 -19"><span class='ocrx_word' id='word_1_673' title='bbox 2039 3476 2129 3531; x_wconf 87' lang='lat' dir='ltr'>De</span> <span class='ocrx_word' id='word_1_674' title='bbox 2151 3478 2325 3532; x_wconf 83' lang='lat' dir='ltr'>oculo</span> <span class='ocrx_word' id='word_1_675' title='bbox 2347 3477 2487 3548; x_wconf 87' lang='lat' dir='ltr'>equi</span> <span class='ocrx_word' id='word_1_676' title='bbox 2504 3492 2619 3547; x_wconf 80' lang='lat' dir='ltr'>per</span> <span class='ocrx_word' id='word_1_677' title='bbox 2644 3477 2925 3533; x_wconf 76' lang='lat' dir='ltr'>virtutem</span> <span class='ocrx_word' id='word_1_678' title='bbox 2951 3482 3177 3532; x_wconf 67' lang='lat' dir='ltr'>sancta?</span> <span class='ocrx_word' id='word_1_679' title='bbox 3204 3475 3375 3531; x_wconf 81' lang='lat' dir='ltr'>Fidis</span> <span class='ocrx_word' id='word_1_680' title='bbox 3404 3474 3701 3531; x_wconf 76' lang='lat' dir='ltr'>restituto.</span> 
     </span>
    </p>
   </div>
   <div class='ocr_carea' id='block_1_101' title="bbox 2113 3561 3706 3638">
    <p class='ocr_par' dir='ltr' id='par_1_101' title="bbox 2113 3561 3706 3638">
     <span class='ocr_line' id='line_1_101' title="bbox 2113 3561 3706 3638; baseline -0.001 -19"><span class='ocrx_word' id='word_1_681' title='bbox 2113 3565 2434 3621; x_wconf 78' lang='lat' dir='ltr'>Arvernico</span> <span class='ocrx_word' id='word_1_682' title='bbox 2484 3565 2544 3621; x_wconf 89' lang='lat' dir='ltr'>in</span> <span class='ocrx_word' id='word_1_683' title='bbox 2580 3580 2742 3638; x_wconf 89' lang='lat' dir='ltr'>pago</span> <span class='ocrx_word' id='word_1_684' title='bbox 2813 3564 3161 3623; x_wconf 86' lang='lat' dir='ltr'>Murmontis</span> <span class='ocrx_word' id='word_1_685' title='bbox 3205 3568 3468 3620; x_wconf 90' lang='lat' dir='ltr'>castrum</span> <span class='ocrx_word' id='word_1_686' title='bbox 3522 3561 3706 3632; x_wconf 83' lang='lat' dir='ltr'>vulgo</span> 
     </span>
    </p>
   </div>
   <div class='ocr_carea' id='block_1_102' title="bbox 2040 3651 3707 3728">
    <p class='ocr_par' dir='ltr' id='par_1_102' title="bbox 2040 3651 3707 3728">
     <span class='ocr_line' id='line_1_102' title="bbox 2040 3651 3707 3728; baseline -0.002 -18"><span class='ocrx_word' id='word_1_687' title='bbox 2040 3660 2445 3727; x_wconf 90' lang='lat' dir='ltr'>nuncupatur,</span> <span class='ocrx_word' id='word_1_688' title='bbox 2474 3655 2536 3710; x_wconf 91' lang='lat' dir='ltr'>in</span> <span class='ocrx_word' id='word_1_689' title='bbox 2563 3671 2688 3727; x_wconf 92' lang='lat' dir='ltr'>quo</span> <span class='ocrx_word' id='word_1_690' title='bbox 2712 3656 2883 3712; x_wconf 89' lang='lat' dir='ltr'>miles</span> <span class='ocrx_word' id='word_1_691' title='bbox 2926 3655 3200 3728; x_wconf 85' lang='lat' dir='ltr'>quidam,</span> <span class='ocrx_word' id='word_1_692' title='bbox 3241 3664 3470 3726; x_wconf 90' lang='lat' dir='ltr'>equum</span> <span class='ocrx_word' id='word_1_693' title='bbox 3500 3651 3707 3723; x_wconf 89' lang='lat' dir='ltr'>magni</span> 
     </span>
    </p>
   </div>
   <div class='ocr_carea' id='block_1_103' title="bbox 2039 3741 3706 3817">
    <p class='ocr_par' dir='ltr' id='par_1_103' title="bbox 2039 3741 3706 3817">
     <span class='ocr_line' id='line_1_103' title="bbox 2039 3741 3706 3817; baseline -0.001 -18"><span class='ocrx_word' id='word_1_694' title='bbox 2039 3743 2211 3817; x_wconf 91' lang='lat' dir='ltr'>pretii</span> <span class='ocrx_word' id='word_1_695' title='bbox 2262 3743 2515 3809; x_wconf 91' lang='lat' dir='ltr'>habens,</span> <span class='ocrx_word' id='word_1_696' title='bbox 2573 3742 2648 3798; x_wconf 91' lang='lat' dir='ltr'>de</span> <span class='ocrx_word' id='word_1_697' title='bbox 2701 3761 2870 3801; x_wconf 90' lang='lat' dir='ltr'>more</span> <span class='ocrx_word' id='word_1_698' title='bbox 2919 3744 3215 3813; x_wconf 89' lang='lat' dir='ltr'>sanguine</span> <span class='ocrx_word' id='word_1_699' title='bbox 3261 3741 3497 3815; x_wconf 87' lang='lat' dir='ltr'>minuit,</span> <span class='ocrx_word' id='word_1_700' title='bbox 3520 3755 3706 3816; x_wconf 89' lang='lat' dir='ltr'>quem</span> 
     </span>
    </p>
   </div>
   <div class='ocr_carea' id='block_1_104' title="bbox 2038 3831 3706 3905">
    <p class='ocr_par' dir='ltr' id='par_1_104' title="bbox 2038 3831 3706 3905">
     <span class='ocr_line' id='line_1_104' title="bbox 2038 3831 3706 3905; baseline -0.001 -16"><span class='ocrx_word' id='word_1_701' title='bbox 2038 3837 2180 3905; x_wconf 91' lang='lat' dir='ltr'>post</span> <span class='ocrx_word' id='word_1_702' title='bbox 2206 3831 2827 3905; x_wconf 88' lang='lat' dir='ltr'>phlebotomationem</span> <span class='ocrx_word' id='word_1_703' title='bbox 2854 3833 2932 3888; x_wconf 90' lang='lat' dir='ltr'>ad</span> <span class='ocrx_word' id='word_1_704' title='bbox 2993 3833 3200 3905; x_wconf 89' lang='lat' dir='ltr'>palum</span> <span class='ocrx_word' id='word_1_705' title='bbox 3251 3832 3582 3904; x_wconf 90' lang='lat' dir='ltr'>quemdam</span> <span class='ocrx_word' id='word_1_706' title='bbox 3611 3848 3706 3888; x_wconf 88' lang='lat' dir='ltr'>ca-</span> 
     </span>
    </p>
   </div>
   <div class='ocr_carea' id='block_1_105' title="bbox 2037 3921 3702 3996">
    <p class='ocr_par' dir='ltr' id='par_1_105' title="bbox 2037 3921 3702 3996">
     <span class='ocr_line' id='line_1_105' title="bbox 2037 3921 3702 3996; baseline -0.002 -18"><span class='ocrx_word' id='word_1_707' title='bbox 2037 3922 2229 3996; x_wconf 89' lang='lat' dir='ltr'>pistro</span> <span class='ocrx_word' id='word_1_708' title='bbox 2255 3921 2546 3991; x_wconf 87' lang='lat' dir='ltr'>religavit.</span> <span class='ocrx_word' id='word_1_709' title='bbox 2592 3922 2722 3986; x_wconf 92' lang='lat' dir='ltr'>Quo</span> <span class='ocrx_word' id='word_1_710' title='bbox 2740 3922 2801 3977; x_wconf 89' lang='lat' dir='ltr'>in</span> <span class='ocrx_word' id='word_1_711' title='bbox 2830 3922 2970 3995; x_wconf 91' lang='lat' dir='ltr'>palo</span> <span class='ocrx_word' id='word_1_712' title='bbox 3000 3922 3078 3976; x_wconf 91' lang='lat' dir='ltr'>ad</span> <span class='ocrx_word' id='word_1_713' title='bbox 3108 3937 3203 3976; x_wconf 88' lang='lat' dir='ltr'>res</span> <span class='ocrx_word' id='word_1_714' title='bbox 3238 3921 3702 3993; x_wconf 88' lang='lat' dir='ltr'>suspendendas</span> 
     </span>
    </p>
   </div>
   <div class='ocr_carea' id='block_1_106' title="bbox 2039 4009 3701 4082">
    <p class='ocr_par' dir='ltr' id='par_1_106' title="bbox 2039 4009 3701 4082">
     <span class='ocr_line' id='line_1_106' title="bbox 2039 4009 3701 4082; baseline -0.003 -14"><span class='ocrx_word' id='word_1_715' title='bbox 2039 4011 2220 4068; x_wconf 91' lang='lat' dir='ltr'>sudes</span> <span class='ocrx_word' id='word_1_716' title='bbox 2249 4011 2608 4067; x_wconf 56' lang='lat' dir='ltr'>acutissima</span> <span class='ocrx_word' id='word_1_717' title='bbox 2636 4010 3080 4082; x_wconf 89' lang='lat' dir='ltr'>prominebant,</span> <span class='ocrx_word' id='word_1_718' title='bbox 3140 4025 3293 4082; x_wconf 89' lang='lat' dir='ltr'>quas</span> <span class='ocrx_word' id='word_1_719' title='bbox 3323 4009 3440 4081; x_wconf 90' lang='lat' dir='ltr'>ipsi</span> <span class='ocrx_word' id='word_1_720' title='bbox 3470 4025 3701 4065; x_wconf 87' lang='lat' dir='ltr'>ramus-</span> 
     </span>
    </p>
   </div>
   <div class='ocr_carea' id='block_1_107' title="bbox 2038 4095 3698 4171">
    <p class='ocr_par' dir='ltr' id='par_1_107' title="bbox 2038 4095 3698 4171">
     <span class='ocr_line' id='line_1_107' title="bbox 2038 4095 3698 4171; baseline -0.001 -16"><span class='ocrx_word' id='word_1_721' title='bbox 2038 4099 2155 4155; x_wconf 89' lang='lat' dir='ltr'>culi</span> <span class='ocrx_word' id='word_1_722' title='bbox 2181 4098 2446 4171; x_wconf 70' lang='lat' dir='ltr'>praecisae</span> <span class='ocrx_word' id='word_1_723' title='bbox 2478 4095 2711 4153; x_wconf 89' lang='lat' dir='ltr'>arboris</span> <span class='ocrx_word' id='word_1_724' title='bbox 2739 4097 2879 4153; x_wconf 90' lang='lat' dir='ltr'>olim</span> <span class='ocrx_word' id='word_1_725' title='bbox 2922 4100 3357 4153; x_wconf 90' lang='lat' dir='ltr'>concesserant.</span> <span class='ocrx_word' id='word_1_726' title='bbox 3410 4097 3498 4153; x_wconf 83' lang='lat' dir='ltr'>Ad</span> <span class='ocrx_word' id='word_1_727' title='bbox 3525 4098 3698 4167; x_wconf 90' lang='lat' dir='ltr'>cujus</span> 
     </span>
    </p>
   </div>
   <div class='ocr_carea' id='block_1_108' title="bbox 2039 4185 3701 4262">
    <p class='ocr_par' dir='ltr' id='par_1_108' title="bbox 2039 4185 3701 4262">
     <span class='ocr_line' id='line_1_108' title="bbox 2039 4185 3701 4262; baseline -0.001 -19"><span class='ocrx_word' id='word_1_728' title='bbox 2039 4187 2297 4262; x_wconf 86' lang='lat' dir='ltr'>stipitem</span> <span class='ocrx_word' id='word_1_729' title='bbox 2327 4185 2654 4259; x_wconf 86' lang='lat' dir='ltr'>praedictus</span> <span class='ocrx_word' id='word_1_730' title='bbox 2680 4202 2872 4260; x_wconf 90' lang='lat' dir='ltr'>equus</span> <span class='ocrx_word' id='word_1_731' title='bbox 2910 4186 3202 4255; x_wconf 83' lang='lat' dir='ltr'>adnexus,</span> <span class='ocrx_word' id='word_1_732' title='bbox 3226 4186 3375 4241; x_wconf 92' lang='lat' dir='ltr'>dum</span> <span class='ocrx_word' id='word_1_733' title='bbox 3431 4185 3701 4243; x_wconf 88' lang='lat' dir='ltr'>instabili</span> 
     </span>
    </p>
   </div>
   <div class='ocr_carea' id='block_1_109' title="bbox 2039 4274 3700 4348">
    <p class='ocr_par' dir='ltr' id='par_1_109' title="bbox 2039 4274 3700 4348">
     <span class='ocr_line' id='line_1_109' title="bbox 2039 4274 3700 4348; baseline -0.001 -16"><span class='ocrx_word' id='word_1_734' title='bbox 2039 4280 2206 4332; x_wconf 90' lang='lat' dir='ltr'>motu</span> <span class='ocrx_word' id='word_1_735' title='bbox 2240 4274 2814 4343; x_wconf 87' lang='lat' dir='ltr'>circumvagaretur,</span> <span class='ocrx_word' id='word_1_736' title='bbox 2848 4277 3036 4347; x_wconf 90' lang='lat' dir='ltr'>ejecto</span> <span class='ocrx_word' id='word_1_737' title='bbox 3056 4274 3233 4331; x_wconf 90' lang='lat' dir='ltr'>altius</span> <span class='ocrx_word' id='word_1_738' title='bbox 3263 4276 3456 4348; x_wconf 88' lang='lat' dir='ltr'>capite</span> <span class='ocrx_word' id='word_1_739' title='bbox 3485 4276 3700 4332; x_wconf 91' lang='lat' dir='ltr'>sudem</span> 
     </span>
    </p>
   </div>
   <div class='ocr_carea' id='block_1_110' title="bbox 2039 4363 3699 4437">
    <p class='ocr_par' dir='ltr' id='par_1_110' title="bbox 2039 4363 3699 4437">
     <span class='ocr_line' id='line_1_110' title="bbox 2039 4363 3699 4437; baseline -0.001 -15"><span class='ocrx_word' id='word_1_740' title='bbox 2039 4364 2308 4432; x_wconf 80' lang='lat' dir='ltr'>offendit,</span> <span class='ocrx_word' id='word_1_741' title='bbox 2330 4380 2467 4437; x_wconf 80' lang='lat' dir='ltr'>quae</span> <span class='ocrx_word' id='word_1_742' title='bbox 2500 4364 2668 4433; x_wconf 88' lang='lat' dir='ltr'>gravi</span> <span class='ocrx_word' id='word_1_743' title='bbox 2699 4365 2816 4420; x_wconf 88' lang='lat' dir='ltr'>ictu</span> <span class='ocrx_word' id='word_1_744' title='bbox 2847 4364 3159 4422; x_wconf 89' lang='lat' dir='ltr'>confestim</span> <span class='ocrx_word' id='word_1_745' title='bbox 3189 4363 3242 4420; x_wconf 92' lang='lat' dir='ltr'>ei</span> <span class='ocrx_word' id='word_1_746' title='bbox 3264 4365 3510 4421; x_wconf 90' lang='lat' dir='ltr'>oculum</span> <span class='ocrx_word' id='word_1_747' title='bbox 3539 4365 3699 4422; x_wconf 88' lang='lat' dir='ltr'>radi-</span> 
     </span>
    </p>
   </div>
   <div class='ocr_carea' id='block_1_111' title="bbox 2040 4453 3699 4526">
    <p class='ocr_par' dir='ltr' id='par_1_111' title="bbox 2040 4453 3699 4526">
     <span class='ocr_line' id='line_1_111' title="bbox 2040 4453 3699 4526; baseline 0.001 -16"><span class='ocrx_word' id='word_1_748' title='bbox 2040 4455 2192 4511; x_wconf 89' lang='lat' dir='ltr'>citus</span> <span class='ocrx_word' id='word_1_749' title='bbox 2215 4453 2429 4510; x_wconf 89' lang='lat' dir='ltr'>evellit.</span> <span class='ocrx_word' id='word_1_750' title='bbox 2463 4453 2635 4517; x_wconf 90' lang='lat' dir='ltr'>Quod</span> <span class='ocrx_word' id='word_1_751' title='bbox 2679 4454 2900 4510; x_wconf 83' lang='lat' dir='ltr'>factum</span> <span class='ocrx_word' id='word_1_752' title='bbox 2948 4454 3270 4526; x_wconf 70' lang='lat' dir='ltr'>praedictus</span> <span class='ocrx_word' id='word_1_753' title='bbox 3324 4454 3495 4510; x_wconf 90' lang='lat' dir='ltr'>miles</span> <span class='ocrx_word' id='word_1_754' title='bbox 3543 4470 3699 4524; x_wconf 60' lang='lat' dir='ltr'>(egre</span> 
     </span>
    </p>
   </div>
   <div class='ocr_carea' id='block_1_112' title="bbox 2039 4541 3699 4616">
    <p class='ocr_par' dir='ltr' id='par_1_112' title="bbox 2039 4541 3699 4616">
     <span class='ocr_line' id='line_1_112' title="bbox 2039 4541 3699 4616; baseline -0.001 -17"><span class='ocrx_word' id='word_1_755' title='bbox 2039 4544 2254 4609; x_wconf 84' lang='lat' dir='ltr'>ferens,</span> <span class='ocrx_word' id='word_1_756' title='bbox 2287 4542 2532 4599; x_wconf 91' lang='lat' dir='ltr'>oculum</span> <span class='ocrx_word' id='word_1_757' title='bbox 2581 4542 2662 4597; x_wconf 93' lang='lat' dir='ltr'>ad</span> <span class='ocrx_word' id='word_1_758' title='bbox 2686 4541 3073 4598; x_wconf 87' lang='lat' dir='ltr'>mandibulas</span> <span class='ocrx_word' id='word_1_759' title='bbox 3122 4559 3314 4615; x_wconf 91' lang='lat' dir='ltr'>usque</span> <span class='ocrx_word' id='word_1_760' title='bbox 3342 4542 3699 4616; x_wconf 89' lang='lat' dir='ltr'>pendudum</span> 
     </span>
    </p>
   </div>
   <div class='ocr_carea' id='block_1_113' title="bbox 2039 4629 3697 4706">
    <p class='ocr_par' dir='ltr' id='par_1_113' title="bbox 2039 4629 3697 4706">
     <span class='ocr_line' id='line_1_113' title="bbox 2039 4629 3697 4706; baseline -0.003 -17"><span class='ocrx_word' id='word_1_761' title='bbox 2039 4634 2101 4689; x_wconf 92' lang='lat' dir='ltr'>in</span> <span class='ocrx_word' id='word_1_762' title='bbox 2126 4632 2372 4706; x_wconf 89' lang='lat' dir='ltr'>proprio</span> <span class='ocrx_word' id='word_1_763' title='bbox 2390 4631 2685 4688; x_wconf 90' lang='lat' dir='ltr'>foramine</span> <span class='ocrx_word' id='word_1_764' title='bbox 2741 4631 3014 4699; x_wconf 87' lang='lat' dir='ltr'>restituit,</span> <span class='ocrx_word' id='word_1_765' title='bbox 3057 4647 3151 4702; x_wconf 90' lang='lat' dir='ltr'>ac,</span> <span class='ocrx_word' id='word_1_766' title='bbox 3204 4631 3531 4687; x_wconf 89' lang='lat' dir='ltr'>multorum</span> <span class='ocrx_word' id='word_1_767' title='bbox 3589 4629 3697 4685; x_wconf 91' lang='lat' dir='ltr'>ibi-</span> 
     </span>
    </p>
   </div>
   <div class='ocr_carea' id='block_1_114' title="bbox 2044 4719 3699 4793">
    <p class='ocr_par' dir='ltr' id='par_1_114' title="bbox 2044 4719 3699 4793">
     <span class='ocr_line' id='line_1_114' title="bbox 2044 4719 3699 4793; baseline -0.002 -14"><span class='ocrx_word' id='word_1_768' title='bbox 2044 4723 2187 4779; x_wconf 90' lang='lat' dir='ltr'>dem</span> <span class='ocrx_word' id='word_1_769' title='bbox 2217 4721 2592 4780; x_wconf 90' lang='lat' dir='ltr'>adstantium</span> <span class='ocrx_word' id='word_1_770' title='bbox 2629 4719 3165 4793; x_wconf 85' lang='lat' dir='ltr'>cohortationibus,</span> <span class='ocrx_word' id='word_1_771' title='bbox 3207 4725 3427 4776; x_wconf 68' lang='lat' dir='ltr'>sanctae</span> <span class='ocrx_word' id='word_1_772' title='bbox 3449 4720 3699 4791; x_wconf 87' lang='lat' dir='ltr'>martyri</span> 
     </span>
    </p>
   </div>
   <div class='ocr_carea' id='block_1_115' title="bbox 2042 4807 3700 4881">
    <p class='ocr_par' dir='ltr' id='par_1_115' title="bbox 2042 4807 3700 4881">
     <span class='ocr_line' id='line_1_115' title="bbox 2042 4807 3700 4881; baseline -0.004 -13"><span class='ocrx_word' id='word_1_773' title='bbox 2042 4811 2167 4868; x_wconf 82' lang='lat' dir='ltr'>Fidi</span> <span class='ocrx_word' id='word_1_774' title='bbox 2224 4810 2523 4867; x_wconf 89' lang='lat' dir='ltr'>luminare</span> <span class='ocrx_word' id='word_1_775' title='bbox 2572 4810 2652 4866; x_wconf 91' lang='lat' dir='ltr'>ad</span> <span class='ocrx_word' id='word_1_776' title='bbox 2696 4810 2968 4881; x_wconf 88' lang='lat' dir='ltr'>ejusdem</span> <span class='ocrx_word' id='word_1_777' title='bbox 2994 4810 3134 4880; x_wconf 91' lang='lat' dir='ltr'>equi</span> <span class='ocrx_word' id='word_1_778' title='bbox 3180 4808 3390 4865; x_wconf 71' lang='lat' dir='ltr'>caudae</span> <span class='ocrx_word' id='word_1_779' title='bbox 3446 4807 3700 4879; x_wconf 84' lang='lat' dir='ltr'>longitu-</span> 
     </span>
    </p>
   </div>
   <div class='ocr_carea' id='block_1_116' title="bbox 2041 4895 3696 4971">
    <p class='ocr_par' dir='ltr' id='par_1_116' title="bbox 2041 4895 3696 4971">
     <span class='ocr_line' id='line_1_116' title="bbox 2041 4895 3696 4971; baseline -0.004 -14"><span class='ocrx_word' id='word_1_780' title='bbox 2041 4901 2245 4958; x_wconf 90' lang='lat' dir='ltr'>dinem</span> <span class='ocrx_word' id='word_1_781' title='bbox 2269 4900 2451 4967; x_wconf 89' lang='lat' dir='ltr'>vovit,</span> <span class='ocrx_word' id='word_1_782' title='bbox 2474 4899 2800 4971; x_wconf 89' lang='lat' dir='ltr'>lumenque</span> <span class='ocrx_word' id='word_1_783' title='bbox 2831 4898 3117 4954; x_wconf 86' lang='lat' dir='ltr'>effossum</span> <span class='ocrx_word' id='word_1_784' title='bbox 3168 4896 3378 4953; x_wconf 89' lang='lat' dir='ltr'>institis</span> <span class='ocrx_word' id='word_1_785' title='bbox 3421 4895 3696 4967; x_wconf 77' lang='lat' dir='ltr'>alligans;</span> 
     </span>
    </p>
   </div>
   <div class='ocr_carea' id='block_1_117' title="bbox 2041 4986 3699 5066">
    <p class='ocr_par' dir='ltr' id='par_1_117' title="bbox 2041 4986 3699 5066">
     <span class='ocr_line' id='line_1_117' title="bbox 2041 4986 3699 5066; baseline -0.004 -18"><span class='ocrx_word' id='word_1_786' title='bbox 2041 4992 2121 5048; x_wconf 88' lang='lat' dir='ltr'>ad</span> <span class='ocrx_word' id='word_1_787' title='bbox 2146 4992 2462 5066; x_wconf 68' lang='lat' dir='ltr'>proprium</span> <span class='ocrx_word' id='word_1_788' title='bbox 2490 4989 2796 5046; x_wconf 89' lang='lat' dir='ltr'>stabulum</span> <span class='ocrx_word' id='word_1_789' title='bbox 2816 4991 3063 5044; x_wconf 70' lang='lat' dir='ltr'>maestus</span> <span class='ocrx_word' id='word_1_790' title='bbox 3089 4986 3343 5042; x_wconf 80' lang='lat' dir='ltr'>reduxit.</span> <span class='ocrx_word' id='word_1_791' title='bbox 3378 4990 3513 5042; x_wconf 89' lang='lat' dir='ltr'>Erat</span> <span class='ocrx_word' id='word_1_792' title='bbox 3527 5001 3699 5043; x_wconf 90' lang='lat' dir='ltr'>nam-</span> 
     </span>
    </p>
   </div>
   <div class='ocr_carea' id='block_1_118' title="bbox 2042 5075 3699 5156">
    <p class='ocr_par' dir='ltr' id='par_1_118' title="bbox 2042 5075 3699 5156">
     <span class='ocr_line' id='line_1_118' title="bbox 2042 5075 3699 5156; baseline -0.004 -17"><span class='ocrx_word' id='word_1_793' title='bbox 2042 5099 2161 5156; x_wconf 92' lang='lat' dir='ltr'>que</span> <span class='ocrx_word' id='word_1_794' title='bbox 2187 5098 2381 5155; x_wconf 90' lang='lat' dir='ltr'>equus</span> <span class='ocrx_word' id='word_1_795' title='bbox 2418 5079 2515 5136; x_wconf 91' lang='lat' dir='ltr'>ille</span> <span class='ocrx_word' id='word_1_796' title='bbox 2546 5085 2603 5135; x_wconf 89' lang='lat' dir='ltr'>et</span> <span class='ocrx_word' id='word_1_797' title='bbox 2650 5078 2960 5134; x_wconf 90' lang='lat' dir='ltr'>velocitate</span> <span class='ocrx_word' id='word_1_798' title='bbox 2989 5075 3480 5150; x_wconf 88' lang='lat' dir='ltr'>incomparabilis</span> <span class='ocrx_word' id='word_1_799' title='bbox 3529 5081 3589 5133; x_wconf 88' lang='lat' dir='ltr'>et</span> <span class='ocrx_word' id='word_1_800' title='bbox 3636 5077 3699 5133; x_wconf 93' lang='lat' dir='ltr'>in</span> 
     </span>
    </p>
   </div>
   <div class='ocr_carea' id='block_1_119' title="bbox 2042 5165 3701 5240">
    <p class='ocr_par' dir='ltr' id='par_1_119' title="bbox 2042 5165 3701 5240">
     <span class='ocr_line' id='line_1_119' title="bbox 2042 5165 3701 5240; baseline -0.002 -13"><span class='ocrx_word' id='word_1_801' title='bbox 2042 5170 2211 5227; x_wconf 91' lang='lat' dir='ltr'>omni</span> <span class='ocrx_word' id='word_1_802' title='bbox 2240 5168 2538 5227; x_wconf 90' lang='lat' dir='ltr'>caballina</span> <span class='ocrx_word' id='word_1_803' title='bbox 2563 5166 2906 5224; x_wconf 87' lang='lat' dir='ltr'>strenuitate</span> <span class='ocrx_word' id='word_1_804' title='bbox 2934 5165 3285 5238; x_wconf 91' lang='lat' dir='ltr'>probabilis.</span> <span class='ocrx_word' id='word_1_805' title='bbox 3341 5166 3554 5240; x_wconf 91' lang='lat' dir='ltr'>Sicque</span> <span class='ocrx_word' id='word_1_806' title='bbox 3584 5167 3701 5224; x_wconf 86' lang='lat' dir='ltr'>fac-</span> 
     </span>
    </p>
   </div>
   <div class='ocr_carea' id='block_1_120' title="bbox 2042 5254 3764 5331">
    <p class='ocr_par' dir='ltr' id='par_1_120' title="bbox 2042 5254 3764 5331">
     <span class='ocr_line' id='line_1_120' title="bbox 2042 5254 3764 5331; baseline -0.001 -16"><span class='ocrx_word' id='word_1_807' title='bbox 2042 5263 2169 5315; x_wconf 89' lang='lat' dir='ltr'>tum</span> <span class='ocrx_word' id='word_1_808' title='bbox 2209 5265 2298 5314; x_wconf 91' lang='lat' dir='ltr'>est</span> <span class='ocrx_word' id='word_1_809' title='bbox 2321 5262 2388 5314; x_wconf 92' lang='lat' dir='ltr'>ut</span> <span class='ocrx_word' id='word_1_810' title='bbox 2412 5260 2631 5313; x_wconf 68' lang='lat' dir='ltr'>sanctae</span> <span class='ocrx_word' id='word_1_811' title='bbox 2666 5256 2819 5312; x_wconf 88' lang='lat' dir='ltr'>Fidis</span> <span class='ocrx_word' id='word_1_812' title='bbox 2844 5254 3286 5313; x_wconf 89' lang='lat' dir='ltr'>medicantibus</span> <span class='ocrx_word' id='word_1_813' title='bbox 3308 5257 3532 5314; x_wconf 89' lang='lat' dir='ltr'>meritis</span> <span class='ocrx_word' id='word_1_814' title='bbox 3562 5257 3695 5331; x_wconf 90' lang='lat' dir='ltr'>piis,</span> <span class='ocrx_word' id='word_1_815' title='bbox 3759 5289 3764 5293; x_wconf 94' lang='lat'><strong><em>-</em></strong></span> 
     </span>
    </p>
   </div>
   <div class='ocr_carea' id='block_1_121' title="bbox 2038 5344 3699 5422">
    <p class='ocr_par' dir='ltr' id='par_1_121' title="bbox 2038 5344 3699 5422">
     <span class='ocr_line' id='line_1_121' title="bbox 2038 5344 3699 5422; baseline -0.001 -19"><span class='ocrx_word' id='word_1_816' title='bbox 2038 5352 2279 5422; x_wconf 89' lang='lat' dir='ltr'>postera</span> <span class='ocrx_word' id='word_1_817' title='bbox 2306 5347 2401 5402; x_wconf 91' lang='lat' dir='ltr'>die</span> <span class='ocrx_word' id='word_1_818' title='bbox 2432 5362 2624 5419; x_wconf 91' lang='lat' dir='ltr'>equus</span> <span class='ocrx_word' id='word_1_819' title='bbox 2652 5344 2747 5401; x_wconf 91' lang='lat' dir='ltr'>ille</span> <span class='ocrx_word' id='word_1_820' title='bbox 2766 5344 2847 5402; x_wconf 89' lang='lat' dir='ltr'>ita</span> <span class='ocrx_word' id='word_1_821' title='bbox 2863 5344 3182 5402; x_wconf 89' lang='lat' dir='ltr'>incolumis</span> <span class='ocrx_word' id='word_1_822' title='bbox 3212 5348 3540 5416; x_wconf 75' lang='lat' dir='ltr'>invenitur,</span> <span class='ocrx_word' id='word_1_823' title='bbox 3562 5363 3631 5403; x_wconf 85' lang='lat' dir='ltr'>ac</span> <span class='ocrx_word' id='word_1_824' title='bbox 3648 5346 3699 5402; x_wconf 91' lang='lat' dir='ltr'>si</span> 
     </span>
    </p>
   </div>
   <div class='ocr_carea' id='block_1_122' title="bbox 2038 5424 3698 5510">
    <p class='ocr_par' dir='ltr' id='par_1_122' title="bbox 2038 5424 3698 5510">
     <span class='ocr_line' id='line_1_122' title="bbox 2038 5424 3698 5510; baseline -0.001 -17"><span class='ocrx_word' id='word_1_825' title='bbox 2038 5452 2355 5510; x_wconf 89' lang='lat' dir='ltr'>nunquam</span> <span class='ocrx_word' id='word_1_826' title='bbox 2380 5435 2501 5491; x_wconf 93' lang='lat' dir='ltr'>ullo</span> <span class='ocrx_word' id='word_1_827' title='bbox 2530 5434 2747 5491; x_wconf 91' lang='lat' dir='ltr'>morbo</span> <span class='ocrx_word' id='word_1_828' title='bbox 2778 5434 3015 5505; x_wconf 89' lang='lat' dir='ltr'>gravari</span> <span class='ocrx_word' id='word_1_829' title='bbox 3043 5424 3360 5493; x_wconf 88' lang='lat' dir='ltr'>videretur.</span> <span class='ocrx_word' id='word_1_830' title='bbox 3387 5437 3569 5508; x_wconf 89' lang='lat' dir='ltr'>Cujus</span> <span class='ocrx_word' id='word_1_831' title='bbox 3584 5437 3698 5491; x_wconf 90' lang='lat' dir='ltr'>vir-</span> 
     </span>
    </p>
   </div>
   <div class='ocr_carea' id='block_1_123' title="bbox 2038 5523 3698 5600">
    <p class='ocr_par' dir='ltr' id='par_1_123' title="bbox 2038 5523 3698 5600">
     <span class='ocr_line' id='line_1_123' title="bbox 2038 5523 3698 5600; baseline -0.002 -16"><span class='ocrx_word' id='word_1_832' title='bbox 2038 5526 2265 5584; x_wconf 88' lang='lat' dir='ltr'>tutibus</span> <span class='ocrx_word' id='word_1_833' title='bbox 2294 5525 2652 5600; x_wconf 69' lang='lat' dir='ltr'>praeclarum</span> <span class='ocrx_word' id='word_1_834' title='bbox 2682 5523 3039 5581; x_wconf 90' lang='lat' dir='ltr'>miraculum</span> <span class='ocrx_word' id='word_1_835' title='bbox 3094 5525 3282 5582; x_wconf 87' lang='lat' dir='ltr'>isdem</span> <span class='ocrx_word' id='word_1_836' title='bbox 3338 5525 3506 5582; x_wconf 86' lang='lat' dir='ltr'>miles</span> <span class='ocrx_word' id='word_1_837' title='bbox 3562 5530 3698 5581; x_wconf 89' lang='lat' dir='ltr'>ante</span> 
     </span>
    </p>
   </div>
   <div class='ocr_carea' id='block_1_124' title="bbox 2039 5614 3701 5688">
    <p class='ocr_par' dir='ltr' id='par_1_124' title="bbox 2039 5614 3701 5688">
     <span class='ocr_line' id='line_1_124' title="bbox 2039 5614 3701 5688; baseline -0.001 -16"><span class='ocrx_word' id='word_1_838' title='bbox 2039 5622 2260 5674; x_wconf 80' lang='lat' dir='ltr'>sanctae</span> <span class='ocrx_word' id='word_1_839' title='bbox 2309 5616 2587 5688; x_wconf 88' lang='lat' dir='ltr'>martyris</span> <span class='ocrx_word' id='word_1_840' title='bbox 2624 5614 3077 5684; x_wconf 88' lang='lat' dir='ltr'>retulit,cunctis</span> <span class='ocrx_word' id='word_1_841' title='bbox 3123 5615 3474 5684; x_wconf 86' lang='lat' dir='ltr'>astantibus,</span> <span class='ocrx_word' id='word_1_842' title='bbox 3507 5618 3701 5672; x_wconf 88' lang='lat' dir='ltr'>orato-</span> 
     </span>
    </p>
   </div>
   <div class='ocr_carea' id='block_1_125' title="bbox 2036 5705 2212 5763">
    <p class='ocr_par' dir='ltr' id='par_1_125' title="bbox 2036 5705 2212 5763">
     <span class='ocr_line' id='line_1_125' title="bbox 2036 5705 2212 5763; baseline 0.006 -1"><span class='ocrx_word' id='word_1_843' title='bbox 2036 5705 2212 5763; x_wconf 89' lang='lat' dir='ltr'>rium.</span> 
     </span>
    </p>
   </div>
  </div>
