  <div class='ocr_page' id='page_1' title='image "/cluster/home/n/w/nwhite01/storage/ocr_20150623/141/hvd.32044054760012/083.png"; bbox 0 0 4048 6178; ppageno 0'>
   <div class='ocr_carea' id='block_1_1' title="bbox 336 130 439 182">
    <p class='ocr_par' dir='ltr' id='par_1_1' title="bbox 336 130 439 182">
     <span class='ocr_line' id='line_1_1' title="bbox 336 130 439 182; baseline 0 0"><span class='ocrx_word' id='word_1_1' title='bbox 336 130 439 182; x_wconf 74' lang='grc'><strong>155</strong></span> 
     </span>
    </p>
   </div>
   <div class='ocr_carea' id='block_1_2' title="bbox 941 222 1393 302">
    <p class='ocr_par' dir='ltr' id='par_1_2' title="bbox 941 222 1393 302">
     <span class='ocr_line' id='line_1_2' title="bbox 941 222 1393 302; baseline 0 -1"><span class='ocrx_word' id='word_1_2' title='bbox 941 222 1163 302; x_wconf 81' lang='lat' dir='ltr'><strong>CAPUT</strong></span> <span class='ocrx_word' id='word_1_3' title='bbox 1212 248 1393 302; x_wconf 87' lang='lat' dir='ltr'><strong>xvm.</strong></span> 
     </span>
    </p>
   </div>
   <div class='ocr_carea' id='block_1_3' title="bbox 786 319 1533 375">
    <p class='ocr_par' dir='ltr' id='par_1_3' title="bbox 786 319 1533 375">
     <span class='ocr_line' id='line_1_3' title="bbox 786 319 1533 375; baseline 0.004 -4"><span class='ocrx_word' id='word_1_4' title='bbox 786 319 873 372; x_wconf 82' lang='lat' dir='ltr'><strong>De</strong></span> <span class='ocrx_word' id='word_1_5' title='bbox 897 323 1131 373; x_wconf 79' lang='lat' dir='ltr'><strong>mortuo</strong></span> <span class='ocrx_word' id='word_1_6' title='bbox 1162 320 1533 375; x_wconf 76' lang='lat' dir='ltr'><strong>resuscitato.</strong></span> 
     </span>
    </p>
   </div>
   <div class='ocr_carea' id='block_1_4' title="bbox 410 404 1997 480">
    <p class='ocr_par' dir='ltr' id='par_1_4' title="bbox 410 404 1997 480">
     <span class='ocr_line' id='line_1_4' title="bbox 410 404 1997 480; baseline -0.005 -13"><span class='ocrx_word' id='word_1_7' title='bbox 410 409 663 478; x_wconf 83' lang='lat' dir='ltr'><strong>Contigit</strong></span> <span class='ocrx_word' id='word_1_8' title='bbox 690 405 1043 480; x_wconf 85' lang='lat' dir='ltr'><strong>quemdam,</strong></span> <span class='ocrx_word' id='word_1_9' title='bbox 1071 407 1315 462; x_wconf 86' lang='lat' dir='ltr'>nomine</span> <span class='ocrx_word' id='word_1_10' title='bbox 1358 405 1723 474; x_wconf 89' lang='lat' dir='ltr'><strong>Hunaldum,</strong></span> <span class='ocrx_word' id='word_1_11' title='bbox 1757 404 1997 461; x_wconf 86' lang='lat' dir='ltr'><strong>Tolosa-</strong></span> 
     </span>
    </p>
   </div>
   <div class='ocr_carea' id='block_1_5' title="bbox 336 495 2001 571">
    <p class='ocr_par' dir='ltr' id='par_1_5' title="bbox 336 495 2001 571">
     <span class='ocr_line' id='line_1_5' title="bbox 336 495 2001 571; baseline -0.004 -15"><span class='ocrx_word' id='word_1_12' title='bbox 336 501 428 556; x_wconf 89' lang='lat' dir='ltr'><strong>nis</strong></span> <span class='ocrx_word' id='word_1_13' title='bbox 456 500 517 555; x_wconf 91' lang='lat' dir='ltr'><strong>in</strong></span> <span class='ocrx_word' id='word_1_14' title='bbox 548 496 817 571; x_wconf 88' lang='lat' dir='ltr'><strong>partibus</strong></span> <span class='ocrx_word' id='word_1_15' title='bbox 844 500 1063 552; x_wconf 66' lang='lat' dir='ltr'><strong>sanctre</strong></span> <span class='ocrx_word' id='word_1_16' title='bbox 1094 496 1374 569; x_wconf 85' lang='lat' dir='ltr'><strong>martyris</strong></span> <span class='ocrx_word' id='word_1_17' title='bbox 1413 495 1839 553; x_wconf 89' lang='lat' dir='ltr'><strong>admirandum</strong></span> <span class='ocrx_word' id='word_1_18' title='bbox 1866 509 2001 566; x_wconf 91' lang='lat' dir='ltr'><strong>pro-</strong></span> 
     </span>
    </p>
   </div>
   <div class='ocr_carea' id='block_1_6' title="bbox 336 583 1998 659">
    <p class='ocr_par' dir='ltr' id='par_1_6' title="bbox 336 583 1998 659">
     <span class='ocr_line' id='line_1_6' title="bbox 336 583 1998 659; baseline -0.005 -14"><span class='ocrx_word' id='word_1_19' title='bbox 336 586 627 645; x_wconf 86' lang='lat' dir='ltr'><strong>meruisse</strong></span> <span class='ocrx_word' id='word_1_20' title='bbox 657 584 1040 653; x_wconf 91' lang='lat' dir='ltr'><strong>beneﬁcium,</strong></span> <span class='ocrx_word' id='word_1_21' title='bbox 1067 585 1324 659; x_wconf 90' lang='lat' dir='ltr'><strong>visuqua</strong></span> <span class='ocrx_word' id='word_1_22' title='bbox 1348 589 1406 641; x_wconf 91' lang='lat' dir='ltr'><strong>et</strong></span> <span class='ocrx_word' id='word_1_23' title='bbox 1452 601 1632 658; x_wconf 91' lang='lat' dir='ltr'><strong>opere</strong></span> <span class='ocrx_word' id='word_1_24' title='bbox 1683 583 1998 655; x_wconf 91' lang='lat' dir='ltr'><strong>inopinam</strong></span> 
     </span>
    </p>
   </div>
   <div class='ocr_carea' id='block_1_7' title="bbox 336 671 2001 749">
    <p class='ocr_par' dir='ltr' id='par_1_7' title="bbox 336 671 2001 749">
     <span class='ocr_line' id='line_1_7' title="bbox 336 671 2001 749; baseline -0.004 -17"><span class='ocrx_word' id='word_1_25' title='bbox 336 675 590 749; x_wconf 85' lang='lat' dir='ltr'><strong>experiri</strong></span> <span class='ocrx_word' id='word_1_26' title='bbox 617 676 746 747; x_wconf 86' lang='lat' dir='ltr'><strong>ejus</strong></span> <span class='ocrx_word' id='word_1_27' title='bbox 803 673 1316 744; x_wconf 90' lang='lat' dir='ltr'><strong>magniﬁcentiam</strong></span> <span class='ocrx_word' id='word_1_28' title='bbox 1370 674 1673 730; x_wconf 90' lang='lat' dir='ltr'><strong>virtutum.</strong></span> <span class='ocrx_word' id='word_1_29' title='bbox 1732 671 2001 727; x_wconf 81' lang='lat' dir='ltr'><strong>Habebat</strong></span> 
     </span>
    </p>
   </div>
   <div class='ocr_carea' id='block_1_8' title="bbox 337 758 1999 836">
    <p class='ocr_par' dir='ltr' id='par_1_8' title="bbox 337 758 1999 836">
     <span class='ocr_line' id='line_1_8' title="bbox 337 758 1999 836; baseline -0.004 -15"><span class='ocrx_word' id='word_1_30' title='bbox 337 758 497 821; x_wconf 83' lang='lat' dir='ltr'><strong>enim</strong></span> <span class='ocrx_word' id='word_1_31' title='bbox 537 764 750 835; x_wconf 87' lang='lat' dir='ltr'><strong>ﬁlium,</strong></span> <span class='ocrx_word' id='word_1_32' title='bbox 791 780 973 836; x_wconf 89' lang='lat' dir='ltr'><strong>quem</strong></span> <span class='ocrx_word' id='word_1_33' title='bbox 1002 764 1077 820; x_wconf 91' lang='lat' dir='ltr'><strong>de</strong></span> <span class='ocrx_word' id='word_1_34' title='bbox 1107 780 1274 821; x_wconf 90' lang='lat' dir='ltr'><strong>more</strong></span> <span class='ocrx_word' id='word_1_35' title='bbox 1303 763 1465 820; x_wconf 85' lang='lat' dir='ltr'><strong>misit</strong></span> <span class='ocrx_word' id='word_1_36' title='bbox 1523 763 1603 819; x_wconf 91' lang='lat' dir='ltr'><strong>ad</strong></span> <span class='ocrx_word' id='word_1_37' title='bbox 1659 765 1999 818; x_wconf 86' lang='lat' dir='ltr'><strong>armentum</strong></span> 
     </span>
    </p>
   </div>
   <div class='ocr_carea' id='block_1_9' title="bbox 337 851 1999 927">
    <p class='ocr_par' dir='ltr' id='par_1_9' title="bbox 337 851 1999 927">
     <span class='ocr_line' id='line_1_9' title="bbox 337 851 1999 927; baseline -0.004 -17"><span class='ocrx_word' id='word_1_38' title='bbox 337 854 397 910; x_wconf 90' lang='lat' dir='ltr'><strong>in</strong></span> <span class='ocrx_word' id='word_1_39' title='bbox 416 854 658 927; x_wconf 85' lang='lat' dir='ltr'><strong>pascuis</strong></span> <span class='ocrx_word' id='word_1_40' title='bbox 689 852 1073 910; x_wconf 91' lang='lat' dir='ltr'><strong>servandum.</strong></span> <span class='ocrx_word' id='word_1_41' title='bbox 1126 855 1199 909; x_wconf 87' lang='lat' dir='ltr'><strong>At</strong></span> <span class='ocrx_word' id='word_1_42' title='bbox 1223 851 1339 924; x_wconf 89' lang='lat' dir='ltr'><strong>ille,</strong></span> <span class='ocrx_word' id='word_1_43' title='bbox 1372 851 1659 926; x_wconf 85' lang='lat' dir='ltr'><strong>pastorali</strong></span> <span class='ocrx_word' id='word_1_44' title='bbox 1689 866 1833 905; x_wconf 91' lang='lat' dir='ltr'><strong>cura</strong></span> <span class='ocrx_word' id='word_1_45' title='bbox 1873 866 1999 905; x_wconf 90' lang='lat' dir='ltr'><strong>sus-</strong></span> 
     </span>
    </p>
   </div>
   <div class='ocr_carea' id='block_1_10' title="bbox 339 938 2000 1015">
    <p class='ocr_par' dir='ltr' id='par_1_10' title="bbox 339 938 2000 1015">
     <span class='ocr_line' id='line_1_10' title="bbox 339 938 2000 1015; baseline -0.004 -16"><span class='ocrx_word' id='word_1_46' title='bbox 339 948 531 1015; x_wconf 87' lang='lat' dir='ltr'><strong>cepta,</strong></span> <span class='ocrx_word' id='word_1_47' title='bbox 563 942 660 998; x_wconf 92' lang='lat' dir='ltr'><strong>die</strong></span> <span class='ocrx_word' id='word_1_48' title='bbox 690 942 982 1015; x_wconf 91' lang='lat' dir='ltr'><strong>quadam,</strong></span> <span class='ocrx_word' id='word_1_49' title='bbox 1016 945 1296 1012; x_wconf 81' lang='lat' dir='ltr'><strong>surgente</strong></span> <span class='ocrx_word' id='word_1_50' title='bbox 1323 941 1578 1014; x_wconf 89' lang='lat' dir='ltr'><strong>hespcro</strong></span> <span class='ocrx_word' id='word_1_51' title='bbox 1596 943 1869 996; x_wconf 87' lang='lat' dir='ltr'><strong>armenta</strong></span> <span class='ocrx_word' id='word_1_52' title='bbox 1897 938 2000 994; x_wconf 86' lang='lat' dir='ltr'><strong>do-</strong></span> 
     </span>
    </p>
   </div>
   <div class='ocr_carea' id='block_1_11' title="bbox 338 1029 1999 1103">
    <p class='ocr_par' dir='ltr' id='par_1_11' title="bbox 338 1029 1999 1103">
     <span class='ocr_line' id='line_1_11' title="bbox 338 1029 1999 1103; baseline -0.002 -15"><span class='ocrx_word' id='word_1_53' title='bbox 338 1049 511 1088; x_wconf 91' lang='lat' dir='ltr'><strong>mum</strong></span> <span class='ocrx_word' id='word_1_54' title='bbox 548 1032 865 1103; x_wconf 80' lang='lat' dir='ltr'><strong>reducens,</strong></span> <span class='ocrx_word' id='word_1_55' title='bbox 896 1047 1003 1103; x_wconf 91' lang='lat' dir='ltr'><strong>per</strong></span> <span class='ocrx_word' id='word_1_56' title='bbox 1032 1031 1435 1102; x_wconf 79' lang='lat' dir='ltr'><strong>negligentem</strong></span> <span class='ocrx_word' id='word_1_57' title='bbox 1465 1030 1759 1085; x_wconf 90' lang='lat' dir='ltr'><strong>incuriam</strong></span> <span class='ocrx_word' id='word_1_58' title='bbox 1780 1029 1999 1084; x_wconf 87' lang='lat' dir='ltr'><strong>bovem</strong></span> 
     </span>
    </p>
   </div>
   <div class='ocr_carea' id='block_1_12' title="bbox 340 1117 1999 1192">
    <p class='ocr_par' dir='ltr' id='par_1_12' title="bbox 340 1117 1999 1192">
     <span class='ocr_line' id='line_1_12' title="bbox 340 1117 1999 1192; baseline -0.002 -15"><span class='ocrx_word' id='word_1_59' title='bbox 340 1138 533 1177; x_wconf 91' lang='lat' dir='ltr'><strong>unum</strong></span> <span class='ocrx_word' id='word_1_60' title='bbox 557 1121 708 1176; x_wconf 91' lang='lat' dir='ltr'><strong>inter</strong></span> <span class='ocrx_word' id='word_1_61' title='bbox 731 1121 945 1177; x_wconf 87' lang='lat' dir='ltr'><strong>fruteta</strong></span> <span class='ocrx_word' id='word_1_62' title='bbox 975 1120 1217 1189; x_wconf 84' lang='lat' dir='ltr'><strong>dimisit,</strong></span> <span class='ocrx_word' id='word_1_63' title='bbox 1252 1119 1516 1192; x_wconf 89' lang='lat' dir='ltr'><strong>reliquos</strong></span> <span class='ocrx_word' id='word_1_64' title='bbox 1543 1135 1687 1175; x_wconf 88' lang='lat' dir='ltr'><strong>vero</strong></span> <span class='ocrx_word' id='word_1_65' title='bbox 1743 1117 1999 1174; x_wconf 89' lang='lat' dir='ltr'><strong>bostaris</strong></span> 
     </span>
    </p>
   </div>
   <div class='ocr_carea' id='block_1_13' title="bbox 339 1207 2001 1285">
    <p class='ocr_par' dir='ltr' id='par_1_13' title="bbox 339 1207 2001 1285">
     <span class='ocr_line' id='line_1_13' title="bbox 339 1207 2001 1285; baseline -0.001 -20"><span class='ocrx_word' id='word_1_66' title='bbox 339 1210 712 1285; x_wconf 64' lang='lat' dir='ltr'><strong>praesepibus</strong></span> <span class='ocrx_word' id='word_1_67' title='bbox 760 1209 1028 1265; x_wconf 89' lang='lat' dir='ltr'><strong>inseruit.</strong></span> <span class='ocrx_word' id='word_1_68' title='bbox 1072 1213 1329 1266; x_wconf 86' lang='lat' dir='ltr'><strong>Cernens</strong></span> <span class='ocrx_word' id='word_1_69' title='bbox 1388 1209 1566 1279; x_wconf 82' lang='lat' dir='ltr'><strong>igitur</strong></span> <span class='ocrx_word' id='word_1_70' title='bbox 1622 1226 1814 1265; x_wconf 88' lang='lat' dir='ltr'><strong>vacuo</strong></span> <span class='ocrx_word' id='word_1_71' title='bbox 1866 1207 2001 1264; x_wconf 91' lang='lat' dir='ltr'><strong>loco</strong></span> 
     </span>
    </p>
   </div>
   <div class='ocr_carea' id='block_1_14' title="bbox 341 1296 2002 1371">
    <p class='ocr_par' dir='ltr' id='par_1_14' title="bbox 341 1296 2002 1371">
     <span class='ocr_line' id='line_1_14' title="bbox 341 1296 2002 1371; baseline -0.002 -17"><span class='ocrx_word' id='word_1_72' title='bbox 341 1314 533 1354; x_wconf 90' lang='lat' dir='ltr'><strong>unum</strong></span> <span class='ocrx_word' id='word_1_73' title='bbox 563 1298 773 1353; x_wconf 89' lang='lat' dir='ltr'><strong>abesse</strong></span> <span class='ocrx_word' id='word_1_74' title='bbox 824 1296 1069 1364; x_wconf 86' lang='lat' dir='ltr'><strong>animal,</strong></span> <span class='ocrx_word' id='word_1_75' title='bbox 1128 1314 1357 1370; x_wconf 90' lang='lat' dir='ltr'><strong>pascua</strong></span> <span class='ocrx_word' id='word_1_76' title='bbox 1412 1314 1519 1371; x_wconf 91' lang='lat' dir='ltr'><strong>per</strong></span> <span class='ocrx_word' id='word_1_77' title='bbox 1575 1297 1780 1353; x_wconf 90' lang='lat' dir='ltr'><strong>furvas</strong></span> <span class='ocrx_word' id='word_1_78' title='bbox 1812 1296 2002 1352; x_wconf 90' lang='lat' dir='ltr'><strong>noctis</strong></span> 
     </span>
    </p>
   </div>
   <div class='ocr_carea' id='block_1_15' title="bbox 341 1386 2003 1459">
    <p class='ocr_par' dir='ltr' id='par_1_15' title="bbox 341 1386 2003 1459">
     <span class='ocr_line' id='line_1_15' title="bbox 341 1386 2003 1459; baseline -0.001 -16"><span class='ocrx_word' id='word_1_79' title='bbox 341 1387 618 1443; x_wconf 85' lang='lat' dir='ltr'><strong>tenebras</strong></span> <span class='ocrx_word' id='word_1_80' title='bbox 640 1386 944 1456; x_wconf 90' lang='lat' dir='ltr'><strong>solivagus</strong></span> <span class='ocrx_word' id='word_1_81' title='bbox 973 1387 1222 1459; x_wconf 84' lang='lat' dir='ltr'><strong>repetiit.</strong></span> <span class='ocrx_word' id='word_1_82' title='bbox 1260 1388 1373 1444; x_wconf 89' lang='lat' dir='ltr'><strong>Sed</strong></span> <span class='ocrx_word' id='word_1_83' title='bbox 1417 1404 1642 1457; x_wconf 88' lang='lat' dir='ltr'><strong>magna</strong></span> <span class='ocrx_word' id='word_1_84' title='bbox 1672 1391 1839 1459; x_wconf 90' lang='lat' dir='ltr'><strong>parte</strong></span> <span class='ocrx_word' id='word_1_85' title='bbox 1866 1402 2003 1442; x_wconf 93' lang='lat' dir='ltr'><strong>noc-</strong></span> 
     </span>
    </p>
   </div>
   <div class='ocr_carea' id='block_1_16' title="bbox 342 1475 2004 1549">
    <p class='ocr_par' dir='ltr' id='par_1_16' title="bbox 342 1475 2004 1549">
     <span class='ocr_line' id='line_1_16' title="bbox 342 1475 2004 1549; baseline -0.001 -18"><span class='ocrx_word' id='word_1_86' title='bbox 342 1476 413 1532; x_wconf 90' lang='lat' dir='ltr'><strong>tis</strong></span> <span class='ocrx_word' id='word_1_87' title='bbox 442 1475 595 1531; x_wconf 86' lang='lat' dir='ltr'><strong>illius</strong></span> <span class='ocrx_word' id='word_1_88' title='bbox 610 1476 740 1547; x_wconf 90' lang='lat' dir='ltr'><strong>jam</strong></span> <span class='ocrx_word' id='word_1_89' title='bbox 775 1475 999 1548; x_wconf 89' lang='lat' dir='ltr'><strong>elapsa,</strong></span> <span class='ocrx_word' id='word_1_90' title='bbox 1035 1493 1209 1532; x_wconf 92' lang='lat' dir='ltr'><strong>casso</strong></span> <span class='ocrx_word' id='word_1_91' title='bbox 1239 1476 1445 1533; x_wconf 89' lang='lat' dir='ltr'><strong>labore</strong></span> <span class='ocrx_word' id='word_1_92' title='bbox 1473 1476 1851 1549; x_wconf 71' lang='lat' dir='ltr'><strong>quaeritandi,</strong></span> <span class='ocrx_word' id='word_1_93' title='bbox 1879 1475 2004 1531; x_wconf 89' lang='lat' dir='ltr'><strong>sine</strong></span> 
     </span>
    </p>
   </div>
   <div class='ocr_carea' id='block_1_17' title="bbox 340 1564 2004 1638">
    <p class='ocr_par' dir='ltr' id='par_1_17' title="bbox 340 1564 2004 1638">
     <span class='ocr_line' id='line_1_17' title="bbox 340 1564 2004 1638; baseline -0.001 -16"><span class='ocrx_word' id='word_1_94' title='bbox 340 1566 496 1622; x_wconf 88' lang='lat' dir='ltr'><strong>bove</strong></span> <span class='ocrx_word' id='word_1_95' title='bbox 526 1564 709 1621; x_wconf 83' lang='lat' dir='ltr'><strong>tristis</strong></span> <span class='ocrx_word' id='word_1_96' title='bbox 740 1582 810 1621; x_wconf 86' lang='lat' dir='ltr'><strong>ac</strong></span> <span class='ocrx_word' id='word_1_97' title='bbox 849 1583 1110 1622; x_wconf 63' lang='lat' dir='ltr'><strong>maerens</strong></span> <span class='ocrx_word' id='word_1_98' title='bbox 1131 1566 1320 1622; x_wconf 85' lang='lat' dir='ltr'><strong>rediit.</strong></span> <span class='ocrx_word' id='word_1_99' title='bbox 1348 1566 1503 1632; x_wconf 85' lang='lat' dir='ltr'><strong>Quid</strong></span> <span class='ocrx_word' id='word_1_100' title='bbox 1535 1571 1755 1635; x_wconf 84' lang='lat' dir='ltr'><strong>ageret,</strong></span> <span class='ocrx_word' id='word_1_101' title='bbox 1785 1582 1909 1638; x_wconf 91' lang='lat' dir='ltr'><strong>quo</strong></span> <span class='ocrx_word' id='word_1_102' title='bbox 1942 1582 2004 1621; x_wconf 91' lang='lat' dir='ltr'><strong>se</strong></span> 
     </span>
    </p>
   </div>
   <div class='ocr_carea' id='block_1_18' title="bbox 339 1654 2003 1729">
    <p class='ocr_par' dir='ltr' id='par_1_18' title="bbox 339 1654 2003 1729">
     <span class='ocr_line' id='line_1_18' title="bbox 339 1654 2003 1729; baseline -0.001 -18"><span class='ocrx_word' id='word_1_103' title='bbox 339 1660 607 1721; x_wconf 85' lang='lat' dir='ltr'><strong>verteret,</strong></span> <span class='ocrx_word' id='word_1_104' title='bbox 635 1654 803 1710; x_wconf 91' lang='lat' dir='ltr'><strong>nulla</strong></span> <span class='ocrx_word' id='word_1_105' title='bbox 832 1656 883 1710; x_wconf 91' lang='lat' dir='ltr'><strong>ei</strong></span> <span class='ocrx_word' id='word_1_106' title='bbox 907 1656 1135 1711; x_wconf 85' lang='lat' dir='ltr'><strong>ratione</strong></span> <span class='ocrx_word' id='word_1_107' title='bbox 1162 1661 1341 1729; x_wconf 88' lang='lat' dir='ltr'><strong>patet:</strong></span> <span class='ocrx_word' id='word_1_108' title='bbox 1367 1655 1819 1728; x_wconf 87' lang='lat' dir='ltr'><strong>improbissima</strong></span> <span class='ocrx_word' id='word_1_109' title='bbox 1844 1654 2003 1709; x_wconf 90' lang='lat' dir='ltr'><strong>enim</strong></span> 
     </span>
    </p>
   </div>
   <div class='ocr_carea' id='block_1_19' title="bbox 341 1745 2007 1819">
    <p class='ocr_par' dir='ltr' id='par_1_19' title="bbox 341 1745 2007 1819">
     <span class='ocr_line' id='line_1_19' title="bbox 341 1745 2007 1819; baseline -0.002 -16"><span class='ocrx_word' id='word_1_110' title='bbox 341 1746 526 1819; x_wconf 85' lang='lat' dir='ltr'><strong>patris</strong></span> <span class='ocrx_word' id='word_1_111' title='bbox 556 1745 860 1801; x_wconf 86' lang='lat' dir='ltr'><strong>severitate</strong></span> <span class='ocrx_word' id='word_1_112' title='bbox 877 1745 1246 1819; x_wconf 89' lang='lat' dir='ltr'><strong>perterritus,</strong></span> <span class='ocrx_word' id='word_1_113' title='bbox 1275 1762 1347 1801; x_wconf 93' lang='lat' dir='ltr'><strong>eo</strong></span> <span class='ocrx_word' id='word_1_114' title='bbox 1380 1746 1597 1803; x_wconf 82' lang='lat' dir='ltr'><strong>sciente</strong></span> <span class='ocrx_word' id='word_1_115' title='bbox 1630 1750 1852 1801; x_wconf 89' lang='lat' dir='ltr'><strong>tectum</strong></span> <span class='ocrx_word' id='word_1_116' title='bbox 1882 1760 2007 1800; x_wconf 89' lang='lat' dir='ltr'><strong>non</strong></span> 
     </span>
    </p>
   </div>
   <div class='ocr_carea' id='block_1_20' title="bbox 342 1833 2005 1907">
    <p class='ocr_par' dir='ltr' id='par_1_20' title="bbox 342 1833 2005 1907">
     <span class='ocr_line' id='line_1_20' title="bbox 342 1833 2005 1907; baseline -0.001 -17"><span class='ocrx_word' id='word_1_117' title='bbox 342 1834 526 1890; x_wconf 85' lang='lat' dir='ltr'><strong>audet</strong></span> <span class='ocrx_word' id='word_1_118' title='bbox 550 1833 771 1904; x_wconf 90' lang='lat' dir='ltr'><strong>subire,</strong></span> <span class='ocrx_word' id='word_1_119' title='bbox 800 1850 995 1907; x_wconf 90' lang='lat' dir='ltr'><strong>neque</strong></span> <span class='ocrx_word' id='word_1_120' title='bbox 1027 1834 1175 1907; x_wconf 90' lang='lat' dir='ltr'><strong>quid</strong></span> <span class='ocrx_word' id='word_1_121' title='bbox 1206 1835 1257 1890; x_wconf 93' lang='lat' dir='ltr'><strong>ei</strong></span> <span class='ocrx_word' id='word_1_122' title='bbox 1288 1834 1571 1890; x_wconf 90' lang='lat' dir='ltr'><strong>acciderit</strong></span> <span class='ocrx_word' id='word_1_123' title='bbox 1598 1833 1894 1890; x_wconf 89' lang='lat' dir='ltr'><strong>ullatenus</strong></span> <span class='ocrx_word' id='word_1_124' title='bbox 1915 1834 2005 1888; x_wconf 93' lang='lat' dir='ltr'><strong>in-</strong></span> 
     </span>
    </p>
   </div>
   <div class='ocr_carea' id='block_1_21' title="bbox 340 1921 2006 1996">
    <p class='ocr_par' dir='ltr' id='par_1_21' title="bbox 340 1921 2006 1996">
     <span class='ocr_line' id='line_1_21' title="bbox 340 1921 2006 1996; baseline -0.001 -17"><span class='ocrx_word' id='word_1_125' title='bbox 340 1923 573 1979; x_wconf 88' lang='lat' dir='ltr'><strong>timare.</strong></span> <span class='ocrx_word' id='word_1_126' title='bbox 596 1925 848 1979; x_wconf 89' lang='lat' dir='ltr'><strong>Tantum</strong></span> <span class='ocrx_word' id='word_1_127' title='bbox 880 1939 1022 1978; x_wconf 91' lang='lat' dir='ltr'><strong>vero</strong></span> <span class='ocrx_word' id='word_1_128' title='bbox 1074 1922 1281 1996; x_wconf 86' lang='lat' dir='ltr'><strong>sopitis</strong></span> <span class='ocrx_word' id='word_1_129' title='bbox 1334 1921 1638 1989; x_wconf 88' lang='lat' dir='ltr'><strong>omnibus,</strong></span> <span class='ocrx_word' id='word_1_130' title='bbox 1698 1922 1913 1977; x_wconf 88' lang='lat' dir='ltr'><strong>lectulo</strong></span> <span class='ocrx_word' id='word_1_131' title='bbox 1946 1939 2006 1977; x_wconf 91' lang='lat' dir='ltr'><strong>se</strong></span> 
     </span>
    </p>
   </div>
   <div class='ocr_carea' id='block_1_22' title="bbox 342 2011 2007 2070">
    <p class='ocr_par' dir='ltr' id='par_1_22' title="bbox 342 2011 2007 2070">
     <span class='ocr_line' id='line_1_22' title="bbox 342 2011 2007 2070; baseline -0.002 -1"><span class='ocrx_word' id='word_1_132' title='bbox 342 2012 591 2069; x_wconf 89' lang='lat' dir='ltr'><strong>contulit</strong></span> <span class='ocrx_word' id='word_1_133' title='bbox 619 2012 944 2069; x_wconf 90' lang='lat' dir='ltr'><strong>clanculus.</strong></span> <span class='ocrx_word' id='word_1_134' title='bbox 984 2012 1091 2070; x_wconf 91' lang='lat' dir='ltr'><strong>Ubi</strong></span> <span class='ocrx_word' id='word_1_135' title='bbox 1120 2030 1255 2068; x_wconf 91' lang='lat' dir='ltr'><strong>cum</strong></span> <span class='ocrx_word' id='word_1_136' title='bbox 1290 2013 1565 2070; x_wconf 90' lang='lat' dir='ltr'><strong>membra</strong></span> <span class='ocrx_word' id='word_1_137' title='bbox 1596 2012 1805 2069; x_wconf 90' lang='lat' dir='ltr'><strong>amissi</strong></span> <span class='ocrx_word' id='word_1_138' title='bbox 1835 2011 2007 2067; x_wconf 90' lang='lat' dir='ltr'><strong>bovis</strong></span> 
     </span>
    </p>
   </div>
   <div class='ocr_carea' id='block_1_23' title="bbox 341 2100 2007 2173">
    <p class='ocr_par' dir='ltr' id='par_1_23' title="bbox 341 2100 2007 2173">
     <span class='ocr_line' id='line_1_23' title="bbox 341 2100 2007 2173; baseline -0.002 -15"><span class='ocrx_word' id='word_1_139' title='bbox 341 2101 625 2171; x_wconf 84' lang='lat' dir='ltr'><strong>indagine</strong></span> <span class='ocrx_word' id='word_1_140' title='bbox 648 2100 983 2158; x_wconf 89' lang='lat' dir='ltr'><strong>admodum</strong></span> <span class='ocrx_word' id='word_1_141' title='bbox 1015 2101 1250 2158; x_wconf 87' lang='lat' dir='ltr'><strong>defessa</strong></span> <span class='ocrx_word' id='word_1_142' title='bbox 1303 2102 1575 2173; x_wconf 88' lang='lat' dir='ltr'><strong>jactaret,</strong></span> <span class='ocrx_word' id='word_1_143' title='bbox 1633 2100 1786 2157; x_wconf 90' lang='lat' dir='ltr'><strong>illico</strong></span> <span class='ocrx_word' id='word_1_144' title='bbox 1844 2104 2007 2157; x_wconf 86' lang='lat' dir='ltr'><strong>tanto</strong></span> 
     </span>
    </p>
   </div>
   <div class='ocr_carea' id='block_1_24' title="bbox 343 2191 2007 2266">
    <p class='ocr_par' dir='ltr' id='par_1_24' title="bbox 343 2191 2007 2266">
     <span class='ocr_line' id='line_1_24' title="bbox 343 2191 2007 2266; baseline -0.002 -17"><span class='ocrx_word' id='word_1_145' title='bbox 343 2192 549 2249; x_wconf 92' lang='lat' dir='ltr'><strong>dolore</strong></span> <span class='ocrx_word' id='word_1_146' title='bbox 577 2192 912 2265; x_wconf 83' lang='lat' dir='ltr'><strong>corripitur,</strong></span> <span class='ocrx_word' id='word_1_147' title='bbox 935 2197 1000 2248; x_wconf 93' lang='lat' dir='ltr'><strong>ut</strong></span> <span class='ocrx_word' id='word_1_148' title='bbox 1030 2208 1183 2266; x_wconf 91' lang='lat' dir='ltr'><strong>pene</strong></span> <span class='ocrx_word' id='word_1_149' title='bbox 1230 2191 1398 2248; x_wconf 90' lang='lat' dir='ltr'><strong>omni</strong></span> <span class='ocrx_word' id='word_1_150' title='bbox 1449 2192 1683 2248; x_wconf 90' lang='lat' dir='ltr'><strong>ossium</strong></span> <span class='ocrx_word' id='word_1_151' title='bbox 1713 2206 2007 2263; x_wconf 78' lang='lat' dir='ltr'><strong>compage</strong></span> 
     </span>
    </p>
   </div>
   <div class='ocr_carea' id='block_1_25' title="bbox 344 2279 2007 2348">
    <p class='ocr_par' dir='ltr' id='par_1_25' title="bbox 344 2279 2007 2348">
     <span class='ocr_line' id='line_1_25' title="bbox 344 2279 2007 2348; baseline -0.002 -11"><span class='ocrx_word' id='word_1_152' title='bbox 344 2281 639 2338; x_wconf 91' lang='lat' dir='ltr'><strong>resolutus</strong></span> <span class='ocrx_word' id='word_1_153' title='bbox 669 2281 1023 2338; x_wconf 90' lang='lat' dir='ltr'><strong>crederetur.</strong></span> <span class='ocrx_word' id='word_1_154' title='bbox 1058 2283 1187 2348; x_wconf 90' lang='lat' dir='ltr'><strong>Quo</strong></span> <span class='ocrx_word' id='word_1_155' title='bbox 1217 2280 1422 2337; x_wconf 91' lang='lat' dir='ltr'><strong>dolore</strong></span> <span class='ocrx_word' id='word_1_156' title='bbox 1449 2280 1703 2337; x_wconf 89' lang='lat' dir='ltr'><strong>nimium</strong></span> <span class='ocrx_word' id='word_1_157' title='bbox 1729 2279 2007 2336; x_wconf 85' lang='lat' dir='ltr'><strong>invales-</strong></span> 
     </span>
    </p>
   </div>
   <div class='ocr_carea' id='block_1_26' title="bbox 344 2368 2007 2442">
    <p class='ocr_par' dir='ltr' id='par_1_26' title="bbox 344 2368 2007 2442">
     <span class='ocr_line' id='line_1_26' title="bbox 344 2368 2007 2442; baseline -0.001 -16"><span class='ocrx_word' id='word_1_158' title='bbox 344 2374 534 2442; x_wconf 89' lang='lat' dir='ltr'><strong>cente,</strong></span> <span class='ocrx_word' id='word_1_159' title='bbox 566 2375 622 2427; x_wconf 90' lang='lat' dir='ltr'><strong>et</strong></span> <span class='ocrx_word' id='word_1_160' title='bbox 646 2375 814 2427; x_wconf 91' lang='lat' dir='ltr'><strong>motu</strong></span> <span class='ocrx_word' id='word_1_161' title='bbox 843 2375 1083 2427; x_wconf 90' lang='lat' dir='ltr'><strong>artuum</strong></span> <span class='ocrx_word' id='word_1_162' title='bbox 1113 2370 1445 2442; x_wconf 86' lang='lat' dir='ltr'><strong>fraudatur,</strong></span> <span class='ocrx_word' id='word_1_163' title='bbox 1470 2376 1526 2427; x_wconf 89' lang='lat' dir='ltr'><strong>et</strong></span> <span class='ocrx_word' id='word_1_164' title='bbox 1545 2370 1791 2427; x_wconf 89' lang='lat' dir='ltr'><strong>rationis</strong></span> <span class='ocrx_word' id='word_1_165' title='bbox 1810 2368 2007 2425; x_wconf 81' lang='lat' dir='ltr'><strong>ofﬁcio</strong></span> 
     </span>
    </p>
   </div>
   <div class='ocr_carea' id='block_1_27' title="bbox 343 2460 2007 2534">
    <p class='ocr_par' dir='ltr' id='par_1_27' title="bbox 343 2460 2007 2534">
     <span class='ocr_line' id='line_1_27' title="bbox 343 2460 2007 2534; baseline -0.001 -18"><span class='ocrx_word' id='word_1_166' title='bbox 343 2460 631 2534; x_wconf 83' lang='lat' dir='ltr'><strong>privatur.</strong></span> <span class='ocrx_word' id='word_1_167' title='bbox 666 2462 831 2518; x_wconf 80' lang='lat' dir='ltr'><strong>Mane</strong></span> <span class='ocrx_word' id='word_1_168' title='bbox 861 2465 1064 2517; x_wconf 91' lang='lat' dir='ltr'><strong>autem</strong></span> <span class='ocrx_word' id='word_1_169' title='bbox 1096 2461 1273 2532; x_wconf 84' lang='lat' dir='ltr'><strong>facto,</strong></span> <span class='ocrx_word' id='word_1_170' title='bbox 1321 2465 1386 2516; x_wconf 90' lang='lat' dir='ltr'><strong>ut</strong></span> <span class='ocrx_word' id='word_1_171' title='bbox 1442 2477 1582 2516; x_wconf 90' lang='lat' dir='ltr'><strong>eum</strong></span> <span class='ocrx_word' id='word_1_172' title='bbox 1628 2464 1799 2533; x_wconf 91' lang='lat' dir='ltr'><strong>pater</strong></span> <span class='ocrx_word' id='word_1_173' title='bbox 1840 2463 2007 2515; x_wconf 87' lang='lat' dir='ltr'><strong>tanto</strong></span> 
     </span>
    </p>
   </div>
   <div class='ocr_carea' id='block_1_28' title="bbox 344 2549 2007 2623">
    <p class='ocr_par' dir='ltr' id='par_1_28' title="bbox 344 2549 2007 2623">
     <span class='ocr_line' id='line_1_28' title="bbox 344 2549 2007 2623; baseline -0.002 -16"><span class='ocrx_word' id='word_1_174' title='bbox 344 2549 654 2623; x_wconf 76' lang='lat' dir='ltr'><strong>conspexit</strong></span> <span class='ocrx_word' id='word_1_175' title='bbox 704 2555 1045 2623; x_wconf 87' lang='lat' dir='ltr'><strong>correptum</strong></span> <span class='ocrx_word' id='word_1_176' title='bbox 1119 2550 1433 2621; x_wconf 87' lang='lat' dir='ltr'><strong>languore,</strong></span> <span class='ocrx_word' id='word_1_177' title='bbox 1492 2551 1764 2623; x_wconf 89' lang='lat' dir='ltr'><strong>deposito</strong></span> <span class='ocrx_word' id='word_1_178' title='bbox 1810 2549 2007 2605; x_wconf 90' lang='lat' dir='ltr'><strong>furore</strong></span> 
     </span>
    </p>
   </div>
   <div class='ocr_carea' id='block_1_29' title="bbox 344 2639 2005 2713">
    <p class='ocr_par' dir='ltr' id='par_1_29' title="bbox 344 2639 2005 2713">
     <span class='ocr_line' id='line_1_29' title="bbox 344 2639 2005 2713; baseline -0.002 -17"><span class='ocrx_word' id='word_1_179' title='bbox 344 2657 489 2696; x_wconf 82' lang='lat' dir='ltr'><strong>mox</strong></span> <span class='ocrx_word' id='word_1_180' title='bbox 531 2656 711 2713; x_wconf 90' lang='lat' dir='ltr'><strong>super</strong></span> <span class='ocrx_word' id='word_1_181' title='bbox 737 2640 1149 2697; x_wconf 87' lang='lat' dir='ltr'><strong>imminentem</strong></span> <span class='ocrx_word' id='word_1_182' title='bbox 1196 2641 1321 2698; x_wconf 89' lang='lat' dir='ltr'><strong>nati</strong></span> <span class='ocrx_word' id='word_1_183' title='bbox 1358 2639 1663 2697; x_wconf 90' lang='lat' dir='ltr'><strong>interitum</strong></span> <span class='ocrx_word' id='word_1_184' title='bbox 1703 2639 2005 2696; x_wconf 89' lang='lat' dir='ltr'><strong>ﬂebilibus</strong></span> 
     </span>
    </p>
   </div>
   <div class='ocr_carea' id='block_1_30' title="bbox 344 2730 2007 2803">
    <p class='ocr_par' dir='ltr' id='par_1_30' title="bbox 344 2730 2007 2803">
     <span class='ocr_line' id='line_1_30' title="bbox 344 2730 2007 2803; baseline 0 -18"><span class='ocrx_word' id='word_1_185' title='bbox 344 2730 521 2803; x_wconf 82' lang='lat' dir='ltr'><strong>coepit</strong></span> <span class='ocrx_word' id='word_1_186' title='bbox 542 2730 862 2802; x_wconf 83' lang='lat' dir='ltr'><strong>gemitibus</strong></span> <span class='ocrx_word' id='word_1_187' title='bbox 889 2730 1112 2800; x_wconf 86' lang='lat' dir='ltr'><strong>dolere,</strong></span> <span class='ocrx_word' id='word_1_188' title='bbox 1147 2747 1236 2800; x_wconf 91' lang='lat' dir='ltr'><strong>ac,</strong></span> <span class='ocrx_word' id='word_1_189' title='bbox 1262 2731 1410 2787; x_wconf 89' lang='lat' dir='ltr'><strong>dum</strong></span> <span class='ocrx_word' id='word_1_190' title='bbox 1436 2731 1585 2787; x_wconf 88' lang='lat' dir='ltr'><strong>vasti</strong></span> <span class='ocrx_word' id='word_1_191' title='bbox 1608 2730 2007 2801; x_wconf 89' lang='lat' dir='ltr'><strong>singultorum</strong></span> 
     </span>
    </p>
   </div>
   <div class='ocr_carea' id='block_1_31' title="bbox 343 2818 2005 2891">
    <p class='ocr_par' dir='ltr' id='par_1_31' title="bbox 343 2818 2005 2891">
     <span class='ocr_line' id='line_1_31' title="bbox 343 2818 2005 2891; baseline -0.001 -16"><span class='ocrx_word' id='word_1_192' title='bbox 343 2823 686 2891; x_wconf 89' lang='lat' dir='ltr'><strong>quateretur</strong></span> <span class='ocrx_word' id='word_1_193' title='bbox 714 2818 951 2888; x_wconf 89' lang='lat' dir='ltr'><strong>ictibus,</strong></span> <span class='ocrx_word' id='word_1_194' title='bbox 985 2824 1211 2876; x_wconf 68' lang='lat' dir='ltr'><strong>sanctze</strong></span> <span class='ocrx_word' id='word_1_195' title='bbox 1245 2820 1397 2875; x_wconf 89' lang='lat' dir='ltr'><strong>Fidis</strong></span> <span class='ocrx_word' id='word_1_196' title='bbox 1427 2818 1799 2875; x_wconf 84' lang='lat' dir='ltr'><strong>salutiferam</strong></span> <span class='ocrx_word' id='word_1_197' title='bbox 1826 2834 2005 2891; x_wconf 90' lang='lat' dir='ltr'><strong>opem</strong></span> 
     </span>
    </p>
   </div>
   <div class='ocr_carea' id='block_1_32' title="bbox 343 2907 2007 2982">
    <p class='ocr_par' dir='ltr' id='par_1_32' title="bbox 343 2907 2007 2982">
     <span class='ocr_line' id='line_1_32' title="bbox 343 2907 2007 2982; baseline 0.001 -19"><span class='ocrx_word' id='word_1_198' title='bbox 343 2907 583 2978; x_wconf 84' lang='lat' dir='ltr'><strong>magnis</strong></span> <span class='ocrx_word' id='word_1_199' title='bbox 609 2907 890 2981; x_wconf 88' lang='lat' dir='ltr'><strong>implorat</strong></span> <span class='ocrx_word' id='word_1_200' title='bbox 908 2908 1296 2979; x_wconf 87' lang='lat' dir='ltr'><strong>clamoribus,</strong></span> <span class='ocrx_word' id='word_1_201' title='bbox 1320 2913 1385 2963; x_wconf 92' lang='lat' dir='ltr'><strong>ut</strong></span> <span class='ocrx_word' id='word_1_202' title='bbox 1410 2908 1679 2982; x_wconf 66' lang='lat' dir='ltr'><strong>pristinm</strong></span> <span class='ocrx_word' id='word_1_203' title='bbox 1698 2907 2007 2965; x_wconf 87' lang='lat' dir='ltr'><strong>incolumi-</strong></span> 
     </span>
    </p>
   </div>
   <div class='ocr_carea' id='block_1_33' title="bbox 345 2997 2007 3071">
    <p class='ocr_par' dir='ltr' id='par_1_33' title="bbox 345 2997 2007 3071">
     <span class='ocr_line' id='line_1_33' title="bbox 345 2997 2007 3071; baseline 0.001 -18"><span class='ocrx_word' id='word_1_204' title='bbox 345 2997 447 3053; x_wconf 87' lang='lat' dir='ltr'><strong>tati</strong></span> <span class='ocrx_word' id='word_1_205' title='bbox 476 2998 607 3068; x_wconf 90' lang='lat' dir='ltr'><strong>ejus</strong></span> <span class='ocrx_word' id='word_1_206' title='bbox 636 2997 976 3054; x_wconf 87' lang='lat' dir='ltr'><strong>restituatur</strong></span> <span class='ocrx_word' id='word_1_207' title='bbox 1004 2998 1180 3054; x_wconf 90' lang='lat' dir='ltr'><strong>ﬁlius.</strong></span> <span class='ocrx_word' id='word_1_208' title='bbox 1216 3001 1289 3055; x_wconf 84' lang='lat' dir='ltr'><strong>At</strong></span> <span class='ocrx_word' id='word_1_209' title='bbox 1314 2997 1409 3054; x_wconf 90' lang='lat' dir='ltr'><strong>ille</strong></span> <span class='ocrx_word' id='word_1_210' title='bbox 1440 3001 1559 3054; x_wconf 91' lang='lat' dir='ltr'><strong>toto</strong></span> <span class='ocrx_word' id='word_1_211' title='bbox 1611 3014 1860 3071; x_wconf 88' lang='lat' dir='ltr'><strong>corpore</strong></span> <span class='ocrx_word' id='word_1_212' title='bbox 1888 3014 2007 3055; x_wconf 88' lang='lat' dir='ltr'><strong>ma-</strong></span> 
     </span>
    </p>
   </div>
   <div class='ocr_carea' id='block_1_34' title="bbox 345 3085 2007 3161">
    <p class='ocr_par' dir='ltr' id='par_1_34' title="bbox 345 3085 2007 3161">
     <span class='ocr_line' id='line_1_34' title="bbox 345 3085 2007 3161; baseline 0.002 -21"><span class='ocrx_word' id='word_1_213' title='bbox 345 3101 499 3141; x_wconf 91' lang='lat' dir='ltr'><strong>nens</strong></span> <span class='ocrx_word' id='word_1_214' title='bbox 529 3085 879 3158; x_wconf 89' lang='lat' dir='ltr'><strong>immobilis,</strong></span> <span class='ocrx_word' id='word_1_215' title='bbox 914 3104 1155 3143; x_wconf 91' lang='lat' dir='ltr'><strong>summo</strong></span> <span class='ocrx_word' id='word_1_216' title='bbox 1172 3088 1466 3144; x_wconf 79' lang='lat' dir='ltr'><strong>duntaxat</strong></span> <span class='ocrx_word' id='word_1_217' title='bbox 1492 3087 1555 3144; x_wconf 90' lang='lat' dir='ltr'><strong>in</strong></span> <span class='ocrx_word' id='word_1_218' title='bbox 1584 3087 2007 3161; x_wconf 47' lang='lat' dir='ltr'><strong>pectore‘vide-</strong></span> 
     </span>
    </p>
   </div>
   <div class='ocr_carea' id='block_1_35' title="bbox 346 3173 2006 3251">
    <p class='ocr_par' dir='ltr' id='par_1_35' title="bbox 346 3173 2006 3251">
     <span class='ocr_line' id='line_1_35' title="bbox 346 3173 2006 3251; baseline 0.002 -20"><span class='ocrx_word' id='word_1_219' title='bbox 346 3173 524 3233; x_wconf 86' lang='lat' dir='ltr'><strong>batur</strong></span> <span class='ocrx_word' id='word_1_220' title='bbox 543 3175 597 3232; x_wconf 91' lang='lat' dir='ltr'><strong>ei</strong></span> <span class='ocrx_word' id='word_1_221' title='bbox 625 3176 789 3233; x_wconf 91' lang='lat' dir='ltr'><strong>calor</strong></span> <span class='ocrx_word' id='word_1_222' title='bbox 811 3176 1025 3250; x_wconf 86' lang='lat' dir='ltr'><strong>vitalis,</strong></span> <span class='ocrx_word' id='word_1_223' title='bbox 1076 3182 1255 3251; x_wconf 91' lang='lat' dir='ltr'><strong>atque</strong></span> <span class='ocrx_word' id='word_1_224' title='bbox 1314 3178 1413 3234; x_wconf 90' lang='lat' dir='ltr'><strong>tali</strong></span> <span class='ocrx_word' id='word_1_225' title='bbox 1460 3177 1523 3233; x_wconf 93' lang='lat' dir='ltr'><strong>in</strong></span> <span class='ocrx_word' id='word_1_226' title='bbox 1554 3182 1795 3251; x_wconf 87' lang='lat' dir='ltr'><strong>stupore</strong></span> <span class='ocrx_word' id='word_1_227' title='bbox 1820 3194 2006 3234; x_wconf 90' lang='lat' dir='ltr'><strong>mem-</strong></span> 
     </span>
    </p>
   </div>
   <div class='ocr_carea' id='block_1_36' title="bbox 345 3263 2010 3338">
    <p class='ocr_par' dir='ltr' id='par_1_36' title="bbox 345 3263 2010 3338">
     <span class='ocr_line' id='line_1_36' title="bbox 345 3263 2010 3338; baseline 0.002 -20"><span class='ocrx_word' id='word_1_228' title='bbox 345 3263 595 3320; x_wconf 91' lang='lat' dir='ltr'><strong>brorum</strong></span> <span class='ocrx_word' id='word_1_229' title='bbox 610 3264 737 3321; x_wconf 91' lang='lat' dir='ltr'><strong>dies</strong></span> <span class='ocrx_word' id='word_1_230' title='bbox 752 3266 981 3338; x_wconf 88' lang='lat' dir='ltr'><strong>peregit</strong></span> <span class='ocrx_word' id='word_1_231' title='bbox 1000 3282 1242 3337; x_wconf 87' lang='lat' dir='ltr'><strong>novem,</strong></span> <span class='ocrx_word' id='word_1_232' title='bbox 1261 3265 1562 3323; x_wconf 81' lang='lat' dir='ltr'><strong>exstinctis</strong></span> <span class='ocrx_word' id='word_1_233' title='bbox 1583 3266 1840 3321; x_wconf 92' lang='lat' dir='ltr'><strong>lucernis</strong></span> <span class='ocrx_word' id='word_1_234' title='bbox 1871 3282 2010 3321; x_wconf 91' lang='lat' dir='ltr'><strong>ocu-</strong></span> 
     </span>
    </p>
   </div>
   <div class='ocr_carea' id='block_1_37' title="bbox 345 3353 2007 3427">
    <p class='ocr_par' dir='ltr' id='par_1_37' title="bbox 345 3353 2007 3427">
     <span class='ocr_line' id='line_1_37' title="bbox 345 3353 2007 3427; baseline 0.002 -19"><span class='ocrx_word' id='word_1_235' title='bbox 345 3353 562 3409; x_wconf 92' lang='lat' dir='ltr'><strong>lorum.</strong></span> <span class='ocrx_word' id='word_1_236' title='bbox 596 3354 836 3410; x_wconf 91' lang='lat' dir='ltr'><strong>Decimo</strong></span> <span class='ocrx_word' id='word_1_237' title='bbox 858 3360 1062 3411; x_wconf 87' lang='lat' dir='ltr'><strong>autem</strong></span> <span class='ocrx_word' id='word_1_238' title='bbox 1090 3355 1207 3424; x_wconf 89' lang='lat' dir='ltr'><strong>die,</strong></span> <span class='ocrx_word' id='word_1_239' title='bbox 1230 3371 1369 3427; x_wconf 79' lang='lat' dir='ltr'><strong>quae</strong></span> <span class='ocrx_word' id='word_1_240' title='bbox 1396 3355 1706 3411; x_wconf 91' lang='lat' dir='ltr'><strong>Dominica</strong></span> <span class='ocrx_word' id='word_1_241' title='bbox 1738 3354 2007 3411; x_wconf 85' lang='lat' dir='ltr'><strong>habeba-</strong></span> 
     </span>
    </p>
   </div>
   <div class='ocr_carea' id='block_1_38' title="bbox 347 3443 2008 3516">
    <p class='ocr_par' dir='ltr' id='par_1_38' title="bbox 347 3443 2008 3516">
     <span class='ocr_line' id='line_1_38' title="bbox 347 3443 2008 3516; baseline 0.002 -20"><span class='ocrx_word' id='word_1_242' title='bbox 347 3444 462 3511; x_wconf 89' lang='lat' dir='ltr'><strong>tur,</strong></span> <span class='ocrx_word' id='word_1_243' title='bbox 504 3447 569 3498; x_wconf 92' lang='lat' dir='ltr'><strong>ut</strong></span> <span class='ocrx_word' id='word_1_244' title='bbox 592 3443 872 3499; x_wconf 88' lang='lat' dir='ltr'><strong>viderunt</strong></span> <span class='ocrx_word' id='word_1_245' title='bbox 896 3444 1158 3516; x_wconf 90' lang='lat' dir='ltr'><strong>pupulas</strong></span> <span class='ocrx_word' id='word_1_246' title='bbox 1183 3444 1483 3500; x_wconf 89' lang='lat' dir='ltr'><strong>luminum</strong></span> <span class='ocrx_word' id='word_1_247' title='bbox 1536 3444 1599 3499; x_wconf 93' lang='lat' dir='ltr'><strong>in</strong></span> <span class='ocrx_word' id='word_1_248' title='bbox 1648 3448 1839 3500; x_wconf 89' lang='lat' dir='ltr'><strong>morte</strong></span> <span class='ocrx_word' id='word_1_249' title='bbox 1869 3460 2008 3500; x_wconf 91' lang='lat' dir='ltr'><strong>con-</strong></span> 
     </span>
    </p>
   </div>
   <div class='ocr_carea' id='block_1_39' title="bbox 350 3528 2008 3604">
    <p class='ocr_par' dir='ltr' id='par_1_39' title="bbox 350 3528 2008 3604">
     <span class='ocr_line' id='line_1_39' title="bbox 350 3528 2008 3604; baseline 0.002 -20"><span class='ocrx_word' id='word_1_250' title='bbox 350 3528 742 3599; x_wconf 90' lang='lat' dir='ltr'><strong>tabescentes,</strong></span> <span class='ocrx_word' id='word_1_251' title='bbox 777 3532 1095 3604; x_wconf 88' lang='lat' dir='ltr'><strong>gelidoque</strong></span> <span class='ocrx_word' id='word_1_252' title='bbox 1128 3533 1345 3589; x_wconf 91' lang='lat' dir='ltr'><strong>sudore</strong></span> <span class='ocrx_word' id='word_1_253' title='bbox 1408 3536 1661 3589; x_wconf 85' lang='lat' dir='ltr'><strong>lrontem</strong></span> <span class='ocrx_word' id='word_1_254' title='bbox 1720 3549 1790 3589; x_wconf 90' lang='lat' dir='ltr'><strong>ac</strong></span> <span class='ocrx_word' id='word_1_255' title='bbox 1821 3549 2008 3602; x_wconf 89' lang='lat' dir='ltr'><strong>genas</strong></span> 
     </span>
    </p>
   </div>
   <div class='ocr_carea' id='block_1_40' title="bbox 349 3618 2009 3693">
    <p class='ocr_par' dir='ltr' id='par_1_40' title="bbox 349 3618 2009 3693">
     <span class='ocr_line' id='line_1_40' title="bbox 349 3618 2009 3693; baseline 0.003 -20"><span class='ocrx_word' id='word_1_256' title='bbox 349 3623 639 3690; x_wconf 89' lang='lat' dir='ltr'><strong>rorantes,</strong></span> <span class='ocrx_word' id='word_1_257' title='bbox 669 3618 947 3693; x_wconf 89' lang='lat' dir='ltr'><strong>apposita</strong></span> <span class='ocrx_word' id='word_1_258' title='bbox 973 3621 1125 3677; x_wconf 68' lang='lat' dir='ltr'><strong>IEBVO</strong></span> <span class='ocrx_word' id='word_1_259' title='bbox 1154 3621 1322 3677; x_wconf 90' lang='lat' dir='ltr'><strong>lateri</strong></span> <span class='ocrx_word' id='word_1_260' title='bbox 1378 3637 1566 3676; x_wconf 91' lang='lat' dir='ltr'><strong>manu</strong></span> <span class='ocrx_word' id='word_1_261' title='bbox 1612 3620 1761 3676; x_wconf 87' lang='lat' dir='ltr'><strong>nihil</strong></span> <span class='ocrx_word' id='word_1_262' title='bbox 1811 3622 2009 3678; x_wconf 89' lang='lat' dir='ltr'><strong>vivum</strong></span> 
     </span>
    </p>
   </div>
   <div class='ocr_carea' id='block_1_41' title="bbox 351 3706 2010 3783">
    <p class='ocr_par' dir='ltr' id='par_1_41' title="bbox 351 3706 2010 3783">
     <span class='ocr_line' id='line_1_41' title="bbox 351 3706 2010 3783; baseline 0.003 -21"><span class='ocrx_word' id='word_1_263' title='bbox 351 3706 525 3764; x_wconf 89' lang='lat' dir='ltr'><strong>salire</strong></span> <span class='ocrx_word' id='word_1_264' title='bbox 567 3709 848 3780; x_wconf 90' lang='lat' dir='ltr'><strong>sentiunt,</strong></span> <span class='ocrx_word' id='word_1_265' title='bbox 900 3710 1006 3766; x_wconf 89' lang='lat' dir='ltr'><strong>sed</strong></span> <span class='ocrx_word' id='word_1_266' title='bbox 1048 3710 1253 3767; x_wconf 91' lang='lat' dir='ltr'><strong>omnia</strong></span> <span class='ocrx_word' id='word_1_267' title='bbox 1307 3715 1529 3767; x_wconf 59' lang='lat' dir='ltr'><strong>aeterno</strong></span> <span class='ocrx_word' id='word_1_268' title='bbox 1586 3710 1787 3783; x_wconf 92' lang='lat' dir='ltr'><strong>sopori</strong></span> <span class='ocrx_word' id='word_1_269' title='bbox 1808 3711 2010 3767; x_wconf 90' lang='lat' dir='ltr'><strong>dedita</strong></span> 
     </span>
    </p>
   </div>
   <div class='ocr_carea' id='block_1_42' title="bbox 350 3796 2012 3872">
    <p class='ocr_par' dir='ltr' id='par_1_42' title="bbox 350 3796 2012 3872">
     <span class='ocr_line' id='line_1_42' title="bbox 350 3796 2012 3872; baseline 0.002 -19"><span class='ocrx_word' id='word_1_270' title='bbox 350 3796 813 3855; x_wconf 90' lang='lat' dir='ltr'><strong>evidentissimis</strong></span> <span class='ocrx_word' id='word_1_271' title='bbox 865 3800 1049 3871; x_wconf 88' lang='lat' dir='ltr'><strong>signis</strong></span> <span class='ocrx_word' id='word_1_272' title='bbox 1079 3804 1433 3870; x_wconf 89' lang='lat' dir='ltr'><strong>agnoscunt.</strong></span> <span class='ocrx_word' id='word_1_273' title='bbox 1470 3800 1624 3866; x_wconf 90' lang='lat' dir='ltr'><strong>Quid</strong></span> <span class='ocrx_word' id='word_1_274' title='bbox 1645 3800 1819 3872; x_wconf 92' lang='lat' dir='ltr'><strong>plura</strong></span> <span class='ocrx_word' id='word_1_275' title='bbox 1848 3802 1875 3856; x_wconf 84' lang='lat'><strong><em>?</em></strong></span> <span class='ocrx_word' id='word_1_276' title='bbox 1909 3804 2012 3856; x_wconf 85' lang='lat' dir='ltr'><strong>Fu-</strong></span> 
     </span>
    </p>
   </div>
   <div class='ocr_carea' id='block_1_43' title="bbox 349 3890 2012 3964">
    <p class='ocr_par' dir='ltr' id='par_1_43' title="bbox 349 3890 2012 3964">
     <span class='ocr_line' id='line_1_43' title="bbox 349 3890 2012 3964; baseline 0.002 -21"><span class='ocrx_word' id='word_1_277' title='bbox 349 3903 465 3943; x_wconf 93' lang='lat' dir='ltr'><strong>nus</strong></span> <span class='ocrx_word' id='word_1_278' title='bbox 495 3893 731 3962; x_wconf 89' lang='lat' dir='ltr'><strong>parant,</strong></span> <span class='ocrx_word' id='word_1_279' title='bbox 758 3890 1156 3964; x_wconf 86' lang='lat' dir='ltr'><strong>exanimeque</strong></span> <span class='ocrx_word' id='word_1_280' title='bbox 1184 3891 1443 3947; x_wconf 86' lang='lat' dir='ltr'><strong>cadaver</strong></span> <span class='ocrx_word' id='word_1_281' title='bbox 1464 3890 1790 3964; x_wconf 75' lang='lat' dir='ltr'><strong>sandapilae.</strong></span> <span class='ocrx_word' id='word_1_282' title='bbox 1823 3891 2012 3964; x_wconf 89' lang='lat' dir='ltr'><strong>impo-</strong></span> 
     </span>
    </p>
   </div>
   <div class='ocr_carea' id='block_1_44' title="bbox 350 3976 2012 4037">
    <p class='ocr_par' dir='ltr' id='par_1_44' title="bbox 350 3976 2012 4037">
     <span class='ocr_line' id='line_1_44' title="bbox 350 3976 2012 4037; baseline 0.002 -6"><span class='ocrx_word' id='word_1_283' title='bbox 350 3976 529 4033; x_wconf 92' lang='lat' dir='ltr'><strong>situm</strong></span> <span class='ocrx_word' id='word_1_284' title='bbox 560 3978 932 4037; x_wconf 76' lang='lat' dir='ltr'><strong>ululantibus</strong></span> <span class='ocrx_word' id='word_1_285' title='bbox 962 3979 1241 4037; x_wconf 89' lang='lat' dir='ltr'><strong>lamentis</strong></span> <span class='ocrx_word' id='word_1_286' title='bbox 1264 3979 1585 4036; x_wconf 89' lang='lat' dir='ltr'><strong>celebrant.</strong></span> <span class='ocrx_word' id='word_1_287' title='bbox 1622 3980 1734 4036; x_wconf 92' lang='lat' dir='ltr'><strong>Sed</strong></span> <span class='ocrx_word' id='word_1_288' title='bbox 1766 3980 2012 4035; x_wconf 74' lang='lat'><strong>(311111111-</strong></span> 
     </span>
    </p>
   </div>
   <div class='ocr_carea' id='block_1_45' title="bbox 350 4069 2013 4144">
    <p class='ocr_par' dir='ltr' id='par_1_45' title="bbox 350 4069 2013 4144">
     <span class='ocr_line' id='line_1_45' title="bbox 350 4069 2013 4144; baseline 0.002 -22"><span class='ocrx_word' id='word_1_289' title='bbox 350 4083 417 4122; x_wconf 92' lang='lat' dir='ltr'><strong>ce</strong></span> <span class='ocrx_word' id='word_1_290' title='bbox 447 4069 709 4126; x_wconf 91' lang='lat' dir='ltr'><strong>crastina</strong></span> <span class='ocrx_word' id='word_1_291' title='bbox 735 4070 815 4127; x_wconf 89' lang='lat' dir='ltr'><strong>ad</strong></span> <span class='ocrx_word' id='word_1_292' title='bbox 840 4070 1147 4126; x_wconf 88' lang='lat' dir='ltr'><strong>defossum</strong></span> <span class='ocrx_word' id='word_1_293' title='bbox 1178 4070 1497 4144; x_wconf 66' lang='lat' dir='ltr'><strong>sepulturae</strong></span> <span class='ocrx_word' id='word_1_294' title='bbox 1529 4070 1659 4141; x_wconf 89' lang='lat' dir='ltr'><strong>ejus</strong></span> <span class='ocrx_word' id='word_1_295' title='bbox 1684 4070 1885 4126; x_wconf 92' lang='lat' dir='ltr'><strong>locum</strong></span> <span class='ocrx_word' id='word_1_296' title='bbox 1918 4087 2013 4125; x_wconf 89' lang='lat' dir='ltr'><strong>vc-</strong></span> 
     </span>
    </p>
   </div>
   <div class='ocr_carea' id='block_1_46' title="bbox 350 4156 2011 4231">
    <p class='ocr_par' dir='ltr' id='par_1_46' title="bbox 350 4156 2011 4231">
     <span class='ocr_line' id='line_1_46' title="bbox 350 4156 2011 4231; baseline 0.003 -21"><span class='ocrx_word' id='word_1_297' title='bbox 350 4156 609 4226; x_wconf 89' lang='lat' dir='ltr'><strong>heretur,</strong></span> <span class='ocrx_word' id='word_1_298' title='bbox 636 4163 803 4230; x_wconf 90' lang='lat' dir='ltr'><strong>pater</strong></span> <span class='ocrx_word' id='word_1_299' title='bbox 831 4159 1194 4231; x_wconf 89' lang='lat' dir='ltr'><strong>impatientis</strong></span> <span class='ocrx_word' id='word_1_300' title='bbox 1226 4159 1449 4216; x_wconf 89' lang='lat' dir='ltr'><strong>amoris</strong></span> <span class='ocrx_word' id='word_1_301' title='bbox 1476 4159 1713 4227; x_wconf 69' lang='lat' dir='ltr'><strong>atfectu,</strong></span> <span class='ocrx_word' id='word_1_302' title='bbox 1736 4159 2011 4215; x_wconf 84' lang='lat' dir='ltr'><strong>exstincti</strong></span> 
     </span>
    </p>
   </div>
   <div class='ocr_carea' id='block_1_47' title="bbox 352 4244 2009 4323">
    <p class='ocr_par' dir='ltr' id='par_1_47' title="bbox 352 4244 2009 4323">
     <span class='ocr_line' id='line_1_47' title="bbox 352 4244 2009 4323; baseline 0.004 -24"><span class='ocrx_word' id='word_1_303' title='bbox 352 4244 617 4313; x_wconf 90' lang='lat' dir='ltr'><strong>gelidum</strong></span> <span class='ocrx_word' id='word_1_304' title='bbox 637 4247 763 4303; x_wconf 91' lang='lat' dir='ltr'><strong>nati</strong></span> <span class='ocrx_word' id='word_1_305' title='bbox 790 4264 1010 4320; x_wconf 90' lang='lat' dir='ltr'><strong>corpus</strong></span> <span class='ocrx_word' id='word_1_306' title='bbox 1020 4248 1419 4322; x_wconf 74' lang='lat' dir='ltr'><strong>amplexatur,</strong></span> <span class='ocrx_word' id='word_1_307' title='bbox 1438 4248 1763 4323; x_wconf 81' lang='lat' dir='ltr'><strong>oculosque</strong></span> <span class='ocrx_word' id='word_1_308' title='bbox 1792 4266 1860 4305; x_wconf 91' lang='lat' dir='ltr'><strong>ac</strong></span> <span class='ocrx_word' id='word_1_309' title='bbox 1880 4249 2009 4305; x_wconf 87' lang='lat' dir='ltr'><strong>vul-</strong></span> 
     </span>
    </p>
   </div>
   <div class='ocr_carea' id='block_1_48' title="bbox 352 4322 2086 4410">
    <p class='ocr_par' dir='ltr' id='par_1_48' title="bbox 352 4322 2086 4410">
     <span class='ocr_line' id='line_1_48' title="bbox 352 4322 2086 4410; baseline 0.004 -22"><span class='ocrx_word' id='word_1_310' title='bbox 352 4336 481 4389; x_wconf 90' lang='lat' dir='ltr'><strong>tum</strong></span> <span class='ocrx_word' id='word_1_311' title='bbox 508 4350 752 4392; x_wconf 91' lang='lat' dir='ltr'><strong>omnem</strong></span> <span class='ocrx_word' id='word_1_312' title='bbox 777 4336 1016 4407; x_wconf 88' lang='lat' dir='ltr'><strong>irriguis</strong></span> <span class='ocrx_word' id='word_1_313' title='bbox 1036 4337 1321 4410; x_wconf 83' lang='lat' dir='ltr'><strong>lacrymis</strong></span> <span class='ocrx_word' id='word_1_314' title='bbox 1374 4339 1750 4407; x_wconf 91' lang='lat' dir='ltr'><strong>humectans,</strong></span> <span class='ocrx_word' id='word_1_315' title='bbox 1809 4340 2010 4394; x_wconf 90' lang='lat' dir='ltr'><strong>locum</strong></span> <span class='ocrx_word' id='word_1_316' title='bbox 2045 4322 2086 4374; x_wconf 73' lang='grc' dir='ltr'><strong>ί)</strong></span> 
     </span>
    </p>
   </div>
   <div class='ocr_carea' id='block_1_49' title="bbox 351 4425 2008 4501">
    <p class='ocr_par' dir='ltr' id='par_1_49' title="bbox 351 4425 2008 4501">
     <span class='ocr_line' id='line_1_49' title="bbox 351 4425 2008 4501; baseline 0.004 -23"><span class='ocrx_word' id='word_1_317' title='bbox 351 4439 597 4481; x_wconf 91' lang='lat' dir='ltr'><strong>omnem</strong></span> <span class='ocrx_word' id='word_1_318' title='bbox 622 4426 843 4482; x_wconf 90' lang='lat' dir='ltr'><strong>amaris</strong></span> <span class='ocrx_word' id='word_1_319' title='bbox 873 4425 1079 4498; x_wconf 89' lang='lat' dir='ltr'><strong>implet</strong></span> <span class='ocrx_word' id='word_1_320' title='bbox 1099 4427 1483 4483; x_wconf 86' lang='lat' dir='ltr'><strong>clamoribus.</strong></span> <span class='ocrx_word' id='word_1_321' title='bbox 1524 4432 1678 4483; x_wconf 90' lang='lat' dir='ltr'><strong>Inter</strong></span> <span class='ocrx_word' id='word_1_322' title='bbox 1732 4445 1888 4501; x_wconf 89' lang='lat' dir='ltr'><strong>quos</strong></span> <span class='ocrx_word' id='word_1_323' title='bbox 1919 4429 2008 4484; x_wconf 93' lang='lat' dir='ltr'><strong>in-</strong></span> 
     </span>
    </p>
   </div>
   <div class='ocr_carea' id='block_1_50' title="bbox 353 4513 2010 4587">
    <p class='ocr_par' dir='ltr' id='par_1_50' title="bbox 353 4513 2010 4587">
     <span class='ocr_line' id='line_1_50' title="bbox 353 4513 2010 4587; baseline 0.003 -18"><span class='ocrx_word' id='word_1_324' title='bbox 353 4513 632 4571; x_wconf 89' lang='lat' dir='ltr'><strong>solabiles</strong></span> <span class='ocrx_word' id='word_1_325' title='bbox 665 4515 942 4587; x_wconf 90' lang='lat' dir='ltr'><strong>gemitus,</strong></span> <span class='ocrx_word' id='word_1_326' title='bbox 993 4516 1215 4572; x_wconf 90' lang='lat' dir='ltr'><strong>crebris</strong></span> <span class='ocrx_word' id='word_1_327' title='bbox 1270 4516 1523 4573; x_wconf 89' lang='lat' dir='ltr'><strong>vocibus</strong></span> <span class='ocrx_word' id='word_1_328' title='bbox 1583 4522 1855 4573; x_wconf 90' lang='lat' dir='ltr'><strong>sanctam</strong></span> <span class='ocrx_word' id='word_1_329' title='bbox 1910 4518 2010 4575; x_wconf 92' lang='lat' dir='ltr'><strong>Dei</strong></span> 
     </span>
    </p>
   </div>
   <div class='ocr_carea' id='block_1_51' title="bbox 348 4605 2010 4680">
    <p class='ocr_par' dir='ltr' id='par_1_51' title="bbox 348 4605 2010 4680">
     <span class='ocr_line' id='line_1_51' title="bbox 348 4605 2010 4680; baseline 0.003 -21"><span class='ocrx_word' id='word_1_330' title='bbox 348 4608 675 4677; x_wconf 89' lang='lat' dir='ltr'><strong>martyrem</strong></span> <span class='ocrx_word' id='word_1_331' title='bbox 692 4606 896 4662; x_wconf 87' lang='lat' dir='ltr'><strong>Fidem</strong></span> <span class='ocrx_word' id='word_1_332' title='bbox 912 4605 1148 4675; x_wconf 89' lang='lat' dir='ltr'><strong>clamat,</strong></span> <span class='ocrx_word' id='word_1_333' title='bbox 1197 4622 1265 4662; x_wconf 91' lang='lat' dir='ltr'><strong>ac</strong></span> <span class='ocrx_word' id='word_1_334' title='bbox 1280 4605 1633 4680; x_wconf 87' lang='lat' dir='ltr'><strong>lacrymosis</strong></span> <span class='ocrx_word' id='word_1_335' title='bbox 1652 4606 2010 4664; x_wconf 88' lang='lat' dir='ltr'><strong>obsecratio-</strong></span> 
     </span>
    </p>
   </div>
   <div class='ocr_carea' id='block_1_52' title="bbox 349 4694 2011 4840">
    <p class='ocr_par' dir='ltr' id='par_1_52' title="bbox 349 4694 2011 4840">
     <span class='ocr_line' id='line_1_52' title="bbox 349 4694 2011 4840; baseline 0.003 -90"><span class='ocrx_word' id='word_1_336' title='bbox 349 4694 529 4840; x_wconf 57' lang='lat' dir='ltr'><strong>Slibus</strong></span> <span class='ocrx_word' id='word_1_337' title='bbox 550 4695 945 4753; x_wconf 84' lang='lat' dir='ltr'><strong>utsibiﬁlium</strong></span> <span class='ocrx_word' id='word_1_338' title='bbox 989 4696 1201 4754; x_wconf 89' lang='lat' dir='ltr'><strong>reddat</strong></span> <span class='ocrx_word' id='word_1_339' title='bbox 1240 4701 1323 4753; x_wconf 91' lang='lat' dir='ltr'><strong>ter</strong></span> <span class='ocrx_word' id='word_1_340' title='bbox 1344 4700 1401 4752; x_wconf 88' lang='lat' dir='ltr'><strong>et</strong></span> <span class='ocrx_word' id='word_1_341' title='bbox 1436 4701 1648 4770; x_wconf 89' lang='lat' dir='ltr'><strong>quater</strong></span> <span class='ocrx_word' id='word_1_342' title='bbox 1680 4698 2011 4768; x_wconf 88' lang='lat' dir='ltr'><strong>ingeminat</strong></span> 
     </span>
     <span class='ocr_line' id='line_1_53' title="bbox 415 4800 595 4840; baseline 0.006 -1"><span class='ocrx_word' id='word_1_343' title='bbox 415 4800 555 4840; x_wconf 88' lang='lat' dir='ltr'><strong>cens</strong></span> <span class='ocrx_word' id='word_1_344' title='bbox 582 4803 595 4840; x_wconf 93' lang='lat'>:</span> 
     </span>
    </p>
   </div>
   <div class='ocr_carea' id='block_1_53' title="bbox 415 4800 595 4841">
    <p class='ocr_par' dir='ltr' id='par_1_53' title="bbox 415 4800 595 4841">
     <span class='ocr_line' id='line_1_54' title="bbox 415 4800 595 4841; baseline 0.011 -2"><span class='ocrx_word' id='word_1_345' title='bbox 415 4800 555 4840; x_wconf 88' lang='lat' dir='ltr'><strong>cens</strong></span> <span class='ocrx_word' id='word_1_346' title='bbox 582 4803 595 4841; x_wconf 76' lang='grc' dir='ltr'>ζ</span> 
     </span>
    </p>
   </div>
   <div class='ocr_carea' id='block_1_54' title="bbox 352 4891 1861 4965">
    <p class='ocr_par' dir='ltr' id='par_1_54' title="bbox 352 4891 1861 4965">
     <span class='ocr_line' id='line_1_55' title="bbox 352 4891 1861 4965; baseline 0.003 -18"><span class='ocrx_word' id='word_1_347' title='bbox 352 4913 378 4939; x_wconf 82' lang='grc'><em>‹‹</em></span> <span class='ocrx_word' id='word_1_348' title='bbox 402 4891 576 4962; x_wconf 78' lang='lat' dir='ltr'><strong>Virgo</strong></span> <span class='ocrx_word' id='word_1_349' title='bbox 604 4892 796 4963; x_wconf 89' lang='lat' dir='ltr'><strong>Fides,</strong></span> <span class='ocrx_word' id='word_1_350' title='bbox 822 4892 1041 4949; x_wconf 91' lang='lat' dir='ltr'><strong>dilecta</strong></span> <span class='ocrx_word' id='word_1_351' title='bbox 1065 4893 1206 4960; x_wconf 92' lang='lat' dir='ltr'><strong>Deo,</strong></span> <span class='ocrx_word' id='word_1_352' title='bbox 1233 4891 1338 4949; x_wconf 86' lang='lat' dir='ltr'><strong>lux</strong></span> <span class='ocrx_word' id='word_1_353' title='bbox 1368 4892 1591 4965; x_wconf 87' lang='lat' dir='ltr'><strong>inclyta</strong></span> <span class='ocrx_word' id='word_1_354' title='bbox 1623 4894 1861 4964; x_wconf 90' lang='lat' dir='ltr'><strong>mundi,</strong></span> 
     </span>
    </p>
   </div>
   <div class='ocr_carea' id='block_1_55' title="bbox 422 4980 1681 5054">
    <p class='ocr_par' dir='ltr' id='par_1_55' title="bbox 422 4980 1681 5054">
     <span class='ocr_line' id='line_1_56' title="bbox 422 4980 1681 5054; baseline 0.006 -22"><span class='ocrx_word' id='word_1_355' title='bbox 422 4980 727 5038; x_wconf 70' lang='lat' dir='ltr'><strong>Auxilium</strong></span> <span class='ocrx_word' id='word_1_356' title='bbox 745 4981 980 5038; x_wconf 87' lang='lat' dir='ltr'><strong>miseris</strong></span> <span class='ocrx_word' id='word_1_357' title='bbox 1008 4997 1144 5054; x_wconf 65' lang='lat' dir='ltr'><strong>quas</strong></span> <span class='ocrx_word' id='word_1_358' title='bbox 1184 4980 1301 5038; x_wconf 85' lang='lat' dir='ltr'><strong>cita</strong></span> <span class='ocrx_word' id='word_1_359' title='bbox 1322 4980 1473 5038; x_wconf 84' lang='lat' dir='ltr'><strong>ferre</strong></span> <span class='ocrx_word' id='word_1_360' title='bbox 1504 4982 1681 5053; x_wconf 91' lang='lat' dir='ltr'><strong>soles,</strong></span> 
     </span>
    </p>
   </div>
   <div class='ocr_carea' id='block_1_56' title="bbox 355 5068 1831 5143">
    <p class='ocr_par' dir='ltr' id='par_1_56' title="bbox 355 5068 1831 5143">
     <span class='ocr_line' id='line_1_57' title="bbox 355 5068 1831 5143; baseline 0.003 -21"><span class='ocrx_word' id='word_1_361' title='bbox 355 5068 647 5140; x_wconf 88' lang='lat' dir='ltr'><strong>Supplicis</strong></span> <span class='ocrx_word' id='word_1_362' title='bbox 676 5072 896 5128; x_wconf 83' lang='lat' dir='ltr'><strong>exaudi</strong></span> <span class='ocrx_word' id='word_1_363' title='bbox 920 5075 1149 5143; x_wconf 84' lang='lat' dir='ltr'><strong>martyr</strong></span> <span class='ocrx_word' id='word_1_364' title='bbox 1187 5070 1564 5128; x_wconf 87' lang='lat' dir='ltr'><strong>sanctissima</strong></span> <span class='ocrx_word' id='word_1_365' title='bbox 1600 5087 1831 5142; x_wconf 88' lang='lat' dir='ltr'><strong>vocem,</strong></span> 
     </span>
    </p>
   </div>
   <div class='ocr_carea' id='block_1_57' title="bbox 425 5158 1865 5234">
    <p class='ocr_par' dir='ltr' id='par_1_57' title="bbox 425 5158 1865 5234">
     <span class='ocr_line' id='line_1_58' title="bbox 425 5158 1865 5234; baseline 0.005 -23"><span class='ocrx_word' id='word_1_366' title='bbox 425 5158 738 5231; x_wconf 88' lang='lat' dir='ltr'><strong>Quamque</strong></span> <span class='ocrx_word' id='word_1_367' title='bbox 763 5165 956 5232; x_wconf 89' lang='lat' dir='ltr'><strong>potes,</strong></span> <span class='ocrx_word' id='word_1_368' title='bbox 986 5177 1193 5234; x_wconf 90' lang='lat' dir='ltr'><strong>posco,</strong></span> <span class='ocrx_word' id='word_1_369' title='bbox 1222 5160 1388 5217; x_wconf 90' lang='lat' dir='ltr'><strong>defer</strong></span> <span class='ocrx_word' id='word_1_370' title='bbox 1408 5177 1587 5234; x_wconf 93' lang='lat' dir='ltr'><strong>opem</strong></span> <span class='ocrx_word' id='word_1_371' title='bbox 1626 5162 1865 5218; x_wconf 89' lang='lat' dir='ltr'><strong>misero.</strong></span> 
     </span>
    </p>
   </div>
   <div class='ocr_carea' id='block_1_58' title="bbox 352 5246 1687 5321">
    <p class='ocr_par' dir='ltr' id='par_1_58' title="bbox 352 5246 1687 5321">
     <span class='ocr_line' id='line_1_59' title="bbox 352 5246 1687 5321; baseline 0.003 -20"><span class='ocrx_word' id='word_1_372' title='bbox 352 5246 586 5301; x_wconf 75' lang='lat' dir='ltr'><strong>Munere</strong></span> <span class='ocrx_word' id='word_1_373' title='bbox 616 5262 796 5302; x_wconf 90' lang='lat' dir='ltr'><strong>nemo</strong></span> <span class='ocrx_word' id='word_1_374' title='bbox 821 5252 943 5319; x_wconf 89' lang='lat' dir='ltr'><strong>tuo,</strong></span> <span class='ocrx_word' id='word_1_375' title='bbox 974 5249 1140 5321; x_wconf 92' lang='lat' dir='ltr'><strong>petiit</strong></span> <span class='ocrx_word' id='word_1_376' title='bbox 1168 5250 1219 5305; x_wconf 92' lang='lat' dir='ltr'><strong>si</strong></span> <span class='ocrx_word' id='word_1_377' title='bbox 1247 5249 1397 5307; x_wconf 86' lang='lat' dir='ltr'><strong>forte</strong></span> <span class='ocrx_word' id='word_1_378' title='bbox 1422 5254 1687 5319; x_wconf 88' lang='lat' dir='ltr'><strong>coactus,</strong></span> 
     </span>
    </p>
   </div>
   <div class='ocr_carea' id='block_1_59' title="bbox 421 5333 1664 5409">
    <p class='ocr_par' dir='ltr' id='par_1_59' title="bbox 421 5333 1664 5409">
     <span class='ocr_line' id='line_1_60' title="bbox 421 5333 1664 5409; baseline 0.006 -21"><span class='ocrx_word' id='word_1_379' title='bbox 421 5333 702 5389; x_wconf 85' lang='lat' dir='ltr'><strong>Discessit</strong></span> <span class='ocrx_word' id='word_1_380' title='bbox 727 5350 976 5404; x_wconf 89' lang='lat' dir='ltr'><strong>vacuus,</strong></span> <span class='ocrx_word' id='word_1_381' title='bbox 1006 5341 1060 5392; x_wconf 90' lang='lat' dir='ltr'><strong>te</strong></span> <span class='ocrx_word' id='word_1_382' title='bbox 1082 5338 1392 5409; x_wconf 87' lang='lat' dir='ltr'><strong>retinente,</strong></span> <span class='ocrx_word' id='word_1_383' title='bbox 1423 5355 1664 5396; x_wconf 89' lang='lat' dir='ltr'><strong>manus.</strong></span> 
     </span>
    </p>
   </div>
   <div class='ocr_carea' id='block_1_60' title="bbox 357 5422 2011 5502">
    <p class='ocr_par' dir='ltr' id='par_1_60' title="bbox 357 5422 2011 5502">
     <span class='ocr_line' id='line_1_61' title="bbox 357 5422 2011 5502; baseline 0.003 -22"><span class='ocrx_word' id='word_1_384' title='bbox 357 5422 546 5480; x_wconf 88' lang='lat' dir='ltr'><strong>Credo</strong></span> <span class='ocrx_word' id='word_1_385' title='bbox 560 5423 830 5496; x_wconf 89' lang='lat' dir='ltr'><strong>quidem,</strong></span> <span class='ocrx_word' id='word_1_386' title='bbox 853 5439 1048 5497; x_wconf 90' lang='lat' dir='ltr'><strong>neque</strong></span> <span class='ocrx_word' id='word_1_387' title='bbox 1064 5442 1224 5484; x_wconf 87' lang='lat' dir='ltr'><strong>vana</strong></span> <span class='ocrx_word' id='word_1_388' title='bbox 1233 5428 1405 5497; x_wconf 84' lang='lat' dir='ltr'><strong>ﬁdes,</strong></span> <span class='ocrx_word' id='word_1_389' title='bbox 1423 5433 1478 5485; x_wconf 90' lang='lat' dir='ltr'><strong>te</strong></span> <span class='ocrx_word' id='word_1_390' title='bbox 1489 5445 1666 5502; x_wconf 89' lang='lat' dir='ltr'><strong>posse</strong></span> <span class='ocrx_word' id='word_1_391' title='bbox 1686 5428 1853 5500; x_wconf 90' lang='lat' dir='ltr'><strong>quod</strong></span> <span class='ocrx_word' id='word_1_392' title='bbox 1869 5432 2011 5501; x_wconf 90' lang='lat' dir='ltr'><strong>opto</strong></span> 
     </span>
    </p>
   </div>
   <div class='ocr_carea' id='block_1_61' title="bbox 423 5513 1579 5587">
    <p class='ocr_par' dir='ltr' id='par_1_61' title="bbox 423 5513 1579 5587">
     <span class='ocr_line' id='line_1_62' title="bbox 423 5513 1579 5587; baseline 0.005 -18"><span class='ocrx_word' id='word_1_393' title='bbox 423 5513 662 5570; x_wconf 64' lang='lat' dir='ltr'><strong>Caelitus</strong></span> <span class='ocrx_word' id='word_1_394' title='bbox 684 5531 721 5571; x_wconf 89' lang='lat' dir='ltr'><strong>a</strong></span> <span class='ocrx_word' id='word_1_395' title='bbox 744 5514 992 5571; x_wconf 88' lang='lat' dir='ltr'><strong>Domino</strong></span> <span class='ocrx_word' id='word_1_396' title='bbox 1024 5519 1427 5587; x_wconf 91' lang='lat' dir='ltr'><strong>promeruisse</strong></span> <span class='ocrx_word' id='word_1_397' title='bbox 1456 5524 1579 5575; x_wconf 91' lang='lat' dir='ltr'><strong>tuo.</strong></span> 
     </span>
    </p>
   </div>
   <div class='ocr_carea' id='block_1_62' title="bbox 353 5602 1790 5681">
    <p class='ocr_par' dir='ltr' id='par_1_62' title="bbox 353 5602 1790 5681">
     <span class='ocr_line' id='line_1_63' title="bbox 353 5602 1790 5681; baseline 0.002 -22"><span class='ocrx_word' id='word_1_398' title='bbox 353 5602 573 5661; x_wconf 87' lang='lat' dir='ltr'><strong>Unicus</strong></span> <span class='ocrx_word' id='word_1_399' title='bbox 600 5619 739 5661; x_wconf 88' lang='lat' dir='ltr'><strong>ecce</strong></span> <span class='ocrx_word' id='word_1_400' title='bbox 761 5604 911 5662; x_wconf 87' lang='lat' dir='ltr'><strong>mihi</strong></span> <span class='ocrx_word' id='word_1_401' title='bbox 933 5609 1135 5672; x_wconf 86' lang='lat' dir='ltr'><strong>natus,</strong></span> <span class='ocrx_word' id='word_1_402' title='bbox 1166 5623 1303 5664; x_wconf 90' lang='lat' dir='ltr'><strong>mea</strong></span> <span class='ocrx_word' id='word_1_403' title='bbox 1341 5607 1469 5666; x_wconf 87' lang='lat' dir='ltr'><strong>sola</strong></span> <span class='ocrx_word' id='word_1_404' title='bbox 1491 5608 1790 5681; x_wconf 84' lang='lat' dir='ltr'><strong>voluptas,</strong></span> 
     </span>
    </p>
   </div>
   <div class='ocr_carea' id='block_1_63' title="bbox 1406 118 2674 177">
    <p class='ocr_par' dir='ltr' id='par_1_63' title="bbox 1406 118 2674 177">
     <span class='ocr_line' id='line_1_64' title="bbox 1406 118 2674 177; baseline -0.002 -1"><span class='ocrx_word' id='word_1_405' title='bbox 1406 119 1761 177; x_wconf 80' lang='lat' dir='ltr'><strong>BERNARDI</strong></span> <span class='ocrx_word' id='word_1_406' title='bbox 1813 118 2260 176; x_wconf 80' lang='lat' dir='ltr'><strong>SCHOLASTICI</strong></span> <span class='ocrx_word' id='word_1_407' title='bbox 2322 120 2674 176; x_wconf 79' lang='lat' dir='ltr'><strong>ANDEGAV.</strong></span> 
     </span>
    </p>
   </div>
   <div class='ocr_carea' id='block_1_64' title="bbox 2021 237 3499 313">
    <p class='ocr_par' dir='ltr' id='par_1_64' title="bbox 2021 237 3499 313">
     <span class='ocr_line' id='line_1_65' title="bbox 2021 237 3499 313; baseline -0.005 -14"><span class='ocrx_word' id='word_1_408' title='bbox 2021 246 2069 299; x_wconf 85' lang='grc' dir='ltr'><strong>Α</strong></span> <span class='ocrx_word' id='word_1_409' title='bbox 2178 241 2419 310; x_wconf 90' lang='lat' dir='ltr'><strong>Occidit,</strong></span> <span class='ocrx_word' id='word_1_410' title='bbox 2450 257 2574 298; x_wconf 87' lang='lat' dir='ltr'><strong>una</strong></span> <span class='ocrx_word' id='word_1_411' title='bbox 2600 240 2714 296; x_wconf 90' lang='lat' dir='ltr'><strong>mei</strong></span> <span class='ocrx_word' id='word_1_412' title='bbox 2742 256 2877 313; x_wconf 88' lang='lat' dir='ltr'><strong>spes</strong></span> <span class='ocrx_word' id='word_1_413' title='bbox 2898 245 2955 295; x_wconf 91' lang='lat' dir='ltr'><strong>et</strong></span> <span class='ocrx_word' id='word_1_414' title='bbox 2975 255 3149 295; x_wconf 90' lang='lat' dir='ltr'><strong>amor</strong></span> <span class='ocrx_word' id='word_1_415' title='bbox 3178 237 3410 307; x_wconf 84' lang='lat' dir='ltr'><strong>generis</strong></span> <span class='ocrx_word' id='word_1_416' title='bbox 3438 256 3454 304; x_wconf 86' lang='lat'><strong>;</strong></span> <span class='ocrx_word' id='word_1_417' title='bbox 3478 250 3499 265; x_wconf 63' lang='grc' dir='ltr'><strong><em>θ</em></strong></span> 
     </span>
    </p>
   </div>
   <div class='ocr_carea' id='block_1_65' title="bbox 3668 118 3777 170">
    <p class='ocr_par' dir='ltr' id='par_1_65' title="bbox 3668 118 3777 170">
     <span class='ocr_line' id='line_1_66' title="bbox 3668 118 3777 170; baseline 0 0"><span class='ocrx_word' id='word_1_418' title='bbox 3668 118 3777 170; x_wconf 68' lang='grc'><strong>156</strong></span> 
     </span>
    </p>
   </div>
   <div class='ocr_carea' id='block_1_66' title="bbox 2104 341 3684 416">
    <p class='ocr_par' dir='ltr' id='par_1_66' title="bbox 2104 341 3684 416">
     <span class='ocr_line' id='line_1_67' title="bbox 2104 341 3684 416; baseline -0.003 -17"><span class='ocrx_word' id='word_1_419' title='bbox 2104 347 2232 410; x_wconf 90' lang='lat' dir='ltr'><strong>Quo</strong></span> <span class='ocrx_word' id='word_1_420' title='bbox 2262 348 2547 416; x_wconf 90' lang='lat' dir='ltr'><strong>pereunte</strong></span> <span class='ocrx_word' id='word_1_421' title='bbox 2571 343 2776 411; x_wconf 89' lang='lat' dir='ltr'><strong>modo,</strong></span> <span class='ocrx_word' id='word_1_422' title='bbox 2808 342 2954 397; x_wconf 91' lang='lat' dir='ltr'><strong>mihi</strong></span> <span class='ocrx_word' id='word_1_423' title='bbox 2987 345 3200 398; x_wconf 64' lang='lat' dir='ltr'><strong>cmtera</strong></span> <span class='ocrx_word' id='word_1_424' title='bbox 3229 341 3349 398; x_wconf 88' lang='lat' dir='ltr'><strong>vita</strong></span> <span class='ocrx_word' id='word_1_425' title='bbox 3378 344 3684 414; x_wconf 79' lang='lat' dir='ltr'><strong>superstes</strong></span> 
     </span>
    </p>
   </div>
   <div class='ocr_carea' id='block_1_67' title="bbox 2174 440 3476 511">
    <p class='ocr_par' dir='ltr' id='par_1_67' title="bbox 2174 440 3476 511">
     <span class='ocr_line' id='line_1_68' title="bbox 2174 440 3476 511; baseline -0.004 -12"><span class='ocrx_word' id='word_1_426' title='bbox 2174 443 2481 499; x_wconf 88' lang='lat' dir='ltr'><strong>Protrahet</strong></span> <span class='ocrx_word' id='word_1_427' title='bbox 2510 442 2776 511; x_wconf 87' lang='lat' dir='ltr'><strong>ingratas</strong></span> <span class='ocrx_word' id='word_1_428' title='bbox 2808 440 2928 496; x_wconf 88' lang='lat' dir='ltr'><strong>ﬁne</strong></span> <span class='ocrx_word' id='word_1_429' title='bbox 2961 440 3224 496; x_wconf 90' lang='lat' dir='ltr'><strong>carendo</strong></span> <span class='ocrx_word' id='word_1_430' title='bbox 3254 456 3476 495; x_wconf 88' lang='lat' dir='ltr'><strong>moras.</strong></span> 
     </span>
    </p>
   </div>
   <div class='ocr_carea' id='block_1_68' title="bbox 2108 541 3557 616">
    <p class='ocr_par' dir='ltr' id='par_1_68' title="bbox 2108 541 3557 616">
     <span class='ocr_line' id='line_1_69' title="bbox 2108 541 3557 616; baseline -0.005 -14"><span class='ocrx_word' id='word_1_431' title='bbox 2108 545 2220 602; x_wconf 91' lang='lat' dir='ltr'><strong>Sed</strong></span> <span class='ocrx_word' id='word_1_432' title='bbox 2253 545 2323 615; x_wconf 91' lang='lat' dir='ltr'><strong>si,</strong></span> <span class='ocrx_word' id='word_1_433' title='bbox 2355 546 2520 616; x_wconf 88' lang='lat' dir='ltr'><strong>virgo</strong></span> <span class='ocrx_word' id='word_1_434' title='bbox 2553 544 2673 615; x_wconf 91' lang='lat' dir='ltr'><strong>Dei,</strong></span> <span class='ocrx_word' id='word_1_435' title='bbox 2696 544 3056 600; x_wconf 89' lang='lat' dir='ltr'><strong>miserorum</strong></span> <span class='ocrx_word' id='word_1_436' title='bbox 3078 542 3390 615; x_wconf 88' lang='lat' dir='ltr'><strong>questibus</strong></span> <span class='ocrx_word' id='word_1_437' title='bbox 3422 541 3557 596; x_wconf 90' lang='lat' dir='ltr'><strong>ullis</strong></span> 
     </span>
    </p>
   </div>
   <div class='ocr_carea' id='block_1_69' title="bbox 2179 640 3445 715">
    <p class='ocr_par' dir='ltr' id='par_1_69' title="bbox 2179 640 3445 715">
     <span class='ocr_line' id='line_1_70' title="bbox 2179 640 3445 715; baseline -0.004 -16"><span class='ocrx_word' id='word_1_438' title='bbox 2179 643 2467 715; x_wconf 79' lang='lat' dir='ltr'><strong>Flecteris,</strong></span> <span class='ocrx_word' id='word_1_439' title='bbox 2490 647 2545 698; x_wconf 90' lang='lat' dir='ltr'><strong>et</strong></span> <span class='ocrx_word' id='word_1_440' title='bbox 2572 643 2855 715; x_wconf 73' lang='lat' dir='ltr'><strong>lacrymis</strong></span> <span class='ocrx_word' id='word_1_441' title='bbox 2878 641 3131 697; x_wconf 89' lang='lat' dir='ltr'><strong>vinceris</strong></span> <span class='ocrx_word' id='word_1_442' title='bbox 3166 640 3400 709; x_wconf 81' lang='lat' dir='ltr'><strong>irriguis</strong></span> <span class='ocrx_word' id='word_1_443' title='bbox 3434 658 3445 708; x_wconf 92' lang='lat'><strong>;</strong></span> 
     </span>
    </p>
   </div>
   <div class='ocr_carea' id='block_1_70' title="bbox 2106 744 3479 819">
    <p class='ocr_par' dir='ltr' id='par_1_70' title="bbox 2106 744 3479 819">
     <span class='ocr_line' id='line_1_71' title="bbox 2106 744 3479 819; baseline -0.003 -17"><span class='ocrx_word' id='word_1_444' title='bbox 2106 750 2339 803; x_wconf 83' lang='lat' dir='ltr'><strong>Munere</strong></span> <span class='ocrx_word' id='word_1_445' title='bbox 2372 747 2597 819; x_wconf 82' lang='lat' dir='ltr'><strong>sopitos</strong></span> <span class='ocrx_word' id='word_1_446' title='bbox 2624 747 2745 803; x_wconf 91' lang='lat' dir='ltr'><strong>nati</strong></span> <span class='ocrx_word' id='word_1_447' title='bbox 2777 762 2930 819; x_wconf 90' lang='lat' dir='ltr'><strong>quos</strong></span> <span class='ocrx_word' id='word_1_448' title='bbox 2961 744 3261 801; x_wconf 92' lang='lat' dir='ltr'><strong>cernimus</strong></span> <span class='ocrx_word' id='word_1_449' title='bbox 3293 749 3479 812; x_wconf 81' lang='lat' dir='ltr'><strong>artus,</strong></span> 
     </span>
    </p>
   </div>
   <div class='ocr_carea' id='block_1_71' title="bbox 2178 844 3594 917">
    <p class='ocr_par' dir='ltr' id='par_1_71' title="bbox 2178 844 3594 917">
     <span class='ocr_line' id='line_1_72' title="bbox 2178 844 3594 917; baseline -0.001 -20"><span class='ocrx_word' id='word_1_450' title='bbox 2178 844 2264 899; x_wconf 87' lang='lat' dir='ltr'><strong>Ad</strong></span> <span class='ocrx_word' id='word_1_451' title='bbox 2298 844 2558 917; x_wconf 89' lang='lat' dir='ltr'><strong>priscam</strong></span> <span class='ocrx_word' id='word_1_452' title='bbox 2590 845 2797 913; x_wconf 92' lang='lat' dir='ltr'><strong>vitam,</strong></span> <span class='ocrx_word' id='word_1_453' title='bbox 2831 849 2883 899; x_wconf 89' lang='lat' dir='ltr'><strong>te</strong></span> <span class='ocrx_word' id='word_1_454' title='bbox 2908 860 3074 913; x_wconf 88' lang='lat' dir='ltr'><strong>rogo,</strong></span> <span class='ocrx_word' id='word_1_455' title='bbox 3108 859 3268 899; x_wconf 91' lang='lat' dir='ltr'><strong>nunc</strong></span> <span class='ocrx_word' id='word_1_456' title='bbox 3298 857 3533 898; x_wconf 86' lang='lat' dir='ltr'><strong>revoca.</strong></span> <span class='ocrx_word' id='word_1_457' title='bbox 3568 864 3594 887; x_wconf 74' lang='grc' dir='ltr'>η</span> 
     </span>
    </p>
   </div>
   <div class='ocr_carea' id='block_1_72' title="bbox 2106 941 3787 1021">
    <p class='ocr_par' dir='ltr' id='par_1_72' title="bbox 2106 941 3787 1021">
     <span class='ocr_line' id='line_1_73' title="bbox 2106 941 3787 1021; baseline -0.006 -16"><span class='ocrx_word' id='word_1_458' title='bbox 2106 950 2375 1021; x_wconf 86' lang='lat' dir='ltr'><strong>Cumque</strong></span> <span class='ocrx_word' id='word_1_459' title='bbox 2404 947 2496 1003; x_wconf 91' lang='lat' dir='ltr'><strong>his</strong></span> <span class='ocrx_word' id='word_1_460' title='bbox 2525 953 2582 1003; x_wconf 89' lang='lat' dir='ltr'><strong>et</strong></span> <span class='ocrx_word' id='word_1_461' title='bbox 2604 947 2957 1019; x_wconf 88' lang='lat' dir='ltr'><strong>hujusmodi</strong></span> <span class='ocrx_word' id='word_1_462' title='bbox 2983 944 3450 1018; x_wconf 91' lang='lat' dir='ltr'><strong>quamplurimis</strong></span> <span class='ocrx_word' id='word_1_463' title='bbox 3510 941 3787 1016; x_wconf 87' lang='lat' dir='ltr'><strong>querelis</strong></span> 
     </span>
    </p>
   </div>
   <div class='ocr_carea' id='block_1_73' title="bbox 2107 1033 3787 1108">
    <p class='ocr_par' dir='ltr' id='par_1_73' title="bbox 2107 1033 3787 1108">
     <span class='ocr_line' id='line_1_74' title="bbox 2107 1033 3787 1108; baseline -0.003 -18"><span class='ocrx_word' id='word_1_464' title='bbox 2107 1052 2289 1107; x_wconf 90' lang='lat' dir='ltr'><strong>super</strong></span> <span class='ocrx_word' id='word_1_465' title='bbox 2313 1035 2578 1091; x_wconf 85' lang='lat' dir='ltr'><strong>defuncti</strong></span> <span class='ocrx_word' id='word_1_466' title='bbox 2604 1051 2823 1108; x_wconf 91' lang='lat' dir='ltr'><strong>corpus</strong></span> <span class='ocrx_word' id='word_1_467' title='bbox 2872 1033 3237 1090; x_wconf 87' lang='lat' dir='ltr'><strong>incumbens</strong></span> <span class='ocrx_word' id='word_1_468' title='bbox 3282 1038 3453 1106; x_wconf 91' lang='lat' dir='ltr'><strong>pater</strong></span> <span class='ocrx_word' id='word_1_469' title='bbox 3478 1048 3621 1087; x_wconf 87' lang='lat' dir='ltr'><strong>cum</strong></span> <span class='ocrx_word' id='word_1_470' title='bbox 3646 1046 3787 1085; x_wconf 87' lang='lat' dir='ltr'><strong>ma-</strong></span> 
     </span>
    </p>
   </div>
   <div class='ocr_carea' id='block_1_74' title="bbox 2106 1119 3789 1196">
    <p class='ocr_par' dir='ltr' id='par_1_74' title="bbox 2106 1119 3789 1196">
     <span class='ocr_line' id='line_1_75' title="bbox 2106 1119 3789 1196; baseline -0.004 -16"><span class='ocrx_word' id='word_1_471' title='bbox 2106 1141 2226 1195; x_wconf 90' lang='lat' dir='ltr'><strong>gno</strong></span> <span class='ocrx_word' id='word_1_472' title='bbox 2249 1124 2473 1196; x_wconf 89' lang='lat' dir='ltr'><strong>ejulatu</strong></span> <span class='ocrx_word' id='word_1_473' title='bbox 2509 1129 2880 1196; x_wconf 89' lang='lat' dir='ltr'><strong>quereretur,</strong></span> <span class='ocrx_word' id='word_1_474' title='bbox 2938 1139 3151 1179; x_wconf 91' lang='lat' dir='ltr'><strong>omnes</strong></span> <span class='ocrx_word' id='word_1_475' title='bbox 3208 1122 3309 1194; x_wconf 92' lang='lat' dir='ltr'><strong>qui</strong></span> <span class='ocrx_word' id='word_1_476' title='bbox 3368 1121 3447 1177; x_wconf 91' lang='lat' dir='ltr'><strong>ad</strong></span> <span class='ocrx_word' id='word_1_477' title='bbox 3494 1119 3789 1176; x_wconf 87' lang='lat' dir='ltr'><strong>ultimum</strong></span> 
     </span>
    </p>
   </div>
   <div class='ocr_carea' id='block_1_75' title="bbox 2106 1210 3791 1287">
    <p class='ocr_par' dir='ltr' id='par_1_75' title="bbox 2106 1210 3791 1287">
     <span class='ocr_line' id='line_1_76' title="bbox 2106 1210 3791 1287; baseline -0.005 -16"><span class='ocrx_word' id='word_1_478' title='bbox 2106 1215 2528 1287; x_wconf 82' lang='lat' dir='ltr'><strong>exsequiarum</strong></span> <span class='ocrx_word' id='word_1_479' title='bbox 2567 1214 2927 1286; x_wconf 89' lang='lat' dir='ltr'><strong>obsequium</strong></span> <span class='ocrx_word' id='word_1_480' title='bbox 2952 1213 3222 1279; x_wconf 89' lang='lat' dir='ltr'><strong>aderant,</strong></span> <span class='ocrx_word' id='word_1_481' title='bbox 3254 1210 3528 1267; x_wconf 83' lang='lat' dir='ltr'><strong>deﬂentis</strong></span> <span class='ocrx_word' id='word_1_482' title='bbox 3562 1210 3791 1282; x_wconf 89' lang='lat' dir='ltr'><strong>pietate</strong></span> 
     </span>
    </p>
   </div>
   <div class='ocr_carea' id='block_1_76' title="bbox 2108 1299 3790 1373">
    <p class='ocr_par' dir='ltr' id='par_1_76' title="bbox 2108 1299 3790 1373">
     <span class='ocr_line' id='line_1_77' title="bbox 2108 1299 3790 1373; baseline -0.004 -13"><span class='ocrx_word' id='word_1_483' title='bbox 2108 1303 2274 1370; x_wconf 87' lang='lat' dir='ltr'><strong>moti,</strong></span> <span class='ocrx_word' id='word_1_484' title='bbox 2338 1303 2575 1360; x_wconf 89' lang='lat' dir='ltr'><strong>ﬂetibus</strong></span> <span class='ocrx_word' id='word_1_485' title='bbox 2635 1320 2742 1359; x_wconf 91' lang='lat' dir='ltr'><strong>ora</strong></span> <span class='ocrx_word' id='word_1_486' title='bbox 2798 1302 3097 1373; x_wconf 88' lang='lat' dir='ltr'><strong>rigabant,</strong></span> <span class='ocrx_word' id='word_1_487' title='bbox 3154 1316 3223 1356; x_wconf 90' lang='lat' dir='ltr'><strong>ac</strong></span> <span class='ocrx_word' id='word_1_488' title='bbox 3280 1299 3790 1371; x_wconf 87' lang='lat' dir='ltr'><strong>gloriosissimam</strong></span> 
     </span>
    </p>
   </div>
   <div class='ocr_carea' id='block_1_77' title="bbox 2108 1386 3792 1463">
    <p class='ocr_par' dir='ltr' id='par_1_77' title="bbox 2108 1386 3792 1463">
     <span class='ocr_line' id='line_1_78' title="bbox 2108 1386 3792 1463; baseline -0.003 -16"><span class='ocrx_word' id='word_1_489' title='bbox 2108 1392 2404 1462; x_wconf 89' lang='lat' dir='ltr'><strong>virginem</strong></span> <span class='ocrx_word' id='word_1_490' title='bbox 2435 1391 2637 1448; x_wconf 88' lang='lat' dir='ltr'><strong>Fidem</strong></span> <span class='ocrx_word' id='word_1_491' title='bbox 2666 1390 2864 1447; x_wconf 81' lang='lat' dir='ltr'><strong>mixtis</strong></span> <span class='ocrx_word' id='word_1_492' title='bbox 2891 1389 3175 1463; x_wconf 80' lang='lat' dir='ltr'><strong>lacrymis</strong></span> <span class='ocrx_word' id='word_1_493' title='bbox 3225 1388 3525 1463; x_wconf 86' lang='lat' dir='ltr'><strong>precibus,</strong></span> <span class='ocrx_word' id='word_1_494' title='bbox 3582 1391 3647 1444; x_wconf 89' lang='lat' dir='ltr'><strong>ut</strong></span> <span class='ocrx_word' id='word_1_495' title='bbox 3706 1386 3792 1442; x_wconf 89' lang='lat' dir='ltr'><strong>ad</strong></span> 
     </span>
    </p>
   </div>
   <div class='ocr_carea' id='block_1_78' title="bbox 2111 1475 3793 1552">
    <p class='ocr_par' dir='ltr' id='par_1_78' title="bbox 2111 1475 3793 1552">
     <span class='ocr_line' id='line_1_79' title="bbox 2111 1475 3793 1552; baseline -0.004 -14"><span class='ocrx_word' id='word_1_496' title='bbox 2111 1482 2559 1538; x_wconf 87' lang='lat' dir='ltr'><strong>invocationem</strong></span> <span class='ocrx_word' id='word_1_497' title='bbox 2591 1481 2681 1536; x_wconf 91' lang='lat' dir='ltr'><strong>sui</strong></span> <span class='ocrx_word' id='word_1_498' title='bbox 2737 1481 2925 1536; x_wconf 90' lang='lat' dir='ltr'><strong>sancti</strong></span> <span class='ocrx_word' id='word_1_499' title='bbox 2981 1479 3242 1536; x_wconf 90' lang='lat' dir='ltr'><strong>nominis</strong></span> <span class='ocrx_word' id='word_1_500' title='bbox 3296 1477 3555 1552; x_wconf 92' lang='lat' dir='ltr'><strong>propitio</strong></span> <span class='ocrx_word' id='word_1_501' title='bbox 3612 1475 3793 1532; x_wconf 87' lang='lat' dir='ltr'><strong>vultu</strong></span> 
     </span>
    </p>
   </div>
   <div class='ocr_carea' id='block_1_79' title="bbox 2044 1570 3351 1657">
    <p class='ocr_par' dir='ltr' id='par_1_79' title="bbox 2044 1570 3351 1657">
     <span class='ocr_line' id='line_1_80' title="bbox 2044 1570 3351 1657; baseline -0.003 -29"><span class='ocrx_word' id='word_1_502' title='bbox 2044 1604 2084 1657; x_wconf 80' lang='grc' dir='ltr'><strong>Β</strong></span> <span class='ocrx_word' id='word_1_503' title='bbox 2113 1572 2405 1646; x_wconf 62' lang='lat' dir='ltr'><strong>respicere</strong></span> <span class='ocrx_word' id='word_1_504' title='bbox 2425 1572 2723 1641; x_wconf 90' lang='lat' dir='ltr'><strong>dignetur,</strong></span> <span class='ocrx_word' id='word_1_505' title='bbox 2748 1570 3068 1627; x_wconf 89' lang='lat' dir='ltr'><strong>unanimes</strong></span> <span class='ocrx_word' id='word_1_506' title='bbox 3085 1574 3351 1627; x_wconf 79' lang='lat' dir='ltr'><strong>exorant.</strong></span> 
     </span>
    </p>
   </div>
   <div class='ocr_carea' id='block_1_80' title="bbox 2187 1665 3792 1744">
    <p class='ocr_par' dir='ltr' id='par_1_80' title="bbox 2187 1665 3792 1744">
     <span class='ocr_line' id='line_1_81' title="bbox 2187 1665 3792 1744; baseline -0.005 -17"><span class='ocrx_word' id='word_1_507' title='bbox 2187 1671 2279 1728; x_wconf 90' lang='lat' dir='ltr'><strong>Sic</strong></span> <span class='ocrx_word' id='word_1_508' title='bbox 2298 1687 2541 1744; x_wconf 90' lang='lat' dir='ltr'><strong>quoque</strong></span> <span class='ocrx_word' id='word_1_509' title='bbox 2569 1670 2877 1737; x_wconf 88' lang='lat' dir='ltr'><strong>continuo,</strong></span> <span class='ocrx_word' id='word_1_510' title='bbox 2904 1669 3007 1725; x_wconf 89' lang='lat' dir='ltr'><strong>sed</strong></span> <span class='ocrx_word' id='word_1_511' title='bbox 3033 1672 3089 1725; x_wconf 90' lang='lat' dir='ltr'><strong>et</strong></span> <span class='ocrx_word' id='word_1_512' title='bbox 3136 1674 3195 1736; x_wconf 96' lang='lat' dir='ltr'><strong>(o</strong></span> <span class='ocrx_word' id='word_1_513' title='bbox 3231 1667 3502 1723; x_wconf 88' lang='lat' dir='ltr'><strong>mirabile</strong></span> <span class='ocrx_word' id='word_1_514' title='bbox 3542 1666 3713 1722; x_wconf 88' lang='lat' dir='ltr'><strong>dictu</strong></span> <span class='ocrx_word' id='word_1_515' title='bbox 3747 1665 3792 1736; x_wconf 75' lang='grc' dir='ltr'><strong>ι)</strong></span> 
     </span>
    </p>
   </div>
   <div class='ocr_carea' id='block_1_81' title="bbox 2184 1756 3788 1833">
    <p class='ocr_par' dir='ltr' id='par_1_81' title="bbox 2184 1756 3788 1833">
     <span class='ocr_line' id='line_1_82' title="bbox 2184 1756 3788 1833; baseline -0.004 -15"><span class='ocrx_word' id='word_1_516' title='bbox 2184 1765 2335 1818; x_wconf 84' lang='lat' dir='ltr'><strong>Mors</strong></span> <span class='ocrx_word' id='word_1_517' title='bbox 2366 1765 2510 1817; x_wconf 88' lang='lat' dir='ltr'><strong>tetra</strong></span> <span class='ocrx_word' id='word_1_518' title='bbox 2537 1761 2662 1817; x_wconf 91' lang='lat' dir='ltr'><strong>visa</strong></span> <span class='ocrx_word' id='word_1_519' title='bbox 2700 1764 2857 1816; x_wconf 90' lang='lat' dir='ltr'><strong>retro</strong></span> <span class='ocrx_word' id='word_1_520' title='bbox 2886 1759 3160 1833; x_wconf 78' lang='lat' dir='ltr'><strong>praedam</strong></span> <span class='ocrx_word' id='word_1_521' title='bbox 3208 1758 3458 1828; x_wconf 87' lang='lat' dir='ltr'><strong>fugitiva</strong></span> <span class='ocrx_word' id='word_1_522' title='bbox 3518 1756 3788 1829; x_wconf 87' lang='lat' dir='ltr'><strong>reliquit,</strong></span> 
     </span>
    </p>
   </div>
   <div class='ocr_carea' id='block_1_82' title="bbox 2186 1848 3633 1923">
    <p class='ocr_par' dir='ltr' id='par_1_82' title="bbox 2186 1848 3633 1923">
     <span class='ocr_line' id='line_1_83' title="bbox 2186 1848 3633 1923; baseline -0.003 -17"><span class='ocrx_word' id='word_1_523' title='bbox 2186 1851 2577 1923; x_wconf 79' lang='lat' dir='ltr'><strong>Evomuitque</strong></span> <span class='ocrx_word' id='word_1_524' title='bbox 2598 1866 2786 1906; x_wconf 82' lang='lat' dir='ltr'><strong>vorax</strong></span> <span class='ocrx_word' id='word_1_525' title='bbox 2819 1850 2994 1906; x_wconf 86' lang='lat' dir='ltr'><strong>avida</strong></span> <span class='ocrx_word' id='word_1_526' title='bbox 3024 1849 3099 1905; x_wconf 93' lang='lat' dir='ltr'><strong>de</strong></span> <span class='ocrx_word' id='word_1_527' title='bbox 3121 1849 3291 1905; x_wconf 88' lang='lat' dir='ltr'><strong>fauce</strong></span> <span class='ocrx_word' id='word_1_528' title='bbox 3330 1848 3633 1920; x_wconf 88' lang='lat' dir='ltr'><strong>rapinam.</strong></span> 
     </span>
    </p>
   </div>
   <div class='ocr_carea' id='block_1_83' title="bbox 2184 1935 3709 2012">
    <p class='ocr_par' dir='ltr' id='par_1_83' title="bbox 2184 1935 3709 2012">
     <span class='ocr_line' id='line_1_84' title="bbox 2184 1935 3709 2012; baseline -0.003 -17"><span class='ocrx_word' id='word_1_529' title='bbox 2184 1940 2455 1996; x_wconf 88' lang='lat' dir='ltr'><strong>Protinus</strong></span> <span class='ocrx_word' id='word_1_530' title='bbox 2488 1945 2669 2012; x_wconf 88' lang='lat' dir='ltr'><strong>atque</strong></span> <span class='ocrx_word' id='word_1_531' title='bbox 2696 1944 2880 2011; x_wconf 89' lang='lat' dir='ltr'><strong>caput</strong></span> <span class='ocrx_word' id='word_1_532' title='bbox 2904 1938 3064 1994; x_wconf 90' lang='lat' dir='ltr'><strong>lento</strong></span> <span class='ocrx_word' id='word_1_533' title='bbox 3090 1937 3398 1994; x_wconf 87' lang='lat' dir='ltr'><strong>nutamine</strong></span> <span class='ocrx_word' id='word_1_534' title='bbox 3441 1935 3709 2001; x_wconf 86' lang='lat' dir='ltr'><strong>functus,</strong></span> 
     </span>
    </p>
   </div>
   <div class='ocr_carea' id='block_1_84' title="bbox 2186 2023 3638 2100">
    <p class='ocr_par' dir='ltr' id='par_1_84' title="bbox 2186 2023 3638 2100">
     <span class='ocr_line' id='line_1_85' title="bbox 2186 2023 3638 2100; baseline -0.004 -17"><span class='ocrx_word' id='word_1_535' title='bbox 2186 2032 2249 2083; x_wconf 90' lang='lat' dir='ltr'><strong>ln</strong></span> <span class='ocrx_word' id='word_1_536' title='bbox 2279 2033 2479 2100; x_wconf 89' lang='lat' dir='ltr'><strong>partes</strong></span> <span class='ocrx_word' id='word_1_537' title='bbox 2499 2032 2717 2093; x_wconf 85' lang='lat' dir='ltr'><strong>versat,</strong></span> <span class='ocrx_word' id='word_1_538' title='bbox 2752 2027 2982 2097; x_wconf 89' lang='lat' dir='ltr'><strong>gelidas</strong></span> <span class='ocrx_word' id='word_1_539' title='bbox 3013 2025 3308 2082; x_wconf 87' lang='lat' dir='ltr'><strong>recalente</strong></span> <span class='ocrx_word' id='word_1_540' title='bbox 3338 2023 3638 2080; x_wconf 87' lang='lat' dir='ltr'><strong>medullas</strong></span> 
     </span>
    </p>
   </div>
   <div class='ocr_carea' id='block_1_85' title="bbox 2187 2112 3788 2188">
    <p class='ocr_par' dir='ltr' id='par_1_85' title="bbox 2187 2112 3788 2188">
     <span class='ocr_line' id='line_1_86' title="bbox 2187 2112 3788 2188; baseline -0.004 -15"><span class='ocrx_word' id='word_1_541' title='bbox 2187 2117 2409 2173; x_wconf 85' lang='lat' dir='ltr'><strong>Fomite</strong></span> <span class='ocrx_word' id='word_1_542' title='bbox 2440 2115 2678 2172; x_wconf 89' lang='lat' dir='ltr'><strong>viviﬁco</strong></span> <span class='ocrx_word' id='word_1_543' title='bbox 2711 2135 2723 2171; x_wconf 88' lang='lat'>:</span> <span class='ocrx_word' id='word_1_544' title='bbox 2760 2116 3079 2188; x_wconf 87' lang='lat' dir='ltr'><strong>subitoque</strong></span> <span class='ocrx_word' id='word_1_545' title='bbox 3110 2131 3216 2187; x_wconf 91' lang='lat' dir='ltr'><strong>per</strong></span> <span class='ocrx_word' id='word_1_546' title='bbox 3245 2114 3445 2185; x_wconf 89' lang='lat' dir='ltr'><strong>algida</strong></span> <span class='ocrx_word' id='word_1_547' title='bbox 3497 2112 3788 2168; x_wconf 87' lang='lat' dir='ltr'><strong>membra</strong></span> 
     </span>
    </p>
   </div>
   <div class='ocr_carea' id='block_1_86' title="bbox 2189 2204 3564 2280">
    <p class='ocr_par' dir='ltr' id='par_1_86' title="bbox 2189 2204 3564 2280">
     <span class='ocr_line' id='line_1_87' title="bbox 2189 2204 3564 2280; baseline -0.004 -17"><span class='ocrx_word' id='word_1_548' title='bbox 2189 2206 2439 2280; x_wconf 90' lang='lat' dir='ltr'><strong>Spiritus</strong></span> <span class='ocrx_word' id='word_1_549' title='bbox 2470 2206 2706 2261; x_wconf 85' lang='lat' dir='ltr'><strong>infusus</strong></span> <span class='ocrx_word' id='word_1_550' title='bbox 2744 2210 2932 2262; x_wconf 88' lang='lat' dir='ltr'><strong>totum</strong></span> <span class='ocrx_word' id='word_1_551' title='bbox 2959 2205 3064 2261; x_wconf 87' lang='lat' dir='ltr'><strong>dat</strong></span> <span class='ocrx_word' id='word_1_552' title='bbox 3094 2204 3291 2260; x_wconf 90' lang='lat' dir='ltr'><strong>vivere</strong></span> <span class='ocrx_word' id='word_1_553' title='bbox 3320 2219 3564 2277; x_wconf 87' lang='lat' dir='ltr'><strong>corpus,</strong></span> 
     </span>
    </p>
   </div>
   <div class='ocr_carea' id='block_1_87' title="bbox 2187 2291 3794 2369">
    <p class='ocr_par' dir='ltr' id='par_1_87' title="bbox 2187 2291 3794 2369">
     <span class='ocr_line' id='line_1_88' title="bbox 2187 2291 3794 2369; baseline -0.003 -17"><span class='ocrx_word' id='word_1_554' title='bbox 2187 2296 2561 2369; x_wconf 90' lang='lat' dir='ltr'><strong>Erigiturque</strong></span> <span class='ocrx_word' id='word_1_555' title='bbox 2578 2296 2814 2367; x_wconf 91' lang='lat' dir='ltr'><strong>jacens,</strong></span> <span class='ocrx_word' id='word_1_556' title='bbox 2838 2294 3197 2368; x_wconf 89' lang='lat' dir='ltr'><strong>trepidantia</strong></span> <span class='ocrx_word' id='word_1_557' title='bbox 3254 2293 3483 2349; x_wconf 91' lang='lat' dir='ltr'><strong>lumina</strong></span> <span class='ocrx_word' id='word_1_558' title='bbox 3532 2291 3794 2347; x_wconf 77' lang='lat' dir='ltr'><strong>vixdum</strong></span> 
     </span>
    </p>
   </div>
   <div class='ocr_carea' id='block_1_88' title="bbox 2186 2382 3548 2451">
    <p class='ocr_par' dir='ltr' id='par_1_88' title="bbox 2186 2382 3548 2451">
     <span class='ocr_line' id='line_1_89' title="bbox 2186 2382 3548 2451; baseline -0.004 -9"><span class='ocrx_word' id='word_1_559' title='bbox 2186 2385 2489 2442; x_wconf 78' lang='lat' dir='ltr'><strong>Attollens.</strong></span> <span class='ocrx_word' id='word_1_560' title='bbox 2520 2389 2594 2441; x_wconf 82' lang='lat' dir='ltr'><strong>At</strong></span> <span class='ocrx_word' id='word_1_561' title='bbox 2620 2402 2762 2441; x_wconf 86' lang='lat' dir='ltr'><strong>mox</strong></span> <span class='ocrx_word' id='word_1_562' title='bbox 2784 2389 2936 2441; x_wconf 89' lang='lat' dir='ltr'><strong>totos</strong></span> <span class='ocrx_word' id='word_1_563' title='bbox 2968 2382 3147 2440; x_wconf 90' lang='lat' dir='ltr'><strong>simul</strong></span> <span class='ocrx_word' id='word_1_564' title='bbox 3176 2383 3345 2451; x_wconf 88' lang='lat' dir='ltr'><strong>erigit</strong></span> <span class='ocrx_word' id='word_1_565' title='bbox 3366 2386 3548 2449; x_wconf 89' lang='lat' dir='ltr'><strong>artus,</strong></span> 
     </span>
    </p>
   </div>
   <div class='ocr_carea' id='block_1_89' title="bbox 2190 2470 3795 2548">
    <p class='ocr_par' dir='ltr' id='par_1_89' title="bbox 2190 2470 3795 2548">
     <span class='ocr_line' id='line_1_90' title="bbox 2190 2470 3795 2548; baseline -0.004 -16"><span class='ocrx_word' id='word_1_566' title='bbox 2190 2480 2257 2532; x_wconf 90' lang='lat' dir='ltr'><strong>Et</strong></span> <span class='ocrx_word' id='word_1_567' title='bbox 2287 2476 2515 2532; x_wconf 90' lang='lat' dir='ltr'><strong>stetitin</strong></span> <span class='ocrx_word' id='word_1_568' title='bbox 2532 2475 2790 2548; x_wconf 89' lang='lat' dir='ltr'><strong>propriis</strong></span> <span class='ocrx_word' id='word_1_569' title='bbox 2812 2474 3226 2531; x_wconf 89' lang='lat' dir='ltr'><strong>membrorum</strong></span> <span class='ocrx_word' id='word_1_570' title='bbox 3243 2471 3525 2529; x_wconf 85' lang='lat' dir='ltr'><strong>machina</strong></span> <span class='ocrx_word' id='word_1_571' title='bbox 3540 2470 3795 2545; x_wconf 85' lang='lat' dir='ltr'><strong>plantis.</strong></span> 
     </span>
    </p>
   </div>
   <div class='ocr_carea' id='block_1_90' title="bbox 2191 2561 3565 2638">
    <p class='ocr_par' dir='ltr' id='par_1_90' title="bbox 2191 2561 3565 2638">
     <span class='ocr_line' id='line_1_91' title="bbox 2191 2561 3565 2638; baseline -0.004 -17"><span class='ocrx_word' id='word_1_572' title='bbox 2191 2565 2331 2621; x_wconf 86' lang='lat' dir='ltr'><strong>Inde</strong></span> <span class='ocrx_word' id='word_1_573' title='bbox 2361 2565 2617 2620; x_wconf 91' lang='lat' dir='ltr'><strong>domum</strong></span> <span class='ocrx_word' id='word_1_574' title='bbox 2646 2564 2855 2638; x_wconf 90' lang='lat' dir='ltr'><strong>repetit</strong></span> <span class='ocrx_word' id='word_1_575' title='bbox 2876 2563 3082 2619; x_wconf 90' lang='lat' dir='ltr'><strong>divino</strong></span> <span class='ocrx_word' id='word_1_576' title='bbox 3103 2562 3338 2620; x_wconf 87' lang='lat' dir='ltr'><strong>tramite</strong></span> <span class='ocrx_word' id='word_1_577' title='bbox 3357 2561 3565 2634; x_wconf 88' lang='lat' dir='ltr'><strong>patris.</strong></span> 
     </span>
    </p>
   </div>
   <div class='ocr_carea' id='block_1_91' title="bbox 2118 2649 3794 2724">
    <p class='ocr_par' dir='ltr' id='par_1_91' title="bbox 2118 2649 3794 2724">
     <span class='ocr_line' id='line_1_92' title="bbox 2118 2649 3794 2724; baseline -0.006 -12"><span class='ocrx_word' id='word_1_578' title='bbox 2118 2658 2248 2722; x_wconf 93' lang='lat' dir='ltr'><strong>Quo</strong></span> <span class='ocrx_word' id='word_1_579' title='bbox 2280 2655 2409 2710; x_wconf 90' lang='lat' dir='ltr'><strong>viso</strong></span> <span class='ocrx_word' id='word_1_580' title='bbox 2439 2654 2656 2724; x_wconf 90' lang='lat' dir='ltr'><strong>cuncti,</strong></span> <span class='ocrx_word' id='word_1_581' title='bbox 2680 2654 2742 2709; x_wconf 92' lang='lat' dir='ltr'><strong>in</strong></span> <span class='ocrx_word' id='word_1_582' title='bbox 2773 2652 3102 2723; x_wconf 85' lang='lat' dir='ltr'><strong>gratiarum</strong></span> <span class='ocrx_word' id='word_1_583' title='bbox 3132 2652 3430 2709; x_wconf 89' lang='lat' dir='ltr'><strong>actionem</strong></span> <span class='ocrx_word' id='word_1_584' title='bbox 3454 2649 3632 2717; x_wconf 84' lang='lat' dir='ltr'><strong>versi,</strong></span> <span class='ocrx_word' id='word_1_585' title='bbox 3666 2664 3794 2721; x_wconf 80' lang='lat' dir='ltr'><strong>prae</strong></span> 
     </span>
    </p>
   </div>
   <div class='ocr_carea' id='block_1_92' title="bbox 2118 2741 3792 2815">
    <p class='ocr_par' dir='ltr' id='par_1_92' title="bbox 2118 2741 3792 2815">
     <span class='ocr_line' id='line_1_93' title="bbox 2118 2741 3792 2815; baseline -0.004 -14"><span class='ocrx_word' id='word_1_586' title='bbox 2118 2745 2341 2815; x_wconf 88' lang='lat' dir='ltr'><strong>gaudio</strong></span> <span class='ocrx_word' id='word_1_587' title='bbox 2372 2743 2519 2800; x_wconf 87' lang='lat' dir='ltr'><strong>tanti</strong></span> <span class='ocrx_word' id='word_1_588' title='bbox 2547 2743 2822 2799; x_wconf 91' lang='lat' dir='ltr'><strong>miraculi</strong></span> <span class='ocrx_word' id='word_1_589' title='bbox 2847 2742 3147 2815; x_wconf 83' lang='lat' dir='ltr'><strong>lacrymas</strong></span> <span class='ocrx_word' id='word_1_590' title='bbox 3206 2741 3486 2807; x_wconf 89' lang='lat' dir='ltr'><strong>fundunt,</strong></span> <span class='ocrx_word' id='word_1_591' title='bbox 3530 2743 3792 2795; x_wconf 81' lang='lat' dir='ltr'><strong>sanctae-</strong></span> 
     </span>
    </p>
   </div>
   <div class='ocr_carea' id='block_1_93' title="bbox 2117 2828 3793 2907">
    <p class='ocr_par' dir='ltr' id='par_1_93' title="bbox 2117 2828 3793 2907">
     <span class='ocr_line' id='line_1_94' title="bbox 2117 2828 3793 2907; baseline -0.004 -18"><span class='ocrx_word' id='word_1_592' title='bbox 2117 2850 2236 2907; x_wconf 90' lang='lat' dir='ltr'><strong>que</strong></span> <span class='ocrx_word' id='word_1_593' title='bbox 2265 2832 2513 2903; x_wconf 90' lang='lat' dir='ltr'><strong>virginis</strong></span> <span class='ocrx_word' id='word_1_594' title='bbox 2534 2849 2605 2889; x_wconf 90' lang='lat' dir='ltr'><strong>ac</strong></span> <span class='ocrx_word' id='word_1_595' title='bbox 2630 2832 2914 2904; x_wconf 80' lang='lat' dir='ltr'><strong>martyris</strong></span> <span class='ocrx_word' id='word_1_596' title='bbox 2942 2831 3096 2886; x_wconf 87' lang='lat' dir='ltr'><strong>Fidis</strong></span> <span class='ocrx_word' id='word_1_597' title='bbox 3138 2831 3418 2887; x_wconf 88' lang='lat' dir='ltr'><strong>virtutem</strong></span> <span class='ocrx_word' id='word_1_598' title='bbox 3445 2828 3793 2898; x_wconf 87' lang='lat' dir='ltr'><strong>gloriﬁcan-</strong></span> 
     </span>
    </p>
   </div>
   <div class='ocr_carea' id='block_1_94' title="bbox 2116 2918 3791 2994">
    <p class='ocr_par' dir='ltr' id='par_1_94' title="bbox 2116 2918 3791 2994">
     <span class='ocr_line' id='line_1_95' title="bbox 2116 2918 3791 2994; baseline -0.004 -15"><span class='ocrx_word' id='word_1_599' title='bbox 2116 2928 2225 2994; x_wconf 90' lang='lat' dir='ltr'><strong>tes,</strong></span> <span class='ocrx_word' id='word_1_600' title='bbox 2249 2922 2402 2978; x_wconf 91' lang='lat' dir='ltr'><strong>votis</strong></span> <span class='ocrx_word' id='word_1_601' title='bbox 2433 2927 2489 2978; x_wconf 90' lang='lat' dir='ltr'><strong>et</strong></span> <span class='ocrx_word' id='word_1_602' title='bbox 2517 2921 2873 2978; x_wconf 82' lang='lat' dir='ltr'><strong>muneribus</strong></span> <span class='ocrx_word' id='word_1_603' title='bbox 2901 2938 3029 2977; x_wconf 90' lang='lat' dir='ltr'><strong>sese</strong></span> <span class='ocrx_word' id='word_1_604' title='bbox 3060 2937 3129 2977; x_wconf 89' lang='lat' dir='ltr'><strong>ac</strong></span> <span class='ocrx_word' id='word_1_605' title='bbox 3178 2936 3321 2975; x_wconf 87' lang='lat' dir='ltr'><strong>suos</strong></span> <span class='ocrx_word' id='word_1_606' title='bbox 3372 2920 3423 2975; x_wconf 89' lang='lat' dir='ltr'><strong>ei</strong></span> <span class='ocrx_word' id='word_1_607' title='bbox 3482 2918 3791 2991; x_wconf 86' lang='lat' dir='ltr'><strong>supplices</strong></span> 
     </span>
    </p>
   </div>
   <div class='ocr_carea' id='block_1_95' title="bbox 2116 3006 3791 3085">
    <p class='ocr_par' dir='ltr' id='par_1_95' title="bbox 2116 3006 3791 3085">
     <span class='ocr_line' id='line_1_96' title="bbox 2116 3006 3791 3085; baseline -0.005 -16"><span class='ocrx_word' id='word_1_608' title='bbox 2116 3013 2431 3069; x_wconf 87' lang='lat' dir='ltr'><strong>devovent.</strong></span> <span class='ocrx_word' id='word_1_609' title='bbox 2463 3013 2678 3085; x_wconf 87' lang='lat' dir='ltr'><strong>Sicque</strong></span> <span class='ocrx_word' id='word_1_610' title='bbox 2716 3011 2795 3067; x_wconf 91' lang='lat' dir='ltr'><strong>ab</strong></span> <span class='ocrx_word' id='word_1_611' title='bbox 2833 3010 3089 3067; x_wconf 89' lang='lat' dir='ltr'><strong>ecclesia</strong></span> <span class='ocrx_word' id='word_1_612' title='bbox 3142 3010 3339 3068; x_wconf 89' lang='lat' dir='ltr'><strong>Sancti</strong></span> <span class='ocrx_word' id='word_1_613' title='bbox 3396 3007 3647 3076; x_wconf 85' lang='lat' dir='ltr'><strong>Georgii,</strong></span> <span class='ocrx_word' id='word_1_614' title='bbox 3678 3006 3791 3062; x_wconf 88' lang='lat' dir='ltr'><strong>ubi</strong></span> 
     </span>
    </p>
   </div>
   <div class='ocr_carea' id='block_1_96' title="bbox 2116 3096 3788 3172">
    <p class='ocr_par' dir='ltr' id='par_1_96' title="bbox 2116 3096 3788 3172">
     <span class='ocr_line' id='line_1_97' title="bbox 2116 3096 3788 3172; baseline -0.004 -15"><span class='ocrx_word' id='word_1_615' title='bbox 2116 3101 2411 3157; x_wconf 82' lang='lat' dir='ltr'><strong>humandi</strong></span> <span class='ocrx_word' id='word_1_616' title='bbox 2432 3100 2672 3172; x_wconf 89' lang='lat' dir='ltr'><strong>juvenis</strong></span> <span class='ocrx_word' id='word_1_617' title='bbox 2701 3100 2891 3170; x_wconf 89' lang='lat' dir='ltr'><strong>gratia</strong></span> <span class='ocrx_word' id='word_1_618' title='bbox 2921 3103 3226 3169; x_wconf 89' lang='lat' dir='ltr'><strong>venerant,</strong></span> <span class='ocrx_word' id='word_1_619' title='bbox 3257 3097 3511 3167; x_wconf 89' lang='lat' dir='ltr'><strong>regressi</strong></span> <span class='ocrx_word' id='word_1_620' title='bbox 3538 3096 3620 3153; x_wconf 90' lang='lat' dir='ltr'><strong>ad</strong></span> <span class='ocrx_word' id='word_1_621' title='bbox 3639 3112 3788 3168; x_wconf 77' lang='lat' dir='ltr'><strong>pro-</strong></span> 
     </span>
    </p>
   </div>
   <div class='ocr_carea' id='block_1_97' title="bbox 2117 3185 3789 3264">
    <p class='ocr_par' dir='ltr' id='par_1_97' title="bbox 2117 3185 3789 3264">
     <span class='ocr_line' id='line_1_98' title="bbox 2117 3185 3789 3264; baseline -0.005 -16"><span class='ocrx_word' id='word_1_622' title='bbox 2117 3192 2269 3264; x_wconf 91' lang='lat' dir='ltr'><strong>pria,</strong></span> <span class='ocrx_word' id='word_1_623' title='bbox 2300 3195 2471 3264; x_wconf 87' lang='lat' dir='ltr'><strong>pater</strong></span> <span class='ocrx_word' id='word_1_624' title='bbox 2499 3189 2805 3262; x_wconf 89' lang='lat' dir='ltr'><strong>posthumi</strong></span> <span class='ocrx_word' id='word_1_625' title='bbox 2836 3189 2939 3244; x_wconf 87' lang='lat' dir='ltr'><strong>ﬁlii</strong></span> <span class='ocrx_word' id='word_1_626' title='bbox 2966 3205 3037 3244; x_wconf 88' lang='lat' dir='ltr'><strong>ac</strong></span> <span class='ocrx_word' id='word_1_627' title='bbox 3070 3188 3284 3261; x_wconf 89' lang='lat' dir='ltr'><strong>reliqui</strong></span> <span class='ocrx_word' id='word_1_628' title='bbox 3313 3185 3789 3243; x_wconf 86' lang='lat' dir='ltr'><strong>contubernales</strong></span> 
     </span>
    </p>
   </div>
   <div class='ocr_carea' id='block_1_98' title="bbox 2117 3276 3791 3353">
    <p class='ocr_par' dir='ltr' id='par_1_98' title="bbox 2117 3276 3791 3353">
     <span class='ocr_line' id='line_1_99' title="bbox 2117 3276 3791 3353; baseline -0.004 -16"><span class='ocrx_word' id='word_1_629' title='bbox 2117 3281 2381 3352; x_wconf 88' lang='lat' dir='ltr'><strong>diligenti</strong></span> <span class='ocrx_word' id='word_1_630' title='bbox 2408 3280 2817 3353; x_wconf 90' lang='lat' dir='ltr'><strong>persecutione</strong></span> <span class='ocrx_word' id='word_1_631' title='bbox 2856 3278 2952 3334; x_wconf 90' lang='lat' dir='ltr'><strong>die</strong></span> <span class='ocrx_word' id='word_1_632' title='bbox 2976 3278 3245 3351; x_wconf 88' lang='lat' dir='ltr'><strong>quadam</strong></span> <span class='ocrx_word' id='word_1_633' title='bbox 3275 3278 3354 3334; x_wconf 87' lang='lat' dir='ltr'><strong>ab</strong></span> <span class='ocrx_word' id='word_1_634' title='bbox 3391 3294 3462 3333; x_wconf 91' lang='lat' dir='ltr'><strong>eo</strong></span> <span class='ocrx_word' id='word_1_635' title='bbox 3493 3276 3791 3332; x_wconf 83' lang='lat' dir='ltr'><strong>sciscitari</strong></span> 
     </span>
    </p>
   </div>
   <div class='ocr_carea' id='block_1_99' title="bbox 2119 3365 3792 3443">
    <p class='ocr_par' dir='ltr' id='par_1_99' title="bbox 2119 3365 3792 3443">
     <span class='ocr_line' id='line_1_100' title="bbox 2119 3365 3792 3443; baseline -0.004 -16"><span class='ocrx_word' id='word_1_636' title='bbox 2119 3372 2493 3439; x_wconf 86' lang='lat' dir='ltr'><strong>studuerunt,</strong></span> <span class='ocrx_word' id='word_1_637' title='bbox 2512 3370 2660 3443; x_wconf 89' lang='lat' dir='ltr'><strong>quid</strong></span> <span class='ocrx_word' id='word_1_638' title='bbox 2687 3370 2799 3425; x_wconf 90' lang='lat' dir='ltr'><strong>sibi</strong></span> <span class='ocrx_word' id='word_1_639' title='bbox 2825 3369 3028 3424; x_wconf 88' lang='lat' dir='ltr'><strong>visum</strong></span> <span class='ocrx_word' id='word_1_640' title='bbox 3054 3369 3247 3424; x_wconf 84' lang='lat' dir='ltr'><strong>fuerat</strong></span> <span class='ocrx_word' id='word_1_641' title='bbox 3268 3367 3382 3423; x_wconf 88' lang='lat' dir='ltr'><strong>illis</strong></span> <span class='ocrx_word' id='word_1_642' title='bbox 3410 3382 3633 3422; x_wconf 88' lang='lat' dir='ltr'><strong>novem</strong></span> <span class='ocrx_word' id='word_1_643' title='bbox 3662 3365 3792 3421; x_wconf 85' lang='lat' dir='ltr'><strong>die-</strong></span> 
     </span>
    </p>
   </div>
   <div class='ocr_carea' id='block_1_100' title="bbox 2118 3455 3788 3534">
    <p class='ocr_par' dir='ltr' id='par_1_100' title="bbox 2118 3455 3788 3534">
     <span class='ocr_line' id='line_1_101' title="bbox 2118 3455 3788 3534; baseline -0.004 -18"><span class='ocrx_word' id='word_1_644' title='bbox 2118 3461 2232 3517; x_wconf 92' lang='lat' dir='ltr'><strong>bus</strong></span> <span class='ocrx_word' id='word_1_645' title='bbox 2252 3460 2474 3534; x_wconf 84' lang='lat' dir='ltr'><strong>quibus</strong></span> <span class='ocrx_word' id='word_1_646' title='bbox 2496 3460 2558 3515; x_wconf 92' lang='lat' dir='ltr'><strong>in</strong></span> <span class='ocrx_word' id='word_1_647' title='bbox 2587 3475 2837 3517; x_wconf 84' lang='lat' dir='ltr'><strong>excessu</strong></span> <span class='ocrx_word' id='word_1_648' title='bbox 2866 3457 3084 3514; x_wconf 77' lang='lat' dir='ltr'><strong>animae</strong></span> <span class='ocrx_word' id='word_1_649' title='bbox 3117 3457 3351 3530; x_wconf 88' lang='lat' dir='ltr'><strong>positus</strong></span> <span class='ocrx_word' id='word_1_650' title='bbox 3395 3455 3569 3529; x_wconf 88' lang='lat' dir='ltr'><strong>quasi</strong></span> <span class='ocrx_word' id='word_1_651' title='bbox 3615 3471 3788 3510; x_wconf 42' lang='lat' dir='ltr'><strong>mors</strong></span> 
     </span>
    </p>
   </div>
   <div class='ocr_carea' id='block_1_101' title="bbox 2121 3543 3791 3621">
    <p class='ocr_par' dir='ltr' id='par_1_101' title="bbox 2121 3543 3791 3621">
     <span class='ocr_line' id='line_1_102' title="bbox 2121 3543 3791 3621; baseline -0.004 -16"><span class='ocrx_word' id='word_1_652' title='bbox 2121 3550 2559 3621; x_wconf 88' lang='lat' dir='ltr'><strong>tuusjacuerat,</strong></span> <span class='ocrx_word' id='word_1_653' title='bbox 2592 3565 2661 3605; x_wconf 90' lang='lat' dir='ltr'><strong>ac</strong></span> <span class='ocrx_word' id='word_1_654' title='bbox 2682 3547 2994 3621; x_wconf 89' lang='lat' dir='ltr'><strong>quomodo</strong></span> <span class='ocrx_word' id='word_1_655' title='bbox 3024 3546 3117 3602; x_wconf 90' lang='lat' dir='ltr'><strong>vel</strong></span> <span class='ocrx_word' id='word_1_656' title='bbox 3176 3547 3351 3617; x_wconf 86' lang='lat' dir='ltr'><strong>cujus</strong></span> <span class='ocrx_word' id='word_1_657' title='bbox 3405 3543 3652 3613; x_wconf 75' lang='lat' dir='ltr'><strong>auxilio,</strong></span> <span class='ocrx_word' id='word_1_658' title='bbox 3706 3543 3791 3599; x_wconf 90' lang='lat' dir='ltr'><strong>ad</strong></span> 
     </span>
    </p>
   </div>
   <div class='ocr_carea' id='block_1_102' title="bbox 2119 3634 3791 3711">
    <p class='ocr_par' dir='ltr' id='par_1_102' title="bbox 2119 3634 3791 3711">
     <span class='ocr_line' id='line_1_103' title="bbox 2119 3634 3791 3711; baseline -0.003 -18"><span class='ocrx_word' id='word_1_659' title='bbox 2119 3638 2527 3711; x_wconf 90' lang='lat' dir='ltr'><strong>sepeliendum</strong></span> <span class='ocrx_word' id='word_1_660' title='bbox 2556 3637 2944 3711; x_wconf 87' lang='lat' dir='ltr'><strong>postmodum</strong></span> <span class='ocrx_word' id='word_1_661' title='bbox 2974 3636 3224 3705; x_wconf 90' lang='lat' dir='ltr'><strong>delatus,</strong></span> <span class='ocrx_word' id='word_1_662' title='bbox 3255 3635 3333 3691; x_wconf 91' lang='lat' dir='ltr'><strong>ad</strong></span> <span class='ocrx_word' id='word_1_663' title='bbox 3358 3634 3567 3690; x_wconf 81' lang='lat' dir='ltr'><strong>vitales</strong></span> <span class='ocrx_word' id='word_1_664' title='bbox 3597 3648 3791 3690; x_wconf 77' lang='lat' dir='ltr'><strong>auras</strong></span> 
     </span>
    </p>
   </div>
   <div class='ocr_carea' id='block_1_103' title="bbox 2118 3726 3787 3799">
    <p class='ocr_par' dir='ltr' id='par_1_103' title="bbox 2118 3726 3787 3799">
     <span class='ocr_line' id='line_1_104' title="bbox 2118 3726 3787 3799; baseline -0.004 -15"><span class='ocrx_word' id='word_1_665' title='bbox 2118 3728 2394 3785; x_wconf 90' lang='lat' dir='ltr'><strong>redierat.</strong></span> <span class='ocrx_word' id='word_1_666' title='bbox 2429 3728 2501 3783; x_wconf 88' lang='lat' dir='ltr'><strong>At</strong></span> <span class='ocrx_word' id='word_1_667' title='bbox 2523 3727 2620 3783; x_wconf 91' lang='lat' dir='ltr'><strong>ille</strong></span> <span class='ocrx_word' id='word_1_668' title='bbox 2643 3728 2842 3783; x_wconf 90' lang='lat' dir='ltr'><strong>adhuc</strong></span> <span class='ocrx_word' id='word_1_669' title='bbox 2881 3726 3238 3799; x_wconf 89' lang='lat' dir='ltr'><strong>trepidantia</strong></span> <span class='ocrx_word' id='word_1_670' title='bbox 3269 3728 3513 3798; x_wconf 87' lang='lat' dir='ltr'><strong>pectora</strong></span> <span class='ocrx_word' id='word_1_671' title='bbox 3543 3738 3787 3793; x_wconf 88' lang='lat' dir='ltr'><strong>gerens,</strong></span> 
     </span>
    </p>
   </div>
   <div class='ocr_carea' id='block_1_104' title="bbox 2118 3814 3789 3890">
    <p class='ocr_par' dir='ltr' id='par_1_104' title="bbox 2118 3814 3789 3890">
     <span class='ocr_line' id='line_1_105' title="bbox 2118 3814 3789 3890; baseline -0.004 -17"><span class='ocrx_word' id='word_1_672' title='bbox 2118 3817 2197 3873; x_wconf 89' lang='lat' dir='ltr'><strong>ab</strong></span> <span class='ocrx_word' id='word_1_673' title='bbox 2220 3817 2344 3873; x_wconf 91' lang='lat' dir='ltr'><strong>imo</strong></span> <span class='ocrx_word' id='word_1_674' title='bbox 2378 3816 2588 3890; x_wconf 89' lang='lat' dir='ltr'><strong>spiritu</strong></span> <span class='ocrx_word' id='word_1_675' title='bbox 2617 3816 2802 3886; x_wconf 88' lang='lat' dir='ltr'><strong>longa</strong></span> <span class='ocrx_word' id='word_1_676' title='bbox 2855 3815 3113 3888; x_wconf 89' lang='lat' dir='ltr'><strong>suspiria</strong></span> <span class='ocrx_word' id='word_1_677' title='bbox 3137 3814 3386 3885; x_wconf 91' lang='lat' dir='ltr'><strong>ducens,</strong></span> <span class='ocrx_word' id='word_1_678' title='bbox 3418 3814 3502 3869; x_wconf 90' lang='lat' dir='ltr'><strong>sic</strong></span> <span class='ocrx_word' id='word_1_679' title='bbox 3532 3828 3789 3885; x_wconf 89' lang='lat' dir='ltr'><strong>percon-</strong></span> 
     </span>
    </p>
   </div>
   <div class='ocr_carea' id='block_1_105' title="bbox 2119 3904 3793 3977">
    <p class='ocr_par' dir='ltr' id='par_1_105' title="bbox 2119 3904 3793 3977">
     <span class='ocr_line' id='line_1_106' title="bbox 2119 3904 3793 3977; baseline -0.004 -14"><span class='ocrx_word' id='word_1_680' title='bbox 2119 3907 2380 3964; x_wconf 84' lang='lat' dir='ltr'><strong>tantibus</strong></span> <span class='ocrx_word' id='word_1_681' title='bbox 2438 3911 2705 3962; x_wconf 88' lang='lat' dir='ltr'><strong>actutum</strong></span> <span class='ocrx_word' id='word_1_682' title='bbox 2758 3905 3125 3977; x_wconf 88' lang='lat' dir='ltr'><strong>respondere</strong></span> <span class='ocrx_word' id='word_1_683' title='bbox 3173 3919 3420 3960; x_wconf 83' lang='lat' dir='ltr'><strong>exorsus</strong></span> <span class='ocrx_word' id='word_1_684' title='bbox 3471 3907 3561 3957; x_wconf 90' lang='lat' dir='ltr'><strong>est</strong></span> <span class='ocrx_word' id='word_1_685' title='bbox 3601 3919 3616 3957; x_wconf 70' lang='grc' dir='ltr'>ε</span> <span class='ocrx_word' id='word_1_686' title='bbox 3651 3924 3679 3949; x_wconf 84' lang='lat'><strong>«</strong></span> <span class='ocrx_word' id='word_1_687' title='bbox 3719 3904 3793 3957; x_wconf 91' lang='lat' dir='ltr'><strong>Ut</strong></span> 
     </span>
    </p>
   </div>
   <div class='ocr_carea' id='block_1_106' title="bbox 2120 3995 3788 4070">
    <p class='ocr_par' dir='ltr' id='par_1_106' title="bbox 2120 3995 3788 4070">
     <span class='ocr_line' id='line_1_107' title="bbox 2120 3995 3788 4070; baseline -0.004 -17"><span class='ocrx_word' id='word_1_688' title='bbox 2120 4002 2331 4053; x_wconf 60' lang='lat' dir='ltr'><strong>cratera</strong></span> <span class='ocrx_word' id='word_1_689' title='bbox 2359 4013 2521 4053; x_wconf 89' lang='lat' dir='ltr'><strong>nunc</strong></span> <span class='ocrx_word' id='word_1_690' title='bbox 2549 3997 2628 4053; x_wconf 90' lang='lat' dir='ltr'><strong>ad</strong></span> <span class='ocrx_word' id='word_1_691' title='bbox 2650 4012 2913 4070; x_wconf 69' lang='lat' dir='ltr'><strong>praesens</strong></span> <span class='ocrx_word' id='word_1_692' title='bbox 2944 3995 3174 4051; x_wconf 87' lang='lat' dir='ltr'><strong>silentio</strong></span> <span class='ocrx_word' id='word_1_693' title='bbox 3202 3996 3788 4067; x_wconf 59' lang='lat' dir='ltr'><strong>praetereanturquai:</strong></span> 
     </span>
    </p>
   </div>
   <div class='ocr_carea' id='block_1_107' title="bbox 2118 4078 3793 4155">
    <p class='ocr_par' dir='ltr' id='par_1_107' title="bbox 2118 4078 3793 4155">
     <span class='ocr_line' id='line_1_108' title="bbox 2118 4078 3793 4155; baseline -0.002 -12"><span class='ocrx_word' id='word_1_694' title='bbox 2118 4087 2265 4144; x_wconf 90' lang='lat' dir='ltr'><strong>mihi</strong></span> <span class='ocrx_word' id='word_1_695' title='bbox 2296 4088 2414 4143; x_wconf 86' lang='lat' dir='ltr'><strong>ﬁne</strong></span> <span class='ocrx_word' id='word_1_696' title='bbox 2460 4087 2574 4143; x_wconf 89' lang='lat' dir='ltr'><strong>sub</strong></span> <span class='ocrx_word' id='word_1_697' title='bbox 2631 4078 2896 4142; x_wconf 69' lang='lat' dir='ltr'><strong>eittremo</strong></span> <span class='ocrx_word' id='word_1_698' title='bbox 2936 4085 3308 4155; x_wconf 87' lang='lat' dir='ltr'><strong>contigerint,</strong></span> <span class='ocrx_word' id='word_1_699' title='bbox 3363 4083 3699 4140; x_wconf 89' lang='lat' dir='ltr'><strong>certissimo</strong></span> <span class='ocrx_word' id='word_1_700' title='bbox 3732 4088 3793 4139; x_wconf 85' lang='lat' dir='ltr'><strong>et</strong></span> 
     </span>
    </p>
   </div>
   <div class='ocr_carea' id='block_1_108' title="bbox 2119 4172 3788 4247">
    <p class='ocr_par' dir='ltr' id='par_1_108' title="bbox 2119 4172 3788 4247">
     <span class='ocr_line' id='line_1_109' title="bbox 2119 4172 3788 4247; baseline -0.002 -16"><span class='ocrx_word' id='word_1_701' title='bbox 2119 4178 2244 4233; x_wconf 87' lang='lat' dir='ltr'><strong>sine</strong></span> <span class='ocrx_word' id='word_1_702' title='bbox 2277 4177 2453 4232; x_wconf 90' lang='lat' dir='ltr'><strong>ullius</strong></span> <span class='ocrx_word' id='word_1_703' title='bbox 2477 4176 2746 4233; x_wconf 87' lang='lat' dir='ltr'><strong>falsitatis</strong></span> <span class='ocrx_word' id='word_1_704' title='bbox 2777 4175 3066 4245; x_wconf 87' lang='lat' dir='ltr'><strong>ambiguo</strong></span> <span class='ocrx_word' id='word_1_705' title='bbox 3119 4174 3286 4230; x_wconf 87' lang='lat' dir='ltr'><strong>brevi</strong></span> <span class='ocrx_word' id='word_1_706' title='bbox 3334 4172 3614 4247; x_wconf 84' lang='lat' dir='ltr'><strong>expedire</strong></span> <span class='ocrx_word' id='word_1_707' title='bbox 3656 4188 3788 4228; x_wconf 90' lang='lat' dir='ltr'><strong>non</strong></span> 
     </span>
    </p>
   </div>
   <div class='ocr_carea' id='block_1_109' title="bbox 2118 4262 3784 4339">
    <p class='ocr_par' dir='ltr' id='par_1_109' title="bbox 2118 4262 3784 4339">
     <span class='ocr_line' id='line_1_110' title="bbox 2118 4262 3784 4339; baseline -0.004 -16"><span class='ocrx_word' id='word_1_708' title='bbox 2118 4267 2412 4324; x_wconf 81' lang='lat' dir='ltr'><strong>differam.</strong></span> <span class='ocrx_word' id='word_1_709' title='bbox 2447 4265 2758 4339; x_wconf 89' lang='lat' dir='ltr'><strong>Corporeis</strong></span> <span class='ocrx_word' id='word_1_710' title='bbox 2790 4264 3038 4321; x_wconf 88' lang='lat' dir='ltr'><strong>vinculis</strong></span> <span class='ocrx_word' id='word_1_711' title='bbox 3061 4264 3303 4337; x_wconf 90' lang='lat' dir='ltr'><strong>spiritus</strong></span> <span class='ocrx_word' id='word_1_712' title='bbox 3327 4280 3500 4319; x_wconf 92' lang='lat' dir='ltr'><strong>meus</strong></span> <span class='ocrx_word' id='word_1_713' title='bbox 3546 4262 3784 4318; x_wconf 83' lang='lat' dir='ltr'><strong>resolu-</strong></span> 
     </span>
    </p>
   </div>
   <div class='ocr_carea' id='block_1_110' title="bbox 2121 4352 3784 4428">
    <p class='ocr_par' dir='ltr' id='par_1_110' title="bbox 2121 4352 3784 4428">
     <span class='ocr_line' id='line_1_111' title="bbox 2121 4352 3784 4428; baseline -0.004 -16"><span class='ocrx_word' id='word_1_714' title='bbox 2121 4363 2236 4424; x_wconf 92' lang='lat' dir='ltr'><strong>tus,</strong></span> <span class='ocrx_word' id='word_1_715' title='bbox 2271 4356 2580 4412; x_wconf 83' lang='lat' dir='ltr'><strong>teterrimis</strong></span> <span class='ocrx_word' id='word_1_716' title='bbox 2607 4354 2983 4428; x_wconf 87' lang='lat' dir='ltr'><strong>quibusdam</strong></span> <span class='ocrx_word' id='word_1_717' title='bbox 3009 4353 3297 4409; x_wconf 80' lang='lat' dir='ltr'><strong>ministris</strong></span> <span class='ocrx_word' id='word_1_718' title='bbox 3330 4352 3601 4421; x_wconf 88' lang='lat' dir='ltr'><strong>traditur,</strong></span> <span class='ocrx_word' id='word_1_719' title='bbox 3629 4368 3784 4423; x_wconf 87' lang='lat' dir='ltr'><strong>quo-</strong></span> 
     </span>
    </p>
   </div>
   <div class='ocr_carea' id='block_1_111' title="bbox 2118 4440 3788 4515">
    <p class='ocr_par' dir='ltr' id='par_1_111' title="bbox 2118 4440 3788 4515">
     <span class='ocr_line' id='line_1_112' title="bbox 2118 4440 3788 4515; baseline -0.004 -13"><span class='ocrx_word' id='word_1_720' title='bbox 2118 4463 2253 4503; x_wconf 88' lang='lat' dir='ltr'><strong>rum</strong></span> <span class='ocrx_word' id='word_1_721' title='bbox 2282 4446 2691 4501; x_wconf 88' lang='lat' dir='ltr'><strong>crudelissimo</strong></span> <span class='ocrx_word' id='word_1_722' title='bbox 2712 4444 2933 4501; x_wconf 89' lang='lat' dir='ltr'><strong>ducatu</strong></span> <span class='ocrx_word' id='word_1_723' title='bbox 2954 4445 3032 4501; x_wconf 91' lang='lat' dir='ltr'><strong>ad</strong></span> <span class='ocrx_word' id='word_1_724' title='bbox 3057 4444 3291 4499; x_wconf 91' lang='lat' dir='ltr'><strong>hiatum</strong></span> <span class='ocrx_word' id='word_1_725' title='bbox 3328 4458 3518 4515; x_wconf 87' lang='lat' dir='ltr'><strong>usque</strong></span> <span class='ocrx_word' id='word_1_726' title='bbox 3576 4440 3788 4497; x_wconf 62' lang='lat' dir='ltr'><strong>vastis.</strong></span> 
     </span>
    </p>
   </div>
   <div class='ocr_carea' id='block_1_112' title="bbox 2119 4531 3783 4609">
    <p class='ocr_par' dir='ltr' id='par_1_112' title="bbox 2119 4531 3783 4609">
     <span class='ocr_line' id='line_1_113' title="bbox 2119 4531 3783 4609; baseline -0.004 -17"><span class='ocrx_word' id='word_1_727' title='bbox 2119 4536 2252 4592; x_wconf 89' lang='lat' dir='ltr'><strong>simi</strong></span> <span class='ocrx_word' id='word_1_728' title='bbox 2274 4535 2581 4609; x_wconf 68' lang='lat' dir='ltr'><strong>prrecipitii</strong></span> <span class='ocrx_word' id='word_1_729' title='bbox 2610 4534 2993 4609; x_wconf 86' lang='lat' dir='ltr'><strong>protrahitur.</strong></span> <span class='ocrx_word' id='word_1_730' title='bbox 3042 4538 3103 4589; x_wconf 89' lang='lat' dir='ltr'><strong>In</strong></span> <span class='ocrx_word' id='word_1_731' title='bbox 3129 4533 3302 4604; x_wconf 83' lang='lat' dir='ltr'><strong>cujus</strong></span> <span class='ocrx_word' id='word_1_732' title='bbox 3329 4531 3640 4588; x_wconf 89' lang='lat' dir='ltr'><strong>horridam</strong></span> <span class='ocrx_word' id='word_1_733' title='bbox 3668 4547 3783 4587; x_wconf 84' lang='lat' dir='ltr'><strong>vo-</strong></span> 
     </span>
    </p>
   </div>
   <div class='ocr_carea' id='block_1_113' title="bbox 2115 4618 3788 4696">
    <p class='ocr_par' dir='ltr' id='par_1_113' title="bbox 2115 4618 3788 4696">
     <span class='ocr_line' id='line_1_114' title="bbox 2115 4618 3788 4696; baseline -0.005 -14"><span class='ocrx_word' id='word_1_734' title='bbox 2115 4626 2389 4696; x_wconf 87' lang='lat' dir='ltr'><strong>ragincm</strong></span> <span class='ocrx_word' id='word_1_735' title='bbox 2419 4625 2565 4680; x_wconf 90' lang='lat' dir='ltr'><strong>dum</strong></span> <span class='ocrx_word' id='word_1_736' title='bbox 2589 4623 2803 4695; x_wconf 87' lang='lat' dir='ltr'><strong>jactari</strong></span> <span class='ocrx_word' id='word_1_737' title='bbox 2839 4621 3225 4679; x_wconf 88' lang='lat' dir='ltr'><strong>inenarrabili</strong></span> <span class='ocrx_word' id='word_1_738' title='bbox 3276 4626 3440 4677; x_wconf 90' lang='lat' dir='ltr'><strong>metu</strong></span> <span class='ocrx_word' id='word_1_739' title='bbox 3488 4618 3788 4676; x_wconf 84' lang='lat' dir='ltr'><strong>formida-</strong></span> 
     </span>
    </p>
   </div>
   <div class='ocr_carea' id='block_1_114' title="bbox 2115 4708 3790 4786">
    <p class='ocr_par' dir='ltr' id='par_1_114' title="bbox 2115 4708 3790 4786">
     <span class='ocr_line' id='line_1_115' title="bbox 2115 4708 3790 4786; baseline -0.003 -15"><span class='ocrx_word' id='word_1_740' title='bbox 2115 4732 2245 4771; x_wconf 90' lang='lat' dir='ltr'><strong>rem</strong></span> <span class='ocrx_word' id='word_1_741' title='bbox 2273 4714 2544 4786; x_wconf 90' lang='lat' dir='ltr'><strong>(eloquar</strong></span> <span class='ocrx_word' id='word_1_742' title='bbox 2570 4730 2648 4770; x_wconf 92' lang='lat' dir='ltr'><strong>an</strong></span> <span class='ocrx_word' id='word_1_743' title='bbox 2679 4713 2887 4769; x_wconf 90' lang='lat' dir='ltr'><strong>sileam</strong></span> <span class='ocrx_word' id='word_1_744' title='bbox 2914 4714 2985 4785; x_wconf 87' lang='lat'><strong>?),</strong></span> <span class='ocrx_word' id='word_1_745' title='bbox 3019 4728 3154 4768; x_wconf 91' lang='lat' dir='ltr'><strong>ecce</strong></span> <span class='ocrx_word' id='word_1_746' title='bbox 3192 4712 3279 4767; x_wconf 87' lang='lat' dir='ltr'><strong>vir</strong></span> <span class='ocrx_word' id='word_1_747' title='bbox 3309 4708 3790 4784; x_wconf 85' lang='lat' dir='ltr'><strong>splendidissimi</strong></span> 
     </span>
    </p>
   </div>
   <div class='ocr_carea' id='block_1_115' title="bbox 2117 4798 3790 4875">
    <p class='ocr_par' dir='ltr' id='par_1_115' title="bbox 2117 4798 3790 4875">
     <span class='ocr_line' id='line_1_116' title="bbox 2117 4798 3790 4875; baseline -0.004 -14"><span class='ocrx_word' id='word_1_748' title='bbox 2117 4804 2348 4861; x_wconf 90' lang='lat' dir='ltr'><strong>decoris</strong></span> <span class='ocrx_word' id='word_1_749' title='bbox 2377 4804 2638 4873; x_wconf 88' lang='lat' dir='ltr'><strong>advenit,</strong></span> <span class='ocrx_word' id='word_1_750' title='bbox 2672 4819 2856 4875; x_wconf 90' lang='lat' dir='ltr'><strong>quem</strong></span> <span class='ocrx_word' id='word_1_751' title='bbox 2903 4803 2919 4872; x_wconf 86' lang='lat'>(</span> <span class='ocrx_word' id='word_1_752' title='bbox 2931 4805 2992 4858; x_wconf 92' lang='lat' dir='ltr'><strong>ut</strong></span> <span class='ocrx_word' id='word_1_753' title='bbox 3029 4805 3239 4875; x_wconf 90' lang='lat' dir='ltr'><strong>postea</strong></span> <span class='ocrx_word' id='word_1_754' title='bbox 3262 4800 3463 4872; x_wconf 86' lang='lat' dir='ltr'><strong>didici)</strong></span> <span class='ocrx_word' id='word_1_755' title='bbox 3510 4798 3790 4873; x_wconf 78' lang='lat' dir='ltr'><strong>paradisi</strong></span> 
     </span>
    </p>
   </div>
   <div class='ocr_carea' id='block_1_116' title="bbox 2116 4887 3793 4966">
    <p class='ocr_par' dir='ltr' id='par_1_116' title="bbox 2116 4887 3793 4966">
     <span class='ocr_line' id='line_1_117' title="bbox 2116 4887 3793 4966; baseline -0.004 -17"><span class='ocrx_word' id='word_1_756' title='bbox 2116 4892 2508 4966; x_wconf 72' lang='lat' dir='ltr'><strong>praepositum</strong></span> <span class='ocrx_word' id='word_1_757' title='bbox 2538 4892 2722 4948; x_wconf 86' lang='lat' dir='ltr'><strong>fuisse</strong></span> <span class='ocrx_word' id='word_1_758' title='bbox 2748 4890 3091 4947; x_wconf 85' lang='lat' dir='ltr'><strong>Michaelem</strong></span> <span class='ocrx_word' id='word_1_759' title='bbox 3142 4889 3575 4960; x_wconf 85' lang='lat' dir='ltr'><strong>archangelum</strong></span> <span class='ocrx_word' id='word_1_760' title='bbox 3606 4887 3793 4960; x_wconf 76' lang='lat' dir='ltr'><strong>liqui-</strong></span> 
     </span>
    </p>
   </div>
   <div class='ocr_carea' id='block_1_117' title="bbox 2118 4976 3789 5055">
    <p class='ocr_par' dir='ltr' id='par_1_117' title="bbox 2118 4976 3789 5055">
     <span class='ocr_line' id='line_1_118' title="bbox 2118 4976 3789 5055; baseline -0.003 -17"><span class='ocrx_word' id='word_1_761' title='bbox 2118 4982 2198 5039; x_wconf 91' lang='lat' dir='ltr'><strong>do</strong></span> <span class='ocrx_word' id='word_1_762' title='bbox 2236 4982 2446 5055; x_wconf 90' lang='lat' dir='ltr'><strong>patuit.</strong></span> <span class='ocrx_word' id='word_1_763' title='bbox 2497 4982 2678 5052; x_wconf 89' lang='lat' dir='ltr'><strong>Cujus</strong></span> <span class='ocrx_word' id='word_1_764' title='bbox 2734 4979 2956 5053; x_wconf 87' lang='lat' dir='ltr'><strong>placidi</strong></span> <span class='ocrx_word' id='word_1_765' title='bbox 3011 4978 3234 5036; x_wconf 90' lang='lat' dir='ltr'><strong>itineris</strong></span> <span class='ocrx_word' id='word_1_766' title='bbox 3291 4976 3789 5050; x_wconf 87' lang='lat' dir='ltr'><strong>gloriosisissima</strong></span> 
     </span>
    </p>
   </div>
   <div class='ocr_carea' id='block_1_118' title="bbox 2116 5066 3791 5142">
    <p class='ocr_par' dir='ltr' id='par_1_118' title="bbox 2116 5066 3791 5142">
     <span class='ocr_line' id='line_1_119' title="bbox 2116 5066 3791 5142; baseline -0.004 -15"><span class='ocrx_word' id='word_1_767' title='bbox 2116 5072 2287 5142; x_wconf 88' lang='lat' dir='ltr'><strong>virgo</strong></span> <span class='ocrx_word' id='word_1_768' title='bbox 2318 5072 2486 5127; x_wconf 88' lang='lat' dir='ltr'><strong>Fides</strong></span> <span class='ocrx_word' id='word_1_769' title='bbox 2518 5087 2719 5127; x_wconf 89' lang='lat' dir='ltr'><strong>comes</strong></span> <span class='ocrx_word' id='word_1_770' title='bbox 2748 5069 2927 5126; x_wconf 90' lang='lat' dir='ltr'><strong>astitit</strong></span> <span class='ocrx_word' id='word_1_771' title='bbox 2958 5088 2971 5137; x_wconf 93' lang='lat'>;</span> <span class='ocrx_word' id='word_1_772' title='bbox 3011 5085 3147 5142; x_wconf 72' lang='lat' dir='ltr'><strong>quae</strong></span> <span class='ocrx_word' id='word_1_773' title='bbox 3179 5084 3360 5141; x_wconf 88' lang='lat' dir='ltr'><strong>super</strong></span> <span class='ocrx_word' id='word_1_774' title='bbox 3399 5066 3542 5123; x_wconf 89' lang='lat' dir='ltr'><strong>solis</strong></span> <span class='ocrx_word' id='word_1_775' title='bbox 3595 5066 3791 5137; x_wconf 86' lang='lat' dir='ltr'><strong>jubar</strong></span> 
     </span>
    </p>
   </div>
   <div class='ocr_carea' id='block_1_119' title="bbox 2117 5154 3791 5233">
    <p class='ocr_par' dir='ltr' id='par_1_119' title="bbox 2117 5154 3791 5233">
     <span class='ocr_line' id='line_1_120' title="bbox 2117 5154 3791 5233; baseline -0.004 -17"><span class='ocrx_word' id='word_1_776' title='bbox 2117 5160 2415 5216; x_wconf 89' lang='lat' dir='ltr'><strong>emicabat</strong></span> <span class='ocrx_word' id='word_1_777' title='bbox 2444 5159 2759 5233; x_wconf 90' lang='lat' dir='ltr'><strong>splendore</strong></span> <span class='ocrx_word' id='word_1_778' title='bbox 2809 5157 3089 5214; x_wconf 88' lang='lat' dir='ltr'><strong>mirabili.</strong></span> <span class='ocrx_word' id='word_1_779' title='bbox 3135 5157 3241 5213; x_wconf 87' lang='lat' dir='ltr'><strong>Hic</strong></span> <span class='ocrx_word' id='word_1_780' title='bbox 3286 5172 3429 5212; x_wconf 88' lang='lat' dir='ltr'><strong>vero</strong></span> <span class='ocrx_word' id='word_1_781' title='bbox 3484 5154 3791 5211; x_wconf 63' lang='lat' dir='ltr'><strong>caelorum</strong></span> 
     </span>
    </p>
   </div>
   <div class='ocr_carea' id='block_1_120' title="bbox 2115 5244 3792 5323">
    <p class='ocr_par' dir='ltr' id='par_1_120' title="bbox 2115 5244 3792 5323">
     <span class='ocr_line' id='line_1_121' title="bbox 2115 5244 3792 5323; baseline -0.004 -17"><span class='ocrx_word' id='word_1_782' title='bbox 2115 5250 2492 5323; x_wconf 72' lang='lat' dir='ltr'><strong>praepositus,</strong></span> <span class='ocrx_word' id='word_1_783' title='bbox 2523 5254 2587 5305; x_wconf 90' lang='lat' dir='ltr'><strong>ut</strong></span> <span class='ocrx_word' id='word_1_784' title='bbox 2613 5264 2780 5305; x_wconf 91' lang='lat' dir='ltr'><strong>more</strong></span> <span class='ocrx_word' id='word_1_785' title='bbox 2809 5246 3158 5304; x_wconf 87' lang='lat' dir='ltr'><strong>carniﬁcum</strong></span> <span class='ocrx_word' id='word_1_786' title='bbox 3173 5262 3278 5303; x_wconf 91' lang='lat' dir='ltr'><strong>eos</strong></span> <span class='ocrx_word' id='word_1_787' title='bbox 3307 5246 3528 5319; x_wconf 90' lang='lat' dir='ltr'><strong>quibus</strong></span> <span class='ocrx_word' id='word_1_788' title='bbox 3558 5244 3641 5301; x_wconf 89' lang='lat' dir='ltr'><strong>ad</strong></span> <span class='ocrx_word' id='word_1_789' title='bbox 3664 5248 3792 5302; x_wconf 79' lang='lat' dir='ltr'><strong>tor-</strong></span> 
     </span>
    </p>
   </div>
   <div class='ocr_carea' id='block_1_121' title="bbox 2115 5333 3790 5411">
    <p class='ocr_par' dir='ltr' id='par_1_121' title="bbox 2115 5333 3790 5411">
     <span class='ocr_line' id='line_1_122' title="bbox 2115 5333 3790 5411; baseline -0.001 -18"><span class='ocrx_word' id='word_1_790' title='bbox 2115 5338 2428 5411; x_wconf 87' lang='lat' dir='ltr'><strong>quendum</strong></span> <span class='ocrx_word' id='word_1_791' title='bbox 2465 5338 2785 5410; x_wconf 90' lang='lat' dir='ltr'><strong>deputatus</strong></span> <span class='ocrx_word' id='word_1_792' title='bbox 2845 5352 3010 5393; x_wconf 90' lang='lat' dir='ltr'><strong>eram</strong></span> <span class='ocrx_word' id='word_1_793' title='bbox 3049 5336 3361 5408; x_wconf 82' lang='lat' dir='ltr'><strong>conspexit</strong></span> <span class='ocrx_word' id='word_1_794' title='bbox 3416 5336 3480 5391; x_wconf 89' lang='lat' dir='ltr'><strong>in</strong></span> <span class='ocrx_word' id='word_1_795' title='bbox 3526 5333 3790 5391; x_wconf 85' lang='lat' dir='ltr'><strong>verbera</strong></span> 
     </span>
    </p>
   </div>
   <div class='ocr_carea' id='block_1_122' title="bbox 2115 5425 3792 5497">
    <p class='ocr_par' dir='ltr' id='par_1_122' title="bbox 2115 5425 3792 5497">
     <span class='ocr_line' id='line_1_123' title="bbox 2115 5425 3792 5497; baseline -0.002 -15"><span class='ocrx_word' id='word_1_796' title='bbox 2115 5443 2253 5482; x_wconf 91' lang='lat' dir='ltr'><strong>mea</strong></span> <span class='ocrx_word' id='word_1_797' title='bbox 2276 5426 2786 5482; x_wconf 89' lang='lat' dir='ltr'><strong>irremediabiliter</strong></span> <span class='ocrx_word' id='word_1_798' title='bbox 2814 5425 3007 5481; x_wconf 89' lang='lat' dir='ltr'><strong>furere</strong></span> <span class='ocrx_word' id='word_1_799' title='bbox 3041 5444 3055 5493; x_wconf 91' lang='lat'>;</span> <span class='ocrx_word' id='word_1_800' title='bbox 3090 5448 3117 5474; x_wconf 85' lang='lat'><strong>«</strong></span> <span class='ocrx_word' id='word_1_801' title='bbox 3146 5425 3320 5493; x_wconf 85' lang='lat' dir='ltr'><strong>Quid,</strong></span> <span class='ocrx_word' id='word_1_802' title='bbox 3344 5425 3621 5497; x_wconf 89' lang='lat' dir='ltr'><strong>inquam,</strong></span> <span class='ocrx_word' id='word_1_803' title='bbox 3652 5438 3792 5479; x_wconf 85' lang='lat' dir='ltr'><strong>ma-</strong></span> 
     </span>
    </p>
   </div>
   <div class='ocr_carea' id='block_1_123' title="bbox 2116 5515 3789 5587">
    <p class='ocr_par' dir='ltr' id='par_1_123' title="bbox 2116 5515 3789 5587">
     <span class='ocr_line' id='line_1_124' title="bbox 2116 5515 3789 5587; baseline -0.001 -15"><span class='ocrx_word' id='word_1_804' title='bbox 2116 5535 2149 5571; x_wconf 82' lang='grc'><strong>‹</strong></span> <span class='ocrx_word' id='word_1_805' title='bbox 2184 5516 2383 5572; x_wconf 91' lang='lat' dir='ltr'><strong>lorum</strong></span> <span class='ocrx_word' id='word_1_806' title='bbox 2412 5516 2686 5587; x_wconf 87' lang='lat' dir='ltr'><strong>artiﬁces,</strong></span> <span class='ocrx_word' id='word_1_807' title='bbox 2723 5517 2784 5571; x_wconf 93' lang='lat' dir='ltr'><strong>in</strong></span> <span class='ocrx_word' id='word_1_808' title='bbox 2813 5516 2996 5586; x_wconf 91' lang='lat' dir='ltr'><strong>hujus</strong></span> <span class='ocrx_word' id='word_1_809' title='bbox 3026 5515 3233 5571; x_wconf 90' lang='lat' dir='ltr'><strong>tironis</strong></span> <span class='ocrx_word' id='word_1_810' title='bbox 3284 5518 3581 5571; x_wconf 91' lang='lat' dir='ltr'><strong>tormenta</strong></span> <span class='ocrx_word' id='word_1_811' title='bbox 3613 5517 3789 5570; x_wconf 83' lang='lat' dir='ltr'><strong>tanta</strong></span> 
     </span>
    </p>
   </div>
   <div class='ocr_carea' id='block_1_124' title="bbox 2117 5605 3789 5672">
    <p class='ocr_par' dir='ltr' id='par_1_124' title="bbox 2117 5605 3789 5672">
     <span class='ocr_line' id='line_1_125' title="bbox 2117 5605 3789 5672; baseline 0.002 -15"><span class='ocrx_word' id='word_1_812' title='bbox 2117 5628 2146 5657; x_wconf 83' lang='grc'><em>‹‹</em></span> <span class='ocrx_word' id='word_1_813' title='bbox 2187 5606 2484 5663; x_wconf 62' lang='lat' dir='ltr'><strong>desaevitis</strong></span> <span class='ocrx_word' id='word_1_814' title='bbox 2514 5607 2861 5666; x_wconf 87' lang='lat' dir='ltr'><strong>crudelitate</strong></span> <span class='ocrx_word' id='word_1_815' title='bbox 2888 5607 2917 5662; x_wconf 77' lang='lat' dir='ltr'><strong>‘I</strong></span> <span class='ocrx_word' id='word_1_816' title='bbox 2962 5605 3118 5672; x_wconf 89' lang='lat' dir='ltr'><strong>Quid</strong></span> <span class='ocrx_word' id='word_1_817' title='bbox 3144 5605 3414 5663; x_wconf 88' lang='lat' dir='ltr'><strong>animam</strong></span> <span class='ocrx_word' id='word_1_818' title='bbox 3451 5621 3490 5661; x_wconf 90' lang='lat' dir='ltr'><strong>a</strong></span> <span class='ocrx_word' id='word_1_819' title='bbox 3534 5620 3789 5661; x_wconf 88' lang='lat' dir='ltr'><strong>summo</strong></span> 
     </span>
    </p>
   </div>
  </div>
