4054 6188
243 157 350 208 15⁸7

1357 151 1487 206 LIB.
1531 149 1620 205 DE
1658 143 2031 203 MIRACULIS
2077 144 2363 201 SANCTJE
2399 144 2602 202 FlDlS.

3564 152 3667 206 158

233 301 263 325 κ
307 278 427 333 Deo
454 281 719 333 creatam
767 274 1069 348 perditum
1096 274 1195 331 itis
1233 274 1467 347 absque
1508 273 1631 329 ulla
1658 270 1900 327 misera—
1929 270 1978 325 Α
2013 266 2096 325 ad
2121 267 2412 325 exteriora
2431 273 2773 341 penetrans,
2794 269 2998 327 ferreis
3020 269 3322 343 repagulis
3350 270 3432 328 ita
3459 286 3498 327 a
3523 270 3666 329 foris

236 390 267 415 «
314 368 471 424 tione
494 367 522 422 ‘2
571 365 748 423 Sinite
772 365 904 436 jam
928 380 1089 421 nunc
1120 364 1199 421 ab
1231 365 1361 436 ejus
1405 363 1572 435 gravi
1598 359 1909 418 laceratio-

232 478 261 504 «
302 471 403 523 ne,
460 454 625 529 quia,
678 457 799 521 Deo
854 452 1253 526 permittente,
1299 470 1407 527 per
1458 451 1899 510 sanctissimam

229 567 257 592 «
302 543 601 613 virginem
623 543 781 599 hanc
805 540 1011 598 Fidem
1038 541 1284 615 proprio
1314 540 1662 598 refundetur
1687 539 1749 596 in
1776 555 1901 595 cor-

226 658 253 681 σε
300 649 471 707 pore,
505 650 543 690 a
572 637 767 688 vestra
811 636 1015 706 erepta
1062 636 1427 706 potestate.»
1475 632 1565 689 Ad
1605 632 1764 688 hanc
1790 646 1897 688 vo-

220 739 354 780 cem
382 722 626 780 tartarei
650 721 902 778 ministri
935 721 1291 779 intolerabili
1313 721 1630 779 formidine
1662 736 1897 795 correp-

224 812 282 879 ti,
315 827 545 867 manus
577 826 817 883 semper
840 809 903 866 in
936 810 1163 866 malum
1194 826 1421 884 pronas
1448 810 1893 879 continuerunt,

220 898 689 971 caelestibusque
716 898 940 955 nuntiis
989 899 1231 956 insolito
1276 899 1485 955 timore
1513 897 1893 955 tremebundi

217 992 576 1060 paruerunt.
612 991 725 1044 Nec
750 1002 945 1058 mora,
975 987 1317 1044 felicissima
1346 987 1515 1058 virgo
1546 986 1716 1043 Fides
1748 1002 1891 1042 con-

217 1078 333 1133 cito
383 1078 623 1151 impetu
666 1077 897 1134 medios
949 1082 1240 1134 tortorum
1280 1093 1504 1134 cuneos
1547 1075 1734 1147 irruit,
1769 1075 1894 1132 ani-

214 1181 517 1239 mamque
547 1182 750 1222 meam
782 1165 861 1221 ab
906 1182 1115 1221 eorum
1149 1165 1430 1221 manibus
1466 1164 1755 1221 violenter
1784 1162 1891 1220 ab-

215 1255 467 1323 straxit;
492 1260 673 1328 atque
697 1254 781 1312 ita
806 1255 1038 1328 corpori
1066 1255 1253 1311 humo
1278 1252 1592 1324 tradendo,
1611 1253 1763 1311 sicut
1780 1269 1890 1309 no-

216 1344 350 1417 stis,
385 1343 745 1401 mirabiliter
772 1343 1009 1401 refudit.
1043 1348 1366 1417 Postquam
1390 1360 1533 1400 vero
1556 1343 1738 1414 hujus
1767 1358 1891 1399 non

214 1440 458 1493 tantum
485 1434 732 1492 visionis
757 1451 942 1508 quam
970 1435 1150 1491 etiam
1175 1434 1259 1491 rei
1280 1438 1460 1506 gesta:
1480 1432 1743 1491 veritatis
1770 1437 1892 1489 tex-

216 1531 345 1594 tum
374 1525 478 1582 ille
508 1525 720 1582 ordine
768 1529 855 1581 est
892 1530 1267 1599 prosecutus,
1301 1529 1472 1598 pater
1500 1529 1557 1580 et
1580 1523 1755 1581 vicini
1784 1524 1892 1579 iter

211 1615 543 1672 instituunt
570 1614 646 1670 ad
677 1618 950 1671 sanctam
980 1614 1186 1670 Fidem
1217 1613 1439 1684 gratias
1468 1613 1774 1669 reddituri.
1802 1635 1830 1662 ››

867 1723 1090 1778 CAPUT
1127 1724 1254 1778 XIX.

214 1813 302 1867 De
328 1810 704 1880 Raimundo,
735 1812 841 1882 qui
864 1826 900 1867 a
930 1810 1307 1937 compedibus
1336 1815 1390 1866 et
1422 1816 1633 1866 catena
1659 1805 1891 1866 solulus

1006 1897 1063 1937 es
1098 1925 1111 1937 .

1006 1897 1111 1938 εει.

284 1974 447 2027 Pene
479 1969 621 2026 huic
651 1969 840 2026 simile
872 1971 1072 2027 adhuc
1101 1976 1159 2028 et
1187 1971 1352 2028 aliud
1381 1970 1597 2027 calami
1621 1970 1894 2043 deposcit

214 2059 526 2127 officium;
555 2059 722 2132 quod
749 2059 893 2133 quia
913 2060 1321 2132 prodigialiter
1343 2060 1642 2116 invenitur
1666 2064 1888 2127 actum,

213 2153 449 2205 interna
470 2147 771 2204 memoria
783 2148 1129 2204 censuimus
1150 2148 1598 2205 celebrandum.
1615 2148 1893 2205 Raimun-

214 2237 369 2293 dum
395 2252 514 2310 pro
556 2236 739 2309 impie
770 2236 952 2307 gestis
983 2237 1152 2293 multi
1183 2241 1449 2299 vestrum
1487 2242 1803 2304 noverunt,
1836 2239 1894 2292 et

213 2326 582 2397 genealogia
612 2326 756 2382 satis
780 2326 1179 2399 spectandum
1209 2331 1264 2383 et
1292 2326 1508 2383 terreni
1535 2326 1780 2383 honoris
1811 2326 1893 2383 fa-

215 2422 315 2473 stu
342 2417 701 2474 subnixum.
736 2416 835 2473 Hic
865 2406 939 2472 ex
973 2421 1167 2473 castro
1196 2416 1364 2490 quod
1407 2419 1568 2474 Mons
1606 2419 1891 2473 Pensatus

214 2507 443 2564 dicitur
483 2507 777 2577 originem
824 2507 1073 2575 ducens,
1107 2511 1340 2580 patrem
1382 2506 1595 2564 habuit
1638 2508 1889 2563 Bernar-

213 2597 395 2666 dum,
441 2595 717 2670 praedicti
769 2596 949 2653 castri
998 2596 1263 2669 primum
1311 2601 1371 2652 et
1413 2596 1769 2653 maximum.
1825 2598 1893 2652 Et

211 2686 365 2760 quia
381 2685 729 2743 Caturcensi
752 2685 887 2742 urbi
910 2686 1271 2757 continguus
1291 2691 1436 2756 erat,
1455 2686 1726 2758 ejusdem
1755 2685 1892 2742 civi-

215 2776 355 2834 tatis
398 2775 613 2833 litteris
642 2774 1011 2831 imbuendus
1040 2775 1293 2832 traditur
1322 2775 1646 2844 canonicis,
1678 2791 1889 2832 eorum

213 2866 573 2924 societatem
603 2865 915 2922 sortiturus
944 2865 1402 2922 succedentibus
1431 2866 1625 2923 annis.
1669 2868 1799 2932 Qua
1827 2866 1889 2922 in

212 2954 564 3027 disciplina,
599 2954 698 3012 vix
728 2952 983 3011 sanabili
1004 2952 1299 3025 epileptici
1323 2953 1521 3010 morbi
1543 2954 1888 3025 aegritudine
1926 2986 1968 3042 Ο

212 3060 322 3117 per
352 3042 678 3103 interlunia
737 3042 953 3100 misere
999 3042 1305 3111 laborans,
1338 3043 1514 3100 taedio
1559 3042 1738 3117 coepit
1773 3044 1886 3114 [eo]

213 3133 413 3203 magis
441 3132 797 3205 parentibus
825 3132 1054 3203 haberi,
1085 3133 1251 3205 quod
1301 3133 1364 3190 in
1414 3133 1526 3204 [eo]
1558 3131 1721 3189 nulla
1750 3148 1888 3205 spes

216 3223 381 3295 [erat]
434 3222 689 3293 genialis
717 3221 954 3279 indolis.
990 3223 1254 3278 Tandem
1290 3223 1575 3280 nimirum
1604 3221 1889 3294 opinatis-

212 3312 368 3369 simo
397 3311 694 3368 virtutum
724 3310 926 3367 favore
955 3315 1217 3379 coactus,
1243 3316 1461 3369 sanctae
1484 3312 1727 3382 virginis
1752 3328 1888 3384 pro-

210 3401 589 3475 pitiatorium
638 3400 1023 3472 aggreditur;
1080 3401 1255 3473 cujus
1309 3401 1667 3475 propitiante
1714 3401 1884 3458 beni-

217 3491 443 3562 gnitate
473 3494 694 3562 optatas
723 3489 928 3546 salutis
954 3490 1290 3547 remedium
1346 3495 1678 3559 assecutus,
1712 3507 1887 3548 sanc-

220 3586 291 3639 ιω
316 3579 573 3639 medicae
603 3579 757 3636 Fidis
781 3579 1096 3639 basilicam
1120 3580 1446 3653 quotannis
1469 3580 1728 3637 revisere
1760 3585 1889 3637 stu-

220 3670 443 3738 debat;
498 3669 725 3740 gratias
776 3684 888 3742 pro
936 3669 1214 3742 impenso
1269 3685 1518 3726 munere
1564 3670 1883 3728 relaturus.

224 3761 415 3825 Quem
446 3774 559 3830 pro
587 3757 712 3814 zelo
735 3756 1080 3830 patrimonii
1122 3761 1401 3831 parentes
1445 3763 1625 3831 atque
1671 3758 1886 3817 afﬁnes

222 3846 575 3905 exsecrabili
625 3846 767 3903 odio
812 3846 1169 3904 insectantes
1217 3847 1339 3904 voti
1383 3852 1692 3921 compotes
1721 3865 1888 3922 cepe-

226 3943 382 3994 runt.
408 3940 668 3994 Tantum
713 3936 973 4008 denique
1002 3936 1127 3992 viro
1173 3936 1603 4003 illustrissimo,
1644 3940 1888 3995 nomine

230 4025 533 4093 Gosberto,
565 4025 958 4092 tradiderunt,
991 4025 1094 4098 qui
1132 4041 1243 4099 pro
1272 4025 1548 4096 irrogatis
1577 4032 1887 4084 contume-

222 4114 316 4171 liis
352 4113 706 4184 gravissime
750 4129 892 4168 eum
937 4112 1205 4170 habebat
1250 4113 1574 4171 infensum.
1626 4114 1891 4172 Aderant

221 4220 491 4277 namque
561 4201 922 4260 sanctissimi
995 4201 1121 4257 dies
1191 4203 1700 4273 Quadragesimaa,
1759 4204 1884 4276 qui,

221 4311 361 4351 cum
427 4291 677 4362 frugalis
748 4290 1137 4364 parcimoniae
1208 4292 1621 4349 observatione
1687 4297 1885 4350 mente

221 4382 507 4440 custoditi
568 4381 821 4451 sincera,
885 4396 1130 4436 omnem
1203 4381 1430 4438 elidunt
1484 4382 1618 4438 vita:
1682 4397 1887 4455 perpe-

223 4488 373 4528 ram.
421 4472 588 4536 Quos
622 4470 727 4526 iste
779 4469 931 4526 inter
973 4468 1339 4544 compedum
1380 4470 1733 4543 multiplicia
1780 4488 1887 4527 vo-

223 4562 454 4623 lumina
511 4560 678 4617 omni
728 4560 1029 4617 eremitica
1084 4560 1423 4619 austeritate
1488 4561 1713 4619 aridius
1774 4562 1887 4619 du-

224 4668 386 4722 cens,
446 4650 651 4725 potius
701 4649 969 4707 habebat
1018 4651 1185 4708 oneri
1234 4668 1423 4724 quam
1478 4652 1892 4726 promerendae

225 4741 420 4798 saluti.
479 4740 662 4799 Cibus
707 4739 868 4797 enim
921 4740 1079 4797 illius
1132 4741 1508 4814 vespertinus
1548 4740 1725 4813 panis
1765 4746 1892 4798 erat

228 4830 574 4887 mnciditate
641 4828 949 4889 viriditatis
1020 4828 1365 4902 squalidus;
1446 4828 1572 4902 qui,
1658 4833 1888 4886 remoto

227 4919 378 4975 alius
405 4917 594 4976 edulii
619 4918 1007 4986 adminiculo,
1038 4918 1158 4987 vix,
1191 4918 1371 4976 etiam
1402 4934 1562 4991 aqua
1585 4919 1748 4977 viam
1780 4935 1887 4991 pa-

226 5008 560 5074 tefaciente,
611 5006 798 5082 palati
837 5007 1078 5066 valebat
1126 5008 1486 5083 pertransire
1528 5013 1783 5078 meatus,
1834 5014 1891 5065 et

226 5097 370 5170 quia
397 5114 514 5172 pro
541 5097 737 5156 efferis
777 5097 1005 5154 viribus
1046 5097 1159 5155 illis
1202 5096 1592 5155 intolerabilis
1630 5103 1776 5175 erat,
1807 5099 1889 5156 ita

229 5185 628 5261 compedibus
646 5191 705 5242 et
716 5185 1048 5260 triplicibus
1064 5185 1288 5244 catenis
1316 5185 1499 5243 veluti
1515 5186 1774 5243 Gaetulus
1794 5187 1889 5243 leo

230 5275 569 5349 implicatus
580 5276 842 5347 jacebat,
854 5292 1052 5350 neque
1068 5276 1287 5351 pedem
1312 5292 1508 5349 neque
1525 5293 1778 5334 manum
1799 5278 1889 5334 ul-

231 5364 286 5422 lo
310 5366 537 5424 adnisa
566 5365 835 5439 qualibet
860 5366 922 5422 in
952 5369 1120 5439 parte
1148 5370 1374 5423 vertere
1390 5366 1771 5439 praevalebat.
1803 5370 1889 5423 En

232 5456 405 5515 etiam
425 5457 563 5529 ipsa
592 5461 804 5514 catena
834 5455 1085 5515 fortibus
1107 5456 1306 5519 hamis
1335 5455 1580 5529 intexta,
1612 5474 1749 5530 quae
1778 5473 1888 5514 nu-

232 5562 468 5604 meroso
486 5546 627 5611 sinu
650 5545 877 5603 circum
907 5563 1082 5603 crura
1105 5563 1175 5603 ac
1201 5550 1432 5604 torosos
1462 5546 1714 5604 lacertos
1739 5546 1887 5604 dure

232 5636 623 5708 vinciebatur,
647 5652 687 5694 a
711 5640 875 5707 tergo
904 5636 1035 5709 ejus
1061 5651 1169 5709 per
1196 5635 1470 5694 foramen
1497 5652 1694 5695 saxeae
1712 5636 1887 5695 turris

2010 356 2547 429 constringebatur,
2576 362 2641 415 ut
2668 358 2835 415 nulla
2879 359 2956 427 vi,
2991 358 3105 415 nisi
3131 359 3510 417 mordacium
3542 376 3665 418 ser-

2007 462 2211 504 rarum
2237 447 2406 504 edaci
2434 446 2737 519 limatura,
2766 448 3021 505 reserari
3059 447 3147 505 fas
3191 453 3337 506 erat.
3368 452 3486 506 Has
3513 448 3667 507 inter

2005 551 2317 609 pressuras
2364 540 2567 594 tamen
2592 541 2801 594 sancta
2833 537 3004 595 Fides
3039 537 3170 610 ejus
3196 537 3274 596 ab
3293 554 3395 595 ore
3419 554 3546 596 non
3572 554 3665 596 re-

2004 625 2276 693 cedebat,
2309 642 2506 699 neque
2534 627 2716 685 unius
2760 626 3050 684 momenti
3088 627 3313 683 victum
3343 644 3466 685 non
3493 627 3666 686 invo-

2004 720 2138 773 cato
2187 716 2567 788 praeterierat.
2603 716 2877 790 Quinque
2925 716 3105 786 igitur
3140 716 3665 776 hebdomadarum

2001 805 2261 861 breviori
2284 804 2472 863 lustro
2500 806 2563 862 in
2583 806 2697 863 hac
2722 811 2847 863 tam
2868 805 3111 877 lugubri
3132 805 3450 863 acerbitate
3473 807 3662 877 ﬁnito,

2001 892 2129 948 dies
2158 893 2252 950 ille
2283 893 2491 950 enituit
2520 894 2646 969 qui,
2674 894 2754 951 ob
2788 893 3081 951 Dominici
3113 894 3399 968 triumphi
3433 912 3665 951 memo-

1999 983 2163 1053 riale,
2194 1001 2333 1041 cum
2359 985 2704 1059 palmarum
2750 1002 2857 1043 seu
2884 985 3103 1042 diversi
3148 986 3381 1057 generis
3421 985 3665 1043 ﬂorum'

2001 1072 2185 1130 corda
2213 1073 2488 1131 omnium
2521 1078 2710 1131 totum
2739 1090 2847 1148 per
2868 1074 3078 1132 orbem
3097 1074 3387 1132 ineffabili
3404 1074 3665 1148 tripudio

1999 1161 2310 1219 exhilarat.
2343 1164 2526 1233 Cujus
2557 1162 2676 1219 diei
2710 1168 2834 1221 tam
2877 1180 3199 1220 commune
3230 1164 3522 1235 gaudium
3551 1163 3665 1219 dif-

1998 1248 2133 1306 fusa
2180 1267 2287 1325 per
2323 1251 2486 1307 orbis
2517 1251 2778 1320 climata,
2811 1252 3042 1309 nullam
3072 1254 3210 1310 huic
3241 1253 3555 1326 praebebat
3577 1270 3666 1309 re-

1999 1340 2182 1396 medii
2225 1340 2511 1398 laetitiam.
2555 1345 2814 1399 Cernens
2861 1359 3005 1413 ergo
3048 1343 3460 1417 cunctipotens
3509 1346 3665 1399 Deus

1998 1429 2293 1485 immitem
2323 1429 2636 1486 saevissimi
2667 1432 2902 1488 tortoris
2928 1432 3200 1505 praedicti
3231 1432 3500 1488 Gosberti
3527 1448 3663 1505 per-

1999 1517 2312 1587 vicaciam,
2345 1518 2733 1593 subsequenti
2760 1524 2934 1577 nocte
2990 1536 3097 1594 per
3142 1524 3367 1577 sanctae
3418 1519 3665 1590 virginis

1920 1629 1961 1684 Β
1999 1606 2491 1664 intercessionem
2522 1613 2712 1665 tactus
2741 1609 3171 1682 misericordia,
3218 1614 3283 1666 ut
3307 1625 3545 1683 semper
3574 1613 3663 1665 to-

2000 1700 2119 1752 tus‘
2168 1700 2258 1753 est
2306 1697 2426 1754 vita
2484 1697 2813 1771 desperatis
2871 1698 3057 1753 facilis
3107 1698 3321 1771 pietas,
3377 1698 3663 1769 juvenem

2002 1784 2321 1857 splendore
2346 1786 2688 1844 admirabili
2719 1803 3042 1843 coruscum
3072 1787 3154 1843 illi
3183 1787 3425 1858 misero,
3448 1802 3663 1859 sopore

2000 1874 2239 1932 dolores
2288 1875 2563 1945 leniente,
2594 1876 2824 1933 caelitus
2855 1876 3097 1945 direxit;
3140 1877 3246 1950 qui
3276 1893 3415 1932 eum
3446 1876 3663 1933 talibus

2000 1966 2218 2023 affatur
2246 1967 2445 2023 verbis
2472 1985 2486 2022 :
2544 1990 2571 2016 ‹‹
2602 1966 2897 2037 Vigilasne
2927 1982 3007 2023 an
3046 1982 3261 2039 sopore
3288 1965 3660 2039 deprimeris,

2000 2055 2422 2113 Baimunde?»
2472 2061 2545 2116 At
2571 2056 2688 2125 ille,
2724 2056 2879 2113 intra
2909 2056 3127 2113 somnii
3155 2055 3555 2123 dulcedinem,
3582 2054 3665 2111 ita

1999 2144 2315 2201 videbatur
2341 2145 2456 2202 sibi
2484 2146 2866 2219 respondisse
2888 2164 2900 2201 :
2934 2169 2961 2195 ‹‹
2983 2146 3145 2214 Quis,
3164 2145 3436 2220 inquam,
3455 2161 3540 2215 es,
3558 2144 3664 2201 do-

1999 2233 2163 2289 mine
2185 2234 2212 2289 ?
2239 2257 2267 2284 ››
2317 2234 2421 2292 Cui
2451 2234 2547 2291 ille
2578 2253 2590 2290 :
2637 2258 2665 2285 ‹‹
2685 2238 2807 2307 Ego
2836 2236 2931 2292 ille
2973 2252 3110 2291 sum
3143 2236 3503 2307 Stephanus,
3533 2234 3660 2307 qui,

2002 2322 2238 2379 dudum
2290 2339 2327 2380 a
2372 2323 2592 2380 Iudaeis
2638 2324 2962 2397 lapidatus,
3003 2324 3221 2381 civium
3264 2339 3663 2397 supernorum

1998 2413 2307 2485 promerui
2332 2413 2507 2470 asciri
2545 2413 2833 2482 coetibus;
2876 2414 2981 2486 qui
3007 2414 3144 2470 ideo
3173 2429 3309 2470 sum
3338 2412 3419 2469 ad
3447 2417 3501 2469 te
3525 2410 3663 2468 mis-

2002 2517 2128 2572 sus,
2176 2505 2242 2557 ut
2287 2501 2367 2558 ad
2409 2506 2679 2559 sanctam
2725 2502 2927 2559 Fidem
2971 2507 3026 2559 te
3073 2502 3295 2559 ducam
3331 2501 3661 2558 velocius.»

2000 2594 2186 2657 Quem
2215 2607 2356 2647 cum
2385 2592 2805 2664 interrogasset
2842 2592 3092 2650 ubinam
3138 2591 3463 2662 magniﬁca
3490 2592 3661 2662 virgo

2000 2684 2189 2736 esset:
2226 2704 2253 2729 α
2274 2683 2480 2751 Surge,
2511 2682 2705 2756 inquit
2728 2686 2957 2755 martyr
2976 2680 3337 2755 praecipuus,
3363 2680 3510 2754 quia
3534 2696 3659 2736 non

1998 2769 2328 2827 ludiﬁcaris
2360 2787 2397 2828 a
2428 2786 2664 2840 somno,
2687 2771 2813 2843 sed,
2830 2772 3242 2829 incunctanter
3254 2786 3353 2828 me
3374 2785 3656 2843 sequens,

2000 2859 2231 2916 videbis
2260 2875 2397 2917 eam
2426 2861 2501 2917 de
2530 2877 2651 2935 qua
2681 2862 2759 2919 ad
2786 2866 2839 2918 te
2868 2861 3104 2935 loquor.
3128 2884 3156 2911 »
3203 2862 3278 2917 At
3302 2859 3421 2926 ille,
3449 2863 3515 2916 ut
3544 2858 3658 2916 sibi

1999 2954 2245 3006 ostensa
2298 2950 2598 3007 suadebat
2646 2951 2820 3022 visio,
2861 2950 3177 3007 videbatur
3218 2949 3333 3007 sibi
3380 2952 3657 3006 sanctum

1996 3042 2324 3111 martyrem
2347 3039 2514 3112 sequi
2542 3040 2867 3112 praevium;
2900 3040 3005 3112 qui
3032 3055 3219 3112 supra
3242 3044 3491 3114 pontem
3513 3042 3659 3096 Con-

1996 3127 2306 3184 chacensis
2362 3128 2653 3184 Dordonis
2706 3144 2847 3185 eum
2900 3132 3184 3198 statuens,
3227 3130 3309 3186 ita
3354 3128 3655 3186 melliﬂuis

1996 3217 2377 3290 prosequitur
2397 3216 2674 3290 alloquiis
2697 3235 2711 3273 :
2741 3240 2768 3266 ‹‹
2794 3217 3009 3289 Dirige,
3026 3218 3303 3291 inquam,
3323 3235 3361 3274 ο
3385 3218 3489 3281 ﬁli,
3511 3233 3655 3272 ocu-

1993 3305 2192 3362 lorum
2212 3305 2404 3362 aciem
2425 3321 2604 3379 super
2622 3306 2805 3377 hujus
2828 3305 3085 3362 nubiferi
3102 3306 3321 3362 montis
3343 3320 3652 3373 cacumen,

1996 3399 2054 3451 et
2112 3394 2382 3452 divinam
2448 3396 2676 3452 intuere
2729 3395 3078 3467 claritatem,
3137 3396 3310 3467 cujus
3372 3393 3656 3451 immensi

1997 3483 2336 3557 splendoris
2363 3485 2566 3542 media
2595 3484 2976 3542 sanctissima
3004 3485 3172 3555 virgo
3202 3484 3373 3540 Fides
3394 3499 3465 3540 ac
3492 3498 3654 3540 mar-

1997 3576 2092 3644 tyr
2114 3571 2385 3643 insignis,
2405 3573 2761 3644 angelorum
2782 3572 2937 3629 inter
2963 3588 3186 3629 manus
3212 3572 3498 3641 emicans,
3517 3572 3654 3646 quis

1996 3660 2121 3717 suis
2144 3661 2370 3718 meritis
2398 3662 2690 3719 debeatur
2708 3662 2924 3734 honor,
2950 3661 3395 3719 evidentissima
3410 3661 3651 3718 indicat.

2068 3751 2296 3817 Quibus
2319 3751 2415 3808 ille
2445 3751 2664 3809 auditis
2695 3752 2861 3809 laetus
2886 3751 2961 3808 de
2993 3767 3177 3808 sacrae
3197 3751 3445 3823 virginis
3473 3751 3654 3807 laude

1994 3840 2299 3913 praecelsa,
2330 3841 2536 3899 oculos
2580 3842 2642 3897 in
2674 3840 2901 3897 visione
2929 3840 3138 3911 vigiles
3178 3842 3240 3897 in
3267 3840 3523 3896 sublime
3552 3840 3658 3896 tol-

1993 3930 2142 3999 lens,
2167 3931 2314 3987 vidit
2338 3930 2584 4001 igneum
2615 3929 2864 4000 globum
2906 3929 3135 4000 ingenti
3161 3928 3394 3999 fulgore
3426 3929 3655 3986 mican-

1994 4023 2135 4087 tem,
2187 4020 2361 4091 cujus
2411 4019 2473 4074 in
2524 4019 2727 4074 medio
2781 4018 3055 4090 speciosa
3108 4018 3278 4088 virgo
3330 4032 3656 4074 coruscans

1995 4109 2334 4170 astantibus
2381 4107 2494 4163 sibi
2546 4106 2774 4177 angelis
2831 4106 3100 4164 dicebat:
3165 4130 3193 4157 ‹‹
3217 4110 3438 4164 Locum
3486 4105 3657 4162 illum

1995 4217 2179 4275 quem
2209 4198 2445 4255 cernitis
2475 4196 2714 4253 ossibus
2744 4196 3063 4255 decoratur
3086 4196 3260 4267 meis,
3293 4196 3368 4253 de
3392 4212 3516 4269 quo
3546 4211 3656 4252 vos

1997 4306 2145 4361 rogo
2176 4293 2241 4345 ut
2282 4287 2491 4344 vestris
2545 4286 2946 4344 sanctiﬁcetur
2974 4286 3215 4343 dextris.
3240 4309 3268 4336 »
3319 4286 3484 4343 Cives
3516 4301 3657 4342 vero

1997 4379 2269 4452 angelici,
2305 4378 2545 4436 monitis
2573 4377 2778 4434 animo
2807 4377 3013 4435 libenti
3051 4378 3495 4451 acquiescentes
3538 4377 3657 4433 vir-

1995 4470 2173 4543 ginis,
2222 4467 2461 4525 elevatis
2518 4466 2889 4540 praefulgidis
2942 4468 3163 4525 dextris
3222 4468 3463 4539 signum
3512 4467 3660 4523 dant

1996 4559 2324 4619 adorandae
2354 4557 2566 4627 crucis,
2599 4558 2772 4628 cuius
2818 4557 3112 4629 signaculi
3140 4558 3349 4615 virtute
3388 4560 3657 4613 sacratus

1996 4648 2193 4706 omnis
2224 4646 2550 4705 sanctitatis
2574 4646 2764 4716 gratia
2787 4646 3067 4719 repletur.
3113 4648 3266 4701 Dum
3312 4645 3439 4700 haec
3479 4642 3658 4713 igitur

1996 4741 2334 4809 agerentur,
2388 4751 2525 4791 ecce
2578 4735 2778 4791 subito
2833 4734 3117 4791 nimbosa
3171 4733 3385 4803 caligo,
3441 4731 3521 4787 ab
3570 4731 3659 4804 ip-

1996 4828 2118 4884 sius
2163 4826 2360 4884 amnis
2407 4825 2531 4881 imo
2588 4823 2903 4880 nimbosus
2959 4823 3136 4880 turbo
3190 4821 3544 4891 ascendens,
3586 4819 3655 4875 il-

1992 4918 2122 4975 lum
2150 4933 2329 4990 super
2370 4919 2616 4989 pontem
2642 4918 2899 4975 stantem
2942 4911 3165 4970 nebula
3193 4910 3354 4980 texit,
3381 4926 3518 4982 quae
3550 4909 3654 4966 de-

1995 5009 2172 5067 ciduo
2200 5023 2332 5066 rore
2361 5007 2413 5078 ej
2424 5022 2493 5062 us
2522 5005 2880 5063 indumenta
2906 5001 3239 5073 largissime
3266 4999 3652 5058 humectavit.

1996 5100 2125 5164 Qua
2154 5098 2379 5155 visione
2410 5096 2698 5155 attonitus
2755 5093 2987 5152 lumina
3031 5107 3068 5149 a
3107 5106 3323 5147 somno
3346 5090 3443 5147 vix
3480 5091 3658 5148 abru-

1992 5188 2099 5261 pit,
2131 5204 2203 5244 ac
2244 5203 2389 5243 mox
2416 5190 2612 5243 vestes
2660 5183 2945 5241 manibus
2978 5183 3373 5251 contrectans,
3407 5180 3559 5237 sicut
3592 5182 3657 5238 in

1995 5278 2130 5334 visu
2171 5280 2437 5335 senserat
2465 5276 2667 5332 deﬂuo
2710 5273 2903 5330 imbre
2931 5271 3151 5344 reperit
3174 5271 3480 5328 humidas.
3513 5272 3656 5328 Inde

1996 5367 2155 5424 circa
2202 5382 2264 5420 se
2319 5364 2630 5437 palpando
2668 5378 2887 5420 manus
2934 5361 3182 5432 ducens,
3213 5360 3418 5418 omnia
3446 5361 3654 5417 vincu-

1995 5455 2193 5512 lorum
2232 5453 2540 5509 volumina
2588 5452 2880 5509 dissoluta
2929 5467 2965 5508 a
3020 5467 3082 5506 se
3123 5449 3325 5520 sensit,
3375 5448 3654 5506 ostiolum

1997 5545 2198 5615 etiam,
2229 5546 2401 5600 nocte
2429 5542 2576 5598 seris
2616 5558 2687 5598 ac
2716 5540 2980 5598 vectibus
3023 5539 3166 5597 satis
3194 5538 3515 5605 munitum,
3545 5552 3652 5608 pa-

2000 5638 2129 5691 tens
2156 5632 2395 5692 invenit.
2423 5635 2496 5689 At
2523 5631 2619 5689 ille
2645 5647 2856 5689 verum
2877 5629 2989 5688 sibi
3018 5644 3231 5689 orama
3253 5627 3435 5684 fuisse
3459 5631 3655 5684 osten-
