4054 6188
372 136 472 188 159

1461 130 1805 188 BERNABDI
1850 107 2304 188 SCHOLASTICI
2345 104 2694 190 ANDEGAV.

3694 106 3807 177 ίδυ

371 270 509 311 sum
534 251 761 326 liquido
786 267 1139 323 agnoscens,
1169 254 1452 312 continuo
1480 253 1687 327 (multa
1716 252 1876 309 enim
1898 250 2025 308 ani-
2052 260 2093 314 A
2137 259 2425 329 pervenit,
2472 256 2725 315 orationi
2754 252 3025 311 incubuit
3073 266 3142 308 ac
3194 246 3449 322 supplici
3487 234 3807 303 murmure

370 361 473 401 mo
500 343 553 399 ei
581 358 725 398 cura
770 340 1005 399 exieudi
1043 359 1232 399 necne
1273 344 1638 416 recursabat)
1672 342 2025 400 obﬁrmatus
2134 362 2390 420 qumque
2416 346 2748 417 excogitata
2763 341 3023 418 protulit.
3050 342 3178 407 Qua
3199 336 3602 411 expleta,post
3631 351 3810 391 sanc-

374 431 648 499 audacia,
679 446 816 486 cum
846 431 1136 504 praecipiti
1183 432 1445 504 evolutu,
1479 431 1801 488 custodum
1829 428 2027 486 muni-

2136 440 2210 492 tas
2236 436 2426 492 crucis
2456 435 2632 493 fronti
2658 434 2912 506 locoque
2935 428 3131 487 cordis
3152 426 3630 500 impressionem,
3658 440 3806 497 quae

373 520 540 576 mina
569 518 839 589 transilit,
860 519 1206 594 gradusque
1233 520 1533 578 scalarum
1557 520 1772 594 rapido
1803 519 2031 592 impetu
2139 525 2250 581 sibi
2277 526 2430 582 inter
2458 529 2808 581 catenarum
2837 535 3149 594 pressuras
3178 533 3286 591 per
3318 519 3590 572 sanctam
3619 510 3807 581 virgi-

374 624 697 681 superans;
730 624 838 681 per
859 609 1091 665 medios
1120 609 1397 667 custodes
1418 609 1642 666 ibidem
1662 610 1927 681 jacentes
1953 606 2033 663 ad
2140 633 2279 672 nem
2308 616 2657 673 mirabiliter
2685 616 2816 671 aeta
2864 611 3118 680 fuerant,
3151 607 3379 664 cunctis
3408 604 3513 678 qui
3550 602 3811 660 aderant

373 698 626 755 exedras
650 714 843 770 usque
869 698 1124 756 devenit.
1151 698 1257 755 Ubi
1288 699 1436 755 dum
1467 704 1671 756 astans
1692 698 1881 755 multa
1909 713 2034 755 cor-

2143 723 2249 763 ora
2276 707 2337 762 in
2364 705 2592 762 silentio
2623 702 2982 768 tenentibus,
3011 700 3112 757 ﬁlo
3143 697 3399 772 expedit.
3441 699 3642 768 Neque
3670 693 3807 748 haec

375 787 450 844 de
480 786 667 842 dubio
693 787 964 857 agitaret,
988 788 1233 844 tandem
1260 787 1313 843 ei
1341 787 1527 844 menti
1557 787 1844 844 succurrit
1869 787 2032 860 quia,
2143 802 2332 870 parva
2378 794 2602 851 audivit
2651 792 2958 864 utriusque
3005 805 3181 844 sexus
3224 790 3478 852 caterva,
3512 782 3616 865 sed
3644 782 3808 852 ejuS-

373 893 499 951 Prae
552 876 737 933 nilnio
790 877 1076 949 Pondere,
1125 878 1505 934 Vinculorum
1548 878 2037 935 machinamenta
2143 886 2284 941 dem
2310 883 2625 941 memorati
2655 879 2922 938 Gosbcrti
2950 878 3126 946 ﬁlius,
3155 876 3259 950 qui
3288 879 3427 932 tunc
3475 872 3623 929 forte
3654 870 3809 926 inter

381 966 459 1021 ad
486 969 705 1021 sanetae
737 964 977 1035 virginis
1001 966 1319 1023 basdicam
1344 967 1560 1023 vehere
1589 966 1897 1040 nequibat,
1926 963 2038 1021 sal-

382 1060 501 1110 tem
544 1053 816 1109 tabulam
855 1056 1209 1111 sacchorum
1250 1055 1336 1111 ibi
1378 1055 1741 1130 pendentem
1789 1055 1851 1111 in
1878 1053 2038 1110 testi-

380 1142 656 1199 monium
686 1158 809 1198 suae
844 1144 1144 1200 evasionis
1175 1145 1325 1201 ferre
1363 1145 1598 1202 debeat.
1646 1146 1777 1211 Qua
1810 1159 2041 1200 assum-

382 1235 507 1304 pta,
537 1247 800 1300 murum,
834 1248 956 1304 qua
995 1232 1170 1289 altius
1212 1233 1580 1304 insurgebat,
1611 1249 1880 1306 praeceps
1922 1232 2043 1288 elu-

384 1320 475 1388 sit,
508 1334 839 1391 expersque
865 1320 1143 1391 lzesionis,
1169 1322 1375 1391 fugam
1401 1322 1603 1378 nudus
1624 1321 1808 1394 pedes
1833 1336 2046 1394 prope-

381 1408 554 1465 ravit.
590 1407 693 1464 Cui
708 1408 860 1465 inter
876 1411 1300 1484 scrupulosum
1322 1411 1534 1467 callem
1549 1410 1808 1484 pedibus
1824 1408 2045 1466 labenti

383 1513 527 1552 mox
556 1496 841 1569 quaedam
872 1500 1138 1555 mulieris
1172 1501 1366 1557 forma
1396 1501 1577 1556 obvia
1605 1500 1731 1571 fuit,
1763 1516 1919 1574 quas,
1949 1516 2046 1555 ex-

2146 974 2579 1033 commilitones
2604 987 2789 1029 causa
2808 967 3092 1026 orationis
3113 965 3337 1022 ibidem
3360 964 3585 1030 aderat,
3610 960 3808 1017 incre-

2147 1061 2312 1117 dibili
2338 1066 2579 1134 stupore
2610 1066 2765 1118 totus
2794 1059 2923 1115 visu
2968 1057 3029 1114 in
3069 1055 3267 1112 medio
3312 1051 3576 1124 diriguit,
3608 1048 3809 1106 admi-

2147 1165 2288 1206 rans
2329 1149 2582 1223 qualiter
2626 1166 2662 1204 a
2713 1153 2795 1204 tot
2842 1146 3223 1202 vinculorum
3255 1139 3626 1198 connexione
3658 1135 3813 1193 solvi

2149 1239 2356 1313 potuit,
2376 1255 2572 1312 neque
2589 1237 2805 1294 minori
2821 1234 3216 1293 admiratione
3230 1229 3540 1288 Goffredus
3559 1227 3676 1284 sub
3692 1226 3812 1282 hoc

2152 1333 2395 1401 aspectu
2420 1326 2754 1400 corripitur,
2787 1325 2958 1395 cujus
2979 1324 3192 1395 jocosa
3223 1319 3615 1376 scaccborum
3642 1314 3815 1371 tabu-

2151 1400 2448 1485 laifuerat,
2476 1431 2662 1488 quam
2690 1413 2783 1469 ille
2821 1416 3087 1485 ereptam
3116 1407 3373 1483 propriis
3397 1404 3512 1462 illic
3544 1400 3814 1460 humeris

2154 1505 2214 1560 in
2239 1503 2644 1560 testimonium
2693 1506 2913 1558 sanetae
2944 1498 3157 1568 virgini
3187 1495 3503 1552 obtulerat.
3543 1490 3814 1550 Tandem

383 1586 592 1660 positis
623 1601 660 1643 a
690 1588 940 1645 dextrali
981 1589 1420 1660 calceamentis,
1447 1589 1669 1646 itaeum
1690 1589 1853 1663 prior
1883 1606 2047 1646 com-
2079 1618 2119 1670 Β
2157 1587 2360 1657 agnita
2379 1588 2593 1644 virtute
2623 1586 2847 1651 divina,
2868 1585 2929 1640 in
2957 1583 3210 1639 laudum
3234 1578 3539 1655 praeconia
3568 1590 3816 1632 conver-

384 1676 661 1749 pellavit:
694 1699 721 1725 «
745 1680 907 1733 Tunc
932 1694 1013 1746 es,
1039 1678 1312 1750 inquam,
1339 1679 1710 1735 Raimundus
1730 1678 2049 1752 ille,quem
2084 1668 2111 1670 ί
2156 1682 2379 1748 tuntur,
2414 1681 2633 1734 sanetae
2658 1674 2938 1749 martyris
2970 1672 3129 1728 Fidis
3174 1668 3571 1740 gloriﬁcantes
3608 1669 3819 1738 poten-

385 1765 571 1820 modo
590 1770 798 1821 sancta
829 1767 999 1821 Fides
1025 1782 1062 1823 a
1092 1767 1496 1823 carceralibus
1518 1768 1771 1825 vinculis
1798 1768 2047 1826 solvit?»

389 1853 494 1907 Cui
524 1853 673 1908 dum
696 1853 865 1909 illum
893 1870 954 1909 se
984 1870 1114 1910 esse
1154 1854 1551 1924 conﬁteretur,
1586 1857 1904 1913 confestim
1935 1856 2050 1913 cal-

388 1941 826 1997 ciamentorum
846 1942 956 1999 viae
983 1943 1253 2000 solamen
1282 1944 1334 2001 ei
1364 1944 1593 2010 detulit,
1611 1945 1852 2002 dicens:
1883 1968 1912 1996 «
1930 1945 2047 2002 Tol-

388 2030 443 2085 le
472 2030 621 2098 haee,
648 2034 705 2085 et
729 2032 1086 2103 quantocius
1112 2033 1189 2088 ab
1217 2034 1309 2089 his
1331 2034 1566 2091 elabere
1586 2035 1877 2107 partibus,
1901 2035 2049 2090 dum

390 2118 496 2174 tibi
525 2118 822 2175 evadendi
851 2125 1014 2193 patet
1041 2121 1228 2178 locus.
1263 2147 1288 2172 ››
1318 2125 1498 2195 Cujus
1527 2123 1803 2180 beneﬁcii
1827 2138 2050 2180 munus

391 2212 449 2264 et
478 2206 783 2263 solaminis
810 2210 1073 2266 monitus
1102 2211 1198 2268 ille
1233 2214 1511 2269 attentius
1539 2213 1941 2287 perpendens,
1969 2212 2053 2268 ni-

390 2294 476 2351 hil
526 2295 689 2352 aliud
737 2313 873 2353 eam
921 2298 1100 2355 fuisse
1150 2300 1419 2372 intelligit
1447 2319 1634 2375 quam
1672 2301 2053 2375 prmsentiam

393 2388 615 2439 sanctae
642 2385 906 2456 virginis.
943 2388 1057 2444 Sed
1082 2388 1229 2444 dum
1256 2390 1383 2445 haec
1420 2395 1615 2445 mente
1645 2390 2050 2463 pertractaret,

395 2473 595 2528 subito
622 2490 926 2548 nusquam
955 2494 1321 2534 evanescens
1353 2480 1710 2552 comparuit.
1736 2482 1933 2534 Tanta:
1963 2492 2053 2532 er-

400 2577 478 2632 go
525 2567 793 2634 patrona:
842 2566 1354 2623 exhortationibus
1408 2568 1745 2636 roboratus,
1794 2570 2056 2638 coeptam

398 2652 634 2724 peragit
660 2652 1103 2729 fugam,neque
1133 2657 1213 2713 ab
1242 2657 1694 2730 insequentibus
1719 2655 1928 2726 attingi
1955 2670 2060 2728 po-

399 2744 532 2811 test,
559 2741 703 2813 quia
743 2759 882 2798 eum
913 2750 1119 2802 sancta
1168 2746 1341 2802 Fides
1384 2746 1680 2802 tuebatur.
1716 2745 1926 2818 Sicque
1951 2759 2060 2817 per

401 2829 633 2885 medios
661 2830 891 2887 invisus
919 2849 1099 2889 ruens
1143 2836 1365 2905 hostes,
1399 2834 1754 2892 Caturcetim
1792 2833 1938 2890 adiit
1964 2848 2058 2888 ur-

401 2918 565 2987 bem,
597 2918 702 2974 ubi
744 2923 1167 2996 protomartyri
1200 2925 1521 2996 Stephano,
1562 2924 1737 2997 quasi
1782 2922 1890 2979 viae
1935 2937 2058 2977 sua:

401 3006 642 3077 praevio,
676 3009 917 3065 meritas
945 3012 1271 3083 rependere
1304 3012 1529 3069 studuit
1558 3017 1776 3083 grates.
1813 3015 1880 3069 Et
1914 3011 2059 3084 quia

402 3094 599 3164 longae
623 3095 836 3152 inediae
868 3114 937 3154 ac
966 3100 1123 3171 fugas
1154 3100 1579 3159 conﬁciebatur
1608 3102 1806 3175 taedio,
1838 3104 2058 3157 sanctae

405 3183 550 3252 Fidi,
596 3184 676 3239 ob
705 3187 977 3259 praestitae
1010 3189 1121 3245 sibi
1148 3190 1352 3246 salutis
1374 3193 1649 3263 gratiam,
1667 3207 1854 3264 quam
1870 3190 2063 3264 potuit

404 3272 565 3329 misit
590 3274 924 3332 candelam.
961 3278 1224 3347 Denique
1252 3284 1425 3337 nocte
1472 3281 1573 3338 illa
1617 3281 1678 3337 in
1717 3295 1841 3353 qua
1870 3279 2063 3335 Domi-

402 3362 541 3418 nica
564 3365 897 3433 proditione
926 3372 983 3423 et
1008 3375 1213 3425 nostra
1253 3369 1415 3426 salus
1454 3374 1511 3425 et
1555 3371 1899 3426 Judteorum
1928 3383 2063 3441 pro-

405 3450 581 3506 cessit
624 3452 914 3520 interitus,
946 3455 1092 3511 dum
1131 3457 1476 3530 impositam
1520 3457 1833 3513 lectionem
1882 3472 2062 3512 mane

404 3537 726 3607 legendam
753 3542 814 3597 in
839 3544 1110 3601 vestiario
1159 3547 1347 3601 sancti
1394 3547 1674 3619 martyris
1705 3545 2059 3618 provideret,

409 3642 627 3683 somno
674 3629 951 3703 demitur,
1007 3637 1185 3706 atque
1242 3634 1468 3690 ibidem
1516 3634 1713 3706 quiete
1764 3633 2060 3707 pascitm':

408 3717 581 3787 cujus
611 3719 807 3776 somni
832 3722 1038 3778 nubilo
1069 3729 1277 3780 sancta
1305 3723 1498 3792 Fides,
1517 3729 1811 3796 tanquam
1836 3722 2065 3779 matuti-

407 3823 503 3862 nae
553 3808 791 3865 nebulae
842 3810 1225 3885 interpollens
1277 3813 1386 3884 sol,
1436 3813 1743 3887 permista,
1792 3813 1874 3868 ita
1924 3828 2066 3868 eum

411 3898 712 3969 subiratis,
743 3905 807 3957 ut
830 3904 1177 3975 putabatur,
1208 3904 1340 3962 visa
1374 3910 1462 3960 est
1492 3919 1740 3973 arguere
1771 3902 2022 3975 eloquiis
2050 3922 2063 3958 :

410 4009 436 4035 ‹‹
470 3991 630 4045 Itane
651 3989 880 4047 desidia
904 3995 1216 4065 torqueris,
1241 3999 1305 4050 ut
1331 3994 1531 4051 solitas
1561 3993 1708 4049 mihi
1739 3993 2069 4064 gratiarum

411 4077 817 4135 solemnitates
840 4081 931 4136 his
961 4088 1180 4139 sancta:
1211 4086 1451 4140 Paschaa
1481 4083 1694 4139 diebus
1722 4087 1858 4139 ante
1876 4096 2072 4137 saera-

412 4163 568 4220 rium
598 4171 837 4222 artuum
876 4185 1152 4225 meorum
1199 4172 1537 4243 persolvere
1585 4171 1869 4227 desinas?
1918 4169 2072 4236 Quid

413 4253 706 4311 moraris?
738 4256 923 4313 Disice
950 4275 1258 4316 morarum
1288 4260 1501 4329 nodos,
1536 4265 1594 4317 et
1624 4277 1764 4317 cum
1794 4260 2074 4316 scaccho—

411 4357 549 4397 rum
593 4344 881 4413 tabulato,
930 4353 1043 4403 tute
1086 4349 1358 4406 videlicet
1394 4326 1761 4406 liberationis
1806 4347 2071 4405 credibili
2104 4326 2149 4380 Ῑ)

412 4433 805 4507 monimento,
838 4437 1322 4496 Conchacensem
1352 4439 1497 4507 calle
1526 4438 1788 4513 pedestri
1809 4437 2070 4494 velocius

413 4528 623 4598 expete
652 4525 875 4596 locum,
907 4529 1327 4602 Paschalisque
1358 4528 1563 4600 gaudii
1602 4528 1683 4583 ibi
1723 4527 1957 4583 celebra
1989 4543 2074 4583 sa-

413 4620 846 4670 cramentum.»
878 4617 1064 4689 Hujus
1093 4617 1336 4674 visionis
1384 4617 1575 4687 gratia
1617 4615 1712 4672 ille
1741 4621 2069 4688 permotus,

415 4704 635 4761 somnii
666 4705 839 4763 taedia
866 4707 1044 4781 rupit,
1069 4724 1139 4764 ac
1165 4706 1417 4763 Geraldo
1446 4705 1943 4777 Petragoricensis
1973 4707 2075 4761 Ee-

414 4793 607 4851 clesiaa
638 4794 750 4851 sub
779 4796 990 4869 primis
1021 4796 1272 4853 tirocinii
1322 4795 1602 4869 auspiciis
1627 4795 1935 4868 episcopo,
1968 4793 2075 4867 qui

415 4883 720 4941 Tolosanze
750 4885 915 4942 urbis
939 4884 1164 4941 moenia
1193 4884 1339 4941 forte
1366 4884 1848 4955 aggrediebatur,
1873 4882 2077 4939 simul-

416 4986 534 5042 que
564 4973 835 5043 ejusdem
877 4974 1205 5031 Caturcinaa
1258 4973 1420 5029 urbis
1468 4973 1710 5046 praesuli
1752 4970 2069 5039 Bernardo,

418 5075 554 5131 quae
596 5062 710 5117 sibi
741 5065 1031 5121 somnitus
1072 5065 1368 5138 imperata
1422 5062 1657 5119 fuerant
1684 5062 1917 5118 territus
1945 5061 2074 5117 inti-

418 5149 624 5206 mavit.
655 5153 766 5217 Qui
795 5159 859 5208 ut
886 5160 1108 5212 sanctas
1139 5153 1296 5210 Fidis
1336 5151 1566 5209 monita
1609 5151 1948 5223 audierunt,
1975 5151 2074 5222 ju-

418 5239 564 5295 bent
604 5241 780 5311 jussa
817 5243 984 5300 factis
1036 5245 1304 5319 implere,
1354 5259 1464 5300 nec
1512 5242 1783 5316 qualibet
1825 5241 2077 5298 interve-

420 5330 618 5387 niente
643 5330 923 5389 dilatione
952 5335 1208 5392 differre.
1244 5335 1396 5402 Quid
1426 5334 1606 5407 igitur
1625 5334 1653 5388 Ἰ
1685 5335 1812 5389 Uno
1842 5336 2075 5389 tantum

421 5425 735 5478 contentus
754 5422 980 5480 famulo
1006 5425 1112 5480 iter
1138 5425 1404 5497 arripuit,
1438 5441 1508 5481 ac
1535 5424 1873 5496 imperiosa:
1898 5422 2077 5492 virgi-

419 5512 515 5568 nis
557 5510 850 5569 mandata
888 5510 1146 5568 facessit.
1195 5513 1382 5585 Capti
1419 5530 1556 5570 vero
1602 5512 1826 5568 itineris
1866 5511 2072 5580 victor,

420 5602 526 5661 ubi
555 5604 844 5663 scacchea
866 5600 1070 5660 tabula
1090 5607 1338 5659 onustas
1352 5603 1431 5660 ad
1457 5618 1610 5677 saepe
1625 5602 1854 5660 dictum
1872 5599 2075 5658 locum

2156 1760 2320 1830 tiam,
2352 1782 2389 1823 a
2422 1765 2671 1822 Domino
2717 1763 2829 1819 sibi
2877 1761 3062 1819 sacris
3091 1757 3465 1830 exigentibus
3493 1752 3723 1811 meritis
3754 1752 3817 1808 in

2158 1856 2323 1913 omni
2351 1854 2781 1912 miraculorum
2819 1852 3096 1910 facultate
3122 1848 3420 1906 collatam.

2795 1943 3019 1998 CAPUT
3067 1943 3170 1996 XX.

2649 2036 2732 2089 De
2758 2032 2919 2088 mulo
2949 2030 3320 2087 resuscitato.

2232 2128 2395 2180 Nunc
2425 2140 2564 2180 vero
2593 2122 2740 2196 quid
2786 2121 2846 2177 in
2880 2119 3084 2176 itinere
3117 2116 3305 2173 sancti
3331 2113 3479 2171 Petri
3517 2108 3817 2184 apostolo-

2158 2231 2295 2270 rum
2337 2213 2622 2287 principis
2667 2210 2960 2268 moderno
2999 2213 3267 2280 tempore
3315 2220 3423 2278 per
3467 2198 3820 2272 gloriosissi-

2161 2319 2327 2359 mam
2361 2302 2571 2357 Christi
2599 2300 2891 2357 famulam
2923 2295 3271 2353 mirabiliter
3292 2297 3525 2363 gestum
3555 2288 3648 2357 sit,
3674 2303 3823 2362 pau-

2163 2393 2246 2448 cis
2294 2391 2603 2447 absolvere
2655 2388 3003 2446 curabimus
3041 2388 3252 2442 vestrae
3283 2377 3610 2439 attentioni.
3644 2376 3821 2433 Italiae

2163 2479 2224 2534 in
2254 2478 2523 2553 partibus
2553 2494 2690 2551 quae
2730 2471 3149 2544 Longobardia
3173 2470 3620 2541 nuncupantur,
3652 2462 3822 2520 miles

2165 2567 2416 2640 quidam
2442 2564 2751 2622 Ruthenici
2771 2563 2932 2637 pagi,
2966 2559 3284 2617 Garbertus
3313 2554 3577 2621 nomine,
3606 2566 3823 2626 praece-

2166 2657 2406 2713 dentem
2437 2655 2844 2712 Pietavensem
2875 2665 3090 2721 genere
3119 2665 3189 2705 ac
3218 2643 3459 2704 militari
3480 2640 3823 2699 strenuitate

2168 2746 2309 2803 satis
2356 2745 2641 2802 illustrem
2701 2741 3059 2815 assequitur,
3104 2755 3175 2794 ac
3216 2740 3355 2810 post
3396 2731 3824 2790 salutationum

2168 2838 2442 2890 mutuam
2479 2833 2735 2904 gratiam
2780 2832 2888 2887 iter
2917 2828 3252 2885 institutum
3282 2822 3559 2889 celebrat,
3587 2820 3717 2892 ejus
3744 2818 3829 2875 fa-

2167 2923 2488 2980 miliaritati
2540 2923 2821 2979 sociatus.
2863 2919 2975 2987 Qui
3027 2918 3102 2974 de
3130 2915 3333 2973 multis
3382 2910 3566 2968 simul
3604 2923 3828 2965 sermo-

2170 3029 2309 3069 nem
2353 3012 2432 3070 ad
2479 3012 2738 3069 invicem
2787 3008 3176 3076 conferentes,
3206 3003 3451 3062 tandem
3499 2999 3578 3056 ad
3604 3000 3824 3055 sanctas

2172 3101 2326 3158 Fidis
2378 3100 2686 3171 magnalia
2739 3102 3016 3154 conserta
3069 3090 3565 3150 sermocinatione
3622 3100 3827 3160 perve-

2168 3191 2274 3258 nit,
2323 3190 2429 3245 ubi
2485 3205 2607 3245 non
2648 3203 2837 3262 parva
2904 3185 3037 3242 laus
3090 3200 3127 3241 a
3185 3180 3510 3239 Ruthenico
3567 3176 3693 3233 suis
3749 3180 3832 3230 at-

2169 3278 2447 3336 tribuitur
2519 3276 2841 3334 miraculis.
2923 3274 3021 3330 llle
3103 3288 3245 3329 vero
3312 3265 3675 3325 Pictavensis
3745 3264 3832 3320 in-

2170 3367 2331 3438 genti
2392 3383 2531 3423 cum
2590 3364 2986 3422 admiratione
3046 3359 3453 3419 narrationem
3525 3355 3685 3412 illius
3730 3368 3832 3426 ap-

2168 3455 2467 3530 plaudens
2497 3455 2733 3527 excipit.
2763 3453 2872 3511 Ubi
2900 3452 2979 3509 ad
3008 3449 3335 3523 hospitium
3382 3448 3443 3503 in
3467 3445 3598 3502 vico
3631 3442 3831 3530 Sancti

2171 3528 2406 3602 homini
2469 3548 2824 3618 perventum
2877 3546 2984 3612 est,
3032 3536 3392 3598 Pictavensis
3448 3533 3672 3604 mulus,
3730 3528 3834 3606 qui

2173 3636 2225 3691 ei
2256 3635 2491 3690 charior
2516 3634 2875 3702 habebatur,
2923 3629 3281 3704 gravissimo
3329 3626 3544 3683 morbo
3594 3637 3834 3695 correp-

2174 3730 2333 3799 ptus,
2362 3724 2462 3780 vix
2489 3724 2568 3781 ad
2614 3724 2941 3779 crastinum
2970 3722 3131 3777 diem
3175 3719 3357 3776 vitam
3401 3715 3687 3791 pertraxit
3714 3728 3838 3769 mo—

2174 3816 2494 3872 ribundus.
2530 3815 2847 3872 Garbertus
2876 3830 3037 3880 vero,
3062 3816 3290 3885 quanta
3314 3810 3375 3866 in
3405 3807 3623 3866 talibus
3650 3819 3838 3878 quon-

2177 3908 2318 3964 dam
2352 3905 2714 3963 animalibus
2742 3908 2951 3961 sancta
2980 3902 3150 3958 Fides
3182 3904 3430 3974 operata
3458 3902 3547 3955 est
3585 3909 3836 3966 magna-

2177 3995 2257 4053 lia
2308 4012 2432 4052 non
2462 3995 2806 4064 immemor,
2853 3994 3179 4063 interrogat
3221 3990 3451 4046 socium
3496 3992 3701 4043 utrum
3738 3982 3837 4040 ali-

2180 4102 2365 4160 quam
2390 4086 2691 4142 medelam
2720 4084 2922 4141 fecerit
2961 4083 3040 4139 ad
3070 4082 3220 4138 muli
3246 4081 3428 4152 hujus
3459 4076 3839 4151 supplemen-

2180 4181 2329 4233 tum.
2364 4176 2469 4233 Cui
2511 4179 2953 4249 «Nequaquam
2978 4196 3005 4224 ››
3055 4168 3462 4245 respondenti,
3492 4182 3639 4223 mox
3682 4163 3842 4236 adje-

2181 4266 2293 4322 cit:
2328 4288 2355 4317 ‹‹
2381 4264 2662 4337 Nunquid
2692 4263 2913 4321 audisti
2943 4279 3074 4336 quae
3105 4261 3211 4318 tibi
3231 4261 3305 4318 de
3337 4261 3546 4316 sancta
3575 4254 3717 4311 Fide
3742 4254 3839 4309 he-

2180 4356 2229 4412 ri
2259 4371 2368 4429 per
2398 4370 2492 4411 me
2514 4353 2786 4427 exposita
2811 4353 2997 4409 sunt?
3021 4352 3171 4409 Mitte
3201 4350 3256 4407 ei
3281 4349 3535 4405 devotus
3563 4359 3837 4410 aureum,

2181 4449 2239 4501 et
2266 4443 2466 4500 statim
2513 4447 2684 4499 tuum
2722 4441 2950 4498 animal
2993 4440 3243 4514 recipies
3286 4453 3579 4495 sanum.»
3628 4431 3839 4500 Atille,

2179 4532 2328 4589 nihil
2378 4536 2710 4601 cunctatus,
2751 4531 3043 4587 bisantem
3099 4529 3174 4585 de
3221 4526 3529 4599 marsupio
3576 4521 3837 4597 protulit,

2182 4637 2366 4695 quem
2414 4621 2467 4676 ei
2497 4620 2576 4677 ad
2604 4619 2997 4677 deferendum
3048 4617 3237 4675 sancti
3265 4615 3481 4687 virgini
3523 4609 3837 4669 concessit.

2185 4714 2401 4769 Sancta
2448 4724 2592 4766 vero
2637 4708 2808 4765 Fides
2855 4707 2935 4766 ad
2982 4707 3279 4779 majorem
3304 4700 3536 4761 virtutis
3565 4716 3688 4756 suae
3721 4697 3843 4770 glo-

2180 4801 2335 4857 riam
2364 4815 2617 4856 manum
2633 4787 2971 4865 reservans,
2990 4794 3213 4852 viventi
3240 4794 3409 4850 mula
3432 4791 3577 4849 nihil
3597 4787 3838 4864 profuit,

2181 4904 2293 4944 nec
2319 4887 2653 4961 quidquam
2690 4883 3034 4942 valitudinis
3062 4880 3400 4956 impertivit.
3435 4878 3588 4947 Quid
3616 4876 3794 4951 plura
3812 4874 3842 4930 ?

2186 4978 2383 5048 Surgit
2411 4992 2649 5043 aurora,
2681 4979 3003 5048 monetque
3042 4976 3288 5029 cunctos
3331 4975 3397 5027 ut
3424 4972 3686 5043 ereptam
3709 4980 3845 5039 pro-

2183 5070 2476 5139 peramnt
2530 5065 2714 5121 viam.
2767 5064 3094 5137 Exponitur
3141 5060 3343 5118 mulus
3401 5060 3537 5116 vitae
3587 5054 3842 5114 termino

2184 5156 2423 5212 functus
2454 5170 2491 5211 a
2539 5152 2797 5222 stabulo,
2830 5157 2887 5208 et
2914 5152 3093 5209 datur
3134 5147 3556 5208 tantummodo
3586 5144 3846 5219 pretium

2183 5258 2294 5316 pro
2339 5242 2521 5299 corio.
2575 5245 2684 5298 lter
2716 5240 3045 5314 corripiunt
3083 5238 3306 5309 maesti,
3357 5241 3414 5294 et
3458 5235 3565 5310 qui
3592 5247 3847 5291 aureum

2182 5331 2317 5388 vitae
2371 5326 2699 5387 arrhaboni
2740 5330 2980 5403 recepit,
3028 5333 3086 5386 et
3131 5327 3231 5403 qui
3292 5327 3515 5384 amisso
3562 5321 3850 5393 animale,

2191 5422 2489 5477 damnum
2509 5419 2837 5489 cogebatur
2854 5420 2998 5493 pati.
3012 5418 3373 5476 Ruthenicus
3394 5429 3537 5485 ergo
3561 5412 3638 5471 de
3661 5414 3849 5486 jacta-

2189 5510 2349 5568 tione
2377 5509 2665 5566 virtutum
2695 5515 2914 5568 sanctae
2959 5508 3115 5565 Fidis
3144 5507 3331 5565 nimio
3361 5504 3580 5563 rubore
3609 5504 3848 5575 anxius,

2188 5615 2441 5658 aureum
2455 5600 2621 5674 quod
2642 5603 2955 5676 acceperat
2967 5599 3206 5657 volebat
3214 5596 3554 5655 verecunde
3574 5594 3847 5653 reddere.
