4048 6178
198 106 284 159 161

188 322 425 388 tergum
451 314 621 373 audit
642 315 915 371 sonitum
946 316 1478 391 subsequentium,
1504 322 1562 374 et
1591 322 1766 392 quasi
1797 325 1887 380 fu-

191 405 404 477 gientis
429 403 711 461 animalis
741 408 803 462 et
826 404 1121 476 agitantis
1151 408 1368 482 equitis
1394 407 1724 481 strepitum.
1761 412 1887 469 Sic-

189 510 308 569 que
334 493 574 550 vultum
600 494 661 550 in
692 497 861 566 terga
902 499 1287 569 retorquens,
1318 497 1603 571 prospicit
1643 499 1886 557 eminus

189 583 496 658 hospitem
521 584 759 640 mulum
788 584 1132 656 fugientem
1180 603 1363 643 cursu
1388 586 1758 661 fatigantem,
1805 595 1884 660 et,

192 678 256 729 ut
284 689 431 730 eum
464 674 1036 747 comprehenderet,
1092 676 1285 733 multo
1314 677 1628 734 conamine
1654 678 1885 737 eniten-

194 768 333 819 tem.
362 763 501 829 Qui,
532 763 691 836 [hoc]
720 763 880 834 viso,
917 769 1199 822 sanctam
1256 766 1454 823 Fidem
1494 767 1755 824 attonitis
1789 785 1890 826 ex-

191 851 416 908 clamat
435 852 713 921 vocibus,
740 868 1129 927 aureumque
1170 855 1380 912 retinet
1424 855 1590 929 quod
1642 856 1890 916 volebat

190 941 443 999 reddere
472 942 875 999 verecundus.
911 946 1174 1016 Recepto
1199 944 1457 1019 denique
1486 945 1672 1009 mulo,
1701 946 1886 1004 inter-

190 1036 409 1103 rogant
438 1032 741 1105 hospitem
772 1032 1038 1105 qualiter
1089 1038 1292 1090 actum
1320 1035 1498 1092 fuerit
1527 1035 1590 1091 in
1639 1051 1885 1109 repara-

194 1122 353 1178 tione
380 1121 685 1178 animalis.
716 1125 789 1178 At
816 1121 917 1178 ille
949 1122 1318 1181 admirando
1352 1125 1719 1194 exclamans,
1753 1126 1839 1184 ait
1866 1145 1879 1184 :

195 1236 219 1259 α
252 1212 297 1267 Ο
330 1228 445 1267 vos
478 1210 682 1267 felices
714 1211 945 1285 quibus
998 1216 1228 1269 tantam
1261 1214 1550 1285 virginem
1589 1216 1885 1288 contingit

189 1299 415 1355 habere
441 1303 791 1373 patronam,
844 1301 1025 1371 cujus
1085 1302 1601 1376 omnipotentibus
1650 1305 1880 1361 meritis

189 1406 314 1445 non
348 1388 550 1444 solum
582 1388 760 1445 vobis
778 1388 947 1445 salus
970 1389 1251 1447 tribuitur
1281 1392 1641 1461 animarum,
1664 1409 1881 1452 verum

190 1476 373 1532 etiam
392 1492 624 1546 magna
644 1481 1060 1551 procurantur
1089 1478 1491 1537 medicamina
1517 1498 1841 1555 corporum
1864 1485 1876 1539 l

192 1569 324 1621 Haec
355 1570 570 1622 sancta
594 1565 771 1636 virgo
800 1566 864 1622 in
897 1582 1081 1640 opere
1107 1573 1164 1625 et
1188 1568 1400 1627 virtute
1429 1587 1554 1627 non
1584 1570 1720 1628 sinit
1746 1590 1881 1630 ves-

190 1655 291 1710 tris
323 1654 751 1733 adminiculari
771 1654 1204 1728 incommodis,
1237 1658 1417 1715 etiam
1444 1659 1503 1715 in
1522 1661 1878 1719 animalium

194 1743 650 1799 resurrectione.
687 1746 809 1800 Hoc
838 1745 1013 1825 quod
1045 1745 1253 1801 videtis
1297 1747 1542 1819 animal,
1566 1749 1627 1804 in
1677 1749 1878 1822 platea

191 1833 552 1905 projectum,
584 1831 1001 1905 dentibusque
1029 1835 1261 1891 retectis
1293 1836 1460 1892 omni
1482 1838 1687 1895 anima
1713 1840 1880 1896 relic-

194 1928 344 1989 tum,
375 1921 529 1978 inter
552 1922 1007 1979 decoriantium
1035 1940 1252 1980 manus
1283 1925 1593 1999 animavit,
1618 1929 1877 1986 concito-

191 2027 310 2085 que
340 2011 495 2066 saltu
530 2011 714 2068 asolo
757 2012 1123 2081 exturbavit,
1157 2030 1227 2071 ac
1254 2015 1336 2072 ita
1361 2032 1396 2072 a
1422 2017 1705 2074 manibus
1732 2035 1874 2076 nos-

190 2100 290 2157 tris
321 2099 624 2173 elapsum,
658 2100 877 2156 vestris
907 2101 1123 2157 usibus
1154 2110 1561 2177 praeparatum
1584 2108 1874 2165 reforma-

188 2189 284 2245 vit.
313 2212 342 2239 »
369 2192 505 2256 Quo
539 2189 747 2246 audito
780 2189 987 2246 omnis
1026 2192 1487 2264 peregrinorum
1523 2200 1760 2255 caterva
1810 2198 1874 2255 in

184 2278 437 2334 laudum
468 2279 778 2351 przeconia
809 2279 1033 2352 erupit,
1062 2285 1376 2356 totumque
1407 2300 1609 2342 aerem
1636 2289 1872 2344 aemulis

182 2368 438 2425 vocibus
468 2373 750 2425 sanctam
780 2368 990 2425 Fidem
1021 2370 1272 2429 reboare
1304 2375 1626 2447 compellit.
1651 2377 1873 2434 Deinde

182 2457 421 2513 reddito
468 2457 697 2530 hospiti
754 2458 1008 2528 tergoris
1036 2460 1227 2532 pretio
1287 2462 1530 2533 (scilicet
1554 2471 1873 2537 argenteos

185 2546 343 2609 octo)
397 2547 611 2599 sancta
663 2542 881 2599 limina
930 2544 1347 2616 apostolorum
1396 2546 1512 2604 loeti
1561 2555 1868 2624 expetunt,

188 2632 573 2719 regressique
640 2631 721 2688 ad
778 2633 1029 2707 propria
1080 2635 1349 2691 vovitum
1409 2653 1663 2695 aureum
1714 2657 1871 2698 .cum

188 2721 420 2792 ingenti
467 2722 803 2792 gratiarum
836 2721 1073 2778 actione
1111 2724 1491 2796 persolvunt.

817 2810 1042 2865 CAPUT
1080 2811 1208 2864 XXI.

181 2893 263 2949 De
292 2893 490 2948 milite
518 2893 625 2964 qui
647 2892 722 2948 ab
747 2893 1171 2954 intestinorum
1204 2894 1568 2953 inordinatus
1596 2903 1866 2958 motibus

815 2982 1223 3054 fatigabatur.

247 3069 577 3127 Arvernico
608 3070 669 3128 in
695 3087 857 3145 pago
881 3071 1053 3127 miles
1082 3076 1209 3128 erat
1241 3076 1540 3144 strenuus,
1566 3075 1688 3145 cui,
1716 3078 1867 3136 insi-

185 3161 384 3218 diante
414 3160 765 3229 infortunio,
817 3161 1120 3229 interiora,
1154 3166 1376 3219 statum
1426 3180 1607 3220 suum
1629 3182 1751 3240 per
1777 3171 1868 3227 in-

192 3251 442 3308 terlunia
471 3251 828 3321 deserentia,
846 3268 984 3308 cum
1012 3267 1241 3323 magno
1264 3252 1686 3313 intestinorum
1710 3275 1873 3318 mur-

194 3356 359 3397 mure
398 3341 462 3396 in
487 3340 756 3397 verenda
780 3357 973 3415 usque
996 3341 1401 3414 erumpebant
1428 3361 1442 3412 ;
1498 3345 1657 3401 unde
1675 3349 1871 3408 nimio

148 3488 153 3493 ,
196 3448 451 3488 mcerore
480 3431 765 3503 attristus,
798 3436 1056 3489 mortem
1109 3448 1267 3505 saepe
1321 3432 1557 3501 orabat,
1607 3451 1684 3492 ne
1742 3440 1873 3497 haec

196 3525 497 3594 pateretur
525 3520 770 3578 diutius.
798 3524 941 3578 Post
983 3520 1245 3578 multum
1285 3538 1425 3578 vero
1476 3527 1741 3598 tempus,
1796 3530 1871 3587 de

197 3610 379 3666 milite
408 3609 597 3684 pedes
626 3610 839 3675 factus,
869 3610 1177 3667 consciam
1206 3611 1407 3667 morbi
1433 3629 1682 3671 uxorem
1723 3619 1871 3675 allo-

198 3698 401 3772 quitur
435 3717 450 3769 ;
483 3700 560 3772 [a]
591 3700 763 3771 cujus
788 3699 1039 3757 consilio
1070 3705 1280 3772 tectus,
1332 3707 1555 3759 sanctae
1588 3705 1740 3763 Fidis
1765 3708 1871 3766 de-

198 3788 413 3846 liberat
442 3790 846 3863 expetendum
874 3806 1058 3863 super
1076 3790 1193 3846 hoc
1216 3791 1602 3849 beneficium.
1637 3797 1871 3857 Muliere

201 3877 531 3934 reluctante
551 3882 609 3934 et
638 3878 828 3935 multa
857 3878 1197 3949 objiciente,
1229 3879 1325 3935 ille
1375 3887 1732 3955 conceptam
1762 3904 1869 3961 pe-

201 3968 362 4038 ragit
388 3969 773 4037 voluntatem,
798 3986 870 4025 ac
921 3970 1005 4026 ita
1036 3977 1313 4028 sanctam
1365 3972 1512 4030 adiit
1555 3974 1865 4046 virginem.

202 4057 394 4127 Cujus
432 4062 561 4112 ante
613 4058 1086 4115 sacratissimum
1145 4076 1368 4134 corpus
1425 4061 1677 4119 devotus
1732 4083 1868 4140 pro-

197 4145 515 4213 cumbens,
556 4163 665 4220 pro
693 4164 817 4221 quo
847 4152 1114 4218 venerat,
1145 4167 1287 4207 cum
1316 4150 1600 4225 lacrymis
1649 4157 1868 4229 saepius

196 4235 553 4307 ingeminat,
582 4254 651 4293 ac
704 4254 815 4311 pro
865 4238 1059 4296 salute
1113 4240 1445 4298 obtinenda
1474 4245 1867 4315 propensiora

196 4324 394 4382 fundit
414 4327 784 4399 precamina.
820 4329 1102 4402 Sequenti
1132 4346 1271 4388 vero
1326 4335 1501 4387 nocte
1538 4336 1674 4389 ante
1700 4351 1870 4393 sanc-

196 4420 324 4472 tum
352 4415 738 4472 mausoleum
767 4417 1037 4489 virginis,
1092 4425 1227 4492 post
1278 4420 1621 4478 orationum
1675 4426 1872 4483 studia

195 4504 544 4579 depressus,
572 4506 733 4563 videt
771 4507 885 4563 sibi
914 4512 1187 4566 sanctam
1218 4515 1547 4583 martyrem
1573 4513 1867 4587 assistere,

196 4598 254 4651 et
276 4595 463 4668 quasi
485 4595 939 4655 subverecundo
971 4598 1055 4672 (ut
1072 4616 1205 4657 mos
1231 4604 1321 4657 est
1346 4600 1700 4677 virginibus)
1729 4622 1869 4664 eum

196 4682 427 4758 alloqui
489 4700 763 4743 sermone
807 4704 819 4741 :
882 4710 910 4736 ‹‹
956 4688 1269 4745 Dormisne
1297 4689 1325 4744 ?
1379 4690 1651 4764 inquam.
1682 4712 1712 4747 ›
1758 4696 1869 4762 Qui

195 4789 339 4829 cum
371 4789 436 4829 se
462 4773 726 4832 dormire
755 4776 1181 4849 respondisset,
1210 4778 1391 4835 beata
1422 4779 1589 4850 virgo
1624 4783 1707 4841 ita
1726 4801 1866 4844 eum

194 4861 386 4919 fando
422 4864 843 4937 prosequitur:
879 4889 906 4917 «
935 4866 1097 4923 Scias
1129 4885 1248 4937 me,
1272 4869 1546 4942 inquam,
1576 4872 1864 4932 hactenus

193 4951 450 5008 minime
482 4952 666 5010 fuisse
726 4954 1165 5029 interpellatam
1212 4974 1324 5031 pro
1354 4958 1774 5030 hujuscemodi
1800 4981 1862 5021 re

195 5045 259 5096 ut
285 5040 403 5097 ista
427 5044 519 5097 est
544 5058 656 5115 pro
685 5059 810 5118 qua
829 5049 1036 5102 nostra
1066 5046 1348 5103 sollicitas
1381 5046 1690 5121 suffragia,
1723 5070 1861 5110 cum

194 5146 267 5186 ex
281 5129 537 5187 diversis
563 5133 793 5190 morbis
824 5134 1024 5192 valida
1052 5136 1406 5193 contulerim
1454 5139 1702 5208 agridia.
1748 5144 1860 5199 Sed

194 5234 269 5274 ne
294 5219 551 5277 omnino
580 5221 718 5278 hinc
746 5222 1121 5281 inconsultus
1168 5225 1373 5295 abeas,
1422 5243 1555 5300 quae
1584 5229 1686 5285 tibi
1718 5230 1862 5288 ﬁent

197 5306 533 5366 salubriora
563 5311 772 5384 paucis
800 5311 1106 5371 advertere
1136 5315 1472 5389 expediam.
1504 5317 1662 5374 Nosti
1690 5317 1859 5377 illum

196 5397 299 5469 qui
338 5409 505 5455 tuam
542 5399 751 5457 incolit
803 5402 1105 5471 viciniam,
1142 5403 1382 5460 fabrum
1434 5404 1749 5465 ferrarium
1776 5410 1803 5463 ἱ)
1828 5434 1854 5458 ››

200 5486 305 5548 Qui
328 5503 471 5543 cum
503 5488 619 5545 sibi
644 5491 889 5547 nomine
908 5496 964 5549 et
980 5492 1127 5549 facie
1150 5492 1303 5550 bene
1327 5497 1537 5550 notum
1567 5511 1695 5575 esse
1722 5498 1859 5554 sub-

203 5574 510 5645 intulisset,
549 5594 762 5636 rursus
790 5580 1002 5639 eadem
1032 5581 1237 5652 virgo:
1287 5602 1318 5637 «
1357 5582 1550 5653 Illum,
1582 5583 1855 5659 inquam,

1324 106 1455 162 LIB.
1497 104 1586 160 DE
1627 107 2009 172 MIRACULIS
2051 117 2337 181 SANCTE
2380 128 2577 186 FlDlS.

193 224 365 293 Quod
393 241 535 282 cum
573 223 930 282 tetendisset
988 225 1212 297 datori,
1263 245 1398 286 ecce
1444 234 1690 301 repente
1748 239 1889 305 post
1921 243 1970 296 Α
2000 239 2150 298 nihil
2180 251 2494 307 cunctatus
2520 269 2557 309 a

3567 167 3666 221 l62

2560 257 2865 329 ggredere,
2899 267 2957 319 et
2980 269 3045 323 ut
3064 283 3202 327 cum
3222 278 3489 339 maximo
3519 289 3667 345 mal-

1998 327 2221 435 leo,‘ex
2251 351 2375 409 quo
2408 342 2674 400 candens
2734 364 2939 407 massa
2968 370 3004 409 a
3042 356 3283 421 fornace
3341 368 3499 429 facta
3519 327 3668 435 2:;-

2000 421 2290 523 tunditur,
2322 427 2559 485 adnixis
2587 432 2813 492 viribus
2852 455 3001 512 roga
3029 461 3209 520 super
3232 421 3400 513 illam
3428 421 3665 533 passio-

1997 523 2155 611 nem.
2169 511 2231 568 in
2251 513 2471 575 incude
2499 521 2780 592 positam,
2836 511 2945 585 tibi
2985 511 3662 612 validissimumrictum

1996 598 2441 717 injiciathquod
2471 609 2736 717 celeriter
2760 616 3013 717 salutem
3060 624 3162 683 tibi
3192 598 3454 695 confer—et

2283 693 2293 703 ι
2360 694 2370 705 ι
2633 701 2644 712 ι
2885 707 2896 718 ο
3342 690 3354 692 ἡ
3368 690 3385 692 _
3404 690 3422 693 -
3437 690 3452 695 '
3503 690 3642 717 vr.“

1998 690 2198 805 tam!»
2230 695 2453 805 {inspue
2478 700 2696 799 verbis,
2731 708 3025 768 cachinno
3057 714 3397 794 simillimis,
3423 733 3662 805 stupore

1998 779 2178 880 simul
2198 784 2255 837 et
2279 783 2679 880 admiratione
2707 801 3120 874 prtemonitus,
3175 779 3397 871 somno
3418 779 3662 880 ebrium:

2209 874 2267 926 et
2276 872 2440 970 _quid
2473 875 2585 934 sibi
2617 865 2747 939 talis
2780 885 2926 944 visio
2958 865 3240 954 velit’alto
3268 865 3663 970 cardo-versat

1994 953 2242 1060 diutius.
2276 963 2541 1022 Tandem
2570 984 2712 1028 vero
2738 974 2990 1034 domum
3022 998 3352 1060 regressus,
3381 995 3661 1059 obﬁrma-

1997 1047 2056 1100 to
2077 1045 2139 1102 in
2170 1054 2428 1147 mortem
2456 1062 2716 1154 pectore,
2747 1062 2991 1125 fabrum
3021 1045 3397 1154 praedictum,
3421 1090 3661 1148 nemine

1998 1136 2260 1236 conscio,
2296 1143 2661 1219 aggreditur,
2696 1156 2752 1208 et
2807 1170 2939 1228 quae
2969 1136 3082 1217 sibi
3110 1179 3219 1235 per
3268 1136 3542 1234 sanctam
3572 1136 3661 1236 1³1Ϊ

1995 1221 2136 1330 dem
2162 1224 2455 1330 imperata
2483 1232 2720 1295 fuerant
2768 1241 3005 1303 intimat
3067 1221 3369 1315 secretius.
3432 1266 3659 1330 Quibus

1994 1310 2089 1419 ille
2120 1314 2362 1419 auditis,
2394 1322 2516 1419 toto
2552 1328 2752 1419 _cordc
2783 1333 3117 1409 collabitur,
3160 1310 3471 1419 neque'se"

1992 1402 2441 1517 phaptasticam
2465 1410 2935 1481 ludiﬁcationem
2979 1428 3107 1498 jam
3134 1402 3407 1495 acmirum
3425 1443 3578 1517 jurej
3589 1402 3656 1504 ι1ἶ

1993 1492 2189 1591 rando
2215 1498 2542 1558 attestatur.
2579 1528 2603 1555 ‹‹
2632 1510 2834 1577 Crede,
2861 1514 3136 1591 inquam,
3168 1524 3335 1597 mihi,
3387 1492 3651 1607 domine,

1912 1591 1953 1645 Β
1991 1580 2138 1684 quia
2170 1598 2295 1684 non
2336 1590 2646 1663 medentis,
2684 1600 2791 1655 sed
2844 1606 3042 1675 potius
3068 1580 3428 1675 ludificantis
3468 1582 3654 1684 verba

1990 1668 2307 1784 praesunt,
2334 1692 2593 1777 quorum
2621 1690 2848 1747 monita
2879 1693 2926 1749 si
2948 1698 3224 1757 credulus
3246 1713 3527 1784 prosequi
3557 1731 3653 1772 vo-

1988 1756 2194 1829 lueris,
2235 1767 2443 1824 mortis
2474 1775 2589 1828 tute
2620 1792 2757 1833 reus
2808 1784 2978 1851 argui
3008 1756 3277 1858 poteris.r
3295 1799 3412 1867 Ego
3426 1756 3651 1862 ‘ltamen

1991 1860 2394 1956 nequaquam.
2414 1858 2597 1931 hujus
2630 1866 2893 1926 criminis
2932 1889 3033 1930 ero
3083 1886 3292 1938 auctor
3322 1858 3443 1944 tam
3475 1858 3654 1963 pessi-

1989 1951 2073 1990 mi
2096 1952 2109 2003 ;
2135 1944 2273 1994 novi
2301 1944 2460 2002 enim
2488 1954 2698 2022 procul
2752 1960 3040 2033 ambiguo
3067 1980 3423 2039 prtesentem
3465 1944 3520 2036 te
3560 1982 3651 2037 in-

1987 2038 2229 2143 currere
2256 2038 2512 2143 mortem
2543 2055 2616 2139 ex
2643 2043 2776 2101 hoc.
2807 2066 2838 2099 «
2870 2052 2975 2106 Cui
2998 2038 3412 2120 utexcusatus
3441 2069 3648 2143 abiret,

1987 2110 2179 2227 1multa
2209 2122 2585 2227 conjectanti,
2615 2135 2671 2187 et
2689 2135 2881 2193 multa
2910 2146 3073 2199 metu
3090 2155 3423 2227 parentem,
3454 2157 3501 2211 si
3523 2116 3649 2215 ver:

1984 2198 2265 2317 bere‘suo
2292 2210 2476 2270 vitam
2503 2232 2640 2274 cum
2672 2221 2875 2281 dolore
2904 2198 3124 2302 finiret,
3151 2236 3211 2293 in
3258 2198 3470 2299 faciein
3494 2246 3648 2317 obji-

1987 2295 2181 2391 cienti,
2216 2313 2359 2392 mox
2386 2318 2568 2378 eques
2598 2309 2680 2367 illi
2700 2311 2884 2372 fidem
2916 2318 3056 2377 facit
3101 2326 3247 2383 nihil
3284 2330 3502 2390 horum
3536 2295 3648 2392 sibi

1986 2387 2414 2496 gignendum;
2455 2397 2607 2462 Quid
2631 2400 2807 2496 plura
2835 2406 2862 2461 ‘?
2894 2409 3247 2474 Sternuntur
3273 2436 3456 2496 super
3483 2424 3652 2481 incu-

1984 2465 2126 2524 dem
2174 2478 2524 2573 genitalium
2548 2488 2781 2557 turgida
2810 2494 3092 2568 palearia,
3136 2509 3314 2579 atque
3338 2465 3416 2567 $11
3462 2519 3657 2569 extre-

1985 2573 2154 2617 mum
2180 2570 2371 2626 ictum
2423 2586 2837 2649 praeparantur
2886 2589 3166 2650 morbida
3206 2570 3490 2658 verenda.
3540 2600 3659 2658 Sed

1984 2664 2125 2746 mox
2158 2658 2223 2710 ut
2248 2659 2524 2719 adductis
2555 2666 2788 2728 lacertis
2834 2674 3141 2738 sublatum
3187 2684 3249 2741 in
3278 2704 3419 2746 aera
3463 2689 3665 2746 cernit

1981 2752 2351 2804 immensum
2381 2752 2578 2811 mallei
2608 2760 2866 2831 pondus,
2898 2763 3232 2829 incredibili
3265 2792 3500 2847 pavore
3523 2794 3663 2836 con-

1983 2842 2214 2929 cussus,
2234 2842 2391 2896 retro
2420 2846 2735 2918 resupinus
2765 2850 3004 2927 labitur,
3032 2875 3102 2916 ac
3159 2842 3321 2922 velut
3349 2869 3669 2929 exanimis

1899 2949 1941 3005 Ο
1985 2917 2115 3030 solo
2136 2936 2277 3019 cum
2308 2931 2473 3030 gravi
2502 2932 2735 3005 fragore
2773 2944 3187 3007 membrorum
3237 2957 3667 3030 resupinatur.

1984 3008 2114 3072 Qua
2134 3009 2205 3111 in
2220 3018 2506 3116 praecipiti
2536 3025 2731 3093 ruina,
2763 3031 3034 3092 mirabile
3072 3038 3270 3098 dictu!
3327 3008 3665 3116 cdnfestim

1982 3103 2179 3206 pinnis
2216 3103 2320 3161 illa
2346 3107 2762 3174 intestinorum
2783 3121 3047 3182 ebullitio
3065 3127 3148 3184 ita
3175 3130 3427 3191 interius
3460 3103 3666 3206 rese:

1980 3186 2174 3259 betur,
2192 3197 2608 3292 .utnunquam
2641 3206 2881 3266 ulterius
2903 3212 2963 3269 in
2996 3216 3116 3274 vita
3142 3235 3252 3276 sua
3272 3223 3420 3281 foris
3454 3186 3658 3295 crs;-

1981 3294 2121 3384 pere
2151 3282 2464 3384 videretur.
2507 3292 2598 3349 Sic
2631 3295 2725 3352 ille
2765 3315 2876 3356 nec
2905 3308 3166 3364 cauterio
3198 3312 3477 3384 adustus,
3539 3282 3652 3384 υἷα

1982 3369 2160 3427 ullius
2192 3375 2441 3486 antidoti
2461 3384 2761 3454 amystide
2796 3397 3056 3464 curatus,
3088 3396 3408 3460 incolumis
3434 3369 3646 3486 evasit,

1984 3467 2202 3519 sancta
2218 3466 2405 3568 ‘Fidi-s,
2433 3475 2502 3568 ut
2523 3472 2866 3568 itaAdicam,
2893 3483 3094 3559 ludus,
3126 3492 3292 3549 omni
3313 3466 3646 3568 posteritati

1983 3565 2123 3655 cum
2179 3553 2483 3616 alacritate
2540 3563 2683 3620 satis
2742 3553 3170 3634 admirandum
3230 3553 3644 3655 spectaculum

1982 3638 2264 3747 facturus.
2296 3646 2392 3745 Sic
2411 3647 2513 3706 illa
2542 3656 2885 3724 ponderosa
2914 3662 3203 3723 allevatur
3252 3638 3508 3747 sarcina,
3560 3683 3644 3740 sic

1981 3730 2135 3827 dura
2153 3734 2495 3806 reprimitur
2523 3740 2873 3811 ignominia.
2908 3752 2998 3809 Sic
3028 3771 3138 3827 pro
3168 3762 3446 3820 terribilis
3479 3730 3640 3827 mor-

1982 3818 2054 3919 tis
2074 3820 2466 3931 horr’qre,”
2493 3829 2735 3931 laudem
2776 3842 2834 3893 et
2877 3818 3127 3909 gloriam
3161 3818 3639 3931 “nemina—rt);-

1980 3908 2081 4002 ris,
2111 3911 2429 3972 ineﬂ‘abilis
2458 3921 2663 3989 gaudii
2687 3908 2931 3984 curatus
2978 3932 3355 4002 perfunditur
3381 3908 3639 4002 immen-

1982 3998 2170 4093 sitate.
2205 4003 2347 4068 Quae
2378 4022 2471 4062 res
2499 4024 2574 4064 ne
2605 4011 2891 4084 cuiquam
2940 3998 3192 4079 ridiculo
3248 4027 3455 4085 similis
3482 4033 3638 4093 facta

1980 4086 2274 4187 videatur,
2306 4107 2375 4149 ac
2402 4110 2508 4167 per
2536 4095 2652 4153 hoc
2682 4101 2858 4159 nobis
2878 4106 3133 4166 conﬁcta
3151 4121 3486 4187 respuatur,
3512 4138 3638 4180 non

1982 4176 2321 4275 absurdum
2346 4182 2644 4275 ducimus,
2677 4191 3043 4252 Rodbertum
3062 4176 3488 4275 Cantojolensis

1982 4268 2227 4324 nasterii
2266 4270 2572 4343 abbatem,
2626 4278 2821 4337 virum
2872 4290 3201 4348 reverenda
3242 4268 3465 4355 canitie
3494 4268 3637 4359 satis

1981 4355 2326 4455 honestum,
2353 4361 2415 4417 in
2460 4364 2774 4437 publicum
2806 4373 3134 4449 advocare;
3165 4384 3336 4455 cujus
3371 4390 3633 4448 testimo-

1981 4447 2084 4504 nio
2103 4449 2218 4506 hoc
2246 4450 2422 4508 nobis
2452 4456 2902 4519 manifestatum
2945 4472 3033 4523 est
3084 4447 3256 4542 quod
3300 4476 3629 4549 referimus,

1981 4538 2124 4639 quia
2151 4539 2246 4596 ille
2277 4542 2381 4615 qui
2409 4559 2630 4616 passus
2650 4555 2735 4639 est
2762 4550 2939 4625 longe
2968 4538 3455 4632 positus,nostris
3474 4538 3633 4639 post:

1980 4628 2232 4723 modum
2258 4646 2385 4687 non
2414 4636 2694 4723 apparuit
2718 4639 3042 4700 obtutibus.
3069 4628 3226 4704 Illius
3254 4668 3395 4723 ergo
3426 4628 3504 4711 ab
3529 4672 3631 4714 ore

1977 4714 2316 4789 didicimus,
2344 4720 2448 4793 qui
2478 4737 2599 4779 non
2653 4725 2856 4800 inepta
2912 4732 3272 4805 adulatione,
3312 4714 3435 4796 non
3490 4743 3631 4803 ﬁcta

1976 4807 2323 4903 scurrilitate
2344 4826 2519 4903 aures
2542 4816 2750 4888 populi
2798 4819 3021 4892 palpat,
3055 4824 3160 4879 sed
3188 4826 3428 4884 veritate
3453 4832 3628 4903 quid-

1974 4895 2121 4968 quid
2150 4912 2252 4952 ore
2272 4899 2496 4970 profert
2519 4906 2921 4963 commendat.
2951 4910 3213 4982 Denique
3243 4913 3290 4968 si
3310 4914 3385 4970 de
3414 4895 3518 4977 tali
3541 4937 3629 4979 re-

1972 4984 2158 5042 latore
2185 4986 2514 5059 dubitatur,
2547 4993 2621 5049 de
2648 4993 2953 5052 beneﬁciis
2975 4998 3076 5053 Dei
3105 4999 3409 5063 dilﬁditur.

2596 5084 2818 5139 CAPUT
2854 5088 3005 5142 XXII.

1969 5166 2055 5221 De
2083 5167 2343 5250 quadam
2368 5174 2649 5250 matrona
2689 5188 2820 5252 qua?
2860 5181 3071 5252 contra
3100 5190 3372 5244 sanctam
3419 5191 3624 5252 Fidem

2262 5239 2440 5307 impie
2468 5256 2670 5311 agens,
2700 5239 3062 5305 mirabiliter
3092 5239 3337 5313 interiit.

2040 5326 2487 5423 Qaturcensium
2511 5330 2571 5386 in
2584 5332 2854 5403 partibus
2876 5354 2973 5394 res
2996 5341 3148 5399 mira
3169 5348 3625 5424 contigit,quam

1966 5413 2110 5484 quia
2140 5416 2549 5488 cunctipotens
2598 5424 2751 5478 Deus
2812 5443 2922 5500 pro
2967 5446 3171 5489 amore
3202 5413 3621 5508 virginissuae

1966 5506 2343 5559 monstruose
2372 5510 2608 5578 operari
2636 5512 2838 5581 voluit,
2870 5517 3008 5575 huic
3051 5506 3318 5595 dignum
3347 5527 3623 5587 ducimus

1964 5588 2465 5666 interponendum
2494 5597 2828 5662 lectioni.ln
2856 5588 3148 5681 praedicto
3168 5631 3306 5673 vero
3336 5620 3623 5678 territorio
