4048 6178
405 154 505 210 103
1380 152 1437 208 s.
1482 151 1884 210 rm.erle
1922 148 2404 211 CARNOTENSIS
2444 114 2885 213 Episcornsf

3727 158 3838 213 164

401 281 682 334 matrona
705 273 988 347 quadam
1018 277 1147 329 erat
1189 272 1434 345 nobilis,
1464 291 1600 348 qua
1626 280 1729 332 aut
1766 276 1912 351 quia
1938 292 2067 334 mu-
2102 281 2149 333 A
2180 281 2302 334 toto
2358 293 2606 351 corpore
2650 276 2958 345 emarcuit,
3019 293 3088 335 ac
3124 278 3417 336 horriﬁcis
3470 278 3840 336 stridoribus

401 365 614 422 lierum
636 378 827 434 genus
882 377 1119 433 semper
1174 378 1426 420 avarum
1469 363 1705 435 legitur,
1747 369 1852 422 aut
1906 369 2060 422 certe

401 452 699 510 diabolico
728 450 1031 521 instinctu,
1062 454 1283 508 terram
1313 456 1534 509 sancta
1570 454 1850 527 martyris
1900 453 2060 522 agris

401 542 523 597 suis
547 540 810 597 vicinam
830 539 1224 598 immoderate
1277 542 1638 615 concupivit,
1696 546 2059 614 arantesque

397 629 838 687 monachorum
861 628 1158 686 bubulcos
1181 629 1455 704 plurimis
1479 631 1726 688 affectos
1752 636 2058 687 contume-

396 719 488 775 liis
517 735 555 775 a
570 718 886 790 jugeribus
911 719 1154 792 expulit.
1186 720 1462 794 Sequenti
1518 737 1658 777 vero
1688 721 1784 777 die
1813 721 2057 795 proprio

394 824 638 865 vomere
670 824 742 866 ea
764 809 979 880 jugera
1030 825 1232 866 secare
1272 810 1425 878 fecit,
1460 827 1705 884 suaque
1734 809 1943 866 ditioni
1986 826 2058 866 ea

396 897 721 970 subjugare
763 900 1163 973 praesumpsit.
1218 904 1409 972 Atque
1456 900 1537 957 ita
1580 899 1801 956 caelesti
1847 899 2056 955 virtute

395 993 598 1046 actum
627 992 823 1059 estut,
840 989 990 1046 dum
1018 989 1119 1046 illa
1139 1006 1176 1047 a
1204 990 1328 1046 suis
1348 990 1616 1046 terminis
1644 1005 1857 1060 agrum
1887 989 2053 1047 illum

393 1078 753 1136 denormare
767 1078 1026 1151 juberet,
1050 1079 1391 1153 acriterque
1432 1079 1745 1152 insisteret,
1787 1083 2055 1136 actutum

2171 365 2439 437 garriens
2457 367 2753 424 infelicem
2784 366 3052 438 spiritum
3078 384 3219 425 orco
3240 367 3483 425 dimisit.
3511 370 3694 441 Cujus
3726 374 3848 425 ter-

2169 455 2323 513 ribili
2354 456 2513 513 exitu
2541 462 2808 514 aratores
2855 456 3030 513 valde
3078 458 3354 529 exterriti,
3378 458 3585 515 relicto
3631 464 3841 516 aratro

2170 543 2467 616 fugerunt,
2495 562 2566 602 ac
2590 546 2652 601 in
2678 561 2916 602 sommo
2957 545 3167 602 habitu
3206 546 3305 603 vix
3349 546 3665 620 palpantes
3721 546 3843 603 do-

2167 633 2334 690 mino
2364 650 2473 691 suo
2500 651 2627 691 rem
2657 639 2855 691 actam
2874 634 3217 691 retulerunt.
3252 635 3442 691 Atille
3469 651 3736 692 marens
3758 635 3843 691 de

2166 721 2432 778 mulieris
2460 722 2717 793 interitu,
2745 739 2855 796 pro
2899 723 3189 779 cadavere
3238 723 3419 796 misit,
3458 723 3843 798 allatumque

2167 815 2336 867 terra
2357 813 2779 879 condidit.Qua
2801 813 2900 869 tali
2924 813 3108 869 modo
3127 813 3435 882 exstincta,
3465 818 3623 870 terra
3653 832 3844 871 sane-

2168 906 2239 957 ta
2270 902 2551 974 martyris
2586 906 2707 957 tuta
2733 901 2811 958 ab
2840 901 3125 958 omnibus
3175 902 3480 972 remansit,
3507 907 3566 959 et
3589 904 3651 959 in
3702 921 3843 961 mo-

2166 990 2502 1047 nachorum
2531 994 2741 1064 postea
2759 989 2981 1046 ditione
3001 991 3208 1063 jacuit.

394 1275 2515 1307 ω

1704 1458 1899 1507 ΑΝΝο
1947 1458 2208 1507 DOMINI
2258 1458 2516 1507 MXXIX.

848 1643 1861 1791 SANCTUS
2028 1643 3374 1865 FULBEBTUS

1643 1901 2123 1960 CARNOTENSIS
2164 1901 2556 1958 EPISCOPUS.

1042 2082 1480 2172 NOTITIA
1568 2084 2161 2173 IIISTORICA
2241 2086 2371 2173 ΕΤ
2450 2084 3153 2173 LITTERABIA.

1583 2264 1847 2336 (Oudin.,
1880 2264 2104 2335 Script.
2133 2265 2361 2322 Eccles.
2399 2269 2465 2332 ll,
2491 2269 2617 2322 519.

458 2602 514 2656 S.
547 2598 858 2655 Fulbertus
890 2598 1274 2655 Carnotensis
1297 2598 1642 2672 episcopus,
1667 2600 1801 2656 vita
1832 2599 2044 2656 sancti-
2082 2604 2122 2657 Β
2152 2604 2359 2671 Deum,
2386 2601 2450 2657 in
2479 2601 2571 2656 his
2600 2617 2734 2674 qua
2761 2601 3115 2671 ingeruntur
3135 2601 3446 2671 molestiis,
3476 2604 3823 2661 consolatio

383 2688 589 2745 monia
616 2692 672 2744 et
699 2687 1033 2744 eruditione
1059 2704 1173 2744 sua
1220 2693 1391 2745 atate
1449 2688 1839 2757 clarissimus,
1893 2689 2047 2745 Guil-

381 2777 544 2833 lelmi
564 2776 903 2850 Aquitanici
931 2776 1101 2831 ducis
1122 2776 1346 2847 favore,
1379 2777 1644 2849 primum
1664 2778 2043 2835 Pictaviensis

384 2867 660 2924 Ecclesia
694 2869 750 2923 S.
775 2865 980 2922 Hilarii
1004 2866 1411 2922 thesaurarius
1426 2865 1640 2936 factus,
1658 2872 1724 2925 ut
1751 2868 2047 2940 fragmen-

382 2960 512 3012 tum
567 2955 835 3012 Historia
886 2954 1253 3028 Aquitanica
1301 2955 1493 3012 refert.
1549 2956 1834 3030 Idemque
1880 2957 2043 3029 leges

384 3044 549 3117 apud
590 3044 959 3100 Ademarum
1009 3044 1422 3101 Cabanensem
1461 3044 1523 3100 in
1555 3046 1866 3103 Chronico.
1897 3046 2046 3102 Insi-

383 3133 515 3205 gnis
542 3134 667 3190 vita
695 3138 753 3190 et
772 3133 1127 3204 eruditione,
1147 3134 1515 3208 lucernaque
1536 3135 1755 3192 ardens
1785 3153 1822 3194 a
1849 3136 2043 3192 Domi-

381 3241 462 3281 no
486 3224 757 3281 Ecclesia
789 3224 1105 3281 Gallicana
1162 3224 1527 3281 candelabro
1559 3241 1871 3295 accensus,
1930 3230 2042 3284 Ro-

378 3313 531 3371 herti
568 3313 725 3382 regis
778 3312 1282 3381 Christianissimi,
1333 3314 1428 3369 cui
1472 3314 1845 3384 gratissimus
1894 3320 2042 3386 erat,

379 3402 749 3471 auctoritate,
782 3402 1162 3459 Carnotensis
1214 3402 1533 3475 episcopus
1561 3408 1699 3476 post
1721 3404 2042 3461 Rodolfum

380 3498 615 3549 creatus
643 3497 755 3563 est,
789 3508 826 3549 a
865 3492 1188 3548 Lietberico
1225 3491 1676 3565 archiepiscopo
1727 3497 1784 3549 et
1829 3499 2044 3551 metro-

378 3582 649 3655 politano
678 3584 1091 3647 consecratus,
1142 3581 1663 3652 quemadmodum
1716 3582 1844 3655 ipse
1904 3585 2040 3640 Ful-

376 3672 582 3728 bertus
606 3671 867 3729 aﬂirmat
894 3668 1146 3743 epistola
1168 3674 1258 3739 23,
1283 3670 1362 3725 ad
1390 3670 1672 3726 eumdem
1707 3688 1719 3726 :
1745 3694 1773 3722 «
1796 3674 2041 3731 Multum

378 3763 602 3819 amoris
626 3767 806 3834 atque
830 3759 1148 3828 ﬁdelitatis,
1182 3759 1306 3827 tibi,
1328 3763 1512 3827 Pater,
1547 3777 1642 3817 me
1664 3762 1881 3820 debere
1900 3780 2038 3820 cen—

379 3868 504 3924 seo,
537 3869 644 3925 per
672 3853 846 3921 cujus
876 3864 1131 3905 manum
1176 3849 1655 3907 benedictionem
1696 3855 1752 3908 et
1802 3869 2039 3910 sacram

2156 2693 2213 2745 et
2239 2689 2552 2763 respiratio
2574 2689 2841 2746 funditus
2868 2691 3155 2763 pendent.
3183 2713 3211 2742 »
3235 2693 3419 2749 Suam
3445 2707 3586 2749 vero
3614 2693 3826 2750 humi-

2153 2778 2380 2835 litatem
2402 2779 2613 2835 astruit
2642 2778 2734 2834 his
2762 2779 2980 2848 verbis,
3010 2779 3265 2853 epistola
3287 2783 3355 2838 68
3384 2780 3464 2837 ad
3499 2781 3823 2839 0dilonem

2155 2868 2438 2925 abbatem
2466 2868 2917 2926 Cluniacensem
2947 2886 2960 2923 :
2995 2891 3021 2917 ‹‹
3057 2868 3249 2941 Decet,
3276 2874 3469 2943 pater,
3496 2875 3561 2927 ut
3583 2876 3645 2926 tu
3667 2887 3826 2944 quo-

2153 2973 2272 3030 que
2296 2957 2558 3014 vicissim
2590 2972 2688 3013 me
2714 2961 2885 3013 tuum
2914 2957 3220 3014 servulum
3248 2959 3322 3016 de
3342 2964 3398 3015 te
3427 2959 3820 3034 pendentem,

2154 3050 2329 3119 teque
2359 3062 2482 3102 non
2511 3046 2636 3102 sine
2666 3061 2892 3116 magna
2916 3045 3140 3103 ﬁducia
3163 3049 3827 3121 respectantem,sacris

2152 3134 2677 3191 intercessionibus
2716 3135 2982 3206 adjuves.
3010 3138 3155 3191 Sum
3175 3135 3336 3192 enim
3356 3137 3532 3194 valde
3564 3137 3823 3196 misera-

2151 3222 2287 3279 bilis
2317 3224 2523 3291 homo,
2556 3222 2660 3298 qui
2684 3240 2823 3279 cum
2851 3223 2929 3279 ad
2960 3225 3270 3298 propriam
3293 3241 3415 3282 non
3448 3226 3821 3298 suﬂicerem,

2153 3312 2232 3369 ad
2259 3313 2566 3386 publicam
2610 3329 2819 3370 curam
2881 3314 3083 3370 nescio
3125 3330 3249 3387 qua
3306 3332 3411 3372 seu
3448 3316 3680 3372 ratione
3709 3333 3822 3373 seu

2155 3403 2479 3459 temeritate
2509 3402 2834 3476 perductus
2865 3419 3023 3459 sum.
3068 3423 3098 3456 »
3156 3405 3391 3470 Quanta
3420 3421 3562 3461 vero
3602 3406 3818 3462 amici-

2151 3490 2233 3547 tia
2288 3491 2438 3548 inter
2484 3491 2686 3563 ipsum
2739 3497 2797 3547 et
2843 3491 3157 3549 0dilonem
3209 3492 3563 3567 pradictum
3614 3494 3817 3563 fuerit,

2149 3578 2325 3636 docet
2379 3580 2715 3636 monachus
2760 3579 3079 3653 Sylviniaci
3130 3581 3259 3637 hac
3299 3580 3565 3638 scribens
3594 3581 3658 3637 in
3685 3581 3822 3638 Vita

2152 3668 2464 3725 0dilonis:
2510 3691 2537 3715 «
2568 3671 2686 3724 Hoc
2740 3668 2985 3724 nomine
3037 3670 3432 3741 (Archangeh‘
3482 3672 3817 3727 monacho-

2149 3758 2304 3821 rum)
2337 3757 2623 3814 censebat
2651 3774 2789 3814 eum
2839 3757 3269 3832 appellandum
3301 3759 3360 3815 in
3406 3760 3530 3816 suis
3584 3776 3820 3817 sermo-

2147 3848 2327 3904 nibus
2357 3852 2413 3904 et
2441 3848 2723 3920 epistolis.
2753 3848 3065 3904 Fulbertus
3117 3848 3212 3905 ille
3243 3848 3357 3905 sibi
3404 3849 3819 3922 pracordialis

378 3944 722 4000 unctionem
748 3939 972 4012 accepi.
996 3957 1026 3991 ›
1052 3944 1103 3995 ls
1124 3940 1757 4013 autem,episcopalem
1782 3944 2041 4013 gradum
2081 3958 2120 4014 ρ
2149 3937 2398 4005 amicus,
2425 3938 2801 3995 Carnotensis
2833 3937 3172 4011 episcopus,
3204 3939 3266 3994 in
3319 3940 3631 3996 sanctitate
3686 3940 3816 3997 lau-

376 4035 709 4100 assecutus,
749 4028 1049 4084 libertates
1080 4028 1509 4085 ecclesiasticas
1529 4029 1763 4100 egregie
1815 4033 2041 4085 tutatus

375 4126 483 4187 est,
513 4125 577 4176 ut
597 4119 825 4193 passim
852 4118 1032 4174 variis
1089 4117 1352 4191 epistolis
1384 4117 1695 4188 signiﬁcat,
1748 4134 1902 4191 quas
1959 4118 2039 4174 ad

375 4209 688 4283 pontiﬁces
732 4208 1055 4275 maximos,
1087 4223 1257 4277 reges
1302 4211 1359 4263 et
1408 4208 1724 4280 episcopos
1782 4207 2034 4281 scripsit,

375 4315 635 4373 quarum
681 4297 988 4355 nonnulla
1045 4289 1279 4353 exstant
1330 4297 1407 4352 ad
1448 4299 1820 4354 Franconem
1880 4298 2038 4353 Pari-

376 4388 638 4444 siensem
666 4386 1005 4460 praesulem,
1036 4388 1121 4442 De
1167 4387 1549 4455 extirpandas
1578 4402 1609 4441 e
1652 4403 1837 4443 manu
1874 4388 2034 4443 [nica

376 4479 689 4548 beneﬁciis.
713 4480 779 4533 Et
799 4476 963 4549 apud
991 4478 1284 4531 Joannem
1303 4474 1650 4549 pontiﬁcem
1709 4477 2032 4534 Maximum

373 4568 631 4639 graviter
658 4565 1044 4640 conqueritur
1073 4565 1147 4621 de
1202 4564 1458 4621 Rodulfo
1518 4566 1753 4635 comite,
1803 4567 2032 4637 jurium

371 4657 643 4714 Ecclesia
664 4673 787 4713 sua
818 4671 1137 4729 pervasere
1160 4654 1467 4723 sacrilego,
1491 4654 1782 4711 auxilium
1799 4661 2035 4728 aposto-

369 4749 552 4805 licum
576 4747 937 4821 implorans:
956 4746 1217 4817 Magna,
1236 4745 1445 4817 inquit,
1466 4746 1791 4802 Fulbertus
1807 4752 1863 4803 et
1880 4761 2034 4815 pra-

371 4839 555 4895 etura
594 4836 881 4893 Ecclesia
908 4835 1172 4903 pusillus
1211 4835 1538 4903 episcopus.
1582 4834 2027 4906 Episcopatum,

370 4931 435 4983 ut
458 4925 954 4992 diximus,favore
978 4923 1215 4979 Roberti
1233 4922 1588 4993 regis,cujus
1610 4927 1809 4995 partes
1822 4928 2030 4979 contra

370 5016 778 5072 Constantiam
789 5012 1062 5083 reginam
1080 5012 1338 5084 graviter
1349 5017 1607 5069 sectatus
1627 5012 2028 5086 est,adeptum

370 5106 551 5162 fuisse
579 5108 828 5179 apparet
848 5120 922 5159 ex
950 5102 1205 5175 epistola
1234 5104 1313 5160 ad
1332 5102 1637 5174 eumdem,
1664 5119 1787 5175 qua
1826 5103 1900 5159 de
1923 5106 2029 5159 Go-

370 5195 583 5252 defridi
606 5193 971 5250 vicecomitis
993 5193 1267 5250 violentia
1292 5193 1583 5249 adversus
1605 5196 2028 5250 Carnotensem

370 5284 694 5341 Ecclesiam
717 5283 800 5340 sic
830 5288 1194 5356 conquestus
1223 5287 1311 5339 est
1343 5302 1355 5339 :
1389 5282 1721 5339 «Pietatem
1759 5287 2021 5339 vestram
2066 5316 2109 5369 Β

370 5390 508 5431 cum
540 5379 666 5432 tum
695 5373 839 5430 fletu
869 5372 1065 5428 cordis
1102 5378 1159 5429 et
1188 5373 1404 5428 mentis
1428 5387 1624 5443 genua
1656 5371 1793 5427 ﬂexi
1821 5387 2027 5445 preca-

370 5462 851 5532 mur,succurrite
869 5466 1089 5517 sancta
1104 5461 1202 5516 Dei
1225 5461 1474 5517 Genitris
1491 5459 1886 5528 Ecclesia,cui
1906 5475 2019 5515 nos

366 5552 571 5611 ﬁdeles
597 5558 827 5610 vestros
848 5556 1142 5625 quantum
1168 5567 1518 5623 possumus,
1557 5550 1693 5605 licet
1718 5548 2028 5619 indignos,

366 5658 622 5717 praesse
633 5643 900 5701 voluistis
920 5658 934 5709 ;
962 5655 1222 5712 quorum
1242 5657 1280 5697 a
1305 5641 1473 5698 vobis
1485 5639 1871 5698 solummodo
1885 5643 2027 5712 post

2147 4027 2385 4094 dabilis,
2414 4027 2476 4083 in
2506 4028 2799 4101 sapientia
2828 4027 3139 4097 mirabilis,
3159 4028 3219 4084 in
3251 4030 3423 4100 cujus
3450 4034 3644 4086 morte
3687 4035 3819 4087 stu-

2147 4117 2315 4173 dium
2341 4117 2735 4191 philosophia
2774 4118 2837 4173 in
2894 4118 3146 4175 Francia
3165 4119 3357 4191 periit,
3390 4124 3445 4175 et
3497 4119 3691 4190 gloria
3723 4137 3816 4178 sa—

2147 4207 2456 4265 cerdotum
2480 4223 2635 4280 pene
2678 4206 2917 4264 decidit.
2964 4230 2990 4257 »
3058 4208 3232 4274 Quod
3278 4212 3474 4266 autem
3532 4209 3818 4267 nonnulli

2146 4311 2285 4352 eum
2323 4297 2561 4353 Roberti
2607 4296 2763 4369 regis
2810 4296 2992 4354 fuisse
3037 4298 3461 4355 cancellarium
3514 4299 3811 4370 scribunt,

2146 4386 2517 4458 probationis
2540 4386 2603 4442 in
2630 4387 2995 4443 documento
3041 4386 3397 4453 destituitur,
3426 4404 3566 4445 cum
3597 4406 3814 4446 revera

2144 4476 2341 4547 potius
2396 4475 2786 4532 cancellarius
2810 4479 3061 4532 'tantum
3101 4478 3478 4534 Carnotensis
3529 4478 3812 4536 Ecclesia

2143 4564 2334 4622 fuerit.
2364 4568 2543 4623 Porro
2594 4582 2733 4622 cum
2765 4580 2927 4622 anno
2956 4570 3092 4622 1020
3122 4567 3266 4623 urbs
3297 4572 3353 4623 et
3382 4567 3630 4625 basilica
3660 4586 3811 4625 con-

2141 4654 2517 4727 ﬂagrassent,
2574 4655 2969 4712 fundamenta
3028 4655 3288 4712 ecclesia
3340 4656 3439 4713 Dei
3496 4658 3811 4715 Genitricis

2142 4743 2452 4799 Fulbertus
2472 4744 2633 4815 jecit,
2682 4742 3079 4817 eamdemque
3124 4743 3277 4799 miro
3306 4743 3547 4816 lapideo
3575 4744 3809 4803 fornice

2142 4838 2198 4889 et
2228 4832 2499 4889 tabulatu
2539 4832 2816 4906 perfecit;
2878 4848 3000 4905 quo
3047 4833 3293 4905 quidem
3346 4833 3566 4904 insigni
3620 4851 3807 4911 opere

2139 4922 2511 4995 pracipuam
2542 4922 2702 4996 apud
2734 4925 3005 4995 posteros
3029 4923 3293 4979 nominis
3326 4922 3417 4977 sui
3438 4925 3809 4997 propagavit

2140 5010 2390 5083 famam,
2403 5012 2689 5085 pecunias
2706 5009 3124 5084 suppeditante
3148 5011 3443 5085 imprimis
3470 5012 3807 5082 Anglorum

2138 5115 2296 5170 rege.
2332 5103 2451 5156 Hoc
2472 5100 2759 5157 discimus
2797 5116 2870 5155 ex
2915 5098 3217 5156 Willelmo
3269 5100 3805 5170 Malmeshuriensi,

2137 5188 2220 5245 lib
2246 5206 2284 5245 ιι
2313 5192 2393 5246 De
2424 5190 2605 5259 gestis
2629 5187 2977 5261 Anglorum,
3011 5189 3103 5244 his
3138 5189 3333 5246 verbis
3365 5208 3377 5246 :
3427 5210 3458 5245 ‹
3492 5192 3614 5247 Rex
3644 5192 3810 5248 Cnu-

2137 5282 2196 5335 to
2227 5279 2306 5336 ad
2327 5279 2758 5335 transmarinas
2788 5278 3081 5335 Ecclesias
3096 5278 3384 5351 pecunias
3405 5279 3811 5349 mittens,ma-

2134 5367 2294 5424 xime
2317 5370 2642 5424 Carnotum
2663 5367 2890 5436 ditavit,
2904 5366 3010 5424 ubi
3038 5372 3181 5423 tunc
3198 5367 3452 5426 florebat
3478 5368 3808 5425 Fulbertus

2134 5458 2476 5531 episcopus,
2507 5457 2570 5513 in
2608 5457 2914 5513 sanctitate
2941 5461 2998 5514 et
3028 5456 3413 5531 philosophia
3444 5459 3808 5516 nominatis-

2134 5546 2343 5602 simus.
2376 5547 2488 5613 Qui
2504 5548 2655 5603 inter
2681 5549 2895 5603 catera
2916 5545 3223 5603 industria
3253 5563 3375 5602 sua
3406 5548 3804 5621 documenta,

2134 5637 2405 5696 Ecclesia
2435 5638 2698 5697 domina
2719 5641 2937 5696 nostra
2966 5640 3185 5696 sancta
3214 5638 3430 5709 Maria,
3459 5640 3635 5711 cujus
3664 5639 3808 5697 fune
