4054 6188
199 139 295 191 105

183 357 249 406 tu
265 349 575 424 imposuit,
606 367 796 423 quam
833 349 1012 406 etiam
1064 367 1176 424 pro
1210 366 1391 425 posse
1453 348 1848 406 honorificare

187 440 460 509 studens,
495 440 739 496 musicis
796 439 1310 498 modulationibus
1367 438 1576 495 crebro
1623 437 1847 494 extulit.

186 532 430 596 Quanto
461 531 622 585 enim
645 545 852 585 amore
877 529 938 585 in
963 531 1254 585 honorem
1313 529 1559 598 Virginis
1611 527 1852 583 anhela-

185 621 353 687 verit,
375 618 594 692 poterit
619 619 912 690 conjicere
941 619 1044 691 qui
1075 618 1328 674 audierit
1355 622 1567 674 cantus
1595 617 1854 674 crrlestia

185 713 327 764 vota
359 714 670 764 sonantes.
710 733 735 757 ››
768 711 967 764 Exstat
993 708 1144 763 inter
1167 713 1380 764 caetera
1406 706 1700 779 opuscula
1723 707 1854 777 ejus

186 799 587 872 epistolarum
626 797 932 867 volumen,
960 797 1018 852 in
1044 813 1307 870 quarum
1340 814 1458 853 una
1481 796 1701 867 gratias
1734 795 1856 865 agit

188 886 444 941 llnutoni
481 886 1079 954 magniﬁcentissimo
1145 886 1290 956 regi,
1346 886 1513 959 quod
1568 884 1854 954 largitatis

187 993 310 1031 suae
343 976 582 1031 viscera
606 976 666 1031 in
692 991 984 1048 expensas
1013 975 1282 1031 Ecclesia:
1301 974 1680 1032 Carnotensis
1705 974 1852 1028 etfu-

186 1065 360 1122 derit.
395 1065 823 1122 Sacratissimaa
844 1080 983 1120 vero
1015 1064 1115 1120 Dei
1147 1063 1444 1133 genitricis
1501 1063 1690 1120 Mariae
1737 1079 1854 1118 ser-

185 1172 296 1210 vus
317 1154 774 1211 addictissimus
797 1153 926 1224 fuit,
959 1155 1132 1225 cujus
1155 1153 1366 1210 laudes
1391 1152 1675 1226 peculiari
1702 1152 1854 1208 libro

182 1245 396 1313 edidit,
424 1261 462 1300 a
489 1260 614 1320 qua
662 1248 1112 1302 renumeratum
1177 1243 1439 1300 tradunt.
1493 1247 1646 1299 Dum
1693 1243 1854 1298 enim

183 1335 406 1392 morbo
445 1338 756 1408 correptus
781 1337 960 1401 esset,
1007 1333 1221 1391 eadem
1273 1350 1380 1406 per
1410 1333 1609 1389 visum
1664 1349 1853 1406 appa-

181 1440 321 1480 rens
353 1423 555 1493 Virgo,
580 1439 750 1479 sacra
777 1423 967 1479 ubera
993 1422 1111 1496 ipsi
1159 1423 1433 1494 sugenda
1486 1422 1738 1495 aperuit,
1791 1425 1856 1479 ut

181 1513 522 1578 Albericus,
554 1512 732 1582 longe
757 1519 958 1568 tamen
980 1513 1058 1568 ab
1087 1513 1202 1568 hoc
1242 1517 1509 1584 tempore
1566 1517 1851 1580 remotus,

183 1601 350 1657 testis
381 1605 476 1656 est
505 1601 568 1656 in
591 1600 881 1657 Chronico
915 1601 994 1656 ad
1024 1616 1253 1656 annum
1284 1604 1418 1656 1022⁹
1452 1618 1464 1654 :
1527 1625 1552 1649 «
1584 1601 1857 1656 Florebat

183 1690 515 1746 Fulbertus
545 1689 883 1762 episcopus,
913 1689 1220 1746 sanctitate
1251 1695 1309 1745 et
1345 1689 1727 1762 philosophia
1749 1706 1857 1746 no-

185 1780 656 1851 minatissimus,
700 1780 800 1852 qui
859 1779 1252 1836 fundamenta
1292 1784 1513 1836 sanctae
1585 1780 1859 1837 Ecclesia!

189 1871 292 1928 Dei
312 1868 628 1926 Genitricis
661 1869 819 1940 jecit,
847 1873 904 1925 et
934 1869 1147 1926 eadem
1175 1869 1421 1943 perfecit
1439 1868 1594 1926 miro
1622 1870 1860 1944 lapideo

189 1959 472 2016 tabulatu
502 2003 516 2028 ,
545 1959 652 2032 qui
681 1959 860 2014 etiam
891 1959 970 2015 ab
998 1959 1210 2016 eadem
1242 1959 1342 2015 Dei
1371 1959 1660 2016 Geuitrice
1690 1961 1750 2016 in
1777 1961 1861 2016 in-

189 2049 480 2106 ﬁmitate
511 2066 618 2105 sua
647 2048 916 2110 visitatus
955 2065 1084 2104 esse
1109 2048 1325 2105 dicitur
1353 2052 1430 2120 ζει
1455 2050 1530 2106 de
1561 2051 1690 2121 ejus
1711 2050 1860 2107 lacte

191 2138 579 2195 sanctissimo
603 2139 925 2196 recreatus.
952 2138 1057 2194 Hic
1087 2138 1247 2194 enim
1267 2139 1458 2194 multo
1475 2145 1682 2196 amore
1713 2145 1770 2197 et
1785 2140 1863 2196 fe-

188 2228 488 2285 licissimo
515 2228 578 2284 in
604 2229 898 2284 honorem
919 2227 1108 2284 beatis
1139 2227 1328 2284 Mariae
1349 2227 1594 2296 virginis
1629 2229 1727 2284 Dei
1759 2231 1857 2284 Ge-

191 2317 421 2374 nitricis
451 2316 694 2386 exarsit,
719 2333 876 2390 quos
904 2315 1230 2373 ostendunt
1257 2320 1467 2372 cantus
1501 2333 1656 2389 quos
1693 2318 1768 2374 de
1790 2334 1862 2374 ea

193 2407 294 2463 ille
322 2405 535 2475 edidit,
569 2406 830 2463 coelestia
850 2409 992 2462 vota
1019 2404 1373 2461 sancientes.
1434 2409 1588 2462 Inter
1643 2411 1862 2464 caetera

190 2497 323 2567 ejus
352 2512 542 2568 opera
565 2501 760 2552 exstat
787 2495 1182 2569 Epistolarum
1211 2494 1514 2552 volumen.
1553 2519 1578 2544 ››
1638 2499 1703 2552 Et
1733 2497 1864 2552 Wil-

191 2586 413 2643 lelmus
439 2585 998 2652 lalmesburiensis,
1024 2585 1126 2642 lib.
1179 2601 1257 2651 in,
1291 2588 1368 2641 De
1419 2585 1599 2655 gestis
1645 2586 1860 2658 Anglo-

201 2693 364 2741 rum,
390 2675 555 2730 idem
588 2680 853 2746 testatur,
884 2675 1120 2731 loeutus
1151 2674 1226 2730 de
1259 2675 1610 2746 Berengario
1663 2677 1863 2733 Ande-

197 2764 450 2836 gavensi
485 2764 906 2821 archidiacono
935 2781 1046 2820 suo
1067 2764 1211 2820 olim
1233 2764 1294 2820 in
1317 2764 1525 2820 schola
1548 2771 1866 2822 (Zarnoten-

197 2856 244 2910 si
273 2854 600 2928 discipulo:
634 2878 662 2903 «
685 2854 1072 2924 Berengarius
1097 2855 1295 2927 plane,
1329 2856 1719 2927 quantumvis
1737 2856 1864 2928 ipse

199 2943 562 3001 sententiam
588 2944 922 3010 correxerit,
955 2961 1166 3001 omnes
1195 2960 1350 3017 quos
1407 2961 1481 3000 ex
1533 2945 1668 3000 totis
1699 2946 1866 3002 terris

201 3035 661 3108 depravaverat,
693 3039 1032 3090 convertere
1080 3035 1366 3108 nequivit.
1416 3035 1588 3100 Quod
1642 3036 1866 3108 episco-

205 3140 350 3197 pum
381 3125 812 3180 Carnotensem
845 3123 1205 3190 Fulbertum,
1237 3139 1420 3196 quem
1479 3124 1710 3180 Domini
1757 3128 1870 3182 Ma-

205 3217 288 3268 ter
317 3211 470 3268 olim
489 3215 786 3281 aegrotum
815 3211 963 3267 lacte
1007 3211 1417 3268 mamillarum
1469 3228 1717 3268 suarum
1743 3214 1872 3270 visa

207 3301 315 3357 fuit
345 3317 590 3372 sanare,
618 3300 965 3374 praedixisse
993 3301 1178 3356 aiunt.
1213 3304 1360 3356 Nam
1410 3319 1549 3357 cum
1603 3302 1660 3358 in
1690 3308 1875 3360 extre-

209 3391 321 3446 mis
340 3390 612 3462 positum
641 3389 813 3446 multi
839 3389 1161 3457 visitarent,
1193 3393 1250 3446 et
1295 3390 1518 3448 aedium
1571 3393 1874 3465 capacitas

207 3479 301 3535 vix
327 3477 778 3534 conﬂuentibus
801 3477 1113 3544 sufficeret,
1137 3477 1230 3534 ille
1259 3479 1411 3534 inter
1440 3481 1750 3554 oppositas
1780 3498 1876 3539 ca-

211 3573 402 3626 tervas
435 3567 617 3624 oculo
656 3567 906 3624 rimatus
939 3569 1382 3638 Berengarium,
1414 3569 1551 3625 nisu
1600 3588 1722 3643 quo
1769 3589 1877 3628 va-

209 3658 312 3714 luit
367 3657 796 3731 expellendum
847 3657 1092 3722 censuit,
1139 3661 1496 3730 protestatus
1547 3659 1878 3718 immanem

212 3748 546 3806 draconem
602 3762 792 3821 prope
845 3763 985 3802 eum
1051 3747 1393 3818 consistere,
1429 3748 1771 3823 multosque
1801 3750 1880 3806 ad

215 3856 350 3896 eum
379 3837 766 3912 sequendum
793 3837 1138 3894 blandiente
1166 3854 1356 3894 manu
1385 3843 1442 3894 et
1469 3838 1619 3895 illice
1651 3841 1880 3896 anheli-

216 3933 280 3986 tu
306 3930 980 4000 oorrumpere.Demum
1011 3944 1042 3986 c
1073 3927 1218 3984 vivis
1245 3927 1494 3984 excessit
1517 3945 1679 3986 anno
1723 3936 1878 3999 1029,

220 4017 316 4075 die
360 4023 427 4074 10
451 4017 690 4092 Aprilis.
730 4021 794 4074 In
814 4017 1187 4092 quibusdam
1218 4035 1362 4074 mss.
1393 4034 1555 4076 anno
1602 4024 1760 4089 1028,
1819 4020 1882 4076 in

221 4107 350 4164 ede
369 4107 560 4164 sancti
589 4105 736 4164 Petri
766 4107 828 4163 in
852 4107 1034 4178 Valle,
1068 4107 1397 4164 tumulatus
1426 4107 1642 4163 dicitur
1693 4125 1704 4162 :
1751 4125 1882 4164 ma-

219 4214 336 4270 gna
355 4196 691 4254 sanctitatis
718 4201 774 4253 et
803 4197 1083 4254 doctrinae
1122 4197 1405 4272 opinione
1437 4197 1667 4268 passim
1718 4215 1883 4254 com—

1303 131 1582 190 NOTITIA
1623 128 1994 188 HISTORICA
2043 129 2127 184 ET
2176 130 2440 188 Ll’l‘TEB.

183 260 475 317 damenta
497 259 742 331 jecerat,
773 275 1079 315 summam
1107 274 1360 316 manum
1388 258 1640 316 mirifico
1670 256 1845 314 effec-
1878 259 1924 310 A

3513 144 3615 196 166

2037 259 2176 310 Item
2205 255 2332 312 haec
2358 255 2629 314 carmina
2655 257 2732 314 de
2761 257 2980 316 eodem
3003 259 3301 330 leguntur.

2085 424 2242 484 Quem
2267 423 2366 476 tibi
2397 425 2626 478 Carnotis
2649 427 2893 478 concessit
2915 429 3023 478 fons
3044 429 3304 484 bonitatis.

2147 485 2391 557 Doctrina)
2412 487 2638 557 (luvium
2657 490 2879 557 duplicis
2900 493 3184 557 egregium,

2086 547 2386 615 Pontiﬁcum
2403 550 2576 615 sidus_,_
2603 547 2872 615 Fnlb'ertus
2893 547 3116 615 fulgidus
3137 547 3270 610 actu,

2153 611 2316 685 Vestis
2343 610 2675 685 pauperibus,
2703 613 2864 685 victus
2887 623 2937 663 et
2965 610 3201 685 assiduus
3217 639 3238 685 _:

2086 673 2316 742 Inclusus
2335 673 2467 742 jacet
2499 674 2598 734 hic,
2635 675 2792 725 factus
2827 675 2887 724 de
2919 679 3127 742 pulvere
3145 680 3332 742 pulvis,

2138 734 2214 805 _Et
2245 734 2560 805 praenotatur
2582 752 2780 805 surgere
2813 734 2934 787 cum'
2947 734 3176 805 reliquis.

2091 797 2346 847 Virtutum
2368 800 2551 852 cultor,
2583 797 2820 850 vitiorum
2846 797 3187 857 mortiﬁcator,

2152 860 2446 928 Atixiliantc
2471 863 2594 918 Deo,
2627 863 2845 926 perstitit
2871 877 2900 910 a
2931 879 3099 928 puero.

2088 921 2548 992 Bis_flenos_annos,
2585 921 2738 988 atque
2762 921 3354 992 _unum'_dimidinmquc.

2153 983 2299 1046 Virgo
2331 985 2505 1039 Maria,
2529 995 2626 1050 tu_ze
2653 983 2854 1050 praefuit
2868 989 3106 1038 ecclesiae.

2091 1045 2404 1116 Ingressurus
2435 1057 2538 1096 erat
2565 1045 2783 1098 Phoebus
2814 1059 2924 1116 post
2959 1052 3158 1116 lumina
3179 1061 3369 1116 septem

2193 1124 2390 1165 aurum,
2414 1124 2525 1159 cum
2568 1112 3053 1162 masstum'deseruit
3075 1112 3338 1178 populum.

2040 1243 2181 1314 Ejus
2255 1245 2447 1315 Opera
2498 1244 2845 1315 singulatim
2893 1245 3185 1319 impressa
3237 1247 3471 1304 Parisiis
3517 1265 3618 1305 an.

1967 1335 2124 1400 1608,
2153 1335 2280 1386 tum
2310 1336 2523 1404 postea
2549 1332 2824 1389 immissa
2852 1333 2913 1389 in
2945 1337 3180 1391 tomum
3205 1339 3268 1392 XI
3297 1337 3622 1395 Bibliothe-

1963 1437 2046 1476 ca:
2084 1421 2639 1491 VeterumlPatrum
2660 1421 2937 1478 editionis
2969 1423 3337 1481 Coloniensis
3354 1430 3620 1494 an.1618,

1964 1507 2067 1564 ubi
2091 1507 2372 1578 leguntur
2399 1509 2661 1578 epistolae
2691 1509 3019 1582 CXXXIV,
3046 1527 3344 1570 sermones
3374 1515 3622 1586 quidam

1897 1614 1935 1667 Β
1964 1614 2158 1654 canon
2220 1599 2292 1655 de
2345 1601 2699 1668 pamitentia
2747 1601 3093 1672 mulierum,
3144 1602 3354 1673 hymni
3392 1605 3625 1676 aliquot

1964 1705 2098 1745 cum
2144 1691 2361 1759 prosis,
2414 1696 2710 1747 tractatus
2759 1691 3043 1748 adversus
3070 1693 3311 1749 Judwos
3341 1700 3624 1766 negantes

1963 1779 2149 1836 Jacob
2178 1782 2485 1837 morientis
2511 1780 2892 1851 prophetiam
2926 1797 2940 1836 :
2975 1785 3102 1838 Non
3132 1782 3432 1840 auferetur
3464 1801 3626 1858 scep-

1965 1873 2125 1925 trum
2153 1870 2430 1942 de’iluda,
2462 1875 2597 1941 etc.,
2619 1872 2684 1926 in
2712 1871 2952 1928 Christo
2999 1873 3250 1928 Domino
3297 1873 3489 1942 fuisse
3514 1875 3625 1930 im-

1963 1961 2210 2030 pletum.
2245 1961 2573 2034 Dejquibus
2606 1959 2998 2018 Bellarminus
3037 1965 3096 2019 et
3133 1961 3426 2036 Labbeus,
3473 1979 3626 2037 quo-

1965 2067 2102 2106 rum
2125 2050 2185 2108 in
2216 2050 2704 2126 supplementum
2751 2051 3034 2107 addimus
3065 2056 3296 2108 exstare
3354 2052 3626 2124 ejusdem

1967 2139 2224 2196 Fulberti
2245 2142 2554 2210 epistolam
2584 2141 2658 2197 de
2678 2141 2854 2197 rebus
2899 2142 3184 2199 Ecclesia:
3235 2144 3508 2214 religiose
3572 2149 3627 2200 et

1967 2237 2142 2289 caute
2169 2230 2618 2298 distribuendis,
2651 2234 2817 2286 tomo
2847 2234 2889 2286 ll
2943 2230 3240 2305 Spicilegii
3295 2234 3464 2288 Lucae
3523 2235 3631 2288 Da-

1968 2319 2171 2388 chcrii,
2231 2334 2374 2392 pag.
2433 2325 2533 2376 827
2591 2319 2868 2376 editionis
2922 2319 3285 2378 Parisiensis.
3347 2322 3630 2394 Ejusdem

1967 2425 2213 2488 quoque
2242 2409 2486 2466 nomine
2519 2409 2685 2482 apud
2714 2409 2954 2466 Surium
2972 2409 3036 2465 in
3072 2410 3345 2481 probatis
3399 2417 3632 2469 sancto-

1969 2516 2104 2556 rum
2148 2499 2292 2553 Vitis
2321 2497 2401 2554 ad
2429 2497 2592 2554 diem
2651 2502 2714 2554 13
2759 2497 3119 2570 Decembris,
3177 2516 3239 2572 p.
3301 2499 3448 2556 mihi
3502 2505 3627 2570 989,

1980 2591 2114 2646 Vita
2134 2589 2332 2646 sancti
2348 2589 2606 2644 Auberti
2634 2587 3081 2644 Cameracensis
3111 2590 3389 2660 episcopi,
3443 2607 3631 2664 quam

1971 2678 2078 2736 etsi
2105 2676 2382 2733 mutilam
2415 2676 2620 2734 Surius
2666 2675 2936 2746 ediderit,
2979 2675 3275 2747 integram
3298 2681 3500 2735 tamen
3525 2681 3634 2736 ha—

1971 2768 2117 2824 bent
2139 2766 2349 2822 fratres
2378 2765 2508 2836 ejus
2538 2764 2818 2836 abbatiaa,
2847 2787 2866 2835 -_
2877 2781 3014 2839 quae
3055 2781 3280 2822 nomen
3331 2766 3517 2840 ipsius
3572 2769 3636 2824 in

1973 2857 2123 2913 urbe
2151 2854 2564 2914 Cameracensi
2587 2855 2844 2928 praefert,
2886 2859 2951 2910 ut
3004 2855 3271 2912 scribunt
3338 2858 3637 2912 Sammar-

1911 2969 1954 3026 ρ
1979 2947 2144 3004 thani
2169 2945 2400 3016 fratres,
2427 2949 2571 3002 tom.
2604 2949 2623 3000 l
2649 2944 2848 3002 Galliae
2873 2945 3218 3003 Christianae
3242 2946 3304 3002 in
3336 2945 3630 3018 archiepi—

1980 3036 2177 3110 scopis
2219 3034 2771 3103 Cameracensibus,
2806 3051 2867 3108 p.
2889 3040 3016 3093 233.
3054 3040 3196 3092 Item
3249 3037 3328 3094 ad
3353 3037 3640 3094 eumdem

1981 3121 2326 3178 Fulbertum
2355 3124 2782 3178 Carnotensem
2823 3119 3178 3193 episcopum
3209 3126 3453 3195 spectat.
3501 3124 3640 3178 Ser-

1979 3231 2073 3270 mo
2103 3213 2175 3269 de
2215 3214 2636 3282 Assumptione
2686 3212 2868 3268 beata
2930 3214 3141 3268 Maria:
3205 3214 3486 3284 Virginis,
3534 3212 3642 3285 qui

1981 3306 2176 3359 exstat
2197 3301 2350 3358 inter
2379 3303 2572 3374 Opera
2613 3301 2754 3358 divo
2795 3301 3127 3373 Augustino
3185 3299 3518 3374 supposita,
3578 3299 3642 3356 in

1983 3391 2362 3449 sermonibus
2393 3391 2734 3464 suppositis,
2764 3406 3039 3448 sermone
3064 3395 3187 3460 208,
3229 3389 3346 3447 col.
3371 3394 3503 3446 1313
3530 3406 3640 3446 no-

1983 3480 2240 3538 vissimae
2264 3479 2560 3550 editionis,
2586 3496 2774 3553 quam
2827 3484 3300 3552 procuraverant
3351 3479 3444 3534 his
3501 3483 3644 3535 tem-

1985 3571 2236 3644 poribus
2252 3573 2449 3625 Patres
2478 3569 2776 3625 Benedicti
2794 3569 2939 3625 Galli
2957 3568 3436 3640 congregationis
3455 3569 3644 3625 sancti

1987 3659 2187 3718 Mauri.
2246 3659 2510 3731 Denique
2587 3659 2861 3729 ejusdem
2941 3659 3249 3730 egregium
3309 3657 3646 3715 invenimus

1987 3753 2307 3808 tractatum
2331 3747 2392 3804 in
2412 3746 2560 3803 illud
2590 3749 2874 3804 Actorum
2900 3764 3000 3815 xu,
3033 3764 3190 3803 vers.
3213 3753 3230 3802 1
3255 3749 3446 3804 :Misit
3461 3749 3650 3804 Hero-

1989 3841 2090 3898 des
2120 3855 2230 3896 rex
2254 3853 2490 3909 manus,
2515 3842 2624 3893 etc.
2658 3854 2771 3893 ms.
2805 3837 2868 3892 in
2898 3836 3260 3892 bibliotheca
3305 3837 3647 3910 Longipon-

1991 3929 2087 4002 tis,
2123 3926 2521 3986 Cisterciensis
2554 3926 2799 3992 ordinis,
2857 3926 2918 3980 in
2978 3925 3326 3996 episcopatu
3387 3925 3651 3983 Suessio-

1993 4019 2184 4089 nensi,
2215 4033 2399 4090 quem
2429 4032 2590 4072 anno
2623 4020 2758 4070 1692
2781 4013 3056 4084 Lugduni
3079 4015 3437 4070 Batavorum
3467 4015 3650 4071 edidi-

1994 4126 2131 4165 mus
2161 4109 2223 4163 in
2253 4113 2306 4174 8;
2340 4105 2506 4180 apud
2531 4107 2768 4160 Petrum
2795 4107 2921 4159 Van
2950 4103 3057 4160 der
3082 4104 3364 4172 Meerche,
3393 4105 3506 4160 sub
3535 4105 3653 4161 hoc

1993 4198 2183 4266 titulo,
2225 4197 2498 4252 Veterum
2526 4195 2757 4265 aliquot
2792 4194 3010 4249 Galliae
3039 4209 3111 4250 ac
3165 4195 3368 4265 Belgii
3407 4197 3654 4265 scripto-

222 4285 608 4377 mendabilis,
641 4302 828 4377 quam
855 4285 1058 4359 utique
1082 4285 1492 4377 depraedicant
1531 4285 1749 4377 Dlaber
1764 4303 1886 4377 mes
1922 4323 1966 4377 Β
1996 4305 2132 4344 rum
2152 4286 2457 4377 AUpuscula
2489 4299 2666 4377 sacra
2693 4299 2717 4352 ,·
2767 4283 2948 4356 idque
2979 4299 3084 4377 ne__
3106 4283 3280 4356 lapsu
3311 4288 3652 4377 temporum

223 4381 512 4444 moratus,
545 4374 836 4433 Chronica
874 4380 933 4432 et
977 4381 1251 4432 auctores
1303 4375 1565 4448 plurimi.
1628 4375 1886 4433 Fulberti

225 4465 600 4542 epitaphium
629 4463 741 4520 tale
763 4464 830 4522 in
852 4481 1001 4520 mss.
1034 4464 1237 4522 codice
1263 4463 1554 4535 reperitur
1585 4481 1598 4520 :

286 4558 473 4612 Anno
503 4553 582 4610 ab
610 4554 1027 4612 incarnatione
1050 4555 1291 4610 Domini
1352 4558 1510 4622 1028,
1567 4570 1626 4609 1v
1682 4554 1815 4610 idus

293 4645 556 4715 Aprilis,
585 4643 728 4700 obiit
753 4644 1006 4702 dilectus
1033 4645 1155 4700 Deo
1178 4649 1234 4699 et
1264 4643 1604 4701 hominibus
1630 4645 1818 4700 Pater

302 4739 509 4790 noster
552 4733 907 4790 venerandae
956 4733 1252 4790 memoriae
1294 4731 1640 4803 Fulbertus,
1693 4747 1818 4790 suae

303 4823 666 4893 tempestatis
703 4823 1056 4893 pontiﬁcum
1109 4822 1309 4891 decus,
1361 4823 1471 4878 tua:
1510 4823 1818 4890 prmelara

303 4913 528 4968 mundo
553 4913 726 4968 aDeo
754 4911 922 4979 data,
949 4925 1287 4982 pauperum
1311 4915 1698 4981 sustentator,
1725 4913 1820 4968 de-

303 5004 637 5060 solatorum
664 5003 1026 5070 consolator,
1040 5000 1397 5072 praedonum
1427 5006 1483 5056 et
1512 5002 1818 5058 latronum

307 5095 669 5161 refrenatur.
700 5093 795 5147 vir
822 5091 1353 5162 eloquentissimus,
1375 5091 1428 5146 el
1459 5090 1824 5159 sapientissi-

309 5198 434 5238 mus
461 5188 592 5238 tam
623 5183 685 5237 in
713 5181 931 5238 divinis
973 5195 1156 5254 quam
1212 5181 1276 5236 in
1330 5179 1672 5238 liberalium
1721 5194 1822 5235 ar-

310 5274 453 5327 tium
483 5271 675 5326 libris.
701 5271 818 5338 Qui
839 5271 920 5326 ad
949 5269 1446 5327 restaurationem
1472 5269 1670 5325 sancti
1684 5276 1824 5324 tem-

303 5361 394 5429 pli
416 5376 544 5417 sua:
573 5359 860 5426 dilecesia,
892 5359 1052 5431 quod
1075 5359 1201 5428 ipse
1229 5364 1362 5428 post
1419 5357 1764 5414 incendium
1789 5372 1828 5414 a

306 5449 706 5518 fundamento
737 5447 1102 5516 reaediﬁcare
1133 5452 1411 5516 coeperat,
1441 5446 1654 5502 bonam
1683 5459 1831 5516 par-

312 5542 420 5594 tem
443 5539 590 5594 auri
617 5537 713 5591 sui
740 5541 794 5592 et
825 5538 1065 5606 argenti
1093 5536 1359 5606 reliquit.
1384 5536 1464 5590 Et
1491 5536 1831 5605 disciplina:

311 5640 378 5682 ac
401 5625 720 5697 sapientia
747 5624 934 5680 radiis
967 5625 1159 5680 locum
1217 5623 1393 5681 illum
1435 5624 1828 5696 illuminavit,

314 5723 364 5771 et
392 5716 634 5774 clericis
661 5715 784 5770 suis
814 5714 1008 5771 multa
1029 5713 1184 5771 bona
1211 5715 1374 5783 fecit.

1994 4375 2273 4434 interiret.
2315 4375 2518 4442 Agunt
2574 4373 2649 4428 de
2701 4378 2909 4430 sancto
2965 4373 3262 4443 Fulberto,
3309 4373 3651 4430 Baldericus

1997 4463 2404 4524 Noviomensis
2425 4462 2768 4536 episcopus,
2795 4461 2858 4518 in
2885 4462 3176 4520 Chronico
3211 4462 3648 4530 Cameracensi,

1995 4557 2098 4614 lib.
2131 4572 2170 4622 ι,
2199 4569 2334 4627 cap.
2365 4560 2454 4620 77;
2489 4552 2771 4609 Henricus
2816 4552 3244 4618 Gandavensis,
3296 4553 3400 4624 qui
3445 4552 3524 4608 ab
3581 4567 3654 4606 eo

1997 4651 2240 4704 auctore
2270 4642 2625 4714 Catalogum
2652 4657 2830 4698 suum
2858 4641 3083 4714 incipit,
3131 4641 3484 4698 Fulbertum
3515 4641 3656 4694 libe-

1999 4736 2223 4792 ralium
2252 4733 2476 4788 artium
2503 4745 2609 4787 suo
2650 4735 2909 4798 tempore
2953 4729 3398 4799 peritissimum,
3459 4727 3654 4781 virum

1997 4824 2364 4894 religiosum,
2381 4826 2436 4876 et
2465 4835 2609 4891 erga
2637 4818 2874 4874 beatum
2899 4817 3195 4888 Virginem
3217 4814 3656 4871 devotissimum

1999 4911 2311 4970 celebrans
2337 4929 2351 4978 ;
2375 4908 2668 4965 Antonius
2695 4905 3051 4962 Possevinus
3079 4909 3240 4960 tomo
3268 4904 3288 4956 l
3313 4904 3654 4975 Apparatus

2001 5001 2174 5068 sacri,
2207 4999 2392 5055 verbo
2422 4998 2767 5066 Fulbertus,
2795 4999 2929 5058 etc.;
2955 4993 3246 5050 Robertus
3263 4991 3658 5048 Bellarminus

2003 5097 2060 5150 et
2083 5089 2388 5163 Philippus
2455 5086 2750 5152 Labbeus,
2803 5087 3050 5154 uterque
3088 5079 3148 5136 in
3197 5096 3376 5154 opere
3419 5097 3547 5136 suo.
3579 5083 3658 5137 De

2003 5177 2391 5252 scriptoribus
2448 5171 2911 5232 ecclesiasticis:
2965 5168 3264 5226 Aubertus
3317 5169 3545 5227 Mimas
3597 5168 3658 5225 in

2004 5266 2166 5325 Notis
2193 5265 2272 5322 ad
2296 5264 2518 5320 librum
2548 5259 2779 5317 Henrici
2811 5257 3223 5315 Gandavensis
3253 5262 3333 5315 De
3365 5257 3661 5332 scriptori-

2005 5355 2172 5410 ribus
2192 5351 2520 5408 illustribus
2562 5368 2575 5405 :
2605 5349 2903 5405 Gerardus
2929 5350 3191 5404 Joannes
3228 5349 3489 5415 Vossius,
3511 5347 3659 5403 1ib.u

2011 5444 2089 5497 De
2127 5438 2429 5496 historicis
2453 5436 2694 5506 Latinis,
2717 5451 2850 5509 cap.
2880 5439 2970 5504 43,
3000 5453 3141 5510 pag.
3175 5437 3320 5494 mihi
3341 5441 3464 5504 3M;
3491 5437 3660 5492 Sam-

2010 5529 2311 5588 marthani
2369 5527 2597 5597 fratres,
2645 5529 2806 5582 torno
2849 5530 2893 5582 ll
2941 5526 3138 5584 Galliae
3190 5526 3558 5594 Christianae,
3599 5524 3661 5579 in

2016 5619 2314 5694 episcopis
2337 5615 2820 5686 Carnotensibus,
2849 5631 2992 5690 pag.
3021 5620 3148 5684 485,
3178 5633 3336 5690 quos
3363 5612 3666 5682 hic,ordi-.

2011 5726 2087 5767 ne
2107 5713 2343 5769 tantum
2361 5710 2612 5776 mutato,
2625 5705 2986 5765 verbotenus
3025 5706 3446 5780 expressimus.
