3996 6176
355 142 455 195 183

1395 136 1450 192 S.
1494 90 1829 191 FULBERTI
1868 133 2346 191 CARNOTENSIS
2386 133 2718 190 EPISCOPI.

3682 130 3789 185 184

356 263 497 319 tiere
527 262 679 318 dans
697 260 782 316 les
812 259 1189 329 manuscrits,
1214 262 1629 315 nommément
1667 257 1817 315 celui
1843 257 1917 313 de
1956 256 2016 313 1a
2034 260 2081 313 Α
2188 259 2235 312 Α
2264 257 2488 328 l’égard
2515 257 2590 313 de
2633 272 2700 312 sa
2726 253 2990 311 maniere
3039 252 3304 321 d'écrire,
3364 252 3450 310 les
3508 252 3791 326 critique:

357 351 661 421 collégiale
692 349 764 403 de
799 347 1209 405 Saint-Aubert
1251 353 1288 404 a
1338 348 1635 406 Cambrai.
1691 346 2013 404 Bollandus

2122 347 2519 404 conviennent
2548 345 2763 420 qu'elle
2788 348 2877 400 est
2905 343 3235 400 au-dessus
3266 344 3371 398 des
3402 346 3600 399 autres
3639 342 3790 399 écri-

358 455 431 496 en
461 454 497 494 a
527 436 800 509 imprime
826 452 911 492 un
934 435 1233 506 fragment
1257 451 1413 508 pour
1442 436 1675 491 donner
1712 451 1829 491 une
1878 434 2014 507 plus
2120 437 2293 492 vains
2322 437 2397 493 de
2425 453 2533 493 son
2566 441 2762 509 temps
2786 434 2891 506 (Du
2921 436 3040 501 PIN,
3071 443 3157 489 x1°
3184 432 3377 502 siécle,
3408 449 3469 506 p.
3508 437 3571 488 18
3597 434 3790 500 ;BluL.

356 527 553 599 ample
578 524 1005 581 connaissance
1045 525 1119 581 de
1148 525 1207 581 la
1236 525 1587 581 translation
1626 525 1732 581 des
1756 524 2013 597 reliques
2064 512 2097 541 ’⁸

356 616 430 671 de
455 616 509 670 S.
540 618 715 669 Vaast
736 616 926 685 (BOLL.
952 621 982 670 6
1016 619 1192 687 sept.,
1225 631 1283 687 p.
1319 617 1462 686 801).
1497 617 1597 671 Ses
1627 615 1831 670 doctes
1881 630 2015 668 suc-

358 721 626 762 cesseurs
654 704 711 760 1a
732 704 1078 777 publierons
1103 720 1184 759 un
1211 705 1350 775 jour
1395 721 1470 761 en
1522 705 1707 760 entier
1756 707 1812 759 et
1862 719 2016 758 nous

360 794 718 851 instruiront
756 794 1115 868 pleinement
1142 794 1215 849 de
1236 798 1365 850 tout
1390 810 1454 850 ce
1484 793 1589 866 qui
1616 793 1673 849 la
1703 808 2013 849 concerne.

360 884 844 954 Sanderus(Bib.
881 885 1053 954 Belg.
1086 883 1219 955 ms.)
1253 899 1326 939 en
1379 883 1538 939 avait
1588 899 1668 938 vu
1716 898 1797 937 un
1851 887 2017 937 autre

358 974 514 1029 dans
545 989 627 1028 un
663 973 991 1029 manuscrit
1019 972 1093 1027 de
1123 972 1181 1028 la
1208 972 1547 1028 cathédrale
1578 972 2020 1028 d’Arras.Celle-

360 1064 412 1119 ci
439 1078 786 1119 commence
816 1078 927 1135 par
973 1077 1069 1118 ces
1110 1066 1264 1118 mots
1294 1079 1307 1117 :
1340 1062 1597 1118 Sanctus
1638 1064 1732 1117 vir
1780 1063 2022 1118 Domini

360 1154 708 1221 Aulbertus,
739 1168 803 1208 ce
829 1152 933 1223 qui
964 1151 1067 1207 fait
1090 1152 1266 1222 juger
1315 1150 1528 1223 qu’elle
1574 1155 1661 1208 est
1712 1151 2017 1207 différente

362 1243 436 1297 de
464 1243 605 1297 celle
636 1242 739 1314 qui
768 1247 859 1297 est
883 1241 1215 1314 imprimée.

431 1332 724 1387 Peut-étre
755 1347 828 1385 ne
857 1330 1103 1385 sera-t-il
1130 1347 1238 1402 pas
1266 1331 1407 1387 hors
1434 1331 1508 1387 de
1538 1347 1764 1404 propos
1788 1331 2017 1388 d’aver-

361 1420 435 1475 tir
461 1436 578 1493 que
606 1420 828 1475 Pitseus
858 1420 1064 1491 (Angl.
1096 1421 1343 1490 Script,
1371 1436 1468 1477 an.
1502 1421 1648 1493 980),
1678 1437 1753 1477 en
1781 1421 2021 1494 pariant

361 1509 435 1564 de
469 1508 780 1564 Fuldcbert
810 1525 889 1565 ou
927 1509 1001 1564 de
1030 1508 1339 1576 Fudcbert,
1394 1509 1548 1566 abbé
1606 1509 1681 1564 de
1736 1511 2019 1566 Pershore

2126 529 2189 581 16
2216 542 2364 594 avr.,
2394 542 2452 599 p.
2487 527 2628 597 144).
2666 528 2738 581 Le
2768 522 2918 597 style
2946 522 3022 579 de
3071 538 3169 579 ces
3217 521 3437 592 lettres,
3494 538 3569 578 en
3604 520 3792 595 parti-

2125 615 2325 681 culier,
2351 621 2439 671 est
2468 615 2605 688 plus
2638 614 2849 670 chittié.
2880 612 2923 668 ll
2953 612 3042 685 s’y
3086 616 3289 668 trouve
3319 612 3393 667 de
3430 611 3674 684 l’esprit,
3707 626 3796 666 un

2124 710 2260 762 tour
2312 709 2369 761 et
2423 721 2539 761 une
2596 704 2948 762 delicatesse
3002 702 3182 773 digne
3231 701 3337 757 des
3374 701 3529 757 bons
3560 700 3792 758 siecles.

2124 797 2193 851 Μ.
2228 798 2317 850 Du
2345 793 2452 850 Pin
2482 810 2557 850 ne
2579 794 2724 865 juge
2771 808 2884 867 pas
2941 791 3105 848 aussi
3153 795 3729 861 avantageusement
3759 794 3797 846 ὰ

2124 885 2442 958 beaucoup
2472 888 2609 958 pres
2634 884 2741 940 des
2779 883 3014 957 poésies
3045 882 3120 939 de
3173 887 3343 938 notre
3402 881 3611 955 prelat.
3653 880 3699 938 ll
3758 896 3797 936 a

2124 974 2328 1030 raison
2360 973 2447 1029 s’il
2474 990 2550 1029 ne
2576 973 2836 1029 l’entend
2860 988 2979 1045 que
3008 971 3093 1027 du
3130 972 3266 1045 plus
3293 971 3485 1042 grand
3514 971 3793 1027 nombre.

2126 1064 2266 1122 Mais
2296 1064 2336 1119 il
2364 1082 2405 1138 y
2431 1080 2506 1120 en
2534 1079 2572 1120 a
2599 1062 3075 1136 quelques-unes
3131 1062 3237 1134 qui
3293 1061 3567 1117 méritent
3622 1064 3797 1117 notre

2127 1153 2333 1208 estime
2359 1169 2514 1226 pour
2540 1151 2626 1208 les
2650 1151 2898 1208 beantes
2928 1150 3172 1224 qu’elles
3204 1150 3584 1207 renferment.

2201 1242 2470 1299 Barthius
2501 1242 2673 1313 (Adv.
2708 1246 2748 1297 I.
2780 1258 2901 1310 xrx,
2938 1257 2989 1296 c.
3028 1245 3111 1307 13,
3155 1257 3216 1314 p.
3271 1245 3396 1309 655,
3445 1242 3565 1313 656)
3607 1239 3801 1295 admi-

2125 1332 2239 1388 rait
2263 1348 2416 1405 pour
2446 1348 2512 1388 sa
2559 1332 2818 1404 justesse
2870 1334 2926 1386 et
2982 1346 3049 1387 sa
3100 1330 3367 1387 douceur
3412 1330 3676 1402 l’hymne
3723 1329 3800 1385 de

2130 1424 2185 1478 S.
2218 1421 2423 1478 Martia
2454 1437 2530 1477 en
2559 1437 2692 1476 vers
2716 1419 3080 1492 iamblques,
3132 1424 3168 1475 ὲ,
3212 1419 3467 1492 laquelle
3515 1435 3594 1475 on
3626 1435 3662 1473 a
3693 1417 3803 1474 fait

2127 1514 2328 1584 porter
2357 1510 2478 1566 mal
2509 1515 2545 1566 a
2576 1526 2800 1584 propos
2821 1509 2874 1565 le
2906 1509 3037 1565 titre
3058 1508 3133 1565 de
3160 1510 3366 1566 Prosc.
3388 1508 3541 1567 Celle
3565 1523 3641 1565 en
3662 1523 3800 1563 vers

361 1615 439 1655 au
468 1598 703 1653 diocese
733 1597 1191 1654 deWorchester
1230 1614 1303 1654 en
1353 1598 1712 1668 Angletcrre,
1769 1603 1826 1655 et
1874 1616 2018 1655 vou-
2049 1622 2089 1675 Β
2129 1599 2457 1672 saphiques
2488 1616 2591 1655 sur
2618 1599 2673 1655 le
2704 1596 3093 1670 Saint-Esprit
3116 1597 3264 1653 n’est
3295 1613 3406 1671 pas
3436 1597 3634 1653 moins
3658 1597 3798 1653 esti-

360 1689 485 1745 lant
514 1688 744 1743 l'élever
768 1692 803 1743 ὰ
834 1687 893 1744 la
915 1687 1138 1757 dignité
1180 1686 1524 1754 d’écrivain,
1577 1688 1839 1761 quoique
1869 1689 2020 1745 vrai-

363 1775 858 1833 semblablement
886 1776 925 1831 il
951 1776 1094 1832 n‘ait
1116 1777 1336 1848 jamais
1362 1778 1505 1834 ecrit
1552 1794 1706 1850 pour
1730 1778 1789 1835 la
1826 1782 2021 1853 poste-

360 1862 487 1931 rite,
516 1863 598 1919 lui
628 1864 729 1921 fait
754 1865 1028 1920 honneur
1055 1864 1408 1936 d’ouvrages
1430 1865 1535 1939 qui
1563 1866 2022 1939 appartiennent

363 1952 959 2011 incontestablement
984 1957 1019 2009 a
1054 1953 1288 2011 Fulbert
1316 1955 1391 2011 de
1419 1956 1711 2013 Chartres.

398 2138 874 2152 40.“-.Omsm
919 2141 1097 2152 *νη-η.

1101 2142 1465 2153 w

1467 2142 1817 2153 m-

2129 1688 2349 1746 mable.
2384 1692 2496 1746 Des
2527 1689 2581 1745 le
2610 1688 2783 1745 siecle
2810 1688 2885 1743 de
2913 1687 3151 1744 Fulbert
3175 1703 3253 1743 on
3308 1687 3467 1743 avait
3518 1687 3641 1761 pris
3672 1690 3802 1743 tant

2128 1779 2202 1834 de
2229 1779 2372 1849 gout
2399 1795 2555 1852 pour
2581 1777 2669 1834 les
2695 1778 2953 1849 hymnes
2978 1780 3036 1832 et
3057 1776 3144 1833 les
3174 1790 3382 1850 proses
3431 1776 3508 1833 de
3547 1792 3613 1832 ce
3664 1779 3801 1849 pre-

2126 1867 2230 1936 lat,
2290 1868 2475 1940 qu’on
2529 1866 2615 1923 les
2673 1866 2938 1923 chantait
3003 1865 3463 1939 publiquement
3506 1865 3660 1922 dans
3712 1864 3801 1920 les

2131 1957 2344 2028 églises
2371 1957 2772 2028 d’Angleterre
2802 1956 2985 2028 (Any.
3018 1956 3187 2014 Sacr.
3223 1960 3263 2012 t.
3299 1960 3365 2026 II,
3397 1972 3459 2030 p.
3490 1955 3604 2028 48).

1820 2142 2169 2155 m

1288 2312 1295 2319 '
1362 2285 1882 2391 .NOTITIA
1958 2289 2118 2391 EX
2193 2287 2767 2394 FABRICIO

1082 2487 1459 2545 Bibliotheca
1506 2489 1714 2546 mediae
1771 2495 1827 2546 et
1876 2491 2098 2560 inﬁmae
2145 2491 2514 2560 Latinitatis,
2576 2489 2678 2546 lib.
2737 2506 2817 2562 v1,
2875 2506 2936 2565 p.
2986 2494 3089 2548 215

440 2767 767 2839 Fulbertus,
798 2775 1118 2844 Anonymo
1157 2773 1468 2832 Mellicensi
1507 2792 1639 2850 cap.
1672 2783 1738 2835 93
1782 2780 2027 2838 Folber-

368 2864 483 2929 tus,
508 2858 726 2913 scholas
751 2860 1008 2931 publieae
1041 2864 1383 2920 Carnotensi
1413 2866 1486 2937 (7)
1519 2868 1856 2939 praefectus,
1884 2870 2026 2927 doc-

364 2952 459 3002 tor
485 2946 813 3003 multorum
844 2948 1142 3006 clarorum
1174 2951 1570 3025 ingeniorum,
1619 2962 1797 3030 atque
1841 2959 1903 3016 in
1932 2960 2025 3017 his
2065 2945 2105 3000 Ο

367 3035 705 3105 Berengarii
738 3036 832 3108 (8),
866 3037 1005 3094 inde
1052 3040 1440 3099 cancellarius
1483 3062 1553 3102 ac
1600 3045 1860 3121 denique
1908 3049 2028 3123 epi-

366 3140 587 3196 scopus
618 3128 995 3197 Carnotensis
1023 3129 1101 3185 ab
1132 3147 1292 3188 anno
1346 3138 1503 3205 1007,
1552 3136 1871 3195 defunctus
1925 3156 2022 3197 an.

368 3216 523 3268 1028.
560 3212 699 3285 Ejus
729 3214 948 3288 scripta
979 3233 1015 3274 a
1040 3219 1250 3276 Carolo
1300 3221 1374 3278 de
1432 3224 1675 3295 Villiers,
1726 3228 2023 3300 theologo,

361 3301 595 3357 Parisiis
635 3306 790 3375 I608,
814 3309 892 3377 8°,
923 3306 1080 3364 edita
1113 3313 1291 3382 atque
1312 3311 1374 3367 in
1404 3313 1763 3372 Bibliotheca
1788 3319 2027 3374 Patrum

363 3389 703 3447 Coloniensi
749 3397 903 3465 1618,
955 3400 1118 3453 tomo
1169 3402 1255 3466 XI,
1312 3404 1370 3456 et
1426 3403 1812 3473 Lugdunensi
1863 3411 2027 3465 tomo

363 3481 545 3547 XVIII,
585 3497 724 3537 cum
745 3482 875 3554 ejus
905 3484 1060 3540 notis
1089 3503 1300 3545 recusa
1328 3489 1455 3545 haec
1491 3496 1633 3548 sunt
1664 3511 1676 3549 :

436 3568 721 3637 Epistolas
752 3570 975 3645 CVIII,
1003 3574 1224 3647 quibus
1270 3577 1400 3633 aliae
1447 3579 1705 3638 aliorum
1745 3584 2026 3657 subjectae

366 3662 505 3712 sunt
538 3658 761 3747 XXVI.
794 3663 877 3717 Ex
906 3662 1031 3718 istis
1062 3665 1316 3722 Fulberti
1365 3669 1648 3741 epistolis,
1702 3672 1773 3729 de
1803 3676 2026 3747 quibus

366 3746 775 3804 consulendus
809 3751 1101 3823 Dupinius
1132 3753 1193 3810 in
1219 3755 1581 3815 Bibliotheca
1628 3746 2029 3822 ecclesiastica

366 3835 569 3891 saeculi
597 3854 677 3907 x1,
705 3843 760 3895 et
787 3855 1048 3912 quarum
1080 3842 1316 3917 aliquos
1360 3846 1713 3918 vulgaverat
1740 3854 2028 3911 Baronius

365 3924 445 3980 ad
469 3941 699 4017 annum
724 3931 858 3985 1007
894 3946 1043 4004 seq.,
1071 3948 1103 3988 e
1133 3935 1337 3992 codice
1375 3937 1678 4008 Vaticano,
1726 3944 1859 3998 duae
1906 3945 2027 4017 pri-

364 4029 561 4105 mores
590 4014 772 4105 etiam
801 4016 861 4073 in
889 4020 1098 4093 primis
1128 4023 1501 4083 Bibliotheca
1553 4031 1794 4088 Patrum
1843 4014 2025 4105 Paris,

365 4102 725 4158 editionibus
757 4106 1122 4177 prodierant.

437 4191 747 4281 Sermones
766 4195 879 4264 IX,
912 4212 1173 4268 quorum
1200 4202 1401 4259 tertius
1439 4210 1528 4263 est
1556 4207 1630 4265 de
1663 4210 2027 4281 puriﬁcatio-

2136 2779 2285 2838 festo
2319 2783 2375 2840 8.
2408 2781 2640 2855 ίΕεὶάὶἱ,
2665 2782 2906 2840 natione
2937 2783 3120 2841 Graeci
3150 2784 3285 2855 (10).
3329 2786 3409 2840 De
3439 2782 3578 2840 divo
3608 2781 3799 2842 Marti-

2136 2886 2215 2927 no
2244 2871 2370 2943 (11),
2405 2880 2484 2927 Ue
2512 2874 2567 2929 S.
2603 2872 2939 2943 Lamberto,
2964 2877 3021 2929 et
3052 2876 3160 2928 Pro
3178 2888 3349 2942 rege.

2216 2960 2426 3017 Versus
2456 2967 2512 3018 et
2541 2961 2755 3033 hymni
2781 2962 2856 3018 de
2888 2964 2946 3018 Β.
2981 2961 3236 3034 Virgine,
3265 2961 3340 3017 de
3374 2963 3428 3019 S.
3464 2964 3677 3027 Cruce;
3713 2963 3795 3016 De

2134 3047 2483 3124 timore,spe
2504 3055 2561 3107 et
2588 3067 2792 3108 amore
2831 3068 2844 3107 :
2875 3054 2953 3108 De
2985 3051 3182 3125 seipso
3214 3052 3329 3123 (I2)
3358 3069 3371 3119 ;
3400 3053 3479 3107 De
3512 3049 3716 3121 signis,
3740 3053 3798 3106 et

2133 3138 2472 3210 mensibus,
2506 3143 2563 3195 et
2586 3138 2821 3209 diebus,
2862 3144 2919 3196 et
2947 3140 3128 3209 horis,
3162 3139 3590 3213 compendium
3638 3155 3801 3196 com-

2135 3229 2282 3302 puti.
2310 3231 2388 3285 De
2418 3230 2783 3288 Philomena.
2814 3233 2894 3287 De
2930 3232 2985 3288 S.
3020 3233 3295 3288 Carauno
3325 3229 3621 3289 Castitatis
3662 3245 3798 3300 gra-

2134 3317 2268 3374 dus.
2303 3322 2508 3375 Preces
2530 3320 2607 3377 ad
2639 3323 2845 3377 Deum.
2882 3322 3151 3392 Hymnus
3179 3321 3241 3376 in
3270 3325 3483 3377 natum
3503 3319 3799 3378 Christum

2135 3411 2191 3463 et
2220 3407 2374 3464 alius
2407 3412 2526 3465 Deo
2557 3409 2799 3465 trinuni.
2857 3409 3121 3483 Denique
3172 3410 3447 3467 versibus
3504 3408 3801 3482 descripta

2136 3513 2210 3553 ex
2240 3497 2380 3553 Vitis
2412 3500 2654 3555 Patrum
2678 3503 2796 3555 vet.
2829 3499 3092 3556 narratio
3122 3500 3198 3556 de
3235 3499 3480 3557 homine
3510 3497 3799 3572 quodam,

2135 3586 2239 3660 qui
2268 3587 2581 3660 imperitus
2611 3587 2792 3645 vitam
2817 3588 3180 3646 eremiticam
3222 3591 3419 3645 vivere
3449 3591 3799 3658 tentaverat,

2135 3692 2393 3749 eamque
2422 3693 2546 3734 non
2577 3677 2785 3735 valens
2816 3678 3105 3735 sustinere
3135 3684 3192 3735 et
3220 3679 3298 3736 ad
3328 3678 3570 3736 fratrem
3599 3693 3799 3735 rever-

2136 3782 2239 3822 sus
2268 3783 2401 3823 cum
2424 3769 2677 3839 angelus
2706 3784 2827 3824 non
2850 3769 3071 3837 potuit,
3104 3769 3200 3825 vir
3221 3769 3548 3825 bonusesse
3566 3767 3797 3823 didicit.

2205 3858 2422 3913 Prwter
2447 3856 2595 3925 haac,
2629 3872 2666 3913 a
2691 3855 2903 3913 Carolo
2931 3856 3157 3914 Villiers
3195 3857 3372 3926 edita,
3409 3856 3666 3930 sparsim
3714 3855 3801 3912 fe-

2135 3950 2349 4003 runtur
2380 3964 2395 4002 :

2207 4035 2467 4093 Fulberti
2498 4037 2755 4109 hymnus
2803 4040 2866 4095 in
2910 4039 2974 4095 S.
3025 4038 3344 4109 Paschate,
3395 4037 3500 4112 qui
3551 4037 3797 4111 incipit:

2137 4125 2369 4183 Chorus
2399 4142 2564 4184 nova?
2592 4129 3207 4186 Hierusalem.Exstat
3232 4127 3296 4184 in
3326 4127 3558 4197 Georgii
3597 4126 3802 4183 Fabri-

2136 4214 2209 4271 cii
2236 4214 2425 4271 Poetis
2457 4215 2823 4284 Christianis,
2855 4232 2998 4290 pag.
3034 4221 3159 4284 799,
3192 4216 3255 4273 in
3296 4214 3507 4286 Georgi
3553 4217 3807 4272 Cassan-

366 4292 441 4378 ne
468 4279 658 4378 Marias
684 4286 848 4378 ,4,δὸ
880 4289 937 4341 et
965 4291 1017 4353 6,
1047 4288 1279 4378 deiejus
1306 4294 1609 4356 nativitate
1655 4279 1755 4373 {9),
1797 4305 1854 4358 et
1890 4308 1943 4370 7,
1971 4307 2026 4375 8,
2064 4305 2110 4361 D
2136 4302 2229 4359 dri
2256 4303 2504 4377 hymnis
2530 4279 2973 4374 ecclesiasticis,
2990 4320 3131 4378 pag.
3147 4279 3264 4362 ⁷234
3296 4279 3579 4377 Operam,
3638 4308 3696 4359 et
3741 4304 3803 4359 in

367 4370 419 4433 9,
454 4372 660 4455 contra
689 4365 945 4442 Judeeos,
983 4377 1149 4449 quod
1181 4381 1471 4455 scriptum
1508 4365 1725 4446 Ιειιιάὰιί
1744 4365 2029 4448 Henricus

367 4453 773 4550 Gandavensis
804 4477 937 4550 cap.
984 4468 1031 4520 1.
1059 4453 1374 4527 Sermones
1400 4472 1719 4550 plerosque
1771 4478 2030 4536 Fulberti

363 4547 660 4604 recensuit
717 4549 1112 4610 Combeﬁsius
1167 4556 1229 4613 in
1282 4547 1643 4621 Bibliotheca
1711 4566 2029 4624 conciona-

364 4633 535 4690 toria.

434 4724 799 4817 Pqenitentia
851 4730 1164 4805 laicorum,
1213 4743 1269 4794 et
1317 4741 1636 4801 mulierum
1675 4748 2032 4817 paenitentia

363 4827 471 4884 per
496 4815 843 4874 Fulbertum
874 4820 1249 4896 episcopum.

433 4902 710 4961 Prosarii
735 4907 949 4977 hymni
973 4909 1036 4967 in
1070 4914 1124 4969 S.
1159 4913 1684 4989 Pantaleonem,in
1718 4925 1773 4980 S.
1798 4925 2028 4986 Piatum

364 4990 421 5042 et
449 4988 522 5044 de
551 4993 857 5052 Nativitate
890 5000 1126 5057 Domini
1155 5007 1213 5058 et
1241 5003 1315 5060 de
1359 5012 1567 5066 sancta
1596 4988 1909 5074 V'I‘rinitate.
1962 5022 2028 5075 In

435 5127 513 5231 $3.2
556 5134 1686 5231 EEEEE‘B?-P9.52h°1iS.celebrioribus
1721 5171 1878 5231 ,ςειΡο
1931 5163 2021 5217 4ο.

361 5201 908 5342 ca§)31}3151pnymus
938 5201 2023 5299 Mellicensis,_cap:'§§~;“¥rith:mius;

431 5341 1080 5437 $92MS§E§1janqu§edam
1109 5359 1190 5437 in_
1220 5362 1439 5437 scripto
1496 5369 1577 5423 De
1618 5370 1924 5430 nativitate
1956 5377 2017 5432 B.

358 5414 550 5501 Mariae
580 5415 732 5501 inter
763 5414 1193 5501 Silliegonymi
1220 5414 1432 5501 alia;
1468 5414 1606 5495 Vide

355 5558 377 5614 ι
428 5484 538 5558 (ίθ)
594 5488 781 5547 Vitam
812 5494 875 5551 S.
907 5484 1215 5582 Λῑξθιῗίἷῖξι
1230 5484 2018 5589 'r‘iilis'ért'éé‘érﬁiéiﬁ‘i‘ééta-

382 5571 451 5614 υἷ’
478 5562 832 5614 Anonvmns
861 5567 1200 5614 Mallmnnmc
1254 5591 1368 5614 mm
1417 5584 1484 5614 on

382 5571 451 5619 ur
478 5562 832 5633 Anonymus
859 5562 1220 5641 Melli'censis,
1254 5591 1388 5649 cap.
1417 5562 1505 5639 08.

2139 4391 2512 4450 Bibliothccis
2542 4394 2789 4450 Patrum
2816 4393 3137 4464 Bigneanis
3167 4392 3479 4450 Parisiens.
3514 4407 3614 4448 an.
3642 4396 3802 4462 1589,

2142 4485 2299 4553 1624,
2336 4485 2492 4551 1644,
2538 4485 2694 4539 1654.

2207 4572 2486 4642 Epistola
2514 4571 2588 4628 de
2625 4571 2799 4629 rebus
2853 4572 3139 4629 Ecclesiae
3187 4572 3467 4642 religiose
3523 4575 3577 4626 et
3629 4574 3810 4627 caute

2137 4662 2586 4732 distribuendis,
2614 4662 2677 4718 in
2706 4662 2976 4718 Dacherii
3006 4660 3341 4737 Spicilegio,
3375 4665 3539 4717 tomo
3570 4662 3636 4729 II,
3658 4673 3802 4732 pag.

2138 4755 2240 4809 827
2272 4750 2570 4823 (editionis
2598 4766 2774 4807 novae
2803 4755 2968 4807 tomo
2992 4753 3081 4818 IlI,
3108 4764 3248 4823 pag.
3269 4752 3416 4818 387).
3441 4747 3573 4805 Alia
3590 4752 3805 4804 contra

2136 4843 2355 4899 milites
2408 4842 2709 4912 episcopos
2751 4840 2815 4896 in
2866 4838 3165 4897 Edmundi
3243 4841 3499 4896 Martene
3557 4841 3703 4895 tom.
3759 4840 3804 4905 Ι,

2137 4931 2602 5002 Anecdotorum,
2634 4945 2776 5004 pag.
2817 4932 2936 4985 130.

2173 5020 2381 5078 Smne
2410 5021 2475 5076 in
2502 5020 2657 5090 festo
2686 5018 3109 5088 assumptionis
3141 5018 3213 5074 B.
3245 5017 3478 5085 Μανίας,
3504 5015 3811 5089 inappen-

2238 5162 2324 5231 11)
2363 5160 2575 5218 Confer
2608 5158 2913 5216 Barthium
2941 5163 3187 5231 m,713’,
3219 5158 3534 5216 Adversar.

2238 5167 2292 5219 11
2363 5162 2575 5218 Confer
2608 5162 2913 5216 Barthium
2941 5176 3064 5231 XIX,
3101 5163 3187 5228 13’,
3219 5162 3534 5216 Adversar.

2211 5162 2324 5306 ξω)
2363 5234 2467 5290 Hic
2495 5232 2693 5307 primo
2721 5246 2901 5307 versu
2926 5230 3155 5288 auctior
3185 5231 3352 5303 apud
3377 5228 3705 5287 Baronium
3729 5227 3813 5286 ad

2138 5319 2371 5361 annum
2404 5308 2562 5374 1007,
2591 5318 2761 5360 num.
2796 5306 2849 5370 3,

2322 5443 2751 5512 Angeleponsilii
2775 5442 2964 5512 magni,
2998 5451 3045 5494 te
3064 5445 3293 5502 consulo,
3322 5443 3539 5498 Christo.

2423 5505 2491 5561 Mi
2523 5508 2694 5577 factor,
2724 5520 2836 5575 mea
2864 5505 2997 5569 Vita,
