4048 6178
256 88 358 141 185
1396 91 1641 147 OPERA.
1670 119 1739 129 —
1777 89 2116 150 EDITORIS
2157 95 2588 157 ADMONITIO.
3628 122 3729 177 186

248 209 385 266 dice
418 209 499 267 ad
528 226 852 269 sermones
885 216 943 272 S.
976 216 1278 287 Augustini
1306 215 1366 271 in
1396 215 1651 272 editione
1675 212 1920 270 Benedi-
1956 219 2004 272 A
2042 217 2683 283 Sammarthanorum
2738 229 2922 286 Gallia
2954 212 3281 293 Christiana
3317 240 3461 294 tom.
3494 242 3558 311 II,
3585 256 3724 313 pag.

250 304 492 356 ctorum
523 305 688 356 tomo
713 304 782 372 V,
813 319 1018 361 sermo
1048 308 1167 362 208.

333 445 473 501 Vita
500 444 560 500 S.
587 445 890 503 Autberti
915 448 1053 522 (13),
1099 448 1530 506 Cameracensis
1574 453 1631 506 et
1683 446 1919 504 Atreba-

246 533 440 589 tensis
474 535 775 608 episcopi,
830 538 1001 609 apud
1059 539 1287 596 Surium
1328 544 1386 595 13
1441 538 1769 608 Decembr.,
1814 535 1921 593 sed

248 624 489 680 mutila.
544 630 857 694 lntegram
910 628 1030 699 legi
1083 630 1140 686 in
1178 647 1319 687 mss.
1378 629 1679 687 codicibus
1755 631 1921 685 nota-

247 719 391 770 runt
450 717 918 773 Sammarthani
1007 725 1165 776 tomo
1214 726 1233 777 l
1289 720 1483 777 Galliae
1561 719 1922 786 Christianae,

247 818 391 876 pag.
465 808 593 875 233,
668 810 729 860 et
779 806 1018 863 Miraeus
1078 810 1155 865 ad
1228 810 1453 866 Henrici
1519 808 1924 867 Gandavensis

247 908 385 966 cap.
424 898 474 949 1.

320 1021 659 1089 Tractatus,
694 1021 825 1078 sive
854 1038 1050 1080 sermo
1096 1024 1156 1080 in
1184 1028 1374 1083 Actor.
1428 1043 1529 1095 xu,
1565 1030 1708 1099 1-11,
1736 1026 1930 1084 editus

247 1124 283 1163 a
310 1108 612 1165 Casimiro
638 1110 887 1167 Oudino
914 1111 977 1168 in
1010 1114 1308 1187 opusculis
1337 1116 1518 1172 sacris
1532 1121 1802 1174 veterum
1829 1116 1931 1173 ali-

245 1203 396 1271 quot
428 1197 631 1253 Gallise
667 1203 726 1255 et
774 1200 961 1271 Belgii
992 1202 1361 1275 scriptorum,
1390 1205 1661 1276 Lugduni
1685 1208 1934 1264 Batavo-

244 1301 383 1339 rum
411 1288 576 1354 t‘79'2,
610 1290 693 1353 8°,
718 1288 1040 1359 praemissa
1062 1290 1186 1360 ejus
1214 1291 1381 1347 icone
1399 1309 1511 1348 aere
1528 1293 1851 1368 descripta,
1875 1299 1931 1351 et

245 1372 621 1447 compendio
662 1375 832 1440 Vitae,
866 1381 931 1432 ut
961 1381 1125 1434 tomo
1149 1379 1194 1433 ΙΙ
1218 1383 1295 1436 De
1321 1380 1706 1454 scriptoribus
1740 1383 1927 1440 eccle-

245 1462 528 1532 siasticis,
561 1478 711 1535 pag,
747 1469 851 1521 5l9
903 1482 1054 1538 seq.,
1086 1472 1142 1524 et
1175 1469 1349 1541 quale
1397 1475 1585 1527 exstat
1632 1472 1815 1529 etiam
1867 1473 1930 1530 in

318 1590 438 1670 (l3)
456 1589 816 1670 baldericus
855 1591 916 1670 in
973 1593 1260 1670 Chronico
1308 1598 1725 1670 Cameracensi
1755 1599 1858 1669 lib,
1886 1616 1925 1670 1,

2035 307 2151 362 485
2190 324 2374 383 seqq.

2119 396 2318 454 Liber
2346 401 2421 457 de
2447 409 2834 464 sacramentis
2849 409 3191 482 devotionis,
3220 431 3403 488 quem
3434 418 3598 473 Ivoni
3627 418 3725 475 tri-

2038 481 2267 543 buunt
2297 489 2415 547 alii.
2436 492 2848 571 Combeﬁsius,
2882 515 2952 555 ex
2992 503 3138 557 Petri
3166 481 3442 562 Damiani
3473 510 3723 566 auctori-

2040 575 2175 627 tate
2190 619 2208 644 ,
2234 578 2412 636 refert
2432 582 2509 637 ad
2536 584 2894 644 Fulbertum.

2118 662 2416 725 Labbeus
2466 671 2527 727 in
2585 674 2943 734 Bibliotheca
3012 695 3167 736 nova
3221 699 3391 753 mss.,
3430 701 3570 757 pag.
3625 692 3714 745 58.

2045 766 2145 844 ms
2150 770 2218 844 ξ.
2250 759 2526 818 Vaticano
2546 766 2931 822 commendat
2970 768 3227 825 Fulberti
3256 772 3347 827 De
3374 774 3713 844 virtutibus,

2044 842 2099 895 et
2127 840 2479 905 Sententias
2504 853 2888 924 antiquorum
2917 856 3228 913 desummo
3257 840 3713 933 bono,rhythmo

2044 934 2377 1007 trochaica,
2434 954 2543 995 nec
2572 956 2696 997 non
2750 958 2952 999 versus
3009 945 3081 1001 de
3102 960 3272 1015 pace.
3318 950 3491 1004 Notat
3532 950 3712 1007 etiam

2043 1022 2330 1104 Fulberto
2361 1028 2537 1085 tribui
2557 1046 2760 1087 versus
2787 1034 2875 1088 De
2928 1033 3084 1089 libra
3139 1039 3197 1089 et
3222 1038 3502 1105 partibus
3558 1041 3709 1110 ejus,

2041 1129 2203 1186 quos
2245 1117 2446 1173 nescio
2495 1134 2573 1174 an
2600 1119 2716 1175 sint
2768 1120 2925 1187 editi,
2960 1138 3165 1177 versus
3194 1127 3501 1183 autemDe
3528 1129 3711 1185 uncia

2040 1208 2094 1259 et
2120 1205 2403 1274 partibus
2433 1209 2580 1277 ejus,
2628 1213 2684 1263 et
2708 1210 2795 1265 De
2820 1212 3108 1279 scrupulo
3147 1217 3201 1267 et
3246 1215 3530 1281 partibus
3557 1219 3706 1286 ejus,

2038 1294 2206 1351 dedit
2253 1296 2497 1353 Carolus
2545 1299 2619 1354 de
2676 1299 2895 1356 Villiers
2924 1300 3081 1357 notis
3112 1301 3191 1356 ad
3230 1302 3486 1360 Fulberti
3528 1306 3703 1378 epist.

2044 1389 2163 1442 113.
2190 1390 2332 1442 tom.
2360 1389 2518 1443 XVIII
2572 1388 2948 1446 Bibliothecae
2989 1393 3228 1446 Patrum
3269 1390 3407 1448 edit.
3473 1394 3707 1465 Lugdu-

2037 1474 2263 1546 nensis,
2296 1491 2437 1548 pag.
2470 1482 2558 1532 55.

2037 1601 2112 1676 de
2146 1602 2277 1676 Vita
2294 1601 2371 1676 _S.
2395 1601 2695 1676 Autberti,
2707 1603 2960 1673 jubente
2975 1604 3222 1676 domino
3255 1607 3525 1676 episcopo
3554 1607 3702 1664 Ger-

244 1676 379 1754 εει),
406 1661 715 1754 177;.‘Quod
732 1665 785 1717 si
805 1665 939 1734 quis
948 1666 1142 1754 ,l'at'ilus
1162 1667 1257 1754 (de
1280 1661 1926 1754 Aptberto)scire.de'si-'

243 1731 446 1801 derat,
478 1731 707 1789 librum
731 1731 907 1805 quem
934 1731 1273 1809 Fulbertus,
1302 1740 1511 1795 doctor
1530 1731 1923 1813 clarissimus,

1113 1873 2848 2147 nimim

677 2187 1685 2315 CABNUTENSIS
1800 2194 2523 2319 ECCLESI/E
2624 2197 3277 2322 EPISCOPI

1604 2381 2357 2527 ΟΡΕΒΑ

1360 2584 1521 2648 QUAS
1563 2586 1887 2643 REPERIRI
1926 2587 2343 2645 POTUERUNT
2389 2590 2609 2645 ΟΜΝῘΑ

234 2712 354 2774 Ex
381 2732 499 2772 ms.
537 2707 1000 2793 cod._bz_'bl_iotlz.
1043 2726 1169 2793 reg.
1226 2708 1433 2793 colleg.
1494 2708 1819 2793 Navarrae,
1858 2720 1924 2793 _et
1944 2710 2439 2793 _clarz'ssimorum
2482 2713 2750 2773 virorum
2796 2712 2872 2773 Β.
2920 2713 3169 2775 Petavii
3213 2723 3405 2775 senat.
3461 2732 3591 2793 reg.
3643 2724 3702 2773 et

532 2791 616 2853 N.
661 2789 911 2868 Fabri;
937 2787 1137 2847 studio
1168 2797 1221 2847 et
1254 2787 1557 2849 industria
1593 2788 1809 2851 Caroli
1831 2791 1902 2851 de
1944 2790 2206 2865 Villiers,
2242 2793 2470 2854 doctor.
2514 2793 2770 2873 theolog.
2806 2793 3193 2855 Parisiensis.
3230 2794 3415 2857 edita.

2037 1672 2250 1738 hardo,
2279 1673 2620 1751 insc7jpsit,_
2650 1672 2828 1745 legat.
2863 1675 3198 1751 Gerhardus
3225 1672 3544 1751 episcopus
3599 1682 3703 1736 Ca-

2034 1743 2399 1799 meracensis
2428 1744 2537 1800 fuit
2566 1744 2645 1800 ab
2676 1743 2837 1801 anno
2871 1749 3006 1801 1012
3038 1746 3115 1802 ad
3150 1743 3305 1804 1049.

236 2924 393 2994 (Sub
419 2924 541 2981 hoc
563 2922 731 2980 titulo
760 2922 822 2978 in
846 2920 1206 2977 Bibliotheca
1228 2923 1468 2977 Patrum
1500 2922 1668 3004 [tom.
1722 2923 1882 3004 xvill
1912 2922 2072 3004 init.)
2084 2929 2371 3004 prostant
2420 2926 2661 3004 nonnisi
2689 2942 2987 2984 sermones
3019 2926 3296 2995 Fulberti,
3354 2926 3620 2995 epistolae
3645 2931 3704 2983 et

1430 2996 1741 3062 carmina;
1778 2994 1895 3051 alia
1923 3010 1995 3049 ex
2020 2994 2152 3050 aliis
2178 2996 2522 3069 addemus.)

1237 3185 1766 3272 EPISTOLA
1868 3187 2712 3277 NUNCUPATORIA

316 3338 383 3391 Β.
408 3333 479 3390 R.
512 3332 574 3388 in
605 3331 836 3387 Christo
867 3329 1038 3386 Patri.
1072 3330 1134 3384 Ι).
1166 3331 1234 3384 Ι).
1267 3328 1541 3401 Philippo
1573 3332 1857 3398 Humum,
1893 3331 2179 3405 episcopo
2230 3334 2597 3403 Carnotensi,
2628 3334 2876 3392 Carolus
2918 3351 2984 3390 DE
3005 3336 3296 3399 VILLmus,
3325 3328 3486 3387 doct.
3539 3330 3702 3387 theo-

238 3426 368 3495 log.
402 3420 756 3478 Parisiensis
789 3421 843 3476 S.
870 3421 930 3474 P.
966 3420 1030 3474 D.

311 3514 416 3568 En
438 3510 760 3566 Fulbertus
786 3514 1007 3576 noster,
1042 3505 1532 3563 reverendissime
1550 3510 1797 3578 praesul,
1832 3510 2071 3566 tandem
2102 3525 2133 3566 e
2167 3513 2399 3567 tumulo
2437 3512 2734 3568 excitatus
2791 3513 2855 3568 in
2881 3513 3068 3568 solem
3119 3510 3347 3582 prodit,
3381 3524 3552 3582 quem
3596 3524 3705 3566 nec

238 3602 462 3656 bruma
490 3599 672 3667 iners,
702 3613 807 3654 nec
838 3601 1100 3653 vetustas
1133 3610 1337 3649 rerum
1366 3594 1543 3665 edax,
1586 3596 1896 3654 absumere
1915 3602 2134 3667 pot-uit.
2169 3601 2303 3656 Non
2327 3615 2490 3656 secus
2521 3615 2663 3670 ergo
2688 3606 2752 3655 ut
2787 3601 3035 3656 Plinius
3069 3601 3141 3658 C.
3170 3600 3413 3655 ﬁlium
3448 3598 3703 3655 Tubero-

237 3706 377 3746 nem
405 3690 682 3757 fructum
706 3686 1095 3756 praefectura,
1129 3699 1168 3739 a
1198 3698 1346 3753 rogo
1374 3684 1634 3740 relatum
1661 3686 1825 3742 domi
1842 3688 2032 3757 fuisse
2056 3696 2270 3745 narrat
2300 3688 2425 3744 (lib.
2458 3704 2538 3743 vn
2564 3690 2746 3756 Hist.,
2796 3705 2848 3745 c.
2902 3690 3018 3760 52),
3046 3691 3135 3746 sic
3164 3706 3194 3747 e
3216 3690 3469 3761 pulvere
3500 3694 3557 3745 et
3584 3689 3702 3745 situ

240 3783 588 3834 extractum
611 3774 906 3846 quidquid
935 3774 1009 3830 de
1036 3787 1100 3830 eo
1129 3778 1380 3829 auctore
1405 3787 1525 3827 non
1583 3776 1856 3833 exstabat
1888 3776 1970 3832 ad
1992 3778 2233 3846 prelum
2272 3784 2609 3834 revocatur.
2651 3779 2839 3834 Nacti
2875 3779 3173 3847 siquidem
3225 3780 3702 3848 manuscriptum

240 3882 318 3923 ex
344 3865 705 3921 bibliotheca
736 3864 969 3934 colligit
995 3862 1221 3933 regalis
1248 3862 1571 3929 Navarrx,
1596 3863 1659 3919 in
1688 3880 1802 3935 quo
1831 3866 2025 3921 multa
2055 3871 2347 3922 vetustate
2376 3881 2569 3923 exa’sa
2585 3868 2780 3936 ferme
2807 3866 3194 3934 videbantur,
3228 3868 3353 3923 haec
3374 3866 3703 3922 describen—

242 3955 328 4010 da
349 3953 715 4019 curavimus,
744 3958 1066 4022 nostroque
1095 3951 1305 4006 labore
1329 3951 1586 4005 assecuti
1608 3967 1831 4022 sumus,
1864 3957 1933 4006 ut
1972 3956 2095 4008 tam
2118 3955 2485 4022 praclarum
2506 3954 2748 4008 virtutis
2780 3954 2987 4008 lumen
3018 3953 3127 4007 sub
3176 3955 3370 4010 modio
3408 3970 3529 4009 non
3550 3954 3699 4010 deli-

241 4047 454 4098 tescat.
486 4041 621 4096 Hoc
640 4056 825 4096 unum
858 4045 1055 4096 tamen
1099 4038 1344 4094 silentio
1374 4052 1495 4093 non
1540 4040 1863 4110 involvam,
1891 4055 1984 4097 me
2011 4055 2048 4097 a
2075 4042 2412 4097 doctissimo
2441 4041 2688 4096 Petavio
2726 4045 3006 4097 senatore
3032 4043 3196 4113 regio
3241 4042 3592 4114 wquissimo,
3644 4048 3700 4099 et

234 4130 502 4188 Nicolao
517 4129 719 4185 Fabro
742 4129 872 4185 viro
902 4129 1240 4185 clarissimo
1271 4131 1467 4198 (quem
1499 4129 1677 4184 totius
1704 4130 2085 4200 antiquitatis
2101 4130 2641 4199 promumcondum
2673 4143 2811 4185 vere
2842 4129 3125 4200 dixerim)
3153 4133 3426 4203 quadam
3453 4147 3528 4188 ex
3547 4132 3699 4202 ipso-

232 4236 382 4276 rum
406 4218 780 4274 blbliothecis
807 4218 1121 4287 desumpta
1147 4216 1291 4271 huic
1330 4216 1570 4271 auctori
1596 4217 1931 4286 inseruisse,
1966 4233 2098 4289 quae
2129 4220 2191 4274 in
2223 4224 2424 4274 nostro
2453 4233 2559 4273 ms.
2593 4233 2712 4274 non
2740 4218 3083 4277 exstabant.
3116 4222 3264 4278 ch
3294 4221 3524 4277 duobus
3549 4223 3696 4278 viris

230 4307 728 4381 praeclarissimis
757 4306 1078 4362 tribuenda
1099 4306 1236 4360 laus
1267 4307 1375 4370 est,
1408 4304 1513 4372 qui
1536 4310 1602 4359 ut
1626 4306 1951 4362 Fulbertus
1972 4307 2035 4361 in
2070 4308 2259 4363 lucem
2276 4307 2537 4375 prodeat
2565 4307 2911 4376 effecerunt.
2940 4309 3066 4365 Nec
3090 4325 3300 4366 verear
3340 4311 3424 4367 ad
3446 4312 3695 4368 illorum

233 4399 538 4467 majorem
570 4395 1136 4452 commendationem
1166 4392 1280 4447 hoc
1305 4390 1549 4463 addere,
1578 4394 1739 4464 quod
1761 4395 1835 4451 de
1862 4393 2087 4450 Phidia
2118 4410 2344 4450 summo
2393 4396 2698 4464 sculptore
2728 4397 3015 4466 refertur.
3046 4398 3161 4454 Hic
3203 4400 3307 4455 ubi
3330 4400 3590 4456 Pisxum
3619 4403 3694 4457 si-

236 4485 593 4540 mulacrum
620 4484 977 4554 fabricasset
999 4498 1076 4539 ex
1096 4482 1289 4552 ebore,
1315 4482 1510 4536 oleum
1542 4483 1775 4552 effundi
1792 4484 1977 4552 jussit
2003 4484 2169 4539 circa
2198 4484 2401 4553 pedes,
2432 4499 2632 4540 coram
2659 4487 2790 4554 ipsa
2820 4491 3043 4553 statua,
3070 4494 3135 4542 ut
3163 4488 3336 4544 illam
3380 4489 3690 4544 immorta-

240 4576 364 4630 lem
384 4573 663 4629 redderet
694 4575 982 4640 (EPIPHAN.
1009 4571 1113 4627 lib.
1146 4587 1207 4638 Il,
1241 4574 1458 4626 contra
1481 4569 1649 4638 been,
1680 4586 1813 4644 cap.
1845 4571 1955 4642 64).
1983 4571 2086 4628 Sic
2110 4573 2299 4629 Deum
2348 4574 2635 4643 optimum
2676 4574 3028 4643 maximum,
3077 4575 3253 4629 credo
3300 4575 3427 4631 oleo
3477 4577 3693 4646 gratim

238 4677 372 4718 suae
399 4662 551 4717 duos
577 4662 713 4717 illos
744 4662 1111 4717 clarissimos
1138 4661 1301 4717 viros
1332 4660 1574 4729 mjungi
1602 4661 1876 4727 voluisse,
1923 4668 1988 4715 ut
2024 4662 2218 4730 ipsum
2247 4663 2582 4730 episcopum
2622 4663 3077 4718 immortalitate
3096 4662 3411 4719 donarent.
3442 4663 3612 4730 Quod
3638 4665 3694 4719 si

237 4766 338 4807 me
368 4750 453 4806 ad
481 4749 640 4806 hanc
664 4750 999 4805 societatem
1019 4749 1234 4820 gloria?
1259 4747 1576 4804 admittere
1605 4749 1771 4814 velis,
1801 4750 2289 4806 reverendissime
2310 4751 2557 4818 praesul,
2584 4750 2824 4805 nullum
2843 4751 3163 4819 praemium
3188 4751 3467 4820 suspicio,
3501 4752 3595 4807 vel
3622 4753 3688 4806 in

242 4839 418 4895 bonis
446 4853 715 4909 numero,
746 4839 906 4909 quod
936 4838 1017 4894 ad
1045 4853 1126 4894 tes
1158 4842 1334 4894 exeat
1352 4839 1571 4905 majus.
1605 4838 1680 4893 Et
1700 4852 1844 4893 sane
1875 4838 2032 4893 tanti
2050 4838 2215 4907 facio
2246 4838 2627 4908 antiquitatis
2668 4840 2902 4907 Patres,
2938 4842 3002 4892 ut
3032 4838 3189 4893 nihil
3216 4852 3292 4893 ex
3318 4839 3389 4893 iis
3417 4839 3690 4909 deperire

243 4929 451 4984 velim.
492 4927 660 4983 Unde
686 4927 981 4998 quidquid
1004 4942 1080 4983 ex
1100 4928 1354 4998 antiquo
1376 4926 1483 4980 illo
1508 4926 1695 4982 Patre
1720 4927 1936 4995 reperi,
1954 4927 2018 4981 in
2048 4942 2236 4981 unum
2260 4927 2542 4995 congessi.
2572 4928 2752 4983 Hunc
2780 4928 2988 4997 igitur,
3013 4926 3505 4983 venerendissime
3530 4942 3689 4996 prx-

236 5016 368 5085 sut,
390 5030 513 5071 non
530 5030 694 5086 quan
723 5017 1030 5086 eleganter
1059 5030 1280 5088 quaeso,
1302 5014 1407 5071 sed
1433 5029 1611 5085 quam
1639 5016 1735 5085 pie
1766 5016 2052 5086 loquatur
2103 5016 2318 5085 cogita.
2371 5016 2607 5071 Etenim
2658 5018 2713 5070 si
2732 5016 2909 5071 illum
2957 5014 3135 5070 semel
3165 5014 3430 5071 audieris
3476 5016 3691 5072 tandiu

240 5106 499 5161 latuisse
523 5103 766 5160 dolebis.
790 5106 1034 5175 Legisti,
1058 5103 1434 5176 credo,quod
1461 5119 1592 5159 cum
1625 5104 1737 5158 Pio
1765 5104 1835 5158 II
1850 5119 2077 5160 summo
2092 5104 2372 5173 pontiﬁci
2386 5105 2732 5160 nuntiatum
2750 5104 2964 5172 fuisset
2988 5103 3366 5160 Tarvisinum
3392 5121 3688 5163 summum

234 5193 574 5263 praesulem
603 5206 782 5262 agere
811 5193 1100 5263 animam,
1120 5197 1173 5248 et
1190 5195 1327 5263 jam
1356 5192 1653 5248 inclusam
1668 5192 2023 5261 praecordiis
2044 5197 2291 5247 mortem
2317 5196 2533 5261 tenere,
2560 5192 2926 5248 exclamasse
2958 5206 2970 5245 :
3003 5190 3265 5246 Moritur
3293 5207 3433 5264 ergo
3462 5194 3689 5263 praesul

234 5282 577 5351 perfectus,
613 5281 714 5335 cui
741 5281 1004 5352 reliquos
1042 5281 1264 5337 similes
1322 5294 1443 5337 esse
1470 5279 1795 5349 oportebat.
1832 5280 1901 5350 (A
1931 5281 2139 5345 PICOI..,
2169 5277 2228 5332 in
2260 5279 2443 5348 Hist.)
2471 5278 2570 5333 Sic
2599 5294 2733 5333 cum
2771 5279 2983 5334 tandiu
3032 5278 3385 5337 Fulbertum
3444 5281 3689 5337 latuisse

243 5370 485 5437 audies,
517 5369 908 5441 exclamabis,
939 5376 994 5426 et
1020 5374 1194 5426 tanta
1225 5374 1555 5438 temporum
1586 5372 1737 5426 serie
1764 5369 1930 5424 illius
1956 5366 2299 5423 memoriam
2331 5366 2606 5422 obrutam
2649 5366 2835 5435 fuisse
2857 5381 3018 5438 (egre
3052 5368 3227 5436 feres.
3256 5369 3395 5436 Quis
3438 5370 3590 5424 enim
3623 5382 3687 5423 eo

244 5460 343 5516 vel
371 5474 608 5515 morum
633 5458 939 5527 probitate
960 5459 1191 5515 clarior
1221 5462 1249 5513 ?
1281 5457 1421 5524 Quis
1445 5458 1507 5512 in
1539 5458 1827 5527 religione
1850 5456 2150 5513 catholica
2161 5455 2567 5525 propaganda
2588 5454 2899 5510 ardentior
2928 5458 2957 5509 ?
2976 5455 3072 5510 Ita
3102 5461 3165 5509 ut
3198 5457 3425 5512 cultum
3440 5457 3685 5527 pietatis

247 5564 387 5605 cum
413 5549 573 5605 tacte
596 5547 853 5603 nutricis
885 5548 1195 5604 exsuxisse
1226 5546 1503 5603 videatur
1527 5545 1769 5617 (Semen,
1800 5546 1887 5602 De
1938 5545 2109 5602 beata
2130 5544 2298 5616 vita).
2342 5544 2555 5600 Verum
2605 5543 2726 5599 scio
2754 5558 2971 5614 magno
3004 5544 3303 5614 impendio
3328 5551 3679 5614 temporum,
