3996 6176
306 124 405 182 187
1339 124 1396 180 S.
1437 122 1777 184 FULBER’I'I
1817 122 2300 180 CARND‘I‘ENSIS
2340 122 2674 181 EPISCOPI.
3624 130 3727 185 t88

300 260 523 317 magna
552 246 891 309 alienarum
913 246 1157 302 aurium
1186 247 1455 306 molestia
1477 248 1887 306 laudationem
1917 249 2075 305 hanc
2096 253 2391 304 constare.
2427 248 2476 303 0
2497 249 2789 305 hominem
2824 249 3156 305 litteratum
3189 265 3203 316 ;
3235 248 3339 304 sed
3361 254 3562 307 noster
3588 252 3735 308 Ful-

306 334 502 389 bertus
532 335 642 391 hoc
668 336 842 390 titulo
872 336 1185 392 rusticiore
1216 342 1526 393 contentus
1558 340 1692 405 erit,
1724 339 1779 394 si
1804 354 1837 394 o
1868 339 2062 394 virum
2109 338 2325 393 bonum
2354 338 2600 394 dixeris.
2649 339 2946 407 E/I‘ectum
2993 342 3077 393 est
3099 338 3272 392 modo
3296 344 3359 394 ut
3382 339 3733 410 diligentius

303 424 494 480 sciant
516 424 680 495 loqui
701 424 978 491 ﬂamines,
1006 439 1188 494 quam
1214 427 1427 483 vivere.
1455 426 1537 482 At
1560 432 1823 496 tempore
1839 427 2116 482 Fulberti
2144 426 2229 482 vis
2259 441 2412 483 scire
2440 427 2585 497 quid
2609 426 2884 483 liberalia
2908 427 3109 483 studia
3139 427 3527 496 conferebant
3553 432 3582 484 ?
3633 428 3737 485 Ad

305 516 529 571 aeterna
561 510 734 579 nihil,
763 512 844 567 ad
869 512 1151 576 uirtutem
1174 515 1450 571 multum.
1483 514 1687 584 Hujus
1719 514 1910 585 igitur
1938 514 2166 582 scripta
2194 514 2329 570 licet
2354 516 2414 569 in
2442 515 2649 571 multis
2674 515 2929 571 obscura
2956 513 3296 586 videantur,
3318 520 3513 573 tamen
3536 520 3733 574 nescio

302 597 449 667 quid
465 598 527 652 in
550 597 641 653 his
668 599 908 655 latentis
932 601 1172 670 pietatis
1202 601 1645 671 deprehendere
1674 602 1892 658 licebit.
1919 602 1999 658 Et
2044 602 2097 656 si
2124 617 2257 658 cum
2287 602 2468 659 Ivone
2492 602 2852 659 Carnotensi
2880 601 3040 658 hunc
3068 607 3368 658 auctorem
3395 619 3728 674 compares,

301 686 419 741 scio
449 687 547 742 cui
565 688 836 756 palmam
852 691 1218 758 prcetuleris.
1244 691 1318 746 In
1340 691 1448 747 illo
1486 690 1775 762 siquidem
1826 691 2164 761 eloquentia
2215 691 2278 744 in
2309 691 2420 746 isto
2459 692 2587 747 sola
2613 693 2804 761 pietas
2856 692 3030 761 viget.
3085 691 3182 745 Ad
3224 696 3554 749 extremum
3582 693 3734 750 duos

304 773 437 829 illos
457 775 777 846 episcopos,
811 777 1006 834 dicam
1038 779 1347 847 audacter,
1380 778 1534 835 duas
1555 779 1695 835 illas
1725 779 1984 849 aquilas,
2008 776 2416 852 ἀεροποροῡντας
2450 794 2584 836 vere
2605 794 2724 835 esse
2751 795 2788 835 a
2813 781 2959 836 Jove
2988 779 3302 850 immissas,
3335 786 3400 836 ut
3445 781 3736 850 fabulan-

302 868 405 917 tur
428 870 618 933 poette
648 866 877 935 (Cum).
910 867 1152 937 praefat.
1170 883 1393 939 paneg.
1426 868 1499 925 de
1529 867 1860 925 Consulatu
1888 868 2149 938 Manlii),
2183 868 2247 923 in
2280 868 2436 924 hanc
2466 868 2669 925 urbem
2726 869 3151 925 Carnotensem
3182 873 3470 939 tanquam
3510 871 3571 925 in
3605 886 3735 926 um-

306 951 542 1009 bilicum
575 954 810 1010 Galliae.
842 956 997 1012 Nam
1026 957 1088 1012 in
1126 957 1316 1013 medio
1367 956 1580 1014 Galliae
1603 962 1848 1013 auctore
1873 956 2112 1013 Caesare
2149 958 2265 1012 sita
2291 963 2376 1012 est
2408 958 2654 1028 (Comm.
2712 957 2856 1014 Caes.
2889 956 2993 1013 lib.
3026 971 3125 1021 vn,
3159 957 3384 1013 debell.
3415 958 3623 1030 Gall.),
3666 964 3737 1014 ut

307 1041 632 1113 veritatem,
656 1058 787 1114 quae
810 1044 872 1099 in
898 1045 1087 1101 medio
1113 1048 1400 1115 consistit,
1434 1061 1707 1117 veraeque
1736 1047 2043 1117 religionis
2074 1047 2303 1102 cultum
2326 1046 2685 1103 indicarent.
2720 1047 2991 1104 Gaudeat
3023 1060 3186 1101 nunc
3217 1052 3270 1102 et
3301 1044 3565 1103 exsultet
3586 1048 3737 1104 Car-

304 1132 561 1188 notensis
586 1132 794 1188 civitas
840 1135 1023 1191 tantis
1049 1135 1409 1204 praesulibus
1438 1135 1773 1204 illustrata,
1807 1141 1890 1191 tot
1920 1135 2261 1192 doctoribus
2290 1141 2473 1192 aucta
2517 1140 2572 1192 et
2617 1138 2883 1206 exculta,
2922 1136 3285 1192 Obmutescat
3318 1136 3429 1191 illa
3470 1137 3735 1207 garrula

302 1220 588 1276 meretrix
616 1235 746 1290 quae
775 1221 940 1278 virus
966 1220 1248 1279 haereseos
1279 1227 1401 1279 tam
1434 1224 1903 1293 latejaculatur.
1928 1225 2066 1280 Jam
2098 1225 2253 1280 enim
2278 1224 2547 1295 exsurgit
2578 1223 2900 1281 Fulbertus
2929 1229 2984 1280 et
3014 1225 3123 1279 sub
3153 1229 3255 1279 tuo
3284 1226 3522 1280 nomine
3539 1239 3735 1294 appa-

304 1312 414 1377 ret,
446 1309 925 1366 reverendissime
946 1312 1194 1379 praesul,
1216 1317 1283 1367 ut
1302 1312 1731 1369 maledicorum
1760 1328 1867 1369 ora
1892 1313 2184 1370 obstruat.
2212 1314 2393 1369 Hunc
2418 1328 2559 1383 ergo
2583 1314 2909 1383 gratiorem
2962 1314 3071 1369 tibi
3111 1313 3250 1383 fore
3291 1313 3524 1386 judico,
3570 1314 3736 1385 quod

302 1396 607 1465 episcopus
638 1396 1017 1454 Carnotensis
1048 1400 1159 1456 tibi
1180 1402 1379 1457 eodem
1413 1402 1624 1458 baculo
1640 1403 1945 1471 pastorali
1970 1402 2213 1474 donato,
2244 1408 2299 1458 et
2331 1403 2734 1459 cancellarius
2773 1402 3076 1474 quondam
3118 1402 3366 1458 Roberti
3400 1404 3555 1473 regis
3583 1403 3733 1459 Gat-

305 1484 419 1539 lia’.
446 1483 552 1538 tibi
574 1499 604 1540 e
627 1485 1005 1543 nobilissimis
1030 1489 1359 1558 majoribus
1390 1496 1445 1545 et
1468 1491 1975 1548 cancellariorum
2021 1491 2315 1561 dignitate
2370 1491 2621 1561 insignis
2660 1491 2935 1561 oriundo,
2985 1491 3246 1547 dicatur.
3300 1491 3431 1547 Hoc
3472 1506 3722 1548 munere

300 1573 526 1642 fruere,
558 1576 1041 1633 reverendissime
1058 1579 1305 1648 praesul,
1328 1579 1484 1651 aequi
1513 1578 1762 1650 bonique
1778 1580 2039 1649 consule,
2063 1581 2146 1637 sic
2172 1580 2326 1636 enim
2349 1595 2439 1635 me
2466 1580 2575 1636 tibi
2601 1580 3205 1651 obsequentissimum,
3220 1580 3273 1636 si
3289 1581 3615 1650 placuerit,
3632 1581 3737 1638 de-

303 1660 542 1718 vincies.
580 1662 739 1719 Vale.

1689 1906 2345 1997 TESTIMONIA

545 2025 655 2086 Ea:
671 2027 1113 2108 probatissimis
1144 2030 1490 2092 auctoribus
1520 2043 1824 2114 excerpta,
1858 2033 2075 2116 quibus
2090 2034 2394 2116 probatur
2422 2037 2557 2117 quis
2584 2035 2775 2116 fuerit
2804 2032 3125 2095 Fulbertus
3153 2036 3483 2116 episcopus.

1116 2247 1158 2300 Ι.
1998 2250 2046 2304 Α
2072 2245 2277 2304 bertus
2305 2248 2629 2323 episcopus
2666 2248 3066 2317 Carnotensis,
3117 2248 3224 2322 qui
3247 2246 3382 2305 fecit
3409 2247 3730 2320 legendam

302 2327 404 2385 Ea:
433 2329 697 2385 Henrico
749 2330 1135 2388 Gandavensi
1157 2333 1221 2389 in
1263 2333 1555 2407 Catalogo
1601 2340 1963 2404 scriptorum
2071 2335 2145 2391 de
2170 2337 2481 2394 Nativitate
2512 2338 2703 2395 beatae
2728 2337 2918 2395 Mariae
2947 2342 3005 2395 et
3050 2336 3382 2404 historiam,
3405 2337 3577 2411 eique
3597 2353 3732 2395 suc-

424 2478 429 2487 ,
852 2422 1406 2481 ecclesiasticorum.
2071 2425 2245 2483 cessit
2266 2427 2684 2485 Theodoricus.

375 2505 684 2564 Fulbertus
712 2509 1095 2567 Carnotensis
1125 2512 1466 2587 episcopus,
1497 2511 1835 2569 liberalium
1875 2528 1964 2569 ar-
2857 2518 2944 2572 IV.

304 2593 454 2651 tium
477 2612 587 2652 suo
634 2602 901 2673 tempore
941 2601 1357 2674 peritissimus,
1409 2601 1501 2663 vir
1548 2602 1861 2673 religiosus
1907 2606 1966 2663 et
2410 2605 2511 2662 Ex
2536 2603 2889 2662 bibliotheca
2912 2604 3077 2661 Sixti
3092 2605 3386 2662 Senensis.

303 2699 447 2755 erga
474 2685 715 2744 beatam
744 2689 1043 2759 Virginem
1093 2691 1537 2765 devotissimus,
1579 2692 1809 2767 scripsit
1841 2709 1962 2749 ser-

302 2790 547 2832 monem
568 2778 647 2834 ad
672 2778 1039 2836 nativitatem
1064 2779 1255 2837 beata:
1270 2780 1521 2853 Virginis
1544 2781 1960 2853 pertinentem,

300 2861 506 2921 limato
533 2866 875 2935 dictamine,
902 2867 1008 2942 qui
1053 2868 1135 2925 sic
1161 2869 1367 2942 incipit
1397 2870 1800 2939 :Approbatw
1828 2886 1964 2927 con-

300 2955 652 3013 suetudinis.
686 2958 1011 3030 Respondit
1023 2957 1202 3015 etiam
1231 2958 1709 3015 cavillationibus
1733 2958 1964 3016 Iudaeo-

299 3056 438 3097 rum
466 3042 791 3101 dicentium
818 3045 978 3103 hanc
1034 3047 1411 3120 prophetiam
1435 3064 1448 3103 :
1488 3049 1625 3105 Non
1650 3049 1963 3118 auferetur

300 3137 598 3201 sceptrum
627 3135 701 3190 de
727 3136 912 3206 Juda,
943 3139 1078 3205 etc.,
1127 3135 1189 3192 in
1220 3135 1449 3193 Christo
1478 3152 1603 3192 non
1628 3136 1808 3194 fuisse
1846 3138 1959 3194 im-

300 3220 546 3294 pletam,
577 3223 890 3295 diligenter
916 3225 1357 3299 Scripturarum
1400 3226 1852 3285 auctoritatibus
1905 3232 1962 3291 et

297 3311 631 3370 rationibus
661 3313 980 3372 confutans
1006 3316 1350 3374 Judaaorum
1374 3316 1795 3391 pervicaciam.

1104 3410 1149 3462 ll

761 3494 861 3551 Ex
888 3496 1124 3551 Joanne
1159 3495 1499 3552 Trithemio.

2143 2692 2457 2749 Umbertus
2487 2709 2593 2749 seu
2620 2692 2935 2749 Fulbertus
2980 2693 3358 2751 Carnotensis
3407 2694 3732 2771 episcopus

2066 2780 2304 2855 scripsit
2353 2781 2415 2838 in
2457 2780 2606 2838 illud
2654 2783 2947 2838 Geneseos
2989 2786 3173 2838 'xux:
3224 2783 3359 2841 Non
3414 2784 3733 2853 auferetur

2065 2876 2366 2942 sceptrum
2396 2871 2469 2928 de
2494 2870 2675 2939 Juda,
2707 2886 2868 2928 anno
2897 2871 3129 2929 Domini
3156 2871 3316 2930 1000.

2862 2962 2905 3014 V

2065 3043 2166 3102 Ex
2213 3046 2435 3103 Willet.
2468 3047 2777 3104 Malmesb.
2806 3048 2906 3105 lib.
2940 3063 3018 3103 Ill.
3041 3048 3129 3104 De
3155 3048 3333 3119 gestis
3361 3046 3719 3118 Anglorum.

2136 3135 2528 3206 Berengarius
2556 3135 2733 3210 plane
2753 3135 3035 3210 quamvis
3058 3135 3187 3209 ipse
3217 3135 3572 3193 sententiam
3601 3152 3728 3194 cor-

2063 3225 2297 3294 rexerit,
2327 3241 2538 3282 omnes
2564 3242 2718 3299 quos
2773 3241 2845 3281 ex
2898 3225 3029 3281 totis
3075 3225 3242 3282 terris
3299 3225 3731 3299 depravaverat

2065 3317 2405 3369 convertere
2457 3313 2744 3388 nequivit.
2812 3312 2975 3369 Adeo
3031 3312 3368 3387 pessimum
3418 3316 3507 3370 est
3576 3312 3727 3371 alios

2063 3402 2338 3476 exemplo
2358 3402 2451 3459 vel
2474 3402 2660 3459 verbo
2682 3418 2719 3459 a
2746 3400 2910 3458 bono
2932 3400 3258 3472 inﬁrmare,
3286 3400 3428 3475 quia
3456 3400 3725 3459 fortassis
3786 3442 3791 3447 .

2061 3497 2378 3567 peccatum
2416 3497 2473 3550 te
2496 3491 2770 3563 gravabit
2803 3490 3086 3561 alienum,
3114 3508 3254 3547 cum
3284 3490 3546 3548 deletum
3602 3490 3727 3549 fue-

369 3579 681 3640 l'ulbertus
717 3582 1037 3658 episcopus
1101 3582 1479 3641 Carnotensis
1528 3584 1591 3640 in
1641 3584 1957 3659 Scripturis
1995 3607 2038 3663 Β
2062 3582 2141 3639 rit
2160 3588 2350 3639 tuum.
2371 3582 2544 3649 Quod
2564 3581 2919 3657 episcopum
2941 3583 3365 3640 Carnotensem
3378 3580 3725 3639 Fulbertum

206 3690 209 3695 λ
297 3669 514 3727 divinis
539 3671 994 3741 eruditissimus,
1028 3676 1085 3730 et
1111 3672 1173 3729 in
1204 3671 1582 3729 saecularium
1628 3672 1956 3731 litterarum

296 3759 624 3833 disciplinis
673 3762 948 3819 omnium
1005 3778 1114 3819 suo
1171 3766 1439 3837 tempore
1464 3761 1780 3821 doctorum
1819 3764 1957 3822 doc-

297 3848 585 3923 tissimus,
643 3856 821 3925 poeta
868 3851 1085 3925 clarus,
1140 3857 1197 3910 et
1247 3851 1592 3910 dialecticus
1642 3853 1955 3912 subtilissi-

294 3956 451 4010 mus,
519 3941 721 3999 multis
773 3942 949 3999 annis
997 3942 1216 4000 scholae
1275 3941 1530 4018 publicae
1602 3943 1951 4020 praesidens,

293 4031 587 4105 plurimos
645 4033 1060 4103 doctissimos,
1116 4032 1418 4091 auditores
1472 4034 1772 4106 enutrivit,
1834 4036 1957 4093 vita

296 4134 541 4194 quoque
621 4122 1062 4192 sanctissimus,
1143 4123 1346 4181 multis
1413 4122 1628 4195 legitur
1695 4125 1956 4183 miracu-

291 4208 364 4264 lis
414 4224 780 4280 coruscasse,
830 4212 935 4287 qui
994 4212 1160 4283 inter;
1217 4217 1432 4271 caetera
1507 4214 1813 4289 scripsisse
1873 4215 1957 4273 di-

295 4297 463 4355 citur.

364 4386 608 4463 Epistol.
639 4389 718 4446 ad
746 4388 1015 4448 diversos
1051 4389 1154 4448 lib.
1188 4395 1228 4447 Ι.

364 4482 429 4537 In
456 4478 666 4536 laudes
693 4482 913 4537 sanctae
939 4478 1132 4539 Mariae
1145 4479 1250 4537 lib.
1282 4485 1324 4539 Ι.

364 4573 633 4644 Hymnos
682 4573 740 4627 et
795 4569 1105 4629 Orationes
1157 4570 1374 4643 varias,
1401 4574 1460 4631 et
1512 4570 1797 4646 quaedam
1853 4571 1953 4629 de-

290 4664 450 4719 vota.

363 4750 585 4809 Claruit
635 4746 1009 4826 tamporibus
1070 4750 1305 4809 Henrici
1347 4750 1505 4823 regis
1558 4751 1737 4811 Primi
1792 4767 1954 4810 anno

295 4845 450 4899 lOOO.

1074 4931 1164 4989 ΙΙΙ.

290 5018 390 5077 Ea:
412 5024 601 5081 veteri
618 5022 854 5080 Annali
882 5022 1250 5080 bibliotheca:
1278 5023 1501 5095 regalis
1542 5023 1783 5095 collegii
1825 5024 1951 5082 Na-

635 5125 851 5179 varraz,
884 5113 949 5169 in
990 5113 1123 5170 Vita
1149 5112 1399 5169 Roberti
1418 5112 1594 5184 regis.
1898 5182 1911 5189 -

364 5193 677 5254 Fulbertus
718 5197 915 5272 primo
957 5199 1067 5256 fuit
1116 5199 1510 5258 cancellarius
1559 5199 1717 5270 regis
1771 5201 1950 5258 Fran-

291 5298 504 5342 corum
556 5284 811 5355 Boberti,
844 5291 901 5345 et
924 5303 996 5344 ex
1025 5289 1381 5347 cancellario
1411 5289 1604 5347 factus
1629 5288 1949 5363 episcopus

291 5373 690 5445 Carnotensis,
743 5376 865 5434 vita
886 5376 1343 5436 honestissimus
1392 5382 1451 5436 et
1473 5379 1535 5436 in
1562 5378 1811 5437 scientia
1830 5379 1949 5438 cla-

291 5464 585 5523 rissimus.
642 5465 1058 5524 Fundamenta
1106 5472 1326 5524 sanctas
1379 5468 1643 5526 ecclesias
1689 5469 1793 5526 Dei
1849 5471 1949 5540 ge-

288 5552 513 5612 nitricis
586 5554 965 5613 Carnotensis
1034 5556 1193 5628 jecit,
1247 5562 1304 5614 et
1367 5558 1647 5615 eamdem
1707 5557 1955 5633 perfecit

288 5641 444 5699 miro
495 5642 734 5717 lapideo
801 5642 1092 5701 tabulatu.
1169 5645 1250 5700 Et
1313 5647 1512 5705 Paulo
1562 5652 1718 5717 post.
1786 5644 1955 5703 Circa

287 5746 519 5791 annum
572 5734 957 5795 millesimum
1006 5733 1374 5795 tricesimum
1401 5750 1634 5796 nonum
1653 5736 1803 5795 obiit
1826 5734 1957 5793 Ful-

2066 3672 2271 3745 (quem
2302 3670 2537 3728 Domini
2558 3674 2734 3729 Mater
2759 3670 2902 3727 olim
2932 3673 3227 3741 aegrotum
3252 3669 3403 3726 lacte
3428 3670 3727 3727 mamilla-

2063 3778 2201 3818 rum
2218 3778 2465 3820 suarum
2484 3762 2614 3819 visa
2636 3762 2745 3819 fuit
2765 3761 2997 3833 sanare)
3013 3758 3360 3833 praedixisse
3381 3760 3728 3819 aiunt.Nam

2065 3868 2203 3922 cum
2227 3852 2287 3909 in
2314 3851 2592 3909 extremis
2607 3851 2871 3924 positum
2900 3849 3071 3907 multi
3100 3848 3487 3921 visitarent,et
3499 3848 3727 3907 mdium

2064 3943 2364 4017 capacitas
2420 3941 2520 3998 vix
2566 3938 3008 3997 conﬂuentibus
3060 3938 3372 4007 sufﬁceret,
3420 3937 3517 3997 ille
3573 3937 3726 3995 inter

2064 4028 2376 4106 oppositas
2425 4034 2692 4087 catervas
2749 4027 2923 4085 oculo
2974 4026 3224 4084 rimatus
3280 4026 3723 4098 Berengarium,

2063 4120 2198 4177 nisu
2242 4136 2366 4194 quo
2404 4118 2591 4177 voluit
2618 4116 3040 4192 expellendum
3068 4115 3315 4186 censuit,
3366 4120 3725 4190 protestatus

2063 4208 2393 4267 immanem
2422 4209 2746 4269 draconem
2787 4223 2974 4282 prope
3002 4223 3142 4264 eum
3189 4206 3531 4276 consistere,
3569 4205 3723 4263 mul-

2064 4302 2280 4372 tosque
2309 4298 2384 4355 ad
2407 4314 2547 4355 eum
2573 4297 2950 4372 sequendum
2983 4295 3329 4357 blandiente
3358 4310 3547 4355 manu
3568 4298 3628 4353 et
3653 4293 3722 4353 il-

2062 4387 2173 4447 lice
2202 4387 2468 4446 anhelitu
2497 4402 2903 4460 corrumpere.

2846 4478 2935 4533 VI.

2061 4567 2162 4625 Ea:
2190 4568 2376 4625 veteri
2418 4566 2652 4623 Annali
2687 4565 2941 4625 abbatiw
2981 4565 3198 4623 Sancti
3223 4565 3415 4637 Petri,
3445 4580 3578 4640 quae
3604 4566 3724 4625 sita

2509 4662 2595 4713 est
2623 4657 2686 4713 in
2717 4657 2878 4714 valle
2908 4656 3283 4715 Carnotensi.

2138 4744 2447 4804 Fulbertus
2477 4745 2686 4802 doctor
2731 4761 2918 4802 sacras
2973 4744 3283 4818 theologia:
3309 4743 3584 4816 egregius
3624 4744 3724 4803 hic

2063 4834 2173 4892 fuit
2217 4838 2486 4909 tempore
2539 4833 2778 4891 Roberti
2849 4834 3005 4905 regis
3047 4833 3153 4891 ﬁlii
3202 4833 3466 4905 Hugonis
3518 4837 3721 4910 Capet,

1989 4963 2030 5019 ρ
2063 4926 2169 5001 qui
2222 4940 2474 5019 regnare
2504 4923 2684 4998 coepit
2725 4939 2888 5019 anno
2939 4927 3062 5019 907.
3097 4923 3203 5019 llic
3226 4923 3541 5019 doctoret
3566 4924 3721 5019 epis-

2060 5030 2248 5089 copus
2279 5014 2572 5086 gloriosus
2616 5013 2929 5088 speculum
2986 5013 3257 5075 Ecclesiae
3284 5017 3343 5070 et
3370 5013 3530 5073 Fidei
3558 5014 3721 5073 Chri-

2060 5104 2289 5175 stianae,
2345 5103 2534 5163 multa
2582 5104 2802 5178 scripta
2855 5103 2992 5162 fecit
3039 5103 3119 5162 ad
3162 5103 3409 5162 laudem
3470 5103 3723 5175 Virginis

2059 5194 2357 5267 gloriosas,
2398 5199 2456 5251 et
2480 5194 2633 5250 inter
2688 5200 2901 5252 caetera
2943 5193 3108 5253 illam
3133 5193 3457 5266 legendam
3481 5210 3618 5269 qum
3642 5193 3723 5251 le-

2059 5285 2216 5357 gitur
2244 5284 2306 5341 in
2335 5284 2645 5342 Nativitate
2701 5285 2997 5358 ejusdem,
3040 5300 3177 5360 quas
3215 5285 3421 5359 incipit
3449 5303 3462 5341 :
3489 5285 3724 5355 Appro-

2062 5375 2214 5433 batw
2237 5376 2701 5433 consuetudinis.
2753 5376 2943 5448 Hujus
2999 5380 3268 5450 tempore
3311 5392 3472 5435 anno
3530 5376 3720 5435 mille-

2062 5465 2219 5523 simo
2247 5465 2611 5537 etvigesimo
2640 5466 2703 5523 in
2727 5471 2903 5523 nocte
2927 5465 3249 5524 Nativitatis
3279 5467 3473 5525 beatae
3502 5465 3719 5539 Mariae,

2060 5556 2445 5631 episcopatus
2492 5557 2584 5612 sui
2626 5573 2791 5616 anno
2821 5560 3058 5630 quarto,
3093 5556 3201 5613 fuit
3243 5558 3447 5615 civitas
3504 5561 3723 5616 Carno-

2061 5645 2244 5704 tensis
2272 5649 2331 5702 et
2347 5649 2470 5703 tota
2495 5645 2752 5704 ecclesia
2770 5649 2960 5703 beatae
2976 5645 3167 5703 Mariae
3179 5646 3719 5714 combusta.0uam

2062 5734 2225 5794 idem
2276 5734 2600 5809 episcopus
2657 5736 2957 5807 gloriosus
3008 5751 3123 5795 sua
3169 5735 3481 5806 industria,
3511 5736 3720 5795 laboro
