4048 6178
206 176 293 230 ίθο
1710 158 1910 215 ΕΡ15Τ⁴

1962 160 2100 216 [ιλΕ.

3549 178 3648 235 190

199 299 249 351 et
271 296 513 366 sumptu
544 308 580 347 a
611 289 1027 347 fundamento
1053 288 1438 356 reeediﬁcavit,
1467 290 1531 342 ut
1557 286 1616 342 in
1637 284 1836 353 legen-
1874 286 1925 337 A
1954 281 2393 342 fundamenta
2411 286 2658 358 jecerat,
2692 306 2995 347 summam
3023 308 3273 350 manum
3289 294 3539 352 miriﬁco
3571 299 3647 357 ef-

192 384 260 440 da
287 381 478 438 sancti
524 378 743 437 Aniani
794 379 1076 451 habetur,
1133 385 1237 435 etc.
1285 380 1448 433 Jacct
1474 376 1535 432 in
1590 370 1836 429 ecclesia
1947 370 2125 428 fectu
2154 372 2479 447 imposuit,
2508 394 2695 450 quam
2717 380 2894 436 etiam
2923 397 3032 453 pro
3060 398 3236 456 posse
3251 384 3644 444 honoriﬁcare

194 471 373 530 sancti
403 469 555 527 Petri
584 469 646 525 in
672 467 834 524 valle
871 468 1232 526 Carnotensi.

980 561 1088 615 Vll.

1951 460 2264 532 studens,
2313 465 2561 522 musicis
2591 468 3098 527 modulationibus
3152 472 3362 529 crebro
3417 474 3641 534 extulit.

1952 550 2229 615 Quanto
2258 554 2419 611 enim
2443 572 2644 613 amore
2674 557 2735 614 in
2795 560 3080 615 honorem
3114 560 3364 631 Virginis
3395 564 3640 622 anhela-

190 652 278 709 Ex
321 649 624 705 Willelmo
650 647 1047 704 Malmesber.
1083 648 1179 703 lib.
1210 662 1264 713 ιι,
1298 660 1427 715 cap.
1467 645 1550 714 ll,
1581 658 1737 699 anno
1768 640 1841 698 ab
1949 638 2142 708 verit,
2189 645 2403 714 poterit
2431 647 2717 720 conjicere
2739 649 2841 722 qui
2872 649 3120 706 audierit
3147 655 3359 715 cantus
3382 653 3640 717 coelestia

772 737 1092 793 Incarnat.
1120 740 1267 793 1032.

1952 729 2105 782 vota
2144 739 2456 792 sonantes.
2492 739 2684 794 Exstat
2715 738 2868 795 inter
2897 742 3107 795 caetera
3156 741 3450 813 opuscula
3507 745 3636 815 ejus

252 826 535 899 Ejusdem
575 824 1039 899 archiprzesulis
1095 823 1416 880 Ethelnothi
1460 827 1724 895 tempore
1745 838 1847 877 rex
1956 816 2383 890 Epistolarum
2410 826 2712 898 volumen,
2735 828 2797 883 in
2827 844 3085 900 quarum
3120 845 3241 885 una
3262 830 3483 898 gratias
3514 834 3636 901 agit

192 921 367 975 Cnuto
398 915 480 972 ad
513 914 964 971 transmarinas
990 914 1275 971 Ecclesias
1299 913 1582 986 pecunias
1612 913 1848 969 mittens
1960 910 2238 967 Cnutoni
2281 916 2877 985 magniﬁcentissimo
2930 918 3096 986 regit.
3132 918 3299 990 quod
3347 918 3633 989 largitatis

188 1005 439 1062 maxime
452 1006 791 1061 Carnotum
815 1002 1047 1072 ditavit,
1062 1002 1163 1058 ubi
1181 1007 1318 1058 tunc
1332 1000 1582 1057 ﬂorebat
1610 1000 1848 1057 Fulber-

187 1101 272 1153 tus
297 1094 631 1169 episcopus
664 1093 729 1149 in
759 1092 1077 1149 sanctitate
1104 1097 1159 1148 et
1183 1091 1562 1166 philosophia
1580 1091 1852 1149 nomina-

186 1185 460 1242 tissimus.
493 1184 607 1249 Qui
638 1183 798 1239 inter
829 1188 1046 1239 caetera
1070 1182 1366 1238 industriae
1385 1199 1505 1237 suae
1520 1182 1852 1239 documen-

189 1278 259 1343 ta,
288 1272 565 1330 Ecclesia:
593 1271 871 1329 domin-ce
901 1276 1120 1327 nostrae
1151 1275 1367 1327 sanctae
1417 1270 1626 1340 Marite,
1678 1274 1852 1345 cujus

1962 1014 2087 1054 suae
2128 1000 2359 1060 viscera
2382 1004 2443 1059 in
2469 1019 2766 1078 expensas
2800 1006 3059 1063 ecclesiae
3090 1007 3465 1064 Carnotensis
3491 1008 3635 1066 etfu-

1960 1089 2138 1148 derit.

2035 1181 2220 1252 (Vide
2270 1190 2325 1240 et
2368 1184 2723 1252 Baronium,
2767 1189 2921 1241 tomo
2965 1185 3073 1253 XI,
3103 1185 3437 1243 Annalium
3469 1202 3630 1244 anno

1965 1272 2146 1345 i028).

1093 1551 1765 1671 SANGTI
1838 1554 2737 1675 PULBEBTI

1545 1737 2288 1860 EPISTOLJE

1293 1923 1556 1979 0RDINE
1598 1924 2145 1983 CHRONOLOGICO
2187 1928 2521 1985 DlGEST/E.

247 2019 873 2101 Epistolas_F_u_lberti
899 2019 1197 2101 eregimus
1224 2019 1313 2101 ad
1334 2021 1620 2101 editiones
1652 2023 2065 2101 Duchesnii_et_
2090 2024 2161 2101 ρ.
2187 2025 2505 2101 βοειᾳᾳεεί,
2529 2027 2637 2097 qui
2664 2030 2861 2101 tamen
2894 2026 3196 2101 plurimas
3232 2030 3628 2101 praetermise-

320 2098 498 2169 runt1
523 2092 822 2169 Epistolis
847 2095 1083 2169 centum
1106 2092 1357 2169 triginta
1377 2098 1506 2149 octo
1527 2108 1681 2164 quas
1703 2094 1940 2151 exhibet
1961 2092 2350 2154 Bibliothecd
2368 2092 2628 2155 Patrum
2650 2098 2803 2154 duas
2824 2092 3033 2169 magni
3045 2092 3331 2154 momenti
3346 2098 3624 2156 addimus

320 2178 400 2219 ex
419 2163 737 2221 Martenio
768 2168 823 2218 et
856 2161 1198 2233 Gatlando.)

1686 2241 2146 2258 Ἥ

672 2310 1012 2367 EPISTOLA
1052 2313 1071 2365 1
1098 2312 1257 2382 [olim
1280 2313 1367 2385 v.1

685 2417 879 2487 (Circa
893 2432 1123 2474 annum
1145 2420 1322 2491 1000.)

176 2544 404 2602 Sancto
433 2558 514 2603 ac
542 2543 877 2601 venerabili
906 2542 1344 2615 archiepiscopo
1381 2561 1490 2603 suo
1539 2550 1854 2605 Bomeenro

245 2637 581 2691 Puni-mres
604 2633 917 2703 ﬁdelitatis
949 2631 1285 2703 obsequium
1308 2640 1360 2692 et
1408 2637 1634 2692 summi
1655 2643 1855 2706 pasto-

242 2726 331 2780 ri:
363 2722 861 2781 benedictionem.

240 2847 522 2905 Primum
548 2847 797 2922 quidem
826 2844 1240 2903 benedicimus
1268 2849 1593 2906 Dominum
1622 2852 1852 2907 Patrem

178 2939 546 3010 ingenitum.
613 2937 939 3011 Filiumque
994 2953 1170 2992 suum
1230 2938 1607 3008 unigenitum
1646 2940 1852 2996 Jesum

177 3026 489 3085 Christum
522 3025 842 3083 Dominum
869 3029 1166 3095 nostrum,
1193 3030 1248 3082 et
1269 3025 1553 3100 Spiritum
1575 3032 1852 3084 sanctum

174 3115 557 3190 paracletum
586 3130 775 3171 unum
809 3130 1017 3170 verum
1067 3113 1406 3186 Dominum,
1466 3115 1573 3190 qui
1636 3121 1852 3174 cuncta

175 3204 421 3272 creavit,
456 3204 562 3277 qui
592 3208 644 3260 te
671 3218 934 3277 quoque,
972 3201 1357 3259 dilectissime
1414 3207 1602 3277 Pater,
1663 3205 1852 3262 multa

176 3292 481 3367 sapientia
555 3292 883 3361 illustravit,
965 3292 1044 3348 ad
1122 3291 1467 3349 docendum
1556 3295 1849 3369 populum

176 3380 464 3445 suum,et
492 3375 706 3433 decore
755 3374 1089 3433 sanctitatis
1118 3376 1194 3432 ad
1252 3377 1648 3451 praebendum
1680 3380 1851 3436 bonae

172 3466 312 3523 vitze
342 3464 691 3538 exemplum
732 3464 1012 3522 decenter
1045 3466 1298 3523 ornavit.
1338 3466 1557 3523 Deinde
1595 3484 1852 3540 magnas

172 3554 281 3613 tibi
341 3555 659 3612 referimus
709 3560 929 3627 grates,
985 3555 1149 3630 quod
1204 3570 1315 3611 nos
1360 3555 1494 3612 licet
1522 3555 1851 3616 immeritos

173 3649 360 3720 atque
395 3648 656 3716 ignotos,
689 3644 1061 3701 salutationis
1090 3649 1206 3700 tuae
1228 3644 1570 3718 pariterque
1604 3663 1852 3706 munere

172 3735 387 3805 gratiae
421 3734 703 3805 dignatus
739 3750 802 3791 es
830 3733 1181 3807 praevenire.
1231 3732 1397 3789 Unde
1429 3734 1694 3806 profecto
1744 3754 1855 3794 nos

170 3825 235 3881 in
288 3839 567 3881 amorem
626 3828 794 3881 tuum
851 3825 934 3880 sic
964 3822 1265 3892 animasti,
1302 3826 1366 3878 ut
1399 3838 1723 3896 perennem
1775 3827 1857 3884 tui

170 3914 543 3970 memoriam
574 3913 635 3969 in
657 3913 867 3970 intimo
894 3912 1091 3970 cordis
1130 3910 1320 3969 nostri
1350 3910 1547 3983 vigere
1578 3914 1853 3985 velimus,

169 4008 245 4058 ut
277 4002 493 4058 saltem
526 4019 630 4075 per
658 4003 869 4060 crebra
896 4003 1240 4059 orationum
1272 4001 1582 4069 suffragia,
1610 4004 1657 4058 si
1690 4005 1857 4063 aliter

168 4091 441 4149 facultas
473 4108 591 4148 non
642 4092 1011 4167 suppetierit,
1075 4096 1188 4148 ture
1247 4089 1605 4159 benignitati
1661 4094 1855 4151 vicem

163 4181 512 4256 rependere
538 4186 898 4252 satagemus.
930 4179 1301 4249 Signiﬁcavit
1332 4181 1535 4235 autem
1567 4182 1743 4238 nobis
1789 4184 1854 4239 ti-

162 4272 283 4328 lius
308 4274 524 4327 noster
548 4275 808 4345 tuusque
846 4270 1039 4327 ﬁdelis
1070 4269 1391 4326 Hilduinus
1426 4268 1541 4339 (14)
1574 4275 1688 4327 tuae
1717 4273 1857 4329 cha-

162 4361 365 4420 ritatis
398 4376 543 4431 erga
568 4377 678 4417 nos
708 4361 986 4433 insignia,
1016 4360 1273 4417 ﬁdeliter
1333 4375 1606 4417 asserens
1658 4378 1852 4419 unum

162 4453 240 4509 de
280 4451 514 4508 nostris
543 4451 853 4508 Priscianis
885 4457 937 4507 te
963 4450 1135 4521 velle,
1167 4466 1356 4523 quem
1376 4453 1433 4504 et
1445 4465 1555 4522 per
1570 4451 1851 4509 eumdem

160 4540 435 4598 libenter
457 4539 766 4608 mittimus,
801 4540 1100 4614 quidquid
1130 4540 1313 4595 etiam
1337 4537 1414 4593 de
1446 4544 1650 4596 nostro
1672 4541 1851 4614 petie-

161 4632 255 4686 ris
279 4629 650 4686 hilarissime
682 4629 784 4685 tibi
816 4630 863 4685 si
894 4628 1177 4704 possibile
1207 4626 1386 4684 fuerit
1418 4629 1847 4700 transmissuri,

159 4720 383 4793 ipsam
415 4734 659 4792 quoque
690 4718 1070 4792 praesentiam
1120 4722 1413 4783 nostram,
1450 4716 1497 4770 si
1544 4715 1648 4772 tibi
1696 4734 1849 4791 opus

157 4812 328 4865 esset
362 4822 433 4863 ac
454 4805 752 4877 voluntas,
779 4807 1075 4880 nobisque
1100 4810 1391 4880 potestas,
1433 4804 1847 4879 obsequentis-

156 4897 325 4953 sime
352 4896 709 4969 praestaturi.
762 4895 849 4952 Ad
907 4895 1187 4952 ultimum
1236 4894 1465 4950 salvere
1513 4898 1567 4951 te
1608 4910 1848 4958 semper

155 4991 485 5058 optamus,
516 4988 831 5057 precantes
859 4987 923 5039 ut
952 4983 1116 5038 illam
1142 4998 1371 5039 novam
1403 4997 1472 5037 ac
1516 4981 1844 5052 gloriosam

153 5072 525 5148 adoptionis
556 5074 784 5146 prolem
816 5074 1037 5130 summi
1078 5074 1255 5144 regis,
1314 5086 1515 5142 regem
1576 5073 1848 5129 videlicet

158 5163 558 5237 Stephanum
608 5164 714 5235 (15)
768 5163 1055 5220 intimans
1083 5161 1444 5220 excellentiae
1475 5177 1597 5217 suae
1650 5161 1846 5236 [alias,

153 5254 407 5325 vestrae]
439 5268 513 5308 ex
565 5257 769 5308 nostra
816 5258 984 5326 parte
1033 5252 1275 5321 salutes,
1329 5255 1385 5308 et
1434 5250 1848 5310 universarum

158 5341 728 5414 congregationum
758 5359 892 5415 qua:
920 5347 1061 5398 sunt
1098 5342 1158 5399 in
1219 5342 1571 5416 episcopatu
1616 5345 1844 5412 nostro,

232 5470 357 5539 (14)
388 5467 487 5523 llic
517 5466 586 5523 ﬁt
630 5468 856 5524 mentio
907 5468 1185 5525 Hilduini.
1248 5467 1515 5539 [labetur
1552 5466 1611 5523 in
1665 5467 1848 5523 veteri

157 5539 475 5595 Chronico
506 5544 775 5611 tempore
807 5539 1043 5596 Roberti
1072 5539 1261 5610 regis:
1297 5541 1475 5611 Circa
1493 5538 1607 5611 hoc
1619 5544 1846 5607 tempus

160 5611 499 5667 millesimo
531 5609 690 5665 nmio
713 5612 1043 5681 fundatum
1100 5609 1186 5667 est
1216 5609 1551 5681 coenobium
1570 5610 1847 5666 Bettense

154 5681 241 5739 ab
252 5682 566 5740 Hilduino
580 5682 656 5739 de
664 5680 912 5753 proprio
927 5683 1177 5741 suolhc
1187 5687 1387 5740 autem
1401 5680 1731 5740 Hilduinus
1742 5696 1843 5738 nu-

1895 2319 1937 2372 B
1966 2318 2397 2378 canonicorum
2424 2320 2645 2377 scilicet
2691 2323 2747 2376 et
2797 2319 3237 2378 monachorum
3280 2320 3623 2378 orationum
3662 2308 3680 2319 ⁸

1962 2406 2185 2465 ﬁdelia.
2216 2410 2401 2480 Vala,

2399 2500 2732 2557 EPISTOLA
2772 2499 2814 2555 Il
2854 2500 3012 2570 [olim
3040 2502 3193 2572 xxm

2598 2589 2793 2660 (Anno
2818 2592 2973 2645 1003.

1958 2676 2147 2731 Pleno
2165 2679 2409 2734 virtutis
2430 2682 2485 2734 et
2504 2679 2706 2748 gratia
2731 2678 3116 2749 circumfuso,
3142 2677 3493 2735 charissima
3508 2679 3627 2734 Pa-

2364 2768 2451 2822 tri
2473 2769 2682 2822 ABBONI
2710 2769 3029 2823 FULBERTL'S
3053 2782 3219 2823 suus.

2033 2854 2314 2919 Quanam
2342 2860 2395 2913 te
2426 2855 2853 2913 resalutatione
2880 2856 3111 2927 digner,
3148 2873 3184 2912 o
3225 2872 3393 2913 sacer
3440 2855 3622 2924 abba,

1959 2948 2015 2999 et
2042 2959 2077 2998 o
2105 2960 2331 3015 magne
2360 2945 2718 3020 philosophe
2744 2947 2772 3002 ?
2800 2945 2945 3019 quid
2976 2946 3306 3019 rependam
3359 2944 3626 3002 muneris

1960 3036 2183 3088 sanctae
2211 3034 2484 3090 amicitiae
2531 3052 2717 3108 quam
2770 3035 3178 3109 promiserunt
3230 3032 3403 3103 signa
3460 3045 3626 3100 gem-

1958 3124 2134 3177 matae
2165 3121 2486 3195 facundiae,
2535 3124 2634 3180 vix
2682 3125 2977 3181 aestimare
3009 3122 3262 3180 sufﬁcio.
3296 3124 3443 3177 Nam
3490 3134 3628 3175 cum

1958 3208 2059 3265 illa
2087 3225 2226 3283 qute
2257 3209 2538 3267 dicuntur
2568 3228 2717 3281 esse,
2751 3212 2940 3268 victor
2964 3211 3171 3268 animo
3211 3214 3435 3279 teneas,
3488 3223 3628 3262 cum

1957 3296 2057 3352 illa
2078 3314 2214 3370 quae
2246 3315 2367 3355 non
2400 3316 2529 3356 esse
2552 3299 2799 3357 forsitan
2825 3295 3339 3373 vilipendas,quid
3358 3310 3470 3365 ego
3500 3309 3631 3350 con-

1958 3385 2108 3442 ferre
2124 3386 2353 3461 possim
2358 3389 2546 3462 ,quod
2570 3393 2631 3446 tu
2647 3393 2749 3446 aut
2764 3405 2887 3445 non
2903 3389 3270 3459 habeas,aut
3278 3399 3400 3441 non
3412 3383 3631 3441 habere

1959 3480 2354 3534 contemnas?
2407 3477 2521 3536 Sed
2559 3478 2850 3552 quoniam
2875 3475 3314 3553 philosophicis
3362 3473 3631 3531 essentiis

1959 3580 2254 3635 magnum
2285 3567 2577 3640 quiddam
2606 3572 2896 3640 superest,
2920 3571 3108 3639 atque
3138 3581 3210 3621 ex
3237 3564 3329 3622 his
3349 3580 3483 3639 quae
3509 3575 3632 3620 non

1893 3673 1933 3728 ρ
1964 3668 2095 3709 esse
2140 3653 2423 3711 dicuntur
2464 3654 2748 3728 qumdam
2800 3659 3100 3729 perpetua
3160 3654 3328 3722 ﬁunt,
3378 3653 3632 3727 ideoque

1966 3737 2337 3810 sapientibus
2392 3739 2723 3813 aliquando
2784 3743 2955 3809 grata
2991 3744 3154 3808 sunt,
3204 3738 3398 3813 recipe
3426 3754 3632 3813 quaeso

1962 3828 2126 3900 quod
2150 3828 2228 3885 ab
2255 3832 2506 3901 utroque
2524 3827 2629 3883 tibi
2646 3827 2866 3884 lectum
2890 3826 3101 3884 offero.
3118 3828 3384 3902 Denique
3406 3833 3470 3886 ut
3501 3844 3634 3902 par-

1963 3915 2267 3988 ticipando
2290 3932 2471 3989 super
2493 3916 2813 3971 essentiam
2836 3913 3076 3971 deitatis
3109 3915 3393 3972 dominus
3409 3917 3631 3984 ﬁas,sic

1963 4007 2017 4059 te
2038 4004 2379 4076 resalutato,
2404 4004 2482 4060 ad
2504 4020 2830 4077 perennem
2852 4002 3160 4060 ﬁdelitatis
3190 4004 3461 4061 habitum
3484 4005 3629 4061 ami-

1963 4092 2110 4149 citiae
2134 4098 2247 4148 tuae
2277 4092 2545 4165 rependo
2574 4093 2703 4148 haec
2736 4092 2964 4149 scilicet
2993 4091 3327 4152 differentia
3344 4099 3508 4152 tuam
3522 4094 3628 4151 be-

1960 4181 2360 4237 nevolentiam
2387 4197 2709 4254 meamque
2737 4182 3139 4254 distinguens,
3168 4188 3231 4240 ut
3245 4184 3346 4241 illa
3371 4201 3480 4259 pro
3496 4201 3627 4243 ma-

1954 4271 2165 4342 jestate
2194 4286 2465 4345 personae
2499 4271 2691 4340 gratia
2718 4275 2962 4329 vocetur
2986 4277 3049 4329 ut
3073 4272 3324 4344 domini,
3350 4274 3465 4332 ista
3478 4274 3625 4332 ﬁde-

1958 4359 2091 4416 litas
2122 4364 2187 4416 ut
2212 4359 2460 4417 alumni.
2496 4360 2811 4434 Praeceptis
2851 4361 3054 4434 itaque
3097 4362 3211 4418 tuis
3255 4364 3624 4422 modestissi-

1957 4465 2055 4505 me
2085 4448 2379 4506 deservire
2419 4448 2691 4524 cupiens.
2725 4449 3062 4507 Mediolano
3118 4451 3413 4527 discipulo
3457 4454 3624 4527 quod

1957 4543 2232 4612 precatus
2262 4555 2325 4595 es
2355 4538 2530 4610 facio,
2559 4556 2816 4614 quaeque
2838 4539 2941 4597 tibi
2969 4540 3286 4609 scribenda
3306 4542 3522 4615 petisti,
3547 4559 3621 4600 en

1957 4627 2161 4684 omnia
2194 4627 2312 4684 fere
2326 4628 2499 4700 juxta
2523 4628 2708 4686 ﬁdem
2735 4633 2979 4685 exarata
3001 4630 3360 4686 transmitto.
3389 4630 3619 4688 Abbate

1956 4716 2145 4773 sancti
2176 4717 2325 4774 Petri
2352 4717 2607 4787 graviter
2639 4721 2983 4789 aegrotante,
3017 4718 3121 4774 sed
3151 4718 3350 4773 adhuc
3399 4719 3615 4777 mentis

1954 4809 2013 4861 et
2030 4804 2323 4863 sermonis
2353 4811 2646 4880 compote,
2690 4806 3079 4877 Megenardus
3109 4805 3447 4862 monachus
3481 4812 3617 4865 ante

1954 4895 2100 4952 mihi
2131 4913 2254 4953 non
2288 4896 2665 4953 mediocriter
2694 4896 2937 4964 charus,
2970 4900 3152 4952 noctu
3179 4911 3307 4951 sese
3335 4895 3411 4953 de
3461 4897 3619 4955 clau-

1886 5026 1928 5080 D
1959 4986 2427 5080 strosubripuit,
2458 4989 2515 5080 et
2570 4986 2648 5080 ad
2702 4985 3113 5080 Theobaldum
3160 4983 3462 5080 comitem,
3512 4988 3617 5061 qui

1960 5075 2140 5133 Blesis
2158 5079 2295 5131 tunc
2313 5073 2684 5143 morabatur,
2705 5073 2962 5131 abbatiee
2984 5072 3254 5146 petendm
3272 5074 3464 5144 gratia
3482 5093 3617 5151 pro-

1956 5164 2205 5240 peravit,
2236 5179 2437 5220 comes
2464 5161 2633 5220 illum
2665 5162 2949 5235 postridie
2978 5160 3203 5219 remisit
3229 5161 3307 5217 ad
3332 5178 3445 5221 nos
3475 5182 3615 5224 cum

1955 5254 2183 5326 legatis,
2204 5253 2311 5326 qui
2336 5252 2758 5309 denuntiarent
2771 5250 3181 5325 recipiendum
3197 5254 3517 5325 magniﬁce
3541 5255 3614 5315 si-

1957 5346 2057 5399 cut
2084 5342 2367 5398 abbatem
2396 5341 2711 5398 monachis
2732 5344 2788 5397 et
2817 5341 3140 5398 canonicis.
3175 5344 3245 5397 At
3267 5359 3408 5403 vero
3438 5345 3613 5402 nobis

1948 5482 2062 5538 per
2092 5481 2167 5523 ex
2189 5467 2516 5539 grandaevo
2542 5467 2731 5523 milite
2745 5468 2806 5523 in
2823 5468 3047 5539 clerum
3054 5473 3368 5537 promotus
3380 5470 3608 5539 fuerat,

1954 5539 2214 5610 dictique
2246 5538 2496 5610 coenobii
2523 5545 2664 5594 tunc
2686 5539 2974 5610 pauperis
2995 5538 3121 5609 fuit
3132 5539 3373 5610 primus
3402 5538 3605 5597 abbas.

2025 5608 2134 5681 (15)
2160 5608 2300 5674 Quis
2332 5608 2504 5664 fuerit
2544 5608 2885 5680 Stephanus
2917 5626 3029 5669 rex
3070 5608 3164 5668 vix
3194 5611 3389 5685 colligi
3416 5615 3609 5688 potest

1953 5696 2027 5740 ex
2054 5679 2317 5737 historia.
