3996 6176
380 202 473 255 191
1434 197 1488 252 S.
1532 192 1866 251 FULBERTI
1907 189 2384 248 CARNOTENSIS
2423 191 2754 248 EPISCOPI.

3700 189 3801 242 192

378 322 498 379 fere
524 322 804 378 omnibus
835 336 904 376 ea
929 335 1021 375 res
1051 335 1221 392 aeque
1252 335 1412 376 nova
1451 324 1508 376 et
1560 316 1859 374 horribilis
1896 314 2024 370 fuit.
2071 319 2117 370 A
2149 318 2322 389 cujus
2351 318 2519 374 dives
2552 315 2856 374 charitatis
2882 314 2957 371 de
2993 329 3260 386 paupere
3317 327 3501 369 censu
3547 327 3803 385 quasque

378 411 816 484 Respondimus
838 409 1038 481 itaque
1063 408 1240 478 longe
1280 409 1456 464 nobis
1485 407 1650 464 aliter
1675 405 1882 462 videri.
1916 407 2028 459 Nec

378 501 538 556 enim
568 499 824 569 legitime
856 499 981 553 ﬁeri
1008 498 1312 568 abbatem,
1344 515 1454 554 nec
1484 497 1701 554 debere
1725 494 1908 566 recipi
1928 493 2029 566 qui

379 589 688 644 abbatiam
710 587 974 654 alterius,
1009 588 1140 659 ipso
1172 588 1422 658 vivente,
1481 603 1588 660 per
1641 585 2030 641 ambitionem

375 677 537 751 petit,
570 677 672 749 qui
704 693 740 732 a
771 676 1052 732 fratribus
1081 693 1203 732 non
1228 677 1480 747 eligitur,
1512 681 1569 732 et
1595 691 1774 747 super
1793 673 1924 728 illos
1944 671 2032 727 ni-

379 766 516 821 titur
541 765 860 821 dominari.
891 769 1192 821 Postremo
1224 765 1329 837 qui
1359 770 1558 821 noster
1584 779 1777 836 neque
1822 777 2032 817 mona-

379 855 529 910 chus
563 855 656 920 sit,
690 871 886 927 neque
910 855 1177 924 clericus,
1229 860 1285 910 et
1340 855 1540 928 plures
1587 854 1806 909 habeat
1853 857 2032 907 testes

381 943 676 998 curialiter
703 943 968 1012 agitandi
999 960 1185 1016 quam
1216 944 1543 998 monastice
1594 941 1848 997 vivendi.
1904 944 2035 996 Haec

381 1032 475 1086 ille
508 1049 629 1087 non
655 1038 955 1102 gratanter
978 1033 1276 1104 accipiens
1309 1033 1386 1087 ad
1426 1031 1704 1088 comitem
1760 1030 2035 1102 redequi-

381 1125 483 1188 tat,
517 1122 788 1193 iramque
814 1121 1049 1191 juvenis
1077 1122 1396 1176 adversum
1422 1137 1533 1176 nos
1555 1122 1938 1176 vehementer
1954 1119 2037 1174 in-

382 1211 672 1265 ﬂammat.
710 1211 821 1266 Sed
843 1210 937 1264 die
989 1210 1196 1281 quinto
1251 1215 1573 1282 postquam
1623 1226 1800 1265 suum
1843 1208 2036 1264 ambi-

384 1302 509 1352 tum
569 1297 910 1369 publicavit,
957 1297 1276 1369 praadictus
1333 1298 1526 1353 abbas
1622 1297 2037 1367 mgritudinem

383 1402 557 1440 suam
587 1391 775 1440 morte
805 1386 1034 1440 limitat.
1067 1387 1440 1442 Conveniunt
1459 1387 1536 1442 ad
1554 1385 1881 1458 capitulum
1907 1401 2038 1441 mo-

379 1475 559 1529 nachi
617 1476 822 1541 nostri,
884 1481 939 1530 et
969 1476 1218 1547 quidam
1245 1476 1538 1541 canonici,
1571 1492 1726 1547 quos
1760 1475 1910 1530 ratio
1939 1491 2042 1546 po-

384 1563 648 1619 stulabat
673 1565 926 1620 admitti.
977 1569 1418 1634 lnterrogamus
1459 1581 1536 1620 an
1584 1564 1767 1636 aliqui
1788 1565 2038 1620 fratrum

379 1652 641 1725 inccepto
673 1653 1007 1723 Megenardi
1035 1653 1330 1708 faveant?
1371 1657 1598 1722 Negant
1644 1653 1882 1723 singuli,
1941 1669 2040 1709 ne-
2071 1673 2108 1726 Β

382 1747 525 1811 gant
552 1743 1171 1797 omnes.Decrevimus
1193 1758 1336 1812 ergo
1361 1743 1660 1814 quosdam
1688 1759 1894 1798 eorum
1909 1759 2037 1798 esse

383 1832 704 1887 mittendos
735 1832 812 1887 ad
835 1832 1135 1903 comitem,
1168 1832 1342 1887 nobis
1369 1833 1639 1888 videlicet
1657 1833 2038 1904 designatum

383 1921 758 1994 episcopum,
790 1927 854 1976 ut
878 1921 1061 1977 Patris
1089 1921 1323 1976 obitum
1345 1922 1707 1989 nuntiarent,
1733 1922 2038 1979 etalterius

383 2009 638 2079 eligendi
681 2009 1015 2078 regularem
1048 2016 1432 2082 precarentur
1459 2011 1777 2068 licentiam.
1810 2012 2038 2078 Quibus

383 2097 582 2152 missis
609 2113 744 2152 ecce
771 2097 869 2153 alii
894 2099 1036 2167 duo,
1064 2099 1345 2155 Vivianus
1372 2099 1589 2156 scilicet
1613 2105 1669 2156 et
1694 2101 2037 2172 Durandus,

384 2186 531 2243 alter
558 2186 883 2254 illiteratus,
917 2187 1061 2242 alter
1099 2187 1429 2244 litterarum
1467 2188 1811 2244 malesanus
1860 2189 2037 2245 inter-

384 2291 548 2348 pres,
580 2275 762 2331 ambo
784 2276 1106 2348 praepositi,
1131 2277 1477 2333 simulantes
1495 2294 1677 2334 causa
1703 2279 2040 2334 communis

383 2363 688 2420 commodi
709 2364 787 2420 ad
814 2364 1186 2420 obedientias
1207 2382 1348 2421 suas
1381 2383 1444 2422 se
1473 2367 1622 2422 velle
1652 2367 1831 2436 exire,
1866 2383 1935 2423 ac
1966 2383 2040 2424 ne

383 2453 674 2509 aliorsum
705 2457 1019 2526 pergerent
1049 2453 1162 2509 sibi
1207 2455 1591 2511 interdicente
1639 2456 1870 2512 decano
1909 2473 2038 2512 mo-

384 2540 650 2597 nasterii.
669 2541 1091 2610 Megenardum
1119 2546 1323 2598 tamen
1355 2544 1539 2600 secuti
1571 2548 1729 2614 sunt,
1761 2544 1856 2600 cui
1885 2561 2040 2617 cmp-

382 2635 507 2686 tam
537 2630 1070 2702 praesumptionem
1101 2632 1329 2688 occulte
1360 2638 1802 2704 persuaserant,
1835 2639 1892 2690 et
1917 2634 2042 2689 Ble-

383 2718 462 2773 sis
514 2717 575 2772 in
625 2719 942 2790 praesentia
992 2719 1223 2776 domini
1267 2721 1590 2777 'I‘heobaldi
1620 2723 1820 2795 ipsum
1859 2726 2042 2792 Mege-

382 2807 644 2863 nardum
701 2823 736 2863 a
784 2808 1064 2863 fratribus
1117 2810 1236 2882 peti
1290 2827 1359 2866 ac
1390 2811 1526 2879 eligi
1557 2812 1782 2884 perfide
1814 2813 2042 2868 mentiti

384 2900 540 2950 sunt.
570 2897 792 2949 Horum
821 2896 1106 2965 suffragio
1131 2897 1300 2953 laetus
1328 2915 1530 2954 comes
1557 2899 1756 2955 statim
1779 2917 1920 2955 eum
1939 2900 2043 2956 ba-

2145 411 2344 479 potest
2367 407 2481 463 illis
2514 406 2850 463 necessaria
2871 402 3300 460 subministrat.
3353 403 3641 458 Caeterum
3683 397 3801 469 ille,

2147 496 2317 567 cujus
2342 497 2550 553 fratres
2579 497 3027 568 importunitate
3059 492 3295 566 depulsi
3323 495 3483 560 sunt,
3503 489 3581 546 ab
3603 487 3802 545 Hervi-

2151 602 2217 642 so
2245 587 2536 659 quodam,
2566 590 2632 642 ut
2660 585 2848 650 aiunt,
2872 583 3218 640 Britannicae
3265 581 3525 650 regionis
3577 578 3806 652 episco-

2150 690 2248 746 po,
2283 692 2358 730 IV.
2386 675 2828 742 Non.Februar,
2855 672 3046 729 abbas
3101 669 3418 728 simulatus
3475 668 3644 724 estin
3698 683 3802 722 su-

2147 762 2364 819 burdio
2395 762 2742 821 Carnotensi
2767 762 3016 818 absente
3047 760 3223 828 clero,
3250 758 3598 828 indignante
3613 771 3806 830 popu-

2144 853 2224 923 lo,
2258 854 2452 924 legato
2483 852 2920 926 archiprtesulis
2976 850 3180 923 palam
3229 847 3669 905 contradicente
3722 861 3802 902 ne

2145 943 2206 998 id
2231 942 2416 1012 ﬁeret,
2447 941 2914 998 reclamantibus
2953 940 3134 995 etiam
3185 937 3554 1012 quibusdam
3586 951 3798 991 mona-

2156 1032 2306 1100 chis,
2361 1032 2464 1105 qui
2517 1032 2578 1087 in
2624 1031 2756 1087 loco
2786 1034 3199 1086 remanserant
3245 1043 3386 1084 vero
3416 1025 3603 1092 vultu,
3658 1024 3799 1080 viva

2144 1138 2288 1177 voce
2315 1126 2494 1194 atque
2524 1119 2782 1192 regulari
2811 1119 3177 1175 auctoritate.
3210 1117 3324 1174 Sed
3367 1114 3514 1188 quid
3539 1114 3688 1170 inter
3708 1113 3804 1169 fu-

2145 1215 2343 1266 rentes
2368 1211 2518 1267 ratio
2548 1211 2575 1266 ‘?
2609 1209 2722 1266 Sed
2754 1213 2810 1265 et
2847 1225 3008 1264 nunc
3038 1207 3133 1262 ille
3163 1206 3389 1279 primas
3435 1204 3496 1259 in
3545 1203 3803 1259 abbatias

2149 1304 2456 1370 suggestu,
2491 1298 2762 1355 saeculari
2785 1297 3050 1372 potentia
3079 1296 3286 1363 fretus,
3319 1294 3392 1350 de
3422 1298 3666 1366 paracta
3717 1294 3804 1348 vi-

2147 1389 2330 1444 ctoria
2383 1387 2704 1457 gloriosus,
2763 1386 3044 1443 fractores
3091 1385 3221 1456 ejus
3299 1381 3576 1446 abbates,
3645 1379 3802 1454 epis-

2148 1493 2358 1550 copus,
2409 1481 2588 1550 atque
2628 1476 2825 1548 ipsum
2873 1490 3099 1548 papam
3151 1470 3497 1540 ambiendo,
3546 1486 3622 1525 ne
3655 1469 3804 1542 quid

2148 1566 2392 1636 gravius
2419 1570 2713 1622 statuatur
2740 1564 2801 1620 in
2831 1564 3000 1619 illum
3035 1562 3232 1618 modis
3262 1559 3544 1617 omnibus
3599 1558 3803 1614 elabo-

2147 1661 2256 1712 rat.
2285 1659 2445 1712 Jacet
2473 1655 2710 1711 interim
2757 1655 2929 1720 victa,
2987 1653 3356 1724 confusaque
3400 1650 3650 1706 fratrum
3699 1664 3804 1704 ex-

2147 1745 2468 1818 pulsorum
2499 1744 2833 1810 humilitas,
2865 1757 2975 1798 nec
3005 1747 3093 1797 est
3119 1739 3338 1814 praesul
3362 1738 3423 1794 in
3453 1737 3668 1804 Galliis,
3699 1753 3800 1793 cu-

2143 1836 2243 1906 jus
2273 1834 2504 1888 viscera
2526 1836 2737 1902 tangat
2765 1830 2998 1887 affectio
3025 1829 3280 1902 pietatis,
3312 1830 3416 1883 aut
3444 1826 3603 1882 zelus
3624 1841 3804 1882 sacrae

2147 1923 2294 1993 legis
2333 1923 2758 1989 inﬂammet,ut
2779 1923 3102 1989 consurgat
3129 1918 3208 1974 ad
3238 1915 3604 1986 frangendos
3619 1915 3805 1988 impe-

2147 2017 2243 2068 tus
2267 2027 2559 2077 errorum,
2593 2008 2672 2065 ad
2701 2008 3054 2065 relevandas
3085 2022 3222 2079 spes
3253 2005 3458 2062 dolore
3493 2004 3802 2060 tabescen-

2149 2100 2317 2157 tium.
2349 2099 2634 2154 Defuncta
2664 2097 2882 2154 etenim
2914 2101 3004 2152 est
3025 2094 3289 2167 Dionysii
3333 2093 3633 2160 fortitudo,
3677 2109 3802 2148 non

2149 2192 2456 2261 comparet
2483 2186 2675 2260 pietas
2733 2185 2977 2243 Martini.
3012 2188 3094 2241 Tu
3146 2183 3389 2257 quoque
3442 2182 3801 2254 dereliquisti

2148 2294 2285 2340 nos,
2316 2282 2518 2333 sancte
2550 2279 2716 2332 Pater
2739 2275 2938 2342 Hilari,
2967 2274 3070 2347 qui
3099 2273 3240 2329 olim
3275 2272 3560 2329 unitatem
3609 2271 3803 2328 Eccle-

2151 2368 2250 2423 siae
2285 2367 2534 2439 Spiritus
2558 2365 2745 2421 sancti
2775 2364 2974 2434 gladio
3005 2361 3288 2420 tuebaris.
3343 2363 3386 2418 0
3419 2361 3718 2430 derelicta,
3766 2377 3800 2416 ο

2150 2460 2384 2524 moesta,
2412 2471 2448 2511 o
2493 2454 2762 2511 desolata
2794 2453 3116 2510 Galliarum
3148 2450 3406 2508 Ecclesia
3440 2451 3452 2505 !
3485 2466 3620 2522 quae
3674 2450 3802 2521 jam

2151 2546 2259 2602 erit
2289 2561 2426 2618 spes
2453 2543 2658 2600 salutis
2691 2543 2973 2599 ulterior?
3001 2543 3107 2599 Ubi
3128 2541 3388 2615 amplius
3409 2539 3629 2596 afﬂicta
3649 2539 3804 2596 Chri-

2152 2635 2325 2691 stiani
2357 2634 2561 2690 anima
2611 2632 2927 2706 respirabit
2957 2633 2984 2686 ?
3043 2632 3166 2687 Hoc
3217 2645 3435 2704 nempe
3475 2629 3670 2686 solum
3713 2628 3806 2685 vel

2150 2723 2414 2780 maxime
2444 2737 2557 2777 nos
2587 2720 2922 2777 confortare
2942 2719 3290 2776 videbatur:
3312 2717 3478 2792 quod
3507 2718 3556 2773 si
3577 2718 3806 2774 contin-

2153 2817 2315 2884 geret
2334 2812 2541 2868 ruinas
2566 2811 2860 2866 mmnium
2889 2815 3126 2866 tuorum
3158 2807 3429 2865 resarciri
3453 2822 3576 2862 non
3606 2823 3805 2880 posse,

2150 2901 2349 2957 liceret
2388 2899 2598 2955 saltem
2630 2900 2708 2954 ad
2732 2899 2978 2954 ﬁrmum
3011 2898 3210 2954 adhuc
3229 2896 3580 2970 Capitolium
3601 2912 3811 2952 mona-

389 2982 530 3079 culo.
549 2983 832 3084 pastorali
859 2984 1096 3056 publice
1144 2987 1347 3042 donat.
1404 2990 1530 3052 Quo
1575 2987 1798 3054 audito,
1834 2987 2042 3044 fratres
2073 3029 2113 3084 Ο
2154 2990 2316 3046 sticaa
2345 2989 2476 3045 vitae
2521 2988 2862 3060 confugere.
2894 2988 3065 3054 Quod
3093 2988 3273 3044 etiam
3305 2987 3355 3042 si
3386 2986 3612 3084 furibus
3665 2986 3808 3084 irre—

383 3069 487 3141 qui
517 3069 578 3124 in
609 3069 869 3127 claustro
899 3078 1336 3144 remanserant,
1370 3081 1577 3131 contra
1597 3075 1755 3132 hanc
1800 3075 2043 3132 fraudu-

386 3156 630 3213 lentiam
649 3157 772 3214 zelo
793 3159 1010 3216 divinae
1025 3161 1173 3232 legis
1191 3163 1456 3228 accincti,
1474 3163 1739 3220 libellum
1757 3166 2041 3238 reproba-

384 3245 560 3300 tionis
592 3247 877 3316 fecerunt,
919 3254 1098 3322 atque
1127 3252 1608 3325 subscripserunt
1637 3254 1990 3325 hujusmodi
2023 3273 2035 3310 :

383 3334 538 3390 Sciat
550 3337 746 3390 omnis
771 3337 1047 3408 Ecclesia,
1071 3341 1212 3412 quia
1226 3341 1645 3409 Megenardum
1670 3344 2038 3398 monachum

380 3428 673 3489 nostrum,
708 3425 989 3481 abbatem
1023 3428 1151 3482 ﬁeri
1181 3444 1302 3482 non
1325 3428 1620 3498 eligimus,
1654 3445 1778 3485 non
1833 3431 2040 3487 lauda-

379 3528 535 3578 mus,
569 3528 691 3566 non
721 3514 1020 3581 volumus,
1046 3531 1166 3570 non
1195 3518 1599 3572 consentimus
1634 3537 1644 3573 :
1681 3519 1781 3574 sed
1832 3536 2037 3592 repro-

379 3599 620 3666 bamus,
654 3600 1003 3671 refutamus,
1038 3609 1094 3658 et
1118 3605 1365 3659 omnino
1398 3607 1881 3663 contradicimus.
1921 3613 2036 3664 Nos

377 3701 517 3740 vero
548 3686 622 3740 de
649 3687 924 3743 coenobio
949 3691 1139 3745 sancti
1157 3692 1322 3758 Petri,
1347 3709 1607 3764 quorum
1631 3695 1879 3751 nomina
1899 3697 2037 3752 scri-

376 3779 480 3846 pta
519 3780 674 3843 sunt,
706 3779 1021 3833 Durandus
1044 3779 1329 3851 dccanus,
1351 3783 1697 3849 Gaudricus,
1731 3786 2033 3855 Genesius,

377 3864 692 3936 Robertus,
727 3867 1105 3939 lsembertus,
1131 3871 1484 3942 Marcuinus,
1513 3873 1752 3941 Alveus,
1779 3878 2037 3932 Guarne-

375 3969 502 4024 rus,
539 3955 840 4025 Richerus,
866 3958 1156 4025 Warinus,
1195 3961 1535 4030 Herbertus,
1570 3964 1894 4028 Evrardus,
1929 3967 2032 4019 Be-

375 4043 667 4110 nedictus,
698 4045 1000 4114 Arnulfus,
1028 4048 1358 4116 Gualterus,
1394 4049 1766 4121 Beringerus,
1795 4053 2037 4108 Herber-

375 4136 488 4198 tus,
526 4134 879 4189 Bernardus.
903 4136 1001 4190 Isti
1030 4137 1228 4210 itaque
1259 4155 1468 4194 omnes
1499 4157 1607 4197 sua
1633 4142 1882 4198 nomina
1933 4147 2037 4198 aut

378 4219 880 4293 subscripserunt,
916 4229 1018 4279 aut
1050 4227 1346 4282 subscribi
1382 4229 1648 4286 fecerunt
1663 4247 1758 4286 me
1774 4231 2030 4287 vidente.

376 4305 477 4360 Die
509 4308 782 4377 proxima
835 4326 1038 4367 comes
1085 4315 1405 4370 Tetbaldus
1456 4320 1623 4387 redit,
1658 4321 1800 4375 sein
1823 4337 2033 4376 mona-

377 4393 625 4449 steriiJm
657 4396 836 4469 recipi
869 4415 1006 4454 cum
1032 4404 1410 4471 processione
1464 4408 1860 4477 prtemandat.
1913 4413 2029 4465 Mo-
2064 4380 2109 4432 Β

375 4482 553 4536 nachi
582 4485 946 4556 respondent
976 4505 1036 4542 se
1061 4489 1312 4545 libenter
1362 4494 1475 4548 hoc
1526 4511 1724 4565 agere,
1783 4497 1831 4552 si
1878 4514 2034 4570 prae-

377 4577 749 4643 sumptorem
781 4575 946 4630 illum
977 4593 1100 4632 non
1129 4579 1441 4638 adduxerit
1464 4600 1688 4640 secum.
1714 4586 1810 4641 llle
1833 4587 2034 4643 denuo

375 4659 582 4730 iratus,
613 4662 746 4734 ipso
777 4663 871 4719 die
904 4669 1105 4722 tamen
1151 4669 1435 4727 sustinuit
1488 4673 1592 4728 sed
1640 4674 1701 4729 in
1762 4677 2034 4746 sequenti

375 4766 514 4806 cum
545 4753 792 4825 strepitu
826 4756 1323 4814 comminantium
1366 4761 1426 4815 in
1473 4763 1663 4818 sancti
1715 4765 1862 4819 Petri
1901 4781 2033 4821 mo-

374 4843 702 4898 nasterium
735 4861 915 4901 suum
955 4849 1382 4916 Magenardum
1408 4851 1676 4909 obtrusit.
1719 4854 1808 4909 Ad
1860 4855 2033 4924 cujus

372 4932 701 4988 violentum
726 4934 1021 5005 igressum
1043 4939 1231 4994 sancti
1260 4939 1469 4996 fratres
1498 4943 1896 5000 contaminari
1946 4944 2032 5017 ip-

377 5020 497 5074 sius
529 5037 747 5078 comm;
777 5025 1073 5082 nicatione
1103 5027 1393 5100 timentes,
1427 5033 1766 5087 sanctuario
1797 5034 2031 5089 Domini

378 5108 652 5178 salutato,
687 5128 824 5168 cum
847 5115 1130 5188 lacrymis
1159 5118 1447 5189 exierunt,
1505 5125 1682 5193 atque
1732 5123 2031 5193 refugium

386 5193 548 5249 aliud
595 5199 946 5275 nescientes,
999 5205 1075 5260 ad
1124 5205 1332 5262 limina
1385 5208 1730 5281 principalis
1761 5210 2030 5266 Ecclesiae

379 5282 793 5352 confugerunt.
822 5290 1156 5365 lbiquoque
1183 5312 1304 5351 non
1329 5297 1568 5353 invento
1581 5302 1819 5370 pastore
1846 5299 2031 5355 utrin-

378 5387 497 5443 que
527 5371 774 5430 desertae
805 5394 948 5434 oves
983 5384 1206 5439 maestis
1265 5402 1391 5442 sese
1422 5387 1668 5443 vocibus
1713 5389 2030 5445 consolam-

377 5465 488 5516 tur.
523 5461 635 5517 Sed
669 5465 876 5537 recipit
906 5475 1116 5526 sancta
1145 5475 1320 5529 Mater
1349 5476 1581 5531 Domini
1613 5477 1786 5533 solita
1814 5477 2030 5548 pietate

374 5549 581 5622 recipit
629 5553 981 5626 Rodulphus
1037 5563 1172 5614 tuus
1215 5561 1373 5619 dulci
1427 5565 1812 5635 benignitate.
1888 5565 2030 5619 Inde

374 5639 738 5698 transierunt
767 5643 846 5700 ad
877 5647 1220 5706 coenobium
1273 5653 1460 5709 sancti
1502 5655 1687 5711 Patris
1741 5653 2027 5722 Herberti,

2152 3085 2320 3153 ptare
2341 3083 2444 3135 aut
2465 3078 2713 3150 impune
2743 3076 3111 3150 quibuslibet
3136 3075 3469 3132 ambitiosis
3527 3074 3806 3130 invadere

2151 3169 2306 3238 licet,
2329 3167 2484 3240 proh
2515 3166 2688 3222 dolor
2712 3166 2724 3222 !
2752 3165 3020 3222 funditus
3049 3164 3356 3221 cecidisti?
3381 3164 3544 3220 Unde
3571 3164 3698 3234 jam
3719 3162 3811 3218 'ad

2151 3262 2206 3314 te
2236 3260 2559 3327 revertens,
2592 3255 2931 3311 venerande
2959 3255 3152 3321 Pater,
3184 3269 3369 3326 quem
3401 3267 3513 3322 ego
3544 3251 3724 3308 credo
3755 3255 3814 3307 et

2151 3347 2329 3402 video
2382 3345 2722 3416 adjutorem
2767 3361 2804 3400 a
2855 3343 3107 3399 Domino
3137 3342 3314 3399 nobis
3343 3358 3475 3398 esse
3502 3341 3812 3414 provisum

2151 3452 2290 3492 cum
2317 3435 2566 3491 domino
2593 3450 2728 3490 meo
2754 3439 2978 3506 tuoque
3004 3432 3166 3488 ﬁdeli
3197 3431 3510 3504 Rodulpho
3523 3430 3813 3504 deprecor

2151 3529 2208 3580 et
2233 3523 2500 3580 obtestor
2520 3539 2626 3595 per
2663 3538 2732 3578 ea
2787 3539 2923 3594 quae
2970 3521 3072 3577 tibi
3128 3521 3271 3576 data
3315 3524 3453 3575 sunt
3505 3518 3810 3592 sapientiae

2151 3618 2370 3668 sanctae
2389 3611 2771 3680 charismata,
2798 3627 2905 3683 per
2925 3610 3306 3666 dulcedinem
3327 3608 3602 3665 fraternae
3624 3608 3814 3665 chari-

2149 3703 2305 3770 tatis,
2340 3701 2387 3756 si
2403 3700 2550 3773 quid
2575 3704 2770 3773 potes,
2789 3701 3084 3772 impugna
3102 3700 3301 3754 hostes
3325 3698 3579 3762 Domini,
3601 3699 3812 3754 fratres

2149 3791 2348 3846 allisos
2373 3806 2434 3845 re
2443 3790 2592 3855 fove,
2626 3805 2736 3844 nec
2751 3789 2942 3861 perire
2961 3789 3124 3844 sinas
3149 3787 3353 3861 inopia
3371 3787 3560 3843 solatii
3575 3787 3682 3854 tui,
3700 3801 3814 3860 pro

2149 3880 2370 3954 quibus
2404 3879 2596 3935 credis
2620 3895 2751 3934 esse
2774 3879 2978 3935 fusum
2998 3877 3355 3949 sanguinem
3386 3876 3616 3934 Christi.
3652 3877 3810 3933 Vale.

2607 3969 2939 4024 EPISTOLA
2982 3969 3049 4023 ιιι
3078 3969 3239 4037 [olim
3267 3967 3355 4038 ιι.]

2784 4057 2978 4128 (Anno
3002 4061 3184 4124 1006.)

2153 4147 2405 4201 Domino
2436 4161 2541 4200 suo
2575 4147 2819 4200 EINARDO
2847 4145 2962 4200 sibi
2995 4159 3225 4214 semper
3277 4144 3617 4200 venerando
3673 4145 3814 4199 FUL-

2722 4248 2927 4287 BERTUS
2966 4233 3237 4302 exiguus.

2224 4319 2409 4385 Novit,
2459 4323 2515 4374 et
2559 4335 2698 4375 vere
2729 4319 2896 4374 novit
2935 4319 3269 4376 serenitatis
3298 4324 3504 4376 vestra:
3543 4319 3814 4393 pruden-

2151 4410 2250 4479 tia,
2305 4407 2470 4481 quod
2514 4409 2576 4463 in
2631 4407 3041 4464 ecclesiasticis
3088 4408 3298 4464 oﬂiciis
3336 4409 3511 4482 plura
3541 4414 3699 4476 sunt,
3751 4409 3816 4464 in

2147 4497 2369 4570 quibus
2429 4497 2751 4553 Orientales
2815 4497 3085 4553 Ecelesite
3127 4503 3182 4553 et
3228 4503 3444 4554 nostrae
3500 4497 3816 4554 communi

2147 4586 2565 4643 observatione
2597 4587 2710 4642 sibi
2736 4586 3119 4659 respondent.
3182 4589 3328 4643 Sunt
3373 4603 3513 4644 vero
3572 4587 3692 4644 alia
3748 4588 3815 4642 in

2146 4676 2367 4748 quibus
2400 4675 2547 4732 alias
2575 4676 2655 4731 ab
2686 4675 2815 4731 aliis
2846 4676 3009 4731 cultu
3037 4676 3284 4750 dispari,
3309 4681 3364 4732 et
3384 4677 3550 4732 varia
3598 4676 3813 4733 obser-

2146 4765 2384 4822 vatione
2415 4765 2758 4820 audivimus
2789 4765 3124 4821 dissonare.
3161 4766 3274 4822 Sed
3313 4782 3423 4822 nec
3475 4782 3676 4838 pauca
3707 4773 3818 4822 aut

2145 4871 2282 4911 rara
2314 4859 2471 4925 sunt,
2501 4872 2635 4927 quae
2661 4855 2739 4912 ab
2771 4855 2901 4912 aliis
2959 4855 3297 4912 necessario
3351 4856 3669 4924 servanda,
3731 4856 3816 4912 ab

2147 4943 2274 5000 aliis
2299 4959 2424 4999 non
2454 4943 2606 4999 adeo
2633 4943 2902 5000 curanda
2926 4943 3439 5000 aestimantur.Nec
3461 4949 3666 5000 tamen
3697 4960 3818 5000 nos

2145 5031 2395 5088 offendit
2418 5031 2816 5088 observantiae
2847 5031 3179 5102 diversitas,
3213 5033 3315 5088 ubi
3337 5032 3475 5088 ﬁdei
3504 5048 3628 5088 non
3657 5034 3820 5089 scin-

2143 5121 2303 5178 ditur
2333 5121 2551 5177 unitas.
2577 5124 2755 5177 Porro
2780 5122 2842 5177 in
2869 5121 3072 5176 multis
3107 5121 3330 5178 Greecia
3360 5122 3438 5177 ab
3496 5121 3816 5195 Hispania,

2144 5211 2223 5267 ab
2276 5209 2388 5264 illis
2435 5213 2705 5266 Romana
2761 5215 2818 5265 et
2855 5209 3158 5268 Gallicana
3187 5211 3491 5284 discrepat
3520 5211 3816 5268 Ecclesia.

2145 5299 2261 5356 Sed
2313 5315 2509 5371 neque
2561 5299 2622 5354 in
2669 5299 2784 5355 hoc
2839 5299 3336 5369 scandalizamur,
3394 5301 3443 5356 si
3519 5299 3819 5356 audimus

2142 5388 2445 5442 diversam
2518 5387 3022 5454 observationem,
3107 5389 3211 5445 sed
3290 5406 3412 5446 non
3497 5388 3816 5445 diversam

2139 5475 2325 5530 ﬁdem
2376 5475 2437 5529 in
2489 5475 2697 5532 Christi
2746 5491 2983 5547 semper
3025 5477 3299 5534 Ecclesiis
3331 5477 3650 5534 exstitisse.
3691 5480 3822 5534 Stet

2139 5563 2300 5620 enim
2347 5563 2557 5633 regina
2614 5563 2871 5620 Ecclesia
2930 5581 2966 5620 a
3014 5566 3235 5623 dextris
3293 5567 3448 5636 regis
3505 5565 3821 5622 suiinve-

2140 5652 2281 5709 stitu
2336 5651 2628 5709 deaurato
2695 5653 3067 5712 circumdata
3145 5656 3446 5715 varietate.
3493 5658 3611 5713 Nos
3665 5669 3822 5716 vero
