4048 6178
243 163 350 219 193

1808 142 2195 207 EPISTOLIE.

3618 167 3719 222 194

238 285 382 343 trita
399 287 461 340 et
481 281 841 357 pervulgata
856 283 1103 338 Patrum
1127 278 1232 336 via
1247 261 1664 346 incendentes,
1696 279 1943 333 Patrum
1975 269 2027 323 Α
2062 284 2172 327 nec
2202 273 2380 330 etiam
2409 275 2650 346 signum
2673 279 2921 354 aliquod
2944 281 3212 339 invenire
3238 284 3719 357 potuit.Audiens

239 372 612 430 memoriam
641 370 704 426 in
727 368 1004 426 rationali
1027 368 1297 442 pectoris
1336 366 1545 436 nostri,
1569 365 1632 421 id
1663 368 1759 420 est
1787 379 1945 437 prae-

243 461 599 520 cedentium
629 462 871 516 Patrum
901 456 1184 531 exempla
1221 472 1350 530 prae
1381 454 1570 512 oculis
1597 453 1944 510 habeamus

240 556 303 609 et
331 566 475 624 quae
504 547 876 606 rationaliter
905 563 1009 604 eos
1041 546 1239 617 egisse
1263 542 1689 615 cognovimus,
1745 546 1945 597 tenea-

241 659 386 699 mus
419 658 434 696 :
464 655 537 696 ea
561 654 706 695 vero
737 653 877 711 quas
907 635 1204 709 spirituali
1235 632 1487 691 consilio
1515 630 1597 687 ab
1652 630 1751 686 his
1785 627 1943 686 ordi-

240 734 390 789 nata
416 731 565 786 sunt
594 727 831 783 etiamsi
858 725 1221 782 inﬁrmitatis
1251 726 1467 780 nostra;
1482 720 1832 791 ignorantia
1860 718 1943 775 ad

240 820 502 895 plenum
527 815 736 872 videre
765 830 891 872 non
927 814 1257 887 possimus,
1311 809 1643 868 temerariae
1698 807 1939 865 cavilla-

242 909 430 966 tionis
455 907 637 963 dente
662 920 787 961 non
828 903 1140 971 rodamus,
1174 901 1323 958 dum
1352 904 1557 956 tamen
1588 914 1627 954 a
1655 896 1779 953 ﬁde
1808 898 1939 952 hmo

238 1010 649 1070 nequaquam
675 992 1012 1050 exorbitare
1051 992 1367 1048 sentimus.
1400 987 1547 1045 Dicit
1580 987 1890 1060 Scriptura
1919 1003 1932 1041 :

238 1086 434 1154 Audi,
460 1085 563 1154 ﬁli
585 1084 691 1152 mi,
719 1082 1110 1152 disciplinam
1137 1081 1338 1151 patris
1357 1080 1464 1148 tui,
1497 1084 1550 1134 et
1570 1092 1648 1133 ne
1667 1077 1937 1133 dimittas

242 1177 440 1247 legem
472 1173 691 1230 matris
724 1177 843 1228 tuae
900 1172 1106 1244 (Prov.
1135 1187 1175 1238 1,
1231 1171 1307 1242 8).
1361 1171 1506 1224 Ante
1536 1165 1655 1222 hos
1707 1181 1937 1239 paucos

239 1266 373 1322 dies
407 1269 478 1320 ut
518 1261 876 1319 meminisse
930 1260 1086 1331 licet,
1131 1259 1280 1315 mihi
1317 1255 1717 1330 vestipertinis
1772 1254 1936 1313 horis

240 1352 681 1428 supervenisti,
711 1356 771 1408 et
796 1348 1112 1423 repentina
1140 1346 1523 1422 inquisitione
1568 1362 1668 1401 me
1699 1359 1937 1417 permo-

236 1442 399 1513 visti,
420 1442 499 1499 de
526 1441 730 1498 hostia
757 1455 947 1514 quam
978 1438 1161 1513 paulo
1193 1441 1332 1493 ante
1390 1439 1710 1509 promotus
1737 1434 1816 1490 ad
1842 1450 1934 1489 sa-

236 1531 589 1589 cerdotium
615 1529 692 1585 de
715 1544 906 1584 manu
926 1525 1191 1600 episcopi
1219 1523 1534 1597 suscepisti
1563 1523 1676 1595 (16)
1723 1539 1736 1577 :
1795 1538 1933 1595 quae

2059 361 2377 438 episcopus
2407 382 2481 422 ex
2509 369 2873 440 negligentia
2896 372 3091 429 fratris
3121 377 3322 431 ortum
3361 376 3715 448 periculum,

2057 453 2363 541 ominibus
2384 455 2443 511 in
2466 473 2788 517 commune
2818 461 3101 518 fratribus
3129 464 3308 520 unius
3329 472 3567 523 reatum
3598 484 3721 541 pce-

2055 539 2371 599 nitendum
2400 544 2671 603 instituit.
2702 553 2905 622 Ipsum
2960 566 3104 607 vero
3158 552 3403 610 fratrem
3451 539 3720 613 arctioris

2054 631 2420 704 pcenitentiae
2442 634 2760 709 disciplina
2784 639 3208 709 corrigendum
3233 643 3566 714 proposuit.
3599 648 3717 702 Hac

2054 736 2200 791 ergo
2229 723 2545 780 occasione
2576 732 2823 801 accepta
2870 729 3268 801 quaerendum
3308 731 3387 787 ab
3435 733 3717 808 episcopo

2052 809 2370 881 aestimavi,
2403 813 2453 868 si
2476 813 2779 872 videretur
2807 817 2922 872 sibi
2975 816 3144 874 salva
3172 818 3400 875 ordinis
3434 821 3717 891 religione

2051 898 2494 957 sanctiﬁcatum
2524 918 2745 975 panem
2777 905 2973 978 primo
3024 910 3130 963 aut
3168 908 3433 964 secundo
3464 911 3719 967 sanctiﬁ-

2049 986 2305 1044 cationis
2335 989 2431 1045 die
2459 1007 2637 1064 posse
2668 997 2857 1050 totum
2880 994 3399 1068 simulpercipere,
3423 1014 3606 1071 quem
3636 999 3718 1055 vi-

2048 1075 2237 1133 debat
2264 1094 2388 1135 non
2418 1079 2545 1136 sine
2575 1082 2840 1153 periculo
2862 1099 3041 1156 posse
3072 1089 3237 1140 tanto
3278 1089 3471 1142 tractu
3492 1091 3719 1160 tempo-

2046 1164 2129 1220 ris
2162 1165 2505 1224 minutatim
2529 1186 2766 1227 sumere
2795 1189 2808 1239 ;
2849 1172 3183 1243 praesertim
3220 1190 3360 1229 cum
3416 1174 3544 1247 ipse
3575 1191 3717 1232 nos-

2047 1257 2140 1309 set
2158 1254 2497 1312 rarissimos
2527 1257 2709 1328 hujus
2739 1258 2968 1314 ordinis
3003 1260 3163 1315 viros
3193 1277 3342 1327 esse,
3373 1262 3479 1334 qui
3516 1263 3579 1318 in
3602 1265 3715 1321 hac

2044 1366 2110 1406 re
2142 1354 2494 1424 pervigilem
2525 1372 2731 1412 curam
2759 1356 3133 1414 adhiberent.
3188 1358 3292 1414 Hic
3342 1359 3438 1416 ille
3465 1359 3717 1435 increpi-

2045 1445 2186 1498 tans
2209 1444 2485 1500 tardioris
2519 1461 2729 1502 sensus
2756 1447 2875 1502 mei
2899 1447 3347 1516 hebetudinem,
3404 1452 3716 1523 respondit

2043 1532 2296 1604 quidem
2351 1534 2433 1591 ita
2494 1551 2622 1592 esse
2670 1536 2836 1609 quod
2879 1537 3251 1609 quaerebam,
3303 1539 3352 1593 si
3402 1539 3712 1612 discipulis

233 1620 394 1678 ratio
428 1619 529 1686 Sit,
559 1616 841 1674 Videlicet
869 1631 1063 1688 usque
1100 1614 1182 1670 ad
1212 1611 1749 1687 quadragesimam
1770 1610 1933 1666 diem
1964 1620 2004 1674 Β
2043 1637 2202 1695 quos
2224 1625 2300 1680 ad
2323 1626 2764 1698 praedicationis
2803 1626 3069 1682 ofﬁcium
3093 1628 3380 1684 Dominus
3411 1610 3709 1687 missurus

236 1726 357 1767 usu
395 1706 768 1782 quotidiana
826 1720 1206 1773 consumere,
1252 1702 1348 1759 vel
1401 1718 1556 1776 quos
1610 1701 1793 1773 hujus
1847 1699 1933 1756 rei

238 1804 529 1857 auctores
554 1796 948 1854 haberemus.
1000 1794 1105 1849 Cui
1131 1793 1385 1867 quidem
1416 1791 1530 1847 nisi
1592 1790 1933 1847 sacerdota-

240 1889 368 1946 lem
396 1890 461 1945 in
490 1886 667 1944 vobis
696 1884 1117 1951 reverentiam,
1167 1888 1225 1940 et
1252 1882 1315 1938 in
1356 1881 1524 1938 omni
1550 1896 1765 1951 genere
1794 1879 1933 1936 doc-

243 1978 420 2036 trina:
436 1976 770 2052 probatam
801 1972 1157 2047 sapientiam
1207 1970 1517 2029 offendere
1556 1969 1928 2038 metuissem,

240 2066 711 2142 respondissem
737 2061 1073 2119 verecunde
1109 2060 1385 2135 quidem,
1416 2076 1539 2116 non
1597 2058 1926 2127 temerarie,

238 2157 576 2226 humiliter,
603 2169 730 2210 non
756 2151 1120 2227 procaciter;
1151 2149 1625 2224 respondissem,
1652 2149 1927 2222 inquam,

194 2274 208 2285 -
236 2246 410 2322 quod
448 2242 661 2302 infelix
692 2240 930 2315 capella
958 2240 1272 2314 quondam
1323 2238 1639 2312 respondit
1667 2238 1763 2294 ovi
1792 2236 1931 2293 laci-

236 2336 471 2394 cinium
503 2333 743 2407 [melius
770 2330 1070 2402 laciniam]
1100 2328 1399 2403 quaerenti
1426 2346 1439 2396 ;
1464 2327 1554 2384 vel
1575 2332 1730 2384 certe
1758 2325 1927 2382 vide-

233 2423 455 2483 rimihi
482 2426 766 2496 poteram
796 2435 833 2475 a
862 2418 1053 2491 planis
1083 2417 1246 2475 arvis
1267 2417 1440 2487 ligna
1466 2416 1528 2471 in
1574 2415 1787 2472 silvam
1834 2413 1927 2470 vel

235 2531 433 2588 aquas
492 2512 557 2568 in
617 2525 792 2566 mare
847 2512 1241 2581 comportare,
1300 2510 1407 2561 aut
1468 2505 1804 2571 Minervam,
1861 2508 1929 2560 ut

238 2604 432 2671 aiunt,
467 2601 620 2658 velle
642 2599 886 2665 docere,
917 2596 964 2653 si
978 2597 1113 2653 huic
1137 2594 1377 2652 homini
1416 2593 1675 2650 facerem
1720 2592 1922 2662 verba,

237 2694 301 2751 in
357 2708 487 2765 quo
544 2689 731 2747 totius
803 2686 1088 2743 doctrinae
1141 2686 1499 2741 thesaurum
1549 2681 1925 2739 reconditum

239 2780 554 2857 proﬁteor.
609 2777 727 2837 Sed
754 2780 905 2846 esto,
946 2791 1038 2832 res
1068 2774 1200 2830 aliis
1227 2773 1470 2842 usitata,
1502 2771 1616 2828 illis
1670 2770 1923 2829 familia—

239 2888 373 2929 rem
436 2865 967 2933 consuetudinem,
1041 2863 1169 2920 istis
1230 2862 1390 2936 parit
1438 2861 1920 2918 admirationem.

2041 1713 2105 1769 in
2132 1714 2433 1770 mundum
2460 1715 2670 1783 fuerat,
2704 1714 2751 1770 si
2772 1715 2885 1770 illis
2941 1714 3241 1789 inquiens,
3285 1718 3485 1775 adhuc
3524 1720 3708 1775 tardis

2042 1807 2101 1859 et
2126 1804 2543 1861 dubitantibus
2568 1805 2862 1877 potuisset
2892 1804 3166 1862 sufﬁcere
3203 1808 3535 1864 resuscitati
3582 1824 3707 1865 cor-

2041 1902 2209 1974 poris
2242 1903 2506 1976 speciem
2538 1902 2727 1959 semel
2755 1903 2996 1973 vidisse,
3029 1920 3218 1977 quam
3278 1906 3465 1961 semel
3507 1907 3707 1963 visam

2039 1990 2234 2047 noluit
2258 1993 2337 2048 ab
2359 1992 2442 2048 eis
2465 1996 2706 2066 repente
2735 1992 3107 2062 subtrahere,
3139 1993 3245 2049 sed
3292 2010 3400 2066 per
3450 1995 3709 2067 quadra-

2042 2095 2232 2149 genos
2272 2082 2399 2138 dies
2443 2081 2814 2154 complacitis
2870 2082 3035 2137 horis
3079 2081 3388 2153 gloriﬁcati
3442 2084 3709 2156 corporis

2036 2170 2302 2227 revelata
2329 2172 2524 2245 specie
2550 2187 2653 2228 eos
2684 2175 2978 2244 tanquam
3004 2171 3178 2245 panis
3229 2172 3484 2229 caelestis
3513 2173 3709 2230 suavi-

2037 2273 2156 2325 tate
2186 2270 2408 2327 refecit.
2438 2275 2587 2327 Nam
2633 2274 2690 2327 et
2743 2270 3063 2344 episcopus
3120 2270 3223 2344 qui
3276 2270 3434 2328 vices
3490 2273 3705 2328 Christi

2037 2362 2218 2427 tenet,
2279 2360 2679 2417 sacerdotales
2730 2361 2890 2416 viros
2942 2360 3003 2416 in
3068 2361 3308 2434 plebem
3368 2361 3704 2434 subjectam

2034 2449 2356 2518 missurus,
2378 2450 2532 2506 sacri
2560 2450 2825 2522 corporis
2854 2451 3277 2507 eucharistiam
3301 2468 3409 2525 per
3438 2452 3703 2525 quadra-

2034 2555 2223 2610 genos
2256 2540 2383 2598 dies
2405 2539 2701 2596 sumenda
2729 2538 3044 2607 distribuit,
3079 2545 3143 2596 ut
3183 2540 3350 2609 dum,
3376 2541 3543 2597 verbi
3573 2558 3706 2612 gra—

2036 2630 2137 2697 tia,
2179 2630 2449 2703 quotidie
2480 2629 2737 2685 caelestis
2777 2629 2952 2701 panis
2992 2629 3278 2685 alimonia
3330 2630 3698 2701 reﬁciuntur,

2034 2722 2279 2793 tempus
2308 2719 2455 2775 illud
2475 2717 2536 2773 in
2566 2721 2826 2773 mentem
2869 2717 3152 2786 habeant,
3210 2734 3335 2790 quo
3388 2734 3495 2791 per
3548 2735 3700 2792 qua-
3790 2771 3795 2776 .

2035 2808 2319 2880 draginta
2345 2808 2474 2865 dies
2501 2808 2789 2863 Dominus
2810 2806 3119 2880 discipulis
3141 2822 3460 2880 apparens,
3491 2812 3548 2863 et
3564 2823 3701 2863 con-

2033 2911 2286 2953 vescens
2316 2897 2666 2954 desideratae
2715 2896 2964 2953 visionis
3016 2896 3280 2953 satietate
3328 2896 3548 2952 refecit.
3610 2895 3700 2951 Ad

244 2961 549 3061 Pumbém
577 2962 635 3061 ef
662 2957 782 3013 hoc
812 2952 1284 3061 (ξενιῗθωηὼ
1961 2975 1999 3032 C
2033 2984 2150 3042 hoc
2174 2987 2441 3061 episcopi
2470 3002 2851 3059 responsum,
2881 3002 3020 3042 cum
3063 3002 3175 3057 ego
3202 2985 3556 3042 familiaritis
3590 3001 3698 3042 au-

243 3055 564 3109 assuetum
593 3048 743 3115 fore,
775 3049 843 3101 ut
866 3044 1011 3100 nulli
1041 3059 1273 3100 novum
1317 3057 1448 3098 esse
1496 3040 1795 3097 videretur
1823 3046 1928 3098 aut

242 3156 512 3199 vanum:
540 3137 824 3195 haesitare
854 3133 1076 3190 diutius
1105 3131 1277 3205 caepi,
1321 3147 1400 3187 an
1426 3130 1574 3187 mihi
1604 3130 1804 3186 adhuc
1833 3148 1929 3187 co-

243 3232 445 3288 dicem
474 3229 647 3285 illum
679 3242 873 3282 unum
903 3223 1193 3280 haberem
1218 3237 1405 3294 quem
1439 3237 1475 3277 a
1501 3220 1685 3276 natali
1732 3221 1926 3293 patria

241 3322 399 3378 inter
428 3323 680 3376 caeteros
726 3316 1111 3384 devexeram,
1144 3312 1207 3368 in
1246 3327 1372 3385 quo
1403 3310 1701 3381 ejusmodi
1730 3327 1925 3368 exem-

242 3409 441 3484 plaria
472 3405 962 3464 continebantur.
1007 3404 1196 3469 Quem
1235 3399 1343 3455 diu
1371 3397 1711 3472 quaesitum,
1770 3416 1922 3472 quo-

242 3498 417 3555 niam
443 3501 549 3552 aut
573 3493 762 3568 aliqui
786 3492 1142 3567 prmstitum,
1200 3492 1305 3545 aut
1355 3504 1465 3561 per
1516 3491 1602 3543 tot
1650 3487 1923 3545 locorum

244 3585 653 3643 mutationem
678 3598 827 3639 casu
854 3580 1147 3637 amissum
1202 3592 1327 3633 non
1358 3575 1621 3644 invenio,
1676 3577 1923 3650 repetita

247 3672 548 3731 memoria
575 3688 715 3746 quae
743 3669 819 3727 de
840 3668 943 3725 illo
974 3666 1172 3724 recolo
1212 3681 1413 3738 pauca
1433 3664 1605 3720 vobis
1649 3664 1922 3723 intimare

245 3780 373 3820 non
446 3761 767 3833 gravabor,
855 3759 1320 3832 praemonstrata
1398 3752 1739 3826 occasione,
1800 3771 1924 3828 qua

248 3850 568 3925 quondam
598 3846 998 3906 observantiaa
1029 3844 1210 3917 hujus
1239 3859 1459 3900 causas
1497 3846 1554 3897 et
1605 3858 1717 3913 ego
1770 3860 1922 3916 quo-

251 3955 374 4013 que
403 3938 813 4011 requisieram.
875 3933 1069 3992 Nostri
1093 3932 1254 3989 enim
1285 3929 1552 4005 episcopi
1583 3931 1921 4004 provincia-

250 4028 342 4084 les
368 4028 431 4083 in
456 4024 809 4099 hujusmodi
835 4023 1016 4079 ritum
1046 4037 1258 4078 omnes
1290 4018 1690 4077 consentiunt.
1742 4024 1921 4078 Porro

247 4122 460 4174 nostro
487 4122 754 4189 tempore
775 4112 1030 4187 quidam
1058 4112 1210 4168 inter
1238 4114 1486 4168 caeteros
1536 4108 1615 4164 ad
1643 4110 1920 4167 sacerdo-

245 4208 433 4264 talem
464 4206 724 4277 gradum
755 4203 1079 4269 admissus,
1111 4202 1372 4258 hostiam
1404 4214 1645 4272 quoque
1687 4199 1838 4256 sicut
1865 4204 1922 4257 et

244 4297 347 4353 alii
379 4288 457 4352 dé
486 4310 675 4350 manu
727 4290 993 4366 episcopi
1046 4290 1345 4383 susc_epit,_
1370 4303 1557 4383 quam
1600 4287 1662 4344 in
1708 4304 1917 4383 perga-
1951 4328 1995 4383 Β

247 4402 456 4455 meno,
490 4384 687 4440 inhos
734 4399 881 4439 usus
926 4385 1137 4455 parato
1184 4378 1521 4436 involutam
1566 4378 1920 4451 quotidiana

248 4474 655 4532 celebratione
710 4472 1005 4538 solvebat,
1061 4475 1117 4528 et
1162 4466 1611 4544 portiunculam
1640 4484 1914 4542 parvam,

240 4565 419 4636 juxta
450 4562 806 4618 instantium
844 4561 1079 4617 dierum
1131 4574 1455 4615 numerum
1507 4562 1917 4630 computatam

248 4650 553 4707 sumebat.
582 4649 811 4706 Accidit
825 4666 967 4705 vero
999 4653 1063 4706 ut
1080 4648 1350 4721 quadam
1378 4647 1474 4703 die
1492 4646 1738 4720 expletis
1754 4664 1918 4720 mys-

251 4740 413 4797 teriis
442 4739 595 4795 dum
623 4738 979 4795 vestimenta
1008 4755 1146 4795 cum
1172 4737 1425 4794 sindone
1481 4735 1683 4793 altaris
1713 4736 1915 4792 incau-

247 4830 367 4887 tius
390 4828 714 4899 colligeret,
741 4828 1063 4884 immemor
1087 4828 1295 4884 hostire
1336 4842 1519 4881 sacrae
1544 4825 1915 4895 diligentiam

246 4934 644 4992 nequaquam
677 4917 972 4975 adhibens
1003 4918 1349 4974 thesaurum
1382 4915 1680 4970 caelestem
1711 4914 1915 4970 infelix

247 5008 569 5066 amitteret.
625 5008 877 5063 Veniens
935 5007 1013 5063 ad
1052 5005 1465 5074 diversorium,
1503 5019 1762 5078 quaeque
1812 5020 1912 5060 ne-

247 5097 515 5155 cessaria
531 5101 720 5168 curat,
739 5096 1082 5168 transigitur
1102 5097 1229 5151 dies
1250 5096 1310 5150 in
1333 5094 1682 5163 crastinum,
1741 5108 1912 5166 repe-

250 5188 356 5244 tita
382 5186 785 5244 celebratione
823 5186 1003 5242 frater
1032 5186 1127 5243 ille
1180 5185 1436 5241 instante
1465 5184 1616 5241 hora
1641 5200 1913 5240 commu-

248 5274 497 5332 nicandi
518 5275 778 5331 hostiam
809 5278 1080 5332 sanctam
1118 5290 1240 5330 non
1280 5273 1606 5341 inveniens,
1641 5272 1912 5330 turbatus

249 5364 512 5421 nimium
528 5368 588 5421 et
599 5368 1032 5433 consternatus,
1054 5380 1293 5420 sursum
1313 5363 1598 5419 deorsum
1615 5361 1912 5418 cursitans

320 5490 441 5562 (16)
473 5490 575 5546 Hic
606 5489 674 5562 ﬁt
723 5490 948 5547 mentio
996 5490 1071 5546 de
1100 5489 1294 5546 hostia
1318 5506 1453 5562 quae
1473 5488 1913 5562 reservabatur,

253 5568 308 5635 et
330 5559 410 5618 iis
425 5559 540 5635 qui
571 5561 659 5635 ad,
680 5562 1079 5635 sacerdotium
1109 5559 1621 5635 promovebantur
1660 5559 1918 5635 dabatur

254 5634 330 5716 de
346 5631 541 5689 manu
566 5632 858 5716 episcopi,
899 5638 964 5689 ut
1020 5631 1211 5706 usque
1258 5633 1332 5688 ad
1387 5631 1919 5716 quadragesimam

256 5704 432 5762 diem
461 5720 580 5763 usu
602 5703 965 5778 quotidiana
991 5703 1431 5761 consumerent.
1466 5706 1599 5761 Haec
1628 5704 1943 5759 consuetu-

2037 3092 2108 3131 su
2138 3077 2446 3133 studiosus
2490 3076 2899 3150 perquirerem
2946 3091 3097 3132 num
3145 3075 3305 3131 idem
3344 3075 3698 3148 mysterium

2036 3166 2315 3239 supplere
2337 3166 2629 3239 potuisset
2651 3166 2825 3238 panis
2853 3182 2889 3222 a
2944 3165 3297 3239 presbytero
3347 3165 3699 3238 quotidiana

2036 3255 2435 3312 celebratione
2467 3260 2758 3324 sacratus,
2792 3255 2876 3311 uti
2906 3255 2965 3310 in
2993 3270 3063 3310 eo
3094 3254 3395 3327 passionis
3438 3254 3697 3309 Domini-

2034 3371 2106 3411 ca
2138 3359 2195 3411 et
2222 3354 2551 3411 resuscitati
2581 3353 2848 3426 corporis
2874 3357 2931 3410 et
2977 3352 3336 3408 manifestati
3390 3351 3696 3425 discipulis

2033 3444 2287 3517 species,
2339 3443 2482 3500 satis
2512 3442 2718 3499 fuisset
2746 3442 2942 3498 nobis.
2992 3440 3316 3514 Perpende,
3374 3440 3473 3503 ait.
3523 3441 3694 3505 sicut,

2031 3534 2115 3590 ﬁli
2144 3535 2249 3605 mi,
2277 3534 2478 3591 multae
2506 3533 2778 3590 Ecclesiae
2800 3536 2939 3589 sunt
2975 3548 3081 3606 per
3110 3530 3457 3587 universum
3484 3531 3695 3587 orbem

2033 3636 2346 3705 terrarum,
2419 3636 2664 3705 propter
2712 3631 2949 3687 diversa
2996 3629 3148 3697 loca,
3206 3633 3263 3685 et
3317 3633 3520 3685 tamen
3572 3644 3696 3685 una

2031 3735 2240 3788 sancta
2270 3735 2326 3787 et
2384 3729 2676 3787 catholica
2697 3729 2977 3798 Ecclesia,
2994 3733 3237 3800 propter
3267 3743 3454 3783 unam
3480 3727 3683 3783 ﬁdem:

2032 3830 2114 3886 sic
2167 3834 2224 3886 et
2274 3828 2477 3885 multae
2530 3827 2745 3883 oblatae
2806 3830 3050 3899 propter
3096 3828 3235 3881 vota
3291 3824 3689 3896 offerentium,

2030 3936 2188 3976 unus
2211 3918 2388 3992 panis
2418 3922 2506 3973 est
2541 3921 2785 3989 propter
2814 3916 3104 3970 unitatem
3155 3913 3422 3985 corporis
3453 3914 3683 3970 Christi.

2032 4014 2181 4067 Nam
2212 4007 2386 4082 panis
2419 4006 2497 4063 ab
2536 4004 2818 4078 episcopo
2863 4006 3267 4072 consecratus,
3314 4007 3369 4058 et
3418 4002 3593 4073 panis
3655 4019 3691 4058 a

2028 4097 2380 4172 presbytero
2413 4094 2814 4150 sanctificatus
2877 4092 2939 4148 in
2968 4107 3160 4148 unum
3191 4096 3248 4147 et
3276 4090 3437 4146 idem
3468 4107 3689 4164 corpus

2028 4186 2239 4243 Christi
2268 4182 2722 4249 transfunditur,
2743 4186 2985 4254 propter
3017 4185 3309 4237 secretam
3338 4180 3515 4236 unius
3545 4197 3689 4253 ope-

2027 4278 2214 4334 rantis
2243 4274 2523 4350 potentia:
2560 4272 2861 4328 virtutem.
2889 4272 3003 4328 Sed
3040 4270 3499 4344 quodammodo
3526 4271 3691 4328 aliud

2029 4384 2159 4427 esse
2190 4365 2425 4432 dicitur,
2466 4363 2632 4437 quod
2660 4361 2935 4432 virginali
2988 4366 3156 4417 utero
3211 4367 3451 4435 sumpta
3509 4378 3686 4419 carne

2029 4458 2220 4516 crucis
2248 4455 2535 4527 injuriam
2566 4451 2861 4519 sustinuit,
2912 4450 2986 4506 de
3046 4451 3320 4523 sepulcro
3368 4466 3685 4520 resurgens

2026 4545 2335 4621 discipulis
2404 4541 2705 4617 apparuit,
2764 4541 2936 4612 cujus
3001 4540 3360 4595 memoriam
3411 4540 3474 4593 in
3526 4554 3683 4610 pane

2025 4635 2391 4713 presbyteris
2422 4632 2637 4690 collato
2668 4629 2989 4703 episcopus
3021 4644 3197 4699 agere
3229 4627 3481 4682 videtur:
3516 4625 3676 4681 aliud

2026 4728 2173 4803 quid
2198 4741 2306 4799 per
2333 4721 2692 4797 mysterium
2717 4718 2931 4789 agitur,
2960 4717 3107 4773 dum
3139 4714 3407 4789 episcopi
3456 4717 3513 4769 et
3550 4730 3681 4769 om-

2024 4834 2132 4875 nes
2163 4813 2503 4871 sacerdotes
2530 4812 2591 4867 in
2625 4824 2837 4865 mensa
2875 4806 3098 4873 altaris,
3134 4805 3246 4860 sub
3304 4806 3680 4858 sacramento

2026 4902 2484 4963 communicatae
2515 4897 2709 4955 carnis
2739 4911 2962 4969 panem
2994 4898 3265 4949 sanctum
3298 4893 3522 4946 secreta
3554 4905 3683 4947 ora-

2022 4996 2181 5053 tione
2210 4989 2475 5066 quotidie
2503 5000 2851 5044 consecrare
2894 4983 3191 5052 videntur,
3220 4979 3386 5053 quod
3416 4979 3493 5035 ad
3531 4978 3679 5035 illud

2022 5082 2277 5158 respicit,
2312 5077 2476 5152 quod
2503 5076 2921 5133 consecrantes
2966 5085 3159 5141 nuper
3211 5067 3470 5125 ordinati
3519 5084 3679 5141 pres-

2020 5156 2212 5245 byteri
2239 5185 2379 5226 cum
2407 5162 2733 5241 pontiﬁcali
2771 5158 3070 5216 oblatione
3122 5156 3480 5231 percipiunt.
3529 5160 3676 5214 Nam

2022 5260 2169 5318 illud
2199 5256 2577 5314 Dominicum
2606 5264 2824 5321 corpus
2863 5264 2935 5303 ex
2991 5248 3243 5304 mortuis
3301 5245 3672 5312 suscitatum,

2022 5354 2078 5408 et
2115 5349 2177 5404 in
2234 5345 2397 5401 caelis
2443 5343 2726 5407 locatum,
2784 5337 2916 5409 jam
2986 5352 3111 5394 non
3190 5335 3461 5403 moritur,
3518 5333 3676 5391 istud

2026 5478 2106 5534 do
2136 5471 2449 5535 obsolevit,
2480 5471 2683 5525 tamen
2711 5465 2827 5521 hoc
2851 5463 3037 5520 ﬁdem
3066 5467 3336 5535 nostram
3362 5459 3676 5535 conﬁrmat

2027 5531 2233 5606 contra
2261 5531 2696 5600 neotericorum
2725 5536 2940 5592 falsam
2970 5534 3345 5606 opinionem,
3385 5531 3486 5604 qui
3539 5531 3674 5587 hos-

2043 5604 2429 5677 timasacram
2454 5608 2743 5669 reservari
2773 5624 2897 5665 non
2926 5604 3143 5663 debere
3175 5604 3497 5661 clamitant.
