4018 6176
355 156 455 209 195

1350 145 1406 202 s.
1463 143 1797 200 FULBERTI
1849 134 2331 194 cmormsns
2392 130 2730 189 EPISCOPI.
2772 104 2795 115 “

3680 129 3790 184 196

358 277 895 336 sacramentorum,
923 270 1189 344 quotidie
1235 268 1413 326 nobis
1443 266 1715 337 moritur,
1741 262 2007 340 quotidie
2040 265 2087 317 Α
2124 273 2371 334 quoque
2400 255 2580 315 vestri
2616 253 2809 311 ﬁdelis
2838 256 2896 310 et
2920 249 3099 309 amici
3139 248 3317 307 vestri
3347 246 3523 311 Ebali,
3554 248 3605 305 si
3634 248 3794 306 divi-

357 364 534 422 nobis
560 363 833 434 resurgit,
860 364 1113 435 apparet
1158 363 1216 416 et
1251 356 1602 416 comeditur.
1666 354 1780 412 Sed
1812 369 1921 409 nec
1950 352 2010 406 in

357 453 474 511 hoc
497 469 669 510 mens
696 451 967 508 ﬁdelium
997 448 1352 507 scandalum
1373 444 1694 504 dubietatis
1726 443 1904 499 debet
1927 440 2015 496 in-

359 549 551 608 curre,
577 537 743 609 quod
775 536 1075 594 Christum
1126 534 1312 592 semel
1358 535 1595 603 gustata
1642 530 1832 585 morte
1881 526 2012 597 jam

358 637 483 678 non
512 621 667 679 ultra
694 622 1054 679 moriturum
1084 620 1271 687 audit,
1304 632 1445 674 cum
1470 629 1715 672 carnem
1741 626 2014 683 assump-

359 710 403 766 ti
456 710 717 768 hominis
771 713 832 767 in
883 714 1137 784 paterna
1191 706 1381 779 gloria
1431 704 1756 769 sedentem,
1818 704 1875 756 et
1916 699 2012 755 hic

362 800 802 858 sanctiﬁcatum
828 816 1053 875 panem
1080 815 1293 855 verum
1341 795 1553 852 Christi
1600 808 1818 864 corpus
1849 788 2016 846 audit

361 889 681 954 nominari,
712 890 861 946 dum
890 894 947 945 et
973 887 1120 945 illud
1144 887 1220 943 de
1251 884 1483 955 Virgine
1529 884 1932 952 assumptum,
1960 880 2016 933 et

363 976 523 1033 istud
552 978 627 1034 de
656 976 946 1035 materiali
974 981 1032 1033 et
1074 974 1348 1046 virginali
1392 976 1665 1028 creatura
1701 982 2015 1024 consecra-
2053 984 2059 989 λ

370 1072 516 1139 tum,
548 1084 706 1124 unus
729 1068 1012 1140 idemque
1041 1064 1251 1123 artifex
1290 1062 1540 1137 Spiritus
1566 1057 1849 1117 invisibili
1878 1072 2017 1131 ope-

365 1158 595 1214 ratione
614 1158 676 1213 in
705 1156 1105 1213 substantiam
1155 1170 1311 1212 verae
1367 1151 1564 1209 carnis
1606 1148 2015 1207 transfundit:

367 1247 563 1303 carnis
594 1245 867 1302 videlicet
892 1260 1016 1301 non
1064 1242 1401 1315 cujuslibet,
1458 1240 1563 1297 sed
1616 1254 1754 1296 vere
1811 1237 2021 1294 Christi

366 1335 441 1390 de
469 1351 593 1407 qua
647 1335 776 1407 ipse
831 1335 912 1391 ait
968 1352 981 1391 :
1043 1335 1176 1391 Nisi
1226 1332 1734 1389 manducavemtis
1779 1343 2020 1386 carnem

365 1439 578 1495 meam,
610 1441 730 1482 non
757 1426 1049 1483 habebitis
1076 1425 1261 1480 vitam
1282 1424 1347 1478 in
1374 1422 1534 1478 vobis
1565 1420 1764 1491 (Joan.
1796 1436 1873 1487 v1,
1908 1420 2018 1490 54).

368 1514 541 1580 Quod
572 1514 775 1588 utique
806 1517 1025 1589 exponi
1053 1514 1170 1571 alio
1200 1519 1468 1587 tempore
1518 1510 1765 1580 indiget,
1798 1513 1856 1566 et
1881 1508 2021 1565 ﬁdei

366 1602 555 1658 oculis
588 1604 822 1661 intueri.
864 1608 984 1661 Hoc
1013 1610 1245 1661 tantum
1300 1600 1468 1675 quod
1518 1599 1597 1657 ad
1624 1613 1896 1672 praesens
1921 1611 2019 1653 ne—
2048 1619 2088 1673 Β

368 1693 598 1762 gotium
627 1698 856 1767 spectat
883 1694 1211 1761 solvamus,
1254 1690 1422 1765 quod
1453 1688 1700 1762 quidem
1725 1703 1835 1743 nec
1862 1684 2023 1741 subi-

372 1781 440 1836 tis
469 1798 581 1838 nec
610 1783 784 1839 novis
814 1781 1343 1839 adinventionibus
1398 1781 1635 1836 constat
1659 1775 2016 1849 expositum.

370 1870 529 1928 Nosti
554 1871 783 1943 populo
814 1872 1199 1929 Hebraeorum
1228 1869 1342 1925 sub
1371 1872 1569 1940 Moyse
1595 1870 1652 1922 et
1690 1879 1919 1921 manna
1948 1862 2022 1918 de

369 1958 520 2015 caelo
552 1976 660 2034 per
684 1977 877 2018 annos
902 1961 1307 2036 quadraginta
1335 1956 1856 2015 subministratum
1881 1971 1893 2009 :
1918 1953 2024 2027 qui

368 2051 753 2148 Novsesdux
775 2053 983 2148 populi
1011 2051 1287 2148 secundis
1332 2047 1730 2121 adjutoribus,
1788 2050 2023 2119 septua-

371 2139 537 2208 ginta
566 2140 709 2198 viris
740 2141 1010 2199 videlicet
1036 2142 1111 2198 de
1140 2140 1355 2197 eodem
1379 2136 1607 2212 populo
1655 2133 2025 2191 sustentaba-

370 2232 487 2300 tur,
518 2246 626 2304 per
652 2248 808 2306 quos
860 2232 1058 2289 forma
1105 2230 1596 2305 presbyterorum
1652 2224 2023 2299 exprimitur,

371 2319 478 2392 qui
505 2336 667 2378 nunc
691 2323 752 2379 in
778 2322 1039 2380 Ecclesia
1065 2319 1311 2387 novitia,
1365 2315 1707 2392 pontiﬁcale
1762 2330 1915 2371 onus
1964 2313 2026 2368 in

374 2425 436 2464 se
468 2411 798 2484 suspientes
835 2412 1111 2483 regendis
1170 2409 1410 2484 populis
1465 2406 1791 2477 invigilant.
1848 2408 2028 2460 Porro

375 2515 619 2557 sumens
648 2501 723 2558 de
751 2503 961 2577 spiritu
986 2501 1188 2574 Moysi,
1220 2499 1335 2556 illis
1374 2496 1755 2571 septuaginta
1784 2493 2028 2550 seniori-

372 2586 489 2644 bus
517 2590 699 2663 dedit,
748 2608 856 2666 per
907 2609 1062 2666 quos
1118 2589 1414 2664 populum
1467 2587 1583 2643 sibi
1632 2583 2029 2641 commissum

374 2695 482 2752 per
500 2681 902 2753 quadraginta
927 2698 1119 2740 annos
1140 2679 1452 2754 judicavit,
1484 2676 1629 2752 quia
1680 2675 1805 2731 dux
1829 2677 2031 2731 noster

377 2770 665 2828 Dominus
691 2775 862 2829 Jesus
894 2773 1160 2831 Christus
1190 2768 1497 2843 discipulis
1524 2782 1679 2840 quos
1706 2765 1784 2820 ad
1811 2763 2032 2837 praedi-

376 2859 627 2916 cationis
674 2861 941 2918 ofﬁcium
1004 2861 1300 2917 missurus
1351 2858 1544 2913 fuerat
1591 2855 1654 2910 in
1710 2852 2028 2919 mundum,

379 2950 777 3022 spiritualium
815 2954 978 3009 dona
1007 2952 1436 3009 charismatum
1464 2945 1697 3003 infudit.
1762 2943 1843 3000 Illi
1899 2946 2036 3016 post
2063 2973 2104 3026 Ο

378 3037 856 3099 immolationem
874 3043 1028 3113 Agni
1051 3040 1351 3116 paschalis
1381 3052 1610 3096 manna
1635 3033 1867 3091 ccelitus
1889 3033 2033 3088 mis-

381 3143 448 3184 80
476 3146 584 3203 per
606 3132 1011 3205 quadraginta
1036 3148 1231 3190 annos
1258 3126 1569 3187 sustentati
1626 3129 1783 3180 sunt.
1846 3126 2036 3190 Quem

382 3217 585 3276 cibum
642 3222 963 3293 caelestem,
1031 3238 1218 3295 quam
1277 3217 1631 3275 suavitatem
1701 3211 2036 3283 angelicam

379 3324 503 3366 non
532 3328 640 3386 per
664 3314 897 3386 typicas
927 3318 1031 3370 aut
1058 3310 1408 3368 umbratiles
1446 3306 1695 3376 ﬁguras,
1727 3303 1830 3357 sed
1864 3301 2037 3357 indu-

382 3397 634 3458 bitatam
666 3403 905 3460 unionis
935 3403 1245 3458 veritatem
1284 3398 1671 3472 repraesentat
1724 3391 1819 3446 ille
1844 3390 2040 3446 Domi-

381 3490 552 3545 nicus
582 3491 774 3563 cibus,
812 3508 996 3565 quem
1042 3507 1150 3566 per
1178 3485 1582 3563 quadraginta
1637 3482 1765 3538 dies
1798 3496 2036 3536 sumen-

383 3577 531 3633 dum
577 3584 867 3653 tanquam
923 3580 1129 3636 salutis
1181 3577 1488 3644 viaticum,
1538 3571 1805 3646 pontifex
1861 3568 2035 3625 novis

387 3667 657 3723 Ecclesiae
687 3669 1016 3725 cultoribus
1045 3666 1362 3736 distribuit,
1392 3680 1547 3738 quos
1572 3678 1695 3717 suae
1722 3658 2037 3734 pastoralis

386 3771 543 3811 cura;
575 3756 849 3827 vicarios,
882 3759 1187 3830 adjutores
1226 3757 1304 3812 ad
1353 3751 1747 3810 erudiendam
1799 3748 2039 3822 plebem

385 3844 498 3901 sibi
524 3848 910 3905 commissam
937 3846 1257 3915 constituit,
1283 3850 1348 3901 ut
1376 3843 1521 3899 dum
1552 3841 1733 3897 istum
1756 3854 1881 3912 prae
1901 3854 2041 3893 ocu-

383 3932 454 3990 lis
483 3935 774 3993 habentes
803 3937 1145 4009 degustant,
1176 3935 1347 3991 illum
1404 3934 1602 3988 mente
1653 3930 2036 4002 pertractent,

384 4024 490 4097 qui
513 4024 588 4082 de
619 4043 794 4085 cruce
825 4031 1015 4085 morte
1046 4026 1418 4099 triumphata
1447 4023 1525 4079 ad
1572 4022 1807 4076 Patrem
1834 4033 2040 4074 ascen-

385 4113 493 4181 dit,
520 4114 789 4189 dumque
819 4133 856 4173 a
906 4116 1094 4173 semel
1146 4114 1291 4189 ipsis
1351 4114 1770 4171 consecratum
1820 4123 2040 4180 corpus

386 4203 741 4278 percipiunt,
804 4205 973 4262 illum
1016 4206 1157 4262 ﬁdei
1227 4208 1403 4277 gustu
1478 4199 1876 4275 experiantur,
1935 4210 2043 4269 per

2122 367 2203 407 na
2226 346 2564 418 benignitas
2591 344 2921 402 allubescat
2944 344 3078 413 (I7),
3111 342 3339 412 quanta
3358 338 3639 394 novimus
3670 356 3796 413 ope

2125 435 2442 491 subvenire
2458 434 2825 507 paravimus,
2850 429 3141 490 mittendo
3173 425 3397 484 Galieni
3426 426 3703 499 potiones
3728 444 3797 483 ιιι

2125 528 2183 580 et
2260 524 2507 582 totidem
2592 522 2866 580 theriame
2930 520 3308 577 diatessaron
3366 533 3380 582 ;
3453 531 3593 587 quae
3637 515 3799 589 quid

2126 613 2385 685 valeant,
2442 619 2499 670 et
2570 613 2790 670 modus
2857 606 3220 682 acceptionis
3290 604 3381 661 vel
3433 604 3797 663 servationis

2126 718 2336 759 earum
2364 703 2427 759 in
2451 702 2663 760 vestris
2692 698 3067 759 antidotariis
3106 693 3276 752 facile
3308 693 3617 766 reperitur.
3652 693 3797 749 Vul-

2128 792 2410 862 gaginem
2442 793 2624 849 etiam
2652 790 2897 864 petitam
2926 787 3094 846 vobis
3144 783 3454 849 mittimus,
3506 778 3799 854 quamvis

2128 885 2363 938 (etatem
2396 887 2654 937 vestram
2687 879 2785 937 tali
2804 880 2935 950 jam
2966 876 3194 934 vomitu
3226 871 3461 943 fatigari
3498 886 3623 927 non
3654 884 3803 926 sua-

2127 970 2362 1037 demus,
2396 970 2503 1026 sed
2524 986 2595 1026 eo
2622 968 2820 1042 potius
2849 968 2896 1023 si
2927 983 3081 1040 opus
3105 964 3178 1019 sit
3224 960 3487 1030 allevari,
3542 959 3649 1032 qui
3681 957 3801 1014 fre-

2128 1065 2380 1133 quenter
2398 1064 2456 1116 et
2480 1059 2609 1115 sine
2635 1056 2899 1131 periculo
2921 1054 3047 1112 ﬁeri
3073 1051 3267 1126 possit
3291 1047 3564 1105 oximelle
3612 1052 3673 1103 et
3699 1063 3803 1102 ra-

2128 1149 2346 1222 phanis
2377 1148 2469 1205 vel
2498 1152 2673 1215 certe,
2707 1146 2872 1219 quod
2903 1142 3121 1200 seniori
3168 1139 3365 1211 magis
3412 1136 3802 1195 conducibile

2130 1243 2221 1294 est
2249 1242 2589 1294 morantem
2628 1236 2833 1292 alvum
2862 1231 3136 1289 laxativis
3173 1227 3394 1303 pillulis
3424 1226 3676 1282 incitari.
3714 1228 3801 1281 De

2129 1326 2352 1400 quibus
2385 1325 2537 1382 ultro
2570 1323 2742 1381 vobis
2773 1322 2892 1378 fere
2919 1318 3249 1389 nonaginta
3276 1313 3515 1383 oblatis,
3574 1316 3803 1369 caetera

2129 1415 2293 1473 bona
2318 1420 2530 1472 nostra
2559 1418 2756 1470 vestra
2776 1414 3000 1485 putate.
3036 1407 3251 1464 Valete.

2594 1595 2930 1651 EPISTOLA
2984 1594 3022 1647 V
3055 1592 3217 1661 [olim
3260 1589 3323 1660 I].

2631 1723 2801 1793 (Ante
2844 1733 3075 1776 annum
3113 1717 3290 1786 1007.)

2133 1889 2204 1939 De
2240 1886 2401 1938 tribus
2426 1899 2539 1950 quin
2600 1891 2720 1932 sunt
2767 1879 3043 1931 necessaria
3089 1877 3153 1927 ad
3186 1876 3458 1941 profectum
3492 1871 3804 1922 Christianae

2817 1958 3097 2023 religionis.

2146 2101 2483 2162 Venerabiti
2510 2098 2691 2157 Patri
2713 2104 2764 2153 et
2796 2096 3033 2151 domino
3086 2091 3201 2147 sibi
3250 2102 3478 2159 semper
3534 2084 3805 2143 amando

2481 2196 2781 2247 ADEODADO
2817 2189 3134 2242 Fl’LBER'I‘L'S
3170 2182 3442 2251 exiguus.

2209 2362 2362 2415 Inter
2389 2356 2669 2411 hesterna
2699 2355 2754 2407 et
2776 2351 3001 2405 secreta
3030 2340 3348 2417 colloquia,
3367 2354 3476 2413 pro
3491 2336 3808 2394 aediﬁcan-

2138 2448 2231 2504 dis
2263 2444 2543 2502 fratribus
2572 2440 2770 2497 adhuc
2796 2434 3069 2506 inﬁrmis,
3100 2438 3277 2505 atque
3307 2426 3567 2494 novitiis,
3586 2441 3686 2481 me
3721 2423 3806 2479 ad

2138 2535 2522 2593 scribendum
2547 2536 2647 2588 tua
2666 2526 2989 2602 imperiosa
3034 2523 3434 2580 coarctaverat
3449 2514 3801 2573 auctoritas.

2140 2630 2286 2683 Ecce
2310 2623 2500 2680 habes
2525 2618 2807 2694 pauperis
2846 2614 3093 2689 quidem
3136 2608 3355 2682 ingenii
3411 2604 3805 2680 opusculum,

2143 2717 2249 2773 sed
2270 2731 2395 2771 non
2424 2711 2685 2785 ignobile
2707 2708 2849 2764 fidei
2864 2705 3346 2762 monumentum.
3368 2703 3432 2755 In
3450 2712 3573 2770 quo
3590 2710 3807 2769 quaeso

2141 2824 2264 2864 non
2296 2797 2650 2875 eloquentiae
2677 2800 2977 2861 ornatum,
3014 2792 3120 2847 sed
3169 2786 3523 2845 obedientize
3548 2797 3808 2858 perpen-

2142 2896 2252 2953 das
2276 2874 2433 2953 vota:
2465 2907 2575 2948 nec
2604 2885 2850 2945 eruditis
2890 2882 3139 2939 auribus
3172 2877 3427 2935 aestimes
3480 2874 3643 2930 fatua
3668 2887 3810 2927 ver-

2144 2986 2224 3043 ba
2244 2980 2590 3051 revelanda,
2623 2995 2697 3033 ne
2728 2992 2837 3051 pro
2875 2971 3101 3029 rustico
3127 2968 3279 3042 stylo
3326 2980 3501 3022 sacra
3554 2962 3813 3017 vilescat

2145 3073 2446 3139 materia;
2502 3067 2769 3141 alioquin
2844 3064 2917 3119 de
2973 3059 3191 3117 talibus
3238 3056 3482 3131 praestat
3543 3051 3806 3118 siluisse,

2146 3179 2333 3237 quam
2364 3155 2593 3232 aliquid
2621 3140 2996 3211 inconditum
3027 3147 3301 3204 edidisse.
3338 3140 3809 3214 lncomprehen-

2148 3252 2380 3309 sibilem
2412 3247 2572 3304 enim
2602 3242 2785 3300 divini
2823 3238 3050 3297 consilii
3081 3234 3473 3300 altitudinem,
3510 3226 3813 3303 sapientia

2147 3344 2419 3398 humana
2445 3350 2599 3411 puro
2633 3329 2988 3403 cognitionis
3019 3327 3234 3382 intuitu
3293 3316 3811 3394 comprehendere

2148 3418 2285 3488 noni
2324 3408 2562 3503 potest;
2618 3424 2763 3496 quia
2812 3420 2961 3476 dum
3018 3431 3189 3472 mens
3240 3415 3442 3468 nostra
3508 3408 3666 3465 ultra
3743 3420 3811 3461 se

2148 3518 2585 3595 praecipitanter
2612 3513 2833 3583 erigere
2862 3523 3053 3580 usque
3098 3504 3175 3561 ad
3201 3499 3681 3558 inaccessibilem
3712 3510 3810 3551 se-

2150 3616 2446 3667 cretorum
2474 3604 2575 3660 Dei
2622 3602 2916 3659 visionem
2961 3594 3205 3669 appetit,
3261 3587 3622 3647 inﬁrmitatis
3683 3600 3811 3640 suae

2148 3697 2459 3757 obstaculo
2484 3692 2883 3761 reverberata,
2915 3691 2971 3743 et
3000 3685 3154 3740 intra
3181 3679 3532 3752 ignorantia:
3552 3692 3682 3731 suae
3707 3690 3815 3730 au-

2150 3788 2375 3859 gustias
2402 3785 2707 3841 coarctata
2735 3795 2843 3835 nec
2870 3774 3036 3851 quod
3069 3771 3224 3828 ultra
3250 3786 3311 3825 se
3333 3772 3421 3825 est
3463 3765 3621 3822 valet
3650 3779 3818 3819 com-

2148 3876 2539 3953 prehendere,
2571 3888 2681 3927 nec
2708 3866 2875 3943 quod
2913 3866 3069 3921 intra
3096 3878 3157 3917 se
3181 3864 3272 3916 est
3298 3856 3615 3915 aestimare:
3648 3851 3816 3909 unde

2151 3942 2441 4039 scriptum
2472 3965 2558 4017 est
2590 3977 2602 4014 :
2635 3960 2873 4014 Altiora
2899 3959 2951 4009 te
2977 3967 3050 4009 ne
3095 3948 3418 4022 quaesieris,
3465 3950 3519 3999 et
3546 3942 3815 4013 profun-

2150 4058 2229 4113 da
2255 4031 2638 4111 consiliorum
2671 4049 2796 4117 ejus
2857 4059 2931 4100 ne
2976 4035 3425 4109 investigaveiis
3478 4031 3695 4102 (Eccli.
3730 4044 3813 4097 ιιι,

2149 4148 2259 4218 2'2).
2289 4142 2498 4199 Posuit
2541 4137 2753 4211 (inquit
2789 4130 3100 4205 Propheta)
3158 4126 3429 4185 tenebras
3489 4120 3817 4178 latibulum

2150 4211 2323 4292 suum
2348 4230 2535 4302 (Psai.
2568 4243 2707 4293 xvn,
2747 4224 2832 4295 1'2)
2864 4238 2875 4274 :
2908 4222 3021 4276 has
3042 4215 3319 4274 tenebras
3345 4211 3513 4268 multi
3537 4219 3818 4282 perscru-

388 4306 568 4363 quem
601 4295 866 4367 quondm
892 4296 1160 4392 Chrisms
1186 4294 1360 4351 nebls
1407 4291 1658 4392 Florum
1686 4293 1742 4345 Bt
1764 4289 2040 4392 resfrglt’
2070 4327 2114 4382 D
2155 4324 2263 4382 tari
2289 4289 2659 4392 incipientes,
2678 4289 2866 4370 etalia
2888 4327 2959 4367 ex
2978 4308 3107 4365 aliis
3120 4307 3473 4373 asserentes,
3497 4300 3559 4355 in
3577 4312 3818 4355 crassas

388 4395 496 4454 per
523 4399 705 4456 quem
736 4402 927 4459 usque
958 4385 1035 4442 ad
1057 4383 1641 4442 consummationem
1691 4376 1894 4435 saeculi
1918 4391 2042 4431 ma-

388 4486 530 4529 nere
558 4489 619 4530 se
640 4474 960 4532 nobiscum
985 4474 1313 4549 pollicetur.
1357 4475 1489 4529 Haec
1514 4486 1711 4543 pauca
1739 4468 1814 4524 de
1838 4464 2041 4523 multis

387 4577 524 4634 qua:
555 4566 802 4639 repetita
823 4564 1135 4634 memoria,
1168 4568 1224 4620 et
1251 4563 1439 4619 multo
1461 4576 1534 4617 ex
1558 4563 1826 4632 tempore
1854 4556 2044 4611 dissu-

389 4655 451 4708 ta
478 4652 615 4710 licet
638 4655 920 4713 recitasse
976 4655 1056 4712 ad
1083 4670 1350 4729 praesens
1378 4651 1697 4719 sufﬁciant,
1756 4647 1905 4703 dum
1931 4660 2043 4715 ego

390 4742 661 4802 codicem
716 4746 790 4803 de
838 4746 1137 4820 ejusmodi
1214 4742 1660 4818 exemplaribus
1689 4756 1725 4795 a
1773 4740 2043 4794 Romano

393 4832 610 4891 scrinio
654 4837 957 4910 prolatum
1011 4835 1337 4910 perlegam.
1393 4832 1573 4889 Vobis
1626 4828 1797 4885 facile
1846 4830 1934 4882 est
1969 4825 2044 4880 de

392 4923 600 5020 geticis
629 4927 819 4985 multa
849 4927 1130 4999 cogitare,
1165 4929 1268 4982 aut
1296 4927 1448 4980 certe
1478 4919 1645 4996 quod
1669 4914 2044 4974 irrationabi-

393 5008 522 5067 liter
550 5013 775 5073 factum
803 5017 1055 5087 videtur,
1087 5013 1338 5074 sanioris
1377 5008 1611 5070 consilii
1632 5007 1860 5065 ratione
1891 5003 2049 5061 colli-

398 5112 553 5168 gere.

776 5199 1110 5256 EPISTOLA
1152 5199 1221 5254 IV
1263 5196 1425 5268 [olim
1456 5190 1679 5261 XLVIII]

472 5335 482 5348 .
527 5342 537 5348 _
596 5343 606 5348 _
809 5342 819 5348 _
1021 5270 1210 5348 (anno
1244 5266 1427 5337 1006.)

415 5335 642 5397 Virtute
654 5342 845 5411 magis
878 5329 1140 5411 praedito
1190 5354 1371 5412 quam
1411 5329 1749 5407 'prwdicato
1790 5329 2051 5401 praesule

851 5416 1210 5469 ADALBERONI
1242 5414 1582 5466 FLTLBERTUS.

469 5508 684 5562 Vestra:
730 5503 999 5577 sospitati
1051 5501 1242 5557 amice
1286 5496 1673 5569 gratulantes,
1726 5486 2053 5548 valetudini

2150 4419 2208 4471 et
2231 4388 2563 4486 palpabiles
2588 4418 2859 4460 errorum
2891 4398 3165 4456 tenebras
3190 4391 3457 4450 devoluti
3482 4392 3640 4444 sunt.
3678 4388 3820 4441 Por-

2150 4521 2219 4560 ro
2244 4474 2457 4558 mundi
2489 4492 2779 4568 sapientia
2809 4488 3066 4546 exterius
3098 4480 3439 4556 eloquentia
3482 4478 3700 4541 nitens,
3731 4474 3823 4530 in-

2153 4599 2247 4651 tus
2277 4603 2466 4647 vacua
2491 4603 2528 4642 a
2557 4581 2787 4639 virtutis
2817 4575 3110 4652 sapientia
3138 4575 3361 4638 manet,
3391 4582 3629 4639 semper
3650 4563 3819 4620 enim

2152 4679 2384 4755 quaerit,
2417 4681 2473 4732 et
2499 4686 2817 4745 nunquam
2846 4666 3091 4730 invenit,
3149 4661 3293 4735 quia
3323 4655 3625 4732 profunda
3646 4669 3821 4724 mys-

2154 4739 2438 4828 teriorum
2468 4762 2569 4819 Dei
2593 4776 2717 4816 non
2741 4760 3026 4813 humanm
3065 4745 3475 4824 disputationi,
3535 4742 3645 4799 sed
3668 4739 3820 4796 ﬁdei

2155 4858 2342 4917 oculis
2372 4852 2728 4915 revelantur,
2763 4846 2915 4901 sicut
2941 4840 3229 4899 Dominus
3261 4839 3322 4893 in
3358 4832 3679 4904 Evangelio
3712 4829 3816 4886 ait:

2154 4952 2342 5005 Pater
2367 4942 2598 5015 gratias
2628 4937 2736 4995 tibi
2762 4950 2895 5005 ago,
2957 4934 3098 5003 quia
3157 4924 3521 4984 abscondisti
3552 4923 3680 4978 hare
3728 4934 3826 4975 sa-

2152 5009 2451 5110 pientibus
2476 5037 2533 5089 et
2560 5023 2976 5101 prudentibus,
3007 5025 3062 5078 et
3091 5017 3375 5075 revelasti
3421 5028 3487 5071 ea
3530 5009 3823 5081 parvulis

2157 5099 2396 5202 '(Matth.
2428 5140 2509 5190 XI,
2540 5099 2653 5188 i5).
2682 5118 2835 5187 Ergo
2873 5126 3045 5168 mens
3076 5109 3349 5165 humana
3394 5118 3535 5159 cum
3590 5099 3822 5157 divinae

2158 5190 2565 5290 dispositionis
2598 5220 2813 5264 causas
2843 5196 3211 5271 argumentis
3249 5210 3357 5269 per
3408 5208 3469 5248 se
3523 5190 3828 5247 discutere

2156 5282 2283 5363 non
2311 5302 2489 5367 valet,
2518 5297 2597 5355 ad
2625 5297 2741 5353 hoc
2769 5290 2938 5366 quod
2994 5282 3504 5360 comprehendere
3562 5293 3693 5336 non
3721 5291 3829 5332 va-

2159 5395 2257 5463 let,
2282 5392 2619 5449 reverenter
2655 5396 2918 5441 erronete
2949 5373 3373 5451 disputationis
3420 5369 3632 5426 oculos
3663 5367 3832 5423 clau-

2161 5485 2283 5551 dat,
2331 5495 2442 5536 nec
2492 5473 2808 5533 invisibilia
2859 5487 2929 5525 ex
2991 5464 3348 5524 visibilibus.
3396 5477 3506 5517 nec
3556 5459 3832 5514 incorru-

469 5632 584 5714 (17)
613 5633 661 5688 Α
690 5627 928 5714 medica
957 5631 1079 5714 arte
1105 5626 1165 5682 in
1189 5640 1333 5699 qua,
1364 5627 1431 5680 ut
1451 5622 1513 5681 in
1541 5618 1760 5677 divinis
1782 5611 2188 5685 humanisque
2223 5604 2449 5674 litteris,
2484 5618 2593 5677 pro
2646 5605 2914 5671 tempore
2949 5593 3257 5652 Fulbertus
3285 5584 3585 5652 excelluit,
3623 5582 3830 5640 factus

398 5699 722 5778 episcopus
759 5699 1067 5760 abstinuit.
