4018 6176
234 196 344 249 197

1794 186 2162 245 ΕΡιετοιΑΕ.

3608 208 3704 266 198

226 313 457 392 ptibilia
498 328 573 369 ex
630 310 1151 403 corruptibilibus
1194 312 1390 371 metiri
1440 317 1787 403 praesumat,
1836 330 1911 370 ne
1948 312 2000 369 Α
2029 311 2248 403 factus,
2277 318 2331 369 et
2362 312 2572 370 habitu
2593 316 2871 373 inventus
2902 326 2965 375 ut
2999 318 3173 378 homo
3207 319 3500 399 (Philipp.
3535 345 3595 401 ιι,
3623 332 3700 403 7),

226 405 375 461 dum
423 417 583 459 caeca
628 401 1051 474 disputatione
1104 402 1311 460 clausa
1356 402 1580 475 pulsat,
1613 407 1669 459 et
1707 407 1914 477 operta

225 510 350 552 non
376 492 555 562 videt,
584 491 849 565 propriis
880 490 1346 548 deﬁnitionibus
1376 492 1699 565 captivata,
1720 498 1777 549 et
1800 508 1913 548 cte-

228 600 369 641 cum
400 597 648 638 sensum
699 596 993 653 sequens,
1021 581 1086 636 in
1118 581 1335 637 erroris
1390 581 1787 655 praecipitium
1816 597 1914 638 ca-

228 674 351 731 dat.
379 672 509 728 Tria
539 670 591 726 si
620 670 878 743 quidem
902 670 1090 727 nobis
1115 676 1255 728 sunt
1279 671 1360 728 ad
1385 671 1721 745 profectum
1753 671 1914 729 Chri-

228 762 435 819 stianae
459 759 764 831 religionis
799 758 1147 832 proposita,
1182 760 1292 816 sed
1323 760 1402 817 ad
1433 764 1917 817 consummatam

223 849 514 923 justitiam
542 848 794 921 perinde
824 847 1201 917 necessaria,
1235 852 1302 905 ut
1328 848 1390 905 in
1428 849 1521 905 his
1563 853 1684 906 tota
1706 850 1918 905 huma-

230 957 326 998 na:
356 938 562 997 salutis
609 954 859 994 summa
889 938 1228 1007 consistat;
1276 939 1404 995 sine
1434 939 1526 995 his
1545 938 1776 1010 justitia
1813 954 1917 994 no-

230 1046 375 1088 men
410 1028 587 1085 habet
619 1025 881 1096 virtutis,
915 1027 1245 1100 praemium
1292 1043 1418 1084 non
1455 1027 1637 1084 habet
1666 1025 1917 1083 virtutis.

236 1123 453 1176 Horum
482 1116 747 1190 primum
779 1120 877 1172 est
928 1116 1286 1188 intelligere,
1333 1120 1391 1172 et
1436 1117 1684 1173 ﬁrmiter
1703 1110 1921 1172 ‘tenere

235 1207 587 1282 mysterium
635 1205 972 1276 Trinitatis,
1007 1210 1065 1262 et
1097 1205 1273 1261 unius
1300 1205 1611 1263 veritatem
1660 1204 1919 1262 Deitatis.

238 1296 581 1356 Secundum
632 1294 926 1351 salutaris
966 1293 1255 1367 baptismi
1302 1294 1596 1350 rationem
1624 1307 1801 1348 nosse
1830 1290 1926 1346 vel

237 1401 503 1443 causam.
522 1383 785 1440 Tertium
816 1382 884 1439 in
906 1399 1040 1456 quo
1064 1383 1186 1439 duo
1215 1383 1348 1455 (17‘)
1369 1383 1500 1439 vitae
1527 1385 1921 1449 sacramenta,

236 1475 299 1532 id
328 1478 434 1541 est,
465 1472 759 1529 Dominici
789 1472 1078 1544 corporis
1105 1475 1163 1528 et
1182 1472 1497 1543 sanguinis
1526 1472 1921 1529 continentur.

240 1568 303 1621 In
334 1563 426 1620 his
455 1562 642 1619 tribus
664 1560 845 1618 multi
875 1561 1068 1618 nimis
1097 1560 1414 1618 carnaliter
1442 1561 1755 1629 intuentes,
1777 1560 1926 1615 dum

2024 401 2285 490 Marcion
2310 403 2692 475 phantasiam
2728 409 2995 481 corporis
3038 415 3096 467 et
3136 424 3264 467 non
3295 428 3518 490 corpus
3561 401 3702 476 con-

2023 489 2242 546 fessus
2270 496 2360 547 est
2401 491 2462 548 in
2511 494 2742 551 Christo
2788 493 2988 553 fuisse.
3032 499 3146 556 Sed
3176 489 3469 562 Dominus
3499 510 3701 564 noster

2023 581 2192 636 Jesus
2225 581 2493 638 Christus
2524 582 2587 638 in
2616 583 2843 641 unitate
2869 586 3045 642 unius
3073 588 3474 667 ejusdemque
3491 610 3699 668 perso-

2024 687 2117 728 nae
2162 687 2237 727 ex
2284 671 2546 743 duabus,
2579 676 2635 730 et
2676 674 2737 730 in
2786 675 3026 733 duabus
3074 679 3440 752 substantiis,
3490 685 3700 742 divina

2027 759 2252 817 scilicet
2281 764 2337 816 et
2382 762 2654 819 humana
2704 764 3056 835 subsistens,
3088 772 3146 823 et
3181 770 3334 827 mira
3362 773 3602 844 protulit
3628 777 3698 829 ut

2028 850 2210 916 Deus,
2275 854 2332 905 et
2377 850 2619 908 infirma
2675 853 2956 910 sustinuit
3030 860 3096 912 ut
3164 858 3369 930 homo,
3423 865 3488 917 ut
3550 876 3695 917 cum

2027 953 2241 994 verum
2274 940 2461 995 Deum
2511 940 2791 997 sublimia
2821 958 3007 1015 opera
3046 944 3448 1019 loquerentur,
3484 963 3697 1005 verum

2028 1025 2345 1083 hominem
2370 1026 2591 1085 ﬂebilia
2611 1028 3109 1090 demonstrarent.
3138 1037 3314 1109 Deus,
3336 1036 3697 1111 inquitApo-

2032 1113 2210 1184 tolus,
2245 1120 2375 1172 erat
2428 1116 2491 1171 in
2524 1115 2783 1188 Christo,
2825 1120 3113 1178 mundum
3161 1127 3558 1181 reconcilians
3583 1123 3703 1181 sibi

2036 1204 2127 1269 (ΑΙ
2154 1203 2294 1260 Cor.
2336 1221 2391 1273 ν,
2425 1205 2532 1275 19).
2568 1208 2723 1261 Deus
2753 1205 2814 1262 in
2847 1207 3098 1277 Christo,
3132 1211 3312 1267 Filius
3343 1213 3444 1269 Dei
3472 1212 3534 1269 in
3571 1213 3697 1269 ﬁlio

2032 1292 2320 1360 hominis,
2352 1292 2630 1350 divinitas
2659 1296 3023 1369 operabatur
3067 1299 3129 1355 in
3172 1301 3437 1359 homine.
3472 1305 3696 1359 Demus

2033 1382 2222 1439 verba
2242 1381 2504 1438 hominis
2529 1400 2542 1438 :
2569 1384 2757 1442 Pater
2774 1389 2973 1457 major
2996 1404 3089 1446 me
3108 1396 3193 1446 est
3212 1390 3410 1463 (Joan.
3438 1407 3558 1464 XIV,
3579 1392 3695 1463 28).

2038 1471 2263 1525 Demus
2305 1466 2497 1523 Verba
2544 1468 2682 1525 Dei:
2740 1471 2871 1541 Ego
2922 1478 2977 1528 et
3022 1475 3210 1531 Pater
3258 1491 3445 1532 unum
3492 1491 3698 1532 sumus

2040 1559 2238 1630 (Joan.
2269 1572 2329 1623 Χ,
2364 1556 2474 1627 30).
2513 1558 2814 1629 Loquatur
2845 1559 2907 1616 in
2951 1562 3179 1620 Christo
3216 1568 3422 1621 nostra
3445 1564 3696 1620 inﬁrmi-

238 1653 379 1728 plus
431 1651 736 1708 carnalem
794 1667 1060 1707 sensum
1115 1666 1303 1724 quam
1352 1650 1494 1707 ﬁdei
1536 1667 1758 1708 arcana
1801 1666 1930 1723 my—
1967 1669 2008 1724 Β
2037 1650 2129 1702 tas
2159 1647 2218 1700 et
2246 1642 2528 1699 conditio.
2560 1646 2777 1717 Filius,
2806 1647 3019 1720 inquit,
3052 1651 3303 1708 hominis
3346 1669 3466 1709 non
3521 1654 3699 1710 habet

240 1741 420 1799 steria
448 1739 965 1814 contemplantur,
1008 1739 1070 1795 in
1119 1740 1449 1813 abruptum
1496 1739 1815 1813 perniciosi
1842 1755 1929 1795 er-

242 1831 396 1888 roris
424 1829 825 1905 praecipitium
883 1828 1175 1899 devoluti,
1208 1845 1322 1885 nec
1370 1845 1573 1885 rerum
1602 1830 1929 1896 veritatem,

245 1936 361 1978 nec
388 1923 913 1977 sacramentorum
940 1918 1222 1974 virtutem
1270 1917 1652 1990 percipiunt;
1704 1922 1761 1974 et
1796 1917 1932 1974 ideo

252 2009 334 2067 ab
365 2010 573 2066 unitate
604 2007 893 2064 Ecclesiae
940 2005 1136 2075 divisi,
1169 2007 1320 2063 dum
1358 2006 1487 2062 ﬁeri
1515 2008 1731 2065 nolunt
1755 2007 1933 2064 disci-

249 2101 377 2178 puli
423 2097 699 2169 veritatis,
752 2095 1047 2167 magistri
1092 2096 1245 2152 tiunt
1289 2096 1526 2153 erroris.
1576 2098 1929 2155 Praetermis-

249 2209 321 2250 sa
368 2191 561 2263 itaque
610 2188 747 2244 luce
808 2185 1107 2253 veritatis,
1165 2185 1515 2243 tenebrosae
1587 2191 1940 2262 proponunt

250 2278 605 2345 calumnias,
669 2280 730 2333 et
794 2290 1012 2332 sacras
1080 2273 1413 2347 Scripturas
1485 2277 1686 2334 verbis
1753 2277 1937 2335 sacri-

250 2371 400 2442 legis
444 2368 709 2425 nituntur
766 2364 1140 2432 adulterare,
1201 2368 1306 2421 aut
1354 2365 1469 2436 (18)
1525 2366 1755 2424 furtivis
1814 2383 1942 2424 era-

254 2459 525 2518 sionibus
570 2455 865 2525 recidere,
901 2454 1060 2510 sicut
1099 2455 1214 2510 hoc
1262 2454 1432 2526 quod
1476 2457 1766 2513 Dominus
1821 2458 1938 2514 ait:

256 2551 389 2621 Ego
417 2553 473 2605 et
504 2548 690 2602 Pater
714 2560 917 2601 unum
948 2558 1156 2599 sum-us
1187 2544 1386 2612 (Joan.
1420 2560 1480 2613 x,
1511 2547 1623 2617 30),
1656 2546 1829 2603 Arius
1860 2547 1946 2603 di-

259 2643 429 2697 ctum
480 2637 553 2693 de
607 2634 845 2691 unitate
921 2632 1275 2689 substantiae
1348 2633 1676 2705 intelligere
1732 2637 1942 2694 noluit.

265 2726 559 2788 Sabellius
587 2724 667 2781 ad
697 2737 1113 2795 personarum
1142 2722 1567 2796 proprietatem
1593 2742 1797 2783 sumus
1822 2742 1948 2783 non

263 2816 495 2884 retulit;
540 2819 598 2871 et
638 2813 703 2870 in
749 2813 871 2868 hoc
923 2810 1094 2883 quod
1137 2811 1238 2879 ait,
1288 2813 1476 2869 Pater
1516 2818 1716 2886 major
1744 2833 1835 2873 me
1864 2822 1951 2874 est

265 2910 466 2981 (Joan.
496 2922 612 2973 xxv,
639 2903 755 2973 28),
793 2901 978 2958 Arius
1015 2915 1137 2956 non
1182 2902 1559 2971 humanitati,
1591 2905 1696 2960 sed
1744 2906 1953 2963 divini-

2036 1735 2142 1791 ubi
2170 1737 2353 1802 caput
2400 1747 2573 1788 suum
2602 1736 2851 1792 reclinet
2898 1737 3137 1807 (Matth.
3169 1757 3288 1813 vm,
3318 1744 3431 1814 20).
3468 1745 3702 1798 Intonat

2036 1840 2157 1882 vox
2187 1821 2432 1879 divina:
2487 1823 2699 1881 Omnia
2747 1841 2878 1897 qua!
2933 1828 3107 1886 habet
3148 1831 3336 1887 Pater
3377 1846 3509 1889 mea
3560 1836 3703 1887 sunt

2039 1914 2241 1985 (Joan.
2288 1912 2547 1983 xv1,15).
2602 1914 2776 1979 Quasi
2829 1916 3014 1974 homo
3060 1919 3261 1988 esurit,
3315 1920 3495 1993 quasi
3546 1923 3703 1976 Deus

2040 2003 2314 2077 quinque
2342 2001 2660 2059 hominum
2689 2004 2875 2062 millia
2913 2007 3127 2078 pascit.
3176 2010 3359 2076 Quasi
3405 2011 3590 2066 homo
3618 2009 3705 2064 di-

2043 2092 2158 2149 cit:
2216 2090 2425 2146 Tristis
2477 2095 2561 2146 est
2622 2093 2827 2151 anima
2886 2111 3016 2153 mea
3073 2112 3256 2169 usque
3318 2099 3401 2155 ad
3455 2102 3707 2155 mortem

2044 2180 2291 2255 (Matth.
2342 2196 2500 2245 χχιιι,
2552 2183 2663 2254 38),
2714 2185 2888 2257 quasi
2946 2188 3098 2242 Deus
3155 2188 3525 2245 conﬁdenter
3582 2189 3706 2244 ait:

2044 2274 2234 2330 Nemo
2282 2270 2450 2327 tollet
2492 2285 2529 2328 a
2575 2287 2667 2328 me
2709 2276 2973 2333 animam
3027 2291 3217 2335 meam
3268 2278 3464 2349 (Joan.
3496 2294 3554 2347 χ,
3600 2275 3708 2347 18).

2049 2360 2233 2428 Quasi
2262 2360 2446 2416 homo
2489 2360 2551 2417 in
2582 2377 2755 2419 cruce
2786 2365 3027 2438 pendet,
3058 2367 3232 2439 quasi
3260 2366 3604 2424 dominator
3630 2364 3716 2420 la-

2050 2456 2288 2508 tronem
2331 2448 2689 2522 alloquitur:
2722 2453 2915 2510 Hodie
2937 2470 3163 2512 mecum
3189 2458 3304 2514 eris
3337 2457 3398 2512 in
3423 2454 3717 2526 paradiso

2051 2543 2219 2613 (Luc.
2249 2555 2410 2607 χχιιι,
2442 2541 2553 2611 li3).
2602 2540 2659 2596 Si
2690 2542 2826 2614 quis
2871 2559 3013 2613 ergo
3042 2551 3242 2602 mente
3273 2549 3488 2617 captus
3537 2543 3720 2600 unius

2055 2628 2354 2689 Christum
2391 2631 2448 2684 et
2492 2631 2679 2684 Deum
2721 2631 2862 2687 dicit
2903 2647 3032 2688 esse
3062 2632 3438 2704 substantiae,
3472 2646 3724 2707 compu-

2055 2717 2382 2792 gnantibus
2406 2715 2557 2774 inter
2594 2735 2655 2775 se
2680 2719 2881 2792 rebus,
2910 2725 3014 2777 aut
3042 2723 3244 2781 solum
3267 2722 3579 2779 hominem
3608 2736 3724 2777 cce-

2054 2810 2115 2867 lo
2143 2808 2405 2881 lapsum,
2439 2812 2543 2864 aut
2571 2808 2766 2866 solum
2792 2813 2980 2866 Deum
3008 2810 3168 2870 dicet
3196 2810 3574 2869 cruciﬁxum.
3607 2810 3727 2868 Sed

2058 2916 2183 2957 non
2222 2902 2312 2955 est
2338 2898 2439 2954 ita.
2472 2902 2620 2956 Nam
2649 2916 2845 2973 neque
2876 2902 3040 2958 solus
3071 2906 3230 2962 Deus
3259 2906 3521 2962 mortem
3551 2902 3730 2960 senti-

270 2999 376 3056 tati
403 2996 702 3069 ascripsit,
732 2999 792 3052 et
818 2993 968 3084 ideo
997 2992 1309 3084 indignam
1342 2992 1526 3084 vitam
1552 2994 1739 3064 digna
1763 3001 1954 3054 morte
1996 3028 2037 3084 Ο
2064 3006 2148 3056 re,
2180 2986 2571 3084 neque-solus
2598 2988 2783 3084 homo
2812 2994 3069 3084 mortem
3098 3008 3387 3068 superare
3411 2994 3727 3084 potuisset,

266 3086 482 3145 ﬁnivit.
508 3085 693 3157 Cujus
713 3082 1030 3140 auditores
1047 3081 1337 3154 quoniam
1368 3081 1650 3155 Spiritum
1676 3091 1957 3142 sanctum

274 3182 466 3235 Deum
495 3190 628 3232 esse
658 3172 999 3245 negabant,
1023 3170 1097 3226 de
1126 3170 1443 3242 Evangelio
1474 3179 1787 3232 eraserunt
1812 3175 1962 3231 illud

273 3267 447 3343 quod
507 3265 787 3324 Salvator
842 3262 963 3319 ait:
1019 3261 1273 3330 Spiritus
1317 3267 1401 3318 est
1447 3262 1604 3319 Deus
1652 3263 1855 3334 (Joan.
1883 3282 1959 3336 Iv,

276 3360 393 3429 24),
427 3360 485 3414 et
512 3356 588 3412 de
640 3351 909 3427 Epistola
956 3350 1205 3406 Joannis
1248 3355 1597 3408 eraserunt:
1644 3353 1727 3409 Et
1774 3356 1964 3412 omnis

275 3448 548 3518 Spimtus
574 3446 686 3517 qui
714 3442 899 3499 solvit
926 3441 1150 3503 Jesum,
1181 3456 1257 3498 ex
1283 3444 1407 3499 Deo
1438 3457 1558 3501 non
1588 3448 1673 3497 est
1703 3445 1765 3513 (Ι
1784 3447 1962 3501 Joan.

278 3555 359 3607 1v,
386 3541 465 3595 3).
487 3535 655 3594 Sicut
682 3531 992 3592 Nestorius
1016 3531 1119 3603 qui
1137 3531 1375 3589 dicebat
1396 3531 1640 3587 beatam
1666 3533 1968 3604 Virginem

280 3643 410 3685 non
468 3625 572 3682 Dei
649 3622 757 3680 sed
827 3619 1094 3679 hominis
1168 3625 1403 3678 tantum
1481 3620 1850 3693 genitricem,
1907 3628 1973 3681 ut

284 3717 473 3775 aliam
527 3727 861 3787 personam
914 3709 1172 3766 hominis
1214 3711 1397 3768 aliam
1445 3709 1668 3767 faceret
1711 3712 1969 3786 deitatis,

285 3820 488 3878 neque
540 3817 737 3859 unum
794 3798 1097 3858 Christum
1151 3799 1212 3857 in
1268 3799 1465 3857 Verbo
1526 3799 1622 3854 Dei
1678 3806 1737 3858 et
1792 3818 1973 3860 carne

289 3901 350 3953 et
390 3893 600 3951 anima
640 3890 897 3948 credens
950 3888 1055 3946 sed
1099 3889 1428 3960 separatim
1476 3886 1734 3946 alterum
1764 3892 1975 3949 Filium

296 3985 427 4054 Dei,
467 3983 721 4039 alterum
775 3979 971 4035 ﬁlium
1025 3979 1282 4036 hominis
1321 3976 1687 4052 praedicans,
1721 3985 1779 4037 et
1807 3982 1977 4037 illum

298 4071 569 4146 Apostoli
632 4071 841 4127 locum
920 4066 1025 4123 ubi
1085 4068 1267 4126 dicit:
1328 4066 1503 4137 Quod
1566 4072 1856 4137 apparuit
1915 4072 1978 4127 in

295 4179 489 4224 carne
530 4160 1126 4232 viviﬁcatumestin
1179 4160 1404 4230 spiritu
1452 4157 1515 4226 (Ι
1559 4157 1725 4215 Petr.
1781 4177 1817 4228 ι,
1868 4162 1975 4233 18).

295 4255 496 4317 Quem
588 4251 796 4308 locum
855 4246 1230 4305 Macedonius
1314 4263 1426 4321 per
1497 4245 1982 4306 immutationem

299 4343 628 4415 Scripturas
648 4338 1053 4413 apostolicum
1072 4338 1299 4396 dictum
1321 4336 1409 4393 sic
1420 4334 1613 4392 voluit
1631 4336 1900 4405 delinire,
1919 4338 1982 4394 id

296 4437 414 4496 est,
447 4435 519 4488 ut
545 4434 703 4487 esset
726 4431 882 4485 Deus
912 4428 1189 4500 apparuit
1214 4428 1278 4484 in
1306 4441 1512 4495 carne,
1543 4428 1602 4481 et
1625 4424 1686 4482 in
1715 4443 1787 4484 eo
1813 4427 1984 4501 quod

302 4523 393 4581 ait
416 4520 586 4578 idem
635 4516 999 4592 Apostolus:
1056 4518 1126 4574 In
1171 4515 1629 4575 similitudinem
1679 4516 1984 4574 hominum

388 4698 523 4769 (17')
551 4699 684 4754 Duo
714 4698 854 4754 vitae
882 4702 1280 4767 sacramenta,
1305 4696 1371 4753 id
1390 4699 1497 4766 est,
1528 4694 1828 4769 Dominici
1860 4710 1987 4752 cor-

304 4765 611 4844 poriset
644 4769 966 4844 sanguinis,
1007 4765 1409 4844 continentur.
1454 4765 1736 4836 Adverte,
1779 4768 1985 4844 lector,

317 4839 447 4900 haec
479 4839 661 4897 verba
687 4856 708 4895 :
756 4839 835 4895 Ne
858 4843 1038 4912 putes
1055 4856 1271 4912 revera
1299 4839 1422 4912 duo
1449 4842 1990 4912 essesacramenta

318 4926 547 4985 corpus
573 4915 632 4967 et
656 4907 903 4980 sanguis
934 4910 1143 4967 Christi
1173 4908 1429 4966 Domini.
1465 4911 1528 4985 D.
1553 4907 1760 4964 Thom.
1786 4910 1834 4964 si
1862 4908 1990 4981 qui-

318 4983 468 5063 dem
488 4998 550 5055 p.
584 4999 663 5063 nl,
695 4987 806 5063 art:
834 4987 890 5046 2,
917 4997 977 5063 q_.
1006 4986 1095 5051 73,
1118 4997 1395 5063 quaerens
1419 4983 1622 5063 utrum
1652 4995 1990 5063 sacramen:

323 5061 455 5115 tum
488 5049 864 5115 eucharistiee
905 5049 979 5110 sit
1024 5049 1215 5111 unum
1262 5052 1353 5108 vel
1396 5051 1594 5124 plura,
1637 5066 1800 5124 resp.
1824 5049 1992 5123 quod

322 5124 716 5197 materialiter
760 5129 903 5182 sunt
947 5124 1123 5197 plura
1169 5125 1362 5194 signa,
1397 5121 1523 5197 fsed
1572 5121 1895 5178 formalitér
1937 5125 1994 5197 et

324 5196 653 5273 preiective
682 5212 873 5253 unum
892 5193 1372 5273 sacramentum,
1399 5195 1463 5251 in
1492 5197 1788 5267 quantum
1812 5210 1884 5250 ex
1909 5193 1995 5250 eis

325 5266 641 5345 perﬁcitur
669 5284 794 5345 una
818 5266 1078 5345 refectio.

402 5341 518 5412 (18)
546 5340 815 5412 Furtivis
839 5339 1207 5412 erasiombus
1227 5339 1507 5412 recidere.
1543 5335 1641 5412 Sic
1660 5334 1851 5391 solent
1873 5336 1996 5412 hae:

331 5407 522 5470 reﬁci".
551 5413 619 5467 D.
654 5411 762 5468 Hi1.
794 5411 871 5467 ad
905 5413 1105 5468 Const.
1139 5415 1289 5479 Aug.
1325 5410 1407 5466 sic
1438 5409 1519 5465 ait
1548 5426 1559 5463 :
1605 5408 1685 5463 At
1714 5423 1876 5465 nunc
1896 5407 2000 5478 qui

332 5485 577 5540 Ariona
604 5490 657 5539 et
683 5484 971 5553 pestifera
1001 5484 1352 5553 contagione
1370 5480 1677 5551 inquinati
1701 5485 1860 5553 sunt,
1879 5494 1998 5533 non

336 5560 575 5632 cessant
590 5550 695 5611 ore
710 5550 893 5623 impio
913 5561 967 5609 et
998 5550 1289 5632 sacrilego
1305 5550 1507 5632 animo
1530 5550 1999 5632 Evangeliorum

338 5627 751 5697 sinceritatem
778 5640 1177 5695 corrumpere.
1210 5628 1277 5680 Et
1303 5623 1586 5697 Synesius
1631 5623 1800 5695 epist.
1833 5626 1863 5677 5
1894 5636 2000 5697 ap-

343 5698 529 5771 pellat
557 5696 886 5768 haereticos,
932 5694 1245 5770 τράπεζίτας
1301 5694 1575 5770 πὸνηροὺζ,
1627 5694 1745 5755 res;
1775 5694 2003 5766 κατάπερ

2067 3094 2256 3152 quam
2306 3074 2753 3134 evidentissima
2808 3079 3057 3150 ratione,
3122 3083 3601 3142 substantiarum
3640 3084 3732 3141 di-

2070 3167 2404 3234 stinctione,
2430 3166 2614 3222 homo
2640 3168 2921 3242 suscepit,
2948 3173 3005 3225 et
3031 3172 3193 3229 Deus
3222 3172 3376 3229 vicit.
3430 3174 3546 3232 Sed
3573 3175 3735 3234 Aria-

2069 3258 2153 3330 ni,
2174 3262 2494 3328 utramque
2521 3254 2781 3313 formam
2810 3257 3181 3329 distinguere
3209 3262 3562 3334 nescientes,
3596 3282 3733 3340 quae

2070 3351 2243 3405 erant
2269 3345 2532 3404 hominis
2559 3346 2639 3402 ad
2682 3350 2870 3404 Deum
2907 3346 3091 3422 impie
3123 3350 3468 3411 retulerunt.
3501 3356 3734 3414 Nullam

2071 3439 2273 3512 itaque
2304 3441 2567 3494 tenentes
2612 3436 2763 3494 inter
2804 3437 3071 3497 ccelestia
3114 3446 3172 3499 et
3212 3446 3511 3505 terrestria
3561 3447 3737 3506 ratio-

2074 3546 2235 3597 nem,
2267 3529 2416 3585 dum
2464 3528 2608 3585 dare
2660 3528 3054 3602 proprietates
3109 3550 3250 3591 suas
3303 3538 3577 3608 partibus
3634 3555 3737 3597 ne-

2078 3619 2291 3684 sciunt,
2318 3623 2616 3691 quantum
2638 3618 2698 3674 in
2726 3619 2871 3692 ipsis
2902 3624 2991 3676 est
3022 3621 3126 3678 Dei
3156 3624 3556 3684 substantiam
3584 3629 3736 3686 divi-

2078 3713 2300 3777 serunt,
2334 3714 2391 3765 et
2418 3710 2566 3765 dum
2594 3708 2673 3765 ad
2703 3708 2832 3766 sola
2882 3710 3147 3768 hominis
3179 3715 3363 3772 verba
3391 3718 3736 3792 respiciunt,

2082 3803 2270 3856 Deum
2300 3798 2427 3854 sine
2464 3797 2790 3854 intellectus
2833 3798 3060 3855 lumine
3090 3803 3501 3877 perdiderunt,
3539 3812 3596 3864 et
3624 3825 3737 3865 cae-

2082 3905 2222 3944 cum
2264 3903 2508 3944 sensum
2550 3885 2611 3941 in
2640 3885 2969 3958 praecipitia
2992 3886 3213 3945 ducem
3241 3899 3583 3964 sequentes,
3611 3912 3741 3953 ma-

2082 3977 2319 4034 luerunt
2342 3975 2537 4033 dicere
2566 3974 2863 4030 minorem
2890 3977 3099 4046 Deum,
3128 3995 3315 4051 quam
3350 3982 3659 4040 hominem
3685 3988 3742 4041 et

2087 4069 2293 4123 Deum.
2334 4064 2513 4122 Nobis
2539 4078 2677 4120 vero
2714 4064 2879 4120 hanc
2919 4065 3396 4126 substantiarum
3437 4071 3744 4130 diversita-
3853 4116 3856 4121 .

2076 4162 2206 4214 tem
2235 4171 2308 4212 ex
2354 4155 2468 4211 hoc
2497 4154 2868 4227 perpendere
2914 4162 3268 4231 promptum
3296 4165 3388 4217 est
3429 4162 3593 4236 quod
3626 4163 3745 4222 alia

2088 4249 2180 4302 est
2242 4246 2344 4302 illa
2425 4244 2718 4314 nativitas,
2787 4243 2878 4301 vel
2940 4249 3178 4317 natura,
3241 4248 3304 4307 in
3368 4267 3510 4325 qua,
3571 4251 3747 4325 juxta

2091 4335 2467 4408 Apostolum,
2524 4335 2748 4391 Factus
2803 4341 2888 4391 est
2944 4350 3021 4393 ex
3065 4338 3335 4411 muliere,
3380 4342 3583 4411 factus
3638 4345 3746 4400 sub

2095 4428 2222 4497 lege
2247 4425 2470 4497 (Galat.
2504 4442 2579 4497 xv,
2609 4426 2698 4499 4);
2730 4423 2849 4482 alia
2876 4441 2999 4499 qua
3029 4432 3155 4484 erat
3177 4428 3239 4484 in
3261 4430 3553 4503 principio
3582 4432 3748 4505 apud

2094 4519 2303 4587 Deum,
2335 4515 2449 4586 (19)
2477 4514 2593 4573 alia
2621 4531 2743 4589 qua
2785 4519 3022 4573 creatus
3062 4533 3135 4574 ex
3159 4518 3384 4591 virgine
3414 4519 3610 4591 Maria,
3642 4520 3750 4576 hu-

2092 4699 2326 4770 νόμισμοι
2380 4690 2554 4767 deﬂui
2576 4767 2589 4770 _
2616 4698 2675 4747 τὸ
2743 4696 2875 4770 θεῖον
2906 4766 2921 4770 Δ
2940 4698 3465 4770 παραχαράττοντᾳς,
3510 4694 3605 4770 id,
3641 4700 3747 4765 est,

2097 4765 2418 4835 trapezitas
2455 4765 2672 4833 malos,
2701 4765 2806 4837 qui
2828 4766 2988 4822 velut
3017 4765 3337 4834 mentatum,
3365 4768 3451 4822 ita
3481 4768 3750 4824 divinum

2095 4838 2312 4909 dogma
2338 4843 2691 4907 pervertunt
2718 4842 2772 4893 et
2802 4837 3171 4909 adulteram.
3198 4839 3391 4902 Quam
3421 4838 3638 4909 rectius
3668 4842 3755 4895 tu-

2096 4906 2187 4981 ba'
2228 4906 2617 4981 illa’Romani
2665 4907 2960 4981 sermonis
3010 4907 3346 4981 Latinaeque
3399 4906 3753 4980 eloquentia;

2100 4979 2446 5046 Khodanus,
2474 4980 2590 5034 hoc
2611 4983 2703 5036 est
2728 4978 2981 5033 Hilarius
3004 4977 3082 5033 ad
3106 4977 3409 5035 Constant.
3437 4977 3610 5049 Aug:
3639 4981 3755 5039 Ca-

2102 5051 2359 5107 tholicus
2383 5066 2532 5118 sum,
2556 5051 2767 5124 inquit,
2788 5051 3069 5124 nolo_esse
3084 5049 3395 5124 haereticus
3410 5065 3434 5121 ,'
3456 5051 3757 5109 Christia-

2100 5138 2214 5179 nus
2258 5138 2408 5189 sum,
2438 5136 2559 5178 non
2588 5119 2872 5178 Arianus.
2902 5121 2982 5177 Et
3008 5119 3159 5175 mihi
3184 5119 3415 5179 melius
3438 5129 3521 5179 est
3551 5124 3615 5179 in
3648 5124 3758 5181 hoc

2102 5193 2320 5250 saeculo
2349 5193 2505 5248 mori
2531 5208 2730 5264 quam,
2754 5192 3017 5264 alicujus
3030 5191 3267 5261 privati
3289 5194 3557 5263 potentia
3577 5195 3760 5252 domi-

2104 5268 2306 5335 nante,
2339 5262 2566 5335 castam
2596 5262 2865 5320 veritatis
2893 5262 3243 5335 dignitatem
3286 5262 3684 5335 Corrumpere.

2176 5333 2288 5404 (19)
2316 5333 2460 5389 Alia
2487 5348 2607 5403 qua
2633 5338 2867 5406 creatus
2893 5333 2968 5391 ea:
2994 5334 3235 5406 Virgine
3252 5336 3473 5395 Maria.
3508 5333 3607 5392 Hic
3634 5351 3763 5393 ver-

2103 5403 2252 5459 bum
2281 5409 2517 5478 creatus
2564 5404 2816 5478 sumitur
2840 5403 3186 5478 improprie,
3218 5407 3281 5464 id
3328 5412 3418 5464 est
3461 5408 3761 5478 formatus

2108 5479 2210 5532 aut
2233 5480 2433 5531 natus.
2461 5477 2631 5532 Recte
2660 5475 2959 5547 siquidem
2991 5475 3149 5534 Beda
3177 5481 3315 5535 Ven.
3342 5475 3536 5537 libﬁiv
3565 5479 3625 5534 in
3657 5482 3764 5534 Lu-

2107 5562 2263 5616 cam,
2289 5546 2813 5621 Christus,inquit,
2834 5554 3147 5619 conceptus
3168 5564 3243 5606 ea:
3262 5552 3455 5607 ultero
3476 5551 3767 5620 virginali

2111 5633 2353 5693 carnem
2395 5634 2514 5674 non
2558 5620 2631 5677 de
2657 5619 2870 5691 nihilo,
2916 5636 3036 5677 non
3066 5622 3332 5693 aliunde,
3362 5621 3465 5681 sed
3497 5619 3765 5679 meterna

2114 5691 2308 5749 traxit
2336 5704 2412 5749 ex
2441 5705 2641 5748 carne.
