3996 6176
342 215 441 269 499
1375 209 1431 265 s.
1474 165 1809 264 FULBERTI
1847 203 2329 261 CARNOTENSIS
2385 206 2718 263 EPISCOPI.
2748 184 2751 191 ’

3662 214 3774 267 200

336 336 602 394 miliatus
623 335 684 391 in
711 339 884 401 terra,
905 332 1022 389 alia
1048 349 1170 406 qua
1200 332 1325 390 sine
1352 333 1518 390 initio
1546 349 1801 390 manens
1832 348 1994 389 crea-
2016 331 2073 384 'A
2107 326 2381 383 sensibus
2402 328 2639 394 nostris,
2660 327 3019 385 memoriam
3041 344 3163 384 sum
3193 331 3398 387 mortis
3423 335 3480 388 et
3503 333 3769 405 sepultu-

336 428 417 483 vit
441 427 657 483 coelum
686 428 743 479 et
760 427 998 495 terram,
1014 422 1131 479 alia
1146 440 1270 496 qua
1291 423 1506 480 dicitur
1526 424 1585 479 in
1613 439 1868 479 maerore
1890 423 1994 478 do-

334 516 535 583 luisse,
566 514 628 569 in
656 512 1006 569 lassitudine
1036 512 1350 583 dormisse,
1378 513 1579 570 inedia
1608 513 1859 569 esurisse
1890 514 1992 567 tle-

335 606 505 670 visse,
522 603 639 659 alia
650 619 774 676 qua
797 601 1014 658 dicitur
1027 602 1389 675 paralyticos
1407 618 1670 670 curasse,
1687 620 1792 676 per
1806 618 1995 676 quam

334 694 605 750 nesciens
632 709 905 764 gressum
924 692 1170 764 jubetur
1196 692 1490 761 incedere,
1515 693 1743 749 solutus
1772 692 1832 748 in
1864 709 1994 748 mu-

332 784 474 841 liere
505 782 753 854 sanguis
778 798 1073 839 venarum
1126 782 1367 852 sistitur,
1400 800 1593 839 caecus
1624 800 1659 840 a
1688 782 1994 839 nativitate

332 874 723 942 illuminatur,
755 874 1007 947 imperio
1037 878 1333 945 tumentes
1376 874 1593 931 ﬂuctus
1642 874 1991 941 solidantur,

334 965 555 1023 mortui
585 964 966 1021 suscitantur.
989 965 1131 1030 Quae
1161 981 1301 1020 cum
1330 963 1412 1020 ita
1443 965 1576 1033 sint,
1612 964 1907 1022 Christum
1932 964 1994 1019 in

335 1055 576 1112 duabus
590 1054 934 1111 substantiis
950 1054 1372 1110 consistentem
1389 1070 1578 1110 unum
1590 1054 1994 1127 eumdemque

339 1147 527 1200 Deum
558 1158 803 1213 verum,
833 1134 1236 1215 eimdemque
1274 1142 1583 1198 hominem
1625 1158 1837 1198 verum
1866 1157 1994 1198 esse

338 1232 592 1289 fateatur
619 1247 860 1288 necesse
886 1235 995 1297 est,
1019 1231 1291 1304 quisquis
1324 1231 1627 1301 religionis
1651 1230 1994 1289 Christianae

337 1337 460 1377 non
490 1320 614 1375 vult
639 1320 910 1387 inaniter,
945 1320 1068 1376 imo
1106 1320 1527 1377 damnabiliter
1563 1324 1799 1392 portare
1823 1336 1995 1376 voca-

334 1410 546 1467 bulum
557 1454 569 1465 .
591 1414 676 1465 lta
694 1409 1003 1483 utriusque
1015 1414 1243 1466 naturae
1255 1409 1499 1466 veritate
1516 1415 1769 1479 servata,
1782 1426 1995 1465 verum

337 1499 634 1557 Christum
657 1498 719 1553 in
730 1498 1047 1555 virtutibus
1064 1503 1121 1555 et
1132 1498 1515 1571 passionibus
1542 1514 1651 1555 nec
1665 1498 1996 1555 confundat

334 1587 484 1643 ﬁdes
508 1604 650 1645 vera
669 1603 780 1645 nec
810 1587 1058 1658 dividat,
1088 1589 1233 1661 quia
1252 1588 1585 1661 personalis
1617 1588 1811 1645 unitas
1837 1588 1897 1644 in
1923 1604 1993 1645 eo

2102 432 2180 471 rae
2207 421 2385 489 atque
2415 416 2595 473 etiam
2624 417 3070 473 resurrectionis
3097 417 3468 492 insculpens,
3502 420 3771 477 ineffabi-

2099 505 2179 562 lia
2224 506 2470 563 contulit
2514 505 2797 579 baptismi
2839 523 3111 575 munera,
3155 524 3262 580 per
3305 525 3440 581 quae
3491 526 3773 584 superve-

2101 595 2296 651 niente
2330 596 2538 667 primae
2586 595 2831 666 originis
2866 595 3006 663 ﬁne,
3038 596 3091 652 ei
3128 598 3488 655 commortui
3530 603 3586 655 et
3613 599 3774 656 intra

2102 700 2341 741 sacrum
2390 686 2686 757 gurgitem
2729 685 3082 759 eonsepulti,
3128 686 3387 744 demersi
3435 704 3774 760 resurgere-

2100 790 2258 841 mus,
2291 774 2409 831 vita
2456 780 2796 844 emergente
2846 774 3218 831 criminibus.
3266 775 3408 832 Vide
3458 777 3604 850 quid
3645 778 3771 849 agit

2100 861 2310 918 artifex
2356 862 2797 919 misericordiae.
2840 862 2974 920 Tale
3022 863 3128 919 tibi
3173 864 3396 920 invenit
3434 864 3645 921 tumuli
3673 881 3772 935 ge-

2099 966 2234 1017 nus,
2280 968 2402 1025 quo
2447 952 2620 1009 sciret
2670 956 2915 1026 peccata
2964 951 3232 1026 sepelire,
3279 958 3336 1010 et
3390 959 3770 1026 peccatorem

2101 1040 2357 1097 nesciret
2385 1041 2660 1110 obruere,
2689 1047 2754 1098 ut
2801 1042 3201 1099 descendente
3249 1042 3494 1098 homine
3536 1042 3596 1098 in
3640 1042 3772 1098 fon-

2102 1133 2240 1196 tem,
2274 1122 2568 1202 tanquam
2594 1130 2655 1185 in
2689 1130 3035 1202 sepulcrum
3066 1129 3441 1198 delictorum,
3475 1146 3612 1186 reus
3641 1130 3769 1186 exi-

2100 1223 2187 1275 ret
2216 1218 2293 1275 ad
2338 1224 2601 1292 portum,
2642 1224 2698 1275 et
2723 1219 2850 1275 sola
2898 1223 3245 1293 paterentur
3274 1219 3491 1275 delicta
3518 1219 3767 1276 naufra-

2100 1306 2285 1377 gium.
2321 1307 2568 1363 Proinde
2600 1324 2761 1381 aqua
2790 1311 2847 1363 et
2887 1307 3136 1379 Spiritus
3178 1312 3421 1363 sanctus
3464 1308 3769 1364 sociantur

2099 1396 2315 1463 causis,
2345 1397 2448 1453 sed
2478 1397 2782 1453 beneficiis
2823 1401 3195 1469 separantur.
3244 1396 3579 1470 Requiritur
3617 1413 3765 1453 sane

2099 1487 2161 1542 in
2190 1486 2567 1560 baptismatis
2617 1486 3007 1543 sacramentis
3037 1503 3198 1560 aqua
3229 1491 3472 1560 propter
3502 1487 3769 1560 sepultu-

2100 1591 2251 1643 ram,
2288 1575 2536 1647 Spiritus
2564 1580 2807 1631 sanctus
2842 1579 3086 1649 propter
3114 1575 3298 1632 vitam
3325 1580 3628 1632 aeternam.
3662 1578 3769 1631 Re-

334 1677 690 1734 divisionem
716 1693 838 1733 non
857 1677 1082 1749 recipit,
1115 1681 1173 1732 et
1194 1677 1507 1750 utriusque
1532 1682 1760 1734 natura:
1781 1677 1994 1734 veritas
2022 1688 2064 1742 Β
2101 1680 2273 1720 move
2337 1663 2625 1720 Creatoris
2676 1679 2920 1731 nomen.
2983 1669 3039 1721 et
3094 1680 3217 1720 non
3264 1664 3447 1720 habet
3493 1669 3767 1721 creatura

331 1767 650 1825 inconfusa
664 1766 937 1839 persistit.
956 1770 1082 1822 Non
1100 1765 1261 1821 enim
1278 1766 1423 1823 alter
1438 1770 1610 1832 Deus,
1628 1767 1774 1823 alter
1785 1768 1991 1839 homo,

338 1855 446 1912 sed
474 1871 632 1911 unus
660 1854 943 1926 idemque
992 1854 1254 1911 Christus
1296 1857 1449 1911 Deus
1492 1856 1696 1911 homo.
1731 1855 1995 1912 Profecto

336 1943 498 1999 idem
530 1946 683 1998 Deus
714 1941 977 1998 Christus
998 1947 1104 2009 est,
1137 1942 1242 2014 qui
1272 1948 1527 1999 mortem
1551 1960 1661 2000 sua
1690 1943 1993 2000 divinitate

336 2031 644 2088 destruxit.
665 2029 828 2086 Idem
847 2029 1072 2103 quippe
1088 2030 1190 2087 Dei
1212 2030 1407 2099 Filius,
1421 2032 1525 2104 qui
1541 2032 1848 2088 divinitate
1871 2049 1995 2088 mo-

336 2121 386 2176 ri
415 2137 538 2177 non
568 2120 776 2193 potuit,
810 2136 989 2177 carne
1018 2124 1291 2176 mortuus
1323 2125 1429 2190 est,
1462 2137 1648 2193 quam
1679 2122 1994 2179 mortalem

341 2213 492 2266 Deus
519 2209 872 2266 immortalis
911 2209 1173 2282 accepit;
1210 2215 1268 2267 et
1294 2210 1455 2265 idem
1488 2210 1749 2267 Christus
1783 2212 1881 2267 Dei
1912 2211 1995 2267 Fi-

335 2299 449 2356 lius
470 2314 648 2355 carne
664 2304 935 2354 mortuus
959 2298 1296 2366 resurrexit,
1322 2299 1464 2371 quia
1488 2299 1995 2357 immortalitatem

338 2405 461 2445 sum
486 2387 811 2444 divinitatis
838 2404 1017 2445 carne
1044 2392 1318 2444 mortuus
1342 2404 1467 2445 non
1496 2389 1715 2446 amisit.

411 2476 526 2535 Sed
577 2476 653 2533 de
697 2477 811 2533 hoc
864 2476 1091 2533 dictum
1143 2477 1285 2532 satis
1333 2492 1443 2549 pro
1496 2477 1744 2534 modulo
1790 2482 1994 2534 nostro

339 2566 727 2633 aestimamus,
755 2581 879 2622 non
902 2564 1287 2639 quibuslibet,
1321 2565 1426 2622 sed
1454 2566 1675 2638 quibus
1707 2567 1768 2623 in
1807 2567 1996 2640 Scrip-

337 2654 481 2711 turis
551 2658 824 2710 versatur
897 2653 1169 2710 studiosa
1243 2654 1502 2711 devotio.
1568 2655 1746 2712 Nobis
1815 2655 1994 2729 plane

336 2760 407 2801 ea
457 2743 774 2814 singularis
826 2744 1006 2801 instat
1050 2743 1318 2814 intentio,
1369 2748 1451 2811 ut,
1494 2745 1785 2818 quoniam
1834 2762 1997 2801 com-

337 2834 604 2906 perimus
656 2832 889 2907 aliquos
926 2833 1106 2889 nimis
1147 2833 1461 2890 carnaliter
1509 2835 1803 2891 intuentes
1833 2851 1995 2908 quae-

338 2923 484 2980 dam
511 2922 731 2979 horum
776 2921 837 2978 in
866 2922 1087 2995 quibus
1130 2926 1348 2979 nostrae
1403 2923 1611 2980 salutis
1642 2923 1996 2996 mysterium

340 3016 591 3080 constat,
624 3016 915 3084 tanquam
959 3011 1164 3100 inania
1195 3015 1299 3068 aut
1322 3013 1514 3070 otiosa
1542 3013 1852 3087 deputare,
1884 3013 1995 3069 hos
2026 3044 2067 3100 ο

340 3116 378 3156 a
405 3104 528 3156 tam
558 3099 905 3173 perniciosae
936 3099 1234 3174 opinionis
1254 3101 1514 3158 vanitate
1536 3105 1845 3165 revocatos
1865 3118 1996 3174 per-

339 3205 724 3247 moneremus
752 3191 814 3247 in
844 3190 1024 3247 rebus
1064 3191 1541 3247 sacramentariis
1591 3207 1715 3247 non
1761 3196 1993 3248 tantum

338 3297 474 3354 quas
513 3280 787 3336 videntur
826 3285 1114 3353 spectare,
1148 3285 1444 3354 quantum
1474 3281 1829 3337 invisibilem
1867 3299 1996 3353 my-

339 3374 653 3427 steriorum
686 3371 1014 3442 potentiam
1044 3370 1296 3426 ﬁdeliter
1323 3371 1637 3427 aestimare.
1660 3370 1814 3436 Quid
1833 3371 1995 3427 enim

338 3459 417 3516 ad
466 3458 650 3515 ﬁdem
680 3459 981 3515 venientes
1028 3457 1317 3531 proﬁcere
1348 3458 1729 3526 arbitramur,
1762 3459 1807 3514 si
1849 3459 1995 3515 nihil

337 3546 493 3602 ultra
544 3562 731 3618 quam
804 3545 972 3619 quod
1045 3545 1377 3602 visibilibus
1453 3546 1716 3602 motibus
1779 3548 1990 3618 agitur,

337 3634 741 3705 regenerantis
812 3634 1014 3703 gratiae
1094 3638 1327 3707 praestet
1397 3634 1689 3692 effectus?
1763 3635 1994 3693 Scimus

337 3728 396 3780 et
423 3739 561 3779 vere
592 3722 835 3793 scimus,
867 3738 978 3778 nos
1025 3722 1222 3795 prima
1264 3723 1567 3780 nativitate
1598 3724 1876 3797 pollutos,
1911 3742 1997 3782 se-

338 3812 539 3869 cunda
567 3810 870 3869 nativitate
901 3810 1259 3880 mundatns;
1301 3811 1498 3884 prima
1530 3812 1835 3869 nativitate
1861 3831 1997 3888 cap-

336 3902 510 3973 tivos,
536 3901 804 3958 secunda
830 3900 1136 3957 nativitate
1164 3900 1417 3969 liberos;
1468 3901 1665 3975 prima
1691 3903 1996 3961 nativitate

335 3996 621 4061 terrenos,
650 3990 916 4048 secunda
943 3989 1243 4046 nativitate
1274 3989 1540 4046 cmlestes
1565 4009 1578 4056 ;
1611 3992 1821 4064 prima:
1850 3993 1997 4049 nati-

334 4081 530 4137 vitatis
562 4081 704 4136 vitio
731 4080 1021 4147 carnales,
1052 4080 1327 4136 secundae
1350 4080 1673 4137 nativitatis
1700 4080 1994 4139 beneﬁcio

336 4170 702 4243 spirituales;
758 4186 865 4243 per
892 4170 1056 4226 illam
1092 4169 1245 4225 ﬁlios
1292 4171 1415 4242 irae,
1457 4187 1563 4245 per
1611 4172 1791 4228 istam
1839 4172 1993 4229 ﬁlios

336 4259 559 4329 gratiae.
580 4259 838 4315 Proinde
858 4259 1155 4332 quidquid
1177 4275 1434 4331 pravum
1460 4260 1715 4335 quisque
1737 4262 1996 4336 concipit

339 4348 632 4404 adversus
660 4347 812 4404 sacri
840 4347 1125 4421 baptismi
1153 4349 1567 4420 reverentiam,
1587 4350 1734 4407 sciat
1757 4351 1991 4407 refundi

333 4437 396 4493 in
428 4437 527 4494 Dei
555 4437 860 4509 injuriam,
891 4437 995 4510 qui
1025 4437 1143 4493 ait:
1190 4440 1325 4494 Nisi
1364 4441 1495 4510 quis
1533 4447 1777 4497 renatus
1803 4442 1990 4511 fuerit

334 4542 410 4584 ex
438 4542 596 4599 aqua
626 4532 680 4583 et
713 4527 929 4596 spiritu
972 4543 1093 4583 non
1139 4533 1330 4597 potest
1358 4528 1610 4585 introire
1637 4531 1700 4584 in
1743 4545 1993 4601 regnum

333 4618 447 4674 Dei
469 4616 667 4689 (Joan.
701 4633 781 4688 in,
811 4616 885 4689 5).
928 4616 1211 4673 Salutaris
1239 4617 1418 4687 igitur
1447 4616 1773 4690 disciplinae
1805 4620 1995 4690 gratia

334 4710 443 4773 est,
497 4704 783 4777 baptismi
830 4705 1126 4762 rationem
1170 4721 1348 4761 nosse
1394 4705 1489 4762 vel
1537 4722 1805 4777 causam,
1846 4708 1996 4764 sicut

332 4794 651 4869 Apostolus
682 4794 799 4851 ait:
824 4796 894 4852 Si
922 4797 1078 4852 enim
1109 4796 1333 4852 mortui
1349 4811 1551 4851 sumus
1574 4811 1706 4852 cum
1732 4796 1991 4866 Christo,

333 4885 625 4941 credimus
653 4885 799 4955 quia
842 4885 1023 4940 simul
1061 4884 1322 4941 vivemus
1353 4899 1485 4940 cum
1521 4883 1759 4940 Christo
1791 4885 1990 4951 (Joan.

332 4987 413 5037 vi,
440 4973 513 5045 8).
548 4973 851 5030 Commori
880 4972 1041 5029 enim
1081 4988 1219 5028 cum
1260 4971 1506 5041 Christo,
1560 4976 1616 5028 et
1654 4971 1886 5045 sepeliri
1916 4971 1996 5027 ad

334 5059 450 5114 hoc
480 5061 683 5128 tendit,
709 5067 776 5118 ut
804 5079 943 5118 cum
969 5061 1070 5118 illo
1090 5076 1401 5132 resurgere
1422 5060 1751 5133 possimus,
1775 5066 1832 5117 et
1856 5078 1995 5117 cum

335 5146 435 5203 illo
464 5149 683 5207 vivere.
735 5152 849 5208 Sed
885 5152 1032 5209 dicis
1079 5150 1264 5208 mihi:
1316 5150 1630 5217 Quomodo
1674 5152 1789 5208 hoc
1831 5151 1996 5225 quod

336 5236 417 5293 ad
472 5237 783 5296 defunctos
838 5243 1110 5313 pertinet,
1162 5242 1225 5297 in
1275 5240 1613 5298 viventibus
1656 5240 1845 5314 possit
1890 5241 1998 5296 im-

334 5325 523 5400 pleri?
553 5328 842 5384 Dominus
873 5333 1076 5386 noster
1101 5333 1269 5387 Jesus
1291 5330 1554 5389 Christus
1574 5329 1868 5387 beneﬁcia
1892 5346 1997 5386 no-

333 5414 429 5472 bis
460 5432 570 5473 sua
594 5432 705 5490 pro
736 5422 941 5475 nostra
971 5418 1157 5475 salute
1189 5420 1645 5489 commendans,
1669 5424 1726 5477 et
1755 5418 1997 5476 sollicite

406 5542 515 5615 (20)
559 5542 1022 5600 Cateehumenos
1054 5543 1403 5615 baptizatos.
1456 5544 1752 5601 Nonnulla
1789 5543 1995 5615 viden-

335 5620 430 5671 tur
458 5614 685 5684 deesse,
717 5620 999 5672 etrevera
1029 5631 1241 5671 sensus
1272 5633 1396 5673 non
1427 5617 1702 5673 cohaeret.
1736 5614 1995 5671 [labetur

335 5685 398 5741 in
438 5686 652 5744 eadem
689 5693 961 5744 nostrum
994 5687 1304 5756 baptisma.
1361 5687 1453 5745 Sic
1500 5690 1697 5745 Patres
1744 5684 1886 5743 olim
1933 5684 1996 5742 in

2100 1751 2267 1825 quod
2296 1756 2551 1826 praestet.
2606 1756 2735 1809 Haec
2762 1752 3212 1810 similitudinem
3238 1753 3446 1809 mortis
3476 1752 3765 1817 imitatur,

2099 1842 2195 1897 ille
2246 1842 2554 1898 veritatem
2602 1842 2808 1898 salutis
2862 1847 3160 1916 operatur.
3220 1841 3334 1900 Sed
3376 1842 3626 1899 fortasse
3685 1840 3765 1897 ad

2101 1931 2469 1987 credendum
2512 1931 2838 2005 propositis
2882 1948 3054 1987 mens
3101 1931 3334 1999 titubat,
3365 1931 3481 1987 nisi
3506 1930 3767 1987 testimo—

2100 2020 2338 2076 niorum
2386 2026 2669 2094 sequatur
2716 2021 3061 2077 auctoritas.
3113 2020 3266 2076 Audi
3304 2019 3484 2092 igitur
3519 2023 3768 2093 Aposto-

2099 2109 2227 2167 lum
2277 2111 2355 2166 ad
2401 2113 2722 2167 Romanos.
2769 2112 2867 2167 An
2912 2111 3206 2182 ignoratis
3252 2112 3393 2182 quia
3424 2110 3766 2181 quicunque

2103 2201 2390 2271 baptizati
2417 2217 2618 2257 sumus
2650 2202 2711 2256 in
2755 2202 3016 2271 Christo,
3049 2202 3108 2257 in
3141 2208 3331 2257 morte
3358 2202 3542 2271 ipsius
3572 2199 3764 2268 bapti-

2101 2293 2223 2348 zati
2246 2294 2491 2347 sumus?
2544 2292 2896 2361 Consepulti
2924 2292 3079 2348 enim
3110 2307 3311 2347 sumus
3355 2306 3490 2347 cum
3520 2290 3627 2345 illo
3652 2303 3766 2359 per

2103 2380 2459 2450 baptismum
2480 2380 2542 2435 in
2566 2384 2837 2449 mortem,
2856 2384 2921 2435 ut
2949 2380 3237 2451 quomodo
3266 2378 3542 2436 Christus
3568 2391 3767 2434 resur-

2101 2472 2258 2527 rexit
2298 2485 2334 2527 a
2382 2470 2632 2525 mortuis
2653 2484 2766 2539 per
2804 2470 3064 2539 gloriam
3094 2470 3320 2535 Patris,
3350 2470 3435 2524 ita
3477 2473 3531 2524 et
3561 2483 3667 2524 nos
3700 2467 3763 2522 in

2101 2560 2363 2615 novitate
2391 2560 2526 2615 vita:
2568 2559 2935 2615 ambulemus
2965 2559 3152 2630 (Rom.
3184 2574 3260 2629 vr,
3294 2562 3346 2627 3,
3386 2558 3465 2629 4),
3516 2560 3574 2613 et
3621 2571 3762 2611 cum

2100 2648 2362 2718 dixisset,
2395 2650 2728 2718 consepulti
2769 2647 3091 2717 magniﬁce
3130 2646 3383 2719 adjecit:
3428 2647 3514 2705 Si.
3546 2645 3761 2719 inquit,

2102 2738 2500 2807 complantati
2507 2738 2664 2807 facti
2676 2752 2878 2792 sumus
2891 2736 3279 2792 similitudini
3289 2736 3498 2791 mortis
3520 2737 3668 2804 ejus,
3686 2736 3764 2791 si-

2100 2828 2230 2884 mul
2258 2833 2313 2883 et
2354 2828 2805 2884 resurrectionis
2835 2828 3055 2883 erimus
3089 2825 3285 2893 (Ibid,
3318 2826 3393 2896 5).
3429 2824 3589 2881 Sicut
3617 2839 3764 2895 ergo

2103 2918 2391 2974 Dominus
2412 2921 2613 2973 noster
2639 2920 2806 2973 Jesus
2838 2916 3099 2973 Christus
3116 2916 3304 2972 tribus
3325 2913 3558 2986 diebus,
3585 2919 3642 2969 et
3668 2914 3767 2969 tri-

2102 3007 2216 3064 bus
2244 3005 2520 3063 noctibus
2549 3005 2932 3079 corporaliter
2971 3005 3084 3061 sub
3115 3009 3281 3061 terrae
3314 3003 3585 3079 sepulcro
3611 3018 3761 3059 con-

2102 3098 2261 3154 ditus
2289 3096 2473 3153 fuisse
2519 3094 2890 3163 describitur,
2924 3099 2981 3152 et
3016 3096 3200 3152 homo
3238 3094 3321 3151 ita
3349 3094 3464 3150 sub
3504 3098 3761 3163 cognato

2104 3192 2268 3244 terrae
2295 3186 2589 3243 elemento
2618 3186 2775 3242 trina
2797 3185 2924 3241 vice
2947 3185 3258 3241 demersus
3282 3183 3566 3257 operitur,
3586 3199 3655 3239 ac
3679 3182 3764 3239 sic

2100 3276 2293 3333 vitalis
2324 3275 2651 3332 imitatione
2680 3274 2948 3348 mysterii
2979 3274 3127 3330 dum
3157 3273 3521 3344 demergitur
3552 3272 3766 3345 sepeli-

2103 3371 2216 3435 tur,
2247 3366 2396 3421 dum
2421 3364 2693 3420 educitur
2706 3363 3045 3420 suscitatur.
3064 3367 3215 3420 Inter
3226 3363 3349 3419 haec
3368 3362 3516 3436 quid
3533 3361 3611 3419 ad
3634 3363 3761 3417 haec

2102 3471 2282 3529 aqua,
2315 3459 2372 3510 et
2417 3454 2565 3527 quid
2612 3454 2860 3526 Spiritus
2894 3459 3135 3509 sanctus
3188 3458 3466 3526 operetur
3494 3451 3759 3508 adverte.

2101 3550 2273 3619 Aqua
2300 3543 2461 3600 velut
2488 3543 2845 3600 morientem
2873 3543 3115 3600 deducit
3138 3543 3198 3599 in
3230 3543 3550 3610 tumulum,
3587 3541 3764 3615 Spiri-

2102 3639 2197 3691 tus
2228 3638 2468 3691 sanctus
2497 3632 2658 3690 velut
2682 3638 3089 3704 resurgentem
3116 3632 3389 3705 perducit
3418 3632 3494 3689 ad
3517 3631 3759 3688 caelum.

2105 3726 2309 3781 Utrum
2338 3739 2480 3779 vero
2530 3724 2714 3778 homo
2757 3722 3035 3795 baptizet,
3076 3738 3153 3779 an
3194 3725 3386 3789 Deus;
3438 3721 3590 3777 ratio
3627 3721 3765 3794 ipsa

2102 3812 2384 3869 declarat.
2417 3816 2565 3869 Nam
2609 3828 2749 3867 cum
2790 3816 3101 3884 peccatore
3144 3811 3483 3883 baptizante
3513 3815 3764 3884 peccata

2103 3901 2419 3968 donentur,
2452 3901 2600 3955 dum
2626 3915 3066 3973 nonnunquam
3098 3899 3443 3964 criminosa,
3473 3899 3763 3973 baptismi

2082 3989 2455 4062 'mysterium
2508 3988 2862 4056 celebrante,
2919 3988 3169 4045 crimina
3216 3989 3612 4056 remittuntur,
3665 3989 3766 4045 hic

2101 4079 2285 4135 homo
2312 4077 2415 4151 qui
2443 4077 2674 4133 videtur
2703 4077 2967 4134 conferre
2996 4078 3163 4152 quod
3188 4095 3312 4135 non
3338 4077 3537 4145 habet,
3556 4078 3765 4150 utique

2103 4168 2245 4224 tanti
2286 4167 2553 4223 muneris
2595 4183 2720 4223 non
2768 4171 2994 4235 auctor,
3042 4167 3147 4224 sed
3187 4167 3457 4224 minister
3493 4166 3769 4237 intelligi-

2103 4261 2217 4325 tur,
2263 4256 2423 4312 unde
2470 4256 2649 4311 etiam
2698 4255 2963 4328 Baptista
3000 4256 3125 4329 ipse
3183 4256 3593 4313 sanctissimus
3637 4255 3763 4311 ait:

2107 4346 2224 4415 Qui
2264 4361 2356 4403 me
2396 4347 2556 4401 misit
2609 4346 2913 4415 baptizare
2959 4346 3078 4415 ipsi
3124 4346 3275 4402 mihi
3316 4347 3515 4402 dixit:
3564 4345 3769 4415 Super

2103 4451 2276 4508 quem
2317 4434 2532 4491 videris
2576 4435 2870 4503 Spiritum
2910 4440 3182 4491 sanctum
3229 4435 3674 4492 descendentem
3708 4440 3769 4490 et

2102 4527 2437 4580 manentem
2467 4537 2648 4592 super
2676 4537 2828 4590 eum,
2860 4522 2956 4579 hic
3003 4528 3087 4579 est
3116 4525 3221 4595 qui
3249 4523 3512 4594 baptizat
3542 4524 3606 4579 in
3635 4522 3771 4592 Spi-

2102 4615 2225 4669 ritu
2254 4598 2461 4669 sancto
2488 4612 2686 4683 (Joan.
2720 4628 2759 4679 ι,
2788 4612 2898 4683 33).
2935 4611 3105 4678 Quod
3134 4612 3420 4668 nimirum
3452 4612 3586 4685 ipsa
3610 4610 3768 4685 bap-

2105 4703 2334 4760 tizantis
2392 4701 2579 4758 verba
2631 4701 2886 4759 ministri
2936 4706 3208 4776 patenter
3250 4702 3579 4769 insinuant,
3622 4718 3768 4758 cum

2100 4792 2384 4866 baptismi
2427 4808 2597 4848 sacra
2625 4808 2880 4848 munera
2908 4808 3032 4849 non
3064 4809 3100 4849 a
3143 4809 3207 4849 se
3234 4798 3583 4872 arroganter
3608 4791 3766 4862 dari,

2103 4882 2213 4939 sed
2254 4881 2332 4938 ab
2374 4881 2506 4954 ipso
2558 4884 2676 4937 Deo
2727 4886 2968 4938 auctore
3016 4881 3347 4955 proﬁtetur,
3400 4882 3513 4938 sub
3568 4881 3769 4938 verbis

2100 4970 2490 5044 hujusmodi:
2536 4972 2692 5028 Deus
2740 4971 2846 5042 qui
2892 4977 2946 5027 te
2994 4973 3369 5041 regeneravit
3417 4987 3491 5029 ea:
3519 4987 3681 5043 aqua
3712 4977 3769 5027 et

2102 5062 2342 5131 spiritu,
2374 5061 2497 5131 ipse
2535 5066 2592 5117 te
2624 5061 2759 5116 linit
2802 5060 3124 5117 chrismate
3160 5062 3396 5118 salutis.
3430 5064 3556 5117 Non
3586 5060 3771 5131 igitur

2103 5149 2387 5207 audiendi
2452 5153 2608 5221 sunt,
2675 5147 2781 5221 qui
2842 5147 3048 5204 dicunt
3113 5148 3191 5205 ad
3255 5148 3439 5205 ﬁdem
3495 5152 3771 5205 nostram

2103 5237 2433 5310 venientes,
2484 5236 2814 5312 specialiter
2875 5236 2954 5293 ab
3014 5237 3259 5294 homine
3310 5236 3619 5310 baptizari,
3672 5236 3771 5293 vel

2104 5327 2468 5384 Christianos
2514 5326 2781 5400 primum
2832 5331 2938 5382 aut
2987 5326 3450 5383 catechumenos
3504 5325 3774 5399 baptiza-

2105 5420 2196 5473 tos
2228 5417 2373 5489 (20):
2406 5416 2573 5489 quod
2600 5415 2848 5489 quidem
2868 5415 3123 5474 haeretici
3153 5416 3228 5472 de
3254 5416 3521 5491 Baptista
3537 5418 3771 5472 Joanne

2105 5541 2760 5624 neutropsurpabant,‘
2782 5540 2863 5597 sic
2891 5541 3109 5616 saepius
3147 5541 3210 5597 in
3240 5539 3769 5599 constitutionibus

2108 5613 2301 5672 Caroli
2328 5613 2524 5684 Magni
2551 5614 2859 5686 reperitur.
