  <div class='ocr_page' id='page_1' title='image "/cluster/home/n/w/nwhite01/storage/ocr_20150623/141/hvd.32044054760012/106.png"; bbox 0 0 4018 6176; ppageno 0'>
   <div class='ocr_carea' id='block_1_1' title="bbox 1757 44 2130 103">
    <p class='ocr_par' dir='ltr' id='par_1_1' title="bbox 1757 44 2130 103">
     <span class='ocr_line' id='line_1_1' title="bbox 1757 44 2130 103; baseline 0.013 -5"><span class='ocrx_word' id='word_1_1' title='bbox 1757 45 1863 100; x_wconf 87' lang='grc' dir='ltr'>ΕΡΙ</span> <span class='ocrx_word' id='word_1_2' title='bbox 1872 44 2130 103; x_wconf 58' lang='grc' dir='ltr'>ΞΤΟΙΑΕ.</span> 
     </span>
    </p>
   </div>
   <div class='ocr_carea' id='block_1_2' title="bbox 201 240 3679 346">
    <p class='ocr_par' dir='ltr' id='par_1_2' title="bbox 201 240 3679 346">
     <span class='ocr_line' id='line_1_2' title="bbox 201 240 3679 346; baseline 0.014 -52"><span class='ocrx_word' id='word_1_3' title='bbox 201 256 334 296; x_wconf 89' lang='lat' dir='ltr'>cere</span> <span class='ocrx_word' id='word_1_4' title='bbox 355 240 593 346; x_wconf 40' lang='lat' dir='ltr'>‘audeat</span> <span class='ocrx_word' id='word_1_5' title='bbox 617 240 672 346; x_wconf 48' lang='lat'>‘2‘</span> <span class='ocrx_word' id='word_1_6' title='bbox 694 242 803 346; x_wconf 86' lang='lat' dir='ltr'>qui</span> <span class='ocrx_word' id='word_1_7' title='bbox 850 244 1061 345; x_wconf 76' lang='lat' dir='ltr'>adhuc</span> <span class='ocrx_word' id='word_1_8' title='bbox 1093 247 1165 346; x_wconf 78' lang='lat' dir='ltr'>in</span> <span class='ocrx_word' id='word_1_9' title='bbox 1187 254 1358 307; x_wconf 83' lang='lat' dir='ltr'>utero</span> <span class='ocrx_word' id='word_1_10' title='bbox 1394 253 1625 346; x_wconf 77' lang='lat' dir='ltr'>matris,</span> <span class='ocrx_word' id='word_1_11' title='bbox 1670 253 1891 346; x_wconf 87' lang='lat' dir='ltr'>Spiritu</span> <span class='ocrx_word' id='word_1_12' title='bbox 1996 260 2140 346; x_wconf 83' lang='lat' dir='ltr'>quia</span> <span class='ocrx_word' id='word_1_13' title='bbox 2166 240 2388 337; x_wconf 69' lang='lat' dir='ltr'>corpus</span> <span class='ocrx_word' id='word_1_14' title='bbox 2420 283 2623 338; x_wconf 90' lang='lat' dir='ltr'>suum,</span> <span class='ocrx_word' id='word_1_15' title='bbox 2645 270 2815 342; x_wconf 91' lang='lat' dir='ltr'>quod</span> <span class='ocrx_word' id='word_1_16' title='bbox 2836 240 3021 329; x_wconf 69' lang='lat' dir='ltr'>semel</span> <span class='ocrx_word' id='word_1_17' title='bbox 3040 240 3152 346; x_wconf 87' lang='lat' dir='ltr'>pro</span> <span class='ocrx_word' id='word_1_18' title='bbox 3182 240 3679 340; x_wconf 36' lang='lat' dir='ltr'>nbbis‘oii&#39;erebuat</span> 
     </span>
    </p>
   </div>
   <div class='ocr_carea' id='block_1_3' title="bbox 200 331 1888 412">
    <p class='ocr_par' dir='ltr' id='par_1_3' title="bbox 200 331 1888 412">
     <span class='ocr_line' id='line_1_3' title="bbox 200 331 1888 412; baseline 0.009 -27"><span class='ocrx_word' id='word_1_19' title='bbox 200 335 410 407; x_wconf 88' lang='lat' dir='ltr'>sancto</span> <span class='ocrx_word' id='word_1_20' title='bbox 432 336 517 387; x_wconf 91' lang='lat' dir='ltr'>est</span> <span class='ocrx_word' id='word_1_21' title='bbox 546 331 832 405; x_wconf 90' lang='lat' dir='ltr'>repletus,</span> <span class='ocrx_word' id='word_1_22' title='bbox 869 334 975 407; x_wconf 85' lang='lat' dir='ltr'>qui</span> <span class='ocrx_word' id='word_1_23' title='bbox 1011 338 1272 406; x_wconf 80' lang='lat' dir='ltr'>gratiam</span> <span class='ocrx_word' id='word_1_24' title='bbox 1299 345 1438 396; x_wconf 83' lang='lat' dir='ltr'><strong>ante</strong></span> <span class='ocrx_word' id='word_1_25' title='bbox 1466 341 1668 412; x_wconf 90' lang='lat' dir='ltr'>vitam,</span> <span class='ocrx_word' id='word_1_26' title='bbox 1703 343 1888 400; x_wconf 91' lang='lat' dir='ltr'>bene-</span> 
     </span>
    </p>
   </div>
   <div class='ocr_carea' id='block_1_4' title="bbox 198 419 1884 505">
    <p class='ocr_par' dir='ltr' id='par_1_4' title="bbox 198 419 1884 505">
     <span class='ocr_line' id='line_1_4' title="bbox 198 419 1884 505; baseline 0.008 -30"><span class='ocrx_word' id='word_1_27' title='bbox 198 419 520 477; x_wconf 81' lang='lat' dir='ltr'>dictionem</span> <span class='ocrx_word' id='word_1_28' title='bbox 546 421 765 478; x_wconf 89' lang='lat' dir='ltr'>meruit</span> <span class='ocrx_word' id='word_1_29' title='bbox 785 422 1039 481; x_wconf 88' lang='lat' dir='ltr'>haurire</span> <span class='ocrx_word' id='word_1_30' title='bbox 1092 432 1424 502; x_wconf 77' lang='lat' dir='ltr'>antequam</span> <span class='ocrx_word' id='word_1_31' title='bbox 1454 430 1654 487; x_wconf 82' lang='lat' dir='ltr'>lucem</span> <span class='ocrx_word' id='word_1_32' title='bbox 1682 432 1710 487; x_wconf 74' lang='lat' dir='ltr'>‘P</span> <span class='ocrx_word' id='word_1_33' title='bbox 1757 433 1884 505; x_wconf 88' lang='lat' dir='ltr'>qui,</span> 
     </span>
    </p>
   </div>
   <div class='ocr_carea' id='block_1_5' title="bbox 197 509 1885 593">
    <p class='ocr_par' dir='ltr' id='par_1_5' title="bbox 197 509 1885 593">
     <span class='ocr_line' id='line_1_5' title="bbox 197 509 1885 593; baseline 0.009 -30"><span class='ocrx_word' id='word_1_34' title='bbox 197 509 277 565; x_wconf 89' lang='lat' dir='ltr'>ad</span> <span class='ocrx_word' id='word_1_35' title='bbox 306 509 675 582; x_wconf 86' lang='lat' dir='ltr'>baptismum</span> <span class='ocrx_word' id='word_1_36' title='bbox 703 511 1073 583; x_wconf 80' lang='lat' dir='ltr'>praelectus</span> <span class='ocrx_word' id='word_1_37' title='bbox 1099 532 1136 572; x_wconf 90' lang='lat' dir='ltr'>a</span> <span class='ocrx_word' id='word_1_38' title='bbox 1154 517 1582 592; x_wconf 90' lang='lat' dir='ltr'>Domino,ipso</span> <span class='ocrx_word' id='word_1_39' title='bbox 1598 519 1885 593; x_wconf 87' lang='lat' dir='ltr'>baptismi</span> 
     </span>
    </p>
   </div>
   <div class='ocr_carea' id='block_1_6' title="bbox 196 599 1884 683">
    <p class='ocr_par' dir='ltr' id='par_1_6' title="bbox 196 599 1884 683">
     <span class='ocr_line' id='line_1_6' title="bbox 196 599 1884 683; baseline 0.008 -28"><span class='ocrx_word' id='word_1_40' title='bbox 196 599 398 656; x_wconf 82' lang='lat' dir='ltr'>ofﬁcio</span> <span class='ocrx_word' id='word_1_41' title='bbox 422 604 510 656; x_wconf 90' lang='lat' dir='ltr'>est</span> <span class='ocrx_word' id='word_1_42' title='bbox 536 601 956 659; x_wconf 88' lang='lat' dir='ltr'>sanctiﬁcatus</span> <span class='ocrx_word' id='word_1_43' title='bbox 985 620 999 659; x_wconf 91' lang='lat'>:</span> <span class='ocrx_word' id='word_1_44' title='bbox 1031 606 1205 677; x_wconf 91' lang='lat' dir='ltr'>quod</span> <span class='ocrx_word' id='word_1_45' title='bbox 1233 607 1484 680; x_wconf 87' lang='lat' dir='ltr'>quidem</span> <span class='ocrx_word' id='word_1_46' title='bbox 1508 610 1884 683; x_wconf 85' lang='lat' dir='ltr'>baptismum</span> 
     </span>
    </p>
   </div>
   <div class='ocr_carea' id='block_1_7' title="bbox 199 688 1883 768">
    <p class='ocr_par' dir='ltr' id='par_1_7' title="bbox 199 688 1883 768">
     <span class='ocr_line' id='line_1_7' title="bbox 199 688 1883 768; baseline 0.007 -24"><span class='ocrx_word' id='word_1_47' title='bbox 199 689 315 745; x_wconf 90' lang='lat' dir='ltr'>sub</span> <span class='ocrx_word' id='word_1_48' title='bbox 335 688 628 746; x_wconf 84' lang='lat' dir='ltr'>Trinitatis</span> <span class='ocrx_word' id='word_1_49' title='bbox 658 698 1055 750; x_wconf 88' lang='lat' dir='ltr'>sacramento</span> <span class='ocrx_word' id='word_1_50' title='bbox 1088 694 1315 752; x_wconf 88' lang='lat' dir='ltr'>factum</span> <span class='ocrx_word' id='word_1_51' title='bbox 1344 696 1563 768; x_wconf 83' lang='lat' dir='ltr'>legitur</span> <span class='ocrx_word' id='word_1_52' title='bbox 1593 717 1607 756; x_wconf 90' lang='lat'><strong>:</strong></span> <span class='ocrx_word' id='word_1_53' title='bbox 1649 700 1883 756; x_wconf 89' lang='lat' dir='ltr'>dicente</span> 
     </span>
    </p>
   </div>
   <div class='ocr_carea' id='block_1_8' title="bbox 198 779 1881 861">
    <p class='ocr_par' dir='ltr' id='par_1_8' title="bbox 198 779 1881 861">
     <span class='ocr_line' id='line_1_8' title="bbox 198 779 1881 861; baseline 0.005 -26"><span class='ocrx_word' id='word_1_54' title='bbox 198 779 362 835; x_wconf 89' lang='lat' dir='ltr'>enim</span> <span class='ocrx_word' id='word_1_55' title='bbox 393 780 671 837; x_wconf 89' lang='lat' dir='ltr'>Domino:</span> <span class='ocrx_word' id='word_1_56' title='bbox 705 782 827 837; x_wconf 80' lang='lat' dir='ltr'>Hic</span> <span class='ocrx_word' id='word_1_57' title='bbox 850 789 942 839; x_wconf 88' lang='lat' dir='ltr'>est</span> <span class='ocrx_word' id='word_1_58' title='bbox 966 785 1141 853; x_wconf 78' lang='lat' dir='ltr'>ﬁlius</span> <span class='ocrx_word' id='word_1_59' title='bbox 1170 801 1335 843; x_wconf 82' lang='lat' dir='ltr'>meus</span> <span class='ocrx_word' id='word_1_60' title='bbox 1364 788 1620 845; x_wconf 80' lang='lat' dir='ltr'>dilectus</span> <span class='ocrx_word' id='word_1_61' title='bbox 1641 790 1881 861; x_wconf 83' lang='lat' dir='ltr'>(Matth.</span> 
     </span>
    </p>
   </div>
   <div class='ocr_carea' id='block_1_9' title="bbox 197 867 1883 950">
    <p class='ocr_par' dir='ltr' id='par_1_9' title="bbox 197 867 1883 950">
     <span class='ocr_line' id='line_1_9' title="bbox 197 867 1883 950; baseline 0.008 -29"><span class='ocrx_word' id='word_1_62' title='bbox 197 883 338 933; x_wconf 80' lang='lat' dir='ltr'>xvii,</span> <span class='ocrx_word' id='word_1_63' title='bbox 372 868 444 940; x_wconf 78' lang='grc' dir='ltr'>ὅ).</span> <span class='ocrx_word' id='word_1_64' title='bbox 478 870 646 924; x_wconf 87' lang='lat' dir='ltr'>Pater</span> <span class='ocrx_word' id='word_1_65' title='bbox 691 867 753 924; x_wconf 91' lang='lat' dir='ltr'>in</span> <span class='ocrx_word' id='word_1_66' title='bbox 783 886 966 941; x_wconf 87' lang='lat' dir='ltr'>voce,</span> <span class='ocrx_word' id='word_1_67' title='bbox 1003 872 1262 945; x_wconf 84' lang='lat' dir='ltr'>Spiritus</span> <span class='ocrx_word' id='word_1_68' title='bbox 1306 880 1550 932; x_wconf 90' lang='lat' dir='ltr'>sanctus</span> <span class='ocrx_word' id='word_1_69' title='bbox 1591 877 1654 932; x_wconf 90' lang='lat' dir='ltr'>in</span> <span class='ocrx_word' id='word_1_70' title='bbox 1686 877 1883 950; x_wconf 86' lang='lat' dir='ltr'>specie</span> 
     </span>
    </p>
   </div>
   <div class='ocr_carea' id='block_1_10' title="bbox 200 956 1879 1040">
    <p class='ocr_par' dir='ltr' id='par_1_10' title="bbox 200 956 1879 1040">
     <span class='ocr_line' id='line_1_10' title="bbox 200 956 1879 1040; baseline 0.007 -28"><span class='ocrx_word' id='word_1_71' title='bbox 200 956 516 1025; x_wconf 89' lang='lat' dir='ltr'>columba,</span> <span class='ocrx_word' id='word_1_72' title='bbox 566 957 746 1014; x_wconf 81' lang='lat' dir='ltr'>Filius</span> <span class='ocrx_word' id='word_1_73' title='bbox 804 959 1090 1018; x_wconf 87' lang='lat' dir='ltr'>adfuisse</span> <span class='ocrx_word' id='word_1_74' title='bbox 1148 963 1448 1036; x_wconf 83' lang='lat' dir='ltr'>probatur</span> <span class='ocrx_word' id='word_1_75' title='bbox 1491 965 1553 1022; x_wconf 92' lang='lat' dir='ltr'>in</span> <span class='ocrx_word' id='word_1_76' title='bbox 1612 982 1879 1040; x_wconf 86' lang='lat' dir='ltr'>corpore.</span> 
     </span>
    </p>
   </div>
   <div class='ocr_carea' id='block_1_11' title="bbox 199 1047 1882 1125">
    <p class='ocr_par' dir='ltr' id='par_1_11' title="bbox 199 1047 1882 1125">
     <span class='ocr_line' id='line_1_11' title="bbox 199 1047 1882 1125; baseline 0.006 -23"><span class='ocrx_word' id='word_1_77' title='bbox 199 1049 501 1103; x_wconf 89' lang='lat' dir='ltr'>Postremo</span> <span class='ocrx_word' id='word_1_78' title='bbox 543 1047 619 1104; x_wconf 91' lang='lat' dir='ltr'>de</span> <span class='ocrx_word' id='word_1_79' title='bbox 646 1048 1107 1107; x_wconf 88' lang='lat' dir='ltr'>catechumeno</span> <span class='ocrx_word' id='word_1_80' title='bbox 1147 1053 1413 1125; x_wconf 87' lang='lat' dir='ltr'>Baptista</span> <span class='ocrx_word' id='word_1_81' title='bbox 1453 1070 1578 1112; x_wconf 90' lang='lat' dir='ltr'>non</span> <span class='ocrx_word' id='word_1_82' title='bbox 1607 1071 1740 1122; x_wconf 90' lang='lat' dir='ltr'>nos,</span> <span class='ocrx_word' id='word_1_83' title='bbox 1775 1055 1882 1112; x_wconf 89' lang='lat' dir='ltr'>sed</span> 
     </span>
    </p>
   </div>
   <div class='ocr_carea' id='block_1_12' title="bbox 198 1136 1883 1211">
    <p class='ocr_par' dir='ltr' id='par_1_12' title="bbox 198 1136 1883 1211">
     <span class='ocr_line' id='line_1_12' title="bbox 198 1136 1883 1211; baseline 0.005 -20"><span class='ocrx_word' id='word_1_84' title='bbox 198 1136 403 1210; x_wconf 90' lang='lat' dir='ltr'>ipsum</span> <span class='ocrx_word' id='word_1_85' title='bbox 428 1136 810 1211; x_wconf 87' lang='lat' dir='ltr'>baptismatis</span> <span class='ocrx_word' id='word_1_86' title='bbox 859 1139 1327 1199; x_wconf 90' lang='lat' dir='ltr'>calumniantur</span> <span class='ocrx_word' id='word_1_87' title='bbox 1366 1148 1693 1201; x_wconf 85' lang='lat' dir='ltr'>auctorem.</span> <span class='ocrx_word' id='word_1_88' title='bbox 1736 1148 1883 1202; x_wconf 89' lang='lat' dir='ltr'>Nos-</span> 
     </span>
    </p>
   </div>
   <div class='ocr_carea' id='block_1_13' title="bbox 198 1224 1882 1307">
    <p class='ocr_par' dir='ltr' id='par_1_13' title="bbox 198 1224 1882 1307">
     <span class='ocr_line' id='line_1_13' title="bbox 198 1224 1882 1307; baseline 0.008 -30"><span class='ocrx_word' id='word_1_89' title='bbox 198 1226 358 1279; x_wconf 84' lang='lat' dir='ltr'>trum</span> <span class='ocrx_word' id='word_1_90' title='bbox 378 1240 517 1281; x_wconf 85' lang='lat' dir='ltr'>vero</span> <span class='ocrx_word' id='word_1_91' title='bbox 535 1224 928 1301; x_wconf 83' lang='lat' dir='ltr'>baptismum</span> <span class='ocrx_word' id='word_1_92' title='bbox 956 1230 1237 1288; x_wconf 89' lang='lat' dir='ltr'>conditor</span> <span class='ocrx_word' id='word_1_93' title='bbox 1257 1247 1328 1289; x_wconf 90' lang='lat' dir='ltr'>ac</span> <span class='ocrx_word' id='word_1_94' title='bbox 1348 1233 1693 1307; x_wconf 83' lang='lat' dir='ltr'>redemptor</span> <span class='ocrx_word' id='word_1_95' title='bbox 1719 1234 1882 1290; x_wconf 91' lang='lat' dir='ltr'>insti-</span> 
     </span>
    </p>
   </div>
   <div class='ocr_carea' id='block_1_14' title="bbox 198 1312 1883 1393">
    <p class='ocr_par' dir='ltr' id='par_1_14' title="bbox 198 1312 1883 1393">
     <span class='ocr_line' id='line_1_14' title="bbox 198 1312 1883 1393; baseline 0.008 -26"><span class='ocrx_word' id='word_1_96' title='bbox 198 1312 307 1368; x_wconf 86' lang='lat' dir='ltr'>tuit</span> <span class='ocrx_word' id='word_1_97' title='bbox 334 1312 568 1370; x_wconf 87' lang='lat' dir='ltr'>dicens:</span> <span class='ocrx_word' id='word_1_98' title='bbox 596 1316 707 1386; x_wconf 88' lang='lat' dir='ltr'>Ite,</span> <span class='ocrx_word' id='word_1_99' title='bbox 743 1317 1065 1387; x_wconf 73' lang='lat' dir='ltr'>baptizata</span> <span class='ocrx_word' id='word_1_100' title='bbox 1091 1336 1290 1379; x_wconf 88' lang='lat' dir='ltr'>omnes</span> <span class='ocrx_word' id='word_1_101' title='bbox 1318 1328 1524 1393; x_wconf 78' lang='lat' dir='ltr'>gentes</span> <span class='ocrx_word' id='word_1_102' title='bbox 1552 1325 1616 1380; x_wconf 86' lang='lat' dir='ltr'>in</span> <span class='ocrx_word' id='word_1_103' title='bbox 1644 1324 1883 1381; x_wconf 82' lang='lat' dir='ltr'>nomine</span> 
     </span>
    </p>
   </div>
   <div class='ocr_carea' id='block_1_15' title="bbox 196 1402 1878 1483">
    <p class='ocr_par' dir='ltr' id='par_1_15' title="bbox 196 1402 1878 1483">
     <span class='ocr_line' id='line_1_15' title="bbox 196 1402 1878 1483; baseline 0.006 -25"><span class='ocrx_word' id='word_1_104' title='bbox 196 1402 422 1473; x_wconf 78' lang='lat' dir='ltr'>Patris,</span> <span class='ocrx_word' id='word_1_105' title='bbox 467 1410 523 1460; x_wconf 87' lang='lat' dir='ltr'>et</span> <span class='ocrx_word' id='word_1_106' title='bbox 564 1405 728 1474; x_wconf 82' lang='lat' dir='ltr'>Filii,</span> <span class='ocrx_word' id='word_1_107' title='bbox 756 1412 816 1463; x_wconf 84' lang='lat' dir='ltr'>et</span> <span class='ocrx_word' id='word_1_108' title='bbox 846 1407 1130 1477; x_wconf 82' lang='lat' dir='ltr'>Spiritus</span> <span class='ocrx_word' id='word_1_109' title='bbox 1172 1412 1374 1468; x_wconf 83' lang='lat' dir='ltr'>sancti</span> <span class='ocrx_word' id='word_1_110' title='bbox 1398 1411 1641 1483; x_wconf 82' lang='lat' dir='ltr'>(Matth.</span> <span class='ocrx_word' id='word_1_111' title='bbox 1673 1429 1878 1483; x_wconf 81' lang='lat' dir='ltr'>xxvm,</span> 
     </span>
    </p>
   </div>
   <div class='ocr_carea' id='block_1_16' title="bbox 1995 343 3672 426">
    <p class='ocr_par' dir='ltr' id='par_1_16' title="bbox 1995 343 3672 426">
     <span class='ocr_line' id='line_1_16' title="bbox 1995 343 3672 426; baseline 0.016 -28"><span class='ocrx_word' id='word_1_112' title='bbox 1995 343 2057 399; x_wconf 90' lang='lat' dir='ltr'>in</span> <span class='ocrx_word' id='word_1_113' title='bbox 2084 348 2365 417; x_wconf 88' lang='lat' dir='ltr'>pretium,</span> <span class='ocrx_word' id='word_1_114' title='bbox 2388 350 2572 423; x_wconf 90' lang='lat' dir='ltr'>paulo</span> <span class='ocrx_word' id='word_1_115' title='bbox 2598 351 2736 426; x_wconf 89' lang='lat' dir='ltr'>post</span> <span class='ocrx_word' id='word_1_116' title='bbox 2763 370 2801 410; x_wconf 88' lang='lat' dir='ltr'>a</span> <span class='ocrx_word' id='word_1_117' title='bbox 2824 343 3300 414; x_wconf 53' lang='lat' dir='ltr'>nostris—visibus</span> <span class='ocrx_word' id='word_1_118' title='bbox 3325 362 3672 423; x_wconf 78' lang='lat' dir='ltr'>sublaturus</span> 
     </span>
    </p>
   </div>
   <div class='ocr_carea' id='block_1_17' title="bbox 1996 427 3673 514">
    <p class='ocr_par' dir='ltr' id='par_1_17' title="bbox 1996 427 3673 514">
     <span class='ocr_line' id='line_1_17' title="bbox 1996 427 3673 514; baseline 0.014 -31"><span class='ocrx_word' id='word_1_119' title='bbox 1996 427 2195 487; x_wconf 77' lang='lat' dir='ltr'>fuerat</span> <span class='ocrx_word' id='word_1_120' title='bbox 2228 432 2292 488; x_wconf 91' lang='lat' dir='ltr'>in</span> <span class='ocrx_word' id='word_1_121' title='bbox 2323 435 2565 504; x_wconf 80' lang='lat' dir='ltr'>calum,</span> <span class='ocrx_word' id='word_1_122' title='bbox 2596 453 2671 493; x_wconf 92' lang='lat' dir='ltr'>ne</span> <span class='ocrx_word' id='word_1_123' title='bbox 2703 437 2923 495; x_wconf 84' lang='lat' dir='ltr'>sublati</span> <span class='ocrx_word' id='word_1_124' title='bbox 2950 441 3219 514; x_wconf 89' lang='lat' dir='ltr'>corporis</span> <span class='ocrx_word' id='word_1_125' title='bbox 3253 434 3673 506; x_wconf 74' lang='lat' dir='ltr'>fraudaremur</span> 
     </span>
    </p>
   </div>
   <div class='ocr_carea' id='block_1_18' title="bbox 1993 521 3667 600">
    <p class='ocr_par' dir='ltr' id='par_1_18' title="bbox 1993 521 3667 600">
     <span class='ocr_line' id='line_1_18' title="bbox 1993 521 3667 600; baseline 0.013 -27"><span class='ocrx_word' id='word_1_126' title='bbox 1993 521 2275 590; x_wconf 83' lang='lat' dir='ltr'>prasenti</span> <span class='ocrx_word' id='word_1_127' title='bbox 2321 523 2675 590; x_wconf 87' lang='lat' dir='ltr'>munimine,</span> <span class='ocrx_word' id='word_1_128' title='bbox 2720 528 2990 600; x_wconf 91' lang='lat' dir='ltr'>corporis</span> <span class='ocrx_word' id='word_1_129' title='bbox 3018 530 3417 591; x_wconf 88' lang='lat' dir='ltr'>nihilominus</span> <span class='ocrx_word' id='word_1_130' title='bbox 3449 543 3504 594; x_wconf 90' lang='lat' dir='ltr'>et</span> <span class='ocrx_word' id='word_1_131' title='bbox 3532 556 3667 594; x_wconf 85' lang='lat' dir='ltr'>san-</span> 
     </span>
    </p>
   </div>
   <div class='ocr_carea' id='block_1_19' title="bbox 1994 605 3662 691">
    <p class='ocr_par' dir='ltr' id='par_1_19' title="bbox 1994 605 3662 691">
     <span class='ocr_line' id='line_1_19' title="bbox 1994 605 3662 691; baseline 0.013 -30"><span class='ocrx_word' id='word_1_132' title='bbox 1994 605 2192 676; x_wconf 81' lang='lat' dir='ltr'>guinis</span> <span class='ocrx_word' id='word_1_133' title='bbox 2223 609 2319 665; x_wconf 90' lang='lat' dir='ltr'>sui</span> <span class='ocrx_word' id='word_1_134' title='bbox 2350 610 2571 683; x_wconf 87' lang='lat' dir='ltr'>pignus</span> <span class='ocrx_word' id='word_1_135' title='bbox 2593 612 2852 670; x_wconf 90' lang='lat' dir='ltr'>salutare</span> <span class='ocrx_word' id='word_1_136' title='bbox 2878 615 3054 672; x_wconf 89' lang='lat' dir='ltr'>nobis</span> <span class='ocrx_word' id='word_1_137' title='bbox 3083 617 3343 691; x_wconf 85' lang='lat' dir='ltr'>reliquit,</span> <span class='ocrx_word' id='word_1_138' title='bbox 3378 639 3500 680; x_wconf 88' lang='lat' dir='ltr'>non</span> <span class='ocrx_word' id='word_1_139' title='bbox 3533 627 3662 681; x_wconf 88' lang='lat' dir='ltr'>ina-</span> 
     </span>
    </p>
   </div>
   <div class='ocr_carea' id='block_1_20' title="bbox 1992 694 3661 786">
    <p class='ocr_par' dir='ltr' id='par_1_20' title="bbox 1992 694 3661 786">
     <span class='ocr_line' id='line_1_20' title="bbox 1992 694 3661 786; baseline 0.012 -37"><span class='ocrx_word' id='word_1_140' title='bbox 1992 694 2087 751; x_wconf 91' lang='lat' dir='ltr'>nis</span> <span class='ocrx_word' id='word_1_141' title='bbox 2116 700 2389 771; x_wconf 84' lang='lat' dir='ltr'>mysterii</span> <span class='ocrx_word' id='word_1_142' title='bbox 2417 702 2785 773; x_wconf 85' lang='lat' dir='ltr'>symbolum,</span> <span class='ocrx_word' id='word_1_143' title='bbox 2820 704 2925 760; x_wconf 89' lang='lat' dir='ltr'>sed</span> <span class='ocrx_word' id='word_1_144' title='bbox 2947 708 3411 780; x_wconf 82' lang='lat' dir='ltr'>compaginante</span> <span class='ocrx_word' id='word_1_145' title='bbox 3445 715 3661 786; x_wconf 81' lang='lat' dir='ltr'>Spiritu</span> 
     </span>
    </p>
   </div>
   <div class='ocr_carea' id='block_1_21' title="bbox 1995 790 3661 870">
    <p class='ocr_par' dir='ltr' id='par_1_21' title="bbox 1995 790 3661 870">
     <span class='ocr_line' id='line_1_21' title="bbox 1995 790 3661 870; baseline 0.011 -31"><span class='ocrx_word' id='word_1_146' title='bbox 1995 791 2206 843; x_wconf 90' lang='lat' dir='ltr'>sancto</span> <span class='ocrx_word' id='word_1_147' title='bbox 2233 804 2456 861; x_wconf 88' lang='lat' dir='ltr'>corpus</span> <span class='ocrx_word' id='word_1_148' title='bbox 2478 790 2688 848; x_wconf 86' lang='lat' dir='ltr'>Christi</span> <span class='ocrx_word' id='word_1_149' title='bbox 2719 809 2951 864; x_wconf 86' lang='lat' dir='ltr'>verum,</span> <span class='ocrx_word' id='word_1_150' title='bbox 2987 795 3153 868; x_wconf 91' lang='lat' dir='ltr'>quod</span> <span class='ocrx_word' id='word_1_151' title='bbox 3184 798 3536 870; x_wconf 82' lang='lat' dir='ltr'>quotidiana</span> <span class='ocrx_word' id='word_1_152' title='bbox 3561 818 3661 857; x_wconf 88' lang='lat' dir='ltr'>ve-</span> 
     </span>
    </p>
   </div>
   <div class='ocr_carea' id='block_1_22' title="bbox 1993 874 3660 947">
    <p class='ocr_par' dir='ltr' id='par_1_22' title="bbox 1993 874 3660 947">
     <span class='ocr_line' id='line_1_22' title="bbox 1993 874 3660 947; baseline 0.01 -18"><span class='ocrx_word' id='word_1_153' title='bbox 1993 874 2329 947; x_wconf 89' lang='lat' dir='ltr'>neratione,</span> <span class='ocrx_word' id='word_1_154' title='bbox 2364 879 2478 934; x_wconf 91' lang='lat' dir='ltr'>sub</span> <span class='ocrx_word' id='word_1_155' title='bbox 2509 878 2726 936; x_wconf 87' lang='lat' dir='ltr'>visibili</span> <span class='ocrx_word' id='word_1_156' title='bbox 2751 886 3039 939; x_wconf 86' lang='lat' dir='ltr'>creatura</span> <span class='ocrx_word' id='word_1_157' title='bbox 3068 883 3265 941; x_wconf 88' lang='lat' dir='ltr'>forma</span> <span class='ocrx_word' id='word_1_158' title='bbox 3289 884 3660 945; x_wconf 86' lang='lat' dir='ltr'>invisibiliter</span> 
     </span>
    </p>
   </div>
   <div class='ocr_carea' id='block_1_23' title="bbox 1991 963 3658 1049">
    <p class='ocr_par' dir='ltr' id='par_1_23' title="bbox 1991 963 3658 1049">
     <span class='ocr_line' id='line_1_23' title="bbox 1991 963 3658 1049; baseline 0.01 -31"><span class='ocrx_word' id='word_1_159' title='bbox 1991 963 2180 1021; x_wconf 87' lang='lat' dir='ltr'>virtus</span> <span class='ocrx_word' id='word_1_160' title='bbox 2234 971 2461 1024; x_wconf 89' lang='lat' dir='ltr'>secreta</span> <span class='ocrx_word' id='word_1_161' title='bbox 2491 967 2553 1024; x_wconf 92' lang='lat' dir='ltr'>in</span> <span class='ocrx_word' id='word_1_162' title='bbox 2584 970 2770 1026; x_wconf 86' lang='lat' dir='ltr'>sacris</span> <span class='ocrx_word' id='word_1_163' title='bbox 2822 970 3194 1029; x_wconf 83' lang='lat' dir='ltr'>solemnibus</span> <span class='ocrx_word' id='word_1_164' title='bbox 3225 980 3525 1049; x_wconf 88' lang='lat' dir='ltr'>operatur.</span> <span class='ocrx_word' id='word_1_165' title='bbox 3577 980 3658 1034; x_wconf 91' lang='lat' dir='ltr'>De</span> 
     </span>
    </p>
   </div>
   <div class='ocr_carea' id='block_1_24' title="bbox 1994 1053 3659 1135">
    <p class='ocr_par' dir='ltr' id='par_1_24' title="bbox 1994 1053 3659 1135">
     <span class='ocr_line' id='line_1_24' title="bbox 1994 1053 3659 1135; baseline 0.008 -27"><span class='ocrx_word' id='word_1_166' title='bbox 1994 1067 2119 1125; x_wconf 89' lang='lat' dir='ltr'>quo</span> <span class='ocrx_word' id='word_1_167' title='bbox 2140 1053 2257 1110; x_wconf 91' lang='lat' dir='ltr'>sub</span> <span class='ocrx_word' id='word_1_168' title='bbox 2282 1055 2431 1112; x_wconf 89' lang='lat' dir='ltr'>hora</span> <span class='ocrx_word' id='word_1_169' title='bbox 2460 1058 2763 1130; x_wconf 87' lang='lat' dir='ltr'>passionis</span> <span class='ocrx_word' id='word_1_170' title='bbox 2791 1077 2913 1116; x_wconf 82' lang='lat' dir='ltr'>sua</span> <span class='ocrx_word' id='word_1_171' title='bbox 2945 1060 3071 1135; x_wconf 91' lang='lat' dir='ltr'>ipse</span> <span class='ocrx_word' id='word_1_172' title='bbox 3099 1060 3495 1121; x_wconf 85' lang='lat' dir='ltr'>familiaribus</span> <span class='ocrx_word' id='word_1_173' title='bbox 3535 1065 3659 1121; x_wconf 90' lang='lat' dir='ltr'>suis</span> 
     </span>
    </p>
   </div>
   <div class='ocr_carea' id='block_1_25' title="bbox 1990 1140 3661 1223">
    <p class='ocr_par' dir='ltr' id='par_1_25' title="bbox 1990 1140 3661 1223">
     <span class='ocr_line' id='line_1_25' title="bbox 1990 1140 3661 1223; baseline 0.007 -25"><span class='ocrx_word' id='word_1_174' title='bbox 1990 1140 2072 1198; x_wconf 86' lang='lat' dir='ltr'>ait</span> <span class='ocrx_word' id='word_1_175' title='bbox 2103 1161 2115 1199; x_wconf 90' lang='lat'><strong>:</strong></span> <span class='ocrx_word' id='word_1_176' title='bbox 2166 1146 2303 1201; x_wconf 86' lang='lat' dir='ltr'>Hoc</span> <span class='ocrx_word' id='word_1_177' title='bbox 2356 1151 2442 1202; x_wconf 84' lang='lat' dir='ltr'>est</span> <span class='ocrx_word' id='word_1_178' title='bbox 2483 1163 2699 1217; x_wconf 79' lang='lat' dir='ltr'>corpus</span> <span class='ocrx_word' id='word_1_179' title='bbox 2729 1165 2922 1205; x_wconf 81' lang='lat' dir='ltr'>meum</span> <span class='ocrx_word' id='word_1_180' title='bbox 2952 1151 3195 1222; x_wconf 82' lang='lat' dir='ltr'>(Matth.</span> <span class='ocrx_word' id='word_1_181' title='bbox 3247 1170 3407 1221; x_wconf 73' lang='lat' dir='ltr'>xxvx,</span> <span class='ocrx_word' id='word_1_182' title='bbox 3440 1158 3528 1223; x_wconf 79' lang='lat'>26)</span> <span class='ocrx_word' id='word_1_183' title='bbox 3556 1173 3569 1222; x_wconf 90' lang='lat'><strong>;</strong></span> <span class='ocrx_word' id='word_1_184' title='bbox 3602 1159 3661 1210; x_wconf 91' lang='lat' dir='ltr'>et</span> 
     </span>
    </p>
   </div>
   <div class='ocr_carea' id='block_1_26' title="bbox 1990 1231 3654 1316">
    <p class='ocr_par' dir='ltr' id='par_1_26' title="bbox 1990 1231 3654 1316">
     <span class='ocr_line' id='line_1_26' title="bbox 1990 1231 3654 1316; baseline 0.008 -29"><span class='ocrx_word' id='word_1_185' title='bbox 1990 1231 2173 1304; x_wconf 91' lang='lat' dir='ltr'>paulo</span> <span class='ocrx_word' id='word_1_186' title='bbox 2192 1239 2362 1306; x_wconf 89' lang='lat' dir='ltr'>post:</span> <span class='ocrx_word' id='word_1_187' title='bbox 2395 1236 2512 1291; x_wconf 84' lang='lat' dir='ltr'>Hic</span> <span class='ocrx_word' id='word_1_188' title='bbox 2534 1243 2617 1292; x_wconf 82' lang='lat' dir='ltr'>est</span> <span class='ocrx_word' id='word_1_189' title='bbox 2638 1239 2883 1308; x_wconf 80' lang='lat' dir='ltr'>sanguis</span> <span class='ocrx_word' id='word_1_190' title='bbox 2908 1255 3071 1296; x_wconf 83' lang='lat' dir='ltr'>meus</span> <span class='ocrx_word' id='word_1_191' title='bbox 3094 1241 3253 1298; x_wconf 84' lang='lat' dir='ltr'>Novi</span> <span class='ocrx_word' id='word_1_192' title='bbox 3278 1244 3654 1316; x_wconf 84' lang='lat' dir='ltr'>Tcstamenti,</span> 
     </span>
    </p>
   </div>
   <div class='ocr_carea' id='block_1_27' title="bbox 1991 1322 3661 1402">
    <p class='ocr_par' dir='ltr' id='par_1_27' title="bbox 1991 1322 3661 1402">
     <span class='ocr_line' id='line_1_27' title="bbox 1991 1322 3661 1402; baseline 0.008 -28"><span class='ocrx_word' id='word_1_193' title='bbox 1991 1322 2099 1392; x_wconf 79' lang='lat' dir='ltr'>qui</span> <span class='ocrx_word' id='word_1_194' title='bbox 2119 1337 2237 1391; x_wconf 79' lang='lat' dir='ltr'>pro</span> <span class='ocrx_word' id='word_1_195' title='bbox 2282 1324 2444 1380; x_wconf 84' lang='lat' dir='ltr'>vobis</span> <span class='ocrx_word' id='word_1_196' title='bbox 2485 1325 2782 1394; x_wconf 77' lang='lat' dir='ltr'>fundetm&#39;</span> <span class='ocrx_word' id='word_1_197' title='bbox 2828 1326 3024 1398; x_wconf 81' lang='lat' dir='ltr'>(Ibid.,</span> <span class='ocrx_word' id='word_1_198' title='bbox 3057 1332 3180 1402; x_wconf 81' lang='lat'>28);</span> <span class='ocrx_word' id='word_1_199' title='bbox 3223 1335 3278 1385; x_wconf 92' lang='lat' dir='ltr'>et</span> <span class='ocrx_word' id='word_1_200' title='bbox 3322 1330 3501 1386; x_wconf 87' lang='lat' dir='ltr'>alibi:</span> <span class='ocrx_word' id='word_1_201' title='bbox 3543 1333 3661 1399; x_wconf 82' lang='lat' dir='ltr'>Qui</span> 
     </span>
    </p>
   </div>
   <div class='ocr_carea' id='block_1_28' title="bbox 1990 1412 3652 1490">
    <p class='ocr_par' dir='ltr' id='par_1_28' title="bbox 1990 1412 3652 1490">
     <span class='ocr_line' id='line_1_28' title="bbox 1990 1412 3652 1490; baseline 0.007 -25"><span class='ocrx_word' id='word_1_202' title='bbox 1990 1412 2323 1468; x_wconf 83' lang='lat' dir='ltr'>manducat</span> <span class='ocrx_word' id='word_1_203' title='bbox 2342 1428 2531 1469; x_wconf 83' lang='lat' dir='ltr'>meam</span> <span class='ocrx_word' id='word_1_204' title='bbox 2552 1429 2813 1483; x_wconf 79' lang='lat' dir='ltr'>carnem,</span> <span class='ocrx_word' id='word_1_205' title='bbox 2829 1422 2881 1472; x_wconf 86' lang='lat' dir='ltr'>et</span> <span class='ocrx_word' id='word_1_206' title='bbox 2912 1417 3052 1473; x_wconf 84' lang='lat' dir='ltr'>bibit</span> <span class='ocrx_word' id='word_1_207' title='bbox 3068 1434 3261 1475; x_wconf 83' lang='lat' dir='ltr'>meum</span> <span class='ocrx_word' id='word_1_208' title='bbox 3278 1421 3652 1490; x_wconf 82' lang='lat' dir='ltr'>sanguinem,</span> 
     </span>
    </p>
   </div>
   <div class='ocr_carea' id='block_1_29' title="bbox 203 1492 3655 1581">
    <p class='ocr_par' dir='ltr' id='par_1_29' title="bbox 203 1492 3655 1581">
     <span class='ocr_line' id='line_1_29' title="bbox 203 1492 3655 1581; baseline 0.005 -34"><span class='ocrx_word' id='word_1_209' title='bbox 203 1492 309 1563; x_wconf 73' lang='lat'>{9).</span> <span class='ocrx_word' id='word_1_210' title='bbox 339 1496 403 1548; x_wconf 88' lang='lat' dir='ltr'>In</span> <span class='ocrx_word' id='word_1_211' title='bbox 438 1509 559 1567; x_wconf 92' lang='lat' dir='ltr'>quo</span> <span class='ocrx_word' id='word_1_212' title='bbox 589 1510 733 1552; x_wconf 90' lang='lat' dir='ltr'>sane</span> <span class='ocrx_word' id='word_1_213' title='bbox 761 1497 1090 1568; x_wconf 88' lang='lat' dir='ltr'>mysterio,</span> <span class='ocrx_word' id='word_1_214' title='bbox 1125 1499 1378 1572; x_wconf 89' lang='lat' dir='ltr'>Spiritus</span> <span class='ocrx_word' id='word_1_215' title='bbox 1428 1507 1671 1559; x_wconf 91' lang='lat' dir='ltr'>sanctus</span> <span class='ocrx_word' id='word_1_216' title='bbox 1724 1502 1878 1560; x_wconf 86' lang='lat' dir='ltr'>Patri</span> <span class='ocrx_word' id='word_1_217' title='bbox 1911 1520 1952 1576; x_wconf 79' lang='grc' dir='ltr'><strong>Β</strong></span> <span class='ocrx_word' id='word_1_218' title='bbox 1990 1499 2054 1554; x_wconf 86' lang='lat' dir='ltr'>in</span> <span class='ocrx_word' id='word_1_219' title='bbox 2085 1516 2179 1557; x_wconf 88' lang='lat' dir='ltr'>me</span> <span class='ocrx_word' id='word_1_220' title='bbox 2208 1505 2430 1572; x_wconf 88' lang='lat' dir='ltr'>manet,</span> <span class='ocrx_word' id='word_1_221' title='bbox 2458 1507 2512 1558; x_wconf 82' lang='lat' dir='ltr'>et</span> <span class='ocrx_word' id='word_1_222' title='bbox 2544 1517 2649 1573; x_wconf 85' lang='lat' dir='ltr'>ego</span> <span class='ocrx_word' id='word_1_223' title='bbox 2707 1505 2770 1559; x_wconf 84' lang='lat' dir='ltr'>in</span> <span class='ocrx_word' id='word_1_224' title='bbox 2814 1519 2878 1561; x_wconf 89' lang='lat' dir='ltr'>eo</span> <span class='ocrx_word' id='word_1_225' title='bbox 2910 1506 3186 1577; x_wconf 67' lang='lat' dir='ltr'>(Joanm,</span> <span class='ocrx_word' id='word_1_226' title='bbox 3234 1512 3320 1575; x_wconf 79' lang='lat'>55,</span> <span class='ocrx_word' id='word_1_227' title='bbox 3370 1509 3480 1581; x_wconf 79' lang='lat'>57).</span> <span class='ocrx_word' id='word_1_228' title='bbox 3525 1510 3655 1575; x_wconf 87' lang='lat' dir='ltr'>Qua</span> 
     </span>
    </p>
   </div>
   <div class='ocr_carea' id='block_1_30' title="bbox 196 1582 1880 1666">
    <p class='ocr_par' dir='ltr' id='par_1_30' title="bbox 196 1582 1880 1666">
     <span class='ocr_line' id='line_1_30' title="bbox 196 1582 1880 1666; baseline 0.008 -30"><span class='ocrx_word' id='word_1_229' title='bbox 196 1585 255 1637; x_wconf 90' lang='lat' dir='ltr'>et</span> <span class='ocrx_word' id='word_1_230' title='bbox 286 1582 422 1638; x_wconf 82' lang='lat' dir='ltr'>Filio</span> <span class='ocrx_word' id='word_1_231' title='bbox 450 1583 841 1659; x_wconf 90' lang='lat' dir='ltr'>inseparabili</span> <span class='ocrx_word' id='word_1_232' title='bbox 897 1586 1191 1645; x_wconf 87' lang='lat' dir='ltr'>societate</span> <span class='ocrx_word' id='word_1_233' title='bbox 1222 1591 1619 1661; x_wconf 88' lang='lat' dir='ltr'>connectitur,</span> <span class='ocrx_word' id='word_1_234' title='bbox 1653 1595 1711 1649; x_wconf 91' lang='lat' dir='ltr'>et</span> <span class='ocrx_word' id='word_1_235' title='bbox 1738 1607 1880 1666; x_wconf 88' lang='lat' dir='ltr'>pro-</span> 
     </span>
    </p>
   </div>
   <div class='ocr_carea' id='block_1_31' title="bbox 195 1671 1882 1744">
    <p class='ocr_par' dir='ltr' id='par_1_31' title="bbox 195 1671 1882 1744">
     <span class='ocr_line' id='line_1_31' title="bbox 195 1671 1882 1744; baseline 0.005 -17"><span class='ocrx_word' id='word_1_236' title='bbox 195 1676 401 1744; x_wconf 89' lang='lat' dir='ltr'>pterea</span> <span class='ocrx_word' id='word_1_237' title='bbox 428 1671 488 1729; x_wconf 90' lang='lat' dir='ltr'>in</span> <span class='ocrx_word' id='word_1_238' title='bbox 513 1672 739 1730; x_wconf 88' lang='lat' dir='ltr'>Christo</span> <span class='ocrx_word' id='word_1_239' title='bbox 770 1673 979 1730; x_wconf 88' lang='lat' dir='ltr'>renati</span> <span class='ocrx_word' id='word_1_240' title='bbox 1000 1675 1212 1733; x_wconf 89' lang='lat' dir='ltr'>merito</span> <span class='ocrx_word' id='word_1_241' title='bbox 1235 1693 1379 1735; x_wconf 92' lang='lat' dir='ltr'>eum</span> <span class='ocrx_word' id='word_1_242' title='bbox 1407 1679 1543 1736; x_wconf 86' lang='lat' dir='ltr'>vita</span> <span class='ocrx_word' id='word_1_243' title='bbox 1573 1684 1882 1738; x_wconf 88' lang='lat' dir='ltr'>auctorem</span> 
     </span>
    </p>
   </div>
   <div class='ocr_carea' id='block_1_32' title="bbox 198 1760 1883 1836">
    <p class='ocr_par' dir='ltr' id='par_1_32' title="bbox 198 1760 1883 1836">
     <span class='ocr_line' id='line_1_32' title="bbox 198 1760 1883 1836; baseline 0.007 -20"><span class='ocrx_word' id='word_1_244' title='bbox 198 1760 467 1833; x_wconf 88' lang='lat' dir='ltr'>credunt,</span> <span class='ocrx_word' id='word_1_245' title='bbox 520 1761 643 1818; x_wconf 89' lang='lat' dir='ltr'>sine</span> <span class='ocrx_word' id='word_1_246' title='bbox 692 1778 824 1836; x_wconf 92' lang='lat' dir='ltr'>quo</span> <span class='ocrx_word' id='word_1_247' title='bbox 880 1764 1141 1822; x_wconf 89' lang='lat' dir='ltr'>omnino</span> <span class='ocrx_word' id='word_1_248' title='bbox 1172 1765 1465 1825; x_wconf 89' lang='lat' dir='ltr'>celebrari</span> <span class='ocrx_word' id='word_1_249' title='bbox 1495 1768 1631 1825; x_wconf 81' lang='lat' dir='ltr'>vita</span> <span class='ocrx_word' id='word_1_250' title='bbox 1680 1784 1883 1826; x_wconf 90' lang='lat' dir='ltr'>sacra-</span> 
     </span>
    </p>
   </div>
   <div class='ocr_carea' id='block_1_33' title="bbox 196 1855 1883 1927">
    <p class='ocr_par' dir='ltr' id='par_1_33' title="bbox 196 1855 1883 1927">
     <span class='ocr_line' id='line_1_33' title="bbox 196 1855 1883 1927; baseline 0.005 -21"><span class='ocrx_word' id='word_1_251' title='bbox 196 1856 403 1907; x_wconf 88' lang='lat' dir='ltr'>menta</span> <span class='ocrx_word' id='word_1_252' title='bbox 429 1867 551 1908; x_wconf 92' lang='lat' dir='ltr'>non</span> <span class='ocrx_word' id='word_1_253' title='bbox 595 1857 880 1925; x_wconf 89' lang='lat' dir='ltr'>possunt.</span> <span class='ocrx_word' id='word_1_254' title='bbox 918 1858 1056 1927; x_wconf 84' lang='lat' dir='ltr'>Ipse</span> <span class='ocrx_word' id='word_1_255' title='bbox 1086 1855 1246 1912; x_wconf 91' lang='lat' dir='ltr'>enim</span> <span class='ocrx_word' id='word_1_256' title='bbox 1278 1856 1612 1916; x_wconf 82' lang='lat' dir='ltr'>calestium</span> <span class='ocrx_word' id='word_1_257' title='bbox 1652 1858 1883 1917; x_wconf 88' lang='lat' dir='ltr'>charis-</span> 
     </span>
    </p>
   </div>
   <div class='ocr_carea' id='block_1_34' title="bbox 200 1942 1884 2018">
    <p class='ocr_par' dir='ltr' id='par_1_34' title="bbox 200 1942 1884 2018">
     <span class='ocr_line' id='line_1_34' title="bbox 200 1942 1884 2018; baseline 0.005 -21"><span class='ocrx_word' id='word_1_258' title='bbox 200 1945 432 1998; x_wconf 88' lang='lat' dir='ltr'>matum</span> <span class='ocrx_word' id='word_1_259' title='bbox 475 1946 699 2013; x_wconf 88' lang='lat' dir='ltr'>auctor,</span> <span class='ocrx_word' id='word_1_260' title='bbox 748 1942 893 2016; x_wconf 88' lang='lat' dir='ltr'>ipse</span> <span class='ocrx_word' id='word_1_261' title='bbox 948 1943 1352 2018; x_wconf 87' lang='lat' dir='ltr'>spiritualium</span> <span class='ocrx_word' id='word_1_262' title='bbox 1390 1963 1717 2006; x_wconf 90' lang='lat' dir='ltr'>munerum</span> <span class='ocrx_word' id='word_1_263' title='bbox 1763 1948 1884 2006; x_wconf 92' lang='lat' dir='ltr'>dis-</span> 
     </span>
    </p>
   </div>
   <div class='ocr_carea' id='block_1_35' title="bbox 196 2031 1882 2110">
    <p class='ocr_par' dir='ltr' id='par_1_35' title="bbox 196 2031 1882 2110">
     <span class='ocr_line' id='line_1_35' title="bbox 196 2031 1882 2110; baseline 0.005 -25"><span class='ocrx_word' id='word_1_264' title='bbox 196 2035 494 2104; x_wconf 89' lang='lat' dir='ltr'>pensator,</span> <span class='ocrx_word' id='word_1_265' title='bbox 528 2031 655 2106; x_wconf 90' lang='lat' dir='ltr'>ipse</span> <span class='ocrx_word' id='word_1_266' title='bbox 677 2031 1021 2089; x_wconf 87' lang='lat' dir='ltr'>criminum</span> <span class='ocrx_word' id='word_1_267' title='bbox 1050 2033 1363 2092; x_wconf 88' lang='lat' dir='ltr'>absolutor</span> <span class='ocrx_word' id='word_1_268' title='bbox 1392 2039 1450 2093; x_wconf 91' lang='lat' dir='ltr'>et</span> <span class='ocrx_word' id='word_1_269' title='bbox 1490 2043 1882 2110; x_wconf 86' lang='lat' dir='ltr'>peccatorum</span> 
     </span>
    </p>
   </div>
   <div class='ocr_carea' id='block_1_36' title="bbox 197 2121 1877 2202">
    <p class='ocr_par' dir='ltr' id='par_1_36' title="bbox 197 2121 1877 2202">
     <span class='ocr_line' id='line_1_36' title="bbox 197 2121 1877 2202; baseline 0.007 -27"><span class='ocrx_word' id='word_1_270' title='bbox 197 2121 494 2177; x_wconf 87' lang='lat' dir='ltr'>remissor.</span> <span class='ocrx_word' id='word_1_271' title='bbox 528 2122 718 2188; x_wconf 87' lang='lat' dir='ltr'>Quem</span> <span class='ocrx_word' id='word_1_272' title='bbox 747 2121 927 2178; x_wconf 90' lang='lat' dir='ltr'>enim</span> <span class='ocrx_word' id='word_1_273' title='bbox 960 2122 1127 2179; x_wconf 91' lang='lat' dir='ltr'>vides</span> <span class='ocrx_word' id='word_1_274' title='bbox 1154 2128 1386 2180; x_wconf 86' lang='lat' dir='ltr'>natura</span> <span class='ocrx_word' id='word_1_275' title='bbox 1415 2124 1622 2184; x_wconf 89' lang='lat' dir='ltr'>debita</span> <span class='ocrx_word' id='word_1_276' title='bbox 1648 2127 1877 2202; x_wconf 83' lang='lat' dir='ltr'>laxare,</span> 
     </span>
    </p>
   </div>
   <div class='ocr_carea' id='block_1_37' title="bbox 196 2212 1882 2288">
    <p class='ocr_par' dir='ltr' id='par_1_37' title="bbox 196 2212 1882 2288">
     <span class='ocr_line' id='line_1_37' title="bbox 196 2212 1882 2288; baseline 0.005 -23"><span class='ocrx_word' id='word_1_277' title='bbox 196 2214 500 2266; x_wconf 84' lang='lat' dir='ltr'>auctorem</span> <span class='ocrx_word' id='word_1_278' title='bbox 525 2226 836 2281; x_wconf 82' lang='lat' dir='ltr'>cognosce</span> <span class='ocrx_word' id='word_1_279' title='bbox 863 2216 1125 2268; x_wconf 88' lang='lat' dir='ltr'>natura.</span> <span class='ocrx_word' id='word_1_280' title='bbox 1159 2212 1252 2271; x_wconf 90' lang='lat' dir='ltr'>Sic</span> <span class='ocrx_word' id='word_1_281' title='bbox 1281 2212 1447 2269; x_wconf 90' lang='lat' dir='ltr'>enim</span> <span class='ocrx_word' id='word_1_282' title='bbox 1470 2214 1724 2288; x_wconf 88' lang='lat' dir='ltr'>Spiritus</span> <span class='ocrx_word' id='word_1_283' title='bbox 1746 2233 1882 2274; x_wconf 90' lang='lat' dir='ltr'>san-</span> 
     </span>
    </p>
   </div>
   <div class='ocr_carea' id='block_1_38' title="bbox 194 2300 1878 2381">
    <p class='ocr_par' dir='ltr' id='par_1_38' title="bbox 194 2300 1878 2381">
     <span class='ocr_line' id='line_1_38' title="bbox 194 2300 1878 2381; baseline 0.005 -25"><span class='ocrx_word' id='word_1_284' title='bbox 194 2304 327 2356; x_wconf 87' lang='lat' dir='ltr'>ctus</span> <span class='ocrx_word' id='word_1_285' title='bbox 368 2300 449 2357; x_wconf 91' lang='lat' dir='ltr'>ita</span> <span class='ocrx_word' id='word_1_286' title='bbox 475 2300 650 2357; x_wconf 91' lang='lat' dir='ltr'>unius</span> <span class='ocrx_word' id='word_1_287' title='bbox 677 2306 770 2358; x_wconf 90' lang='lat' dir='ltr'>est</span> <span class='ocrx_word' id='word_1_288' title='bbox 800 2318 953 2358; x_wconf 90' lang='lat' dir='ltr'>cum</span> <span class='ocrx_word' id='word_1_289' title='bbox 984 2305 1153 2360; x_wconf 88' lang='lat' dir='ltr'>Patre</span> <span class='ocrx_word' id='word_1_290' title='bbox 1197 2303 1500 2377; x_wconf 88' lang='lat' dir='ltr'>potentia,</span> <span class='ocrx_word' id='word_1_291' title='bbox 1530 2310 1616 2377; x_wconf 89' lang='lat' dir='ltr'>ut,</span> <span class='ocrx_word' id='word_1_292' title='bbox 1655 2307 1718 2364; x_wconf 92' lang='lat' dir='ltr'>in</span> <span class='ocrx_word' id='word_1_293' title='bbox 1745 2307 1878 2381; x_wconf 88' lang='lat' dir='ltr'>ejus</span> 
     </span>
    </p>
   </div>
   <div class='ocr_carea' id='block_1_39' title="bbox 196 2390 1881 2468">
    <p class='ocr_par' dir='ltr' id='par_1_39' title="bbox 196 2390 1881 2468">
     <span class='ocr_line' id='line_1_39' title="bbox 196 2390 1881 2468; baseline 0.006 -23"><span class='ocrx_word' id='word_1_294' title='bbox 196 2390 665 2464; x_wconf 85' lang='lat' dir='ltr'>comparatione,</span> <span class='ocrx_word' id='word_1_295' title='bbox 692 2390 852 2447; x_wconf 88' lang='lat' dir='ltr'>nihil</span> <span class='ocrx_word' id='word_1_296' title='bbox 874 2390 1146 2465; x_wconf 89' lang='lat' dir='ltr'>amplius</span> <span class='ocrx_word' id='word_1_297' title='bbox 1165 2396 1432 2466; x_wconf 87' lang='lat' dir='ltr'>paterna</span> <span class='ocrx_word' id='word_1_298' title='bbox 1452 2396 1643 2468; x_wconf 89' lang='lat' dir='ltr'>possit</span> <span class='ocrx_word' id='word_1_299' title='bbox 1662 2397 1881 2454; x_wconf 88' lang='lat' dir='ltr'>ascribi</span> 
     </span>
    </p>
   </div>
   <div class='ocr_carea' id='block_1_40' title="bbox 196 2478 798 2550">
    <p class='ocr_par' dir='ltr' id='par_1_40' title="bbox 196 2478 798 2550">
     <span class='ocr_line' id='line_1_40' title="bbox 196 2478 798 2550; baseline -0.002 -15"><span class='ocrx_word' id='word_1_300' title='bbox 196 2478 398 2550; x_wconf 88' lang='lat' dir='ltr'>gloria</span> <span class='ocrx_word' id='word_1_301' title='bbox 426 2480 519 2536; x_wconf 91' lang='lat' dir='ltr'>vel</span> <span class='ocrx_word' id='word_1_302' title='bbox 541 2485 798 2537; x_wconf 84' lang='lat' dir='ltr'>natura.</span> 
     </span>
    </p>
   </div>
   <div class='ocr_carea' id='block_1_41' title="bbox 262 2568 1877 2647">
    <p class='ocr_par' dir='ltr' id='par_1_41' title="bbox 262 2568 1877 2647">
     <span class='ocr_line' id='line_1_41' title="bbox 262 2568 1877 2647; baseline 0.006 -22"><span class='ocrx_word' id='word_1_303' title='bbox 262 2571 395 2626; x_wconf 72' lang='lat' dir='ltr'>iam</span> <span class='ocrx_word' id='word_1_304' title='bbox 425 2585 584 2627; x_wconf 91' lang='lat' dir='ltr'>nunc</span> <span class='ocrx_word' id='word_1_305' title='bbox 614 2570 695 2627; x_wconf 92' lang='lat' dir='ltr'>ad</span> <span class='ocrx_word' id='word_1_306' title='bbox 725 2568 886 2626; x_wconf 92' lang='lat' dir='ltr'>illud</span> <span class='ocrx_word' id='word_1_307' title='bbox 919 2569 1214 2627; x_wconf 91' lang='lat' dir='ltr'>Dominici</span> <span class='ocrx_word' id='word_1_308' title='bbox 1244 2572 1516 2645; x_wconf 90' lang='lat' dir='ltr'>corporis</span> <span class='ocrx_word' id='word_1_309' title='bbox 1548 2578 1606 2630; x_wconf 92' lang='lat' dir='ltr'>et</span> <span class='ocrx_word' id='word_1_310' title='bbox 1634 2577 1877 2647; x_wconf 89' lang='lat' dir='ltr'>sangui-</span> 
     </span>
    </p>
   </div>
   <div class='ocr_carea' id='block_1_42' title="bbox 194 2658 1880 2740">
    <p class='ocr_par' dir='ltr' id='par_1_42' title="bbox 194 2658 1880 2740">
     <span class='ocr_line' id='line_1_42' title="bbox 194 2658 1880 2740; baseline 0.006 -26"><span class='ocrx_word' id='word_1_311' title='bbox 194 2658 289 2714; x_wconf 90' lang='lat' dir='ltr'>nis</span> <span class='ocrx_word' id='word_1_312' title='bbox 342 2664 719 2717; x_wconf 88' lang='lat' dir='ltr'>transeamus</span> <span class='ocrx_word' id='word_1_313' title='bbox 778 2659 1131 2738; x_wconf 82' lang='lat' dir='ltr'>venerabile</span> <span class='ocrx_word' id='word_1_314' title='bbox 1182 2667 1651 2734; x_wconf 88' lang='lat' dir='ltr'>sacramentum,</span> <span class='ocrx_word' id='word_1_315' title='bbox 1708 2667 1880 2740; x_wconf 91' lang='lat' dir='ltr'>quod</span> 
     </span>
    </p>
   </div>
   <div class='ocr_carea' id='block_1_43' title="bbox 194 2747 1874 2826">
    <p class='ocr_par' dir='ltr' id='par_1_43' title="bbox 194 2747 1874 2826">
     <span class='ocr_line' id='line_1_43' title="bbox 194 2747 1874 2826; baseline 0.006 -22"><span class='ocrx_word' id='word_1_316' title='bbox 194 2747 443 2821; x_wconf 89' lang='lat' dir='ltr'>quidem</span> <span class='ocrx_word' id='word_1_317' title='bbox 482 2754 720 2807; x_wconf 89' lang='lat' dir='ltr'>tantum</span> <span class='ocrx_word' id='word_1_318' title='bbox 759 2747 1153 2806; x_wconf 81' lang='lat' dir='ltr'>formidabile</span> <span class='ocrx_word' id='word_1_319' title='bbox 1196 2754 1289 2806; x_wconf 88' lang='lat' dir='ltr'>est</span> <span class='ocrx_word' id='word_1_320' title='bbox 1337 2750 1419 2807; x_wconf 90' lang='lat' dir='ltr'>ad</span> <span class='ocrx_word' id='word_1_321' title='bbox 1444 2749 1825 2826; x_wconf 90' lang='lat' dir='ltr'>loquendum</span> <span class='ocrx_word' id='word_1_322' title='bbox 1859 2773 1874 2813; x_wconf 92' lang='lat'><strong>:</strong></span> 
     </span>
    </p>
   </div>
   <div class='ocr_carea' id='block_1_44' title="bbox 192 2837 1947 2934">
    <p class='ocr_par' dir='ltr' id='par_1_44' title="bbox 192 2837 1947 2934">
     <span class='ocr_line' id='line_1_44' title="bbox 192 2837 1947 2934; baseline 0 -38"><span class='ocrx_word' id='word_1_323' title='bbox 192 2843 491 2911; x_wconf 87' lang='lat' dir='ltr'>quantum</span> <span class='ocrx_word' id='word_1_324' title='bbox 535 2855 658 2896; x_wconf 91' lang='lat' dir='ltr'>non</span> <span class='ocrx_word' id='word_1_325' title='bbox 702 2843 1043 2934; x_wconf 82' lang='lat' dir='ltr'>terrenum,</span> <span class='ocrx_word' id='word_1_326' title='bbox 1092 2837 1198 2934; x_wconf 81' lang='lat' dir='ltr'>sed</span> <span class='ocrx_word' id='word_1_327' title='bbox 1245 2838 1482 2934; x_wconf 80' lang='lat' dir='ltr'>caleste</span> <span class='ocrx_word' id='word_1_328' title='bbox 1527 2847 1618 2934; x_wconf 78' lang='lat' dir='ltr'>est</span> <span class='ocrx_word' id='word_1_329' title='bbox 1644 2850 1874 2934; x_wconf 69' lang='lat' dir='ltr'>mysta.</span> <span class='ocrx_word' id='word_1_330' title='bbox 1904 2877 1947 2934; x_wconf 74' lang='lat' dir='ltr'><strong>C</strong></span> 
     </span>
    </p>
   </div>
   <div class='ocr_carea' id='block_1_45' title="bbox 192 2926 1873 3004">
    <p class='ocr_par' dir='ltr' id='par_1_45' title="bbox 192 2926 1873 3004">
     <span class='ocr_line' id='line_1_45' title="bbox 192 2926 1873 3004; baseline 0.004 -20"><span class='ocrx_word' id='word_1_331' title='bbox 192 2926 382 2996; x_wconf 88' lang='lat' dir='ltr'>rium;</span> <span class='ocrx_word' id='word_1_332' title='bbox 412 2943 539 2985; x_wconf 92' lang='lat' dir='ltr'>non</span> <span class='ocrx_word' id='word_1_333' title='bbox 565 2930 861 2985; x_wconf 90' lang='lat' dir='ltr'>humana</span> <span class='ocrx_word' id='word_1_334' title='bbox 894 2927 1281 2985; x_wconf 88' lang='lat' dir='ltr'>astimationi</span> <span class='ocrx_word' id='word_1_335' title='bbox 1311 2930 1744 3004; x_wconf 89' lang='lat' dir='ltr'>comparabile,</span> <span class='ocrx_word' id='word_1_336' title='bbox 1765 2933 1873 2991; x_wconf 92' lang='lat' dir='ltr'>sed</span> 
     </span>
    </p>
   </div>
   <div class='ocr_carea' id='block_1_46' title="bbox 195 3015 1873 3091">
    <p class='ocr_par' dir='ltr' id='par_1_46' title="bbox 195 3015 1873 3091">
     <span class='ocr_line' id='line_1_46' title="bbox 195 3015 1873 3091; baseline 0.004 -19"><span class='ocrx_word' id='word_1_337' title='bbox 195 3015 589 3087; x_wconf 84' lang='lat' dir='ltr'>admirabile;</span> <span class='ocrx_word' id='word_1_338' title='bbox 640 3034 769 3075; x_wconf 89' lang='lat' dir='ltr'>non</span> <span class='ocrx_word' id='word_1_339' title='bbox 804 3016 1270 3091; x_wconf 89' lang='lat' dir='ltr'>disputandum,</span> <span class='ocrx_word' id='word_1_340' title='bbox 1304 3017 1411 3074; x_wconf 89' lang='lat' dir='ltr'>sed</span> <span class='ocrx_word' id='word_1_341' title='bbox 1454 3021 1873 3079; x_wconf 89' lang='lat' dir='ltr'>metuendum.</span> 
     </span>
    </p>
   </div>
   <div class='ocr_carea' id='block_1_47' title="bbox 196 3105 1877 3180">
    <p class='ocr_par' dir='ltr' id='par_1_47' title="bbox 196 3105 1877 3180">
     <span class='ocr_line' id='line_1_47' title="bbox 196 3105 1877 3180; baseline 0.003 -17"><span class='ocrx_word' id='word_1_342' title='bbox 196 3106 273 3163; x_wconf 82' lang='lat' dir='ltr'>De</span> <span class='ocrx_word' id='word_1_343' title='bbox 298 3123 424 3179; x_wconf 90' lang='lat' dir='ltr'>quo</span> <span class='ocrx_word' id='word_1_344' title='bbox 445 3106 616 3164; x_wconf 85' lang='lat' dir='ltr'>silere</span> <span class='ocrx_word' id='word_1_345' title='bbox 644 3106 853 3180; x_wconf 88' lang='lat' dir='ltr'>potius</span> <span class='ocrx_word' id='word_1_346' title='bbox 876 3105 1318 3179; x_wconf 85' lang='lat' dir='ltr'>astimaveram</span> <span class='ocrx_word' id='word_1_347' title='bbox 1344 3120 1534 3179; x_wconf 87' lang='lat' dir='ltr'>quam</span> <span class='ocrx_word' id='word_1_348' title='bbox 1555 3111 1877 3169; x_wconf 89' lang='lat' dir='ltr'>temeraria</span> 
     </span>
    </p>
   </div>
   <div class='ocr_carea' id='block_1_48' title="bbox 193 3194 1876 3269">
    <p class='ocr_par' dir='ltr' id='par_1_48' title="bbox 193 3194 1876 3269">
     <span class='ocr_line' id='line_1_48' title="bbox 193 3194 1876 3269; baseline 0.004 -18"><span class='ocrx_word' id='word_1_349' title='bbox 193 3195 596 3269; x_wconf 85' lang='lat' dir='ltr'>disputatione</span> <span class='ocrx_word' id='word_1_350' title='bbox 618 3196 874 3268; x_wconf 90' lang='lat' dir='ltr'>indigne</span> <span class='ocrx_word' id='word_1_351' title='bbox 905 3194 1134 3268; x_wconf 89' lang='lat' dir='ltr'>aliquid</span> <span class='ocrx_word' id='word_1_352' title='bbox 1148 3194 1427 3265; x_wconf 88' lang='lat' dir='ltr'>deﬁnire;</span> <span class='ocrx_word' id='word_1_353' title='bbox 1455 3195 1602 3269; x_wconf 90' lang='lat' dir='ltr'>quia</span> <span class='ocrx_word' id='word_1_354' title='bbox 1616 3198 1876 3257; x_wconf 83' lang='lat' dir='ltr'>calestis</span> 
     </span>
    </p>
   </div>
   <div class='ocr_carea' id='block_1_49' title="bbox 192 3284 1874 3361">
    <p class='ocr_par' dir='ltr' id='par_1_49' title="bbox 192 3284 1874 3361">
     <span class='ocr_line' id='line_1_49' title="bbox 192 3284 1874 3361; baseline 0.003 -20"><span class='ocrx_word' id='word_1_355' title='bbox 192 3285 444 3341; x_wconf 88' lang='lat' dir='ltr'>altitudo</span> <span class='ocrx_word' id='word_1_356' title='bbox 487 3285 763 3358; x_wconf 84' lang='lat' dir='ltr'>mysterii</span> <span class='ocrx_word' id='word_1_357' title='bbox 805 3284 993 3358; x_wconf 91' lang='lat' dir='ltr'>plane</span> <span class='ocrx_word' id='word_1_358' title='bbox 1038 3300 1160 3340; x_wconf 91' lang='lat' dir='ltr'>non</span> <span class='ocrx_word' id='word_1_359' title='bbox 1200 3284 1361 3342; x_wconf 89' lang='lat' dir='ltr'>valet</span> <span class='ocrx_word' id='word_1_360' title='bbox 1403 3284 1602 3342; x_wconf 76' lang='lat' dir='ltr'>ofﬁcio</span> <span class='ocrx_word' id='word_1_361' title='bbox 1648 3286 1874 3361; x_wconf 89' lang='lat' dir='ltr'>lingua</span> 
     </span>
    </p>
   </div>
   <div class='ocr_carea' id='block_1_50' title="bbox 192 3372 1875 3449">
    <p class='ocr_par' dir='ltr' id='par_1_50' title="bbox 192 3372 1875 3449">
     <span class='ocr_line' id='line_1_50' title="bbox 192 3372 1875 3449; baseline 0.003 -17"><span class='ocrx_word' id='word_1_362' title='bbox 192 3374 603 3449; x_wconf 84' lang='lat' dir='ltr'>corruptibilis</span> <span class='ocrx_word' id='word_1_363' title='bbox 624 3373 876 3449; x_wconf 81' lang='lat' dir='ltr'>exponi.</span> <span class='ocrx_word' id='word_1_364' title='bbox 904 3376 1004 3429; x_wconf 88' lang='lat' dir='ltr'>Est</span> <span class='ocrx_word' id='word_1_365' title='bbox 1030 3373 1191 3432; x_wconf 89' lang='lat' dir='ltr'>enim</span> <span class='ocrx_word' id='word_1_366' title='bbox 1220 3372 1578 3448; x_wconf 89' lang='lat' dir='ltr'>mysterium</span> <span class='ocrx_word' id='word_1_367' title='bbox 1595 3374 1719 3434; x_wconf 87' lang='lat' dir='ltr'>ﬁde</span> <span class='ocrx_word' id='word_1_368' title='bbox 1748 3394 1875 3436; x_wconf 90' lang='lat' dir='ltr'>non</span> 
     </span>
    </p>
   </div>
   <div class='ocr_carea' id='block_1_51' title="bbox 192 3461 1878 3541">
    <p class='ocr_par' dir='ltr' id='par_1_51' title="bbox 192 3461 1878 3541">
     <span class='ocr_line' id='line_1_51' title="bbox 192 3461 1878 3541; baseline 0.004 -22"><span class='ocrx_word' id='word_1_369' title='bbox 192 3463 393 3537; x_wconf 82' lang='lat' dir='ltr'>specie</span> <span class='ocrx_word' id='word_1_370' title='bbox 424 3463 887 3533; x_wconf 88' lang='lat' dir='ltr'>astimandum,</span> <span class='ocrx_word' id='word_1_371' title='bbox 933 3477 1059 3518; x_wconf 91' lang='lat' dir='ltr'>non</span> <span class='ocrx_word' id='word_1_372' title='bbox 1099 3461 1231 3519; x_wconf 90' lang='lat' dir='ltr'>visu</span> <span class='ocrx_word' id='word_1_373' title='bbox 1260 3478 1575 3537; x_wconf 88' lang='lat' dir='ltr'>corporeo,</span> <span class='ocrx_word' id='word_1_374' title='bbox 1617 3465 1727 3522; x_wconf 92' lang='lat' dir='ltr'>sed</span> <span class='ocrx_word' id='word_1_375' title='bbox 1757 3467 1878 3541; x_wconf 85' lang='lat' dir='ltr'>spi-</span> 
     </span>
    </p>
   </div>
   <div class='ocr_carea' id='block_1_52' title="bbox 191 3551 1874 3627">
    <p class='ocr_par' dir='ltr' id='par_1_52' title="bbox 191 3551 1874 3627">
     <span class='ocr_line' id='line_1_52' title="bbox 191 3551 1874 3627; baseline 0.002 -17"><span class='ocrx_word' id='word_1_376' title='bbox 191 3554 310 3611; x_wconf 91' lang='lat' dir='ltr'>ritu</span> <span class='ocrx_word' id='word_1_377' title='bbox 335 3553 726 3611; x_wconf 89' lang='lat' dir='ltr'>intuendum.</span> <span class='ocrx_word' id='word_1_378' title='bbox 752 3552 861 3611; x_wconf 89' lang='lat' dir='ltr'>Cui</span> <span class='ocrx_word' id='word_1_379' title='bbox 885 3551 1135 3625; x_wconf 89' lang='lat' dir='ltr'>quidem</span> <span class='ocrx_word' id='word_1_380' title='bbox 1156 3553 1235 3610; x_wconf 92' lang='lat' dir='ltr'>ad</span> <span class='ocrx_word' id='word_1_381' title='bbox 1262 3569 1444 3610; x_wconf 92' lang='lat' dir='ltr'>usum</span> <span class='ocrx_word' id='word_1_382' title='bbox 1470 3552 1716 3627; x_wconf 87' lang='lat' dir='ltr'>profuit,</span> <span class='ocrx_word' id='word_1_383' title='bbox 1748 3573 1874 3614; x_wconf 92' lang='lat' dir='ltr'>non</span> 
     </span>
    </p>
   </div>
   <div class='ocr_carea' id='block_1_53' title="bbox 191 3640 1877 3718">
    <p class='ocr_par' dir='ltr' id='par_1_53' title="bbox 191 3640 1877 3718">
     <span class='ocr_line' id='line_1_53' title="bbox 191 3640 1877 3718; baseline 0.002 -19"><span class='ocrx_word' id='word_1_384' title='bbox 191 3643 611 3718; x_wconf 86' lang='lat' dir='ltr'>superstitiosa</span> <span class='ocrx_word' id='word_1_385' title='bbox 639 3640 994 3699; x_wconf 85' lang='lat' dir='ltr'>mortalium</span> <span class='ocrx_word' id='word_1_386' title='bbox 1020 3641 1270 3713; x_wconf 91' lang='lat' dir='ltr'>cultura,</span> <span class='ocrx_word' id='word_1_387' title='bbox 1293 3642 1402 3699; x_wconf 90' lang='lat' dir='ltr'>sed</span> <span class='ocrx_word' id='word_1_388' title='bbox 1426 3640 1682 3698; x_wconf 81' lang='lat' dir='ltr'>calestis</span> <span class='ocrx_word' id='word_1_389' title='bbox 1702 3644 1877 3703; x_wconf 92' lang='lat' dir='ltr'>disci-</span> 
     </span>
    </p>
   </div>
   <div class='ocr_carea' id='block_1_54' title="bbox 190 3729 1872 3806">
    <p class='ocr_par' dir='ltr' id='par_1_54' title="bbox 190 3729 1872 3806">
     <span class='ocr_line' id='line_1_54' title="bbox 190 3729 1872 3806; baseline 0.002 -17"><span class='ocrx_word' id='word_1_390' title='bbox 190 3732 375 3806; x_wconf 86' lang='lat' dir='ltr'>plina</span> <span class='ocrx_word' id='word_1_391' title='bbox 404 3732 702 3804; x_wconf 89' lang='lat' dir='ltr'>magistra</span> <span class='ocrx_word' id='word_1_392' title='bbox 742 3729 1090 3795; x_wconf 87' lang='lat' dir='ltr'>auctoritas,</span> <span class='ocrx_word' id='word_1_393' title='bbox 1117 3747 1240 3790; x_wconf 90' lang='lat' dir='ltr'>non</span> <span class='ocrx_word' id='word_1_394' title='bbox 1269 3729 1549 3789; x_wconf 88' lang='lat' dir='ltr'>doctrina</span> <span class='ocrx_word' id='word_1_395' title='bbox 1575 3730 1872 3804; x_wconf 88' lang='lat' dir='ltr'>humana,</span> 
     </span>
    </p>
   </div>
   <div class='ocr_carea' id='block_1_55' title="bbox 195 3820 1873 3896">
    <p class='ocr_par' dir='ltr' id='par_1_55' title="bbox 195 3820 1873 3896">
     <span class='ocr_line' id='line_1_55' title="bbox 195 3820 1873 3896; baseline 0.002 -18"><span class='ocrx_word' id='word_1_396' title='bbox 195 3822 304 3878; x_wconf 86' lang='lat' dir='ltr'>sed</span> <span class='ocrx_word' id='word_1_397' title='bbox 332 3822 626 3880; x_wconf 87' lang='lat' dir='ltr'>institutio</span> <span class='ocrx_word' id='word_1_398' title='bbox 657 3820 888 3878; x_wconf 90' lang='lat' dir='ltr'>divina.</span> <span class='ocrx_word' id='word_1_399' title='bbox 934 3821 1113 3893; x_wconf 87' lang='lat' dir='ltr'>Cujus</span> <span class='ocrx_word' id='word_1_400' title='bbox 1159 3821 1420 3896; x_wconf 89' lang='lat' dir='ltr'>potentis</span> <span class='ocrx_word' id='word_1_401' title='bbox 1468 3822 1745 3893; x_wconf 86' lang='lat' dir='ltr'>mysterii</span> <span class='ocrx_word' id='word_1_402' title='bbox 1783 3840 1873 3881; x_wconf 90' lang='lat' dir='ltr'>se-</span> 
     </span>
    </p>
   </div>
   <div class='ocr_carea' id='block_1_56' title="bbox 191 3908 1874 3986">
    <p class='ocr_par' dir='ltr' id='par_1_56' title="bbox 191 3908 1874 3986">
     <span class='ocr_line' id='line_1_56' title="bbox 191 3908 1874 3986; baseline 0.002 -17"><span class='ocrx_word' id='word_1_403' title='bbox 191 3917 427 3969; x_wconf 89' lang='lat' dir='ltr'>cretum</span> <span class='ocrx_word' id='word_1_404' title='bbox 446 3910 956 3986; x_wconf 90' lang='lat' dir='ltr'>quandoquidem</span> <span class='ocrx_word' id='word_1_405' title='bbox 975 3909 1123 3968; x_wconf 87' lang='lat' dir='ltr'>ratio</span> <span class='ocrx_word' id='word_1_406' title='bbox 1138 3928 1339 3969; x_wconf 89' lang='lat' dir='ltr'>rerum</span> <span class='ocrx_word' id='word_1_407' title='bbox 1355 3908 1518 3967; x_wconf 91' lang='lat' dir='ltr'>mole</span> <span class='ocrx_word' id='word_1_408' title='bbox 1537 3908 1694 3968; x_wconf 90' lang='lat' dir='ltr'>victa</span> <span class='ocrx_word' id='word_1_409' title='bbox 1711 3929 1874 3971; x_wconf 90' lang='lat' dir='ltr'>com-</span> 
     </span>
    </p>
   </div>
   <div class='ocr_carea' id='block_1_57' title="bbox 194 3996 1870 4074">
    <p class='ocr_par' dir='ltr' id='par_1_57' title="bbox 194 3996 1870 4074">
     <span class='ocr_line' id='line_1_57' title="bbox 194 3996 1870 4074; baseline 0.003 -18"><span class='ocrx_word' id='word_1_410' title='bbox 194 4000 567 4074; x_wconf 86' lang='lat' dir='ltr'>prehendere</span> <span class='ocrx_word' id='word_1_411' title='bbox 598 4016 727 4057; x_wconf 89' lang='lat' dir='ltr'>non</span> <span class='ocrx_word' id='word_1_412' title='bbox 778 3998 962 4071; x_wconf 86' lang='lat' dir='ltr'>valet,</span> <span class='ocrx_word' id='word_1_413' title='bbox 1016 3998 1129 4056; x_wconf 91' lang='lat' dir='ltr'>hoc</span> <span class='ocrx_word' id='word_1_414' title='bbox 1175 4004 1415 4057; x_wconf 88' lang='lat' dir='ltr'>tantum</span> <span class='ocrx_word' id='word_1_415' title='bbox 1463 3996 1616 4054; x_wconf 87' lang='lat' dir='ltr'>ﬁdes</span> <span class='ocrx_word' id='word_1_416' title='bbox 1646 4004 1870 4073; x_wconf 87' lang='lat' dir='ltr'>teneat,</span> 
     </span>
    </p>
   </div>
   <div class='ocr_carea' id='block_1_58' title="bbox 192 4087 1869 4165">
    <p class='ocr_par' dir='ltr' id='par_1_58' title="bbox 192 4087 1869 4165">
     <span class='ocr_line' id='line_1_58' title="bbox 192 4087 1869 4165; baseline 0.001 -19"><span class='ocrx_word' id='word_1_417' title='bbox 192 4090 343 4165; x_wconf 89' lang='lat' dir='ltr'>quia</span> <span class='ocrx_word' id='word_1_418' title='bbox 363 4089 665 4164; x_wconf 88' lang='lat' dir='ltr'>quidquid</span> <span class='ocrx_word' id='word_1_419' title='bbox 690 4089 846 4145; x_wconf 90' lang='lat' dir='ltr'>inter</span> <span class='ocrx_word' id='word_1_420' title='bbox 857 4087 1132 4145; x_wconf 89' lang='lat' dir='ltr'>homines</span> <span class='ocrx_word' id='word_1_421' title='bbox 1162 4093 1317 4147; x_wconf 91' lang='lat' dir='ltr'>Deus</span> <span class='ocrx_word' id='word_1_422' title='bbox 1339 4087 1464 4160; x_wconf 89' lang='lat' dir='ltr'>egit</span> <span class='ocrx_word' id='word_1_423' title='bbox 1483 4090 1588 4144; x_wconf 90' lang='lat' dir='ltr'>aut</span> <span class='ocrx_word' id='word_1_424' title='bbox 1606 4091 1869 4163; x_wconf 88' lang='lat' dir='ltr'>pertulit,</span> 
     </span>
    </p>
   </div>
   <div class='ocr_carea' id='block_1_59' title="bbox 192 4174 1869 4250">
    <p class='ocr_par' dir='ltr' id='par_1_59' title="bbox 192 4174 1869 4250">
     <span class='ocr_line' id='line_1_59' title="bbox 192 4174 1869 4250; baseline 0 -14"><span class='ocrx_word' id='word_1_425' title='bbox 192 4195 386 4237; x_wconf 90' lang='lat' dir='ltr'>causa</span> <span class='ocrx_word' id='word_1_426' title='bbox 438 4177 727 4236; x_wconf 89' lang='lat' dir='ltr'>servandi</span> <span class='ocrx_word' id='word_1_427' title='bbox 781 4177 1036 4234; x_wconf 90' lang='lat' dir='ltr'>humani</span> <span class='ocrx_word' id='word_1_428' title='bbox 1097 4178 1332 4250; x_wconf 86' lang='lat' dir='ltr'>generis</span> <span class='ocrx_word' id='word_1_429' title='bbox 1384 4174 1484 4233; x_wconf 91' lang='lat' dir='ltr'>vel</span> <span class='ocrx_word' id='word_1_430' title='bbox 1546 4179 1869 4250; x_wconf 89' lang='lat' dir='ltr'>reparandi</span> 
     </span>
    </p>
   </div>
   <div class='ocr_carea' id='block_1_60' title="bbox 192 4264 1870 4342">
    <p class='ocr_par' dir='ltr' id='par_1_60' title="bbox 192 4264 1870 4342">
     <span class='ocr_line' id='line_1_60' title="bbox 192 4264 1870 4342; baseline 0.001 -17"><span class='ocrx_word' id='word_1_431' title='bbox 192 4269 390 4340; x_wconf 84' lang='lat' dir='ltr'>gratia</span> <span class='ocrx_word' id='word_1_432' title='bbox 435 4268 584 4325; x_wconf 87' lang='lat' dir='ltr'>fuit:</span> <span class='ocrx_word' id='word_1_433' title='bbox 625 4268 690 4324; x_wconf 90' lang='lat' dir='ltr'>in</span> <span class='ocrx_word' id='word_1_434' title='bbox 723 4283 849 4342; x_wconf 89' lang='lat' dir='ltr'>quo</span> <span class='ocrx_word' id='word_1_435' title='bbox 879 4266 1170 4326; x_wconf 87' lang='lat' dir='ltr'>beneﬁcia</span> <span class='ocrx_word' id='word_1_436' title='bbox 1214 4282 1349 4335; x_wconf 77' lang='lat' dir='ltr'>sua,</span> <span class='ocrx_word' id='word_1_437' title='bbox 1402 4280 1544 4339; x_wconf 86' lang='lat' dir='ltr'>qua</span> <span class='ocrx_word' id='word_1_438' title='bbox 1592 4264 1672 4322; x_wconf 89' lang='lat' dir='ltr'>ab</span> <span class='ocrx_word' id='word_1_439' title='bbox 1702 4266 1870 4327; x_wconf 89' lang='lat' dir='ltr'>initio</span> 
     </span>
    </p>
   </div>
   <div class='ocr_carea' id='block_1_61' title="bbox 191 4354 1872 4430">
    <p class='ocr_par' dir='ltr' id='par_1_61' title="bbox 191 4354 1872 4430">
     <span class='ocr_line' id='line_1_61' title="bbox 191 4354 1872 4430; baseline 0.001 -16"><span class='ocrx_word' id='word_1_440' title='bbox 191 4357 468 4430; x_wconf 84' lang='lat' dir='ltr'>dederat,</span> <span class='ocrx_word' id='word_1_441' title='bbox 502 4358 586 4415; x_wconf 91' lang='lat' dir='ltr'>sic</span> <span class='ocrx_word' id='word_1_442' title='bbox 617 4372 856 4430; x_wconf 88' lang='lat' dir='ltr'>semper</span> <span class='ocrx_word' id='word_1_443' title='bbox 880 4355 1102 4426; x_wconf 83' lang='lat' dir='ltr'>dilexit,</span> <span class='ocrx_word' id='word_1_444' title='bbox 1133 4360 1216 4428; x_wconf 88' lang='lat' dir='ltr'>ut,</span> <span class='ocrx_word' id='word_1_445' title='bbox 1259 4354 1481 4414; x_wconf 87' lang='lat' dir='ltr'>nostris</span> <span class='ocrx_word' id='word_1_446' title='bbox 1532 4354 1708 4411; x_wconf 90' lang='lat' dir='ltr'>malis</span> <span class='ocrx_word' id='word_1_447' title='bbox 1735 4356 1872 4416; x_wconf 89' lang='lat' dir='ltr'>licet</span> 
     </span>
    </p>
   </div>
   <div class='ocr_carea' id='block_1_62' title="bbox 193 4441 1871 4520">
    <p class='ocr_par' dir='ltr' id='par_1_62' title="bbox 193 4441 1871 4520">
     <span class='ocr_line' id='line_1_62' title="bbox 193 4441 1871 4520; baseline -0.001 -16"><span class='ocrx_word' id='word_1_448' title='bbox 193 4446 489 4514; x_wconf 74' lang='lat' dir='ltr'>offensus,</span> <span class='ocrx_word' id='word_1_449' title='bbox 544 4445 793 4520; x_wconf 89' lang='lat' dir='ltr'>pronior</span> <span class='ocrx_word' id='word_1_450' title='bbox 822 4460 1060 4518; x_wconf 89' lang='lat' dir='ltr'>semper</span> <span class='ocrx_word' id='word_1_451' title='bbox 1104 4445 1184 4503; x_wconf 89' lang='lat' dir='ltr'>ad</span> <span class='ocrx_word' id='word_1_452' title='bbox 1230 4441 1674 4514; x_wconf 89' lang='lat' dir='ltr'>indulgentiam</span> <span class='ocrx_word' id='word_1_453' title='bbox 1720 4445 1871 4503; x_wconf 86' lang='lat' dir='ltr'>foret</span> 
     </span>
    </p>
   </div>
   <div class='ocr_carea' id='block_1_63' title="bbox 192 4531 1869 4610">
    <p class='ocr_par' dir='ltr' id='par_1_63' title="bbox 192 4531 1869 4610">
     <span class='ocr_line' id='line_1_63' title="bbox 192 4531 1869 4610; baseline -0.001 -18"><span class='ocrx_word' id='word_1_454' title='bbox 192 4551 389 4610; x_wconf 86' lang='lat' dir='ltr'>quam</span> <span class='ocrx_word' id='word_1_455' title='bbox 418 4535 503 4592; x_wconf 87' lang='lat' dir='ltr'>ad</span> <span class='ocrx_word' id='word_1_456' title='bbox 550 4534 903 4591; x_wconf 88' lang='lat' dir='ltr'>vindictam.</span> <span class='ocrx_word' id='word_1_457' title='bbox 951 4534 1091 4592; x_wconf 82' lang='lat' dir='ltr'>Inde</span> <span class='ocrx_word' id='word_1_458' title='bbox 1119 4539 1209 4592; x_wconf 88' lang='lat' dir='ltr'>est</span> <span class='ocrx_word' id='word_1_459' title='bbox 1249 4532 1420 4608; x_wconf 89' lang='lat' dir='ltr'>quod</span> <span class='ocrx_word' id='word_1_460' title='bbox 1458 4531 1869 4591; x_wconf 86' lang='lat' dir='ltr'>damnationis</span> 
     </span>
    </p>
   </div>
   <div class='ocr_carea' id='block_1_64' title="bbox 192 4620 1872 4698">
    <p class='ocr_par' dir='ltr' id='par_1_64' title="bbox 192 4620 1872 4698">
     <span class='ocr_line' id='line_1_64' title="bbox 192 4620 1872 4698; baseline 0 -17"><span class='ocrx_word' id='word_1_461' title='bbox 192 4629 419 4681; x_wconf 89' lang='lat' dir='ltr'>nostra</span> <span class='ocrx_word' id='word_1_462' title='bbox 446 4623 1164 4698; x_wconf 87' lang='lat' dir='ltr'>proscriptionem,quam</span> <span class='ocrx_word' id='word_1_463' title='bbox 1186 4622 1368 4697; x_wconf 88' lang='lat' dir='ltr'>primi</span> <span class='ocrx_word' id='word_1_464' title='bbox 1396 4620 1663 4696; x_wconf 89' lang='lat' dir='ltr'>parentis</span> <span class='ocrx_word' id='word_1_465' title='bbox 1686 4625 1872 4681; x_wconf 84' lang='lat' dir='ltr'>trans-</span> 
     </span>
    </p>
   </div>
   <div class='ocr_carea' id='block_1_65' title="bbox 192 4708 1872 4785">
    <p class='ocr_par' dir='ltr' id='par_1_65' title="bbox 192 4708 1872 4785">
     <span class='ocr_line' id='line_1_65' title="bbox 192 4708 1872 4785; baseline -0.001 -15"><span class='ocrx_word' id='word_1_466' title='bbox 192 4713 430 4785; x_wconf 84' lang='lat' dir='ltr'>gressio</span> <span class='ocrx_word' id='word_1_467' title='bbox 461 4711 880 4770; x_wconf 89' lang='lat' dir='ltr'>miserabiliter</span> <span class='ocrx_word' id='word_1_468' title='bbox 901 4712 963 4769; x_wconf 91' lang='lat' dir='ltr'>in</span> <span class='ocrx_word' id='word_1_469' title='bbox 988 4717 1258 4785; x_wconf 89' lang='lat' dir='ltr'>posteros</span> <span class='ocrx_word' id='word_1_470' title='bbox 1280 4708 1708 4782; x_wconf 86' lang='lat' dir='ltr'>transfuderat,</span> <span class='ocrx_word' id='word_1_471' title='bbox 1738 4728 1872 4769; x_wconf 90' lang='lat' dir='ltr'>eva-</span> 
     </span>
    </p>
   </div>
   <div class='ocr_carea' id='block_1_66' title="bbox 194 4798 1871 4876">
    <p class='ocr_par' dir='ltr' id='par_1_66' title="bbox 194 4798 1871 4876">
     <span class='ocr_line' id='line_1_66' title="bbox 194 4798 1871 4876; baseline 0 -18"><span class='ocrx_word' id='word_1_472' title='bbox 194 4818 381 4858; x_wconf 88' lang='lat' dir='ltr'>cuare</span> <span class='ocrx_word' id='word_1_473' title='bbox 403 4802 762 4876; x_wconf 87' lang='lat' dir='ltr'>disponens,</span> <span class='ocrx_word' id='word_1_474' title='bbox 784 4802 981 4858; x_wconf 89' lang='lat' dir='ltr'>carnis</span> <span class='ocrx_word' id='word_1_475' title='bbox 1005 4806 1224 4859; x_wconf 88' lang='lat' dir='ltr'>nostra</span> <span class='ocrx_word' id='word_1_476' title='bbox 1243 4798 1653 4858; x_wconf 87' lang='lat' dir='ltr'>morticinium</span> <span class='ocrx_word' id='word_1_477' title='bbox 1674 4817 1871 4858; x_wconf 83' lang='lat' dir='ltr'>susce-</span> 
     </span>
    </p>
   </div>
   <div class='ocr_carea' id='block_1_67' title="bbox 192 4887 1868 4964">
    <p class='ocr_par' dir='ltr' id='par_1_67' title="bbox 192 4887 1868 4964">
     <span class='ocr_line' id='line_1_67' title="bbox 192 4887 1868 4964; baseline 0 -18"><span class='ocrx_word' id='word_1_478' title='bbox 192 4891 303 4964; x_wconf 87' lang='lat' dir='ltr'>pit,</span> <span class='ocrx_word' id='word_1_479' title='bbox 346 4907 456 4964; x_wconf 91' lang='lat' dir='ltr'>per</span> <span class='ocrx_word' id='word_1_480' title='bbox 501 4906 692 4964; x_wconf 91' lang='lat' dir='ltr'>quam</span> <span class='ocrx_word' id='word_1_481' title='bbox 734 4890 1091 4947; x_wconf 90' lang='lat' dir='ltr'>immortalis</span> <span class='ocrx_word' id='word_1_482' title='bbox 1144 4888 1460 4947; x_wconf 90' lang='lat' dir='ltr'>moriendo</span> <span class='ocrx_word' id='word_1_483' title='bbox 1512 4887 1868 4961; x_wconf 90' lang='lat' dir='ltr'>captivitatis</span> 
     </span>
    </p>
   </div>
   <div class='ocr_carea' id='block_1_68' title="bbox 194 4972 1865 5048">
    <p class='ocr_par' dir='ltr' id='par_1_68' title="bbox 194 4972 1865 5048">
     <span class='ocr_line' id='line_1_68' title="bbox 194 4972 1865 5048; baseline 0 -18"><span class='ocrx_word' id='word_1_484' title='bbox 194 4980 421 5030; x_wconf 87' lang='lat' dir='ltr'>nostra</span> <span class='ocrx_word' id='word_1_485' title='bbox 442 4990 697 5031; x_wconf 89' lang='lat' dir='ltr'>causam</span> <span class='ocrx_word' id='word_1_486' title='bbox 712 4974 1005 5032; x_wconf 87' lang='lat' dir='ltr'>solvisset.</span> <span class='ocrx_word' id='word_1_487' title='bbox 1025 4975 1167 5033; x_wconf 87' lang='lat' dir='ltr'>Inde</span> <span class='ocrx_word' id='word_1_488' title='bbox 1196 4979 1285 5032; x_wconf 89' lang='lat' dir='ltr'>est</span> <span class='ocrx_word' id='word_1_489' title='bbox 1303 4972 1492 5048; x_wconf 90' lang='lat' dir='ltr'>quod,</span> <span class='ocrx_word' id='word_1_490' title='bbox 1523 4977 1865 5046; x_wconf 87' lang='lat' dir='ltr'>reparatam</span> 
     </span>
    </p>
   </div>
   <div class='ocr_carea' id='block_1_69' title="bbox 193 5062 1869 5136">
    <p class='ocr_par' dir='ltr' id='par_1_69' title="bbox 193 5062 1869 5136">
     <span class='ocr_line' id='line_1_69' title="bbox 193 5062 1869 5136; baseline 0.001 -16"><span class='ocrx_word' id='word_1_491' title='bbox 193 5063 489 5120; x_wconf 84' lang='lat' dir='ltr'>humana</span> <span class='ocrx_word' id='word_1_492' title='bbox 518 5062 767 5136; x_wconf 88' lang='lat' dir='ltr'>originis</span> <span class='ocrx_word' id='word_1_493' title='bbox 794 5062 1149 5135; x_wconf 89' lang='lat' dir='ltr'>dignitatem</span> <span class='ocrx_word' id='word_1_494' title='bbox 1171 5064 1367 5121; x_wconf 90' lang='lat' dir='ltr'>sciens</span> <span class='ocrx_word' id='word_1_495' title='bbox 1397 5076 1635 5136; x_wconf 88' lang='lat' dir='ltr'>semper</span> <span class='ocrx_word' id='word_1_496' title='bbox 1660 5062 1869 5121; x_wconf 81' lang='lat' dir='ltr'>diabo-</span> 
     </span>
    </p>
   </div>
   <div class='ocr_carea' id='block_1_70' title="bbox 194 5151 1869 5228">
    <p class='ocr_par' dir='ltr' id='par_1_70' title="bbox 194 5151 1869 5228">
     <span class='ocr_line' id='line_1_70' title="bbox 194 5151 1869 5228; baseline 0.001 -19"><span class='ocrx_word' id='word_1_497' title='bbox 194 5151 328 5210; x_wconf 89' lang='lat' dir='ltr'>lum</span> <span class='ocrx_word' id='word_1_498' title='bbox 355 5152 650 5222; x_wconf 88' lang='lat' dir='ltr'>invidere,</span> <span class='ocrx_word' id='word_1_499' title='bbox 674 5156 732 5210; x_wconf 89' lang='lat' dir='ltr'>et</span> <span class='ocrx_word' id='word_1_500' title='bbox 757 5152 1038 5228; x_wconf 87' lang='lat' dir='ltr'>nequitia</span> <span class='ocrx_word' id='word_1_501' title='bbox 1070 5170 1195 5210; x_wconf 91' lang='lat' dir='ltr'>sua</span> <span class='ocrx_word' id='word_1_502' title='bbox 1224 5157 1350 5210; x_wconf 91' lang='lat' dir='ltr'>arte</span> <span class='ocrx_word' id='word_1_503' title='bbox 1377 5167 1649 5226; x_wconf 87' lang='lat' dir='ltr'>quarere</span> <span class='ocrx_word' id='word_1_504' title='bbox 1678 5152 1869 5226; x_wconf 89' lang='lat' dir='ltr'>quali-</span> 
     </span>
    </p>
   </div>
   <div class='ocr_carea' id='block_1_71' title="bbox 197 5240 1862 5310">
    <p class='ocr_par' dir='ltr' id='par_1_71' title="bbox 197 5240 1862 5310">
     <span class='ocr_line' id='line_1_71' title="bbox 197 5240 1862 5310; baseline -0.001 -11"><span class='ocrx_word' id='word_1_505' title='bbox 197 5247 284 5299; x_wconf 88' lang='lat' dir='ltr'>ter</span> <span class='ocrx_word' id='word_1_506' title='bbox 316 5242 629 5300; x_wconf 87' lang='lat' dir='ltr'>hominem</span> <span class='ocrx_word' id='word_1_507' title='bbox 661 5259 697 5300; x_wconf 91' lang='lat' dir='ltr'>a</span> <span class='ocrx_word' id='word_1_508' title='bbox 729 5242 821 5299; x_wconf 90' lang='lat' dir='ltr'>sui</span> <span class='ocrx_word' id='word_1_509' title='bbox 851 5242 1151 5300; x_wconf 89' lang='lat' dir='ltr'>voluntate</span> <span class='ocrx_word' id='word_1_510' title='bbox 1182 5240 1515 5300; x_wconf 89' lang='lat' dir='ltr'>Conditoris</span> <span class='ocrx_word' id='word_1_511' title='bbox 1554 5245 1862 5310; x_wconf 88' lang='lat' dir='ltr'>averteret,</span> 
     </span>
    </p>
   </div>
   <div class='ocr_carea' id='block_1_72' title="bbox 196 5330 1866 5408">
    <p class='ocr_par' dir='ltr' id='par_1_72' title="bbox 196 5330 1866 5408">
     <span class='ocr_line' id='line_1_72' title="bbox 196 5330 1866 5408; baseline 0 -19"><span class='ocrx_word' id='word_1_512' title='bbox 196 5338 254 5390; x_wconf 87' lang='lat' dir='ltr'>et</span> <span class='ocrx_word' id='word_1_513' title='bbox 280 5334 553 5407; x_wconf 86' lang='lat' dir='ltr'>antiqua</span> <span class='ocrx_word' id='word_1_514' title='bbox 579 5334 920 5408; x_wconf 89' lang='lat' dir='ltr'>perditioni,</span> <span class='ocrx_word' id='word_1_515' title='bbox 957 5334 1007 5390; x_wconf 91' lang='lat' dir='ltr'>si</span> <span class='ocrx_word' id='word_1_516' title='bbox 1046 5334 1139 5390; x_wconf 87' lang='lat' dir='ltr'>fas</span> <span class='ocrx_word' id='word_1_517' title='bbox 1164 5337 1340 5402; x_wconf 88' lang='lat' dir='ltr'>esset,</span> <span class='ocrx_word' id='word_1_518' title='bbox 1368 5330 1701 5390; x_wconf 80' lang='lat' dir='ltr'>obnoxium</span> <span class='ocrx_word' id='word_1_519' title='bbox 1727 5332 1866 5389; x_wconf 90' lang='lat' dir='ltr'>red-</span> 
     </span>
    </p>
   </div>
   <div class='ocr_carea' id='block_1_73' title="bbox 196 5419 1865 5492">
    <p class='ocr_par' dir='ltr' id='par_1_73' title="bbox 196 5419 1865 5492">
     <span class='ocr_line' id='line_1_73' title="bbox 196 5419 1865 5492; baseline -0.001 -15"><span class='ocrx_word' id='word_1_520' title='bbox 196 5422 366 5478; x_wconf 89' lang='lat' dir='ltr'>deret</span> <span class='ocrx_word' id='word_1_521' title='bbox 398 5439 413 5476; x_wconf 90' lang='lat'><strong>:</strong></span> <span class='ocrx_word' id='word_1_522' title='bbox 447 5422 749 5478; x_wconf 88' lang='lat' dir='ltr'>defectum</span> <span class='ocrx_word' id='word_1_523' title='bbox 774 5427 992 5479; x_wconf 88' lang='lat' dir='ltr'>nostra</span> <span class='ocrx_word' id='word_1_524' title='bbox 1036 5420 1365 5492; x_wconf 87' lang='lat' dir='ltr'>fragilitatis</span> <span class='ocrx_word' id='word_1_525' title='bbox 1388 5419 1727 5490; x_wconf 89' lang='lat' dir='ltr'>miseratus,</span> <span class='ocrx_word' id='word_1_526' title='bbox 1761 5421 1865 5477; x_wconf 89' lang='lat' dir='ltr'>ad-</span> 
     </span>
    </p>
   </div>
   <div class='ocr_carea' id='block_1_74' title="bbox 196 5509 1856 5586">
    <p class='ocr_par' dir='ltr' id='par_1_74' title="bbox 196 5509 1856 5586">
     <span class='ocr_line' id='line_1_74' title="bbox 196 5509 1856 5586; baseline -0.002 -19"><span class='ocrx_word' id='word_1_527' title='bbox 196 5527 409 5567; x_wconf 82' lang='lat' dir='ltr'>versus</span> <span class='ocrx_word' id='word_1_528' title='bbox 438 5510 827 5586; x_wconf 58' lang='lat' dir='ltr'>quotidianus</span> <span class='ocrx_word' id='word_1_529' title='bbox 869 5515 1087 5568; x_wconf 87' lang='lat' dir='ltr'>nostra</span> <span class='ocrx_word' id='word_1_530' title='bbox 1135 5509 1542 5583; x_wconf 89' lang='lat' dir='ltr'>prolapsionis</span> <span class='ocrx_word' id='word_1_531' title='bbox 1591 5509 1856 5566; x_wconf 80' lang='lat' dir='ltr'>offensas</span> 
     </span>
    </p>
   </div>
   <div class='ocr_carea' id='block_1_75' title="bbox 637 5601 1095 5659">
    <p class='ocr_par' dir='ltr' id='par_1_75' title="bbox 637 5601 1095 5659">
     <span class='ocr_line' id='line_1_75' title="bbox 637 5601 1095 5659; baseline -0.002 -4"><span class='ocrx_word' id='word_1_532' title='bbox 637 5602 879 5656; x_wconf 71' lang='lat' dir='ltr'>PAIROL.</span> <span class='ocrx_word' id='word_1_533' title='bbox 923 5601 1095 5659; x_wconf 88' lang='lat' dir='ltr'>CXLI.</span> 
     </span>
    </p>
   </div>
   <div class='ocr_carea' id='block_1_76' title="bbox 1988 1588 3656 1670">
    <p class='ocr_par' dir='ltr' id='par_1_76' title="bbox 1988 1588 3656 1670">
     <span class='ocr_line' id='line_1_76' title="bbox 1988 1588 3656 1670; baseline 0.005 -26"><span class='ocrx_word' id='word_1_534' title='bbox 1988 1588 2114 1645; x_wconf 88' lang='lat' dir='ltr'>veri</span> <span class='ocrx_word' id='word_1_535' title='bbox 2138 1589 2414 1660; x_wconf 85' lang='lat' dir='ltr'>magistri</span> <span class='ocrx_word' id='word_1_536' title='bbox 2457 1592 2803 1650; x_wconf 88' lang='lat' dir='ltr'>auctoritate</span> <span class='ocrx_word' id='word_1_537' title='bbox 2833 1595 3105 1667; x_wconf 88' lang='lat' dir='ltr'>animati,</span> <span class='ocrx_word' id='word_1_538' title='bbox 3150 1595 3297 1653; x_wconf 90' lang='lat' dir='ltr'>dum</span> <span class='ocrx_word' id='word_1_539' title='bbox 3330 1597 3563 1670; x_wconf 90' lang='lat' dir='ltr'>corpori</span> <span class='ocrx_word' id='word_1_540' title='bbox 3596 1602 3656 1654; x_wconf 89' lang='lat' dir='ltr'>et</span> 
     </span>
    </p>
   </div>
   <div class='ocr_carea' id='block_1_77' title="bbox 1992 1677 3654 1750">
    <p class='ocr_par' dir='ltr' id='par_1_77' title="bbox 1992 1677 3654 1750">
     <span class='ocr_line' id='line_1_77' title="bbox 1992 1677 3654 1750; baseline 0.005 -17"><span class='ocrx_word' id='word_1_541' title='bbox 1992 1677 2277 1749; x_wconf 90' lang='lat' dir='ltr'>sanguini</span> <span class='ocrx_word' id='word_1_542' title='bbox 2307 1677 2437 1749; x_wconf 88' lang='lat' dir='ltr'>ejus</span> <span class='ocrx_word' id='word_1_543' title='bbox 2488 1681 3028 1750; x_wconf 88' lang='lat' dir='ltr'>communicamus,</span> <span class='ocrx_word' id='word_1_544' title='bbox 3078 1684 3368 1742; x_wconf 89' lang='lat' dir='ltr'>audenter</span> <span class='ocrx_word' id='word_1_545' title='bbox 3397 1686 3654 1742; x_wconf 81' lang='lat' dir='ltr'>fatemur</span> 
     </span>
    </p>
   </div>
   <div class='ocr_carea' id='block_1_78' title="bbox 1989 1765 3650 1844">
    <p class='ocr_par' dir='ltr' id='par_1_78' title="bbox 1989 1765 3650 1844">
     <span class='ocr_line' id='line_1_78' title="bbox 1989 1765 3650 1844; baseline 0.002 -21"><span class='ocrx_word' id='word_1_546' title='bbox 1989 1780 2105 1823; x_wconf 92' lang='lat' dir='ltr'>nos</span> <span class='ocrx_word' id='word_1_547' title='bbox 2132 1765 2196 1822; x_wconf 92' lang='lat' dir='ltr'>in</span> <span class='ocrx_word' id='word_1_548' title='bbox 2246 1781 2466 1839; x_wconf 89' lang='lat' dir='ltr'>corpus</span> <span class='ocrx_word' id='word_1_549' title='bbox 2492 1766 2648 1824; x_wconf 90' lang='lat' dir='ltr'>illius</span> <span class='ocrx_word' id='word_1_550' title='bbox 2680 1771 3039 1843; x_wconf 88' lang='lat' dir='ltr'>transfundi,</span> <span class='ocrx_word' id='word_1_551' title='bbox 3069 1776 3126 1827; x_wconf 91' lang='lat' dir='ltr'>et</span> <span class='ocrx_word' id='word_1_552' title='bbox 3153 1771 3355 1844; x_wconf 88' lang='lat' dir='ltr'>ipsum</span> <span class='ocrx_word' id='word_1_553' title='bbox 3384 1772 3444 1828; x_wconf 91' lang='lat' dir='ltr'>in</span> <span class='ocrx_word' id='word_1_554' title='bbox 3474 1771 3650 1829; x_wconf 89' lang='lat' dir='ltr'>nobis</span> 
     </span>
    </p>
   </div>
   <div class='ocr_carea' id='block_1_79' title="bbox 1992 1855 3651 1931">
    <p class='ocr_par' dir='ltr' id='par_1_79' title="bbox 1992 1855 3651 1931">
     <span class='ocr_line' id='line_1_79' title="bbox 1992 1855 3651 1931; baseline 0.005 -20"><span class='ocrx_word' id='word_1_555' title='bbox 1992 1871 2261 1912; x_wconf 89' lang='lat' dir='ltr'>manere.</span> <span class='ocrx_word' id='word_1_556' title='bbox 2296 1859 2358 1911; x_wconf 85' lang='lat' dir='ltr'>in</span> <span class='ocrx_word' id='word_1_557' title='bbox 2389 1855 2563 1913; x_wconf 87' lang='lat' dir='ltr'>nobis</span> <span class='ocrx_word' id='word_1_558' title='bbox 2601 1857 2801 1930; x_wconf 89' lang='lat' dir='ltr'>ipsum</span> <span class='ocrx_word' id='word_1_559' title='bbox 2840 1876 3083 1917; x_wconf 90' lang='lat' dir='ltr'>manere</span> <span class='ocrx_word' id='word_1_560' title='bbox 3113 1861 3269 1931; x_wconf 94' lang='lat' dir='ltr'>dico,</span> <span class='ocrx_word' id='word_1_561' title='bbox 3300 1878 3422 1918; x_wconf 91' lang='lat' dir='ltr'>non</span> <span class='ocrx_word' id='word_1_562' title='bbox 3455 1861 3651 1918; x_wconf 90' lang='lat' dir='ltr'>solum</span> 
     </span>
    </p>
   </div>
   <div class='ocr_carea' id='block_1_80' title="bbox 1991 1944 3650 2025">
    <p class='ocr_par' dir='ltr' id='par_1_80' title="bbox 1991 1944 3650 2025">
     <span class='ocr_line' id='line_1_80' title="bbox 1991 1944 3650 2025; baseline 0.004 -26"><span class='ocrx_word' id='word_1_563' title='bbox 1991 1961 2099 2019; x_wconf 91' lang='lat' dir='ltr'>per</span> <span class='ocrx_word' id='word_1_564' title='bbox 2127 1944 2520 2002; x_wconf 86' lang='lat' dir='ltr'>concordiam</span> <span class='ocrx_word' id='word_1_565' title='bbox 2543 1947 2886 2013; x_wconf 84' lang='lat' dir='ltr'>voluntatis,</span> <span class='ocrx_word' id='word_1_566' title='bbox 2937 1949 3044 2007; x_wconf 92' lang='lat' dir='ltr'>sed</span> <span class='ocrx_word' id='word_1_567' title='bbox 3073 1950 3253 2008; x_wconf 90' lang='lat' dir='ltr'>etiam</span> <span class='ocrx_word' id='word_1_568' title='bbox 3286 1967 3392 2025; x_wconf 90' lang='lat' dir='ltr'>per</span> <span class='ocrx_word' id='word_1_569' title='bbox 3420 1956 3650 2007; x_wconf 86' lang='lat' dir='ltr'>natura</span> 
     </span>
    </p>
   </div>
   <div class='ocr_carea' id='block_1_81' title="bbox 1995 2032 3649 2108">
    <p class='ocr_par' dir='ltr' id='par_1_81' title="bbox 1995 2032 3649 2108">
     <span class='ocr_line' id='line_1_81' title="bbox 1995 2032 3649 2108; baseline 0.002 -17"><span class='ocrx_word' id='word_1_570' title='bbox 1995 2033 2177 2091; x_wconf 89' lang='lat' dir='ltr'>unita</span> <span class='ocrx_word' id='word_1_571' title='bbox 2205 2032 2534 2091; x_wconf 90' lang='lat' dir='ltr'>veritatem.</span> <span class='ocrx_word' id='word_1_572' title='bbox 2563 2035 2619 2093; x_wconf 89' lang='lat' dir='ltr'>Si</span> <span class='ocrx_word' id='word_1_573' title='bbox 2649 2036 2809 2094; x_wconf 90' lang='lat' dir='ltr'>enim</span> <span class='ocrx_word' id='word_1_574' title='bbox 2842 2037 3096 2095; x_wconf 89' lang='lat' dir='ltr'>Verbum</span> <span class='ocrx_word' id='word_1_575' title='bbox 3123 2056 3262 2096; x_wconf 88' lang='lat' dir='ltr'>caro</span> <span class='ocrx_word' id='word_1_576' title='bbox 3291 2038 3516 2096; x_wconf 89' lang='lat' dir='ltr'>factum</span> <span class='ocrx_word' id='word_1_577' title='bbox 3543 2044 3649 2108; x_wconf 90' lang='lat' dir='ltr'>est,</span> 
     </span>
    </p>
   </div>
   <div class='ocr_carea' id='block_1_82' title="bbox 1990 2124 3653 2185">
    <p class='ocr_par' dir='ltr' id='par_1_82' title="bbox 1990 2124 3653 2185">
     <span class='ocr_line' id='line_1_82' title="bbox 1990 2124 3653 2185; baseline 0.004 -5"><span class='ocrx_word' id='word_1_578' title='bbox 1990 2127 2049 2180; x_wconf 90' lang='lat' dir='ltr'>et</span> <span class='ocrx_word' id='word_1_579' title='bbox 2076 2138 2191 2179; x_wconf 88' lang='lat' dir='ltr'>nos</span> <span class='ocrx_word' id='word_1_580' title='bbox 2224 2137 2363 2179; x_wconf 91' lang='lat' dir='ltr'>vere</span> <span class='ocrx_word' id='word_1_581' title='bbox 2393 2124 2648 2181; x_wconf 91' lang='lat' dir='ltr'>verbum</span> <span class='ocrx_word' id='word_1_582' title='bbox 2680 2141 2923 2185; x_wconf 89' lang='lat' dir='ltr'>carnem</span> <span class='ocrx_word' id='word_1_583' title='bbox 2963 2127 3097 2185; x_wconf 93' lang='lat' dir='ltr'>cibo</span> <span class='ocrx_word' id='word_1_584' title='bbox 3126 2128 3435 2185; x_wconf 90' lang='lat' dir='ltr'>Dominico</span> <span class='ocrx_word' id='word_1_585' title='bbox 3470 2128 3653 2185; x_wconf 85' lang='lat' dir='ltr'>sumi-</span> 
     </span>
    </p>
   </div>
   <div class='ocr_carea' id='block_1_83' title="bbox 1990 2212 3651 2285">
    <p class='ocr_par' dir='ltr' id='par_1_83' title="bbox 1990 2212 3651 2285">
     <span class='ocr_line' id='line_1_83' title="bbox 1990 2212 3651 2285; baseline 0.004 -18"><span class='ocrx_word' id='word_1_586' title='bbox 1990 2228 2155 2280; x_wconf 91' lang='lat' dir='ltr'>mus,</span> <span class='ocrx_word' id='word_1_587' title='bbox 2206 2212 2518 2285; x_wconf 90' lang='lat' dir='ltr'>quomodo</span> <span class='ocrx_word' id='word_1_588' title='bbox 2549 2229 2669 2270; x_wconf 92' lang='lat' dir='ltr'>non</span> <span class='ocrx_word' id='word_1_589' title='bbox 2700 2216 3050 2273; x_wconf 89' lang='lat' dir='ltr'>naturaliter</span> <span class='ocrx_word' id='word_1_590' title='bbox 3080 2217 3345 2275; x_wconf 89' lang='lat' dir='ltr'>Christus</span> <span class='ocrx_word' id='word_1_591' title='bbox 3382 2217 3445 2272; x_wconf 91' lang='lat' dir='ltr'>in</span> <span class='ocrx_word' id='word_1_592' title='bbox 3474 2216 3651 2274; x_wconf 91' lang='lat' dir='ltr'>nobis</span> 
     </span>
    </p>
   </div>
   <div class='ocr_carea' id='block_1_84' title="bbox 1988 2300 3653 2380">
    <p class='ocr_par' dir='ltr' id='par_1_84' title="bbox 1988 2300 3653 2380">
     <span class='ocr_line' id='line_1_84' title="bbox 1988 2300 3653 2380; baseline 0.002 -22"><span class='ocrx_word' id='word_1_593' title='bbox 1988 2317 2240 2358; x_wconf 89' lang='lat' dir='ltr'>manere</span> <span class='ocrx_word' id='word_1_594' title='bbox 2279 2300 2711 2361; x_wconf 83' lang='lat' dir='ltr'>existimandus</span> <span class='ocrx_word' id='word_1_595' title='bbox 2742 2310 2827 2362; x_wconf 87' lang='lat' dir='ltr'>est</span> <span class='ocrx_word' id='word_1_596' title='bbox 2853 2306 2880 2361; x_wconf 65' lang='grc' dir='ltr'>ἱ)</span> <span class='ocrx_word' id='word_1_597' title='bbox 2925 2306 3029 2380; x_wconf 90' lang='lat' dir='ltr'>qui</span> <span class='ocrx_word' id='word_1_598' title='bbox 3058 2310 3116 2363; x_wconf 90' lang='lat' dir='ltr'>et</span> <span class='ocrx_word' id='word_1_599' title='bbox 3143 2311 3425 2364; x_wconf 89' lang='lat' dir='ltr'>naturam</span> <span class='ocrx_word' id='word_1_600' title='bbox 3455 2306 3653 2364; x_wconf 90' lang='lat' dir='ltr'>carnis</span> 
     </span>
    </p>
   </div>
   <div class='ocr_carea' id='block_1_85' title="bbox 1988 2389 3653 2465">
    <p class='ocr_par' dir='ltr' id='par_1_85' title="bbox 1988 2389 3653 2465">
     <span class='ocr_line' id='line_1_85' title="bbox 1988 2389 3653 2465; baseline 0.003 -18"><span class='ocrx_word' id='word_1_601' title='bbox 1988 2394 2211 2448; x_wconf 88' lang='lat' dir='ltr'>nostra</span> <span class='ocrx_word' id='word_1_602' title='bbox 2231 2390 2361 2461; x_wconf 87' lang='lat' dir='ltr'>jam</span> <span class='ocrx_word' id='word_1_603' title='bbox 2376 2389 2845 2465; x_wconf 90' lang='lat' dir='ltr'>inseparabilem</span> <span class='ocrx_word' id='word_1_604' title='bbox 2871 2393 2985 2451; x_wconf 91' lang='lat' dir='ltr'>sibi</span> <span class='ocrx_word' id='word_1_605' title='bbox 2998 2394 3184 2453; x_wconf 90' lang='lat' dir='ltr'>homo</span> <span class='ocrx_word' id='word_1_606' title='bbox 3206 2400 3391 2459; x_wconf 7' lang='lat' dir='ltr'>(natus</span> <span class='ocrx_word' id='word_1_607' title='bbox 3420 2411 3653 2452; x_wconf 88' lang='lat' dir='ltr'>assum-</span> 
     </span>
    </p>
   </div>
   <div class='ocr_carea' id='block_1_86' title="bbox 1987 2482 3653 2558">
    <p class='ocr_par' dir='ltr' id='par_1_86' title="bbox 1987 2482 3653 2558">
     <span class='ocr_line' id='line_1_86' title="bbox 1987 2482 3653 2558; baseline 0.001 -20"><span class='ocrx_word' id='word_1_608' title='bbox 1987 2482 2195 2558; x_wconf 89' lang='lat' dir='ltr'>psit,et</span> <span class='ocrx_word' id='word_1_609' title='bbox 2222 2485 2503 2538; x_wconf 89' lang='lat' dir='ltr'>naturam</span> <span class='ocrx_word' id='word_1_610' title='bbox 2523 2482 2718 2539; x_wconf 89' lang='lat' dir='ltr'>carnis</span> <span class='ocrx_word' id='word_1_611' title='bbox 2751 2501 2875 2541; x_wconf 88' lang='lat' dir='ltr'>sua</span> <span class='ocrx_word' id='word_1_612' title='bbox 2902 2485 2980 2542; x_wconf 89' lang='lat' dir='ltr'>ad</span> <span class='ocrx_word' id='word_1_613' title='bbox 3005 2489 3287 2544; x_wconf 90' lang='lat' dir='ltr'>naturam</span> <span class='ocrx_word' id='word_1_614' title='bbox 3309 2485 3653 2544; x_wconf 86' lang='lat' dir='ltr'>aternitatis</span> 
     </span>
    </p>
   </div>
   <div class='ocr_carea' id='block_1_87' title="bbox 1989 2560 3771 2647">
    <p class='ocr_par' dir='ltr' id='par_1_87' title="bbox 1989 2560 3771 2647">
     <span class='ocr_line' id='line_1_87' title="bbox 1989 2560 3771 2647; baseline 0.001 -18"><span class='ocrx_word' id='word_1_615' title='bbox 1989 2572 2105 2629; x_wconf 89' lang='lat' dir='ltr'>sub</span> <span class='ocrx_word' id='word_1_616' title='bbox 2150 2560 2527 2629; x_wconf 78' lang='lat' dir='ltr'>sacramento</span> <span class='ocrx_word' id='word_1_617' title='bbox 2557 2572 2732 2629; x_wconf 84' lang='lat' dir='ltr'>nobis</span> <span class='ocrx_word' id='word_1_618' title='bbox 2763 2573 3287 2632; x_wconf 90' lang='lat' dir='ltr'>communicanda</span> <span class='ocrx_word' id='word_1_619' title='bbox 3319 2576 3519 2632; x_wconf 91' lang='lat' dir='ltr'>carnis</span> <span class='ocrx_word' id='word_1_620' title='bbox 3551 2573 3655 2631; x_wconf 87' lang='lat' dir='ltr'>ad-</span> <span class='ocrx_word' id='word_1_621' title='bbox 3744 2630 3771 2647; x_wconf 43' lang='grc' dir='ltr'><em>κ</em></span> 
     </span>
    </p>
   </div>
   <div class='ocr_carea' id='block_1_88' title="bbox 1987 2659 3656 2737">
    <p class='ocr_par' dir='ltr' id='par_1_88' title="bbox 1987 2659 3656 2737">
     <span class='ocr_line' id='line_1_88' title="bbox 1987 2659 3656 2737; baseline 0 -19"><span class='ocrx_word' id='word_1_622' title='bbox 1987 2659 2276 2718; x_wconf 81' lang='lat' dir='ltr'>miscuit?</span> <span class='ocrx_word' id='word_1_623' title='bbox 2306 2660 2390 2717; x_wconf 89' lang='lat' dir='ltr'>Ita</span> <span class='ocrx_word' id='word_1_624' title='bbox 2421 2676 2564 2731; x_wconf 90' lang='lat' dir='ltr'>ergo</span> <span class='ocrx_word' id='word_1_625' title='bbox 2587 2660 2648 2717; x_wconf 93' lang='lat' dir='ltr'>in</span> <span class='ocrx_word' id='word_1_626' title='bbox 2676 2664 2797 2719; x_wconf 90' lang='lat' dir='ltr'>Deo</span> <span class='ocrx_word' id='word_1_627' title='bbox 2817 2679 3049 2735; x_wconf 83' lang='lat' dir='ltr'>sumus,</span> <span class='ocrx_word' id='word_1_628' title='bbox 3067 2665 3215 2737; x_wconf 91' lang='lat' dir='ltr'>quia</span> <span class='ocrx_word' id='word_1_629' title='bbox 3238 2667 3299 2720; x_wconf 90' lang='lat' dir='ltr'>et</span> <span class='ocrx_word' id='word_1_630' title='bbox 3327 2663 3390 2718; x_wconf 90' lang='lat' dir='ltr'>in</span> <span class='ocrx_word' id='word_1_631' title='bbox 3421 2663 3656 2721; x_wconf 89' lang='lat' dir='ltr'>Christo</span> 
     </span>
    </p>
   </div>
   <div class='ocr_carea' id='block_1_89' title="bbox 1986 2749 3658 2814">
    <p class='ocr_par' dir='ltr' id='par_1_89' title="bbox 1986 2749 3658 2814">
     <span class='ocr_line' id='line_1_89' title="bbox 1986 2749 3658 2814; baseline -0.001 -5"><span class='ocrx_word' id='word_1_632' title='bbox 1986 2756 2156 2809; x_wconf 91' lang='lat' dir='ltr'>Pater</span> <span class='ocrx_word' id='word_1_633' title='bbox 2184 2755 2272 2808; x_wconf 90' lang='lat' dir='ltr'>est</span> <span class='ocrx_word' id='word_1_634' title='bbox 2296 2754 2354 2807; x_wconf 89' lang='lat' dir='ltr'>et</span> <span class='ocrx_word' id='word_1_635' title='bbox 2379 2749 2642 2807; x_wconf 90' lang='lat' dir='ltr'>Christus</span> <span class='ocrx_word' id='word_1_636' title='bbox 2684 2750 2748 2809; x_wconf 91' lang='lat' dir='ltr'>in</span> <span class='ocrx_word' id='word_1_637' title='bbox 2775 2752 2953 2809; x_wconf 91' lang='lat' dir='ltr'>nobis</span> <span class='ocrx_word' id='word_1_638' title='bbox 2985 2757 3094 2810; x_wconf 90' lang='lat' dir='ltr'>est.</span> <span class='ocrx_word' id='word_1_639' title='bbox 3145 2757 3295 2814; x_wconf 88' lang='lat' dir='ltr'>Cum</span> <span class='ocrx_word' id='word_1_640' title='bbox 3322 2767 3471 2811; x_wconf 91' lang='lat' dir='ltr'>vero</span> <span class='ocrx_word' id='word_1_641' title='bbox 3503 2753 3565 2810; x_wconf 92' lang='lat' dir='ltr'>in</span> <span class='ocrx_word' id='word_1_642' title='bbox 3593 2768 3658 2809; x_wconf 90' lang='lat' dir='ltr'>re</span> 
     </span>
    </p>
   </div>
   <div class='ocr_carea' id='block_1_90' title="bbox 1985 2840 3659 2914">
    <p class='ocr_par' dir='ltr' id='par_1_90' title="bbox 1985 2840 3659 2914">
     <span class='ocr_line' id='line_1_90' title="bbox 1985 2840 3659 2914; baseline 0.001 -15"><span class='ocrx_word' id='word_1_643' title='bbox 1985 2840 2154 2899; x_wconf 92' lang='lat' dir='ltr'>omni</span> <span class='ocrx_word' id='word_1_644' title='bbox 2183 2841 2304 2898; x_wconf 90' lang='lat' dir='ltr'>sint</span> <span class='ocrx_word' id='word_1_645' title='bbox 2328 2855 2472 2911; x_wconf 90' lang='lat' dir='ltr'>erga</span> <span class='ocrx_word' id='word_1_646' title='bbox 2497 2857 2613 2897; x_wconf 91' lang='lat' dir='ltr'>nos</span> <span class='ocrx_word' id='word_1_647' title='bbox 2629 2840 3076 2899; x_wconf 90' lang='lat' dir='ltr'>inastimabiles</span> <span class='ocrx_word' id='word_1_648' title='bbox 3099 2843 3327 2902; x_wconf 86' lang='lat' dir='ltr'>divitia</span> <span class='ocrx_word' id='word_1_649' title='bbox 3360 2844 3483 2914; x_wconf 91' lang='lat' dir='ltr'>Dei,</span> <span class='ocrx_word' id='word_1_650' title='bbox 3504 2843 3659 2902; x_wconf 90' lang='lat' dir='ltr'>adeo</span> 
     </span>
    </p>
   </div>
   <div class='ocr_carea' id='block_1_91' title="bbox 1986 2930 3659 3007">
    <p class='ocr_par' dir='ltr' id='par_1_91' title="bbox 1986 2930 3659 3007">
     <span class='ocr_line' id='line_1_91' title="bbox 1986 2930 3659 3007; baseline 0.002 -19"><span class='ocrx_word' id='word_1_651' title='bbox 1986 2936 2054 2988; x_wconf 88' lang='lat' dir='ltr'>ut</span> <span class='ocrx_word' id='word_1_652' title='bbox 2103 2931 2416 3003; x_wconf 87' lang='lat' dir='ltr'>majestate</span> <span class='ocrx_word' id='word_1_653' title='bbox 2462 2930 2820 2988; x_wconf 89' lang='lat' dir='ltr'>abscondita</span> <span class='ocrx_word' id='word_1_654' title='bbox 2875 2934 3264 3006; x_wconf 62' lang='lat' dir='ltr'>norruptibile</span> <span class='ocrx_word' id='word_1_655' title='bbox 3313 2949 3425 3007; x_wconf 90' lang='lat' dir='ltr'>pro</span> <span class='ocrx_word' id='word_1_656' title='bbox 3480 2933 3659 2993; x_wconf 87' lang='lat' dir='ltr'>nobis</span> 
     </span>
    </p>
   </div>
   <div class='ocr_carea' id='block_1_92' title="bbox 1983 3018 3659 3095">
    <p class='ocr_par' dir='ltr' id='par_1_92' title="bbox 1983 3018 3659 3095">
     <span class='ocr_line' id='line_1_92' title="bbox 1983 3018 3659 3095; baseline 0.002 -16"><span class='ocrx_word' id='word_1_657' title='bbox 1983 3036 2204 3094; x_wconf 92' lang='lat' dir='ltr'>corpus</span> <span class='ocrx_word' id='word_1_658' title='bbox 2229 3018 2518 3087; x_wconf 86' lang='lat' dir='ltr'>induerit;</span> <span class='ocrx_word' id='word_1_659' title='bbox 2541 3019 2916 3077; x_wconf 91' lang='lat' dir='ltr'>contumeliis</span> <span class='ocrx_word' id='word_1_660' title='bbox 2947 3026 3004 3078; x_wconf 93' lang='lat' dir='ltr'>et</span> <span class='ocrx_word' id='word_1_661' title='bbox 3032 3021 3423 3095; x_wconf 88' lang='lat' dir='ltr'>passionibus</span> <span class='ocrx_word' id='word_1_662' title='bbox 3457 3023 3659 3082; x_wconf 89' lang='lat' dir='ltr'>subdi-</span> 
     </span>
    </p>
   </div>
   <div class='ocr_carea' id='block_1_93' title="bbox 1982 3109 3659 3189">
    <p class='ocr_par' dir='ltr' id='par_1_93' title="bbox 1982 3109 3659 3189">
     <span class='ocr_line' id='line_1_93' title="bbox 1982 3109 3659 3189; baseline 0.003 -22"><span class='ocrx_word' id='word_1_663' title='bbox 1982 3109 2155 3180; x_wconf 88' lang='lat' dir='ltr'>derit,</span> <span class='ocrx_word' id='word_1_664' title='bbox 2207 3124 2330 3183; x_wconf 93' lang='lat' dir='ltr'>quo</span> <span class='ocrx_word' id='word_1_665' title='bbox 2380 3124 2560 3181; x_wconf 92' lang='lat' dir='ltr'>opem</span> <span class='ocrx_word' id='word_1_666' title='bbox 2598 3109 2774 3166; x_wconf 88' lang='lat' dir='ltr'>ferret</span> <span class='ocrx_word' id='word_1_667' title='bbox 2807 3116 3128 3183; x_wconf 88' lang='lat' dir='ltr'>assumpto</span> <span class='ocrx_word' id='word_1_668' title='bbox 3173 3111 3405 3170; x_wconf 91' lang='lat' dir='ltr'>homini</span> <span class='ocrx_word' id='word_1_669' title='bbox 3439 3133 3452 3183; x_wconf 92' lang='lat'><strong>;</strong></span> <span class='ocrx_word' id='word_1_670' title='bbox 3512 3115 3659 3189; x_wconf 90' lang='lat' dir='ltr'>quid</span> 
     </span>
    </p>
   </div>
   <div class='ocr_carea' id='block_1_94' title="bbox 1980 3195 3654 3274">
    <p class='ocr_par' dir='ltr' id='par_1_94' title="bbox 1980 3195 3654 3274">
     <span class='ocr_line' id='line_1_94' title="bbox 1980 3195 3654 3274; baseline 0.004 -20"><span class='ocrx_word' id='word_1_671' title='bbox 1980 3197 2301 3268; x_wconf 90' lang='lat' dir='ltr'>indignum</span> <span class='ocrx_word' id='word_1_672' title='bbox 2328 3200 2447 3253; x_wconf 91' lang='lat' dir='ltr'>Deo</span> <span class='ocrx_word' id='word_1_673' title='bbox 2469 3195 2729 3268; x_wconf 89' lang='lat' dir='ltr'>judicari</span> <span class='ocrx_word' id='word_1_674' title='bbox 2753 3202 2969 3270; x_wconf 89' lang='lat' dir='ltr'>potest,</span> <span class='ocrx_word' id='word_1_675' title='bbox 3000 3199 3111 3270; x_wconf 92' lang='lat' dir='ltr'>qui</span> <span class='ocrx_word' id='word_1_676' title='bbox 3138 3204 3377 3257; x_wconf 88' lang='lat' dir='ltr'>uterum</span> <span class='ocrx_word' id='word_1_677' title='bbox 3401 3203 3654 3274; x_wconf 87' lang='lat' dir='ltr'>Virginis</span> 
     </span>
    </p>
   </div>
   <div class='ocr_carea' id='block_1_95' title="bbox 1982 3285 3655 3364">
    <p class='ocr_par' dir='ltr' id='par_1_95' title="bbox 1982 3285 3655 3364">
     <span class='ocr_line' id='line_1_95' title="bbox 1982 3285 3655 3364; baseline 0.004 -20"><span class='ocrx_word' id='word_1_678' title='bbox 1982 3287 2185 3356; x_wconf 88' lang='lat' dir='ltr'>subiit,</span> <span class='ocrx_word' id='word_1_679' title='bbox 2218 3286 2267 3343; x_wconf 91' lang='lat' dir='ltr'>si</span> <span class='ocrx_word' id='word_1_680' title='bbox 2292 3285 2624 3357; x_wconf 86' lang='lat' dir='ltr'>virginibus</span> <span class='ocrx_word' id='word_1_681' title='bbox 2665 3285 2874 3343; x_wconf 90' lang='lat' dir='ltr'>creatis</span> <span class='ocrx_word' id='word_1_682' title='bbox 2904 3285 3246 3346; x_wconf 88' lang='lat' dir='ltr'>infunditur</span> <span class='ocrx_word' id='word_1_683' title='bbox 3276 3289 3303 3345; x_wconf 89' lang='lat'><strong>?</strong></span> <span class='ocrx_word' id='word_1_684' title='bbox 3352 3307 3491 3364; x_wconf 86' lang='lat' dir='ltr'>qua</span> <span class='ocrx_word' id='word_1_685' title='bbox 3519 3293 3655 3350; x_wconf 91' lang='lat' dir='ltr'>licet</span> 
     </span>
    </p>
   </div>
   <div class='ocr_carea' id='block_1_96' title="bbox 1982 3374 3648 3455">
    <p class='ocr_par' dir='ltr' id='par_1_96' title="bbox 1982 3374 3648 3455">
     <span class='ocr_line' id='line_1_96' title="bbox 1982 3374 3648 3455; baseline 0.004 -22"><span class='ocrx_word' id='word_1_686' title='bbox 1982 3374 2268 3450; x_wconf 87' lang='lat' dir='ltr'>simplicis</span> <span class='ocrx_word' id='word_1_687' title='bbox 2298 3379 2527 3433; x_wconf 90' lang='lat' dir='ltr'>natura</span> <span class='ocrx_word' id='word_1_688' title='bbox 2548 3374 2734 3448; x_wconf 91' lang='lat' dir='ltr'>paulo</span> <span class='ocrx_word' id='word_1_689' title='bbox 2760 3378 2896 3431; x_wconf 89' lang='lat' dir='ltr'>ante</span> <span class='ocrx_word' id='word_1_690' title='bbox 2941 3375 3269 3448; x_wconf 85' lang='lat' dir='ltr'>praferant</span> <span class='ocrx_word' id='word_1_691' title='bbox 3296 3377 3648 3455; x_wconf 90' lang='lat' dir='ltr'>imaginem,</span> 
     </span>
    </p>
   </div>
   <div class='ocr_carea' id='block_1_97' title="bbox 1981 3463 3651 3545">
    <p class='ocr_par' dir='ltr' id='par_1_97' title="bbox 1981 3463 3651 3545">
     <span class='ocr_line' id='line_1_97' title="bbox 1981 3463 3651 3545; baseline 0.004 -24"><span class='ocrx_word' id='word_1_692' title='bbox 1981 3464 2376 3539; x_wconf 89' lang='lat' dir='ltr'>postmodum</span> <span class='ocrx_word' id='word_1_693' title='bbox 2403 3463 2676 3529; x_wconf 72' lang='lat' dir='ltr'>caelestis,</span> <span class='ocrx_word' id='word_1_694' title='bbox 2711 3463 2817 3521; x_wconf 92' lang='lat' dir='ltr'>ubi</span> <span class='ocrx_word' id='word_1_695' title='bbox 2854 3463 3330 3525; x_wconf 87' lang='lat' dir='ltr'>sanctiﬁcatione</span> <span class='ocrx_word' id='word_1_696' title='bbox 3361 3468 3651 3545; x_wconf 89' lang='lat' dir='ltr'>inspirata</span> 
     </span>
    </p>
   </div>
   <div class='ocr_carea' id='block_1_98' title="bbox 1982 3553 3649 3634">
    <p class='ocr_par' dir='ltr' id='par_1_98' title="bbox 1982 3553 3649 3634">
     <span class='ocr_line' id='line_1_98' title="bbox 1982 3553 3649 3634; baseline 0.003 -22"><span class='ocrx_word' id='word_1_697' title='bbox 1982 3556 2269 3627; x_wconf 88' lang='lat' dir='ltr'>majestas</span> <span class='ocrx_word' id='word_1_698' title='bbox 2297 3571 2441 3612; x_wconf 87' lang='lat' dir='ltr'>vera</span> <span class='ocrx_word' id='word_1_699' title='bbox 2470 3553 2846 3622; x_wconf 81' lang='lat' dir='ltr'>diffunditur,</span> <span class='ocrx_word' id='word_1_700' title='bbox 2872 3557 2931 3610; x_wconf 90' lang='lat' dir='ltr'>et</span> <span class='ocrx_word' id='word_1_701' title='bbox 2954 3569 3094 3627; x_wconf 89' lang='lat' dir='ltr'>qua</span> <span class='ocrx_word' id='word_1_702' title='bbox 3118 3556 3454 3617; x_wconf 90' lang='lat' dir='ltr'>substantia</span> <span class='ocrx_word' id='word_1_703' title='bbox 3474 3560 3649 3634; x_wconf 90' lang='lat' dir='ltr'>panis</span> 
     </span>
    </p>
   </div>
   <div class='ocr_carea' id='block_1_99' title="bbox 1984 3641 3770 3718">
    <p class='ocr_par' dir='ltr' id='par_1_99' title="bbox 1984 3641 3770 3718">
     <span class='ocr_line' id='line_1_99' title="bbox 1984 3641 3770 3718; baseline 0.004 -17"><span class='ocrx_word' id='word_1_704' title='bbox 1984 3648 2042 3701; x_wconf 88' lang='lat' dir='ltr'>et</span> <span class='ocrx_word' id='word_1_705' title='bbox 2063 3643 2187 3701; x_wconf 88' lang='lat' dir='ltr'>vini</span> <span class='ocrx_word' id='word_1_706' title='bbox 2233 3642 2569 3718; x_wconf 88' lang='lat' dir='ltr'>apparebat</span> <span class='ocrx_word' id='word_1_707' title='bbox 2596 3641 2874 3709; x_wconf 83' lang='lat' dir='ltr'>exterius,</span> <span class='ocrx_word' id='word_1_708' title='bbox 2901 3641 3031 3713; x_wconf 90' lang='lat' dir='ltr'>jam</span> <span class='ocrx_word' id='word_1_709' title='bbox 3086 3661 3307 3718; x_wconf 89' lang='lat' dir='ltr'>corpus</span> <span class='ocrx_word' id='word_1_710' title='bbox 3339 3646 3553 3704; x_wconf 86' lang='lat' dir='ltr'>Christi</span> <span class='ocrx_word' id='word_1_711' title='bbox 3592 3652 3650 3705; x_wconf 91' lang='lat' dir='ltr'>et</span> <span class='ocrx_word' id='word_1_712' title='bbox 3755 3688 3770 3708; x_wconf 73' lang='grc' dir='ltr'><em>ι</em></span> 
     </span>
    </p>
   </div>
   <div class='ocr_carea' id='block_1_100' title="bbox 1983 3729 3648 3808">
    <p class='ocr_par' dir='ltr' id='par_1_100' title="bbox 1983 3729 3648 3808">
     <span class='ocr_line' id='line_1_100' title="bbox 1983 3729 3648 3808; baseline 0.003 -19"><span class='ocrx_word' id='word_1_713' title='bbox 1983 3733 2229 3804; x_wconf 90' lang='lat' dir='ltr'>sanguis</span> <span class='ocrx_word' id='word_1_714' title='bbox 2258 3732 2326 3789; x_wconf 93' lang='lat' dir='ltr'>ﬁt</span> <span class='ocrx_word' id='word_1_715' title='bbox 2354 3731 2621 3789; x_wconf 86' lang='lat' dir='ltr'>interius.</span> <span class='ocrx_word' id='word_1_716' title='bbox 2646 3733 2829 3788; x_wconf 91' lang='lat' dir='ltr'>Gusta</span> <span class='ocrx_word' id='word_1_717' title='bbox 2853 3729 3033 3803; x_wconf 90' lang='lat' dir='ltr'>igitur</span> <span class='ocrx_word' id='word_1_718' title='bbox 3061 3737 3121 3789; x_wconf 89' lang='lat' dir='ltr'>et</span> <span class='ocrx_word' id='word_1_719' title='bbox 3142 3733 3280 3792; x_wconf 91' lang='lat' dir='ltr'>vide</span> <span class='ocrx_word' id='word_1_720' title='bbox 3300 3751 3489 3808; x_wconf 90' lang='lat' dir='ltr'>quam</span> <span class='ocrx_word' id='word_1_721' title='bbox 3514 3754 3648 3794; x_wconf 88' lang='lat' dir='ltr'>sua-</span> 
     </span>
    </p>
   </div>
   <div class='ocr_carea' id='block_1_101' title="bbox 1980 3818 3641 3896">
    <p class='ocr_par' dir='ltr' id='par_1_101' title="bbox 1980 3818 3641 3896">
     <span class='ocr_line' id='line_1_101' title="bbox 1980 3818 3641 3896; baseline 0.003 -19"><span class='ocrx_word' id='word_1_722' title='bbox 1980 3820 2072 3877; x_wconf 89' lang='lat' dir='ltr'>vis</span> <span class='ocrx_word' id='word_1_723' title='bbox 2114 3821 2304 3893; x_wconf 89' lang='lat' dir='ltr'>cibus,</span> <span class='ocrx_word' id='word_1_724' title='bbox 2338 3826 2393 3878; x_wconf 91' lang='lat' dir='ltr'>et</span> <span class='ocrx_word' id='word_1_725' title='bbox 2420 3822 2707 3895; x_wconf 88' lang='lat' dir='ltr'>pergusta</span> <span class='ocrx_word' id='word_1_726' title='bbox 2734 3818 2884 3893; x_wconf 91' lang='lat' dir='ltr'>quid</span> <span class='ocrx_word' id='word_1_727' title='bbox 2916 3818 3093 3892; x_wconf 89' lang='lat' dir='ltr'>sapit.</span> <span class='ocrx_word' id='word_1_728' title='bbox 3130 3821 3312 3895; x_wconf 90' lang='lat' dir='ltr'>Sapit.</span> <span class='ocrx_word' id='word_1_729' title='bbox 3346 3824 3407 3879; x_wconf 91' lang='lat' dir='ltr'>ni</span> <span class='ocrx_word' id='word_1_730' title='bbox 3445 3825 3641 3896; x_wconf 90' lang='lat' dir='ltr'>fallor,</span> 
     </span>
    </p>
   </div>
   <div class='ocr_carea' id='block_1_102' title="bbox 1981 3905 3641 3984">
    <p class='ocr_par' dir='ltr' id='par_1_102' title="bbox 1981 3905 3641 3984">
     <span class='ocr_line' id='line_1_102' title="bbox 1981 3905 3641 3984; baseline 0.002 -18"><span class='ocrx_word' id='word_1_731' title='bbox 1981 3909 2185 3966; x_wconf 89' lang='lat' dir='ltr'>cibum</span> <span class='ocrx_word' id='word_1_732' title='bbox 2209 3909 2378 3966; x_wconf 91' lang='lat' dir='ltr'>illum</span> <span class='ocrx_word' id='word_1_733' title='bbox 2408 3906 2747 3981; x_wconf 88' lang='lat' dir='ltr'>angelicum</span> <span class='ocrx_word' id='word_1_734' title='bbox 2776 3905 3104 3963; x_wconf 89' lang='lat' dir='ltr'>habentem</span> <span class='ocrx_word' id='word_1_735' title='bbox 3135 3908 3289 3965; x_wconf 87' lang='lat' dir='ltr'>intra</span> <span class='ocrx_word' id='word_1_736' title='bbox 3311 3926 3373 3965; x_wconf 91' lang='lat' dir='ltr'>se</span> <span class='ocrx_word' id='word_1_737' title='bbox 3404 3913 3641 3984; x_wconf 77' lang='lat' dir='ltr'>mystici</span> 
     </span>
    </p>
   </div>
   <div class='ocr_carea' id='block_1_103' title="bbox 1981 3996 3639 4073">
    <p class='ocr_par' dir='ltr' id='par_1_103' title="bbox 1981 3996 3639 4073">
     <span class='ocr_line' id='line_1_103' title="bbox 1981 3996 3639 4073; baseline 0.002 -19"><span class='ocrx_word' id='word_1_738' title='bbox 1981 3997 2214 4073; x_wconf 90' lang='lat' dir='ltr'>saporis</span> <span class='ocrx_word' id='word_1_739' title='bbox 2254 3998 2779 4065; x_wconf 88' lang='lat' dir='ltr'>delectamentum,</span> <span class='ocrx_word' id='word_1_740' title='bbox 2814 4009 2941 4051; x_wconf 91' lang='lat' dir='ltr'>non</span> <span class='ocrx_word' id='word_1_741' title='bbox 2970 3996 3139 4068; x_wconf 91' lang='lat' dir='ltr'>quod</span> <span class='ocrx_word' id='word_1_742' title='bbox 3181 4013 3282 4054; x_wconf 90' lang='lat' dir='ltr'>ore</span> <span class='ocrx_word' id='word_1_743' title='bbox 3313 3998 3639 4071; x_wconf 77' lang='lat' dir='ltr'>discernes,</span> 
     </span>
    </p>
   </div>
   <div class='ocr_carea' id='block_1_104' title="bbox 1982 4082 3640 4161">
    <p class='ocr_par' dir='ltr' id='par_1_104' title="bbox 1982 4082 3640 4161">
     <span class='ocr_line' id='line_1_104' title="bbox 1982 4082 3640 4161; baseline 0.002 -17"><span class='ocrx_word' id='word_1_744' title='bbox 1982 4087 2088 4145; x_wconf 88' lang='lat' dir='ltr'>sed</span> <span class='ocrx_word' id='word_1_745' title='bbox 2112 4088 2278 4161; x_wconf 89' lang='lat' dir='ltr'>quod</span> <span class='ocrx_word' id='word_1_746' title='bbox 2298 4086 2517 4144; x_wconf 75' lang='lat' dir='ltr'>affectu</span> <span class='ocrx_word' id='word_1_747' title='bbox 2533 4083 2796 4142; x_wconf 89' lang='lat' dir='ltr'>interiori</span> <span class='ocrx_word' id='word_1_748' title='bbox 2823 4082 3124 4154; x_wconf 88' lang='lat' dir='ltr'>degustes.</span> <span class='ocrx_word' id='word_1_749' title='bbox 3155 4087 3335 4144; x_wconf 83' lang='lat' dir='ltr'>Exere</span> <span class='ocrx_word' id='word_1_750' title='bbox 3365 4088 3640 4161; x_wconf 87' lang='lat' dir='ltr'>palatum</span> 
     </span>
    </p>
   </div>
   <div class='ocr_carea' id='block_1_105' title="bbox 1977 4170 3638 4251">
    <p class='ocr_par' dir='ltr' id='par_1_105' title="bbox 1977 4170 3638 4251">
     <span class='ocr_line' id='line_1_105' title="bbox 1977 4170 3638 4251; baseline 0.002 -20"><span class='ocrx_word' id='word_1_751' title='bbox 1977 4175 2140 4241; x_wconf 89' lang='lat' dir='ltr'>ﬁdei,</span> <span class='ocrx_word' id='word_1_752' title='bbox 2174 4175 2358 4233; x_wconf 89' lang='lat' dir='ltr'>dilata</span> <span class='ocrx_word' id='word_1_753' title='bbox 2386 4174 2590 4231; x_wconf 89' lang='lat' dir='ltr'>fauces</span> <span class='ocrx_word' id='word_1_754' title='bbox 2617 4172 2762 4246; x_wconf 90' lang='lat' dir='ltr'>spei,</span> <span class='ocrx_word' id='word_1_755' title='bbox 2782 4170 3011 4229; x_wconf 89' lang='lat' dir='ltr'>viscera</span> <span class='ocrx_word' id='word_1_756' title='bbox 3037 4173 3341 4232; x_wconf 87' lang='lat' dir='ltr'>charitatis</span> <span class='ocrx_word' id='word_1_757' title='bbox 3363 4176 3638 4251; x_wconf 80' lang='lat' dir='ltr'>extende,</span> 
     </span>
    </p>
   </div>
   <div class='ocr_carea' id='block_1_106' title="bbox 1978 4260 3637 4340">
    <p class='ocr_par' dir='ltr' id='par_1_106' title="bbox 1978 4260 3637 4340">
     <span class='ocr_line' id='line_1_106' title="bbox 1978 4260 3637 4340; baseline 0.002 -18"><span class='ocrx_word' id='word_1_758' title='bbox 1978 4269 2037 4322; x_wconf 89' lang='lat' dir='ltr'>et</span> <span class='ocrx_word' id='word_1_759' title='bbox 2062 4281 2231 4322; x_wconf 90' lang='lat' dir='ltr'>sume</span> <span class='ocrx_word' id='word_1_760' title='bbox 2253 4279 2475 4340; x_wconf 89' lang='lat' dir='ltr'>panem</span> <span class='ocrx_word' id='word_1_761' title='bbox 2500 4260 2951 4331; x_wconf 87' lang='lat' dir='ltr'>vita,interioris</span> <span class='ocrx_word' id='word_1_762' title='bbox 2968 4262 3234 4321; x_wconf 89' lang='lat' dir='ltr'>hominis</span> <span class='ocrx_word' id='word_1_763' title='bbox 3261 4265 3637 4338; x_wconf 88' lang='lat' dir='ltr'>alimentum,</span> 
     </span>
    </p>
   </div>
   <div class='ocr_carea' id='block_1_107' title="bbox 1977 4351 3638 4428">
    <p class='ocr_par' dir='ltr' id='par_1_107' title="bbox 1977 4351 3638 4428">
     <span class='ocr_line' id='line_1_107' title="bbox 1977 4351 3638 4428; baseline 0.001 -17"><span class='ocrx_word' id='word_1_764' title='bbox 1977 4369 2103 4411; x_wconf 91' lang='lat' dir='ltr'>non</span> <span class='ocrx_word' id='word_1_765' title='bbox 2158 4357 2282 4411; x_wconf 90' lang='lat' dir='ltr'>arte</span> <span class='ocrx_word' id='word_1_766' title='bbox 2333 4351 2583 4428; x_wconf 90' lang='lat' dir='ltr'>pistoria</span> <span class='ocrx_word' id='word_1_767' title='bbox 2639 4351 3085 4426; x_wconf 87' lang='lat' dir='ltr'>fermentatum,</span> <span class='ocrx_word' id='word_1_768' title='bbox 3146 4353 3253 4411; x_wconf 91' lang='lat' dir='ltr'>sed</span> <span class='ocrx_word' id='word_1_769' title='bbox 3308 4353 3638 4413; x_wconf 86' lang='lat' dir='ltr'>incarnata</span> 
     </span>
    </p>
   </div>
   <div class='ocr_carea' id='block_1_108' title="bbox 1978 4440 3640 4516">
    <p class='ocr_par' dir='ltr' id='par_1_108' title="bbox 1978 4440 3640 4516">
     <span class='ocr_line' id='line_1_108' title="bbox 1978 4440 3640 4516; baseline 0.001 -17"><span class='ocrx_word' id='word_1_770' title='bbox 1978 4442 2212 4500; x_wconf 89' lang='lat' dir='ltr'>deitatis</span> <span class='ocrx_word' id='word_1_771' title='bbox 2242 4442 2414 4500; x_wconf 89' lang='lat' dir='ltr'>vitale</span> <span class='ocrx_word' id='word_1_772' title='bbox 2443 4440 2842 4516; x_wconf 86' lang='lat' dir='ltr'>pulmentum.</span> <span class='ocrx_word' id='word_1_773' title='bbox 2891 4442 3071 4499; x_wconf 91' lang='lat' dir='ltr'>Sume</span> <span class='ocrx_word' id='word_1_774' title='bbox 3108 4442 3500 4501; x_wconf 90' lang='lat' dir='ltr'>nihilominus</span> <span class='ocrx_word' id='word_1_775' title='bbox 3556 4445 3640 4501; x_wconf 87' lang='lat' dir='ltr'>vi-</span> 
     </span>
    </p>
   </div>
   <div class='ocr_carea' id='block_1_109' title="bbox 1978 4530 3637 4601">
    <p class='ocr_par' dir='ltr' id='par_1_109' title="bbox 1978 4530 3637 4601">
     <span class='ocr_line' id='line_1_109' title="bbox 1978 4530 3637 4601; baseline 0.001 -12"><span class='ocrx_word' id='word_1_776' title='bbox 1978 4549 2127 4589; x_wconf 89' lang='lat' dir='ltr'>num</span> <span class='ocrx_word' id='word_1_777' title='bbox 2152 4549 2275 4590; x_wconf 88' lang='lat' dir='ltr'>non</span> <span class='ocrx_word' id='word_1_778' title='bbox 2311 4531 2554 4590; x_wconf 90' lang='lat' dir='ltr'>sordido</span> <span class='ocrx_word' id='word_1_779' title='bbox 2584 4531 2809 4590; x_wconf 91' lang='lat' dir='ltr'>cultore</span> <span class='ocrx_word' id='word_1_780' title='bbox 2839 4530 3156 4601; x_wconf 89' lang='lat' dir='ltr'>calcatum,</span> <span class='ocrx_word' id='word_1_781' title='bbox 3192 4533 3300 4590; x_wconf 83' lang='lat' dir='ltr'>sed</span> <span class='ocrx_word' id='word_1_782' title='bbox 3341 4533 3416 4589; x_wconf 90' lang='lat' dir='ltr'>de</span> <span class='ocrx_word' id='word_1_783' title='bbox 3440 4537 3637 4591; x_wconf 90' lang='lat' dir='ltr'>torcu-</span> 
     </span>
    </p>
   </div>
   <div class='ocr_carea' id='block_1_110' title="bbox 1978 4620 3637 4696">
    <p class='ocr_par' dir='ltr' id='par_1_110' title="bbox 1978 4620 3637 4696">
     <span class='ocr_line' id='line_1_110' title="bbox 1978 4620 3637 4696; baseline -0.001 -17"><span class='ocrx_word' id='word_1_784' title='bbox 1978 4621 2091 4680; x_wconf 91' lang='lat' dir='ltr'>lari</span> <span class='ocrx_word' id='word_1_785' title='bbox 2137 4622 2329 4680; x_wconf 91' lang='lat' dir='ltr'>crucis</span> <span class='ocrx_word' id='word_1_786' title='bbox 2369 4638 2745 4696; x_wconf 84' lang='lat' dir='ltr'>expressum.</span> <span class='ocrx_word' id='word_1_787' title='bbox 2796 4622 3000 4692; x_wconf 88' lang='lat' dir='ltr'>Gusta,</span> <span class='ocrx_word' id='word_1_788' title='bbox 3048 4622 3321 4695; x_wconf 90' lang='lat' dir='ltr'>inquam,</span> <span class='ocrx_word' id='word_1_789' title='bbox 3382 4620 3637 4679; x_wconf 80' lang='lat' dir='ltr'>calestis</span> 
     </span>
    </p>
   </div>
   <div class='ocr_carea' id='block_1_111' title="bbox 1977 4710 3635 4787">
    <p class='ocr_par' dir='ltr' id='par_1_111' title="bbox 1977 4710 3635 4787">
     <span class='ocr_line' id='line_1_111' title="bbox 1977 4710 3635 4787; baseline -0.002 -17"><span class='ocrx_word' id='word_1_790' title='bbox 1977 4711 2187 4787; x_wconf 87' lang='lat' dir='ltr'>pabuli</span> <span class='ocrx_word' id='word_1_791' title='bbox 2220 4712 2600 4783; x_wconf 89' lang='lat' dir='ltr'>suavitatem,</span> <span class='ocrx_word' id='word_1_792' title='bbox 2633 4710 2740 4770; x_wconf 88' lang='lat' dir='ltr'>sed</span> <span class='ocrx_word' id='word_1_793' title='bbox 2777 4726 2853 4767; x_wconf 88' lang='lat' dir='ltr'>ne</span> <span class='ocrx_word' id='word_1_794' title='bbox 2882 4726 3138 4768; x_wconf 90' lang='lat' dir='ltr'>nausees</span> <span class='ocrx_word' id='word_1_795' title='bbox 3167 4710 3382 4769; x_wconf 89' lang='lat' dir='ltr'>terreni</span> <span class='ocrx_word' id='word_1_796' title='bbox 3421 4711 3635 4779; x_wconf 90' lang='lat' dir='ltr'>germi-</span> 
     </span>
    </p>
   </div>
   <div class='ocr_carea' id='block_1_112' title="bbox 1976 4796 3633 4874">
    <p class='ocr_par' dir='ltr' id='par_1_112' title="bbox 1976 4796 3633 4874">
     <span class='ocr_line' id='line_1_112' title="bbox 1976 4796 3633 4874; baseline -0.002 -16"><span class='ocrx_word' id='word_1_797' title='bbox 1976 4799 2071 4858; x_wconf 91' lang='lat' dir='ltr'>nis</span> <span class='ocrx_word' id='word_1_798' title='bbox 2099 4815 2400 4874; x_wconf 90' lang='lat' dir='ltr'>saporem.</span> <span class='ocrx_word' id='word_1_799' title='bbox 2451 4800 2532 4856; x_wconf 90' lang='lat' dir='ltr'>De</span> <span class='ocrx_word' id='word_1_800' title='bbox 2584 4799 2704 4856; x_wconf 89' lang='lat' dir='ltr'>ﬁde</span> <span class='ocrx_word' id='word_1_801' title='bbox 2760 4798 2979 4855; x_wconf 90' lang='lat' dir='ltr'>etenim</span> <span class='ocrx_word' id='word_1_802' title='bbox 3028 4797 3320 4855; x_wconf 89' lang='lat' dir='ltr'>interioris</span> <span class='ocrx_word' id='word_1_803' title='bbox 3365 4796 3633 4854; x_wconf 91' lang='lat' dir='ltr'>hominis</span> 
     </span>
    </p>
   </div>
   <div class='ocr_carea' id='block_1_113' title="bbox 1975 4881 3634 4960">
    <p class='ocr_par' dir='ltr' id='par_1_113' title="bbox 1975 4881 3634 4960">
     <span class='ocr_line' id='line_1_113' title="bbox 1975 4881 3634 4960; baseline -0.002 -19"><span class='ocrx_word' id='word_1_804' title='bbox 1975 4883 2460 4960; x_wconf 77' lang='lat' dir='ltr'>procedit‘divini</span> <span class='ocrx_word' id='word_1_805' title='bbox 2488 4887 2698 4956; x_wconf 86' lang='lat' dir='ltr'>gustus</span> <span class='ocrx_word' id='word_1_806' title='bbox 2743 4882 2991 4956; x_wconf 90' lang='lat' dir='ltr'>saporis,</span> <span class='ocrx_word' id='word_1_807' title='bbox 3033 4881 3180 4938; x_wconf 91' lang='lat' dir='ltr'>dum</span> <span class='ocrx_word' id='word_1_808' title='bbox 3210 4886 3364 4939; x_wconf 90' lang='lat' dir='ltr'>certe</span> <span class='ocrx_word' id='word_1_809' title='bbox 3403 4896 3511 4954; x_wconf 90' lang='lat' dir='ltr'>per</span> <span class='ocrx_word' id='word_1_810' title='bbox 3541 4897 3634 4938; x_wconf 88' lang='lat' dir='ltr'>sa-</span> 
     </span>
    </p>
   </div>
   <div class='ocr_carea' id='block_1_114' title="bbox 1976 4969 3635 5032">
    <p class='ocr_par' dir='ltr' id='par_1_114' title="bbox 1976 4969 3635 5032">
     <span class='ocr_line' id='line_1_114' title="bbox 1976 4969 3635 5032; baseline -0.002 0"><span class='ocrx_word' id='word_1_811' title='bbox 1976 4974 2184 5032; x_wconf 89' lang='lat' dir='ltr'>lutaris</span> <span class='ocrx_word' id='word_1_812' title='bbox 2237 4973 2609 5031; x_wconf 89' lang='lat' dir='ltr'>eucharistia</span> <span class='ocrx_word' id='word_1_813' title='bbox 2643 4972 3004 5030; x_wconf 89' lang='lat' dir='ltr'>infusionem</span> <span class='ocrx_word' id='word_1_814' title='bbox 3045 4970 3239 5028; x_wconf 90' lang='lat' dir='ltr'>inﬂuit</span> <span class='ocrx_word' id='word_1_815' title='bbox 3277 4969 3542 5029; x_wconf 86' lang='lat' dir='ltr'>Christus</span> <span class='ocrx_word' id='word_1_816' title='bbox 3570 4970 3635 5028; x_wconf 92' lang='lat' dir='ltr'>in</span> 
     </span>
    </p>
   </div>
   <div class='ocr_carea' id='block_1_115' title="bbox 1974 5058 3633 5133">
    <p class='ocr_par' dir='ltr' id='par_1_115' title="bbox 1974 5058 3633 5133">
     <span class='ocr_line' id='line_1_115' title="bbox 1974 5058 3633 5133; baseline -0.002 -12"><span class='ocrx_word' id='word_1_817' title='bbox 1974 5064 2205 5122; x_wconf 91' lang='lat' dir='ltr'>viscera</span> <span class='ocrx_word' id='word_1_818' title='bbox 2233 5062 2452 5120; x_wconf 85' lang='lat' dir='ltr'>anima</span> <span class='ocrx_word' id='word_1_819' title='bbox 2493 5060 2803 5128; x_wconf 88' lang='lat' dir='ltr'>sumentis,</span> <span class='ocrx_word' id='word_1_820' title='bbox 2836 5075 3016 5133; x_wconf 90' lang='lat' dir='ltr'>quem</span> <span class='ocrx_word' id='word_1_821' title='bbox 3062 5058 3201 5117; x_wconf 89' lang='lat' dir='ltr'>diva</span> <span class='ocrx_word' id='word_1_822' title='bbox 3244 5075 3415 5118; x_wconf 89' lang='lat' dir='ltr'>mens</span> <span class='ocrx_word' id='word_1_823' title='bbox 3454 5059 3633 5118; x_wconf 90' lang='lat' dir='ltr'>castis</span> 
     </span>
    </p>
   </div>
   <div class='ocr_carea' id='block_1_116' title="bbox 1971 5148 3633 5228">
    <p class='ocr_par' dir='ltr' id='par_1_116' title="bbox 1971 5148 3633 5228">
     <span class='ocr_line' id='line_1_116' title="bbox 1971 5148 3633 5228; baseline -0.002 -18"><span class='ocrx_word' id='word_1_824' title='bbox 1971 5152 2380 5228; x_wconf 87' lang='lat' dir='ltr'>penetralibus</span> <span class='ocrx_word' id='word_1_825' title='bbox 2401 5151 2461 5208; x_wconf 90' lang='lat' dir='ltr'>in</span> <span class='ocrx_word' id='word_1_826' title='bbox 2482 5167 2554 5208; x_wconf 91' lang='lat' dir='ltr'>ea</span> <span class='ocrx_word' id='word_1_827' title='bbox 2573 5148 2846 5207; x_wconf 86' lang='lat' dir='ltr'>videlicet</span> <span class='ocrx_word' id='word_1_828' title='bbox 2866 5149 3060 5206; x_wconf 83' lang='lat' dir='ltr'>forma</span> <span class='ocrx_word' id='word_1_829' title='bbox 3089 5148 3356 5223; x_wconf 87' lang='lat' dir='ltr'>suscipit,</span> <span class='ocrx_word' id='word_1_830' title='bbox 3373 5166 3497 5224; x_wconf 91' lang='lat' dir='ltr'>qua</span> <span class='ocrx_word' id='word_1_831' title='bbox 3519 5150 3633 5207; x_wconf 91' lang='lat' dir='ltr'>sub</span> 
     </span>
    </p>
   </div>
   <div class='ocr_carea' id='block_1_117' title="bbox 1969 5235 3634 5316">
    <p class='ocr_par' dir='ltr' id='par_1_117' title="bbox 1969 5235 3634 5316">
     <span class='ocr_line' id='line_1_117' title="bbox 1969 5235 3634 5316; baseline -0.002 -18"><span class='ocrx_word' id='word_1_832' title='bbox 1969 5242 2105 5316; x_wconf 91' lang='lat' dir='ltr'>ipsa</span> <span class='ocrx_word' id='word_1_833' title='bbox 2143 5240 2556 5297; x_wconf 87' lang='lat' dir='ltr'>recordatione</span> <span class='ocrx_word' id='word_1_834' title='bbox 2594 5235 2863 5310; x_wconf 89' lang='lat' dir='ltr'>mysterii</span> <span class='ocrx_word' id='word_1_835' title='bbox 2917 5235 3142 5310; x_wconf 92' lang='lat' dir='ltr'>Spiritu</span> <span class='ocrx_word' id='word_1_836' title='bbox 3189 5238 3489 5296; x_wconf 80' lang='lat' dir='ltr'>revelante</span> <span class='ocrx_word' id='word_1_837' title='bbox 3519 5238 3634 5296; x_wconf 92' lang='lat' dir='ltr'>sibi</span> 
     </span>
    </p>
   </div>
   <div class='ocr_carea' id='block_1_118' title="bbox 1971 5324 3635 5402">
    <p class='ocr_par' dir='ltr' id='par_1_118' title="bbox 1971 5324 3635 5402">
     <span class='ocr_line' id='line_1_118' title="bbox 1971 5324 3635 5402; baseline 0.002 -19"><span class='ocrx_word' id='word_1_838' title='bbox 1971 5331 2328 5402; x_wconf 76' lang='lat' dir='ltr'>praesentem</span> <span class='ocrx_word' id='word_1_839' title='bbox 2343 5326 2622 5390; x_wconf 88' lang='lat' dir='ltr'>intuetur,</span> <span class='ocrx_word' id='word_1_840' title='bbox 2642 5324 2954 5396; x_wconf 86' lang='lat' dir='ltr'>infantem,</span> <span class='ocrx_word' id='word_1_841' title='bbox 2970 5329 3075 5383; x_wconf 88' lang='lat' dir='ltr'>aut</span> <span class='ocrx_word' id='word_1_842' title='bbox 3088 5341 3195 5385; x_wconf 93' lang='lat' dir='ltr'>ara</span> <span class='ocrx_word' id='word_1_843' title='bbox 3211 5327 3405 5385; x_wconf 90' lang='lat' dir='ltr'>crucis</span> <span class='ocrx_word' id='word_1_844' title='bbox 3420 5327 3635 5385; x_wconf 84' lang='lat' dir='ltr'>inimo-</span> 
     </span>
    </p>
   </div>
   <div class='ocr_carea' id='block_1_119' title="bbox 1971 5412 3633 5487">
    <p class='ocr_par' dir='ltr' id='par_1_119' title="bbox 1971 5412 3633 5487">
     <span class='ocr_line' id='line_1_119' title="bbox 1971 5412 3633 5487; baseline -0.001 -13"><span class='ocrx_word' id='word_1_845' title='bbox 1971 5418 2183 5485; x_wconf 89' lang='lat' dir='ltr'>latum,</span> <span class='ocrx_word' id='word_1_846' title='bbox 2207 5420 2311 5472; x_wconf 90' lang='lat' dir='ltr'>aut</span> <span class='ocrx_word' id='word_1_847' title='bbox 2339 5414 2614 5475; x_wconf 84' lang='lat' dir='ltr'>sepulcro</span> <span class='ocrx_word' id='word_1_848' title='bbox 2640 5412 3070 5487; x_wconf 89' lang='lat' dir='ltr'>quiescentem,</span> <span class='ocrx_word' id='word_1_849' title='bbox 3100 5420 3201 5473; x_wconf 90' lang='lat' dir='ltr'>aut</span> <span class='ocrx_word' id='word_1_850' title='bbox 3224 5420 3377 5473; x_wconf 90' lang='lat' dir='ltr'>certe</span> <span class='ocrx_word' id='word_1_851' title='bbox 3398 5415 3633 5473; x_wconf 86' lang='lat' dir='ltr'>calcata</span> 
     </span>
    </p>
   </div>
   <div class='ocr_carea' id='block_1_120' title="bbox 1972 5501 3636 5577">
    <p class='ocr_par' dir='ltr' id='par_1_120' title="bbox 1972 5501 3636 5577">
     <span class='ocr_line' id='line_1_120' title="bbox 1972 5501 3636 5577; baseline -0.001 -12"><span class='ocrx_word' id='word_1_852' title='bbox 1972 5510 2163 5565; x_wconf 88' lang='lat' dir='ltr'>morte</span> <span class='ocrx_word' id='word_1_853' title='bbox 2193 5507 2627 5576; x_wconf 88' lang='lat' dir='ltr'>resurgentem,</span> <span class='ocrx_word' id='word_1_854' title='bbox 2682 5501 2804 5559; x_wconf 90' lang='lat' dir='ltr'>sive</span> <span class='ocrx_word' id='word_1_855' title='bbox 2837 5520 3023 5577; x_wconf 86' lang='lat' dir='ltr'>supra</span> <span class='ocrx_word' id='word_1_856' title='bbox 3049 5504 3230 5561; x_wconf 86' lang='lat' dir='ltr'>calos</span> <span class='ocrx_word' id='word_1_857' title='bbox 3272 5509 3549 5563; x_wconf 85' lang='lat' dir='ltr'>evectum</span> <span class='ocrx_word' id='word_1_858' title='bbox 3572 5504 3636 5563; x_wconf 89' lang='lat' dir='ltr'>in</span> 
     </span>
    </p>
   </div>
   <div class='ocr_carea' id='block_1_121' title="bbox 3317 5601 3348 5652">
    <p class='ocr_par' dir='ltr' id='par_1_121' title="bbox 3317 5601 3348 5652">
     <span class='ocr_line' id='line_1_121' title="bbox 3317 5601 3348 5652; baseline 0 0"><span class='ocrx_word' id='word_1_859' title='bbox 3317 5601 3348 5652; x_wconf 90' lang='lat'>7</span> 
     </span>
    </p>
   </div>
  </div>
