4018 6176
438 116 542 168 203

1491 104 1547 159 S.
1593 99 1926 157 FULBERTI
1967 95 2451 152 CARNOTENSIS
2490 97 2825 153 EPISCOPI.

3758 98 3877 150 204

442 235 630 308 gloria
660 233 842 290 Patris
874 229 1214 287 sublimem.
1264 212 1439 284 Juxta
1487 244 1640 302 quas
1667 226 1897 299 species
1928 219 2091 279 Chri-
2129 224 2177 275 A
2207 219 2343 275 vide
2364 221 2773 289 regenerantis
2804 220 3007 289 gratim
3033 218 3306 276 mirabile
3336 222 3880 285 sacramentum,et

443 332 569 383 stus
600 327 837 395 gratum
864 317 1370 377 communicantis
1400 318 1628 374 intrans
1654 311 2092 381 habitaculum,

441 421 543 481 tot,
571 418 636 469 ut
665 414 743 468 ita
767 410 988 477 dicam,
1018 407 1328 465 suavitatis
1352 407 1641 464 odoribus
1670 408 1933 462 mentem
1962 397 2093 456 reﬁ-

441 505 535 569 cit,
565 505 713 575 quot
740 499 945 557 formis
976 498 1200 554 intimze
1239 495 1617 554 revelationis
1648 494 1859 552 oculus
1912 488 2096 547 medi-

442 591 617 649 tantis
644 606 784 646 eum
806 587 1087 646 meruerit
1108 586 1342 643 intueri.

513 684 625 739 Nec
654 695 880 735 vanum
910 676 1012 733 tibi
1036 676 1306 733 videatur
1326 675 1492 749 quod
1507 675 1680 746 juxta
1706 671 1921 729 animae
1941 668 2096 725 desi-

439 768 701 825 derantis
746 766 1022 823 intuitum
1052 765 1310 821 dicimus
1345 764 1642 822 Christum
1672 759 1915 818 formari
1940 759 2096 814 intra

438 857 772 931 praecordia
793 854 1313 923 communicantis,
1329 870 1469 910 cum
1495 869 1615 909 non
1640 849 1870 907 nescias
1895 851 2094 921 patres

439 954 677 1004 nostros
710 948 917 1003 veteris
947 945 1128 1002 eremi
1155 944 1540 1000 solitudinem
1572 944 1959 1016 peragrantes
1984 954 2094 1012 pa-

446 1038 635 1091 stibus
663 1035 910 1092 refectos
936 1054 948 1100 ;
976 1033 1198 1108 quibus
1214 1033 1408 1089 imber
1428 1031 1721 1088 fecundus
1742 1029 1947 1086 cibum
1969 1027 2096 1083 uni-

441 1114 721 1192 colorem,
761 1124 864 1179 sed
895 1122 1111 1179 diversi
1134 1122 1365 1194 saporis
1385 1120 1600 1190 intulit,
1623 1124 1681 1176 et
1697 1120 1868 1191 juxta
1897 1117 2096 1187 singu-

441 1216 635 1270 lorum
654 1213 985 1287 appetitum
1010 1210 1364 1267 infundebat
1382 1209 1612 1285 saporis
1634 1208 1813 1265 variis
1837 1206 2096 1263 oblecta-

439 1307 641 1357 menta
668 1319 679 1355 :
708 1299 1079 1374 utquidquid
1103 1298 1356 1355 aviditas
1384 1294 2094 1370 concupisceret,occulta

438 1391 728 1459 largitoris
759 1389 1129 1463 dispensatio
1163 1388 1561 1444 subinfcrret:
1609 1386 1832 1460 quibus
1862 1385 2093 1460 praebe-

439 1479 542 1535 bat
591 1483 819 1549 gustus,
866 1477 1031 1550 quod
1080 1477 1397 1544 ignorabat
1427 1480 1728 1549 aspectus,
1761 1474 1905 1541 quia
1931 1473 2095 1529 aliud

2207 310 2449 367 adverte
2472 310 2534 366 in
2564 310 2689 367 istis
2717 310 3109 383 imperiosum
3141 309 3313 366 Verbi
3365 308 3671 383 operantis
3699 308 3881 382 opiﬁ-

2207 398 2387 466 cium,
2417 400 2590 471 cujus
2621 403 2771 456 nutu
2793 415 2993 455 rerum
3018 398 3311 455 elementa
3330 398 3405 455 de
3427 398 3612 454 nihilo
3630 398 3694 454 in
3710 398 3879 454 hanc

2206 487 2419 545 mundi
2442 488 2704 546 formam
2730 488 3006 545 mutabili
3026 488 3236 545 ordine
3254 487 3880 563 compaginata,inex-

2204 578 2549 652 plicabilem
2572 580 2702 651 ejus
2733 578 3065 652 potentiam
3089 578 3224 652 ipsa
3249 595 3373 635 suae
3405 576 3882 651 pulchritudinis

2206 668 2401 741 specie
2424 668 2807 726 testantur.Si
2835 684 2979 739 ergo
3008 671 3193 725 Deum
3220 669 3425 724 omnia
3444 684 3627 742 posse
3649 666 3879 735 credis,

2203 761 2263 812 et
2290 757 2405 813 hoc
2428 758 2815 831 consequitur
2843 762 2908 812 ut
2933 757 3176 824 credas;
3209 772 3319 812 nec
3343 756 3625 813 humanis
3657 754 3881 828 dispu-

2203 847 2531 903 tationibus
2561 848 2897 905 discernere
2918 848 3187 905 curiosus
3208 847 3467 916 insistes,
3486 847 3536 903 si
3562 850 3882 903 creaturas

2203 953 2357 1010 quas
2388 937 2463 993 de
2493 937 2678 994 nihilo
2707 937 2900 1011 potuit
2928 953 3151 1005 creare,
3187 938 3301 993 has
3327 936 3489 1010 ipsas
3519 935 3712 992 multo
3742 951 3880 991 ma-

2204 1026 2294 1097 gis
2318 1026 2519 1083 valeat
2547 1026 2608 1082 in
2634 1025 3063 1083 excellentioris
3085 1030 3315 1082 naturis
3346 1025 3699 1097 dignitatem
3731 1039 3884 1080 con-

2204 1120 2449 1184 vertere,
2482 1115 2625 1172 etin
2651 1115 2743 1171 sui
2772 1131 3039 1189 corporis
3061 1114 3459 1171 substantiam
3490 1113 3881 1171 transfunde-

2203 1219 2287 1260 re.
2322 1202 2501 1261 Multo
2529 1204 2724 1276 magis
2753 1204 2910 1276 dico,
2943 1220 3068 1260 non
3097 1202 3266 1277 quod
3289 1201 3631 1259 inﬁrmioris
3661 1206 3882 1275 poten-

2202 1293 2298 1349 tim
2328 1294 2385 1349 in
2416 1294 2597 1349 rebus
2642 1293 2917 1351 creandis
2966 1310 3153 1368 quam
3192 1292 3583 1348 immutandis
3635 1290 3875 1347 fuisset.

2206 1382 2321 1440 Sed
2345 1383 2631 1440 humanae
2670 1384 2940 1458 opinioni
2972 1383 3205 1454 usuale,
3238 1399 3360 1439 non
3403 1382 3622 1438 divinae
3649 1380 3878 1438 rationi

2204 1472 2635 1545 comparabile.
2678 1474 2816 1530 Ideo
2847 1474 2997 1530 ﬁdes
3022 1489 3144 1547 prie
3192 1472 3474 1529 omnibus
3497 1471 3673 1528 bonis
3704 1487 3878 1526 sum-

437 1582 561 1623 crat
590 1565 757 1640 quod
810 1566 1144 1633 videbatur,
1177 1570 1234 1621 et
1263 1564 1427 1622 aliud
1471 1564 1840 1621 sumebatur.
1871 1562 2096 1620 Desiste
2128 1576 2169 1629 Β
2204 1578 2376 1617 mum
2402 1563 2684 1619 meritum
2712 1567 2828 1631 est;
2863 1562 2993 1619 haec
3018 1567 3071 1619 te
3093 1562 3339 1619 inducat
3365 1562 3445 1618 ad
3468 1560 3872 1627 credendum,

435 1656 612 1726 igitur
640 1654 890 1713 mirari:
933 1654 1100 1728 quod
1147 1653 1292 1725 legis
1341 1669 1569 1710 manna
1598 1653 1711 1709 sub
1740 1652 1960 1709 umbra
2014 1652 2093 1707 si-

438 1746 682 1815 gnabat,
715 1746 829 1801 hoc
860 1744 1151 1801 Dominici
1189 1744 1455 1818 corporis
1505 1743 1718 1820 pandit
1743 1741 1959 1799 veritas
1988 1759 2096 1817 pa-

440 1835 650 1890 tefacta
677 1852 689 1900 ;
723 1834 783 1888 in
805 1849 926 1907 quo
954 1832 1167 1888 dcitica
1189 1832 1471 1904 inajestas
1501 1833 1851 1890 miseranter
1874 1836 2091 1887 nostrae

435 1920 763 1977 inﬁrmitati
794 1921 1241 1991 condescendit,
1273 1925 1358 1991 ut,
1399 1938 1522 1994 quo
1561 1920 1825 1978 alimenti
1876 1937 2092 1991 genere

438 2026 695 2083 corpora
716 2010 957 2067 aluntur
986 2010 1276 2081 humana,
1292 2010 1451 2066 idem
1480 2010 1542 2067 in
1571 2026 1819 2084 corpore
1850 2027 2092 2067 sensua-

434 2096 562 2153 liter
594 2097 804 2171 sapiat,
841 2096 946 2154 sed
998 2101 1153 2153 Deus
1206 2097 1265 2153 in
1319 2102 1557 2171 pectore
1605 2098 1893 2172 perﬁciat,
1942 2098 2093 2155 sicut

436 2186 565 2260 ipso
595 2186 677 2242 ait
705 2204 715 2240 :
754 2186 867 2255 Qui
901 2188 1228 2243 manducat
1250 2202 1359 2256 me,
1383 2189 1506 2257 ipse
1534 2188 1685 2244 vivet
1697 2194 1951 2258 propter
1978 2204 2086 2245 me.

432 2277 548 2331 Hic
570 2281 653 2331 est
672 2276 851 2345 panis
875 2277 979 2347 qui
992 2276 1065 2330 de
1090 2276 1235 2333 (ια’ιο
1256 2276 1578 2333 descendit.
1594 2277 1727 2333 Non
1756 2278 1910 2333 sicut
1926 2293 2093 2333 man-

432 2367 806 2422 ducaverunt
834 2372 1035 2435 patres
1066 2367 1253 2423 vestri
1268 2381 1493 2422 manna
1525 2368 1585 2422 in
1608 2366 1836 2423 deserto
1862 2373 1916 2424 et
1938 2384 2092 2424 mor-

433 2457 525 2512 tui
550 2461 708 2513 sunt.
742 2456 857 2522 Qui
872 2456 1199 2511 mumlucat
1222 2455 1383 2511 hunc
1406 2471 1648 2527 panem,
1672 2458 1823 2514 vivet
1840 2459 1902 2514 in
1925 2464 2089 2515 aeter-

430 2562 595 2601 num.
638 2545 717 2600 Et
741 2544 920 2614 panis
963 2560 1131 2617 quem
1166 2560 1269 2616 ego
1320 2544 1494 2617 dabo,
1555 2562 1695 2603 caro
1723 2562 1856 2604 mca
1885 2553 1939 2604 et
1974 2563 2088 2618 pro

432 2634 648 2691 mundi
675 2636 795 2692 vita
829 2636 1018 2709 (Joan.
1050 2652 1121 2704 vi,
1152 2636 1261 2708 58).
1316 2638 1446 2693 Jam
1496 2636 1626 2708 jam
1656 2637 1868 2712 procul
1896 2653 2087 2694 remo-

432 2728 667 2780 vendus
697 2728 784 2780 est
833 2722 1012 2780 totius
1039 2723 1295 2781 lubricae
1344 2724 1663 2797 scrupulus
1720 2725 2082 2784 dubietatis:

430 2828 570 2867 cum
600 2811 649 2868 is
679 2812 782 2885 qui
814 2817 901 2868 est
932 2818 1138 2870 auctor
1168 2812 1455 2880 muneris,
1491 2814 1655 2870 testis
1685 2819 1773 2870 est
1800 2814 2082 2872 veritatis.

429 2900 694 2994 Dubitari
723 2902 942 2994 etenim
972 2902 1139 2994 nefas
1164 2907 1257 2994 est
1300 2903 1379 2959 ad
1418 2903 1589 2994 cujus
1614 2907 1829 2960 nutum
1869 2908 2089 2962 cuncta
2120 2939 2161 2994 ο

430 2989 628 3046 subito
658 3007 731 3047 ex
761 2990 947 3047 nihilo
986 2991 1396 3059 substiterunt,
1431 2993 1502 3063 si,
1535 2993 1665 3067 pari
1703 2995 1989 3066 potentia,
2022 2994 2084 3049 in

428 3075 835 3150 spiritualibus
864 3079 1253 3136 sacramentis
1280 3084 1514 3137 terrena
1534 3082 1834 3156 materies,
1853 3088 2083 3140 natura:

426 3170 483 3222 et
506 3165 739 3236 generis
761 3165 853 3222 sui
874 3168 1153 3224 meritum
1173 3168 1692 3238 transcendens,in
1714 3170 1924 3227 Christi
1947 3171 2083 3228 sub-

427 3253 708 3311 stantiam
738 3261 1157 3324 commutetur,
1178 3273 1316 3313 cum
1342 3256 1469 3330 ipse
1500 3257 1678 3315 dicat:
1707 3260 1837 3315 Hoc
1854 3266 1935 3316 est
1959 3276 2085 3318 cor-

420 3360 536 3414 pus
584 3361 775 3402 meum
796 3359 819 3415 ;
868 3350 924 3401 et
952 3346 1134 3419 paulo
1165 3351 1337 3420 post:
1371 3347 1487 3402 Hic
1517 3354 1600 3403 est
1625 3351 1871 3419 sanguis
1896 3366 2078 3408 meus.

428 3432 544 3489 Sed
592 3432 748 3489 hanc
788 3433 886 3489 Dei
940 3434 1393 3506 possibilitatem
1452 3435 1767 3492 restimatio
1813 3437 2084 3497 humana

426 3537 549 3575 non
579 3521 756 3594 capit,
788 3520 903 3577 nisi
951 3523 1228 3596 tcipsum,
1263 3524 1613 3599 quicunque
1643 3542 1727 3595 es,
1773 3527 2080 3602 discutias,

426 3609 680 3680 qualiter
707 3610 782 3665 de
807 3626 1011 3666 massa
1031 3611 1379 3685 perditionis
1398 3612 1589 3671 factus
1610 3631 1672 3671 es
1694 3616 1755 3671 in
1785 3619 2082 3693 populum

426 3696 860 3770 acquisitionis,
884 3699 1030 3755 etde
1055 3715 1193 3757 vase
1224 3699 1325 3756 irie
1352 3701 1600 3777 prodisti
1621 3718 1729 3760 vas
1752 3706 2081 3766 misericor-

424 3785 538 3843 diae
573 3802 585 3841 :
621 3790 685 3843 ut
708 3791 813 3861 qui
836 3788 1018 3862 paulo
1040 3794 1175 3846 ante
1205 3788 1403 3848 fueras
1432 3791 1662 3849 alienus
1692 3811 1728 3851 a
1748 3796 1887 3867 vita,
1918 3814 2082 3872 pere-

424 3876 634 3947 grinus
659 3892 696 3933 a
723 3877 918 3943 venia,
951 3878 1149 3935 subito
1199 3879 1464 3938 initiatus
1495 3882 1708 3940 Christi
1737 3883 1995 3961 legibus,
2023 3893 2081 3947 et

425 3963 790 4023 salutaribus
812 3966 1087 4041 mysteris
1113 3967 1524 4039 innovatus,in
1544 3987 1764 4046 corpus
1780 3976 2076 4045 Ecclesiae,

423 4068 547 4110 non
574 4059 802 4111 naturas
854 4056 1186 4129 privilegio,
1219 4058 1325 4115 sed
1372 4058 1511 4117 ﬁdei
1563 4062 1751 4135 pretio
1796 4066 2075 4136 transisti,

423 4140 590 4198 nullo
620 4143 794 4198 molis
821 4159 1121 4219 corporeae
1158 4147 1589 4221 additamenta,
1636 4156 1690 4208 te
1719 4153 1852 4229 ipso
1882 4156 2079 4229 major

426 4229 614 4285 tactus
642 4246 707 4286 es
734 4249 746 4285 :
782 4231 1092 4290 invisibilis
1123 4237 1472 4309 quantitatis
1502 4248 1850 4312 augmento,
1883 4246 1945 4301 in
1976 4263 2078 4302 ex-

2207 1656 2258 1708 te
2289 1651 2696 1709 consecrantis
2739 1653 3005 1726 potentia
3055 1652 3295 1709 roboret
3339 1650 3419 1708 ad
3471 1649 3869 1707 sumendum.

2202 1740 2492 1798 Promittit
2521 1741 2701 1813 digne
2729 1740 3106 1799 sumentibus
3134 1741 3325 1798 beatae
3356 1757 3524 1814 spem
3549 1739 3874 1796 immorta-

2201 1828 2409 1886 litatis:
2464 1830 2760 1902 judicium
2817 1830 3085 1887 minatur
3140 1829 3420 1900 indignis,
3470 1833 3534 1885 ut
3581 1832 3672 1884 est
3718 1827 3871 1884 illud

2201 1917 2498 1991 Apostoli:
2534 1917 2657 1986 Qui
2680 1919 3011 1976 manducat
3036 1925 3089 1976 et
3108 1919 3252 1975 bibit
3271 1919 3535 1989 indigne,
3556 1917 3869 1987 judicium

2200 2008 2315 2064 sibi
2350 2008 2678 2065 manducat
2729 2015 2783 2065 et
2816 2009 2961 2065 bibit
2993 2010 3053 2080 (Ῑ
3092 2008 3230 2065 Cor.
3263 2024 3338 2077 χι,
3365 2008 3475 2079 27).
3506 2009 3638 2073 Quo
3668 2005 3869 2073 multi,

2202 2096 2493 2154 scelerum
2524 2114 2772 2154 suorum
2794 2097 3220 2154 conscientiam
3238 2096 3654 2170 perhorrentes
3676 2099 3873 2151 atten-

2202 2185 2337 2255 tius,
2372 2203 2433 2244 se
2464 2187 2644 2257 longe
2673 2187 2901 2244 iaciunt
2927 2187 2987 2243 in
3022 2191 3398 2244 sacramento
3423 2185 3579 2256 vitae,
3626 2201 3754 2241 non
3786 2188 3873 2241 at-

2201 2276 2512 2332 tendentes
2537 2293 2726 2350 quam
2749 2275 3082 2333 terribiliter
3120 2276 3407 2333 Dominus
3433 2273 3867 2342 comminatur,

2199 2365 2440 2423 dicens:
2474 2367 2613 2423 Nisi
2640 2368 3152 2424 manducaveritis
3180 2381 3419 2423 carnem
3445 2366 3566 2435 ﬁlii
3602 2365 3870 2421 hominis

2198 2460 2254 2511 et
2277 2456 2540 2512 biberitis
2561 2458 2691 2527 ejus
2717 2471 3093 2528 sanguinem,
3126 2472 3246 2512 non
3276 2454 3564 2512 habebitis
3595 2455 3784 2511 vitam
3803 2457 3868 2510 in

2197 2546 2358 2600 vobis
2389 2546 2587 2616 (Joan.
2620 2562 2701 2615 v1,
2730 2547 2841 2617 54).
2875 2546 3050 2612 Quod
3080 2544 3502 2602 alternantium
3533 2560 3867 2601 causarum

2190 2633 2485 2704 judicium
2512 2634 2901 2702 intuentibus,
2944 2650 3184 2691 summa
3230 2632 3532 2705 vigilentia
3557 2638 3646 2690 est
3693 2633 3869 2690 adhi-

2196 2722 2396 2779 benda
2434 2726 2499 2779 ut
2528 2723 2864 2780 emendatis
2892 2723 3127 2781 actibus
3156 2740 3265 2781 nec
3307 2723 3556 2796 indigne
3587 2728 3863 2790 sumant,

2196 2826 2305 2867 nec
2335 2810 2667 2884 perniciose
2696 2812 3013 2885 refugiant.

2624 2903 2959 2961 EPISTOLA
2995 2904 3062 2958 VI
3095 2903 3275 2974 [olim.
3312 2902 3422 2974 v1].

2809 2974 3003 3046 (Anno
3046 2978 3226 3040 1008).

2607 3063 2764 3119 Noto
2793 3068 2968 3119 notus
3000 3066 3064 3120 R.
3096 3066 3435 3123 Ριῖωειιτυε.

2264 3151 2388 3208 Hoc
2418 3166 2455 3208 a
2478 3150 2652 3208 vobis
2680 3151 2856 3223 exigo
2888 3151 3313 3210 :securitatem
3342 3150 3420 3209 de
3447 3166 3587 3208 mea
3634 3149 3759 3208 vita
3808 3154 3870 3207 et

2192 3240 2503 3312 membris,
2533 3244 2591 3297 et
2630 3245 2789 3297 terra
2818 3257 3007 3315 quam
3038 3241 3229 3299 habes
3259 3240 3479 3312 [habeo
3502 3241 3574 3312 η,
3613 3239 3710 3297 vel
3751 3256 3869 3313 per

2191 3333 2458 3387 vestrum
2511 3328 2829 3385 consilium
2863 3329 3196 3403 acquiram.
3257 3331 3337 3385 De
3385 3327 3612 3389 auxilio
3655 3332 3864 3385 vestro

2193 3422 2402 3474 contra
2431 3432 2643 3473 omnes
2672 3418 2968 3487 homines,
2989 3417 3155 3475 salva
3182 3416 3469 3477 ﬁdelitate
3492 3415 3755 3489 Roberti,
3783 3416 3864 3474 de

2192 3511 2434 3581 receptu
2486 3506 2798 3564 Vindonici
2828 3507 3005 3565 castri
3044 3508 3123 3564 ad
3147 3523 3353 3564 meum
3399 3522 3580 3564 usum
3609 3510 3669 3563 et
3693 3523 3864 3564 meo-

2191 3611 2329 3655 rum
2362 3595 2652 3667 ﬁdelium,
2682 3597 2788 3670 qui
2813 3597 2985 3653 vobis
3011 3596 3447 3654 assecurabunt
3470 3595 3639 3665 illud;
3698 3612 3867 3653 com—

2192 3685 2647 3743 mendationem
2691 3692 3028 3744 vestrorum
3056 3685 3333 3757 militum,
3384 3686 3491 3760 qui
3519 3685 3595 3741 de
3648 3690 3863 3743 nostro

2189 3780 2540 3833 casamento
2573 3776 2707 3848 (20‘)
2732 3776 3096 3833 beneﬁcium
3126 3781 3346 3847 tenent,
3374 3775 3542 3835 salva
3570 3775 3861 3834 ﬁdelitate

2188 3869 2423 3933 vestra;
2450 3865 2744 3937 justitiam
2774 3865 2849 3925 de
2878 3866 3257 3939 querimonia
3290 3865 3626 3923 Sanctionis
3655 3871 3714 3922 et
3745 3869 3863 3922 Hu-

2185 3953 2359 4022 berti,
2424 3959 2478 4010 et
2534 3954 2610 4011 de
2656 3955 3049 4028 querimoniis
3099 3956 3531 4014 canonicorum
3579 3954 3860 4012 Ecclesia!

2185 4047 2422 4105 nostrae.
2454 4048 2513 4102 et
2535 4043 2612 4100 de
2635 4044 2871 4116 legibus
2895 4045 3185 4103 atriorum
3223 4050 3587 4103 nostrorum.
3636 4044 3696 4103 Si
3724 4045 3860 4105 hcc

2185 4133 2382 4191 facere
2430 4133 2627 4203 vultis,
2661 4139 2909 4207 paratus
2967 4151 3104 4192 sum
3154 4135 3615 4195 conventionem
3663 4150 3858 4208 quam

2184 4220 2503 4279 vobiscum
2532 4221 2640 4277 inii
2670 4221 2993 4280 observare
3018 4241 3031 4293 ;
3073 4223 3122 4280 si
3148 4239 3274 4281 non
3303 4222 3501 4295 vultis,
3540 4222 3727 4281 nolite
3757 4240 3859 4280 me
3941 4233 3947 4238 ‘

424 4317 739 4378 terioribus
766 4321 928 4378 idem
959 4339 1042 4393 es,
1092 4291 1165 4379 iii
1191 4291 1961 4403 ἷᾶἶξένέιὶξτ
2112 4291 2157 4346 D
2184 4308 2391 4367 mne“
2439 4308 2964 4403 ίαίίεὲνθπνῧξθία

427 4405 639 4481 Sicque
688 4408 763 4464 de
813 4425 987 4467 servo
1018 4411 1175 4468 ﬁlius
1219 4414 1486 4490 effectus,
1516 4421 1813 4492 praeterita
1857 4424 2077 4483 vilitate

423 4494 714 4569 deposita,
729 4512 954 4555 novam
989 4501 1186 4559 subito
1210 4502 1454 4561 induisti
1484 4506 1854 4582 dignitatem,
1871 4518 1934 4571 ut
1953 4531 2078 4572 non

422 4584 618 4642 solum
648 4586 859 4657 haeres,
893 4588 997 4644 sed
1043 4606 1261 4665 corpus
1294 4593 1503 4651 Christi
1529 4593 1746 4668 factus,
1797 4604 1981 4661 Deum
2015 4604 2078 4663 in

421 4689 668 4747 corpore
718 4680 820 4731 tuo
866 4682 1157 4748 portares.
1221 4683 1362 4747 Quae
1400 4699 1494 4738 res
1547 4687 1722 4743 tanta:
1776 4690 2073 4760 novitatis,

420 4766 597 4818 tantzc
625 4762 949 4836 dignitatis,
984 4770 1107 4822 tam
1138 4768 1347 4825 subitae
1380 4772 1725 4830 mutationis
1767 4778 2024 4850 pretium
2050 4782 2077 4837 ?

421 4851 561 4906 Vide
591 4850 652 4907 in
678 4854 965 4910 omnibus
994 4856 1416 4916 misericordiae
1447 4861 1701 4921 caelestis
1733 4866 2072 4939 artiﬁcium,

487 4979 627 5062 (20⁸)
646 4981 912 5062 biﬁdum
933 4984 1041 5062 qui
1060 4984 1134 5041 de
1154 4992 1357 5062 nostro
1372 4997 1703 5062 cesamento
1726 4992 2072 5062 beneﬁcium

420 5053 641 5136 tenent,
674 5053 1099 5136 Casamentum
1128 5056 1315 5136 oritur
1360 5074 1399 5115 a
1426 5061 1671 5119 nomine
1718 5053 1879 5136 casa,
1913 5053 2071 5124 unde

419 5124 665 5204 casates,
708 5123 861 5204 servi
891 5128 967 5204 _et
994 5123 1324 5204 domestici,
1379 5139 1803 5204 casameutum,
1851 5123 2071 5195 domus

417 5192 679 5277 rustica.
706 5192 827 5274 Gal.
875 5195 1080 5277 ferme.
1126 5201 1187 5253 In
1240 5192 1427 5255 const.
1489 5203 1680 5259 Caroli
1710 5192 1903 5277 Magni
1938 5192 2069 5265 haec

417 5257 602 5342 νθςΡρ
621 5257 1023 5342 εφροτίιιέμιιιε

486 5330 1000 5422 ςὲίμῆίρϋρρηὶιιξε
1018 5337 1084 5422 in
1111 5339 1334 5422 tabulis
1352 5343 1739 5422 Democharis
1771 5353 2071 5422 sexagesi-

419 5416 553 5488 mus
582 5406 1092 5488 secundus._0biit
1117 5426 1278 5488 anno
1310 5417 1472 5488 _tO3_l,
1506 5416 1612 5488 qui
1638 5418 1839 5475 sedem
1866 5406 2069 5480 ἐδεδέ-

415 5476 692 5560 pit'anuo
726 5476 880 5560 1000.
910 5481 987 5560 De
1027 5480 1157 5556 ipso
1200 5484 1283 5560 sic
1309 5476 1547 5560 legitur‘
1561 5485 1621 5543 in
1648 5491 1825 5546 veteri
1858 5476 2070 5551 manu-

413 5546 589 5617 scrip.
622 5546 916 5606 Chronic.:
935 5546 1113 5608 Αηῆο
1133 5546 1445 5612 millesimo
1464 5557 1690 5617 decimo
1722 5546 2069 5633 quarto7e}

2591 4401 2929 4474 EPISTOLA
2957 4403 3050 4457 vn
3090 4401 3273 4472 [olm
3309 4403 3443 4474 vn].

2808 4472 3004 4543 (Anno
3045 4476 3225 4541 1008).

2185 4560 2395 4618 Gloria
2418 4565 2473 4620 et
2519 4559 2742 4633 honere
2766 4559 2946 4631 digno
2968 4563 3143 4631 patri
3169 4567 3223 4620 et
3266 4562 3716 4633 archieziscopo
3746 4579 3855 4622 suo

2256 4634 2601 4706 movensnec
2632 4632 2747 4706 (21)
2779 4634 3097 4706 FL'LBrzarus
3120 4633 3363 4691 humilis
3379 4632 3687 4706 episcopus
3714 4650 3854 4693 cum

2258 4702 2590 4779 venerabili
2619 4702 3152 4761 Cenomanensium
3197 4702 3467 4778 episcopo
3494 4702 3854 4779 Auisgaudo

2254 4774 2528 4829 salutem.

2258 4860 2427 4918 Scien
2438 4865 2520 4917 tes
2554 4878 2665 4918 vos
2693 4863 2916 4920 habere
2942 4864 3133 4919 zelum
3161 4863 3378 4921 divinae
3406 4863 3573 4937 legis,
3608 4882 3723 4923 nec
3743 4867 3857 4923 mi-

2179 5002 2325 5079 ljob.
2345 5004 2504 5079 misit
2524 5005 2850 5079 exrcitum
2871 5020 3049 5079 suum
3060 5021 3193 5064 cum
3206 5006 3556 5079 [κρανιονῆεο

2178 5072 2504 5148 δεηθεῖεηεὶ
2526 5076 2581 5148 ei
2609 5076 2921 5148 Reynaldo
2951 5077 3206 5148 episcop.
3227 5077 3556 5135 Parisiens.
3583 5078 3669 5136 ad
3697 5072 3854 5136 obii-

2178 5145 2439 5203 dendum
2458 5147 2662 5203 urbem
2688 5145 3085 5205 Senoneizsem
3103 5145 3160 5204 ei
3175 5148 3533 5217 capiendum
3552 5165 3677 5205 non
3700 5151 3856 5207 Ber-

2178 5216 2440 5291 nardum
2488 5223 2845 5291 tyrannum,
2876 5218 2982 5275 sed
3006 5216 3379 5291 Regnoldum
3407 5220 3607 5289 ﬁlium
3634 5221 3851 5279 From.

2178 5288 2424 5363 comitis.
2474 5289 2555 5363 Et
2608 5290 2846 5363 tandem
2900 5288 3220 5363 capta'est
3276 5292 3526 5363 consili?)
3569 5293 3849 5363 Raynal.

2176 5359 2354 5438 episc.
2377 5360 2577 5418 Paris.
2602 5360 2698 5438 _l"it
2726 5365 2929 5438 autem
2957 5359 3182 5438 mentio
3206 5361 3533 5438 Ayisgaudi
3568 5359 3848 5438 episcop.

2178 5430 2647 5510 Cenomanensis
2694 5433 2826 5510 qui
2855 5432 2916 5488 in
2969 5432 3190 5510 tabulis
3238 5430 3533 5510 Democh.
3590 5430 3855 5493 vocatur

2177 5502 2555 5573 Avisgaudus
2576 5507 2632 5559 et
2660 5502 2748 5560 es't
2775 5503 3125 5561 viscesimus
3154 5508 3423 5561 octavus.
