4018 6176
230 134 335 186 205

227 342 337 398 sed
366 347 426 398 et
448 341 780 414 plurimum
808 359 975 416 posse
1004 361 1015 410 ;
1047 342 1427 400 ﬁducialiter
1456 360 1490 398 a
1520 343 1705 399 vobis
1745 344 1915 399 auxi-

225 433 380 488 lium
411 433 671 505 petimus
699 432 761 488 in
795 433 1242 490 necessitatibus
1272 432 1519 500 nostris,
1549 432 1610 488 in
1646 450 1915 507 prmcur-

227 539 434 578 sorem
464 521 802 578 Antichristi
831 523 1138 583 Hebertum
1169 523 1462 580 comitem
1490 525 1768 592 Cenom.,
1807 523 1915 596 qui

229 612 449 670 sedem
503 611 906 683 episcopalem
935 613 1204 683 ejusdem
1237 612 1494 669 civitatis
1533 616 1804 669 evertere
1829 612 1920 669 ni-

228 701 394 757 titur.
432 699 799 773 Episcopum
846 702 997 757 enim
1042 701 1408 773 praedictum
1439 699 1719 756 videlicet
1748 701 1921 757 Avis-

230 789 517 860 gaudum
542 789 607 844 in
636 805 709 844 ea
740 805 876 845 cum
930 805 1071 862 pace
1118 806 1375 847 manere
1412 805 1535 845 non
1587 789 1728 846 sinit
1760 807 1774 846 :
1810 790 1920 846 do-

230 896 370 937 mos
401 879 534 950 ejus
572 883 631 932 et
659 882 866 947 terras,
918 884 970 934 et
1004 878 1204 951 fruges
1234 884 1294 935 et
1341 880 1549 934 omnia
1606 878 1915 947 victualia,

228 970 488 1041 insuper
509 972 566 1023 et
586 967 942 1039 praebendas
967 968 1289 1025 canonicas
1310 966 1585 1024 Ecclesiae
1626 969 1915 1042 pervasit.

232 1059 375 1113 Haec
404 1056 611 1129 itaque
644 1072 758 1111 vos
791 1055 869 1112 ad
916 1055 1113 1112 vivum
1167 1056 1386 1114 sentire
1419 1055 1723 1125 volumus,
1752 1056 1919 1113 nisu-

232 1164 354 1222 que
386 1143 838 1202 indissimulato
887 1145 1213 1218 propellere
1251 1164 1264 1201 :
1313 1149 1367 1203 et
1402 1150 1469 1201 ut
1518 1146 1758 1203 facilem
1787 1163 1921 1202 mo-

230 1236 389 1293 dum
417 1233 647 1291 haheat
670 1233 875 1306 petitio
900 1238 1121 1302 nostra,
1148 1251 1470 1308 precamur
1500 1251 1610 1292 vos
1638 1235 1725 1292 illi
1754 1251 1920 1292 com-

232 1324 637 1382 monitorium
674 1322 950 1391 scribere,
1000 1328 1063 1380 ut
1083 1325 1210 1396 jam
1265 1325 1425 1381 dicto
1455 1326 1745 1399 episcopo
1806 1341 1920 1381 sua

231 1413 475 1483 reddat,
501 1417 559 1468 et
588 1428 734 1468 eum
752 1411 815 1468 in
841 1427 986 1485 pace
1007 1413 1199 1470 vivere
1245 1414 1418 1470 sinat.
1466 1414 1746 1488 Alioquin
1803 1430 1918 1487 pro

232 1507 400 1559 certo
426 1500 670 1557 noverit
699 1516 761 1556 se
794 1516 830 1556 a
849 1499 1018 1556 vobis
1051 1506 1107 1558 et
1127 1501 1524 1572 suffraganeis
1548 1502 1759 1560 vestris
1821 1519 1918 1559 ex-

231 1590 768 1649 communicatum
791 1588 880 1656 iri,
912 1604 983 1644 ex
1027 1590 1124 1645 illo
1152 1591 1251 1647 die
1307 1608 1429 1664 quo
1487 1609 1624 1650 eum
1673 1608 1917 1648 excom-
1948 1610 1988 1663 Β

234 1678 647 1739 municaverit
691 1678 1066 1747 Avisgaudus
1119 1681 1459 1753 episcopus.
1510 1680 1919 1740 Commonito-

230 1772 396 1828 rium
426 1773 639 1825 autem
694 1767 864 1841 quod
919 1767 1000 1824 illi
1054 1770 1343 1841 sacrilego
1398 1776 1593 1828 vestra
1640 1769 1916 1840 dignatio

234 1861 449 1924 mittet,
478 1857 659 1913 nobis
691 1856 1005 1913 transcribi
1034 1857 1332 1923 volumus,
1386 1863 1444 1915 et
1466 1859 1637 1916 mitti.
1667 1858 1810 1915 Vale
1854 1857 1914 1913 in

236 1949 568 2016 inﬁnitum,
599 1946 857 2017 angelus
887 1948 1089 2018 magni
1119 1947 1351 2005 consilii
1379 1952 1454 2022 te,
1474 1949 1722 2006 consule
1754 1947 1917 2006 Chri-

239 2044 356 2107 sto,
379 2040 588 2092 servet.

658 2143 997 2199 EPISTOLA
1019 2146 1133 2200 Vlll
1165 2145 1350 2216 [olim
1384 2146 1487 2218 IX].

745 2246 936 2304 (Circa
963 2262 1194 2306 annum
1229 2252 1406 2324 1008.)

234 2365 585 2428 Ιιύωειιτυε,
614 2356 730 2413 Dei
749 2357 954 2427 gratia
1001 2358 1387 2415 Carnotensis
1426 2362 1765 2431 episcopus,
1819 2358 1919 2415 do-

309 2452 477 2507 mino
505 2452 594 2519 ll.,
628 2448 1061 2504 Turonensium
1090 2449 1430 2508 subdecano
1457 2452 1575 2507 sibi
1597 2449 1916 2506 dilectissi-

309 2557 429 2607 mo,
457 2540 726 2611 gratiam
759 2543 815 2593 et
844 2537 1297 2596 benedictionem
1328 2543 1450 2598 Dei.

314 2668 466 2722 Cum
490 2666 760 2719 vestram
810 2660 1153 2717 charitatem
1208 2664 1480 2720 noverim
1516 2660 1801 2737 plurimis
1858 2661 1920 2718 in

239 2753 553 2827 obsequiis
577 2751 839 2807 libenter
866 2748 1010 2805 mihi
1028 2750 1317 2823 paruisse,
1354 2753 1555 2810 adhuc
1597 2750 1785 2808 etiam
1816 2767 1919 2824 pa-

240 2861 372 2901 rere
405 2842 774 2916 cupientem,
807 2839 909 2895 vix
929 2838 1046 2911 [ob]
1076 2840 1401 2899 satietatem
1424 2843 1659 2908 cedere,
1690 2840 1919 2897 mando

244 2935 421 2990 vobis
450 2932 673 2989 obnixe
706 2945 962 3004 precans
992 2933 1053 2984 ut
1106 2930 1502 3003 accingamini
1544 2932 1625 2988 ad
1667 2946 1919 2987 causam
1948 2962 1989 3016 Ο

244 3040 441 3098 quam
465 3037 728 3095 expono.
764 3018 942 3091 Apud
971 3035 1075 3074 vos
1116 3021 1460 3079 morabatur
1488 3021 1635 3079 olim
1668 3019 1919 3094 quidam

241 3114 555 3170 bonorum
578 3114 864 3177 extortor,
887 3107 1087 3180 legum
1142 3115 1458 3181 contortor,
1492 3108 1778 3168 Girardus
1821 3125 1924 3165 no-

244 3199 436 3267 mine,
484 3195 591 3270 qui
649 3197 996 3266 susceptum
1030 3209 1215 3249 unum
1271 3196 1575 3253 caballum
1604 3212 1641 3252 a
1694 3193 1922 3250 famulo

246 3287 459 3339 nostro
492 3280 763 3337 Deodato
797 3277 1005 3333 debuit
1034 3293 1381 3351 comparare
1415 3281 1656 3351 triginta
1682 3277 1924 3334 duobus

248 3369 483 3439 solidis,
516 3384 629 3443 pro
660 3366 1003 3424 arrhabone
1060 3365 1211 3423 datis
1263 3369 1581 3426 duodecim
1631 3366 1921 3437 nummis,

250 3475 519 3533 cumque
545 3457 813 3530 reliquos
844 3457 1108 3527 speraret
1164 3458 1457 3514 Deodatus
1484 3457 1561 3514 ad
1604 3455 1922 3531 praeﬁxum

255 3549 583 3607 terminum
634 3564 697 3603 sc
726 3548 1129 3617 recepturum,
1185 3546 1383 3604 fefellit
1410 3564 1551 3603 eum
1578 3547 1677 3602 ille
1708 3544 1926 3601 subdo-

252 3640 373 3706 lus,
406 3656 443 3695 a
470 3636 647 3695 nobis
662 3638 963 3692 Turonem
991 3633 1354 3707 profugiens,
1387 3654 1496 3694 nec
1523 3651 1752 3710 equum
1782 3650 1925 3707 pos-

254 3735 355 3786 tea
394 3745 508 3785 nec
540 3726 800 3801 pretium
848 3723 1172 3792 remittens,
1212 3728 1490 3799 quamvis
1521 3743 1663 3783 eum
1700 3723 1928 3780 Deoda-

254 3824 357 3874 tus
390 3833 551 3890 saepe
579 3813 930 3872 utrumlibet
950 3827 1124 3882 agere
1138 3829 1246 3887 per
1262 3814 1490 3887 legatos
1516 3812 1923 3890 postulaverit.

260 3911 385 3964 Hac
413 3907 489 3962 de
517 3921 699 3962 causa
728 3903 900 3959 mitto
954 3901 1035 3958 ad
1070 3917 1178 3958 vos
1211 3919 1399 3960 unum
1449 3922 1524 3961 ex
1557 3902 1778 3959 nostris
1824 3901 1930 3957 ho-

266 3995 555 4063 minibus,
576 3994 678 4068 qui
710 3993 912 4067 ipsum
936 3991 1247 4048 Girardum
1272 3998 1481 4050 notum
1508 3993 1684 4051 vobis
1729 3991 1925 4058 faciat,

262 4087 332 4143 in
366 4084 784 4156 audientiaque
815 4087 1014 4138 vestra
1032 4082 1159 4138 vice
1187 4084 1429 4140 Deodati
1458 4085 1615 4140 hanc
1643 4082 1755 4155 ipsi
1787 4097 1930 4155 que-

260 4175 458 4233 relam
482 4174 768 4244 intendat,
794 4171 1062 4244 qualibet
1088 4171 1217 4243 lege
1264 4173 1610 4229 censueritis
1640 4172 1932 4227 revinctu-

1774 130 2151 189 EPISTOLE.

223 269 344 310 nus
371 252 649 325 opitulari
672 253 823 309 velle
874 269 1050 327 quam
1079 252 1315 310 debere
1347 252 1643 310 fratribus
1673 253 1909 321 vestris,
1946 258 1994 310 A

3581 152 3690 209 206

2483 263 2818 321 EPISTULA
2848 267 2891 322 Χ
2922 265 3081 337 [olim
3116 269 3264 340 XIX].

2663 353 2859 423 (Anno
2891 356 3069 427 1008).

2029 435 2351 493 FULBERTUS
2386 439 2501 494 Dei
2525 443 2729 509 gratia
2756 444 3065 513 episcopus
3091 448 3395 504 Gusunro
3435 452 3691 509 Hussnro

2098 525 2446 596 vicecomiti,
2475 530 2744 598 Bocsmo,
2778 533 3060 605 Brenno,
3092 534 3307 592 Hucom
3332 538 3463 607 ﬁlio
3490 542 3695 613 Hage-

2099 609 2215 673 m’s,
2249 611 2493 677 Orasno,
2545 615 2855 683 HANELINO,
2914 618 3123 674 Hueoru
3152 621 3280 688 ﬁlio
3322 609 3690 697 Herbraiidi,

2100 699 2153 749 et
2181 696 2365 750 uxori
2392 697 2765 766 Guismandi,
2806 706 2864 756 et
2891 702 3162 759 omnibus
3212 707 3335 761 illis
3364 710 3471 779 qui
3491 696 3693 767 tenent

2059 798 2073 818 ι
2100 789 2510 840 casamentum
2539 793 2766 845 sanctae
2802 790 3017 847 Maria:
3076 793 3459 852 Carnotensi:
3488 798 3691 856 Eccle-

2099 873 2205 928 sia?
2229 887 2342 942 per
2364 875 2587 932 donum
2611 879 2942 949 Reginatdi
2966 882 3249 952 episcopi.

2101 962 2261 1015 Voco
2312 979 2422 1018 vos
2480 968 2537 1020 et
2589 966 2890 1023 admoneo
2919 983 2993 1024 ex
3048 974 3217 1044 parte
3249 972 3349 1028 Dei
3390 978 3448 1030 et
3473 982 3691 1051 sancta;

2028 1047 2225 1104 Maria:
2254 1053 2311 1105 et
2337 1057 2562 1124 nostra,
2592 1059 2657 1110 ut
2676 1054 2831 1112 infra
2859 1058 3206 1130 proximum
3236 1061 3464 1118 Pascha
3488 1047 3692 1122 venia-

2029 1137 2105 1192 tis
2135 1137 2215 1193 ad
2244 1154 2379 1210 nos,
2414 1146 2517 1198 aut
2551 1148 2823 1201 nostrum
2882 1148 3190 1205 servitium
3241 1149 3454 1219 facere,
3487 1157 3591 1208 aut
3618 1152 3694 1210 de

2027 1226 2244 1283 vestris
2283 1233 2642 1288 casamcnlis
2687 1234 3017 1304 legitimam
3072 1239 3367 1295 rationem
3420 1241 3690 1299 reddere.

2030 1315 2208 1379 Quod
2239 1316 2287 1371 si
2307 1334 2428 1375 non
2456 1319 2724 1389 feceritis,
2744 1326 3287 1382 excommunicabo
3313 1343 3421 1384 vos
3450 1335 3696 1402 propter

2030 1406 2462 1463 contumeliam
2492 1415 2774 1480 vestram,
2824 1417 2883 1468 et
2908 1412 3260 1471 interdicam
3313 1420 3379 1472 ut
3409 1433 3532 1474 non
3588 1434 3693 1475 au-

2029 1492 2210 1548 diatis
2240 1495 2512 1554 divinum
2543 1498 2826 1567 ofﬁcium.
2876 1517 2985 1557 nec
3030 1503 3148 1559 vivi
3178 1505 3475 1578 recipiatis
3527 1523 3692 1564 com-

2028 1583 2408 1653 munionem,
2440 1603 2637 1661 neque
2665 1591 2885 1647 mortui
2910 1592 3300 1665 sepulturam.
3331 1596 3482 1662 Quin
3513 1597 3692 1654 etiam

2028 1674 2345 1732 castellum
2378 1677 2788 1735 Vindocinium
2817 1686 2874 1736 et
2908 1683 3265 1739 territorium
3295 1685 3423 1757 ejus
3454 1688 3695 1743 anathe-

2028 1762 2352 1832 matizabo,
2384 1771 2446 1822 ut
2470 1767 2531 1821 in
2572 1767 2656 1823 eis
2684 1767 2959 1825 divinum
2991 1769 3254 1827 ofﬁcium
3287 1788 3410 1829 non
3437 1775 3692 1831 celebre-

2028 1854 2146 1922 tur,
2174 1868 2371 1926 neque
2408 1861 2682 1912 mortuus
2730 1857 3066 1930 sepeliatur.
3121 1863 3327 1919 Postea
3371 1879 3515 1920 vero
3561 1865 3695 1937 ipsa

2028 1949 2384 2000 casamenta
2406 1960 2544 2017 qme
2571 1946 2781 2001 tenetis
2806 1951 2910 2002 aut
2936 1949 3038 2004 uni
3059 1954 3160 2006 aut
3204 1950 3478 2023 pluribus
3504 1954 3690 2023 dabo,

2028 2029 2185 2087 ultra
2201 2032 2381 2089 etiam
2401 2033 2716 2090 vobiscum
2743 2034 2818 2091 de
2837 2034 2951 2092 illis
2979 2053 3101 2094 non
3123 2040 3691 2112 coneordabo,l)eus

2025 2133 2133 2173 vos
2157 2126 2485 2189 convertat,
2512 2121 2616 2177 ﬁlii
2645 2121 2784 2178 mei.

2412 2210 2753 2267 EPISTOLA
2794 2214 2858 2267 x1
2889 2214 3072 2283 [οείνη.
3108 2218 3303 2288 xxm].

2646 2299 2847 2370 (Anno
2877 2304 3056 2373 1008.)
3104 2334 3107 2337 ‹

2026 2384 2425 2443 Dilectissimo
2445 2388 2618 2456 patri
2640 2394 2696 2443 et
2721 2390 3169 2462 archiepiscopo
3192 2407 3299 2448 suo
3322 2397 3692 2466 Lemnemco,

2098 2474 2424 2531 FULBERTUS
2447 2475 2562 2530 Dei
2576 2477 2779 2545 gratia
2809 2478 3197 2537 Camotensis
3226 2484 3532 2553 episcopus
3561 2499 3693 2542 ora-

2101 2562 2283 2618 tionis
2308 2565 2693 2635 sit/fragium.

2100 2650 2349 2708 Multum
2381 2653 2601 2709 amoris
2643 2657 2821 2727 atque
2876 2656 3176 2714 ﬁdelitatis
3204 2659 3329 2727 tibi,
3351 2663 3537 2730 Pater,
3592 2677 3691 2718 me

2026 2736 2252 2795 debere
2279 2756 2515 2808 censeo,
2559 2756 2665 2814 per
2692 2743 2868 2813 cujus
2888 2759 3141 2802 manum
3174 2761 3212 2802 a
3265 2750 3383 2804 Deo
3408 2748 3691 2805 benedic-

2028 2828 2255 2885 tionem
2281 2835 2339 2887 et
2367 2848 2601 2888 sacram
2634 2832 2975 2890 unctionem
3000 2837 3221 2910 accepi.
3257 2838 3422 2895 Unde
3452 2839 3691 2895 animus

2028 2934 2202 2975 meus
2230 2919 2313 2977 ita
2342 2921 2564 2994 pendet
2591 2938 2664 2978 ex
2693 2927 2816 2995 tuo,
2850 2930 2915 2981 ut
2965 2925 3262 3000 quidquid
3310 2932 3364 2985 te
3387 2929 3551 3000 justa
3600 2942 3692 2986 ra-

2029 3006 2191 3063 tione
2214 3014 2318 3064 aut
2342 3009 2650 3067 contristat
2679 3017 2782 3068 aut
2809 3012 3044 3081 hilarat,
3080 3014 3238 3070 idem
3269 3032 3367 3072 me
3398 3018 3447 3073 si
3489 3016 3693 3074 rescis-

2032 3111 2170 3151 cam
2191 3095 2371 3152 simili
2403 3097 2586 3153 modo
2634 3098 2874 3156 alliciat.
2917 3103 3312 3172 Congratulor
3353 3105 3555 3178 itaque
3586 3104 3693 3162 tibi

2032 3201 2216 3258 super
2235 3185 2488 3243 inventis
2511 3189 2694 3245 sacris
2728 3207 2741 3257 ;
2798 3195 2855 3246 et
2886 3194 3024 3261 Deo,
3079 3192 3222 3265 quia
3276 3198 3546 3267 tempore
3588 3199 3692 3250 tuo

2030 3272 2297 3330 revelare
2328 3275 2557 3348 maluit,
2584 3291 2813 3349 pronus
2837 3279 3060 3348 gratias
3106 3295 3243 3351 ago.
3290 3280 3513 3337 Deinde
3549 3298 3692 3339 vero

2032 3361 2200 3435 quod
2229 3364 2609 3437 Arnulphum
2654 3370 2929 3423 casatum
2981 3367 3256 3425 Ecclesiae
3312 3374 3530 3426 nostrae
3588 3368 3694 3426 tibi

2032 3451 2272 3524 tuisque
2301 3452 2585 3526 scripsisti
2614 3454 2922 3527 injurium,
2977 3472 3134 3529 aegre
3187 3463 3395 3515 contra
3424 3458 3591 3515 iitum
3638 3461 3697 3515 et

2034 3542 2241 3614 accepi
2266 3548 2323 3598 et
2342 3543 2488 3599 fero.
2525 3545 2691 3601 Unde
2718 3562 2862 3603 mox
2891 3547 2970 3604 ad
2990 3547 3197 3604 villam
3247 3548 3542 3619 Alogiam,
3592 3547 3697 3605 ubi

2036 3634 2179 3686 tunc
2200 3647 2330 3687 esse
2358 3632 2691 3703 dicebatur,
2745 3636 2880 3692 misi
2910 3636 3174 3708 legatum
3228 3652 3453 3708 meum,
3499 3638 3605 3696 sed
3635 3637 3698 3694 in

2036 3719 2185 3791 alias
2208 3725 2409 3793 partes
2434 3722 2679 3779 abierat.
2715 3727 2873 3782 Uxor
2896 3731 3100 3783 tamen
3127 3727 3257 3797 ejus
3284 3727 3431 3785 mihi
3458 3744 3698 3785 reman-

2035 3807 2204 3864 davit
2256 3810 2444 3882 quod,
2512 3811 2615 3866 ubi
2672 3812 2929 3884 redierit,
2981 3814 3182 3870 statim
3240 3816 3318 3871 ad
3348 3833 3445 3874 me
3481 3816 3695 3873 veniet.

2038 3897 2211 3961 Quod
2241 3898 2288 3952 si
2316 3898 2565 3953 veniens
2595 3898 2695 3954 tibi
2724 3901 3069 3957 satisfacere
3094 3901 3364 3971 voluerit,
3396 3919 3504 3977 per
3532 3919 3699 3960 meas

2036 3984 2262 4041 litteras
2323 3986 2493 4042 scies.
2546 3987 2824 4060 Alioquin
2882 3989 3036 4045 ultra
3066 3990 3392 4047 terminum!
3442 3992 3549 4065 qui
3584 3995 3701 4047 ate

2039 4074 2322 4147 praeﬁxus
2350 4080 2456 4146 est,
2489 4076 2549 4131 in
2594 4080 2799 4133 nostra
2828 4078 3256 4135 communione
3294 4096 3417 4137 non
3457 4082 3582 4138 erit.
3613 4080 3700 4139 Si-

2042 4164 2392 4220 moniacum
2419 4180 2563 4221 vero
2585 4165 3028 4238 presbyterum,
3059 4167 3134 4223 de
3184 4185 3309 4242 quo
3337 4170 3485 4227 mihi
3529 4182 3703 4227 man-

260 4278 371 4317 rus
397 4276 562 4327 eum,
597 4257 646 4313 si
677 4257 844 4324 forte,
893 4260 958 4312 ut
986 4260 1075 4312 est
1123 4257 1423 4330 impurus,
1470 4254 1938 4313 dissimulaverit
1968 4316 2007 4333 n
2042 4252 2219 4322 dasti,
2250 4254 2311 4308 in
2341 4252 2648 4310 diceeesim
2679 4255 3043 4313 ordinatoris
3086 4258 3176 4313 sui
3206 4260 3406 4333 repelli
3433 4262 3658 4318 suadeo
3687 4279 3702 4331 ;

360 4365 495 4405 rem
515 4316 691 4404 istam
713 4346 883 4414 scire,
916 4350 1020 4403 aut
1038 4346 1085 4400 si
1117 4344 1196 4403 ita
1209 4316 1373 4412 esse,
1398 4346 1579 4403 etiam
1606 4343 1930 4415 negaverit.
1968 4316 2010 4369 D
2042 4346 2167 4412 aut,
2208 4342 2257 4398 si
2284 4342 2347 4399 iu
2374 4348 2475 4400 tua
2501 4345 2809 4415 manserit,
2842 4346 2921 4402 ab
2948 4345 3147 4403 ofﬁcio
3178 4350 3486 4423 suspendi,
3505 4367 3587 4407 ne
3605 4352 3706 4407 Ec-

262 4440 562 4511 Deinceps
593 4436 771 4492 talem
793 4436 855 4491 in
886 4451 1025 4491 eum
1079 4434 1321 4508 qualem
1359 4437 1460 4507 jus
1514 4434 1730 4508 poscit,
1774 4434 1933 4503 date,

265 4544 503 4603 quaeso,
534 4526 907 4593 sententiam,
942 4528 1007 4580 ut
1044 4524 1135 4580 vel
1166 4524 1429 4580 Deodato
1472 4540 1601 4581 rem
1649 4540 1825 4579 suam
1851 4522 1934 4578 le-

268 4613 484 4685 galiter
510 4610 721 4680 solvat,
756 4609 846 4665 vel
868 4608 1103 4665 debitas
1139 4624 1354 4682 poenas
1376 4608 1521 4665 luat.
1551 4608 1754 4679 Vigeat
1778 4623 1936 4663 sem-

268 4719 381 4777 per
408 4699 703 4758 alacritas
723 4704 933 4755 vestra.

748 4826 1079 4883 EPISTOLA
1120 4827 1182 4880 [Χ
1214 4826 1378 4896 [olim
1399 4825 1460 4896 X]

777 4931 969 5005 (Circa
993 4947 1225 4989 annum
1258 4934 1440 5003 l008.)

512 5040 690 5097 Patri
710 5043 763 5095 et
790 5038 1201 5095 consacerdoti
1222 5052 1330 5092 suo
1357 5037 1702 5093 FULBERTL'S.

348 5146 558 5213 Crede,
604 5147 794 5211 Pater,
852 5143 1083 5200 nullam
1136 5158 1233 5198 me
1285 5143 1783 5216 compositionem
1829 5159 1941 5200 un-

273 5235 485 5309 guenti
514 5234 839 5301 laborasse,
862 5236 1188 5306 postquam
1219 5231 1299 5287 ad
1330 5231 1605 5288 ordinem
1635 5233 1946 5307 episcopa-

274 5327 395 5382 lem
436 5322 684 5389 accessi,
715 5321 879 5394 quod
934 5324 1136 5376 tamen
1184 5318 1518 5390 pauxillum
1547 5336 1619 5375 ex
1643 5320 1806 5377 dono
1847 5338 1947 5378 cu-

271 5412 533 5487 jusdam
580 5409 796 5467 medici
825 5410 1149 5482 supererat,
1201 5406 1351 5463 mihi
1374 5408 1661 5465 fraudans
1711 5410 1815 5467 tibi
1836 5411 1949 5468 lar-

2042 4430 2235 4486 clesiae
2262 4435 2379 4488 tute
2424 4431 2653 4488 candor
2680 4433 3013 4490 immundae
3064 4434 3306 4494 haeresis
3353 4439 3705 4509 contagione

2044 4519 2370 4577 sordescat.
2400 4522 2557 4589 Vale,
2586 4525 2754 4579 Pater
2784 4524 3030 4596 optime,
3063 4522 3168 4581 ﬁlii
3190 4528 3273 4583 tui
3301 4543 3553 4584 memor.

2438 4611 2778 4668 EPISTOLA
2802 4612 2893 4669 ΧΠ
2924 4613 3090 4683 [olim
3120 4614 3318 4686 XXFVJ

2544 4704 2717 4755 Anno
2755 4703 2890 4757 1008
2921 4699 3016 4756 vel
3046 4705 3201 4758 t009.

2046 4788 2449 4845 Dilectissimo
2474 4790 2649 4857 patri
2666 4795 2721 4845 et
2737 4790 3184 4860 archiepiscopo
3213 4806 3318 4847 suo
3346 4794 3708 4862 l.r:rrnemco,

2124 4879 2442 4933 Fercem-rs
2475 4878 2585 4934 Dei
2632 4880 2837 4950 gratia
2896 4880 3353 4935 Carnot‘ensium
3406 4881 3712 4953 episcopus

2125 4967 2485 5037 sit/fragium
2516 4967 2807 5025 orationis
2838 4972 2893 5023 et
2921 4966 3259 5037 obsequium
3284 4966 3615 5036 ﬁdeiitatis.

2132 5055 2511 5129 Amulphum
2530 5054 2771 5111 ﬁdelem
2802 5069 3005 5110 meum
3027 5054 3338 5124 arguendo
3368 5057 3618 5115 conveni
3642 5059 3717 5116 de

2050 5145 2144 5202 his
2174 5144 2402 5217 injuriis
2433 5142 2593 5199 unde
2618 5143 2766 5198 mihi
2794 5141 3236 5216 querimoniam
3268 5144 3722 5218 ssripsistis.Sed

2051 5233 2146 5290 ille
2175 5231 2483 5304 respondit
2508 5248 2571 5286 se
2622 5246 2744 5286 non
2799 5228 3087 5299 diffugere
3134 5231 3427 5302 judicium
3461 5240 3474 5290 ξ
3510 5242 3720 5310 sponte

2053 5321 2251 5379 venire
2280 5321 2355 5375 ad
2384 5319 2692 5392 placitum.
2728 5318 2891 5374 Unde
2919 5334 3025 5391 per
3054 5321 3369 5378 consilium
3402 5329 3723 5381 etsuasum

2058 5411 2185 5481 ejus
2206 5411 2395 5464 totam
2421 5407 2580 5461 hanc
2613 5422 2863 5462 causam
2884 5405 2947 5462 in
2968 5413 3226 5465 vestram
3265 5409 3720 5483 dispositionem

278 5505 432 5576 gior,
451 5506 662 5571 rogato
688 5499 984 5572 sospitatis
1019 5501 1261 5554 auctore
1289 5497 1522 5554 Christo
1557 5504 1618 5555 ut
1663 5501 1768 5557 tibi
1798 5501 1945 5557 illud
2057 5496 2368 5563 mittimus,
2402 5497 2469 5549 ut
2489 5494 2859 5550 constituatis
2916 5494 3099 5565 diem,
3128 5513 3250 5569 quo
3278 5514 3387 5553 vos
3417 5503 3479 5555 et
3504 5516 3632 5567 nos,
3663 5500 3730 5555 et

280 5591 463 5651 faciat
492 5589 772 5646 salutare.
806 5587 962 5645 Vale.

2059 5586 2157 5643 alii
2175 5601 2441 5660 quarum
2463 5583 2691 5650 interet,
2718 5584 3033 5641 convenire
3064 5585 3395 5659 possimus,
3417 5588 3589 5660 juxta
3621 5581 3716 5646 ca-
