4018 6176
351 109 454 163 207

1414 92 1473 145 S.
1515 82 1856 142 FULBEB’I‘I
1897 73 2377 134 CARNOTENSSI
2422 68 2756 127 EPISCOPI.

3686 57 3801 111 208

354 227 593 287 stellum
622 221 811 286 Ebrae,
844 214 1116 273 videlicet
1143 228 1326 287 super
1355 211 1557 285 ipsam
1575 213 1794 266 terram
1830 200 2020 260 sancti
2048 201 2097 255 Α
2131 212 2303 255 ream
2702 186 3032 287 naufragus
3061 180 3469 287 “demergeris.
3501 181 3693 250 Begat
3746 182 3809 235 te

353 269 1282 384 Dzngdi-ct-iT—contcntio
1321 269 1428 360 est.
1487 296 1833 371 Arnulphus
1861 292 2023 384 enim
2131 302 2352 344 manus
2374 284 2578 342 valida
2603 274 3031 352 omnipotentis
3060 271 3316 331 Domini.
3347 269 3505 327 Vale.

354 408 416 465 in
483 379 929 478 expedition—em
984 410 1126 452 cum
1187 393 1394 451 Odone
1454 388 1671 447 comite
1724 379 2023 460 proﬁcisci

355 474 680 556 constituit.
707 485 875 545 Unde
898 501 1010 541 vos
1044 480 1225 539 talem
1254 480 1414 538 diem
1442 474 1825 553 praescribere
1850 484 2026 543 opor-

355 588 454 654 tet,
485 587 552 639 ut
569 585 627 638 et
668 576 766 635 ille
796 574 872 631 de
911 570 1291 646 expeditione
1342 567 1531 642 possit
1573 579 1702 654 esse
1724 573 2021 654 reversus,

355 677 414 730 et
439 647 552 743 ego
578 667 731 727 meis
760 662 1017 735 negotiis
1047 662 1452 733 exoccupatus
1476 652 1700 729 possim
1727 647 1901 706 vobis
1921 662 2023 702 oc-

354 775 613 819 currere.
643 754 802 813 Vale.

749 842 1086 900 Episrom
1107 841 1223 895 xm
1257 837 1420 909 [olim
1457 832 1628 903 xxv.]

835 927 1031 997 (Anno
1059 926 1196 979 1008
1226 925 1332 977 aut
1363 916 1545 988 1000.)

357 1022 579 1079 Sancto
624 1024 680 1076 et
724 1013 1056 1074 venerabili
1108 1026 1214 1066 suo
1269 1012 1640 1075 laseruamco,
1699 1002 2020 1057 FlTLBl-ZR'I‘L’S

431 1110 836 1181 episcoporum
889 1100 1262 1159 hinnillimus
1317 1093 1627 1166 ﬁdelitatis
1656 1090 1936 1160 affectum
1966 1092 2022 1143 et

430 1196 796 1268 obsequium.

431 1290 511 1343 De
534 1282 887 1359 presbytero
916 1281 1112 1334 vestro
1139 1275 1220 1331 ab
1246 1272 1363 1331 alio
1393 1271 1680 1345 episcopo
1708 1284 1817 1342 per
1845 1281 2022 1340 pecu-

358 1374 526 1431 niam
554 1370 851 1436 ordinato,
882 1383 955 1423 ex
975 1364 1324 1423 auctoritate
1346 1365 1692 1419 sanctorum
1716 1370 2022 1414 canonum

362 1462 476 1519 tale
499 1458 673 1517 vobis
697 1454 1017 1514 consilium
1056 1452 1242 1510 dono.
1293 1450 1559 1507 Primum
1612 1443 2019 1515 degradetur;

2479 397 2816 456 EPISTOLA
2854 393 2961 448 XVI
3000 387 3165 462 [olim
3196 386 3441 459 LXXIII].

2638 483 2824 557 (Circa
2847 495 3077 537 annum
3110 477 3293 547 1008.)

2133 582 2450 636 FULaaarus
2506 576 2618 633 Dei
2687 572 2891 645 gratia
2955 566 3415 627 Carnotensium
3486 563 3807 635 episcopus

2394 669 2676 723 Gausuao
2705 661 2912 719 abbati
2930 658 3297 730 regulariter
3325 669 3524 727 agere.

2204 771 2423 831 Prae-sul
2459 768 2937 834 Aurelianorum,
2970 763 3072 838 qui
3094 780 3205 820 vos
3226 756 3804 826 excommunicavit,

2130 860 2522 936 coepiscopos
2551 873 2696 914 suos
2718 855 2880 912 idem
2934 853 3127 910 facere
3153 850 3364 926 poscit.
3392 853 3465 906 At
3503 864 3640 918 ego,
3663 862 3810 936 corf

2128 935 2408 1009 rectionis
2459 951 2672 1005 vestrae
2711 960 2837 1002 non
2878 957 3091 1016 expers
3119 940 3181 997 in
3212 937 3460 996 Kalend.
3509 935 3722 995 Octob.
3752 935 3812 993 ei

2127 1041 2467 1113 respectum
2497 1034 2658 1092 dedi.
2695 1032 2861 1091 Unde
2882 1046 3065 1100 nunc,
3105 1029 3307 1098 frater,
3326 1041 3690 1113 commoneo
3712 1027 3806 1093 ut,

2130 1112 2357 1196 gradus
2388 1121 2739 1181 humilitatis
2796 1118 3036 1176 interim
3063 1117 3159 1174 vel
3212 1131 3405 1190 usque
3429 1114 3510 1171 ad
3559 1112 3811 1171 tertium

2127 1212 2450 1284 relegendo
2479 1210 2764 1285 episcopo
2808 1212 3008 1266 vestro
3065 1203 3491 1278 subjiciamini,
3519 1202 3671 1259 sicut
3696 1201 3808 1258 de-

2129 1307 2240 1360 cet.
2275 1306 2386 1359 Aut
2408 1301 2457 1358 si
2484 1298 2661 1358 vobis
2700 1315 2825 1356 non
2852 1296 2935 1355 ita
2986 1295 3333 1354 faciendum
3378 1309 3514 1350 esse
3542 1291 3807 1359 videtur,

2128 1408 2238 1449 cur
2265 1390 2392 1448 fieri
2417 1405 2543 1447 non
2580 1388 2799 1446 debeat
2823 1386 3121 1445 rationem
3146 1382 3322 1442 nobis
3368 1381 3647 1439 intimare
3676 1395 3812 1437 non

2130 1480 2352 1554 pigeat.
2390 1481 2512 1551 Ego
2539 1477 2702 1536 enim
2730 1492 2928 1550 neque
2979 1474 3175 1546 legem
3200 1487 3396 1545 neque
3425 1469 3681 1527 modum
3714 1485 3814 1525 ra—

360 1549 598 1618 deinde’
631 1546 710 1602 ab
740 1542 1365 1637 Ec.clesm_separatu§’
1425 1535 1667 1637 animus
1716 1531 1890 1637 {mnis
1939 1546 2024 1586 se-
2052 1548 2095 1604 Β
2547 1531 3123 1637 ἶίξξηῇιξροεειιῶ,
3153 1560 3259 1635 qui
3283 1531 3392 1617 vos
3419 1576 3458 1616 a
3480 1558 3633 1631 jugo
3664 1557 3812 1614 sub-

361 1657 503 1697 vera
525 1634 875 1712 poenitentia
896 1633 1200 1699 multetur,
1232 1634 1297 1687 ut
1322 1626 1570 1685 honoris
1599 1624 1844 1696 gradus,
1864 1636 2021 1695 quos

361 1729 552 1803 pretio
585 1728 909 1789 taxaverat,
964 1719 1249 1793 laerymis
1280 1716 1631 1789 conquirere
1660 1718 1718 1771 et
1743 1724 2022 1786 reparare

364 1817 705 1877 contendat.
742 1817 968 1882 Postea,
1029 1810 1077 1866 si
1129 1809 1309 1880 digne
1338 1804 1695 1881 paenituerit,
1735 1807 2023 1859 restaure-

364 1913 477 1964 tur.
512 1909 644 1963 Hinc
664 1919 808 1960 vero
837 1917 972 1974 quae
996 1898 1278 1965 diximus,
1311 1912 1449 1953 cum
1479 1893 1541 1951 in
1565 1892 1695 1950 aliis
1723 1890 1869 1949 locis
1893 1894 2024 1945 tum

365 1996 506 2054 satis
557 2007 839 2067 expresse
892 1988 1204 2046 invenietis
1237 1986 1298 2043 in
1350 1999 1582 2041 canone
1628 1980 1910 2039 Toletano
1963 1994 2022 2047 ιι,

365 2102 497 2159 cap.
522 2091 576 2141 9.
613 2086 901 2141 Caeterum
930 2074 1425 2150 rebaptizationcs
1453 2077 1510 2129 et
1551 2068 2023 2129 reordinationes

364 2173 513 2240 fieri,
545 2185 807 2228 canones
864 2171 1085 2224 vetant.
1146 2167 1463 2237 Propterea
1503 2159 1845 2234 depositum
1899 2172 2025 2212 non

365 2258 806 2327 reordinabitis,
841 2256 949 2313 sed
975 2253 1235 2311 reddetis
1265 2252 1320 2308 ei
1348 2268 1490 2307 suos
1519 2248 1743 2321 gradus
1774 2263 1881 2321 per
1909 2245 2027 2301 ins-

370 2352 673 2408 trumenta
701 2350 759 2403 et
785 2360 893 2418 per
918 2342 1273 2400 vestimenta
1324 2356 1458 2413 quae
1487 2337 1567 2394 ad
1610 2336 1773 2410 ipsos
1802 2332 2027 2406 gradus

366 2438 685 2513 pertinent,
724 2435 805 2491 ita
826 2431 1125 2490 dicendo:
1177 2428 1381 2485 Reddo
1414 2426 1515 2485 tibi
1567 2424 1825 2495 gradum
1852 2422 2029 2513 ostia-

368 2512 461 2598 rii,
493 2531 551 2583 et
576 2530 808 2582 caetera.
845 2526 907 2578 In
935 2518 1179 2577 nomine
1208 2516 1411 2584 Patris,
1445 2520 1502 2572 et
1530 2514 1658 2571 Filii
1694 2518 1753 2570 et
1781 2512 2030 2586 Spiritus

369 2614 581 2674 sancti.
615 2612 944 2672 Novissime
973 2613 1176 2666 autem
1206 2605 1621 2664 benedictione
1657 2599 2030 2660 Imtiﬂcabitis

368 2721 511 2764 eum
534 2704 617 2760 sic
648 2699 1065 2760 concludendo
1098 2715 1112 2752 :
1140 2694 1479 2753 Benedictio
1511 2696 1608 2750 Dei
1630 2691 1833 2758 Patris,
1861 2694 1918 2747 et
1949 2688 2032 2746 Fi-

370 2794 450 2864 lii,
478 2798 536 2851 et
566 2791 816 2867 Spiritus
867 2787 1056 2846 sancti
1108 2802 1287 2859 super
1334 2789 1386 2840 te
1429 2781 1778 2851 descendat,
1836 2784 1903 2836 ut
1947 2778 2029 2867 sis

369 2866 761 2939 confirmatus
788 2878 849 2935 in
879 2875 1089 2934 ordine
1132 2871 1505 2940 sacerdotali,
1560 2875 1617 2927 et
1644 2870 1862 2926 offeras
1907 2866 2030 2942 pla-
2060 2898 2103 2956 ε

371 2969 596 3028 cabiles
623 2966 855 3025 hostias
901 2982 1011 3038 pro
1060 2962 1320 3038 peccatis
1366 2966 1546 3034 atque
1595 2957 2031 3016 offensionibus

373 3057 585 3134 populi
610 3048 1006 3129 omnipotenti
1033 3057 1175 3121 Deo,
1202 3050 1300 3108 cui
1328 3054 1417 3107 est
1444 3050 1639 3106 honor
1666 3052 1723 3105 et
1753 3046 1941 3117 gloria
1969 3046 2030 3102 in

375 3146 598 3205 saecula
622 3144 1001 3203 sreculorum.
1033 3147 1244 3199 Amen.

769 3234 1103 3292 EPISTOIA
1131 3234 1241 3288 xw
1270 3231 1435 3303 [olim
1462 3230 1657 3299 xxm

890 3321 1076 3390 (Circa
1100 3335 1332 3377 annum
1356 3319 1534 3388 1008.)

373 3415 656 3474 Plurima
683 3412 933 3469 scientia
953 3415 1007 3466 et
1027 3409 1348 3465 sanctitate
1367 3406 1631 3477 pollenti
1653 3404 1826 3474 patri
1862 3409 1915 3460 et
1935 3418 2035 3460 ar-

449 3503 821 3572 chiepiscopo
877 3501 1244 3567 Leumemco,
1304 3496 1536 3551 utinam
1577 3494 1692 3550 Dei
1735 3494 2036 3564 parvulus

452 3592 741 3649 orationis
769 3588 1151 3658 sci/fragium.

455 3678 627 3746 Quod
676 3676 1095 3735 adversarium
1124 3678 1402 3732 nostrum
1454 3676 1751 3729 Gozonem
1794 3687 2037 3729 excom-

380 3767 752 3838 municastis,
802 3783 837 3823 a
868 3765 1124 3823 Domino
1149 3762 1511 3831 mercedem,
1539 3766 1597 3818 et
1632 3778 1670 3818 a
1691 3761 1870 3818 nobis
1896 3760 2041 3818 ﬁde-

378 3858 467 3915 les
494 3855 717 3929 gratias
741 3853 1039 3913 babeatis.
1073 3855 1194 3909 Hoc
1222 3851 1384 3909 enim
1440 3848 1735 3918 faciendo,
1761 3854 1819 3907 et
1847 3848 2043 3906 Domi-

378 3964 460 4005 no
482 3945 821 4021 praebuistis
870 3942 1253 4017 obsequium,
1300 3946 1357 3999 et
1392 3946 1590 3998 vestro
1631 3938 1924 4013 discipulo
1949 3938 2041 3996 di-

376 4035 648 4094 lectionis
672 4034 985 4091 indicium.
1013 4033 1388 4106 Quapropter
1412 4030 1463 4086 si
1494 4045 1591 4086 me
1616 4034 1811 4085 vestra
1830 4028 2041 4099 digna-

379 4124 463 4182 tio
484 4123 560 4180 de
587 4124 702 4180 hac
731 4138 802 4180 ac
825 4121 902 4178 de
941 4119 1058 4178 alia
1103 4136 1289 4176 causa
1339 4117 1656 4190 rogaverit,
1712 4117 2040 4187 benignam

381 4226 445 4267 se
471 4208 644 4266 vobis
672 4212 730 4266 et
755 4207 1192 4280 obsequentem
1218 4210 1424 4264 nostra
1472 4204 1776 4263 humilitas
1801 4203 2041 4261 exhibe-

377 4298 484 4356 bit.
515 4296 732 4356 Valete.

759 4366 1097 4425 EPISTOIA
1134 4368 1221 4423 xv
1251 4367 1409 4438 [olim
1438 4366 1661 4438 XXVIl.]

877 4454 1065 4529 (Circa
1095 4470 1328 4512 annum
1360 4456 1542 4528 1008.)

380 4548 729 4609 ειωσίεεὺηο
777 4545 953 4618 patri
995 4552 1049 4603 et
1104 4544 1474 4616 archiepisco
1530 4561 1636 4601 suo
1693 4547 2037 4601 LEl‘TllERlCO

871 4637 1189 4693 Fumanres
1216 4636 1546 4706 episcopus.

432 4728 672 4785 Proreta
681 4723 855 4782 navis
888 4722 1063 4794 regiae
1092 4726 1307 4780 cautus
1324 4726 1382 4779 et
1395 4721 1863 4797 circumspectus
1884 4726 2031 4777 esto.

375 4813 609 4874 Terreni
630 4812 870 4888 spiritus
898 4809 1224 4868 insolenter
1243 4810 1572 4869 assibilant.
1597 4810 1831 4867 Fluctus
1853 4809 2037 4880 hujus

378 4903 578 4962 saeculi
604 4902 1030 4960 intumescunt.
1063 4899 1475 4957 Promontoria
1496 4899 1826 4956 mundanae
1844 4903 2038 4971 potes-

376 4992 510 5050 tatis
529 4989 795 5065 pericula
809 4989 1019 5047 minan
1027 4992 1203 5057 tur,et
1216 5004 1383 5045 more
1403 4987 1733 5061 piratarum
1748 4986 2035 5043 insidian-

378 5082 473 5136 tur
488 5078 999 5152 hypocritannter
1022 5077 1149 5135 haec
1169 5077 1375 5134 omnia
1386 5075 1755 5132 tendendum
1787 5074 1866 5132 ad
1896 5092 2036 5149 por-

377 5170 507 5224 tum
534 5166 785 5223 cmlesﬁs
813 5165 1173 5238 patriaeNoli
1187 5182 1329 5236 ergo
1360 5169 1480 5222 tute
1500 5165 1630 5237 ipse
1662 5163 1765 5221 tibi
1791 5163 2036 5221 bilatas-

378 5269 515 5311 sum
541 5252 858 5311 dubietatis
883 5269 951 5310 ac
972 5252 1335 5326 duplicitatis
1352 5253 1413 5308 in
1443 5251 1620 5308 corde
1644 5257 1744 5308 tuo
1760 5252 2029 5309 miscere.

380 5341 645 5417 Simplex
671 5346 764 5399 est
789 5342 948 5399 enim
981 5342 1080 5399 via
1108 5342 1362 5413 Domini,
1395 5347 1453 5400 et
1476 5341 1582 5415 qui
1602 5341 1873 5400 ambulat
1893 5342 2032 5398 sim-

377 5431 623 5507 pliciter,
656 5429 931 5488 ambulat
953 5430 1405 5488 conﬁdenter.Si
1434 5431 1509 5487 de
1526 5430 1623 5487 via
1644 5431 1790 5501 legis
1811 5432 2028 5489 divinae

374 5520 645 5597 qualibet
669 5519 987 5579 occasione
1018 5520 1299 5578 seductus
1327 5519 1717 5590 aberraveris,
1759 5520 1820 5576 in
1844 5527 2024 5578 tarta-

2125 1656 2402 1730 jectionis
2455 1656 2638 1729 hujus
2695 1653 2989 1711 absolvat.
3046 1655 3119 1708 At
3165 1649 3214 1706 si
3241 1649 3378 1724 quis
3412 1647 3566 1706 alius
3585 1652 3813 1715 praeter

2129 1763 2242 1804 vos
2272 1745 2575 1804 invenisse
2599 1744 2875 1807 fateatur,
2929 1758 3158 1798 novum
3183 1740 3352 1797 illum
3396 1739 3702 1795 rhetorem
3730 1736 3810 1793 de

2130 1834 2284 1892 caelo
2299 1833 2496 1905 magis
2512 1831 2795 1890 cecidisse
2816 1846 3005 1905 quam
3019 1828 3402 1886 descendisse
3420 1824 3808 1883 crediderim.

2131 1924 2333 1982 Videte
2358 1940 2434 1981 ne
2462 1923 2599 1998 quis
2623 1938 2732 1979 vos
2764 1920 3011 1978 seducat
3040 1918 3323 1975 inanibus
3343 1915 3560 1973 verbis.

2488 2065 2495 2069 -
2532 2030 2866 2087 EPISTOLA
2888 2027 3020 2084 xvu
3054 2026 3221 2099 [olim
3249 2024 3402 2096 xu].

2635 2113 2828 2186 (Circa
2859 2127 3090 2169 annum
3116 2113 3297 2175 1008.)

2246 2200 2461 2257 Fratri
2489 2205 2542 2257 et
2565 2199 2909 2270 coepiscopo
2932 2212 3038 2253 suo
3065 2198 3303 2252 FULcom
3336 2196 3678 2250 FULBER‘I‘L‘S.

2206 2304 2381 2373 Quod
2404 2304 2486 2362 ad
2511 2319 2781 2378 praesens
2811 2306 3079 2359 vestrum
3126 2299 3435 2373 placitum,
3479 2313 3608 2356 non
3644 2297 3808 2355 adeo

2134 2390 2210 2448 de
2240 2389 2469 2447 malitia
2507 2389 2690 2461 hujus
2720 2385 3006 2461 temporis
3031 2390 3175 2442 ortas
3214 2383 3595 2441 difficultates
3616 2383 3809 2439 obsis-

2136 2484 2287 2549 tunt,
2318 2478 2490 2536 vobis
2507 2475 2881 2552 exponenda;
2908 2491 3016 2549 per
3042 2474 3231 2531 otium
3264 2491 3277 2542 ;
3329 2472 3436 2530 sed
3462 2472 3634 2546 quod
3653 2488 3813 2545 pras-

2137 2584 2277 2626 sens
2305 2568 2587 2635 dicerem,
2610 2582 2717 2640 per
2758 2567 2871 2622 hos
2927 2564 3130 2639 apices
3186 2563 3523 2635 signiﬁcare
3573 2561 3808 2619 curavi.

2139 2658 2487 2715 Defensores
2516 2655 2718 2727 legum
2743 2670 2993 2729 paucos,
3020 2654 3477 2728 impugnatores
3505 2667 3649 2708 vero
3675 2651 3812 2724 plu-

2134 2763 2232 2804 res
2257 2762 2387 2803 esse
2414 2744 2645 2802 videtis.
2671 2744 2826 2812 Quin
2875 2744 3059 2801 etiam
3113 2741 3397 2800 dominus
3422 2745 3624 2798 noster
3679 2757 3810 2808 rex,

2137 2853 2278 2893 eum
2312 2851 2624 2892 summum
2664 2834 2904 2907 justitiae
2948 2837 3131 2906 caput
3185 2831 3500 2902 incumbit,
3552 2829 3817 2905 perfidia

2139 2925 2439 2982 malorum
2471 2923 2553 2980 sic
2583 2923 3027 2983 circumventus
3060 2926 3166 2991 est,
3201 2926 3267 2978 ut
3294 2921 3375 2977 ad
3402 2935 3665 2995 praesens
3705 2934 3816 2975 ne-

2136 3031 2256 3090 que
2287 3031 2349 3071 se
2376 3013 2699 3081 vindicare,
2732 3028 2927 3086 neque
2970 3026 3087 3069 nos
3117 3016 3181 3068 ut
3235 3014 3472 3085 oportet
3516 3008 3816 3081 adjuvare

2139 3105 2483 3180 praevaleat.
2512 3107 2642 3162 Non
2667 3104 2797 3160 haec
2846 3103 3070 3161 idcirco
3118 3093 3392 3171 diierim,
3424 3106 3490 3159 ut
3517 3096 3816 3158 fortitudi-
3912 3158 3917 3161 ,

2141 3211 2281 3253 nem
2314 3194 2500 3252 animi
2528 3192 2711 3251 vestri
2739 3194 3015 3264 frangere
3046 3192 3244 3261 velim,
3276 3192 3383 3249 sed
3408 3196 3475 3248 ut
3518 3207 3673 3249 sana
3692 3190 3818 3247 dis-

2141 3285 2403 3343 cretione
2462 3299 2712 3341 causam
2781 3287 3046 3339 vestram
3098 3287 3346 3341 tractare
3392 3280 3813 3340 memineritis.

2142 3374 2326 3445 Igitur
2354 3374 2404 3431 si
2423 3374 2615 3431 abbas
2646 3372 2835 3431 sancti
2858 3372 3159 3430 Benedicti
3182 3371 3258 3429 de
3281 3376 3479 3430 vestro
3503 3377 3818 3445 contemp-

2145 3468 2210 3520 tu
2238 3463 2484 3538 culpam
2513 3480 2684 3520 suam
2733 3462 3165 3539 recognoverit,
3219 3466 3275 3519 et
3303 3461 3466 3518 illam
3523 3460 3815 3535 deinceps

2144 3553 2579 3625 subjectionem
2609 3551 2948 3626 promiserit
2974 3568 3112 3625 quia
3132 3550 3304 3608 vobis
3322 3550 3613 3608 canonice
3631 3549 3816 3606 debe-

2144 3642 2471 3710 tur,hortor
2487 3646 2545 3699 et
2564 3642 2792 3699 suadeo
2814 3640 3218 3714 utrecipiatis:
3251 3644 3631 3698 sacramenta
3647 3656 3813 3708 vero,

2146 3736 2202 3787 et
2225 3735 2441 3788 caetera
2493 3747 2632 3805 quae
2684 3730 2763 3788 ad
2815 3729 3192 3788 mundanam
3237 3730 3435 3802 legem
3490 3729 3816 3804 pertinent,

2146 3824 2391 3894 propter
2442 3836 2715 3877 amorem
2743 3821 2901 3891 regis
2950 3820 3183 3877 domini
3230 3820 3416 3894 missa
3459 3819 3720 3890 faciatis,
3753 3822 3821 3875 ut

2147 3893 2500 3980 religionem
2544 3909 2736 3982 magis
2774 3925 2962 3983 quam
3010 3909 3359 3967 saecularem
3400 3893 3821 3967 ambitionem

2148 4013 2258 4055 vos
2289 3997 2500 4055 sectari
2531 4003 2875 4070 cognoscat.
2907 4002 2981 4055 At
3035 3998 3082 4054 si
3113 3997 3306 4056 abbas
3337 3998 3400 4055 in
3446 4002 3681 4055 tantam
3723 4014 3823 4053 su-

2148 4086 2424 4161 perbiam
2452 4087 2821 4155 intumuerit,
2871 4091 2937 4144 ut
2982 4086 3179 4161 ipsam
3223 4104 3467 4162 quoque
3499 4087 3825 4159 subjectio-

2150 4192 2292 4233 nem
2321 4177 2676 4233 canonicam
2705 4175 2877 4233 vobis
2906 4177 3198 4249 derogare
3226 4177 3568 4248 contendat,
3608 4192 3823 4250 super-

2066 4249 2113 4305 Ῑ)
2149 4263 2287 4338 bim,
2319 4264 2416 4321 cui
2466 4280 2589 4322 non
2636 4264 2828 4337 parcit
2871 4267 3045 4334 Deus,
3098 4264 3200 4323 Dei
3248 4283 3452 4323 servus
3498 4249 3820 4339 quomOdo

2149 4358 2380 4428 parcat,
2419 4353 2642 4410 nescio.
2676 4352 2893 4411 Valete.

2474 4463 2810 4519 EPISTOLA
2846 4464 3007 4519 XVIII
3037 4462 3203 4535 [olim
3234 4464 3473 4537 LXXIV].

2656 4546 2815 4618 (Post
2843 4561 3075 4603 annnm
3107 4549 3286 4620 1008).

2148 4636 2469 4692 FULBERTL’S
2494 4637 2608 4692 Dei
2625 4636 2831 4708 gratia
2855 4635 3244 4695 Carnotensis
3268 4639 3577 4709 episcopus
3604 4640 3670 4696 G.
3703 4655 3817 4697 suo

2859 4726 3094 4783 clerico.

2217 4812 2521 4887 Quidquid
2539 4813 2685 4871 boni
2705 4812 2781 4871 de
2812 4818 2866 4871 te
2887 4830 3128 4887 sperare
3164 4831 3701 4890 praesumpseram,
3734 4795 3818 4875 to;

2147 4905 2276 4959 tum
2295 4918 2433 4959 vere
2451 4902 2514 4959 in
2544 4904 2911 4961 contrarium
2947 4904 3128 4961 cedit:
3146 4921 3271 4962 non
3292 4905 3490 4962 solum
3502 4906 3667 4963 enim
3684 4907 3819 4963 nul-

2143 4989 2271 5048 lum
2293 5006 2366 5047 ex
2388 4995 2443 5048 te
2471 4991 2785 5049 consilium
2802 4992 3198 5050 velauxilium
3213 4993 3628 5068 capio,verum
3647 4995 3818 5053 insu-

2143 5096 2252 5153 per
2272 5079 2482 5138 odium
2500 5098 2613 5155 pro
2627 5080 2939 5139 dilectione
2955 5082 3241 5155 reddis,et
3257 5083 3338 5156 inj
3348 5083 3490 5141 uriis
3500 5102 3599 5142 me
3620 5085 3818 5143 afﬁcis

2142 5168 2581 5233 immerentem.
2608 5173 2687 5227 De
2717 5170 2940 5244 quibus
2965 5173 3095 5243 jam
3133 5173 3299 5247 apud
3321 5178 3376 5230 te
3402 5189 3512 5246 per
3538 5174 3818 5234 verbale-

2141 5257 2265 5327 gati
2313 5257 2406 5313 bis
2435 5258 2881 5331 querimoniam
2913 5260 3045 5330 feci,
3078 5277 3187 5334 per
3215 5261 3437 5335 scripta
3461 5278 3603 5320 mea
3646 5280 3815 5321 nunc

2142 5346 2311 5403 tertio
2332 5363 2570 5420 queror.
2606 5348 2784 5406 Doleo
2809 5364 3076 5424 namque
3103 5350 3271 5423 quod
3298 5351 3689 5424 temetipsum
3711 5356 3817 5409 Ec-

2143 5434 2337 5490 clesiae
2364 5440 2584 5492 nostra:
2622 5436 2947 5493 ministerio
2969 5437 3233 5507 fraudas,
3271 5437 3542 5511 profanae
3584 5441 3721 5498 vita
3753 5446 3818 5498 et

2145 5528 2390 5581 armatae
2412 5524 2633 5583 militiae
2667 5525 3074 5601 mancipatum
3098 5527 3297 5601 ;quod
3321 5526 3591 5587 decimas
3620 5533 3681 5587 et
3707 5529 3817 5589 ob-
