3996 6176
213 207 316 260 209

203 419 545 476 nachorum
573 425 916 476 nostrorum
943 420 1225 477 ecclesias
1255 421 1543 489 invasisti,
1572 420 1740 494 quod
1783 420 1867 476 tui

203 507 521 565 domestici
558 510 986 566 canonicorum
1035 511 1208 574 villas
1257 511 1464 584 praeda
1507 515 1562 567 et
1590 509 1866 567 incendio

201 603 442 655 vastant
471 617 486 654 :
521 599 649 654 haec
689 599 950 672 denique
979 601 1204 670 omnia,
1237 606 1300 656 ut
1323 601 1548 656 dictum
1581 604 1686 667 est,
1720 598 1868 655 indi-

201 703 313 757 gne
349 688 504 744 mihi
535 689 644 744 abs
669 694 722 745 te
752 689 877 745 ﬁeri
909 705 1148 762 queror,
1182 690 1274 746 cui
1307 690 1452 746 nihil
1480 706 1752 763 unquam
1781 688 1867 745 in-

199 777 511 833 commodi
567 778 660 834 vel
719 794 902 852 Opera
951 796 1086 836 mea
1132 779 1222 836 vel
1273 781 1553 836 instinctu
1618 777 1864 835 memini

198 867 545 937 contigisse.
567 868 740 934 Quod
765 869 810 924 si
840 869 987 942 quid
1018 875 1179 926 esset
1206 870 1367 926 unde
1393 887 1490 927 me
1515 873 1863 942 suspectum

196 955 479 1023 haberes,
511 974 619 1030 pro
648 957 874 1014 incerta
903 975 1087 1015 causa
1116 964 1307 1016 certas
1340 959 1701 1015 offensiones
1739 974 1861 1013 non

194 1050 500 1118 oporteret
527 1047 762 1103 inferre.
796 1053 866 1105 At
897 1049 945 1104 si
974 1049 1122 1122 quid
1165 1049 1226 1106 in
1273 1055 1326 1106 te
1375 1048 1683 1106 manifeste
1724 1064 1862 1121 pee-

193 1149 452 1204 cassem,
487 1140 544 1191 et
571 1138 635 1190 tu
681 1135 1120 1210 Scripturarum
1172 1137 1436 1195 consiliis
1481 1137 1862 1210 acquiescere

192 1222 396 1292 velles,
431 1229 606 1279 tuum
633 1228 834 1280 tamen
863 1226 1183 1298 praesulem
1215 1241 1352 1282 cum
1383 1225 1669 1301 patientia
1696 1224 1866 1280 susti-

187 1327 384 1367 neres.
422 1313 539 1369 Sed
569 1312 719 1369 dum
768 1313 1138 1371 discretionis
1195 1315 1438 1372 oculum
1494 1315 1584 1371 ira
1641 1313 1860 1378 turbat,

189 1400 495 1472 cupiditas
523 1407 726 1469 caecat,
769 1419 878 1459 nec
918 1419 1165 1460 causam
1213 1405 1355 1460 satis
1413 1404 1724 1476 diligenter
1772 1407 1858 1458 at-

187 1489 405 1558 tendis,
433 1507 545 1546 nec
576 1507 756 1565 opem
778 1493 1006 1549 consilii
1039 1494 1310 1550 salutaris
1355 1493 1637 1550 admittis.
1692 1492 1856 1550 Unde

181 1579 306 1649 jam
339 1578 452 1634 tibi
480 1581 624 1636 satis
656 1587 996 1654 exspectato
1016 1584 1353 1656 przenuntio
1384 1583 1570 1657 quod,
1622 1583 1667 1639 si
1717 1587 1852 1640 ante

183 1668 391 1726 Natale
432 1671 672 1728 Domini
719 1672 1075 1746 resipiscens
1131 1675 1208 1730 ad
1251 1675 1677 1732 correctionem
1728 1691 1849 1730 non
1893 1681 1930 1732 Β

183 1760 444 1831 veneris,
462 1761 682 1817 senties
713 1778 808 1818 me
839 1763 1073 1819 divinas
1105 1763 1266 1835 leges
1299 1765 1508 1820 acriter
1536 1765 1850 1837 insequen-

185 1853 324 1916 tem,
360 1867 545 1922 quem
576 1852 760 1908 modo
789 1852 1041 1923 negligis
1095 1854 1353 1910 suaviter
1401 1855 1846 1912 admonentem.

185 1939 322 1994 Vale
354 1941 610 1996 mterim.

549 2032 883 2088 EPISTOLA
922 2036 1028 2089 XIX
1077 2035 1238 2104 [olim
1281 2034 1490 2104 LXXV].

707 2105 867 2173 (Post
896 2119 1127 2160 annum
1152 2108 1327 2177 1008).

426 2173 633 2229 Charo
687 2189 793 2229 suo
841 2178 903 2231 Ι).
949 2179 1263 2233 FULBERTUS
1289 2173 1604 2234 sacerdos.

246 2263 367 2316 Nec
396 2261 677 2329 turberis,
708 2262 792 2320 ﬁli
825 2264 926 2331 mi,
969 2279 1079 2321 nec
1121 2265 1358 2322 decidat
1403 2283 1506 2322 cor
1548 2272 1717 2322 tuum
1769 2266 1847 2322 ab

181 2365 389 2405 amore
418 2356 481 2406 et
509 2350 732 2409 ﬁducia
769 2354 975 2410 nostri.
1032 2358 1157 2412 Non
1211 2355 1371 2411 enim
1427 2355 1742 2429 dereliquit
1796 2361 1846 2412 te

180 2439 386 2495 anima
416 2456 557 2496 mea
590 2457 602 2495 :
634 2442 740 2497 sed
766 2443 910 2514 quia
939 2444 1140 2500 minus
1167 2444 1404 2500 credere
1436 2443 1548 2500 sibi
1590 2450 1646 2500 et
1701 2445 1844 2501 obe-

179 2528 350 2584 diens
376 2545 509 2584 esse
539 2530 862 2600 videbaris,
909 2534 1223 2606 paululum
1265 2534 1640 2591 dissimulato
1677 2535 1845 2591 vultu

178 2617 250 2672 ad
300 2619 658 2693 exemplum
713 2621 949 2678 Domini
999 2623 1082 2679 ire
1133 2639 1202 2700 se
1248 2623 1486 2694 longius
1535 2623 1721 2680 ﬁnxit.
1773 2629 1846 2681 At

176 2721 338 2762 nunc
360 2707 444 2763 ad
468 2708 934 2782 hospitalitatem
967 2712 1144 2769 amici
1172 2714 1428 2786 pectoris
1457 2713 1708 2770 dulciter
1757 2729 1842 2770 re-

174 2802 410 2866 vocata,
468 2801 524 2853 et
571 2797 771 2856 oblato
816 2803 972 2857 Pane
1018 2801 1360 2858 divinarum
1401 2802 1841 2875 Scripturarum

174 2883 494 2953 oblectata,
527 2887 586 2942 in
616 2889 806 2962 ipsius
835 2890 1011 2964 panis
1039 2891 1324 2948 fractione
1362 2908 1608 2949 omnem
1637 2893 1837 2948 vultus

175 2973 639 3044 ambiguitatem
665 2977 929 3052 deponit,
961 2983 1018 3036 et
1041 2980 1290 3053 antiqua
1321 2980 1516 3053 specie
1547 2980 1650 3037 tibi
1691 2981 1840 3038 reni—
1877 3035 1913 3053 η

172 3065 298 3117 tens
322 3062 648 3122 hilarescit.
676 3069 887 3123 Precor
911 3067 1130 3142 itaque,
1164 3067 1212 3124 si
1238 3069 1413 3142 copia
1429 3068 1836 3126 vehiculorum

172 3153 460 3224 suppetit,
493 3160 558 3212 ut
587 3171 699 3212 nos
729 3158 1112 3230 corporaliter
1131 3159 1329 3215 visites
1355 3177 1368 3227 ;
1401 3158 1447 3214 si
1477 3174 1620 3225 non,
1653 3176 1690 3216 a
1726 3175 1834 3216 no-

169 3240 255 3296 bis
291 3243 395 3299 tibi
429 3245 583 3301 mitti
604 3246 738 3316 jure
765 3248 1030 3305 debitam
1056 3248 1332 3306 mandes.
1367 3249 1521 3306 Vale.

537 3336 868 3392 EPIS'I‘OLA
907 3341 990 3394 xx
1043 3339 1204 3409 [olim
1240 3338 1474 3410 LXXVI].

692 3426 848 3497 (Post
876 3443 1106 3484 annum
1139 3428 1315 3499 1008).

174 3511 495 3570 Pansa-rus
564 3515 674 3570 Dei
725 3518 930 3586 gratia
1002 3518 1457 3576 Camotensium
1529 3519 1834 3589 episcopus

763 3589 948 3646 chara
976 3605 1082 3645 suo
1110 3593 1243 3646 Hea.
1779 3625 1806 3646 .

763 3604 948 3646 σπανο
976 3605 1082 3645 suo
1110 3604 1243 3647 ΗΕΒ.

239 3679 464 3731 Auctor
496 3676 747 3745 signatze
775 3679 1072 3736 sehedulae
1102 3698 1289 3755 quam
1315 3681 1461 3737 mihi
1483 3680 1711 3738 mittere
1736 3696 1839 3738 vo-

172 3763 345 3832 luisti,
383 3782 493 3821 seu
523 3766 776 3823 ﬁdeliter
815 3767 938 3824 sive
971 3770 1204 3844 impure
1251 3771 1315 3826 id
1357 3787 1528 3842 agas,
1583 3771 1838 3828 consulit

171 3857 374 3909 tamen
400 3855 566 3926 justa
594 3855 922 3931 leniterque
948 3858 1273 3916 blanditur.
1297 3863 1530 3917 Iustum
1560 3865 1648 3917 est
1675 3860 1836 3917 enim

175 3941 499 3999 Ecelesiam
558 3949 612 4001 te
666 3946 727 4001 in
778 3963 902 4019 qua
957 3948 1036 4004 sis
1079 3949 1390 4007 ordinatus
1434 3950 1638 4024 quoad
1675 3950 1735 4005 in
1767 3966 1837 4006 ea

174 4035 305 4086 tuto
357 4031 569 4104 degere
611 4036 828 4108 possis,
886 4051 1008 4093 non
1065 4038 1370 4111 decerere,
1427 4055 1686 4112 ovesque
1732 4039 1836 4095 tibi

172 4122 530 4179 commissas
579 4125 843 4182 studiose
897 4143 1126 4183 curare.
1180 4128 1471 4184 Blandum
1519 4129 1697 4184 etiam
1751 4133 1838 4184 est

171 4211 461 4284 appellari
507 4213 718 4282 tilium,
758 4215 1126 4274 desiderium
1181 4217 1517 4288 signiﬁcare
1574 4218 1832 4286 vivendi,

173 4301 558 4358 corollarium
585 4305 788 4374 gratiae
817 4306 1098 4379 polliceri.
1149 4307 1333 4379 Unde,
1361 4307 1408 4364 si
1432 4308 1558 4364 haec
1587 4307 1838 4364 ﬁdeliter

1738 203 1846 259 EPI
1855 202 2092 259 STOLAC
2101 247 2113 259 .

208 329 458 386 lationes
488 335 724 386 nostras
756 346 909 387 ausu
939 331 1226 402 sacrilego
1249 330 1498 400 detines,
1539 330 1705 404 quod
1736 345 1864 386 mo-
1904 332 1950 384 Α

3542 218 3648 273 210

2306 334 2639 389 EPISTOLA
2698 334 2803 390 XXI
2857 335 3018 404 [olim
3061 337 3320 406 LXXVII].

2496 424 2655 489 (Post
2679 436 2912 476 annum
2948 427 2965 476 -t
2977 425 3122 493 008).

1979 507 2300 562 thLBenrrs
2329 510 2438 564 Dei
2464 511 2670 580 gratia
2703 511 3160 567 Carnotensium
3210 513 3515 584 episcopus
3561 517 3641 570 si-

2101 596 2335 665 quidem
2365 597 2642 666 ﬁdelibus
2673 599 2896 667 adhuc,
2926 604 2990 653 ut
3017 600 3209 665 aitmt,
3243 603 3307 657 Β.
3335 603 3405 657 G.
3439 603 3511 659 Α.

2045 687 2158 740 Nec
2189 690 2359 757 porta
2396 686 2626 750 iustitiae
2655 703 2766 743 nec
2790 687 2979 758 janua
3011 688 3429 746 misericordiae
3467 691 3636 748 vobis

1971 771 2179 828 cluusa
2205 780 2293 830 est
2319 775 2479 848 apud
2513 792 2642 831 nos.
2675 779 2874 850 Neque
2902 793 3045 833 vero
3070 777 3144 833 de
3179 777 3384 835 Brictio
3411 780 3637 852 episco-

1970 877 2050 934 po
2102 863 2353 919 fecimus
2409 864 2744 934 ostiarium,
2800 865 2904 938 qui
2932 883 3059 938 vos,
3112 871 3176 922 ut
3207 866 3635 937 signiﬁcatis,a

1969 952 2186 1006 nostris
2215 953 2620 1024 penetralibus
2648 959 2892 1026 arceret,
2924 955 3030 1010 sed
3051 959 3374 1029 utrumque
3403 957 3634 1014 aditum

1969 1040 2333 1097 servandum
2362 1042 2574 1098 rationi
2608 1043 3041 1100 commisimus.
3108 1045 3166 1102 Si
3209 1045 3387 1102 vultis
3415 1045 3632 1104 intrare

1967 1146 2074 1204 per
2098 1136 2335 1204 portam
2359 1133 2623 1202 justitia'e,
2657 1133 2956 1191 defendite
2987 1135 3250 1208 culpam.
3310 1136 3368 1192 Si
3415 1153 3522 1209 per
3542 1137 3632 1208 ja-

1967 1234 2155 1276 nuam
2207 1221 2667 1292 misericordiae,
2724 1223 2879 1292 agite
2930 1223 3343 1296 paenitentiam
3373 1266 3387 1293 ,
3462 1225 3631 1283 aliter

1966 1307 2128 1364 enim
2151 1325 2256 1364 vos
2282 1309 2430 1365 ratio
2455 1325 2579 1366 non
2605 1309 2893 1367 admittet.
2947 1313 3078 1367 Haec
3121 1311 3378 1368 breviter
3424 1313 3628 1370 rescri-

1965 1394 2192 1465 bentes,
2224 1397 2536 1454 vobiscum
2567 1399 2779 1455 sentire
2807 1403 3111 1472 putamus,
3163 1398 3310 1456 dum
3341 1401 3625 1457 terminos

1965 1491 2306 1542 sanctorum
2335 1489 2575 1543 Patrum
2607 1503 2715 1543 nec
2741 1486 2854 1559 ipsi
2884 1487 3496 1559 transgredimur,nec
3525 1505 3627 1546 vo-

1962 1572 2052 1629 bis
2085 1573 2414 1644 transgredi
2443 1575 2768 1632 suademus
2792 1575 3002 1632 valete.

2282 1683 2614 1739 EPISTOLA
2648 1684 2782 1738 xxn
2834 1682 2996 1753 [olim
3049 1683 3334 1754 Lxxvnl].

2475 1772 2634 1840 (Post
2661 1785 2891 1827 annum
2927 1774 3103 1843 10:)8).

1961 1879 2276 1933 timeamus
2304 1878 2414 1933 Dei
2451 1878 2654 1947 gratia
2687 1878 3146 1934 Carnotensium
3191 1879 3498 1948 episcopus
3549 1884 3613 1936 Α.

2229 1969 2500 2037 episcopo
2529 1968 2839 2038 designato
2888 1968 3182 2039 quidquid
3206 1968 3336 2024 sibi.

2029 2069 2120 2128 Sic
2143 2072 2280 2129 estis
2309 2088 2416 2145 per
2447 2071 2544 2127 Dei
2572 2072 2828 2143 gratiam
2869 2073 2926 2128 in
2960 2073 3184 2128 arhitrii
3234 2074 3412 2130 vestri
3440 2074 3616 2130 liber-

1954 2164 2072 2217 tate
2097 2161 2294 2234 positi,
2327 2167 2381 2218 et
2407 2162 2798 2218 ﬁnitimorum
2829 2162 3252 2237 episcOporum
3281 2163 3455 2238 c0pia
3501 2164 3613 2220 ful-

1955 2248 2016 2316 ti,
2049 2253 2113 2304 ut
2159 2248 2217 2304 in
2267 2266 2488 2306 manus
2531 2249 2797 2322 episcopi
2853 2251 3304 2306 Silvaneetensis
3355 2251 3614 2309 incidere

1954 2337 2119 2394 nulla
2147 2355 2250 2394 vos
2295 2338 2673 2394 necessitudo
2712 2339 3051 2411 compellat.
3107 2341 3220 2398 Sed
3271 2357 3345 2396 ne
3393 2341 3613 2397 civitati

1953 2426 2046 2482 vel
2074 2427 2342 2483 Ecclesiae
2373 2426 2838 2484 Catalaunorum
2867 2445 3046 2483 suum
3092 2429 3386 2500 derogetis
3425 2431 3611 2486 hono-

1953 2531 2100 2585 rem,
2167 2515 2513 2572 meminisse
2565 2532 2674 2572 vos
2725 2516 2894 2572 decet
2933 2517 3101 2590 quod
3138 2517 3198 2573 in
3242 2518 3489 2592 antiqua
3512 2519 3611 2575 de-

1954 2605 2270 2678 scriptione
2295 2605 2615 2679 provinciae
2646 2605 2889 2676 Belgicae
2937 2607 3215 2662 sccundze
3244 2607 3375 2679 ipsa
3403 2608 3609 2664 civitas

1950 2709 1986 2748 a
2017 2693 2290 2750 Remensi
2319 2693 2556 2750 tertium
2585 2693 2787 2750 locum
2821 2693 3061 2750 habeat.
3111 2694 3367 2767 Sapienti
3390 2711 3603 2768 pauca.

1947 2781 2142 2839 Valete
2171 2781 2450 2839 intrando
2479 2799 2586 2856 per
2618 2781 2837 2839 ostium
2868 2781 2928 2838 in
2959 2782 3108 2839 ovile
3130 2783 3356 2840 ovium.

2303 2925 2637 2983 EPISTULA
2679 2927 2835 2982 χχιιι
2892 2925 3056 2996 [olim
3093 2926 3246 2996 xw].

2463 3015 2617 3085 (Post
2643 3029 2874 3072 annum
2907 3017 3086 3084 1014).

1957 3121 2301 3178 Venerando
2329 3121 2820 3178 Normannorum
2850 3121 3120 3190 principi
3146 3123 3432 3176 Ricumno
3465 3122 3603 3175 FUL-

2014 3227 2240 3281 nearus,
2267 3211 2381 3268 Dei
2405 3212 2605 3282 gratia
2633 3210 3090 3269 Carnotensium
3133 3211 3458 3279 episcopus,
3508 3223 3602 3265 sa-

2014 3301 2194 3357 lutem
2225 3305 2279 3356 ei
2310 3300 2650 3357 orationum
2679 3299 2995 3370 suffragia.

2013 3408 2188 3464 Multa
2229 3407 2394 3464 bona
2441 3404 2660 3463 fecistis
2704 3405 2966 3462 ecclesiae
3020 3407 3249 3460 Sanctie
3280 3403 3471 3460 Marize
3500 3403 3606 3460 do-

1940 3496 2120 3555 minae
2148 3501 2367 3553 nostrae
2393 3496 2528 3568 (22).
2553 3493 2858 3552 Retribuat
2887 3493 3057 3549 vobis
3089 3496 3242 3549 Deus
3282 3509 3387 3566 per
3424 3492 3602 3548 inter-

1942 3585 2274 3644 cessionem
2325 3585 2533 3658 ipsius.
2593 3587 2708 3640 Nos
2755 3599 3000 3656 quoque
3053 3598 3164 3655 pro
3209 3581 3324 3637 illis
3385 3580 3602 3637 anima:

1942 3680 2150 3732 vestrae
2179 3673 2534 3748 corporique
2565 3676 2760 3729 vestro
2790 3675 2847 3727 et
2871 3671 3076 3728 fideles
3109 3687 3318 3727 sumus
3364 3676 3422 3726 et
3445 3687 3601 3726 sem-

1942 3782 2049 3839 per
2079 3781 2210 3820 esse
2235 3763 2567 3820 valeamus.
2619 3761 2733 3819 Sed
2775 3777 2966 3834 nuper
3013 3761 3088 3817 ad
3145 3777 3250 3816 vos
3302 3760 3604 3832 insperata

1945 3854 2099 3911 venit
2125 3853 2342 3924 legatio
2376 3870 2388 3909 :
2418 3851 2584 3925 quod
2608 3851 2805 3924 ipsam
2839 3855 3055 3905 terram
3084 3865 3271 3921 quam
3300 3847 3475 3902 nobis
3501 3848 3602 3903 de-

1943 3943 2110 4000 distis
2153 3941 2453 3998 Baldricus
2483 3939 2753 3996 minister
2780 3936 3182 4004 revocaverit;
3235 3939 3443 3991 nostro
3489 3935 3599 3990 mi-

1943 4031 2152 4097 nistro,
2182 4046 2366 4104 quem
2394 4029 2478 4085 ibi
2516 4027 2912 4102 praefecimus,
2966 4023 3193 4098 aliquid
3243 4023 3602 4096 disponendi

1943 4125 2295 4197 potestatem
2316 4118 2716 4185 interdixerit;
2746 4133 2890 4173 suas
2921 4115 3099 4172 etiam
3148 4130 3242 4171 res
3280 4112 3600 4181 invaserit;

1946 4211 2163 4268 nostris
2215 4207 2562 4266 hominibus
2617 4223 2839 4263 novam
2906 4204 3218 4277 angariam
3283 4201 3601 4268 induxerit,

1943 4300 2290 4358 banniendo
2321 4298 2540 4355 scilicet
2567 4302 2633 4354 ut
2660 4297 2812 4353 irent
2839 4295 2918 4352 ad
2956 4293 3370 4351 molendinum
3414 4291 3603 4347 sancti

171 4389 372 4446 oblata
401 4391 779 4464 probaveris,
830 4393 1082 4452 ﬁdeliter
1118 4400 1318 4452 autem
1371 4396 1506 4452 dico
1555 4395 1681 4452 sine
1724 4396 1836 4452 cir-
1871 4382 1914 4436 Β
1943 4388 2235 4458 Audoeni,
2293 4387 2561 4462 quinque
2613 4385 2817 4454 leucis,
2878 4389 2941 4442 ut
2988 4385 3188 4454 fertur,
3246 4382 3325 4438 ab
3391 4397 3600 4437 eorum

173 4479 599 4537 cumventione
655 4483 873 4540 animae
922 4489 1035 4540 tuae
1079 4502 1091 4540 :
1133 4501 1240 4558 per
1281 4485 1462 4542 noxia
1494 4486 1839 4557 juramenta

173 4584 295 4624 non
323 4569 590 4626 suadeor
628 4572 900 4629 refutare.
933 4576 1081 4632 Nam
1127 4575 1294 4648 quod
1349 4574 1408 4630 in
1465 4574 1837 4632 ordinatione

173 4655 363 4729 ipsius
388 4663 656 4716 erratum
687 4666 792 4728 est,
821 4678 1017 4736 neque
1049 4668 1109 4720 tu
1141 4664 1434 4736 corrigere
1483 4669 1674 4738 potes,
1727 4681 1837 4722 nec

173 4743 400 4798 amodo
430 4743 516 4799 sic
547 4750 650 4801 tua
677 4747 872 4818 refert,
904 4752 968 4804 ut
996 4748 1075 4805 ob
1100 4749 1354 4806 aliorum
1395 4750 1636 4823 culpam
1667 4755 1838 4807 tuum

171 4829 402 4886 debeas
432 4831 702 4890 ofﬁcium
731 4835 1011 4894 devitarc.
1057 4840 1281 4894 Tamen
1319 4837 1616 4912 quidquid
1656 4839 1838 4910 hujus

170 4920 368 4989 egeris
419 4937 562 4978 cum
589 4924 838 4993 Rogerio
889 4925 1171 4999 episcopo
1219 4930 1274 4982 te
1313 4931 1448 4983 ante
1477 4931 1839 5001 pertractare

172 5023 417 5076 moneo,
451 5015 678 5068 etcum
707 5012 936 5070 domno
975 5015 1313 5086 Budolpho,
1355 5015 1449 5072 cui
1488 5020 1685 5074 tecum
1719 5033 1840 5074 una

167 5114 360 5156 causa
389 5105 503 5168 est,
533 5105 593 5157 et
614 5117 726 5174 par
754 5118 936 5176 paena
983 5104 1191 5161 exsilii.
1244 5105 1382 5162 Vale
1436 5121 1558 5162 non
1617 5105 1838 5163 dubius

167 5189 450 5246 amicitiae
481 5206 653 5247 mete.

239 5297 364 5367 (22)
403 5296 670 5374 Habetur
715 5298 776 5353 in
805 5299 1172 5374 manuscrip.
1229 5305 1435 5374 nostro
1488 5303 1779 5361 Chronico
1821 5323 1834 5360 :

170 5367 352 5422 Anno
407 5368 727 5424 millesimo
786 5371 960 5426 tertio
1017 5367 1242 5428 decimo
1299 5373 1443 5430 obiit
1498 5375 1839 5432 Richardus

173 5436 303 5514 dux
340 5439 696 5496 Normaniw
719 5441 886 5509 Pius,
911 5444 1120 5498 tertius
1141 5444 1430 5500 Norman.
1456 5447 1602 5514 dux,
1629 5462 1838 5502 mona-

173 5507 426 5565 chorum
457 5517 694 5587 auctor,
714 5507 993 5580 provisor
1029 5515 1406 5587 clericorum,
1458 5522 1511 5573 et
1558 5507 1843 5587 persona-

176 5595 310 5657 rum
362 5583 904 5657 ecclesiasticarum
931 5655 939 5657 ξ
966 5585 1360 5656 suffragator,
1395 5583 1401 5586 ⁷
1427 5583 1840 5657 ονρῆαηονωη

176 5654 362 5719 tutor,
394 5658 453 5709 et
481 5652 802 5710 viduarum
833 5652 1130 5725 defensbr,
1163 5652 1242 5713 in
1273 5652 1696 5726 multis-bellis
1726 5661 1842 5716 υἱον

1943 4478 2218 4553 hospitiis
2249 4481 2567 4533 remotum.
2611 4475 2669 4534 Si
2698 4475 2846 4542 haec,
2901 4474 3123 4547 optime
3175 4471 3472 4545 princeps,
3499 4485 3602 4523 ve-

1945 4574 2065 4626 stro
2089 4569 2286 4641 jussu,
2340 4567 2508 4640 quod
2558 4565 2804 4622 minime
2857 4563 3178 4628 credimus,
3237 4561 3393 4617 facta
3441 4561 3599 4624 sunt,

1942 4657 2270 4733 plurimum
2304 4655 2474 4711 vestri
2505 4670 2688 4711 causa
2718 4653 3015 4722 dolemus,
3056 4653 3111 4705 et
3140 4653 3203 4704 ut
3230 4647 3603 4716 corrigantur

1947 4745 2291 4820 suppliciter
2336 4743 2736 4817 postulamus.
2794 4741 2946 4807 Quin
2989 4738 3166 4794 etiam
3210 4736 3421 4807 jubeat
3466 4748 3604 4805 pru-

1944 4835 2148 4892 dentia
2176 4838 2374 4891 vestra
2402 4831 2687 4890 ministris
2714 4829 2924 4886 vestris
2962 4843 3037 4883 ne
3083 4824 3330 4880 ulterius
3369 4821 3601 4894 inquie-

1944 4930 2068 4982 tent
2095 4928 2330 4982 nostros
2359 4921 2652 4988 homines,
2707 4923 2764 4975 et
2805 4918 3086 4988 deinceps
3136 4917 3352 4970 terram
3389 4909 3604 4985 praedi-

1945 5019 2104 5074 ctam
2133 5015 2216 5071 ita
2245 5029 2358 5069 nos
2386 5010 2686 5085 possidere
2720 5008 2935 5072 sinant,
2977 5009 3040 5060 ut
3064 5019 3200 5059 eam
3245 4999 3601 5072 benignissi-

1944 5123 2047 5164 ma
2097 5109 2294 5162 vestra
2351 5117 2540 5158 manu
2596 5097 2988 5170 suscepimus.
3043 5093 3244 5164 Vigeal
3271 5090 3602 5148 diutissime

1945 5195 2327 5252 incolumitas
2357 5196 2414 5248 et
2437 5188 2704 5265 potentia
2730 5189 2942 5242 vestra.

1949 5311 2044 5360 tor
2090 5302 2536 5374 erstitit._Nota
2581 5294 2816 5374 interim
2863 5292 3113 5374 verbum
3153 5289 3509 5374 bgunieugio,
3539 5286 3603 5374 id

1947 5359 2056 5444 est,
2087 5370 2436 5445 obligando.
2467 5372 2535 5445 tn
2559 5359 2747 5445 cbnst:
2777 5368 2904 5445 Car.
2938 5367 3137 5445 Magn:
3169 5361 3495 5445 yt__nullus
3522 5359 3604 5445 ad

1937 5428 2248 5517 pridcitun‘i
2290 5442 2638 5517 banniatur,
2691 5437 2753 5494 id
2769 5441 2870 5517 est
2896 5428 3464 5517 ad_jﬁrisdictiones,
3492 5428 3606 5517 vel

1947 5499 2193 5589 iudicia,
2246 5512 2357 5589 vel
2380 5499 2709 5589 conventus
2763 5508 2864 5589 (sic
2906 5499 3065 5589 enim
3113 5503 3330 5577 placita
3362 5499 3604 5589 sonant)

1951 5570 2265 5657 obligetur.
2299 5583 2538 5657 Videtur
2567 5570 2778 5657 autem
2818 5570 3143 5637 deductum
3185 5590 3222 5631 a
3245 5577 3448 5632 nostro
3487 5570 3604 5625 ban

1952 5651 2192 5728 Gallico,
2223 5661 2281 5719 et
2307 5651 2536 5719 arn'ére
2560 5653 2696 5714 bau.
