  <div class='ocr_page' id='page_1' title='image "/cluster/home/n/w/nwhite01/storage/ocr_20150623/141/hvd.32044054760012/111.png"; bbox 0 0 4018 6176; ppageno 0'>
   <div class='ocr_carea' id='block_1_1' title="bbox 320 254 416 307">
    <p class='ocr_par' dir='ltr' id='par_1_1' title="bbox 320 254 416 307">
     <span class='ocr_line' id='line_1_1' title="bbox 320 254 416 307; baseline 0.01 -1"><span class='ocrx_word' id='word_1_1' title='bbox 320 254 416 307; x_wconf 75' lang='lat'>‘2“</span> 
     </span>
    </p>
   </div>
   <div class='ocr_carea' id='block_1_2' title="bbox 678 369 1614 440">
    <p class='ocr_par' dir='ltr' id='par_1_2' title="bbox 678 369 1614 440">
     <span class='ocr_line' id='line_1_2' title="bbox 678 369 1614 440; baseline -0.006 -13"><span class='ocrx_word' id='word_1_2' title='bbox 678 371 1011 427; x_wconf 65' lang='lat' dir='ltr'>amsrom</span> <span class='ocrx_word' id='word_1_3' title='bbox 1046 372 1200 425; x_wconf 85' lang='lat' dir='ltr'>xxw</span> <span class='ocrx_word' id='word_1_4' title='bbox 1239 371 1402 440; x_wconf 85' lang='lat' dir='ltr'>[olim</span> <span class='ocrx_word' id='word_1_5' title='bbox 1440 369 1614 437; x_wconf 78' lang='lat' dir='ltr'>XVII].</span> 
     </span>
    </p>
   </div>
   <div class='ocr_carea' id='block_1_3' title="bbox 947 446 1353 513">
    <p class='ocr_par' dir='ltr' id='par_1_3' title="bbox 947 446 1353 513">
     <span class='ocr_line' id='line_1_3' title="bbox 947 446 1353 513; baseline 0.005 -18"><span class='ocrx_word' id='word_1_6' title='bbox 947 448 1140 511; x_wconf 74' lang='lat' dir='ltr'>(Anno</span> <span class='ocrx_word' id='word_1_7' title='bbox 1177 446 1353 513; x_wconf 70' lang='lat'>10125).</span> 
     </span>
    </p>
   </div>
   <div class='ocr_carea' id='block_1_4' title="bbox 320 524 1982 600">
    <p class='ocr_par' dir='ltr' id='par_1_4' title="bbox 320 524 1982 600">
     <span class='ocr_line' id='line_1_4' title="bbox 320 524 1982 600; baseline -0.007 -10"><span class='ocrx_word' id='word_1_8' title='bbox 320 537 642 590; x_wconf 65' lang='lat' dir='ltr'>Passurus</span> <span class='ocrx_word' id='word_1_9' title='bbox 667 532 777 586; x_wconf 86' lang='lat' dir='ltr'>Dei</span> <span class='ocrx_word' id='word_1_10' title='bbox 802 533 1003 600; x_wconf 85' lang='lat' dir='ltr'>gratia</span> <span class='ocrx_word' id='word_1_11' title='bbox 1030 530 1415 588; x_wconf 83' lang='lat' dir='ltr'>Carnotensis</span> <span class='ocrx_word' id='word_1_12' title='bbox 1444 531 1750 600; x_wconf 80' lang='lat' dir='ltr'>episcopus</span> <span class='ocrx_word' id='word_1_13' title='bbox 1778 524 1982 600; x_wconf 73' lang='lat' dir='ltr'>comiti</span> 
     </span>
    </p>
   </div>
   <div class='ocr_carea' id='block_1_5' title="bbox 391 595 1978 670">
    <p class='ocr_par' dir='ltr' id='par_1_5' title="bbox 391 595 1978 670">
     <span class='ocr_line' id='line_1_5' title="bbox 391 595 1978 670; baseline -0.005 -11"><span class='ocrx_word' id='word_1_14' title='bbox 391 608 504 660; x_wconf 71' lang='lat' dir='ltr'>Gm</span> <span class='ocrx_word' id='word_1_15' title='bbox 518 618 765 657; x_wconf 70' lang='lat' dir='ltr'>LERANNO</span> <span class='ocrx_word' id='word_1_16' title='bbox 794 595 849 657; x_wconf 76' lang='lat' dir='ltr'>et</span> <span class='ocrx_word' id='word_1_17' title='bbox 879 603 1083 658; x_wconf 79' lang='lat' dir='ltr'>comiti</span> <span class='ocrx_word' id='word_1_18' title='bbox 1112 603 1428 658; x_wconf 69' lang='lat' dir='ltr'>GlIALTi-ZRIO</span> <span class='ocrx_word' id='word_1_19' title='bbox 1460 595 1802 670; x_wconf 53' lang='lat' dir='ltr'>exterisque</span> <span class='ocrx_word' id='word_1_20' title='bbox 1834 595 1978 665; x_wconf 80' lang='lat' dir='ltr'>ﬁliis</span> 
     </span>
    </p>
   </div>
   <div class='ocr_carea' id='block_1_6' title="bbox 387 672 1832 746">
    <p class='ocr_par' dir='ltr' id='par_1_6' title="bbox 387 672 1832 746">
     <span class='ocr_line' id='line_1_6' title="bbox 387 672 1832 746; baseline -0.006 -16"><span class='ocrx_word' id='word_1_21' title='bbox 387 674 783 746; x_wconf 83' lang='lat' dir='ltr'>ﬁdelibusque</span> <span class='ocrx_word' id='word_1_22' title='bbox 810 674 953 744; x_wconf 80' lang='lat' dir='ltr'>suis,</span> <span class='ocrx_word' id='word_1_23' title='bbox 983 672 1237 728; x_wconf 77' lang='lat' dir='ltr'>salutem</span> <span class='ocrx_word' id='word_1_24' title='bbox 1268 678 1324 728; x_wconf 91' lang='lat' dir='ltr'>et</span> <span class='ocrx_word' id='word_1_25' title='bbox 1356 672 1832 729; x_wconf 76' lang='lat' dir='ltr'>benedictionem.</span> 
     </span>
    </p>
   </div>
   <div class='ocr_carea' id='block_1_7' title="bbox 395 757 1979 835">
    <p class='ocr_par' dir='ltr' id='par_1_7' title="bbox 395 757 1979 835">
     <span class='ocr_line' id='line_1_7' title="bbox 395 757 1979 835; baseline -0.006 -16"><span class='ocrx_word' id='word_1_26' title='bbox 395 760 624 828; x_wconf 77' lang='lat' dir='ltr'>Sciatis,</span> <span class='ocrx_word' id='word_1_27' title='bbox 654 760 879 827; x_wconf 81' lang='lat' dir='ltr'>fratres,</span> <span class='ocrx_word' id='word_1_28' title='bbox 911 760 1055 835; x_wconf 89' lang='lat' dir='ltr'>quia</span> <span class='ocrx_word' id='word_1_29' title='bbox 1084 777 1187 815; x_wconf 79' lang='lat' dir='ltr'>rex</span> <span class='ocrx_word' id='word_1_30' title='bbox 1215 760 1506 816; x_wconf 82' lang='lat' dir='ltr'>Robertus</span> <span class='ocrx_word' id='word_1_31' title='bbox 1527 757 1821 814; x_wconf 85' lang='lat' dir='ltr'>benefacit</span> <span class='ocrx_word' id='word_1_32' title='bbox 1841 770 1979 810; x_wconf 89' lang='lat' dir='ltr'>cum</span> 
     </span>
    </p>
   </div>
   <div class='ocr_carea' id='block_1_8' title="bbox 323 843 1981 922">
    <p class='ocr_par' dir='ltr' id='par_1_8' title="bbox 323 843 1981 922">
     <span class='ocr_line' id='line_1_8' title="bbox 323 843 1981 922; baseline -0.007 -14"><span class='ocrx_word' id='word_1_33' title='bbox 323 850 687 909; x_wconf 86' lang='lat' dir='ltr'>Christianos</span> <span class='ocrx_word' id='word_1_34' title='bbox 718 850 984 922; x_wconf 80' lang='lat' dir='ltr'>adjuvat,</span> <span class='ocrx_word' id='word_1_35' title='bbox 1026 853 1082 905; x_wconf 90' lang='lat' dir='ltr'>et</span> <span class='ocrx_word' id='word_1_36' title='bbox 1111 848 1420 905; x_wconf 75' lang='lat' dir='ltr'>haereticos</span> <span class='ocrx_word' id='word_1_37' title='bbox 1465 849 1731 905; x_wconf 83' lang='lat' dir='ltr'>damnat.</span> <span class='ocrx_word' id='word_1_38' title='bbox 1779 847 1847 899; x_wconf 81' lang='lat' dir='ltr'>Et</span> <span class='ocrx_word' id='word_1_39' title='bbox 1902 843 1981 898; x_wconf 89' lang='lat' dir='ltr'>ad</span> 
     </span>
    </p>
   </div>
   <div class='ocr_carea' id='block_1_9' title="bbox 321 939 1980 1010">
    <p class='ocr_par' dir='ltr' id='par_1_9' title="bbox 321 939 1980 1010">
     <span class='ocr_line' id='line_1_9' title="bbox 321 939 1980 1010; baseline -0.005 -12"><span class='ocrx_word' id='word_1_40' title='bbox 321 943 438 998; x_wconf 89' lang='lat' dir='ltr'>hoc</span> <span class='ocrx_word' id='word_1_41' title='bbox 468 939 689 997; x_wconf 88' lang='lat' dir='ltr'>debent</span> <span class='ocrx_word' id='word_1_42' title='bbox 734 958 871 996; x_wconf 89' lang='lat' dir='ltr'>eum</span> <span class='ocrx_word' id='word_1_43' title='bbox 913 939 1249 996; x_wconf 84' lang='lat' dir='ltr'>confortare</span> <span class='ocrx_word' id='word_1_44' title='bbox 1301 943 1357 995; x_wconf 91' lang='lat' dir='ltr'>et</span> <span class='ocrx_word' id='word_1_45' title='bbox 1413 939 1695 1010; x_wconf 78' lang='lat' dir='ltr'>adjuvare</span> <span class='ocrx_word' id='word_1_46' title='bbox 1745 950 1980 991; x_wconf 89' lang='lat' dir='ltr'>mecum</span> 
     </span>
    </p>
   </div>
   <div class='ocr_carea' id='block_1_10' title="bbox 326 1025 1981 1101">
    <p class='ocr_par' dir='ltr' id='par_1_10' title="bbox 326 1025 1981 1101">
     <span class='ocr_line' id='line_1_10' title="bbox 326 1025 1981 1101; baseline -0.005 -16"><span class='ocrx_word' id='word_1_47' title='bbox 326 1046 538 1085; x_wconf 88' lang='lat' dir='ltr'>omnes</span> <span class='ocrx_word' id='word_1_48' title='bbox 566 1029 656 1085; x_wconf 90' lang='lat' dir='ltr'>sui</span> <span class='ocrx_word' id='word_1_49' title='bbox 689 1028 918 1098; x_wconf 81' lang='lat' dir='ltr'>fideles,</span> <span class='ocrx_word' id='word_1_50' title='bbox 940 1028 1083 1101; x_wconf 86' lang='lat' dir='ltr'>quia</span> <span class='ocrx_word' id='word_1_51' title='bbox 1118 1029 1233 1083; x_wconf 81' lang='lat' dir='ltr'>hoc</span> <span class='ocrx_word' id='word_1_52' title='bbox 1281 1026 1673 1083; x_wconf 82' lang='lat' dir='ltr'>ministerium</span> <span class='ocrx_word' id='word_1_53' title='bbox 1714 1025 1843 1095; x_wconf 83' lang='lat' dir='ltr'>ejus</span> <span class='ocrx_word' id='word_1_54' title='bbox 1872 1028 1981 1091; x_wconf 87' lang='lat' dir='ltr'>est,</span> 
     </span>
    </p>
   </div>
   <div class='ocr_carea' id='block_1_11' title="bbox 335 1112 1985 1192">
    <p class='ocr_par' dir='ltr' id='par_1_11' title="bbox 335 1112 1985 1192">
     <span class='ocr_line' id='line_1_11' title="bbox 335 1112 1985 1192; baseline -0.005 -18"><span class='ocrx_word' id='word_1_55' title='bbox 335 1135 444 1192; x_wconf 90' lang='lat' dir='ltr'>per</span> <span class='ocrx_word' id='word_1_56' title='bbox 470 1118 637 1192; x_wconf 88' lang='lat' dir='ltr'>quod</span> <span class='ocrx_word' id='word_1_57' title='bbox 668 1118 867 1174; x_wconf 88' lang='lat' dir='ltr'>salvus</span> <span class='ocrx_word' id='word_1_58' title='bbox 892 1133 1023 1173; x_wconf 89' lang='lat' dir='ltr'>esse</span> <span class='ocrx_word' id='word_1_59' title='bbox 1052 1116 1249 1172; x_wconf 89' lang='lat' dir='ltr'>debet.</span> <span class='ocrx_word' id='word_1_60' title='bbox 1309 1116 1515 1173; x_wconf 79' lang='lat' dir='ltr'>Sciatis</span> <span class='ocrx_word' id='word_1_61' title='bbox 1561 1116 1772 1171; x_wconf 79' lang='lat' dir='ltr'>iterum</span> <span class='ocrx_word' id='word_1_62' title='bbox 1822 1112 1985 1186; x_wconf 86' lang='lat' dir='ltr'>quod</span> 
     </span>
    </p>
   </div>
   <div class='ocr_carea' id='block_1_12' title="bbox 327 1203 1990 1280">
    <p class='ocr_par' dir='ltr' id='par_1_12' title="bbox 327 1203 1990 1280">
     <span class='ocr_line' id='line_1_12' title="bbox 327 1203 1990 1280; baseline -0.005 -17"><span class='ocrx_word' id='word_1_63' title='bbox 327 1207 819 1280; x_wconf 82' lang='lat' dir='ltr'>archiepiscopus</span> <span class='ocrx_word' id='word_1_64' title='bbox 850 1204 1316 1262; x_wconf 73' lang='lat' dir='ltr'>Cenomanensis</span> <span class='ocrx_word' id='word_1_65' title='bbox 1345 1203 1651 1277; x_wconf 80' lang='lat' dir='ltr'>requisivit</span> <span class='ocrx_word' id='word_1_66' title='bbox 1680 1219 1715 1258; x_wconf 88' lang='lat' dir='ltr'>a</span> <span class='ocrx_word' id='word_1_67' title='bbox 1735 1218 1830 1257; x_wconf 90' lang='lat' dir='ltr'>me</span> <span class='ocrx_word' id='word_1_68' title='bbox 1853 1216 1990 1256; x_wconf 90' lang='lat' dir='ltr'>con-</span> 
     </span>
    </p>
   </div>
   <div class='ocr_carea' id='block_1_13' title="bbox 328 1276 2083 1367">
    <p class='ocr_par' dir='ltr' id='par_1_13' title="bbox 328 1276 2083 1367">
     <span class='ocr_line' id='line_1_13' title="bbox 328 1276 2083 1367; baseline -0.003 -17"><span class='ocrx_word' id='word_1_69' title='bbox 328 1276 551 1362; x_wconf 64' lang='lat' dir='ltr'>silium,</span> <span class='ocrx_word' id='word_1_70' title='bbox 580 1276 726 1367; x_wconf 84' lang='lat' dir='ltr'>quid</span> <span class='ocrx_word' id='word_1_71' title='bbox 748 1293 990 1351; x_wconf 83' lang='lat' dir='ltr'><em>deberet</em></span> <span class='ocrx_word' id='word_1_72' title='bbox 1020 1293 1212 1350; x_wconf 82' lang='lat' dir='ltr'>facere</span> <span class='ocrx_word' id='word_1_73' title='bbox 1239 1292 1313 1349; x_wconf 89' lang='lat' dir='ltr'>de</span> <span class='ocrx_word' id='word_1_74' title='bbox 1334 1276 1669 1363; x_wconf 82' lang='lat' dir='ltr'>Raginardo</span> <span class='ocrx_word' id='word_1_75' title='bbox 1691 1291 1988 1355; x_wconf 78' lang='lat' dir='ltr'>haretico,</span> <span class='ocrx_word' id='word_1_76' title='bbox 2071 1276 2083 1286; x_wconf 69' lang='grc'><strong>’</strong></span> 
     </span>
    </p>
   </div>
   <div class='ocr_carea' id='block_1_14' title="bbox 327 1379 1992 1455">
    <p class='ocr_par' dir='ltr' id='par_1_14' title="bbox 327 1379 1992 1455">
     <span class='ocr_line' id='line_1_14' title="bbox 327 1379 1992 1455; baseline 0.002 -21"><span class='ocrx_word' id='word_1_77' title='bbox 327 1381 431 1452; x_wconf 87' lang='lat' dir='ltr'>qui</span> <span class='ocrx_word' id='word_1_78' title='bbox 462 1380 935 1455; x_wconf 77' lang='lat' dir='ltr'>persequebatur</span> <span class='ocrx_word' id='word_1_79' title='bbox 969 1382 1290 1438; x_wconf 81' lang='lat' dir='ltr'>Ecclesiam</span> <span class='ocrx_word' id='word_1_80' title='bbox 1320 1382 1439 1437; x_wconf 84' lang='lat' dir='ltr'>Dei.</span> <span class='ocrx_word' id='word_1_81' title='bbox 1494 1384 1559 1437; x_wconf 84' lang='lat' dir='ltr'>Et</span> <span class='ocrx_word' id='word_1_82' title='bbox 1606 1397 1717 1450; x_wconf 85' lang='lat' dir='ltr'>ego</span> <span class='ocrx_word' id='word_1_83' title='bbox 1762 1380 1814 1435; x_wconf 89' lang='lat' dir='ltr'>ei</span> <span class='ocrx_word' id='word_1_84' title='bbox 1856 1379 1992 1438; x_wconf 87' lang='lat' dir='ltr'>dedi</span> 
     </span>
    </p>
   </div>
   <div class='ocr_carea' id='block_1_15' title="bbox 332 1468 1991 1545">
    <p class='ocr_par' dir='ltr' id='par_1_15' title="bbox 332 1468 1991 1545">
     <span class='ocr_line' id='line_1_15' title="bbox 332 1468 1991 1545; baseline 0 -21"><span class='ocrx_word' id='word_1_85' title='bbox 332 1469 443 1524; x_wconf 87' lang='lat' dir='ltr'>tale</span> <span class='ocrx_word' id='word_1_86' title='bbox 471 1469 787 1525; x_wconf 88' lang='lat' dir='ltr'>consilium</span> <span class='ocrx_word' id='word_1_87' title='bbox 816 1471 993 1544; x_wconf 88' lang='lat' dir='ltr'>quale</span> <span class='ocrx_word' id='word_1_88' title='bbox 1025 1471 1103 1527; x_wconf 88' lang='lat' dir='ltr'>ad</span> <span class='ocrx_word' id='word_1_89' title='bbox 1134 1488 1313 1527; x_wconf 90' lang='lat' dir='ltr'>suum</span> <span class='ocrx_word' id='word_1_90' title='bbox 1336 1470 1608 1526; x_wconf 84' lang='lat' dir='ltr'>ordinem</span> <span class='ocrx_word' id='word_1_91' title='bbox 1636 1468 1991 1545; x_wconf 85' lang='lat' dir='ltr'>pertinebat-</span> 
     </span>
    </p>
   </div>
   <div class='ocr_carea' id='block_1_16' title="bbox 333 1559 1995 1634">
    <p class='ocr_par' dir='ltr' id='par_1_16' title="bbox 333 1559 1995 1634">
     <span class='ocr_line' id='line_1_16' title="bbox 333 1559 1995 1634; baseline -0.001 -20"><span class='ocrx_word' id='word_1_92' title='bbox 333 1562 396 1615; x_wconf 85' lang='lat' dir='ltr'>Et</span> <span class='ocrx_word' id='word_1_93' title='bbox 424 1575 557 1615; x_wconf 91' lang='lat' dir='ltr'>ecce</span> <span class='ocrx_word' id='word_1_94' title='bbox 608 1559 777 1615; x_wconf 88' lang='lat' dir='ltr'>mitto</span> <span class='ocrx_word' id='word_1_95' title='bbox 830 1560 998 1616; x_wconf 77' lang='lat' dir='ltr'>vobis</span> <span class='ocrx_word' id='word_1_96' title='bbox 1044 1564 1366 1634; x_wconf 90' lang='lat' dir='ltr'>utrumque</span> <span class='ocrx_word' id='word_1_97' title='bbox 1413 1560 1720 1633; x_wconf 87' lang='lat' dir='ltr'>scriptum,</span> <span class='ocrx_word' id='word_1_98' title='bbox 1755 1563 1809 1613; x_wconf 90' lang='lat' dir='ltr'>et</span> <span class='ocrx_word' id='word_1_99' title='bbox 1835 1574 1995 1613; x_wconf 86' lang='lat' dir='ltr'>com-</span> 
     </span>
    </p>
   </div>
   <div class='ocr_carea' id='block_1_17' title="bbox 328 1646 1995 1721">
    <p class='ocr_par' dir='ltr' id='par_1_17' title="bbox 328 1646 1995 1721">
     <span class='ocr_line' id='line_1_17' title="bbox 328 1646 1995 1721; baseline -0.001 -18"><span class='ocrx_word' id='word_1_100' title='bbox 328 1647 639 1721; x_wconf 79' lang='lat' dir='ltr'>planctum</span> <span class='ocrx_word' id='word_1_101' title='bbox 682 1665 881 1715; x_wconf 89' lang='lat' dir='ltr'>suum,</span> <span class='ocrx_word' id='word_1_102' title='bbox 914 1653 968 1705; x_wconf 92' lang='lat' dir='ltr'>et</span> <span class='ocrx_word' id='word_1_103' title='bbox 995 1648 1309 1704; x_wconf 74' lang='lat' dir='ltr'>consilium</span> <span class='ocrx_word' id='word_1_104' title='bbox 1342 1664 1543 1704; x_wconf 91' lang='lat' dir='ltr'>meum</span> <span class='ocrx_word' id='word_1_105' title='bbox 1574 1647 1741 1721; x_wconf 87' lang='lat' dir='ltr'>quod</span> <span class='ocrx_word' id='word_1_106' title='bbox 1766 1647 1901 1702; x_wconf 88' lang='lat' dir='ltr'>dedi</span> <span class='ocrx_word' id='word_1_107' title='bbox 1941 1646 1995 1703; x_wconf 90' lang='lat' dir='ltr'>ei</span> 
     </span>
    </p>
   </div>
   <div class='ocr_carea' id='block_1_18' title="bbox 332 1735 2066 1810">
    <p class='ocr_par' dir='ltr' id='par_1_18' title="bbox 332 1735 2066 1810">
     <span class='ocr_line' id='line_1_18' title="bbox 332 1735 2066 1810; baseline 0.002 -20"><span class='ocrx_word' id='word_1_108' title='bbox 332 1737 665 1792; x_wconf 89' lang='lat' dir='ltr'>secundum</span> <span class='ocrx_word' id='word_1_109' title='bbox 695 1735 968 1792; x_wconf 80' lang='lat' dir='ltr'>ordinem</span> <span class='ocrx_word' id='word_1_110' title='bbox 1001 1752 1200 1793; x_wconf 89' lang='lat' dir='ltr'>suum.</span> <span class='ocrx_word' id='word_1_111' title='bbox 1232 1737 1287 1793; x_wconf 88' lang='lat' dir='ltr'>Si</span> <span class='ocrx_word' id='word_1_112' title='bbox 1317 1738 1453 1810; x_wconf 85' lang='lat' dir='ltr'>quis</span> <span class='ocrx_word' id='word_1_113' title='bbox 1483 1742 1682 1792; x_wconf 85' lang='lat' dir='ltr'>autem</span> <span class='ocrx_word' id='word_1_114' title='bbox 1719 1736 1992 1792; x_wconf 75' lang='lat' dir='ltr'>falsarius</span> <span class='ocrx_word' id='word_1_115' title='bbox 2027 1741 2066 1793; x_wconf 89' lang='grc' dir='ltr'><strong>Β</strong></span> 
     </span>
    </p>
   </div>
   <div class='ocr_carea' id='block_1_19' title="bbox 331 1824 1991 1898">
    <p class='ocr_par' dir='ltr' id='par_1_19' title="bbox 331 1824 1991 1898">
     <span class='ocr_line' id='line_1_19' title="bbox 331 1824 1991 1898; baseline -0.001 -18"><span class='ocrx_word' id='word_1_116' title='bbox 331 1824 492 1880; x_wconf 87' lang='lat' dir='ltr'>dicat</span> <span class='ocrx_word' id='word_1_117' title='bbox 518 1825 681 1898; x_wconf 90' lang='lat' dir='ltr'>quod</span> <span class='ocrx_word' id='word_1_118' title='bbox 713 1841 824 1894; x_wconf 91' lang='lat' dir='ltr'>ego</span> <span class='ocrx_word' id='word_1_119' title='bbox 855 1826 1107 1881; x_wconf 89' lang='lat' dir='ltr'>alterum</span> <span class='ocrx_word' id='word_1_120' title='bbox 1138 1827 1190 1881; x_wconf 90' lang='lat' dir='ltr'>ei</span> <span class='ocrx_word' id='word_1_121' title='bbox 1220 1826 1535 1882; x_wconf 88' lang='lat' dir='ltr'>consilium</span> <span class='ocrx_word' id='word_1_122' title='bbox 1578 1826 1859 1897; x_wconf 83' lang='lat' dir='ltr'>deinceps</span> <span class='ocrx_word' id='word_1_123' title='bbox 1899 1824 1991 1879; x_wconf 85' lang='lat' dir='ltr'>vel</span> 
     </span>
    </p>
   </div>
   <div class='ocr_carea' id='block_1_20' title="bbox 333 1912 1994 1985">
    <p class='ocr_par' dir='ltr' id='par_1_20' title="bbox 333 1912 1994 1985">
     <span class='ocr_line' id='line_1_20' title="bbox 333 1912 1994 1985; baseline 0.001 -18"><span class='ocrx_word' id='word_1_124' title='bbox 333 1912 671 1985; x_wconf 85' lang='lat' dir='ltr'>scripserim</span> <span class='ocrx_word' id='word_1_125' title='bbox 702 1914 791 1969; x_wconf 90' lang='lat' dir='ltr'>vel</span> <span class='ocrx_word' id='word_1_126' title='bbox 814 1914 1063 1969; x_wconf 82' lang='lat' dir='ltr'>dixerim</span> <span class='ocrx_word' id='word_1_127' title='bbox 1094 1915 1185 1969; x_wconf 91' lang='lat' dir='ltr'>vel</span> <span class='ocrx_word' id='word_1_128' title='bbox 1235 1915 1673 1981; x_wconf 87' lang='lat' dir='ltr'>mandaverim,</span> <span class='ocrx_word' id='word_1_129' title='bbox 1726 1930 1874 1983; x_wconf 84' lang='lat' dir='ltr'>rogo</span> <span class='ocrx_word' id='word_1_130' title='bbox 1931 1918 1994 1968; x_wconf 89' lang='lat' dir='ltr'>ut</span> 
     </span>
    </p>
   </div>
   <div class='ocr_carea' id='block_1_21' title="bbox 333 2002 1987 2076">
    <p class='ocr_par' dir='ltr' id='par_1_21' title="bbox 333 2002 1987 2076">
     <span class='ocr_line' id='line_1_21' title="bbox 333 2002 1987 2076; baseline 0 -20"><span class='ocrx_word' id='word_1_131' title='bbox 333 2018 429 2057; x_wconf 90' lang='lat' dir='ltr'>me</span> <span class='ocrx_word' id='word_1_132' title='bbox 456 2002 607 2057; x_wconf 90' lang='lat' dir='ltr'>sicut</span> <span class='ocrx_word' id='word_1_133' title='bbox 634 2005 863 2058; x_wconf 86' lang='lat' dir='ltr'>Patrem</span> <span class='ocrx_word' id='word_1_134' title='bbox 908 2008 1172 2059; x_wconf 86' lang='lat' dir='ltr'>vestrum</span> <span class='ocrx_word' id='word_1_135' title='bbox 1218 2003 1587 2076; x_wconf 89' lang='lat' dir='ltr'>spiritualem</span> <span class='ocrx_word' id='word_1_136' title='bbox 1631 2003 1987 2069; x_wconf 79' lang='lat' dir='ltr'>defendatis,</span> 
     </span>
    </p>
   </div>
   <div class='ocr_carea' id='block_1_22' title="bbox 333 2090 1767 2166">
    <p class='ocr_par' dir='ltr' id='par_1_22' title="bbox 333 2090 1767 2166">
     <span class='ocr_line' id='line_1_22' title="bbox 333 2090 1767 2166; baseline -0.001 -19"><span class='ocrx_word' id='word_1_137' title='bbox 333 2090 479 2164; x_wconf 87' lang='lat' dir='ltr'>quia</span> <span class='ocrx_word' id='word_1_138' title='bbox 507 2090 859 2148; x_wconf 83' lang='lat' dir='ltr'>ﬁducialiter</span> <span class='ocrx_word' id='word_1_139' title='bbox 886 2093 999 2149; x_wconf 88' lang='lat' dir='ltr'>hoc</span> <span class='ocrx_word' id='word_1_140' title='bbox 1028 2092 1221 2149; x_wconf 83' lang='lat' dir='ltr'>facere</span> <span class='ocrx_word' id='word_1_141' title='bbox 1252 2093 1518 2166; x_wconf 85' lang='lat' dir='ltr'>potestis.</span> <span class='ocrx_word' id='word_1_142' title='bbox 1551 2093 1767 2149; x_wconf 85' lang='lat' dir='ltr'>Valete.</span> 
     </span>
    </p>
   </div>
   <div class='ocr_carea' id='block_1_23' title="bbox 730 2182 1600 2252">
    <p class='ocr_par' dir='ltr' id='par_1_23' title="bbox 730 2182 1600 2252">
     <span class='ocr_line' id='line_1_23' title="bbox 730 2182 1600 2252; baseline 0 -15"><span class='ocrx_word' id='word_1_143' title='bbox 730 2184 1064 2238; x_wconf 77' lang='lat' dir='ltr'>EPISTULA</span> <span class='ocrx_word' id='word_1_144' title='bbox 1102 2184 1231 2239; x_wconf 76' lang='lat' dir='ltr'>XXV</span> <span class='ocrx_word' id='word_1_145' title='bbox 1271 2183 1436 2252; x_wconf 80' lang='lat' dir='ltr'>[olim</span> <span class='ocrx_word' id='word_1_146' title='bbox 1474 2182 1600 2251; x_wconf 77' lang='lat' dir='ltr'>XII].</span> 
     </span>
    </p>
   </div>
   <div class='ocr_carea' id='block_1_24' title="bbox 920 2271 1407 2341">
    <p class='ocr_par' dir='ltr' id='par_1_24' title="bbox 920 2271 1407 2341">
     <span class='ocr_line' id='line_1_24' title="bbox 920 2271 1407 2341; baseline 0 -15"><span class='ocrx_word' id='word_1_147' title='bbox 920 2271 1112 2341; x_wconf 83' lang='lat' dir='ltr'>(Anno</span> <span class='ocrx_word' id='word_1_148' title='bbox 1136 2271 1407 2337; x_wconf 87' lang='lat' dir='ltr'>incerto).</span> 
     </span>
    </p>
   </div>
   <div class='ocr_carea' id='block_1_25' title="bbox 334 2359 1996 2429">
    <p class='ocr_par' dir='ltr' id='par_1_25' title="bbox 334 2359 1996 2429">
     <span class='ocr_line' id='line_1_25' title="bbox 334 2359 1996 2429; baseline 0.001 -15"><span class='ocrx_word' id='word_1_149' title='bbox 334 2359 587 2415; x_wconf 85' lang='lat' dir='ltr'>Domino</span> <span class='ocrx_word' id='word_1_150' title='bbox 618 2375 842 2427; x_wconf 81' lang='lat' dir='ltr'>servus,</span> <span class='ocrx_word' id='word_1_151' title='bbox 876 2375 1092 2428; x_wconf 79' lang='lat' dir='ltr'>magno</span> <span class='ocrx_word' id='word_1_152' title='bbox 1115 2362 1371 2429; x_wconf 71' lang='lat' dir='ltr'>prasidi</span> <span class='ocrx_word' id='word_1_153' title='bbox 1396 2361 1689 2416; x_wconf 74' lang='lat' dir='ltr'>Flfl.BEllT0</span> <span class='ocrx_word' id='word_1_154' title='bbox 1716 2362 1996 2416; x_wconf 76' lang='lat' dir='ltr'>HILDEGA-</span> 
     </span>
    </p>
   </div>
   <div class='ocr_carea' id='block_1_26' title="bbox 407 2432 1993 2503">
    <p class='ocr_par' dir='ltr' id='par_1_26' title="bbox 407 2432 1993 2503">
     <span class='ocr_line' id='line_1_26' title="bbox 407 2432 1993 2503; baseline 0.001 -17"><span class='ocrx_word' id='word_1_155' title='bbox 407 2447 530 2503; x_wconf 65' lang='lat' dir='ltr'>mus</span> <span class='ocrx_word' id='word_1_156' title='bbox 556 2446 799 2503; x_wconf 77' lang='lat' dir='ltr'>suorum</span> <span class='ocrx_word' id='word_1_157' title='bbox 845 2433 1123 2487; x_wconf 82' lang='lat' dir='ltr'>minimus</span> <span class='ocrx_word' id='word_1_158' title='bbox 1172 2432 1332 2503; x_wconf 84' lang='lat' dir='ltr'>quod</span> <span class='ocrx_word' id='word_1_159' title='bbox 1362 2434 1520 2502; x_wconf 79' lang='lat' dir='ltr'>potis</span> <span class='ocrx_word' id='word_1_160' title='bbox 1550 2434 1661 2488; x_wconf 83' lang='lat' dir='ltr'>erit</span> <span class='ocrx_word' id='word_1_161' title='bbox 1686 2440 1993 2488; x_wconf 79' lang='lat' dir='ltr'>strenuum</span> 
     </span>
    </p>
   </div>
   <div class='ocr_carea' id='block_1_27' title="bbox 403 2501 1107 2573">
    <p class='ocr_par' dir='ltr' id='par_1_27' title="bbox 403 2501 1107 2573">
     <span class='ocr_line' id='line_1_27' title="bbox 403 2501 1107 2573; baseline 0.003 -16"><span class='ocrx_word' id='word_1_162' title='bbox 403 2501 717 2571; x_wconf 78' lang='lat' dir='ltr'>ﬁdelitatis</span> <span class='ocrx_word' id='word_1_163' title='bbox 748 2502 1107 2573; x_wconf 81' lang='lat' dir='ltr'>obsequium.</span> 
     </span>
    </p>
   </div>
   <div class='ocr_carea' id='block_1_28' title="bbox 410 2588 1993 2666">
    <p class='ocr_par' dir='ltr' id='par_1_28' title="bbox 410 2588 1993 2666">
     <span class='ocr_line' id='line_1_28' title="bbox 410 2588 1993 2666; baseline 0.003 -22"><span class='ocrx_word' id='word_1_164' title='bbox 410 2591 489 2645; x_wconf 80' lang='lat' dir='ltr'>Ex</span> <span class='ocrx_word' id='word_1_165' title='bbox 520 2590 653 2656; x_wconf 90' lang='lat' dir='ltr'>hoc,</span> <span class='ocrx_word' id='word_1_166' title='bbox 694 2588 937 2646; x_wconf 90' lang='lat' dir='ltr'>domine</span> <span class='ocrx_word' id='word_1_167' title='bbox 993 2591 1076 2647; x_wconf 91' lang='lat' dir='ltr'>mi</span> <span class='ocrx_word' id='word_1_168' title='bbox 1124 2590 1639 2660; x_wconf 87' lang='lat' dir='ltr'>reverendissime,</span> <span class='ocrx_word' id='word_1_169' title='bbox 1697 2593 1863 2666; x_wconf 88' lang='lat' dir='ltr'>quod</span> <span class='ocrx_word' id='word_1_170' title='bbox 1918 2596 1993 2660; x_wconf 88' lang='lat' dir='ltr'>te,</span> 
     </span>
    </p>
   </div>
   <div class='ocr_carea' id='block_1_29' title="bbox 336 2681 1997 2752">
    <p class='ocr_par' dir='ltr' id='par_1_29' title="bbox 336 2681 1997 2752">
     <span class='ocr_line' id='line_1_29' title="bbox 336 2681 1997 2752; baseline 0.002 -18"><span class='ocrx_word' id='word_1_171' title='bbox 336 2684 583 2752; x_wconf 87' lang='lat' dir='ltr'>propter</span> <span class='ocrx_word' id='word_1_172' title='bbox 608 2695 809 2734; x_wconf 88' lang='lat' dir='ltr'>mores</span> <span class='ocrx_word' id='word_1_173' title='bbox 840 2683 972 2736; x_wconf 90' lang='lat' dir='ltr'>tuos</span> <span class='ocrx_word' id='word_1_174' title='bbox 1003 2685 1241 2737; x_wconf 90' lang='lat' dir='ltr'>matura</span> <span class='ocrx_word' id='word_1_175' title='bbox 1290 2681 1597 2737; x_wconf 83' lang='lat' dir='ltr'>sanctitate</span> <span class='ocrx_word' id='word_1_176' title='bbox 1642 2682 1997 2738; x_wconf 85' lang='lat' dir='ltr'>suavissime</span> 
     </span>
    </p>
   </div>
   <div class='ocr_carea' id='block_1_30' title="bbox 338 2766 2001 2838">
    <p class='ocr_par' dir='ltr' id='par_1_30' title="bbox 338 2766 2001 2838">
     <span class='ocr_line' id='line_1_30' title="bbox 338 2766 2001 2838; baseline 0.002 -16"><span class='ocrx_word' id='word_1_177' title='bbox 338 2766 690 2838; x_wconf 86' lang='lat' dir='ltr'>redolentes,</span> <span class='ocrx_word' id='word_1_178' title='bbox 723 2782 865 2838; x_wconf 87' lang='lat' dir='ltr'>erga</span> <span class='ocrx_word' id='word_1_179' title='bbox 892 2767 993 2824; x_wconf 84' lang='lat' dir='ltr'>tibi</span> <span class='ocrx_word' id='word_1_180' title='bbox 1026 2768 1298 2825; x_wconf 90' lang='lat' dir='ltr'>subditos</span> <span class='ocrx_word' id='word_1_181' title='bbox 1329 2784 1399 2825; x_wconf 90' lang='lat' dir='ltr'>eo</span> <span class='ocrx_word' id='word_1_182' title='bbox 1431 2770 1635 2825; x_wconf 88' lang='lat' dir='ltr'>animo</span> <span class='ocrx_word' id='word_1_183' title='bbox 1666 2787 1794 2825; x_wconf 88' lang='lat' dir='ltr'>esse</span> <span class='ocrx_word' id='word_1_184' title='bbox 1839 2770 2001 2826; x_wconf 87' lang='lat' dir='ltr'>intel-</span> 
     </span>
    </p>
   </div>
   <div class='ocr_carea' id='block_1_31' title="bbox 338 2856 1998 2931">
    <p class='ocr_par' dir='ltr' id='par_1_31' title="bbox 338 2856 1998 2931">
     <span class='ocr_line' id='line_1_31' title="bbox 338 2856 1998 2931; baseline 0.001 -20"><span class='ocrx_word' id='word_1_185' title='bbox 338 2856 458 2926; x_wconf 83' lang='lat' dir='ltr'>ligo</span> <span class='ocrx_word' id='word_1_186' title='bbox 491 2861 555 2912; x_wconf 90' lang='lat' dir='ltr'>ut</span> <span class='ocrx_word' id='word_1_187' title='bbox 585 2857 780 2912; x_wconf 89' lang='lat' dir='ltr'>bonos</span> <span class='ocrx_word' id='word_1_188' title='bbox 814 2858 1025 2913; x_wconf 83' lang='lat' dir='ltr'>sinceri</span> <span class='ocrx_word' id='word_1_189' title='bbox 1075 2858 1296 2913; x_wconf 89' lang='lat' dir='ltr'>amoris</span> <span class='ocrx_word' id='word_1_190' title='bbox 1346 2857 1534 2929; x_wconf 87' lang='lat' dir='ltr'>gratia</span> <span class='ocrx_word' id='word_1_191' title='bbox 1565 2859 1998 2931; x_wconf 88' lang='lat' dir='ltr'>complcctaris,</span> 
     </span>
    </p>
   </div>
   <div class='ocr_carea' id='block_1_32' title="bbox 342 2945 2001 3019">
    <p class='ocr_par' dir='ltr' id='par_1_32' title="bbox 342 2945 2001 3019">
     <span class='ocr_line' id='line_1_32' title="bbox 342 2945 2001 3019; baseline 0.002 -19"><span class='ocrx_word' id='word_1_192' title='bbox 342 2945 515 3001; x_wconf 88' lang='lat' dir='ltr'>malis</span> <span class='ocrx_word' id='word_1_193' title='bbox 566 2946 647 3018; x_wconf 86' lang='lat' dir='ltr'>pii</span> <span class='ocrx_word' id='word_1_194' title='bbox 697 2946 893 3002; x_wconf 84' lang='lat' dir='ltr'>cordis</span> <span class='ocrx_word' id='word_1_195' title='bbox 932 2947 1376 3004; x_wconf 83' lang='lat' dir='ltr'>miserationem</span> <span class='ocrx_word' id='word_1_196' title='bbox 1421 2947 1760 3019; x_wconf 85' lang='lat' dir='ltr'>impendas,</span> <span class='ocrx_word' id='word_1_197' title='bbox 1812 2948 2001 3004; x_wconf 88' lang='lat' dir='ltr'>ullum</span> 
     </span>
    </p>
   </div>
   <div class='ocr_carea' id='block_1_33' title="bbox 342 3033 1999 3109">
    <p class='ocr_par' dir='ltr' id='par_1_33' title="bbox 342 3033 1999 3109">
     <span class='ocr_line' id='line_1_33' title="bbox 342 3033 1999 3109; baseline 0.002 -23"><span class='ocrx_word' id='word_1_198' title='bbox 342 3050 480 3088; x_wconf 86' lang='lat' dir='ltr'>vero</span> <span class='ocrx_word' id='word_1_199' title='bbox 511 3033 708 3089; x_wconf 87' lang='lat' dir='ltr'>odisse</span> <span class='ocrx_word' id='word_1_200' title='bbox 737 3035 899 3091; x_wconf 89' lang='lat' dir='ltr'>velut</span> <span class='ocrx_word' id='word_1_201' title='bbox 928 3036 1420 3093; x_wconf 88' lang='lat' dir='ltr'>nocentissimam</span> <span class='ocrx_word' id='word_1_202' title='bbox 1450 3041 1677 3109; x_wconf 88' lang='lat' dir='ltr'>pestem</span> <span class='ocrx_word' id='word_1_203' title='bbox 1709 3037 1953 3092; x_wconf 84' lang='lat' dir='ltr'>horreas</span> <span class='ocrx_word' id='word_1_204' title='bbox 1987 3055 1999 3104; x_wconf 93' lang='lat'>;</span> 
     </span>
    </p>
   </div>
   <div class='ocr_carea' id='block_1_34' title="bbox 339 3122 2003 3199">
    <p class='ocr_par' dir='ltr' id='par_1_34' title="bbox 339 3122 2003 3199">
     <span class='ocr_line' id='line_1_34' title="bbox 339 3122 2003 3199; baseline 0.002 -22"><span class='ocrx_word' id='word_1_205' title='bbox 339 3137 577 3191; x_wconf 73' lang='lat' dir='ltr'>magna</span> <span class='ocrx_word' id='word_1_206' title='bbox 634 3122 1010 3181; x_wconf 88' lang='lat' dir='ltr'>revelationis</span> <span class='ocrx_word' id='word_1_207' title='bbox 1066 3125 1345 3182; x_wconf 85' lang='lat' dir='ltr'>solatium</span> <span class='ocrx_word' id='word_1_208' title='bbox 1395 3124 1541 3182; x_wconf 88' lang='lat' dir='ltr'>mihi</span> <span class='ocrx_word' id='word_1_209' title='bbox 1596 3130 2003 3199; x_wconf 80' lang='lat' dir='ltr'>comparatur,</span> 
     </span>
    </p>
   </div>
   <div class='ocr_carea' id='block_1_35' title="bbox 337 3210 2005 3287">
    <p class='ocr_par' dir='ltr' id='par_1_35' title="bbox 337 3210 2005 3287">
     <span class='ocr_line' id='line_1_35' title="bbox 337 3210 2005 3287; baseline 0.002 -21"><span class='ocrx_word' id='word_1_210' title='bbox 337 3210 508 3266; x_wconf 86' lang='lat' dir='ltr'>valde</span> <span class='ocrx_word' id='word_1_211' title='bbox 539 3213 841 3279; x_wconf 86' lang='lat' dir='ltr'>metuenti,</span> <span class='ocrx_word' id='word_1_212' title='bbox 863 3228 934 3269; x_wconf 92' lang='lat' dir='ltr'>eo</span> <span class='ocrx_word' id='word_1_213' title='bbox 964 3213 1131 3287; x_wconf 87' lang='lat' dir='ltr'>quod</span> <span class='ocrx_word' id='word_1_214' title='bbox 1154 3213 1334 3271; x_wconf 90' lang='lat' dir='ltr'>nimis</span> <span class='ocrx_word' id='word_1_215' title='bbox 1357 3230 1492 3269; x_wconf 89' lang='lat' dir='ltr'>sum</span> <span class='ocrx_word' id='word_1_216' title='bbox 1516 3212 1594 3270; x_wconf 87' lang='lat' dir='ltr'>ad</span> <span class='ocrx_word' id='word_1_217' title='bbox 1625 3213 2005 3271; x_wconf 89' lang='lat' dir='ltr'>irascendum</span> 
     </span>
    </p>
   </div>
   <div class='ocr_carea' id='block_1_36' title="bbox 336 3301 2005 3378">
    <p class='ocr_par' dir='ltr' id='par_1_36' title="bbox 336 3301 2005 3378">
     <span class='ocr_line' id='line_1_36' title="bbox 336 3301 2005 3378; baseline 0.001 -24"><span class='ocrx_word' id='word_1_218' title='bbox 336 3315 585 3372; x_wconf 87' lang='lat' dir='ltr'>pronus,</span> <span class='ocrx_word' id='word_1_219' title='bbox 619 3301 807 3371; x_wconf 83' lang='lat' dir='ltr'>gratia</span> <span class='ocrx_word' id='word_1_220' title='bbox 849 3306 948 3358; x_wconf 91' lang='lat' dir='ltr'>tua</span> <span class='ocrx_word' id='word_1_221' title='bbox 991 3302 1095 3358; x_wconf 83' lang='lat' dir='ltr'>etsi</span> <span class='ocrx_word' id='word_1_222' title='bbox 1152 3318 1275 3359; x_wconf 89' lang='lat' dir='ltr'>non</span> <span class='ocrx_word' id='word_1_223' title='bbox 1318 3302 1589 3358; x_wconf 87' lang='lat' dir='ltr'>funditus</span> <span class='ocrx_word' id='word_1_224' title='bbox 1630 3302 2005 3378; x_wconf 88' lang='lat' dir='ltr'>aliquatenus</span> 
     </span>
    </p>
   </div>
   <div class='ocr_carea' id='block_1_37' title="bbox 339 3388 2008 3457">
    <p class='ocr_par' dir='ltr' id='par_1_37' title="bbox 339 3388 2008 3457">
     <span class='ocr_line' id='line_1_37' title="bbox 339 3388 2008 3457; baseline 0.001 -14"><span class='ocrx_word' id='word_1_225' title='bbox 339 3392 541 3443; x_wconf 87' lang='lat' dir='ltr'>tamen</span> <span class='ocrx_word' id='word_1_226' title='bbox 568 3389 847 3444; x_wconf 86' lang='lat' dir='ltr'>caruisse.</span> <span class='ocrx_word' id='word_1_227' title='bbox 888 3390 990 3445; x_wconf 72' lang='lat' dir='ltr'>(lui</span> <span class='ocrx_word' id='word_1_228' title='bbox 1015 3388 1197 3457; x_wconf 88' lang='lat' dir='ltr'>enim,</span> <span class='ocrx_word' id='word_1_229' title='bbox 1230 3391 1411 3446; x_wconf 89' lang='lat' dir='ltr'>etiam</span> <span class='ocrx_word' id='word_1_230' title='bbox 1446 3388 1824 3457; x_wconf 78' lang='lat' dir='ltr'>gravioribus</span> <span class='ocrx_word' id='word_1_231' title='bbox 1866 3388 2008 3445; x_wconf 89' lang='lat' dir='ltr'>deli-</span> 
     </span>
    </p>
   </div>
   <div class='ocr_carea' id='block_1_38' title="bbox 341 3475 2005 3550">
    <p class='ocr_par' dir='ltr' id='par_1_38' title="bbox 341 3475 2005 3550">
     <span class='ocr_line' id='line_1_38' title="bbox 341 3475 2005 3550; baseline 0.002 -20"><span class='ocrx_word' id='word_1_232' title='bbox 341 3475 447 3531; x_wconf 90' lang='lat' dir='ltr'>etis</span> <span class='ocrx_word' id='word_1_233' title='bbox 493 3476 778 3545; x_wconf 83' lang='lat' dir='ltr'>obnoxio,</span> <span class='ocrx_word' id='word_1_234' title='bbox 838 3478 1002 3550; x_wconf 85' lang='lat' dir='ltr'>apud</span> <span class='ocrx_word' id='word_1_235' title='bbox 1045 3481 1166 3533; x_wconf 88' lang='lat' dir='ltr'>tam</span> <span class='ocrx_word' id='word_1_236' title='bbox 1220 3477 1395 3534; x_wconf 80' lang='lat' dir='ltr'>bona</span> <span class='ocrx_word' id='word_1_237' title='bbox 1429 3476 1782 3532; x_wconf 90' lang='lat' dir='ltr'>moralitatis</span> <span class='ocrx_word' id='word_1_238' title='bbox 1812 3476 2005 3533; x_wconf 90' lang='lat' dir='ltr'>virum</span> 
     </span>
    </p>
   </div>
   <div class='ocr_carea' id='block_1_39' title="bbox 341 3563 2008 3638">
    <p class='ocr_par' dir='ltr' id='par_1_39' title="bbox 341 3563 2008 3638">
     <span class='ocr_line' id='line_1_39' title="bbox 341 3563 2008 3638; baseline 0.002 -20"><span class='ocrx_word' id='word_1_239' title='bbox 341 3564 721 3637; x_wconf 83' lang='lat' dir='ltr'>desperanda</span> <span class='ocrx_word' id='word_1_240' title='bbox 771 3565 844 3620; x_wconf 90' lang='lat' dir='ltr'>sit</span> <span class='ocrx_word' id='word_1_241' title='bbox 903 3564 1121 3621; x_wconf 85' lang='lat' dir='ltr'>venia?</span> <span class='ocrx_word' id='word_1_242' title='bbox 1176 3563 1555 3621; x_wconf 84' lang='lat' dir='ltr'>considerato</span> <span class='ocrx_word' id='word_1_243' title='bbox 1612 3564 1776 3638; x_wconf 90' lang='lat' dir='ltr'>quod</span> <span class='ocrx_word' id='word_1_244' title='bbox 1820 3565 2008 3621; x_wconf 90' lang='lat' dir='ltr'>delin-</span> 
     </span>
    </p>
   </div>
   <div class='ocr_carea' id='block_1_40' title="bbox 342 3651 2014 3726">
    <p class='ocr_par' dir='ltr' id='par_1_40' title="bbox 342 3651 2014 3726">
     <span class='ocr_line' id='line_1_40' title="bbox 342 3651 2014 3726; baseline 0.002 -20"><span class='ocrx_word' id='word_1_245' title='bbox 342 3652 547 3723; x_wconf 89' lang='lat' dir='ltr'>quenti</span> <span class='ocrx_word' id='word_1_246' title='bbox 578 3652 773 3725; x_wconf 85' lang='lat' dir='ltr'>potius</span> <span class='ocrx_word' id='word_1_247' title='bbox 818 3652 1174 3726; x_wconf 89' lang='lat' dir='ltr'>compateris</span> <span class='ocrx_word' id='word_1_248' title='bbox 1227 3668 1415 3726; x_wconf 90' lang='lat' dir='ltr'>quam</span> <span class='ocrx_word' id='word_1_249' title='bbox 1468 3651 1619 3719; x_wconf 89' lang='lat' dir='ltr'>odis,</span> <span class='ocrx_word' id='word_1_250' title='bbox 1650 3654 2014 3726; x_wconf 83' lang='lat' dir='ltr'>compatien&#39;</span> 
     </span>
    </p>
   </div>
   <div class='ocr_carea' id='block_1_41' title="bbox 345 3741 2007 3813">
    <p class='ocr_par' dir='ltr' id='par_1_41' title="bbox 345 3741 2007 3813">
     <span class='ocr_line' id='line_1_41' title="bbox 345 3741 2007 3813; baseline 0.003 -18"><span class='ocrx_word' id='word_1_251' title='bbox 345 3746 462 3796; x_wconf 86' lang='lat' dir='ltr'>tem</span> <span class='ocrx_word' id='word_1_252' title='bbox 490 3757 629 3797; x_wconf 88' lang='lat' dir='ltr'>vero</span> <span class='ocrx_word' id='word_1_253' title='bbox 659 3741 737 3797; x_wconf 85' lang='lat' dir='ltr'>ad</span> <span class='ocrx_word' id='word_1_254' title='bbox 764 3741 1199 3813; x_wconf 83' lang='lat' dir='ltr'>ignoscendum</span> <span class='ocrx_word' id='word_1_255' title='bbox 1231 3742 1479 3798; x_wconf 89' lang='lat' dir='ltr'>minime</span> <span class='ocrx_word' id='word_1_256' title='bbox 1512 3758 1642 3798; x_wconf 86' lang='lat' dir='ltr'>esse</span> <span class='ocrx_word' id='word_1_257' title='bbox 1665 3741 1968 3800; x_wconf 78' lang='lat' dir='ltr'>difﬁcilem</span> <span class='ocrx_word' id='word_1_258' title='bbox 1993 3762 2007 3811; x_wconf 89' lang='lat'><strong>;</strong></span> 
     </span>
    </p>
   </div>
   <div class='ocr_carea' id='block_1_42' title="bbox 343 3830 2009 3904">
    <p class='ocr_par' dir='ltr' id='par_1_42' title="bbox 343 3830 2009 3904">
     <span class='ocr_line' id='line_1_42' title="bbox 343 3830 2009 3904; baseline 0.003 -20"><span class='ocrx_word' id='word_1_259' title='bbox 343 3830 542 3903; x_wconf 90' lang='lat' dir='ltr'>ipsum</span> <span class='ocrx_word' id='word_1_260' title='bbox 570 3830 837 3904; x_wconf 88' lang='lat' dir='ltr'>quidem,</span> <span class='ocrx_word' id='word_1_261' title='bbox 871 3831 1209 3888; x_wconf 88' lang='lat' dir='ltr'>dummodo</span> <span class='ocrx_word' id='word_1_262' title='bbox 1240 3831 1671 3888; x_wconf 90' lang='lat' dir='ltr'>correctionem</span> <span class='ocrx_word' id='word_1_263' title='bbox 1711 3832 2009 3899; x_wconf 83' lang='lat' dir='ltr'>exhibeat,</span> 
     </span>
    </p>
   </div>
   <div class='ocr_carea' id='block_1_43' title="bbox 344 3918 2009 3991">
    <p class='ocr_par' dir='ltr' id='par_1_43' title="bbox 344 3918 2009 3991">
     <span class='ocr_line' id='line_1_43' title="bbox 344 3918 2009 3991; baseline 0.002 -17"><span class='ocrx_word' id='word_1_264' title='bbox 344 3918 591 3991; x_wconf 85' lang='lat' dir='ltr'>majoris</span> <span class='ocrx_word' id='word_1_265' title='bbox 646 3919 755 3976; x_wconf 88' lang='lat' dir='ltr'>abs</span> <span class='ocrx_word' id='word_1_266' title='bbox 798 3923 852 3977; x_wconf 90' lang='lat' dir='ltr'>te</span> <span class='ocrx_word' id='word_1_267' title='bbox 901 3920 1343 3976; x_wconf 83' lang='lat' dir='ltr'>usumfruclum</span> <span class='ocrx_word' id='word_1_268' title='bbox 1395 3919 1727 3976; x_wconf 85' lang='lat' dir='ltr'>dilectionis</span> <span class='ocrx_word' id='word_1_269' title='bbox 1771 3920 2009 3977; x_wconf 83' lang='lat' dir='ltr'>habitu-</span> 
     </span>
    </p>
   </div>
   <div class='ocr_carea' id='block_1_44' title="bbox 345 4007 2011 4084">
    <p class='ocr_par' dir='ltr' id='par_1_44' title="bbox 345 4007 2011 4084">
     <span class='ocr_line' id='line_1_44' title="bbox 345 4007 2011 4084; baseline 0.002 -21"><span class='ocrx_word' id='word_1_270' title='bbox 345 4025 500 4065; x_wconf 92' lang='lat' dir='ltr'>rum.</span> <span class='ocrx_word' id='word_1_271' title='bbox 533 4012 718 4066; x_wconf 87' lang='lat' dir='ltr'>Tanta</span> <span class='ocrx_word' id='word_1_272' title='bbox 745 4009 946 4083; x_wconf 87' lang='lat' dir='ltr'>itaque</span> <span class='ocrx_word' id='word_1_273' title='bbox 978 4009 1034 4065; x_wconf 89' lang='lat' dir='ltr'>vi</span> <span class='ocrx_word' id='word_1_274' title='bbox 1063 4007 1345 4065; x_wconf 86' lang='lat' dir='ltr'>bonitatis</span> <span class='ocrx_word' id='word_1_275' title='bbox 1390 4008 1693 4067; x_wconf 85' lang='lat' dir='ltr'>animatus</span> <span class='ocrx_word' id='word_1_276' title='bbox 1739 4010 2011 4084; x_wconf 91' lang='lat' dir='ltr'>supplico</span> 
     </span>
    </p>
   </div>
   <div class='ocr_carea' id='block_1_45' title="bbox 347 4097 2014 4173">
    <p class='ocr_par' dir='ltr' id='par_1_45' title="bbox 347 4097 2014 4173">
     <span class='ocr_line' id='line_1_45' title="bbox 347 4097 2014 4173; baseline 0.002 -23"><span class='ocrx_word' id='word_1_277' title='bbox 347 4099 410 4151; x_wconf 89' lang='lat' dir='ltr'>ut</span> <span class='ocrx_word' id='word_1_278' title='bbox 439 4114 575 4153; x_wconf 89' lang='lat' dir='ltr'>cum</span> <span class='ocrx_word' id='word_1_279' title='bbox 606 4098 753 4155; x_wconf 89' lang='lat' dir='ltr'>mihi</span> <span class='ocrx_word' id='word_1_280' title='bbox 801 4115 913 4173; x_wconf 90' lang='lat' dir='ltr'>pro</span> <span class='ocrx_word' id='word_1_281' title='bbox 963 4099 1110 4154; x_wconf 89' lang='lat' dir='ltr'>meis</span> <span class='ocrx_word' id='word_1_282' title='bbox 1160 4097 1408 4154; x_wconf 81' lang='lat' dir='ltr'>offensis</span> <span class='ocrx_word' id='word_1_283' title='bbox 1458 4097 1836 4165; x_wconf 89' lang='lat' dir='ltr'>miserescas,</span> <span class='ocrx_word' id='word_1_284' title='bbox 1882 4102 2014 4154; x_wconf 89' lang='lat' dir='ltr'>tum</span> 
     </span>
    </p>
   </div>
   <div class='ocr_carea' id='block_1_46' title="bbox 349 4185 2015 4263">
    <p class='ocr_par' dir='ltr' id='par_1_46' title="bbox 349 4185 2015 4263">
     <span class='ocr_line' id='line_1_46' title="bbox 349 4185 2015 4263; baseline 0.002 -24"><span class='ocrx_word' id='word_1_285' title='bbox 349 4185 551 4252; x_wconf 86' lang='lat' dir='ltr'>etiam,</span> <span class='ocrx_word' id='word_1_286' title='bbox 581 4186 666 4242; x_wconf 88' lang='lat' dir='ltr'>eis</span> <span class='ocrx_word' id='word_1_287' title='bbox 697 4187 1107 4262; x_wconf 76' lang='lat' dir='ltr'>renuntiatum</span> <span class='ocrx_word' id='word_1_288' title='bbox 1136 4187 1219 4242; x_wconf 90' lang='lat' dir='ltr'>ire</span> <span class='ocrx_word' id='word_1_289' title='bbox 1251 4186 1494 4243; x_wconf 88' lang='lat' dir='ltr'>conanti</span> <span class='ocrx_word' id='word_1_290' title='bbox 1524 4186 1883 4260; x_wconf 87' lang='lat' dir='ltr'>veniamque</span> <span class='ocrx_word' id='word_1_291' title='bbox 1907 4203 2015 4263; x_wconf 90' lang='lat' dir='ltr'>po-</span> 
     </span>
    </p>
   </div>
   <div class='ocr_carea' id='block_1_47' title="bbox 351 4273 2010 4349">
    <p class='ocr_par' dir='ltr' id='par_1_47' title="bbox 351 4273 2010 4349">
     <span class='ocr_line' id='line_1_47' title="bbox 351 4273 2010 4349; baseline 0.002 -22"><span class='ocrx_word' id='word_1_292' title='bbox 351 4273 591 4330; x_wconf 91' lang='lat' dir='ltr'>stulanti</span> <span class='ocrx_word' id='word_1_293' title='bbox 622 4291 896 4348; x_wconf 83' lang='lat' dir='ltr'>parcens,</span> <span class='ocrx_word' id='word_1_294' title='bbox 947 4274 1168 4331; x_wconf 90' lang='lat' dir='ltr'>amoris</span> <span class='ocrx_word' id='word_1_295' title='bbox 1224 4276 1423 4332; x_wconf 90' lang='lat' dir='ltr'>sinum</span> <span class='ocrx_word' id='word_1_296' title='bbox 1470 4276 1728 4349; x_wconf 89' lang='lat' dir='ltr'>amplius</span> <span class='ocrx_word' id='word_1_297' title='bbox 1758 4276 2010 4333; x_wconf 86' lang='lat' dir='ltr'>relaxes.</span> 
     </span>
    </p>
   </div>
   <div class='ocr_carea' id='block_1_48' title="bbox 355 4361 2017 4435">
    <p class='ocr_par' dir='ltr' id='par_1_48' title="bbox 355 4361 2017 4435">
     <span class='ocr_line' id='line_1_48' title="bbox 355 4361 2017 4435; baseline 0.002 -19"><span class='ocrx_word' id='word_1_298' title='bbox 355 4361 519 4417; x_wconf 90' lang='lat' dir='ltr'>Unde</span> <span class='ocrx_word' id='word_1_299' title='bbox 550 4362 704 4419; x_wconf 89' lang='lat' dir='ltr'>absit</span> <span class='ocrx_word' id='word_1_300' title='bbox 737 4368 797 4420; x_wconf 90' lang='lat' dir='ltr'>ut</span> <span class='ocrx_word' id='word_1_301' title='bbox 825 4368 880 4419; x_wconf 90' lang='lat' dir='ltr'>te</span> <span class='ocrx_word' id='word_1_302' title='bbox 912 4366 1244 4419; x_wconf 87' lang='lat' dir='ltr'>remoretur</span> <span class='ocrx_word' id='word_1_303' title='bbox 1280 4364 1381 4420; x_wconf 90' lang='lat' dir='ltr'>illa</span> <span class='ocrx_word' id='word_1_304' title='bbox 1411 4363 1710 4435; x_wconf 84' lang='lat' dir='ltr'>cogitatio,</span> <span class='ocrx_word' id='word_1_305' title='bbox 1744 4380 1841 4421; x_wconf 89' lang='lat' dir='ltr'>me</span> <span class='ocrx_word' id='word_1_306' title='bbox 1868 4364 2017 4421; x_wconf 89' lang='lat' dir='ltr'>scili-</span> 
     </span>
    </p>
   </div>
   <div class='ocr_carea' id='block_1_49' title="bbox 351 4452 2014 4528">
    <p class='ocr_par' dir='ltr' id='par_1_49' title="bbox 351 4452 2014 4528">
     <span class='ocr_line' id='line_1_49' title="bbox 351 4452 2014 4528; baseline 0.002 -21"><span class='ocrx_word' id='word_1_307' title='bbox 351 4452 562 4507; x_wconf 79' lang='lat' dir='ltr'>cetira</span> <span class='ocrx_word' id='word_1_308' title='bbox 594 4452 734 4509; x_wconf 91' lang='lat' dir='ltr'>vitio</span> <span class='ocrx_word' id='word_1_309' title='bbox 760 4468 1087 4527; x_wconf 87' lang='lat' dir='ltr'>perennem</span> <span class='ocrx_word' id='word_1_310' title='bbox 1138 4453 1347 4509; x_wconf 81' lang='lat' dir='ltr'>fecisse</span> <span class='ocrx_word' id='word_1_311' title='bbox 1389 4453 1773 4521; x_wconf 89' lang='lat' dir='ltr'>deditionem,</span> <span class='ocrx_word' id='word_1_312' title='bbox 1825 4470 2014 4528; x_wconf 85' lang='lat' dir='ltr'>quau-</span> 
     </span>
    </p>
   </div>
   <div class='ocr_carea' id='block_1_50' title="bbox 351 4541 2013 4615">
    <p class='ocr_par' dir='ltr' id='par_1_50' title="bbox 351 4541 2013 4615">
     <span class='ocr_line' id='line_1_50' title="bbox 351 4541 2013 4615; baseline 0.001 -18"><span class='ocrx_word' id='word_1_313' title='bbox 351 4541 679 4614; x_wconf 88' lang='lat' dir='ltr'>doquidem</span> <span class='ocrx_word' id='word_1_314' title='bbox 725 4542 926 4599; x_wconf 91' lang='lat' dir='ltr'>multis</span> <span class='ocrx_word' id='word_1_315' title='bbox 973 4541 1323 4615; x_wconf 87' lang='lat' dir='ltr'>astantibus,</span> <span class='ocrx_word' id='word_1_316' title='bbox 1380 4558 1489 4599; x_wconf 90' lang='lat' dir='ltr'>nec</span> <span class='ocrx_word' id='word_1_317' title='bbox 1543 4558 1663 4599; x_wconf 90' lang='lat' dir='ltr'>non</span> <span class='ocrx_word' id='word_1_318' title='bbox 1721 4543 1900 4599; x_wconf 89' lang='lat' dir='ltr'>etiam</span> <span class='ocrx_word' id='word_1_319' title='bbox 1952 4543 2013 4599; x_wconf 90' lang='lat' dir='ltr'>in</span> 
     </span>
    </p>
   </div>
   <div class='ocr_carea' id='block_1_51' title="bbox 353 4631 2013 4705">
    <p class='ocr_par' dir='ltr' id='par_1_51' title="bbox 353 4631 2013 4705">
     <span class='ocr_line' id='line_1_51' title="bbox 353 4631 2013 4705; baseline 0.001 -18"><span class='ocrx_word' id='word_1_320' title='bbox 353 4632 667 4703; x_wconf 78' lang='lat' dir='ltr'>praesentia</span> <span class='ocrx_word' id='word_1_321' title='bbox 693 4631 796 4699; x_wconf 90' lang='lat' dir='ltr'>tui,</span> <span class='ocrx_word' id='word_1_322' title='bbox 823 4632 917 4687; x_wconf 89' lang='lat' dir='ltr'>cui</span> <span class='ocrx_word' id='word_1_323' title='bbox 939 4631 1075 4705; x_wconf 90' lang='lat' dir='ltr'>plus</span> <span class='ocrx_word' id='word_1_324' title='bbox 1104 4632 1387 4688; x_wconf 88' lang='lat' dir='ltr'>omnibus</span> <span class='ocrx_word' id='word_1_325' title='bbox 1417 4631 1643 4688; x_wconf 91' lang='lat' dir='ltr'>cultum</span> <span class='ocrx_word' id='word_1_326' title='bbox 1672 4632 2013 4688; x_wconf 77' lang='lat' dir='ltr'>reverentia</span> 
     </span>
    </p>
   </div>
   <div class='ocr_carea' id='block_1_52' title="bbox 352 4720 2016 4796">
    <p class='ocr_par' dir='ltr' id='par_1_52' title="bbox 352 4720 2016 4796">
     <span class='ocr_line' id='line_1_52' title="bbox 352 4720 2016 4796; baseline 0.001 -19"><span class='ocrx_word' id='word_1_327' title='bbox 352 4721 565 4792; x_wconf 89' lang='lat' dir='ltr'>debeo,</span> <span class='ocrx_word' id='word_1_328' title='bbox 598 4720 913 4795; x_wconf 88' lang='lat' dir='ltr'>aliquoties</span> <span class='ocrx_word' id='word_1_329' title='bbox 944 4722 1117 4779; x_wconf 88' lang='lat' dir='ltr'>irasci</span> <span class='ocrx_word' id='word_1_330' title='bbox 1146 4738 1266 4779; x_wconf 89' lang='lat' dir='ltr'>non</span> <span class='ocrx_word' id='word_1_331' title='bbox 1299 4721 1607 4779; x_wconf 86' lang='lat' dir='ltr'>omittam!</span> <span class='ocrx_word' id='word_1_332' title='bbox 1635 4725 1797 4780; x_wconf 85' lang='lat' dir='ltr'>Certe</span> <span class='ocrx_word' id='word_1_333' title='bbox 1826 4738 2016 4796; x_wconf 87' lang='lat' dir='ltr'>quan-</span> 
     </span>
    </p>
   </div>
   <div class='ocr_carea' id='block_1_53' title="bbox 354 4810 2015 4884">
    <p class='ocr_par' dir='ltr' id='par_1_53' title="bbox 354 4810 2015 4884">
     <span class='ocr_line' id='line_1_53' title="bbox 354 4810 2015 4884; baseline 0.001 -19"><span class='ocrx_word' id='word_1_334' title='bbox 354 4814 412 4865; x_wconf 93' lang='lat' dir='ltr'>to</span> <span class='ocrx_word' id='word_1_335' title='bbox 442 4810 706 4867; x_wconf 88' lang='lat' dir='ltr'>crebrius</span> <span class='ocrx_word' id='word_1_336' title='bbox 735 4810 1086 4884; x_wconf 89' lang='lat' dir='ltr'>hujusmodi</span> <span class='ocrx_word' id='word_1_337' title='bbox 1118 4810 1323 4867; x_wconf 89' lang='lat' dir='ltr'>vitium</span> <span class='ocrx_word' id='word_1_338' title='bbox 1343 4810 1777 4881; x_wconf 82' lang='lat' dir='ltr'>manifestatur,</span> <span class='ocrx_word' id='word_1_339' title='bbox 1805 4815 1863 4866; x_wconf 93' lang='lat' dir='ltr'>et</span> <span class='ocrx_word' id='word_1_340' title='bbox 1890 4826 2015 4867; x_wconf 89' lang='lat' dir='ltr'>ma-</span> 
     </span>
    </p>
   </div>
   <div class='ocr_carea' id='block_1_54' title="bbox 348 4900 2014 4976">
    <p class='ocr_par' dir='ltr' id='par_1_54' title="bbox 348 4900 2014 4976">
     <span class='ocr_line' id='line_1_54' title="bbox 348 4900 2014 4976; baseline 0.001 -19"><span class='ocrx_word' id='word_1_341' title='bbox 348 4901 476 4971; x_wconf 86' lang='lat' dir='ltr'>jore</span> <span class='ocrx_word' id='word_1_342' title='bbox 505 4901 821 4959; x_wconf 88' lang='lat' dir='ltr'>hominum</span> <span class='ocrx_word' id='word_1_343' title='bbox 852 4900 1189 4976; x_wconf 87' lang='lat' dir='ltr'>frequentia</span> <span class='ocrx_word' id='word_1_344' title='bbox 1213 4902 1608 4973; x_wconf 89' lang='lat' dir='ltr'>redarguitur,</span> <span class='ocrx_word' id='word_1_345' title='bbox 1652 4905 1817 4959; x_wconf 86' lang='lat' dir='ltr'>tanto</span> <span class='ocrx_word' id='word_1_346' title='bbox 1862 4901 2014 4959; x_wconf 85' lang='lat' dir='ltr'>cele-</span> 
     </span>
    </p>
   </div>
   <div class='ocr_carea' id='block_1_55' title="bbox 352 4988 2015 5065">
    <p class='ocr_par' dir='ltr' id='par_1_55' title="bbox 352 4988 2015 5065">
     <span class='ocr_line' id='line_1_55' title="bbox 352 4988 2015 5065; baseline 0.001 -21"><span class='ocrx_word' id='word_1_347' title='bbox 352 4989 475 5045; x_wconf 92' lang='lat' dir='ltr'>rius</span> <span class='ocrx_word' id='word_1_348' title='bbox 505 4988 642 5047; x_wconf 88' lang='lat' dir='ltr'>binc</span> <span class='ocrx_word' id='word_1_349' title='bbox 668 5007 989 5049; x_wconf 89' lang='lat' dir='ltr'>evasurum</span> <span class='ocrx_word' id='word_1_350' title='bbox 1019 4991 1144 5064; x_wconf 90' lang='lat' dir='ltr'>qui,</span> <span class='ocrx_word' id='word_1_351' title='bbox 1176 5007 1314 5048; x_wconf 87' lang='lat' dir='ltr'>vere</span> <span class='ocrx_word' id='word_1_352' title='bbox 1344 4991 1617 5065; x_wconf 84' lang='lat' dir='ltr'>captivus</span> <span class='ocrx_word' id='word_1_353' title='bbox 1645 4989 1799 5063; x_wconf 85' lang='lat' dir='ltr'>ejus,</span> <span class='ocrx_word' id='word_1_354' title='bbox 1826 4989 2015 5063; x_wconf 87' lang='lat' dir='ltr'>[liber]</span> 
     </span>
    </p>
   </div>
   <div class='ocr_carea' id='block_1_56' title="bbox 355 5076 2018 5152">
    <p class='ocr_par' dir='ltr' id='par_1_56' title="bbox 355 5076 2018 5152">
     <span class='ocr_line' id='line_1_56' title="bbox 355 5076 2018 5152; baseline 0.002 -20"><span class='ocrx_word' id='word_1_355' title='bbox 355 5076 508 5134; x_wconf 82' lang='lat' dir='ltr'>efﬁci</span> <span class='ocrx_word' id='word_1_356' title='bbox 538 5079 807 5148; x_wconf 90' lang='lat' dir='ltr'>voluerit,</span> <span class='ocrx_word' id='word_1_357' title='bbox 841 5085 1085 5137; x_wconf 89' lang='lat' dir='ltr'>auctore</span> <span class='ocrx_word' id='word_1_358' title='bbox 1112 5080 1350 5138; x_wconf 90' lang='lat' dir='ltr'>abbatis</span> <span class='ocrx_word' id='word_1_359' title='bbox 1383 5079 1725 5152; x_wconf 88' lang='lat' dir='ltr'>Serapionis</span> <span class='ocrx_word' id='word_1_360' title='bbox 1755 5079 2018 5136; x_wconf 87' lang='lat' dir='ltr'>collatio-</span> 
     </span>
    </p>
   </div>
   <div class='ocr_carea' id='block_1_57' title="bbox 354 5168 2015 5242">
    <p class='ocr_par' dir='ltr' id='par_1_57' title="bbox 354 5168 2015 5242">
     <span class='ocr_line' id='line_1_57' title="bbox 354 5168 2015 5242; baseline 0.003 -20"><span class='ocrx_word' id='word_1_361' title='bbox 354 5183 452 5231; x_wconf 89' lang='lat' dir='ltr'>ne,</span> <span class='ocrx_word' id='word_1_362' title='bbox 485 5169 858 5227; x_wconf 88' lang='lat' dir='ltr'>crediderim.</span> <span class='ocrx_word' id='word_1_363' title='bbox 892 5173 1107 5242; x_wconf 87' lang='lat' dir='ltr'>Quare,</span> <span class='ocrx_word' id='word_1_364' title='bbox 1140 5187 1277 5228; x_wconf 90' lang='lat' dir='ltr'>cum</span> <span class='ocrx_word' id='word_1_365' title='bbox 1305 5169 1454 5227; x_wconf 88' lang='lat' dir='ltr'>alios</span> <span class='ocrx_word' id='word_1_366' title='bbox 1485 5168 1631 5226; x_wconf 88' lang='lat' dir='ltr'>mihi</span> <span class='ocrx_word' id='word_1_367' title='bbox 1663 5184 2015 5227; x_wconf 88' lang='lat' dir='ltr'>succensere</span> 
     </span>
    </p>
   </div>
   <div class='ocr_carea' id='block_1_58' title="bbox 356 5255 2016 5330">
    <p class='ocr_par' dir='ltr' id='par_1_58' title="bbox 356 5255 2016 5330">
     <span class='ocr_line' id='line_1_58' title="bbox 356 5255 2016 5330; baseline 0.003 -20"><span class='ocrx_word' id='word_1_368' title='bbox 356 5255 617 5327; x_wconf 90' lang='lat' dir='ltr'>cupiam,</span> <span class='ocrx_word' id='word_1_369' title='bbox 654 5262 706 5313; x_wconf 90' lang='lat' dir='ltr'>te</span> <span class='ocrx_word' id='word_1_370' title='bbox 734 5259 1115 5330; x_wconf 89' lang='lat' dir='ltr'>potissimum</span> <span class='ocrx_word' id='word_1_371' title='bbox 1146 5264 1211 5316; x_wconf 93' lang='lat' dir='ltr'>ut</span> <span class='ocrx_word' id='word_1_372' title='bbox 1236 5259 1299 5315; x_wconf 87' lang='lat' dir='ltr'>id</span> <span class='ocrx_word' id='word_1_373' title='bbox 1327 5258 1537 5315; x_wconf 90' lang='lat' dir='ltr'>sedulo</span> <span class='ocrx_word' id='word_1_374' title='bbox 1590 5273 1737 5329; x_wconf 81' lang='lat' dir='ltr'>agas</span> <span class='ocrx_word' id='word_1_375' title='bbox 1781 5273 1908 5314; x_wconf 88' lang='lat' dir='ltr'>oro.</span> <span class='ocrx_word' id='word_1_376' title='bbox 1941 5261 2016 5315; x_wconf 89' lang='lat' dir='ltr'>Te</span> 
     </span>
    </p>
   </div>
   <div class='ocr_carea' id='block_1_59' title="bbox 356 5345 2017 5420">
    <p class='ocr_par' dir='ltr' id='par_1_59' title="bbox 356 5345 2017 5420">
     <span class='ocr_line' id='line_1_59' title="bbox 356 5345 2017 5420; baseline 0.002 -20"><span class='ocrx_word' id='word_1_377' title='bbox 356 5345 516 5400; x_wconf 90' lang='lat' dir='ltr'>enim</span> <span class='ocrx_word' id='word_1_378' title='bbox 575 5361 755 5418; x_wconf 87' lang='lat' dir='ltr'>super</span> <span class='ocrx_word' id='word_1_379' title='bbox 796 5352 1043 5405; x_wconf 89' lang='lat' dir='ltr'>cunctos</span> <span class='ocrx_word' id='word_1_380' title='bbox 1084 5348 1389 5419; x_wconf 87' lang='lat' dir='ltr'>mortales,</span> <span class='ocrx_word' id='word_1_381' title='bbox 1442 5346 1609 5420; x_wconf 91' lang='lat' dir='ltr'>quod</span> <span class='ocrx_word' id='word_1_382' title='bbox 1668 5346 2017 5420; x_wconf 85' lang='lat' dir='ltr'>simplicitas</span> 
     </span>
    </p>
   </div>
   <div class='ocr_carea' id='block_1_60' title="bbox 357 5434 2019 5509">
    <p class='ocr_par' dir='ltr' id='par_1_60' title="bbox 357 5434 2019 5509">
     <span class='ocr_line' id='line_1_60' title="bbox 357 5434 2019 5509; baseline 0.001 -19"><span class='ocrx_word' id='word_1_383' title='bbox 357 5434 715 5492; x_wconf 89' lang='lat' dir='ltr'>adulationis</span> <span class='ocrx_word' id='word_1_384' title='bbox 740 5435 953 5509; x_wconf 88' lang='lat' dir='ltr'>ignara</span> <span class='ocrx_word' id='word_1_385' title='bbox 984 5439 1214 5505; x_wconf 88' lang='lat' dir='ltr'>fatetur,</span> <span class='ocrx_word' id='word_1_386' title='bbox 1267 5438 1481 5495; x_wconf 77' lang='lat' dir='ltr'>animae</span> <span class='ocrx_word' id='word_1_387' title='bbox 1512 5453 1663 5493; x_wconf 78' lang='lat' dir='ltr'>mea</span> <span class='ocrx_word' id='word_1_388' title='bbox 1692 5436 2019 5493; x_wconf 85' lang='lat' dir='ltr'>visceribus</span> 
     </span>
    </p>
   </div>
   <div class='ocr_carea' id='block_1_61' title="bbox 355 5524 2021 5601">
    <p class='ocr_par' dir='ltr' id='par_1_61' title="bbox 355 5524 2021 5601">
     <span class='ocr_line' id='line_1_61' title="bbox 355 5524 2021 5601; baseline 0.001 -20"><span class='ocrx_word' id='word_1_389' title='bbox 355 5524 726 5597; x_wconf 87' lang='lat' dir='ltr'>diligendum</span> <span class='ocrx_word' id='word_1_390' title='bbox 756 5528 1063 5586; x_wconf 87' lang='lat' dir='ltr'>mandavi.</span> <span class='ocrx_word' id='word_1_391' title='bbox 1102 5531 1246 5586; x_wconf 86' lang='lat' dir='ltr'>Sum</span> <span class='ocrx_word' id='word_1_392' title='bbox 1274 5544 1538 5601; x_wconf 89' lang='lat' dir='ltr'>namque</span> <span class='ocrx_word' id='word_1_393' title='bbox 1568 5526 1773 5583; x_wconf 88' lang='lat' dir='ltr'>divina</span> <span class='ocrx_word' id='word_1_394' title='bbox 1808 5542 2021 5599; x_wconf 89' lang='lat' dir='ltr'>procu-</span> 
     </span>
    </p>
   </div>
   <div class='ocr_carea' id='block_1_62' title="bbox 354 5618 2016 5693">
    <p class='ocr_par' dir='ltr' id='par_1_62' title="bbox 354 5618 2016 5693">
     <span class='ocr_line' id='line_1_62' title="bbox 354 5618 2016 5693; baseline 0.001 -21"><span class='ocrx_word' id='word_1_395' title='bbox 354 5619 524 5673; x_wconf 88' lang='lat' dir='ltr'>rante</span> <span class='ocrx_word' id='word_1_396' title='bbox 550 5619 760 5687; x_wconf 83' lang='lat' dir='ltr'>gratia,</span> <span class='ocrx_word' id='word_1_397' title='bbox 788 5619 1121 5693; x_wconf 84' lang='lat' dir='ltr'>disciplina</span> <span class='ocrx_word' id='word_1_398' title='bbox 1147 5624 1264 5675; x_wconf 69' lang='lat' dir='ltr'>tua</span> <span class='ocrx_word' id='word_1_399' title='bbox 1293 5618 1654 5675; x_wconf 83' lang='lat' dir='ltr'>vernaculus</span> <span class='ocrx_word' id='word_1_400' title='bbox 1706 5632 1743 5674; x_wconf 87' lang='lat' dir='ltr'>a</span> <span class='ocrx_word' id='word_1_401' title='bbox 1781 5632 1969 5689; x_wconf 87' lang='lat' dir='ltr'>puero</span> <span class='ocrx_word' id='word_1_402' title='bbox 2003 5636 2016 5686; x_wconf 95' lang='lat'><strong>;</strong></span> 
     </span>
    </p>
   </div>
   <div class='ocr_carea' id='block_1_63' title="bbox 355 5704 2016 5781">
    <p class='ocr_par' dir='ltr' id='par_1_63' title="bbox 355 5704 2016 5781">
     <span class='ocr_line' id='line_1_63' title="bbox 355 5704 2016 5781; baseline 0.002 -22"><span class='ocrx_word' id='word_1_403' title='bbox 355 5718 464 5760; x_wconf 88' lang='lat' dir='ltr'>nec</span> <span class='ocrx_word' id='word_1_404' title='bbox 494 5704 596 5761; x_wconf 90' lang='lat' dir='ltr'>ulli</span> <span class='ocrx_word' id='word_1_405' title='bbox 642 5723 914 5781; x_wconf 87' lang='lat' dir='ltr'>unquam</span> <span class='ocrx_word' id='word_1_406' title='bbox 962 5710 1126 5764; x_wconf 87' lang='lat' dir='ltr'>tanta</span> <span class='ocrx_word' id='word_1_407' title='bbox 1170 5723 1319 5763; x_wconf 83' lang='lat' dir='ltr'>mea</span> <span class='ocrx_word' id='word_1_408' title='bbox 1364 5705 1744 5763; x_wconf 78' lang='lat' dir='ltr'>conscientia</span> <span class='ocrx_word' id='word_1_409' title='bbox 1770 5709 2016 5775; x_wconf 74' lang='lat' dir='ltr'>secreta,</span> 
     </span>
    </p>
   </div>
   <div class='ocr_carea' id='block_1_64' title="bbox 1380 236 2709 302">
    <p class='ocr_par' dir='ltr' id='par_1_64' title="bbox 1380 236 2709 302">
     <span class='ocr_line' id='line_1_64' title="bbox 1380 236 2709 302; baseline -0.011 0"><span class='ocrx_word' id='word_1_410' title='bbox 1380 247 1436 302; x_wconf 91' lang='lat' dir='ltr'>S.</span> <span class='ocrx_word' id='word_1_411' title='bbox 1477 244 1817 299; x_wconf 78' lang='lat' dir='ltr'>FULBERTI</span> <span class='ocrx_word' id='word_1_412' title='bbox 1859 236 2338 295; x_wconf 66' lang='lat' dir='ltr'>CARNOTENSIS</span> <span class='ocrx_word' id='word_1_413' title='bbox 2378 236 2709 294; x_wconf 85' lang='lat' dir='ltr'>EPISCOPI.</span> 
     </span>
    </p>
   </div>
   <div class='ocr_carea' id='block_1_65' title="bbox 3652 236 3769 290">
    <p class='ocr_par' dir='ltr' id='par_1_65' title="bbox 3652 236 3769 290">
     <span class='ocr_line' id='line_1_65' title="bbox 3652 236 3769 290; baseline 0.026 -4"><span class='ocrx_word' id='word_1_414' title='bbox 3652 236 3769 290; x_wconf 80' lang='grc'>212</span> 
     </span>
    </p>
   </div>
   <div class='ocr_carea' id='block_1_66' title="bbox 2006 354 3769 432">
    <p class='ocr_par' dir='ltr' id='par_1_66' title="bbox 2006 354 3769 432">
     <span class='ocr_line' id='line_1_66' title="bbox 2006 354 3769 432; baseline -0.003 -17"><span class='ocrx_word' id='word_1_415' title='bbox 2006 362 2047 415; x_wconf 81' lang='grc' dir='ltr'>Α</span> <span class='ocrx_word' id='word_1_416' title='bbox 2086 376 2229 416; x_wconf 87' lang='lat' dir='ltr'>nam</span> <span class='ocrx_word' id='word_1_417' title='bbox 2256 359 2385 416; x_wconf 88' lang='lat' dir='ltr'>aliis</span> <span class='ocrx_word' id='word_1_418' title='bbox 2414 359 2699 432; x_wconf 74' lang='lat' dir='ltr'>quaedam</span> <span class='ocrx_word' id='word_1_419' title='bbox 2729 356 2836 412; x_wconf 86' lang='lat' dir='ltr'>tibi</span> <span class='ocrx_word' id='word_1_420' title='bbox 2866 355 3072 412; x_wconf 89' lang='lat' dir='ltr'>omnia</span> <span class='ocrx_word' id='word_1_421' title='bbox 3097 354 3314 411; x_wconf 81' lang='lat' dir='ltr'>detexi.</span> <span class='ocrx_word' id='word_1_422' title='bbox 3368 356 3585 419; x_wconf 66' lang='lat' dir='ltr'>Quaeso</span> <span class='ocrx_word' id='word_1_423' title='bbox 3615 370 3769 424; x_wconf 87' lang='lat' dir='ltr'>ergo</span> 
     </span>
    </p>
   </div>
   <div class='ocr_carea' id='block_1_67' title="bbox 2087 442 3771 522">
    <p class='ocr_par' dir='ltr' id='par_1_67' title="bbox 2087 442 3771 522">
     <span class='ocr_line' id='line_1_67' title="bbox 2087 442 3771 522; baseline -0.003 -18"><span class='ocrx_word' id='word_1_424' title='bbox 2087 454 2161 515; x_wconf 88' lang='lat' dir='ltr'>te,</span> <span class='ocrx_word' id='word_1_425' title='bbox 2191 448 2474 522; x_wconf 81' lang='lat' dir='ltr'>profusus</span> <span class='ocrx_word' id='word_1_426' title='bbox 2504 446 2789 520; x_wconf 84' lang='lat' dir='ltr'>lacrymis</span> <span class='ocrx_word' id='word_1_427' title='bbox 2809 446 3023 502; x_wconf 85' lang='lat' dir='ltr'>faciem</span> <span class='ocrx_word' id='word_1_428' title='bbox 3045 444 3287 509; x_wconf 87' lang='lat' dir='ltr'>mentis,</span> <span class='ocrx_word' id='word_1_429' title='bbox 3317 459 3414 513; x_wconf 89' lang='lat' dir='ltr'>ne,</span> <span class='ocrx_word' id='word_1_430' title='bbox 3465 442 3586 499; x_wconf 87' lang='lat' dir='ltr'>mei</span> <span class='ocrx_word' id='word_1_431' title='bbox 3614 459 3771 501; x_wconf 86' lang='lat' dir='ltr'>cura</span> 
     </span>
    </p>
   </div>
   <div class='ocr_carea' id='block_1_68' title="bbox 2086 532 3774 611">
    <p class='ocr_par' dir='ltr' id='par_1_68' title="bbox 2086 532 3774 611">
     <span class='ocr_line' id='line_1_68' title="bbox 2086 532 3774 611; baseline -0.004 -17"><span class='ocrx_word' id='word_1_432' title='bbox 2086 538 2448 611; x_wconf 87' lang='lat' dir='ltr'>posthabita,</span> <span class='ocrx_word' id='word_1_433' title='bbox 2482 536 2893 595; x_wconf 89' lang='lat' dir='ltr'>necessariam</span> <span class='ocrx_word' id='word_1_434' title='bbox 2922 533 3337 603; x_wconf 87' lang='lat' dir='ltr'>castigationis</span> <span class='ocrx_word' id='word_1_435' title='bbox 3366 532 3461 588; x_wconf 87' lang='lat' dir='ltr'>vel</span> <span class='ocrx_word' id='word_1_436' title='bbox 3488 532 3774 589; x_wconf 90' lang='lat' dir='ltr'>admoni-</span> 
     </span>
    </p>
   </div>
   <div class='ocr_carea' id='block_1_69' title="bbox 2087 620 3769 699">
    <p class='ocr_par' dir='ltr' id='par_1_69' title="bbox 2087 620 3769 699">
     <span class='ocr_line' id='line_1_69' title="bbox 2087 620 3769 699; baseline -0.003 -17"><span class='ocrx_word' id='word_1_437' title='bbox 2087 627 2264 683; x_wconf 88' lang='lat' dir='ltr'>tionis</span> <span class='ocrx_word' id='word_1_438' title='bbox 2294 627 2747 699; x_wconf 88' lang='lat' dir='ltr'>eleemosynam</span> <span class='ocrx_word' id='word_1_439' title='bbox 2776 620 2923 679; x_wconf 82' lang='lat' dir='ltr'>milii</span> <span class='ocrx_word' id='word_1_440' title='bbox 2954 621 3299 678; x_wconf 84' lang='lat' dir='ltr'>subtrahas.</span> <span class='ocrx_word' id='word_1_441' title='bbox 3342 624 3492 678; x_wconf 75' lang='lat' dir='ltr'>Nam</span> <span class='ocrx_word' id='word_1_442' title='bbox 3530 620 3579 676; x_wconf 90' lang='lat' dir='ltr'>si</span> <span class='ocrx_word' id='word_1_443' title='bbox 3622 620 3769 690; x_wconf 86' lang='lat' dir='ltr'>hoc,</span> 
     </span>
    </p>
   </div>
   <div class='ocr_carea' id='block_1_70' title="bbox 2088 710 3776 785">
    <p class='ocr_par' dir='ltr' id='par_1_70' title="bbox 2088 710 3776 785">
     <span class='ocr_line' id='line_1_70' title="bbox 2088 710 3776 785; baseline -0.003 -13"><span class='ocrx_word' id='word_1_444' title='bbox 2088 720 2317 772; x_wconf 88' lang='lat' dir='ltr'>avertat</span> <span class='ocrx_word' id='word_1_445' title='bbox 2358 720 2559 774; x_wconf 87' lang='lat' dir='ltr'>autem</span> <span class='ocrx_word' id='word_1_446' title='bbox 2610 713 2819 771; x_wconf 89' lang='lat' dir='ltr'>divina</span> <span class='ocrx_word' id='word_1_447' title='bbox 2868 711 3092 785; x_wconf 80' lang='lat' dir='ltr'>pietas!</span> <span class='ocrx_word' id='word_1_448' title='bbox 3162 710 3376 782; x_wconf 87' lang='lat' dir='ltr'>egeris,</span> <span class='ocrx_word' id='word_1_449' title='bbox 3440 726 3776 783; x_wconf 86' lang='lat' dir='ltr'>nunquam</span> 
     </span>
    </p>
   </div>
   <div class='ocr_carea' id='block_1_71' title="bbox 2089 799 3776 873">
    <p class='ocr_par' dir='ltr' id='par_1_71' title="bbox 2089 799 3776 873">
     <span class='ocr_line' id='line_1_71' title="bbox 2089 799 3776 873; baseline -0.002 -13"><span class='ocrx_word' id='word_1_450' title='bbox 2089 809 2257 860; x_wconf 87' lang='lat' dir='ltr'>tanta</span> <span class='ocrx_word' id='word_1_451' title='bbox 2303 803 2460 860; x_wconf 90' lang='lat' dir='ltr'>mole</span> <span class='ocrx_word' id='word_1_452' title='bbox 2502 804 2750 873; x_wconf 82' lang='lat' dir='ltr'>irangar</span> <span class='ocrx_word' id='word_1_453' title='bbox 2805 799 3199 866; x_wconf 88' lang='lat' dir='ltr'>incommodi,</span> <span class='ocrx_word' id='word_1_454' title='bbox 3250 815 3438 871; x_wconf 89' lang='lat' dir='ltr'>quam</span> <span class='ocrx_word' id='word_1_455' title='bbox 3479 816 3619 855; x_wconf 91' lang='lat' dir='ltr'>cum</span> <span class='ocrx_word' id='word_1_456' title='bbox 3669 815 3776 856; x_wconf 87' lang='lat' dir='ltr'>me</span> 
     </span>
    </p>
   </div>
   <div class='ocr_carea' id='block_1_72' title="bbox 2090 888 3777 962">
    <p class='ocr_par' dir='ltr' id='par_1_72' title="bbox 2090 888 3777 962">
     <span class='ocr_line' id='line_1_72' title="bbox 2090 888 3777 962; baseline -0.002 -14"><span class='ocrx_word' id='word_1_457' title='bbox 2090 893 2298 949; x_wconf 88' lang='lat' dir='ltr'>videro</span> <span class='ocrx_word' id='word_1_458' title='bbox 2321 892 2403 949; x_wconf 90' lang='lat' dir='ltr'>sic</span> <span class='ocrx_word' id='word_1_459' title='bbox 2433 910 2471 949; x_wconf 90' lang='lat' dir='ltr'>a</span> <span class='ocrx_word' id='word_1_460' title='bbox 2491 897 2545 948; x_wconf 88' lang='lat' dir='ltr'>te</span> <span class='ocrx_word' id='word_1_461' title='bbox 2574 891 2914 962; x_wconf 88' lang='lat' dir='ltr'>neglectum</span> <span class='ocrx_word' id='word_1_462' title='bbox 2960 890 3050 947; x_wconf 89' lang='lat' dir='ltr'>iri.</span> <span class='ocrx_word' id='word_1_463' title='bbox 3102 891 3365 957; x_wconf 87' lang='lat' dir='ltr'>Rogatus</span> <span class='ocrx_word' id='word_1_464' title='bbox 3402 888 3777 962; x_wconf 86' lang='lat' dir='ltr'>opusculum</span> 
     </span>
    </p>
   </div>
   <div class='ocr_carea' id='block_1_73' title="bbox 2092 977 3778 1051">
    <p class='ocr_par' dir='ltr' id='par_1_73' title="bbox 2092 977 3778 1051">
     <span class='ocr_line' id='line_1_73' title="bbox 2092 977 3778 1051; baseline -0.002 -13"><span class='ocrx_word' id='word_1_465' title='bbox 2092 998 2297 1038; x_wconf 88' lang='lat' dir='ltr'>meum</span> <span class='ocrx_word' id='word_1_466' title='bbox 2338 981 2651 1051; x_wconf 85' lang='lat' dir='ltr'>corrigere,</span> <span class='ocrx_word' id='word_1_467' title='bbox 2706 979 2855 1042; x_wconf 87' lang='lat' dir='ltr'>vale,</span> <span class='ocrx_word' id='word_1_468' title='bbox 2908 994 3149 1034; x_wconf 89' lang='lat' dir='ltr'>summa</span> <span class='ocrx_word' id='word_1_469' title='bbox 3201 993 3340 1051; x_wconf 89' lang='lat' dir='ltr'>spes</span> <span class='ocrx_word' id='word_1_470' title='bbox 3377 977 3610 1035; x_wconf 89' lang='lat' dir='ltr'>consilii</span> <span class='ocrx_word' id='word_1_471' title='bbox 3651 978 3778 1035; x_wconf 88' lang='lat' dir='ltr'>mei</span> 
     </span>
    </p>
   </div>
   <div class='ocr_carea' id='block_1_74' title="bbox 2094 1070 2844 1146">
    <p class='ocr_par' dir='ltr' id='par_1_74' title="bbox 2094 1070 2844 1146">
     <span class='ocr_line' id='line_1_74' title="bbox 2094 1070 2844 1146; baseline -0.007 -18"><span class='ocrx_word' id='word_1_472' title='bbox 2094 1076 2235 1146; x_wconf 90' lang='lat' dir='ltr'>post</span> <span class='ocrx_word' id='word_1_473' title='bbox 2260 1070 2604 1128; x_wconf 89' lang='lat' dir='ltr'>Dominum.</span> <span class='ocrx_word' id='word_1_474' title='bbox 2634 1075 2844 1125; x_wconf 84' lang='lat' dir='ltr'>Amen.</span> 
     </span>
    </p>
   </div>
   <div class='ocr_carea' id='block_1_75' title="bbox 2456 1156 3406 1226">
    <p class='ocr_par' dir='ltr' id='par_1_75' title="bbox 2456 1156 3406 1226">
     <span class='ocr_line' id='line_1_75' title="bbox 2456 1156 3406 1226; baseline -0.003 -11"><span class='ocrx_word' id='word_1_475' title='bbox 2456 1159 2791 1216; x_wconf 79' lang='lat' dir='ltr'>EPISTOLA</span> <span class='ocrx_word' id='word_1_476' title='bbox 2828 1158 2981 1213; x_wconf 81' lang='lat' dir='ltr'>XXVI</span> <span class='ocrx_word' id='word_1_477' title='bbox 3025 1157 3187 1226; x_wconf 81' lang='lat' dir='ltr'>[olim</span> <span class='ocrx_word' id='word_1_478' title='bbox 3232 1156 3406 1226; x_wconf 78' lang='lat' dir='ltr'>LXII].</span> 
     </span>
    </p>
   </div>
   <div class='ocr_carea' id='block_1_76' title="bbox 2732 1244 3131 1317">
    <p class='ocr_par' dir='ltr' id='par_1_76' title="bbox 2732 1244 3131 1317">
     <span class='ocr_line' id='line_1_76' title="bbox 2732 1244 3131 1317; baseline -0.005 -15"><span class='ocrx_word' id='word_1_479' title='bbox 2732 1250 2923 1317; x_wconf 76' lang='lat' dir='ltr'>(Anno</span> <span class='ocrx_word' id='word_1_480' title='bbox 2954 1244 3131 1317; x_wconf 87' lang='lat'>1016).</span> 
     </span>
    </p>
   </div>
   <div class='ocr_carea' id='block_1_77' title="bbox 2258 1335 3608 1404">
    <p class='ocr_par' dir='ltr' id='par_1_77' title="bbox 2258 1335 3608 1404">
     <span class='ocr_line' id='line_1_77' title="bbox 2258 1335 3608 1404; baseline -0.004 -9"><span class='ocrx_word' id='word_1_481' title='bbox 2258 1339 2474 1395; x_wconf 80' lang='lat' dir='ltr'>Fratri</span> <span class='ocrx_word' id='word_1_482' title='bbox 2522 1340 2898 1404; x_wconf 78' lang='lat' dir='ltr'>THEODORICO,</span> <span class='ocrx_word' id='word_1_483' title='bbox 2948 1336 3271 1391; x_wconf 62' lang='lat' dir='ltr'>Fruar-sares</span> <span class='ocrx_word' id='word_1_484' title='bbox 3331 1335 3608 1392; x_wconf 84' lang='lat' dir='ltr'>sacerdos</span> 
     </span>
    </p>
   </div>
   <div class='ocr_carea' id='block_1_78' title="bbox 2175 1423 3785 1501">
    <p class='ocr_par' dir='ltr' id='par_1_78' title="bbox 2175 1423 3785 1501">
     <span class='ocr_line' id='line_1_78' title="bbox 2175 1423 3785 1501; baseline 0 -18"><span class='ocrx_word' id='word_1_485' title='bbox 2175 1427 2349 1495; x_wconf 86' lang='lat' dir='ltr'>Quod</span> <span class='ocrx_word' id='word_1_486' title='bbox 2400 1433 2455 1484; x_wconf 85' lang='lat' dir='ltr'>te</span> <span class='ocrx_word' id='word_1_487' title='bbox 2509 1425 2745 1501; x_wconf 87' lang='lat' dir='ltr'>pridem</span> <span class='ocrx_word' id='word_1_488' title='bbox 2775 1425 3053 1481; x_wconf 87' lang='lat' dir='ltr'>ordinare</span> <span class='ocrx_word' id='word_1_489' title='bbox 3100 1423 3425 1494; x_wconf 89' lang='lat' dir='ltr'>noluimus,</span> <span class='ocrx_word' id='word_1_490' title='bbox 3472 1423 3785 1483; x_wconf 83' lang='lat' dir='ltr'>mirantur</span> 
     </span>
    </p>
   </div>
   <div class='ocr_carea' id='block_1_79' title="bbox 2102 1512 3785 1586">
    <p class='ocr_par' dir='ltr' id='par_1_79' title="bbox 2102 1512 3785 1586">
     <span class='ocr_line' id='line_1_79' title="bbox 2102 1512 3785 1586; baseline -0.004 -12"><span class='ocrx_word' id='word_1_491' title='bbox 2102 1523 2321 1584; x_wconf 88' lang='lat' dir='ltr'>tecum,</span> <span class='ocrx_word' id='word_1_492' title='bbox 2353 1521 2419 1572; x_wconf 90' lang='lat' dir='ltr'>ut</span> <span class='ocrx_word' id='word_1_493' title='bbox 2442 1515 2630 1583; x_wconf 83' lang='lat' dir='ltr'>aiunt,</span> <span class='ocrx_word' id='word_1_494' title='bbox 2657 1515 2834 1571; x_wconf 91' lang='lat' dir='ltr'>amici</span> <span class='ocrx_word' id='word_1_495' title='bbox 2863 1514 2968 1583; x_wconf 91' lang='lat' dir='ltr'>tui,</span> <span class='ocrx_word' id='word_1_496' title='bbox 3000 1513 3251 1586; x_wconf 89' lang='lat' dir='ltr'>insuper</span> <span class='ocrx_word' id='word_1_497' title='bbox 3276 1518 3333 1569; x_wconf 86' lang='lat' dir='ltr'>et</span> <span class='ocrx_word' id='word_1_498' title='bbox 3361 1512 3649 1569; x_wconf 90' lang='lat' dir='ltr'>dominus</span> <span class='ocrx_word' id='word_1_499' title='bbox 3671 1530 3785 1569; x_wconf 90' lang='lat' dir='ltr'>no-</span> 
     </span>
    </p>
   </div>
   <div class='ocr_carea' id='block_1_80' title="bbox 2101 1601 3781 1677">
    <p class='ocr_par' dir='ltr' id='par_1_80' title="bbox 2101 1601 3781 1677">
     <span class='ocr_line' id='line_1_80' title="bbox 2101 1601 3781 1677; baseline -0.004 -16"><span class='ocrx_word' id='word_1_500' title='bbox 2101 1611 2220 1663; x_wconf 89' lang='lat' dir='ltr'>ster</span> <span class='ocrx_word' id='word_1_501' title='bbox 2240 1622 2365 1677; x_wconf 81' lang='lat' dir='ltr'>rex,</span> <span class='ocrx_word' id='word_1_502' title='bbox 2395 1610 2473 1675; x_wconf 87' lang='lat' dir='ltr'>et,</span> <span class='ocrx_word' id='word_1_503' title='bbox 2500 1621 2607 1660; x_wconf 89' lang='lat' dir='ltr'>cur</span> <span class='ocrx_word' id='word_1_504' title='bbox 2654 1604 2949 1660; x_wconf 90' lang='lat' dir='ltr'>omissum</span> <span class='ocrx_word' id='word_1_505' title='bbox 2997 1601 3071 1658; x_wconf 89' lang='lat' dir='ltr'>sit</span> <span class='ocrx_word' id='word_1_506' title='bbox 3113 1618 3361 1658; x_wconf 84' lang='lat' dir='ltr'>causam</span> <span class='ocrx_word' id='word_1_507' title='bbox 3400 1601 3781 1671; x_wconf 84' lang='lat' dir='ltr'>ignorantes,</span> 
     </span>
    </p>
   </div>
   <div class='ocr_carea' id='block_1_81' title="bbox 2100 1689 3785 1765">
    <p class='ocr_par' dir='ltr' id='par_1_81' title="bbox 2100 1689 3785 1765">
     <span class='ocr_line' id='line_1_81' title="bbox 2100 1689 3785 1765; baseline -0.002 -14"><span class='ocrx_word' id='word_1_508' title='bbox 2100 1711 2313 1751; x_wconf 89' lang='lat' dir='ltr'>omnes</span> <span class='ocrx_word' id='word_1_509' title='bbox 2340 1694 2460 1751; x_wconf 81' lang='lat' dir='ltr'>fere</span> <span class='ocrx_word' id='word_1_510' title='bbox 2489 1693 2547 1749; x_wconf 89' lang='lat' dir='ltr'>id</span> <span class='ocrx_word' id='word_1_511' title='bbox 2580 1693 2797 1765; x_wconf 88' lang='lat' dir='ltr'>injuste</span> <span class='ocrx_word' id='word_1_512' title='bbox 2829 1710 2897 1748; x_wconf 89' lang='lat' dir='ltr'>ac</span> <span class='ocrx_word' id='word_1_513' title='bbox 2930 1690 3359 1749; x_wconf 88' lang='lat' dir='ltr'>contumeliose</span> <span class='ocrx_word' id='word_1_514' title='bbox 3386 1689 3613 1747; x_wconf 84' lang='lat' dir='ltr'>factum</span> <span class='ocrx_word' id='word_1_515' title='bbox 3662 1690 3785 1747; x_wconf 88' lang='lat' dir='ltr'>cla-</span> 
     </span>
    </p>
   </div>
   <div class='ocr_carea' id='block_1_82' title="bbox 2099 1779 3786 1856">
    <p class='ocr_par' dir='ltr' id='par_1_82' title="bbox 2099 1779 3786 1856">
     <span class='ocr_line' id='line_1_82' title="bbox 2099 1779 3786 1856; baseline -0.003 -15"><span class='ocrx_word' id='word_1_516' title='bbox 2099 1788 2288 1841; x_wconf 89' lang='lat' dir='ltr'>mant.</span> <span class='ocrx_word' id='word_1_517' title='bbox 2324 1787 2442 1840; x_wconf 77' lang='lat' dir='ltr'>Nos</span> <span class='ocrx_word' id='word_1_518' title='bbox 2465 1798 2630 1850; x_wconf 87' lang='lat' dir='ltr'>vero,</span> <span class='ocrx_word' id='word_1_519' title='bbox 2661 1783 2762 1856; x_wconf 90' lang='lat' dir='ltr'>qui</span> <span class='ocrx_word' id='word_1_520' title='bbox 2796 1798 2920 1838; x_wconf 89' lang='lat' dir='ltr'>non</span> <span class='ocrx_word' id='word_1_521' title='bbox 2950 1782 3167 1853; x_wconf 88' lang='lat' dir='ltr'>injuste</span> <span class='ocrx_word' id='word_1_522' title='bbox 3196 1797 3307 1837; x_wconf 88' lang='lat' dir='ltr'>nec</span> <span class='ocrx_word' id='word_1_523' title='bbox 3339 1779 3786 1839; x_wconf 86' lang='lat' dir='ltr'>contumeliose</span> 
     </span>
    </p>
   </div>
   <div class='ocr_carea' id='block_1_83' title="bbox 2101 1869 3785 1943">
    <p class='ocr_par' dir='ltr' id='par_1_83' title="bbox 2101 1869 3785 1943">
     <span class='ocr_line' id='line_1_83' title="bbox 2101 1869 3785 1943; baseline -0.004 -11"><span class='ocrx_word' id='word_1_524' title='bbox 2101 1875 2326 1932; x_wconf 91' lang='lat' dir='ltr'>factum</span> <span class='ocrx_word' id='word_1_525' title='bbox 2349 1890 2478 1930; x_wconf 89' lang='lat' dir='ltr'>esse</span> <span class='ocrx_word' id='word_1_526' title='bbox 2506 1872 2752 1939; x_wconf 84' lang='lat' dir='ltr'>scimus,</span> <span class='ocrx_word' id='word_1_527' title='bbox 2784 1888 2907 1930; x_wconf 89' lang='lat' dir='ltr'>non</span> <span class='ocrx_word' id='word_1_528' title='bbox 2934 1888 3121 1928; x_wconf 90' lang='lat' dir='ltr'>unam</span> <span class='ocrx_word' id='word_1_529' title='bbox 3148 1875 3404 1936; x_wconf 89' lang='lat' dir='ltr'>tantum,</span> <span class='ocrx_word' id='word_1_530' title='bbox 3434 1870 3538 1926; x_wconf 86' lang='lat' dir='ltr'>sed</span> <span class='ocrx_word' id='word_1_531' title='bbox 3568 1869 3785 1943; x_wconf 87' lang='lat' dir='ltr'>plures</span> 
     </span>
    </p>
   </div>
   <div class='ocr_carea' id='block_1_84' title="bbox 2100 1959 3783 2032">
    <p class='ocr_par' dir='ltr' id='par_1_84' title="bbox 2100 1959 3783 2032">
     <span class='ocr_line' id='line_1_84' title="bbox 2100 1959 3783 2032; baseline -0.003 -13"><span class='ocrx_word' id='word_1_532' title='bbox 2100 1980 2274 2020; x_wconf 88' lang='lat' dir='ltr'>veras</span> <span class='ocrx_word' id='word_1_533' title='bbox 2305 1969 2363 2019; x_wconf 84' lang='lat' dir='ltr'>et</span> <span class='ocrx_word' id='word_1_534' title='bbox 2391 1961 2763 2018; x_wconf 88' lang='lat' dir='ltr'>authenticas</span> <span class='ocrx_word' id='word_1_535' title='bbox 2793 1961 2932 2017; x_wconf 89' lang='lat' dir='ltr'>inde</span> <span class='ocrx_word' id='word_1_536' title='bbox 2961 1959 3272 2017; x_wconf 90' lang='lat' dir='ltr'>reddimus</span> <span class='ocrx_word' id='word_1_537' title='bbox 3301 1959 3584 2027; x_wconf 83' lang='lat' dir='ltr'>rationes,</span> <span class='ocrx_word' id='word_1_538' title='bbox 3634 1975 3783 2032; x_wconf 82' lang='lat' dir='ltr'>qua</span> 
     </span>
    </p>
   </div>
   <div class='ocr_carea' id='block_1_85' title="bbox 2102 2049 3787 2122">
    <p class='ocr_par' dir='ltr' id='par_1_85' title="bbox 2102 2049 3787 2122">
     <span class='ocr_line' id='line_1_85' title="bbox 2102 2049 3787 2122; baseline -0.004 -14"><span class='ocrx_word' id='word_1_539' title='bbox 2102 2052 2208 2108; x_wconf 90' lang='lat' dir='ltr'>tibi</span> <span class='ocrx_word' id='word_1_540' title='bbox 2260 2057 2317 2107; x_wconf 87' lang='lat' dir='ltr'>et</span> <span class='ocrx_word' id='word_1_541' title='bbox 2366 2051 2480 2106; x_wconf 91' lang='lat' dir='ltr'>illis</span> <span class='ocrx_word' id='word_1_542' title='bbox 2526 2051 2712 2106; x_wconf 82' lang='lat' dir='ltr'>tinem</span> <span class='ocrx_word' id='word_1_543' title='bbox 2758 2049 2900 2105; x_wconf 90' lang='lat' dir='ltr'>recti</span> <span class='ocrx_word' id='word_1_544' title='bbox 2949 2049 3374 2122; x_wconf 87' lang='lat' dir='ltr'>persuadeant,</span> <span class='ocrx_word' id='word_1_545' title='bbox 3406 2064 3476 2104; x_wconf 90' lang='lat' dir='ltr'>ac</span> <span class='ocrx_word' id='word_1_546' title='bbox 3506 2064 3543 2103; x_wconf 91' lang='lat' dir='ltr'>a</span> <span class='ocrx_word' id='word_1_547' title='bbox 3582 2063 3787 2120; x_wconf 86' lang='lat' dir='ltr'>prava</span> 
     </span>
    </p>
   </div>
   <div class='ocr_carea' id='block_1_86' title="bbox 2104 2137 3783 2214">
    <p class='ocr_par' dir='ltr' id='par_1_86' title="bbox 2104 2137 3783 2214">
     <span class='ocr_line' id='line_1_86' title="bbox 2104 2137 3783 2214; baseline -0.003 -17"><span class='ocrx_word' id='word_1_548' title='bbox 2104 2141 2444 2214; x_wconf 88' lang='lat' dir='ltr'>suspicione</span> <span class='ocrx_word' id='word_1_549' title='bbox 2474 2143 2838 2195; x_wconf 88' lang='lat' dir='ltr'>removeant.</span> <span class='ocrx_word' id='word_1_550' title='bbox 2882 2141 3010 2196; x_wconf 89' lang='lat' dir='ltr'>Una</span> <span class='ocrx_word' id='word_1_551' title='bbox 3041 2137 3221 2208; x_wconf 83' lang='lat' dir='ltr'>igitur</span> <span class='ocrx_word' id='word_1_552' title='bbox 3271 2152 3595 2193; x_wconf 88' lang='lat' dir='ltr'>causarum</span> <span class='ocrx_word' id='word_1_553' title='bbox 3645 2137 3783 2193; x_wconf 78' lang='lat' dir='ltr'>hac</span> 
     </span>
    </p>
   </div>
   <div class='ocr_carea' id='block_1_87' title="bbox 2104 2225 3782 2302">
    <p class='ocr_par' dir='ltr' id='par_1_87' title="bbox 2104 2225 3782 2302">
     <span class='ocr_line' id='line_1_87' title="bbox 2104 2225 3782 2302; baseline -0.003 -16"><span class='ocrx_word' id='word_1_554' title='bbox 2104 2230 2232 2298; x_wconf 90' lang='lat' dir='ltr'>fuit,</span> <span class='ocrx_word' id='word_1_555' title='bbox 2262 2229 2406 2302; x_wconf 91' lang='lat' dir='ltr'>quia</span> <span class='ocrx_word' id='word_1_556' title='bbox 2435 2228 2531 2283; x_wconf 91' lang='lat' dir='ltr'>die</span> <span class='ocrx_word' id='word_1_557' title='bbox 2581 2227 2682 2283; x_wconf 93' lang='lat' dir='ltr'>illo</span> <span class='ocrx_word' id='word_1_558' title='bbox 2727 2243 2851 2300; x_wconf 91' lang='lat' dir='ltr'>quo</span> <span class='ocrx_word' id='word_1_559' title='bbox 2900 2226 3233 2283; x_wconf 88' lang='lat' dir='ltr'>sacrandus</span> <span class='ocrx_word' id='word_1_560' title='bbox 3281 2242 3408 2282; x_wconf 86' lang='lat' dir='ltr'>esse</span> <span class='ocrx_word' id='word_1_561' title='bbox 3445 2225 3782 2291; x_wconf 86' lang='lat' dir='ltr'>videbaris,</span> 
     </span>
    </p>
   </div>
   <div class='ocr_carea' id='block_1_88' title="bbox 2105 2315 3785 2392">
    <p class='ocr_par' dir='ltr' id='par_1_88' title="bbox 2105 2315 3785 2392">
     <span class='ocr_line' id='line_1_88' title="bbox 2105 2315 3785 2392; baseline -0.004 -16"><span class='ocrx_word' id='word_1_562' title='bbox 2105 2317 2703 2392; x_wconf 88' lang='lat' dir='ltr'>comprovincialium</span> <span class='ocrx_word' id='word_1_563' title='bbox 2734 2318 3179 2390; x_wconf 88' lang='lat' dir='ltr'>episcoporum,</span> <span class='ocrx_word' id='word_1_564' title='bbox 3206 2316 3310 2388; x_wconf 90' lang='lat' dir='ltr'>qui</span> <span class='ocrx_word' id='word_1_565' title='bbox 3340 2315 3612 2382; x_wconf 86' lang='lat' dir='ltr'>aberant,</span> <span class='ocrx_word' id='word_1_566' title='bbox 3666 2330 3785 2371; x_wconf 85' lang='lat' dir='ltr'>nec</span> 
     </span>
    </p>
   </div>
   <div class='ocr_carea' id='block_1_89' title="bbox 2103 2404 3788 2477">
    <p class='ocr_par' dir='ltr' id='par_1_89' title="bbox 2103 2404 3788 2477">
     <span class='ocr_line' id='line_1_89' title="bbox 2103 2404 3788 2477; baseline -0.002 -12"><span class='ocrx_word' id='word_1_567' title='bbox 2103 2410 2325 2466; x_wconf 87' lang='lat' dir='ltr'>litteras</span> <span class='ocrx_word' id='word_1_568' title='bbox 2356 2424 2466 2465; x_wconf 89' lang='lat' dir='ltr'>nec</span> <span class='ocrx_word' id='word_1_569' title='bbox 2495 2408 2725 2477; x_wconf 87' lang='lat' dir='ltr'>legatos</span> <span class='ocrx_word' id='word_1_570' title='bbox 2772 2406 3121 2462; x_wconf 87' lang='lat' dir='ltr'>habuimus.</span> <span class='ocrx_word' id='word_1_571' title='bbox 3175 2405 3345 2472; x_wconf 88' lang='lat' dir='ltr'>Quod</span> <span class='ocrx_word' id='word_1_572' title='bbox 3396 2404 3597 2460; x_wconf 88' lang='lat' dir='ltr'>solum</span> <span class='ocrx_word' id='word_1_573' title='bbox 3648 2409 3788 2461; x_wconf 84' lang='lat' dir='ltr'>tan-</span> 
     </span>
    </p>
   </div>
   <div class='ocr_carea' id='block_1_90' title="bbox 2105 2492 3786 2568">
    <p class='ocr_par' dir='ltr' id='par_1_90' title="bbox 2105 2492 3786 2568">
     <span class='ocr_line' id='line_1_90' title="bbox 2105 2492 3786 2568; baseline -0.004 -14"><span class='ocrx_word' id='word_1_574' title='bbox 2105 2504 2232 2554; x_wconf 90' lang='lat' dir='ltr'>tum</span> <span class='ocrx_word' id='word_1_575' title='bbox 2256 2497 2431 2563; x_wconf 90' lang='lat' dir='ltr'>valet,</span> <span class='ocrx_word' id='word_1_576' title='bbox 2460 2500 2545 2563; x_wconf 90' lang='lat' dir='ltr'>ut,</span> <span class='ocrx_word' id='word_1_577' title='bbox 2571 2496 2620 2551; x_wconf 93' lang='lat' dir='ltr'>si</span> <span class='ocrx_word' id='word_1_578' title='bbox 2647 2495 2813 2551; x_wconf 89' lang='lat' dir='ltr'>nullo</span> <span class='ocrx_word' id='word_1_579' title='bbox 2852 2495 3114 2568; x_wconf 88' lang='lat' dir='ltr'>amplius</span> <span class='ocrx_word' id='word_1_580' title='bbox 3145 2493 3514 2550; x_wconf 89' lang='lat' dir='ltr'>adminiculo</span> <span class='ocrx_word' id='word_1_581' title='bbox 3542 2492 3786 2563; x_wconf 86' lang='lat' dir='ltr'>indige-</span> 
     </span>
    </p>
   </div>
   <div class='ocr_carea' id='block_1_91' title="bbox 2107 2581 3785 2657">
    <p class='ocr_par' dir='ltr' id='par_1_91' title="bbox 2107 2581 3785 2657">
     <span class='ocr_line' id='line_1_91' title="bbox 2107 2581 3785 2657; baseline -0.003 -15"><span class='ocrx_word' id='word_1_582' title='bbox 2107 2603 2221 2657; x_wconf 90' lang='lat' dir='ltr'>res,</span> <span class='ocrx_word' id='word_1_583' title='bbox 2246 2590 2445 2642; x_wconf 89' lang='lat' dir='ltr'>tamen</span> <span class='ocrx_word' id='word_1_584' title='bbox 2477 2585 2604 2640; x_wconf 89' lang='lat' dir='ltr'>sine</span> <span class='ocrx_word' id='word_1_585' title='bbox 2631 2584 2747 2641; x_wconf 89' lang='lat' dir='ltr'>isto</span> <span class='ocrx_word' id='word_1_586' title='bbox 2776 2584 3125 2652; x_wconf 85' lang='lat' dir='ltr'>regulariter</span> <span class='ocrx_word' id='word_1_587' title='bbox 3154 2581 3420 2638; x_wconf 86' lang='lat' dir='ltr'>ordinari</span> <span class='ocrx_word' id='word_1_588' title='bbox 3459 2598 3583 2637; x_wconf 90' lang='lat' dir='ltr'>non</span> <span class='ocrx_word' id='word_1_589' title='bbox 3630 2599 3785 2655; x_wconf 87' lang='lat' dir='ltr'>pos-</span> 
     </span>
    </p>
   </div>
   <div class='ocr_carea' id='block_1_92' title="bbox 2109 2672 3793 2732">
    <p class='ocr_par' dir='ltr' id='par_1_92' title="bbox 2109 2672 3793 2732">
     <span class='ocr_line' id='line_1_92' title="bbox 2109 2672 3793 2732; baseline -0.002 -1"><span class='ocrx_word' id='word_1_590' title='bbox 2109 2693 2225 2732; x_wconf 88' lang='lat' dir='ltr'>ses.</span> <span class='ocrx_word' id='word_1_591' title='bbox 2258 2675 2457 2731; x_wconf 88' lang='lat' dir='ltr'>Talem</span> <span class='ocrx_word' id='word_1_592' title='bbox 2484 2674 2644 2729; x_wconf 89' lang='lat' dir='ltr'>cnim</span> <span class='ocrx_word' id='word_1_593' title='bbox 2674 2673 3120 2729; x_wconf 87' lang='lat' dir='ltr'>ordinationem</span> <span class='ocrx_word' id='word_1_594' title='bbox 3145 2672 3373 2728; x_wconf 89' lang='lat' dir='ltr'>irritam</span> <span class='ocrx_word' id='word_1_595' title='bbox 3401 2687 3532 2728; x_wconf 89' lang='lat' dir='ltr'>esse</span> <span class='ocrx_word' id='word_1_596' title='bbox 3561 2676 3793 2728; x_wconf 82' lang='lat' dir='ltr'>testan-</span> 
     </span>
    </p>
   </div>
   <div class='ocr_carea' id='block_1_93' title="bbox 2110 2762 3790 2835">
    <p class='ocr_par' dir='ltr' id='par_1_93' title="bbox 2110 2762 3790 2835">
     <span class='ocr_line' id='line_1_93' title="bbox 2110 2762 3790 2835; baseline -0.002 -14"><span class='ocrx_word' id='word_1_597' title='bbox 2110 2771 2204 2821; x_wconf 90' lang='lat' dir='ltr'>tur</span> <span class='ocrx_word' id='word_1_598' title='bbox 2231 2765 2429 2821; x_wconf 80' lang='lat' dir='ltr'>Niceni</span> <span class='ocrx_word' id='word_1_599' title='bbox 2481 2762 2715 2819; x_wconf 90' lang='lat' dir='ltr'>concilii</span> <span class='ocrx_word' id='word_1_600' title='bbox 2757 2762 3090 2835; x_wconf 89' lang='lat' dir='ltr'>capitulum</span> <span class='ocrx_word' id='word_1_601' title='bbox 3138 2766 3442 2834; x_wconf 88' lang='lat' dir='ltr'>quartum,</span> <span class='ocrx_word' id='word_1_602' title='bbox 3494 2766 3550 2818; x_wconf 90' lang='lat' dir='ltr'>et</span> <span class='ocrx_word' id='word_1_603' title='bbox 3578 2762 3790 2818; x_wconf 83' lang='lat' dir='ltr'>Antio-</span> 
     </span>
    </p>
   </div>
   <div class='ocr_carea' id='block_1_94' title="bbox 2111 2849 3790 2909">
    <p class='ocr_par' dir='ltr' id='par_1_94' title="bbox 2111 2849 3790 2909">
     <span class='ocr_line' id='line_1_94' title="bbox 2111 2849 3790 2909; baseline -0.002 0"><span class='ocrx_word' id='word_1_604' title='bbox 2111 2853 2285 2909; x_wconf 88' lang='lat' dir='ltr'>cheni</span> <span class='ocrx_word' id='word_1_605' title='bbox 2313 2868 2544 2909; x_wconf 89' lang='lat' dir='ltr'>nonum</span> <span class='ocrx_word' id='word_1_606' title='bbox 2572 2851 2897 2907; x_wconf 91' lang='lat' dir='ltr'>decimum.</span> <span class='ocrx_word' id='word_1_607' title='bbox 2952 2854 3084 2906; x_wconf 82' lang='lat' dir='ltr'>Haec</span> <span class='ocrx_word' id='word_1_608' title='bbox 3130 2856 3332 2906; x_wconf 86' lang='lat' dir='ltr'>tamen</span> <span class='ocrx_word' id='word_1_609' title='bbox 3382 2865 3569 2906; x_wconf 88' lang='lat' dir='ltr'>causa</span> <span class='ocrx_word' id='word_1_610' title='bbox 3617 2849 3790 2906; x_wconf 90' lang='lat' dir='ltr'>datis</span> 
     </span>
    </p>
   </div>
   <div class='ocr_carea' id='block_1_95' title="bbox 2110 2939 3788 3014">
    <p class='ocr_par' dir='ltr' id='par_1_95' title="bbox 2110 2939 3788 3014">
     <span class='ocr_line' id='line_1_95' title="bbox 2110 2939 3788 3014; baseline -0.002 -16"><span class='ocrx_word' id='word_1_611' title='bbox 2110 2942 2365 2998; x_wconf 89' lang='lat' dir='ltr'>induciis</span> <span class='ocrx_word' id='word_1_612' title='bbox 2393 2941 2607 3012; x_wconf 87' lang='lat' dir='ltr'>corrigi</span> <span class='ocrx_word' id='word_1_613' title='bbox 2645 2940 2952 3014; x_wconf 89' lang='lat' dir='ltr'>potuisset.</span> <span class='ocrx_word' id='word_1_614' title='bbox 3004 2940 3200 2995; x_wconf 79' lang='lat' dir='ltr'>Altera</span> <span class='ocrx_word' id='word_1_615' title='bbox 3247 2939 3378 3011; x_wconf 84' lang='lat' dir='ltr'>fuit,</span> <span class='ocrx_word' id='word_1_616' title='bbox 3435 2939 3595 3012; x_wconf 90' lang='lat' dir='ltr'>quod</span> <span class='ocrx_word' id='word_1_617' title='bbox 3658 2940 3788 2995; x_wconf 88' lang='lat' dir='ltr'>sub</span> 
     </span>
    </p>
   </div>
   <div class='ocr_carea' id='block_1_96' title="bbox 2110 3027 3789 3104">
    <p class='ocr_par' dir='ltr' id='par_1_96' title="bbox 2110 3027 3789 3104">
     <span class='ocr_line' id='line_1_96' title="bbox 2110 3027 3789 3104; baseline -0.002 -17"><span class='ocrx_word' id='word_1_618' title='bbox 2110 3031 2244 3104; x_wconf 90' lang='lat' dir='ltr'>ipso</span> <span class='ocrx_word' id='word_1_619' title='bbox 2273 3028 2614 3085; x_wconf 84' lang='lat' dir='ltr'>deliberata</span> <span class='ocrx_word' id='word_1_620' title='bbox 2644 3028 3038 3085; x_wconf 89' lang='lat' dir='ltr'>ordinationis</span> <span class='ocrx_word' id='word_1_621' title='bbox 3068 3028 3336 3097; x_wconf 88' lang='lat' dir='ltr'>articulo,</span> <span class='ocrx_word' id='word_1_622' title='bbox 3378 3033 3618 3101; x_wconf 89' lang='lat' dir='ltr'>propter</span> <span class='ocrx_word' id='word_1_623' title='bbox 3667 3027 3789 3084; x_wconf 81' lang='lat' dir='ltr'>cri-</span> 
     </span>
    </p>
   </div>
   <div class='ocr_carea' id='block_1_97' title="bbox 2114 3116 3787 3190">
    <p class='ocr_par' dir='ltr' id='par_1_97' title="bbox 2114 3116 3787 3190">
     <span class='ocr_line' id='line_1_97' title="bbox 2114 3116 3787 3190; baseline -0.002 -15"><span class='ocrx_word' id='word_1_624' title='bbox 2114 3134 2253 3175; x_wconf 88' lang='lat' dir='ltr'>men</span> <span class='ocrx_word' id='word_1_625' title='bbox 2274 3117 2600 3187; x_wconf 87' lang='lat' dir='ltr'>homicidii,</span> <span class='ocrx_word' id='word_1_626' title='bbox 2627 3117 2792 3190; x_wconf 89' lang='lat' dir='ltr'>quod</span> <span class='ocrx_word' id='word_1_627' title='bbox 2820 3116 3110 3184; x_wconf 89' lang='lat' dir='ltr'>audierat,</span> <span class='ocrx_word' id='word_1_628' title='bbox 3143 3116 3403 3172; x_wconf 88' lang='lat' dir='ltr'>missum</span> <span class='ocrx_word' id='word_1_629' title='bbox 3450 3133 3486 3173; x_wconf 90' lang='lat' dir='ltr'>a</span> <span class='ocrx_word' id='word_1_630' title='bbox 3529 3116 3787 3172; x_wconf 87' lang='lat' dir='ltr'>domino</span> 
     </span>
    </p>
   </div>
   <div class='ocr_carea' id='block_1_98' title="bbox 2115 3205 3795 3282">
    <p class='ocr_par' dir='ltr' id='par_1_98' title="bbox 2115 3205 3795 3282">
     <span class='ocr_line' id='line_1_98' title="bbox 2115 3205 3795 3282; baseline -0.001 -18"><span class='ocrx_word' id='word_1_631' title='bbox 2115 3224 2277 3282; x_wconf 90' lang='lat' dir='ltr'>papa</span> <span class='ocrx_word' id='word_1_632' title='bbox 2304 3206 2567 3263; x_wconf 89' lang='lat' dir='ltr'>vidimus</span> <span class='ocrx_word' id='word_1_633' title='bbox 2596 3206 2999 3262; x_wconf 88' lang='lat' dir='ltr'>interdictum.</span> <span class='ocrx_word' id='word_1_634' title='bbox 3029 3206 3199 3271; x_wconf 87' lang='lat' dir='ltr'>Quod</span> <span class='ocrx_word' id='word_1_635' title='bbox 3230 3205 3280 3260; x_wconf 90' lang='lat' dir='ltr'>si</span> <span class='ocrx_word' id='word_1_636' title='bbox 3308 3205 3407 3261; x_wconf 87' lang='lat' dir='ltr'>ille</span> <span class='ocrx_word' id='word_1_637' title='bbox 3435 3222 3556 3263; x_wconf 88' lang='lat' dir='ltr'>non</span> <span class='ocrx_word' id='word_1_638' title='bbox 3586 3206 3795 3263; x_wconf 83' lang='lat' dir='ltr'>mitte-</span> 
     </span>
    </p>
   </div>
   <div class='ocr_carea' id='block_1_99' title="bbox 2115 3294 3796 3367">
    <p class='ocr_par' dir='ltr' id='par_1_99' title="bbox 2115 3294 3796 3367">
     <span class='ocr_line' id='line_1_99' title="bbox 2115 3294 3796 3367; baseline -0.001 -14"><span class='ocrx_word' id='word_1_639' title='bbox 2115 3303 2223 3365; x_wconf 88' lang='lat' dir='ltr'>ret,</span> <span class='ocrx_word' id='word_1_640' title='bbox 2247 3301 2405 3353; x_wconf 90' lang='lat' dir='ltr'>esset</span> <span class='ocrx_word' id='word_1_641' title='bbox 2430 3301 2631 3352; x_wconf 90' lang='lat' dir='ltr'>tamen</span> <span class='ocrx_word' id='word_1_642' title='bbox 2660 3294 3046 3352; x_wconf 87' lang='lat' dir='ltr'>observanda</span> <span class='ocrx_word' id='word_1_643' title='bbox 3071 3296 3361 3351; x_wconf 82' lang='lat' dir='ltr'>sententia</span> <span class='ocrx_word' id='word_1_644' title='bbox 3390 3294 3659 3367; x_wconf 70' lang='lat' dir='ltr'>Apostoli</span> <span class='ocrx_word' id='word_1_645' title='bbox 3699 3295 3796 3351; x_wconf 85' lang='lat' dir='ltr'>di-</span> 
     </span>
    </p>
   </div>
   <div class='ocr_carea' id='block_1_100' title="bbox 2118 3383 3797 3459">
    <p class='ocr_par' dir='ltr' id='par_1_100' title="bbox 2118 3383 3797 3459">
     <span class='ocr_line' id='line_1_100' title="bbox 2118 3383 3797 3459; baseline -0.002 -16"><span class='ocrx_word' id='word_1_646' title='bbox 2118 3387 2325 3457; x_wconf 88' lang='lat' dir='ltr'>centis,</span> <span class='ocrx_word' id='word_1_647' title='bbox 2357 3389 2627 3459; x_wconf 88' lang='lat' dir='ltr'>oportere</span> <span class='ocrx_word' id='word_1_648' title='bbox 2659 3401 2781 3441; x_wconf 90' lang='lat' dir='ltr'>non</span> <span class='ocrx_word' id='word_1_649' title='bbox 2811 3383 3008 3440; x_wconf 91' lang='lat' dir='ltr'>solum</span> <span class='ocrx_word' id='word_1_650' title='bbox 3039 3383 3417 3457; x_wconf 89' lang='lat' dir='ltr'>episcopum,</span> <span class='ocrx_word' id='word_1_651' title='bbox 3471 3384 3574 3439; x_wconf 89' lang='lat' dir='ltr'>sed</span> <span class='ocrx_word' id='word_1_652' title='bbox 3624 3401 3797 3458; x_wconf 88' lang='lat' dir='ltr'>pres-</span> 
     </span>
    </p>
   </div>
   <div class='ocr_carea' id='block_1_101' title="bbox 2117 3471 3793 3548">
    <p class='ocr_par' dir='ltr' id='par_1_101' title="bbox 2117 3471 3793 3548">
     <span class='ocr_line' id='line_1_101' title="bbox 2117 3471 3793 3548; baseline -0.001 -17"><span class='ocrx_word' id='word_1_653' title='bbox 2117 3475 2396 3548; x_wconf 87' lang='lat' dir='ltr'>byterum</span> <span class='ocrx_word' id='word_1_654' title='bbox 2426 3489 2669 3546; x_wconf 90' lang='lat' dir='ltr'>quoque</span> <span class='ocrx_word' id='word_1_655' title='bbox 2716 3477 2774 3529; x_wconf 86' lang='lat' dir='ltr'>et</span> <span class='ocrx_word' id='word_1_656' title='bbox 2799 3473 3127 3528; x_wconf 89' lang='lat' dir='ltr'>diaconum</span> <span class='ocrx_word' id='word_1_657' title='bbox 3172 3471 3299 3527; x_wconf 85' lang='lat' dir='ltr'>sine</span> <span class='ocrx_word' id='word_1_658' title='bbox 3344 3471 3589 3528; x_wconf 90' lang='lat' dir='ltr'>crimine</span> <span class='ocrx_word' id='word_1_659' title='bbox 3634 3489 3793 3530; x_wconf 89' lang='lat' dir='ltr'>esse.</span> 
     </span>
    </p>
   </div>
   <div class='ocr_carea' id='block_1_102' title="bbox 2122 3560 3799 3636">
    <p class='ocr_par' dir='ltr' id='par_1_102' title="bbox 2122 3560 3799 3636">
     <span class='ocr_line' id='line_1_102' title="bbox 2122 3560 3799 3636; baseline -0.001 -16"><span class='ocrx_word' id='word_1_660' title='bbox 2122 3568 2237 3620; x_wconf 85' lang='lat' dir='ltr'>Nec</span> <span class='ocrx_word' id='word_1_661' title='bbox 2268 3562 2679 3636; x_wconf 88' lang='lat' dir='ltr'>spernendum</span> <span class='ocrx_word' id='word_1_662' title='bbox 2708 3561 2856 3619; x_wconf 90' lang='lat' dir='ltr'>illud</span> <span class='ocrx_word' id='word_1_663' title='bbox 2894 3561 3058 3633; x_wconf 90' lang='lat' dir='ltr'>quod</span> <span class='ocrx_word' id='word_1_664' title='bbox 3084 3560 3457 3634; x_wconf 87' lang='lat' dir='ltr'>apertissime</span> <span class='ocrx_word' id='word_1_665' title='bbox 3499 3561 3799 3634; x_wconf 87' lang='lat' dir='ltr'>scriptum</span> 
     </span>
    </p>
   </div>
   <div class='ocr_carea' id='block_1_103' title="bbox 2123 3650 3795 3722">
    <p class='ocr_par' dir='ltr' id='par_1_103' title="bbox 2123 3650 3795 3722">
     <span class='ocr_line' id='line_1_103' title="bbox 2123 3650 3795 3722; baseline 0 -14"><span class='ocrx_word' id='word_1_666' title='bbox 2123 3656 2220 3708; x_wconf 72' lang='lat' dir='ltr'>est|</span> <span class='ocrx_word' id='word_1_667' title='bbox 2238 3652 2299 3707; x_wconf 90' lang='lat' dir='ltr'>in</span> <span class='ocrx_word' id='word_1_668' title='bbox 2323 3652 2633 3721; x_wconf 82' lang='lat' dir='ltr'>Rbegiensi</span> <span class='ocrx_word' id='word_1_669' title='bbox 2662 3650 2933 3717; x_wconf 90' lang='lat' dir='ltr'>concilio,</span> <span class='ocrx_word' id='word_1_670' title='bbox 2964 3650 3059 3706; x_wconf 87' lang='lat' dir='ltr'>his</span> <span class='ocrx_word' id='word_1_671' title='bbox 3088 3650 3285 3707; x_wconf 87' lang='lat' dir='ltr'>verbis</span> <span class='ocrx_word' id='word_1_672' title='bbox 3319 3668 3331 3706; x_wconf 89' lang='lat'><strong>:</strong></span> <span class='ocrx_word' id='word_1_673' title='bbox 3367 3650 3480 3719; x_wconf 82' lang='lat' dir='ltr'>Qui</span> <span class='ocrx_word' id='word_1_674' title='bbox 3507 3651 3795 3722; x_wconf 82' lang='lat' dir='ltr'>deinceps</span> 
     </span>
    </p>
   </div>
   <div class='ocr_carea' id='block_1_104' title="bbox 2119 3741 3799 3811">
    <p class='ocr_par' dir='ltr' id='par_1_104' title="bbox 2119 3741 3799 3811">
     <span class='ocr_line' id='line_1_104' title="bbox 2119 3741 3799 3811; baseline 0 -14"><span class='ocrx_word' id='word_1_675' title='bbox 2119 3757 2239 3797; x_wconf 84' lang='lat' dir='ltr'>non</span> <span class='ocrx_word' id='word_1_676' title='bbox 2260 3741 2677 3811; x_wconf 81' lang='lat' dir='ltr'>provehantur</span> <span class='ocrx_word' id='word_1_677' title='bbox 2704 3742 2786 3797; x_wconf 89' lang='lat' dir='ltr'>ad</span> <span class='ocrx_word' id='word_1_678' title='bbox 2803 3741 3199 3797; x_wconf 81' lang='lat' dir='ltr'>sacerdotium</span> <span class='ocrx_word' id='word_1_679' title='bbox 3229 3756 3303 3796; x_wconf 70' lang='lat' dir='ltr'>ex</span> <span class='ocrx_word' id='word_1_680' title='bbox 3346 3741 3570 3809; x_wconf 83' lang='lat' dir='ltr'>regulis</span> <span class='ocrx_word' id='word_1_681' title='bbox 3613 3755 3799 3797; x_wconf 85' lang='lat' dir='ltr'>cano-</span> 
     </span>
    </p>
   </div>
   <div class='ocr_carea' id='block_1_105' title="bbox 2119 3830 3803 3902">
    <p class='ocr_par' dir='ltr' id='par_1_105' title="bbox 2119 3830 3803 3902">
     <span class='ocr_line' id='line_1_105' title="bbox 2119 3830 3803 3902; baseline -0.001 -15"><span class='ocrx_word' id='word_1_682' title='bbox 2119 3848 2285 3901; x_wconf 85' lang='lat' dir='ltr'>num,</span> <span class='ocrx_word' id='word_1_683' title='bbox 2316 3831 2646 3888; x_wconf 79' lang='lat' dir='ltr'>necessario</span> <span class='ocrx_word' id='word_1_684' title='bbox 2674 3831 2967 3887; x_wconf 82' lang='lat' dir='ltr'>credimus</span> <span class='ocrx_word' id='word_1_685' title='bbox 2994 3831 3396 3898; x_wconf 74' lang='lat' dir='ltr'>inserendum,</span> <span class='ocrx_word' id='word_1_686' title='bbox 3452 3830 3517 3885; x_wconf 88' lang='lat' dir='ltr'>id</span> <span class='ocrx_word' id='word_1_687' title='bbox 3561 3837 3649 3886; x_wconf 87' lang='lat' dir='ltr'>est</span> <span class='ocrx_word' id='word_1_688' title='bbox 3688 3832 3803 3902; x_wconf 80' lang='lat' dir='ltr'>qui</span> 
     </span>
    </p>
   </div>
   <div class='ocr_carea' id='block_1_106' title="bbox 2120 3921 3795 3993">
    <p class='ocr_par' dir='ltr' id='par_1_106' title="bbox 2120 3921 3795 3993">
     <span class='ocr_line' id='line_1_106' title="bbox 2120 3921 3795 3993; baseline -0.001 -17"><span class='ocrx_word' id='word_1_689' title='bbox 2120 3923 2183 3976; x_wconf 88' lang='lat' dir='ltr'>in</span> <span class='ocrx_word' id='word_1_690' title='bbox 2213 3922 2417 3992; x_wconf 82' lang='lat' dir='ltr'>aliqua</span> <span class='ocrx_word' id='word_1_691' title='bbox 2445 3922 2694 3977; x_wconf 86' lang='lat' dir='ltr'>crimine</span> <span class='ocrx_word' id='word_1_692' title='bbox 2731 3921 2948 3976; x_wconf 86' lang='lat' dir='ltr'>detecti</span> <span class='ocrx_word' id='word_1_693' title='bbox 2990 3924 3153 3985; x_wconf 82' lang='lat' dir='ltr'>sunt,</span> <span class='ocrx_word' id='word_1_694' title='bbox 3204 3924 3261 3976; x_wconf 91' lang='lat' dir='ltr'>et</span> <span class='ocrx_word' id='word_1_695' title='bbox 3307 3924 3541 3987; x_wconf 86' lang='lat' dir='ltr'>catera,</span> <span class='ocrx_word' id='word_1_696' title='bbox 3592 3936 3795 3993; x_wconf 86' lang='lat' dir='ltr'>usque</span> 
     </span>
    </p>
   </div>
   <div class='ocr_carea' id='block_1_107' title="bbox 2118 4007 3794 4082">
    <p class='ocr_par' dir='ltr' id='par_1_107' title="bbox 2118 4007 3794 4082">
     <span class='ocr_line' id='line_1_107' title="bbox 2118 4007 3794 4082; baseline 0.001 -18"><span class='ocrx_word' id='word_1_697' title='bbox 2118 4009 2468 4079; x_wconf 80' lang='lat' dir='ltr'>subiacebit.</span> <span class='ocrx_word' id='word_1_698' title='bbox 2493 4011 2563 4064; x_wconf 85' lang='lat' dir='ltr'>At</span> <span class='ocrx_word' id='word_1_699' title='bbox 2591 4008 2639 4065; x_wconf 87' lang='lat' dir='ltr'>si</span> <span class='ocrx_word' id='word_1_700' title='bbox 2662 4009 2797 4082; x_wconf 88' lang='lat' dir='ltr'>quis</span> <span class='ocrx_word' id='word_1_701' title='bbox 2822 4007 3067 4080; x_wconf 77' lang='lat' dir='ltr'>objiciet</span> <span class='ocrx_word' id='word_1_702' title='bbox 3096 4009 3359 4081; x_wconf 86' lang='lat' dir='ltr'>aliquem</span> <span class='ocrx_word' id='word_1_703' title='bbox 3401 4025 3473 4064; x_wconf 78' lang='lat' dir='ltr'>ex</span> <span class='ocrx_word' id='word_1_704' title='bbox 3511 4009 3794 4065; x_wconf 88' lang='lat' dir='ltr'>Patribus</span> 
     </span>
    </p>
   </div>
   <div class='ocr_carea' id='block_1_108' title="bbox 2120 4096 3798 4171">
    <p class='ocr_par' dir='ltr' id='par_1_108' title="bbox 2120 4096 3798 4171">
     <span class='ocr_line' id='line_1_108' title="bbox 2120 4096 3798 4171; baseline 0.001 -18"><span class='ocrx_word' id='word_1_705' title='bbox 2120 4101 2257 4171; x_wconf 89' lang='lat' dir='ltr'>post</span> <span class='ocrx_word' id='word_1_706' title='bbox 2279 4101 2586 4170; x_wconf 89' lang='lat' dir='ltr'>peractam</span> <span class='ocrx_word' id='word_1_707' title='bbox 2615 4097 3026 4171; x_wconf 73' lang='lat' dir='ltr'>panitentiam</span> <span class='ocrx_word' id='word_1_708' title='bbox 3066 4102 3124 4153; x_wconf 89' lang='lat' dir='ltr'>et</span> <span class='ocrx_word' id='word_1_709' title='bbox 3168 4096 3414 4167; x_wconf 87' lang='lat' dir='ltr'>longam</span> <span class='ocrx_word' id='word_1_710' title='bbox 3458 4098 3798 4154; x_wconf 86' lang='lat' dir='ltr'>anachore-</span> 
     </span>
    </p>
   </div>
   <div class='ocr_carea' id='block_1_109' title="bbox 2122 4186 3797 4261">
    <p class='ocr_par' dir='ltr' id='par_1_109' title="bbox 2122 4186 3797 4261">
     <span class='ocr_line' id='line_1_109' title="bbox 2122 4186 3797 4261; baseline 0.001 -19"><span class='ocrx_word' id='word_1_711' title='bbox 2122 4187 2235 4242; x_wconf 88' lang='lat' dir='ltr'>sim</span> <span class='ocrx_word' id='word_1_712' title='bbox 2265 4192 2509 4261; x_wconf 88' lang='lat' dir='ltr'>propter</span> <span class='ocrx_word' id='word_1_713' title='bbox 2563 4187 2913 4257; x_wconf 86' lang='lat' dir='ltr'>religionem</span> <span class='ocrx_word' id='word_1_714' title='bbox 2969 4203 3144 4243; x_wconf 88' lang='lat' dir='ltr'>suam</span> <span class='ocrx_word' id='word_1_715' title='bbox 3187 4191 3430 4261; x_wconf 88' lang='lat' dir='ltr'>raptum</span> <span class='ocrx_word' id='word_1_716' title='bbox 3484 4186 3673 4243; x_wconf 84' lang='lat' dir='ltr'>fuisse</span> <span class='ocrx_word' id='word_1_717' title='bbox 3713 4189 3797 4244; x_wconf 85' lang='lat' dir='ltr'>ad</span> 
     </span>
    </p>
   </div>
   <div class='ocr_carea' id='block_1_110' title="bbox 2121 4276 3802 4351">
    <p class='ocr_par' dir='ltr' id='par_1_110' title="bbox 2121 4276 3802 4351">
     <span class='ocr_line' id='line_1_110' title="bbox 2121 4276 3802 4351; baseline 0.001 -19"><span class='ocrx_word' id='word_1_718' title='bbox 2121 4277 2554 4351; x_wconf 89' lang='lat' dir='ltr'>episcopatum,</span> <span class='ocrx_word' id='word_1_719' title='bbox 2587 4276 2985 4350; x_wconf 89' lang='lat' dir='ltr'>respondetur</span> <span class='ocrx_word' id='word_1_720' title='bbox 3011 4278 3177 4350; x_wconf 90' lang='lat' dir='ltr'>quod</span> <span class='ocrx_word' id='word_1_721' title='bbox 3213 4277 3328 4348; x_wconf 89' lang='lat' dir='ltr'>legi</span> <span class='ocrx_word' id='word_1_722' title='bbox 3377 4278 3694 4333; x_wconf 88' lang='lat' dir='ltr'>communi</span> <span class='ocrx_word' id='word_1_723' title='bbox 3741 4283 3802 4335; x_wconf 81' lang='lat' dir='ltr'>et</span> 
     </span>
    </p>
   </div>
   <div class='ocr_carea' id='block_1_111' title="bbox 2123 4365 3803 4439">
    <p class='ocr_par' dir='ltr' id='par_1_111' title="bbox 2123 4365 3803 4439">
     <span class='ocr_line' id='line_1_111' title="bbox 2123 4365 3803 4439; baseline 0.001 -18"><span class='ocrx_word' id='word_1_724' title='bbox 2123 4365 2444 4421; x_wconf 85' lang='lat' dir='ltr'>universali</span> <span class='ocrx_word' id='word_1_725' title='bbox 2476 4366 2806 4435; x_wconf 80' lang='lat' dir='ltr'>singulares</span> <span class='ocrx_word' id='word_1_726' title='bbox 2836 4381 3109 4438; x_wconf 88' lang='lat' dir='ltr'>persona</span> <span class='ocrx_word' id='word_1_727' title='bbox 3140 4365 3233 4421; x_wconf 90' lang='lat' dir='ltr'>vel</span> <span class='ocrx_word' id='word_1_728' title='bbox 3262 4382 3461 4422; x_wconf 84' lang='lat' dir='ltr'>causa</span> <span class='ocrx_word' id='word_1_729' title='bbox 3486 4380 3615 4421; x_wconf 90' lang='lat' dir='ltr'>non</span> <span class='ocrx_word' id='word_1_730' title='bbox 3646 4381 3803 4439; x_wconf 80' lang='lat' dir='ltr'>pra-</span> 
     </span>
    </p>
   </div>
   <div class='ocr_carea' id='block_1_112' title="bbox 2115 4454 3800 4528">
    <p class='ocr_par' dir='ltr' id='par_1_112' title="bbox 2115 4454 3800 4528">
     <span class='ocr_line' id='line_1_112' title="bbox 2115 4454 3800 4528; baseline 0.001 -18"><span class='ocrx_word' id='word_1_731' title='bbox 2115 4455 2407 4527; x_wconf 89' lang='lat' dir='ltr'>judicant.</span> <span class='ocrx_word' id='word_1_732' title='bbox 2456 4454 2680 4510; x_wconf 89' lang='lat' dir='ltr'>Deinde</span> <span class='ocrx_word' id='word_1_733' title='bbox 2719 4460 2872 4510; x_wconf 88' lang='lat' dir='ltr'>certe</span> <span class='ocrx_word' id='word_1_734' title='bbox 2899 4454 3083 4527; x_wconf 66' lang='lat' dir='ltr'>quod</span> <span class='ocrx_word' id='word_1_735' title='bbox 3113 4454 3259 4510; x_wconf 88' lang='lat' dir='ltr'>nihil</span> <span class='ocrx_word' id='word_1_736' title='bbox 3289 4458 3443 4510; x_wconf 87' lang='lat' dir='ltr'>esset</span> <span class='ocrx_word' id='word_1_737' title='bbox 3486 4455 3800 4528; x_wconf 84' lang='lat' dir='ltr'>exemplo-</span> 
     </span>
    </p>
   </div>
   <div class='ocr_carea' id='block_1_113' title="bbox 2120 4542 3802 4617">
    <p class='ocr_par' dir='ltr' id='par_1_113' title="bbox 2120 4542 3802 4617">
     <span class='ocr_line' id='line_1_113' title="bbox 2120 4542 3802 4617; baseline -0.001 -16"><span class='ocrx_word' id='word_1_738' title='bbox 2120 4560 2257 4601; x_wconf 89' lang='lat' dir='ltr'>rum</span> <span class='ocrx_word' id='word_1_739' title='bbox 2286 4543 2571 4611; x_wconf 81' lang='lat' dir='ltr'>inductio,</span> <span class='ocrx_word' id='word_1_740' title='bbox 2604 4542 2707 4599; x_wconf 89' lang='lat' dir='ltr'>ubi</span> <span class='ocrx_word' id='word_1_741' title='bbox 2733 4559 2930 4616; x_wconf 89' lang='lat' dir='ltr'>neque</span> <span class='ocrx_word' id='word_1_742' title='bbox 2960 4559 3359 4617; x_wconf 87' lang='lat' dir='ltr'>personarum</span> <span class='ocrx_word' id='word_1_743' title='bbox 3389 4560 3587 4616; x_wconf 89' lang='lat' dir='ltr'>neque</span> <span class='ocrx_word' id='word_1_744' title='bbox 3610 4559 3802 4614; x_wconf 79' lang='lat' dir='ltr'>nego-</span> 
     </span>
    </p>
   </div>
   <div class='ocr_carea' id='block_1_114' title="bbox 2123 4632 3804 4707">
    <p class='ocr_par' dir='ltr' id='par_1_114' title="bbox 2123 4632 3804 4707">
     <span class='ocr_line' id='line_1_114' title="bbox 2123 4632 3804 4707; baseline 0 -16"><span class='ocrx_word' id='word_1_745' title='bbox 2123 4635 2340 4691; x_wconf 89' lang='lat' dir='ltr'>tiorum</span> <span class='ocrx_word' id='word_1_746' title='bbox 2377 4632 2707 4690; x_wconf 89' lang='lat' dir='ltr'>similitudo</span> <span class='ocrx_word' id='word_1_747' title='bbox 2729 4633 3134 4707; x_wconf 88' lang='lat' dir='ltr'>consequitur.</span> <span class='ocrx_word' id='word_1_748' title='bbox 3162 4637 3327 4690; x_wconf 85' lang='lat' dir='ltr'>Nunc</span> <span class='ocrx_word' id='word_1_749' title='bbox 3351 4638 3564 4690; x_wconf 83' lang='lat' dir='ltr'>catera</span> <span class='ocrx_word' id='word_1_750' title='bbox 3590 4635 3804 4691; x_wconf 85' lang='lat' dir='ltr'>videa-</span> 
     </span>
    </p>
   </div>
   <div class='ocr_carea' id='block_1_115' title="bbox 2120 4722 3799 4794">
    <p class='ocr_par' dir='ltr' id='par_1_115' title="bbox 2120 4722 3799 4794">
     <span class='ocr_line' id='line_1_115' title="bbox 2120 4722 3799 4794; baseline 0.001 -15"><span class='ocrx_word' id='word_1_751' title='bbox 2120 4740 2275 4780; x_wconf 86' lang='lat' dir='ltr'>mus.</span> <span class='ocrx_word' id='word_1_752' title='bbox 2329 4723 2580 4779; x_wconf 86' lang='lat' dir='ltr'>Tertiam</span> <span class='ocrx_word' id='word_1_753' title='bbox 2633 4722 2809 4779; x_wconf 89' lang='lat' dir='ltr'>nobis</span> <span class='ocrx_word' id='word_1_754' title='bbox 2838 4738 3088 4779; x_wconf 89' lang='lat' dir='ltr'>causam</span> <span class='ocrx_word' id='word_1_755' title='bbox 3139 4726 3241 4779; x_wconf 89' lang='lat' dir='ltr'>tua</span> <span class='ocrx_word' id='word_1_756' title='bbox 3280 4722 3579 4779; x_wconf 83' lang='lat' dir='ltr'>confessio</span> <span class='ocrx_word' id='word_1_757' title='bbox 3605 4723 3799 4794; x_wconf 85' lang='lat' dir='ltr'>dedit,</span> 
     </span>
    </p>
   </div>
   <div class='ocr_carea' id='block_1_116' title="bbox 2120 4811 3798 4886">
    <p class='ocr_par' dir='ltr' id='par_1_116' title="bbox 2120 4811 3798 4886">
     <span class='ocr_line' id='line_1_116' title="bbox 2120 4811 3798 4886; baseline 0 -17"><span class='ocrx_word' id='word_1_758' title='bbox 2120 4826 2257 4886; x_wconf 85' lang='lat' dir='ltr'>qua</span> <span class='ocrx_word' id='word_1_759' title='bbox 2313 4827 2425 4867; x_wconf 88' lang='lat' dir='ltr'>nos</span> <span class='ocrx_word' id='word_1_760' title='bbox 2464 4812 2724 4867; x_wconf 78' lang='lat' dir='ltr'>maxime</span> <span class='ocrx_word' id='word_1_761' title='bbox 2784 4827 2820 4867; x_wconf 90' lang='lat' dir='ltr'>a</span> <span class='ocrx_word' id='word_1_762' title='bbox 2877 4816 2980 4867; x_wconf 88' lang='lat' dir='ltr'>tua</span> <span class='ocrx_word' id='word_1_763' title='bbox 3033 4811 3409 4868; x_wconf 87' lang='lat' dir='ltr'>ordinatione</span> <span class='ocrx_word' id='word_1_764' title='bbox 3456 4811 3798 4879; x_wconf 84' lang='lat' dir='ltr'>deterruit;</span> 
     </span>
    </p>
   </div>
   <div class='ocr_carea' id='block_1_117' title="bbox 2119 4900 3804 4976">
    <p class='ocr_par' dir='ltr' id='par_1_117' title="bbox 2119 4900 3804 4976">
     <span class='ocr_line' id='line_1_117' title="bbox 2119 4900 3804 4976; baseline 0 -17"><span class='ocrx_word' id='word_1_765' title='bbox 2119 4918 2265 4959; x_wconf 90' lang='lat' dir='ltr'>nam</span> <span class='ocrx_word' id='word_1_766' title='bbox 2292 4917 2402 4975; x_wconf 89' lang='lat' dir='ltr'>pro</span> <span class='ocrx_word' id='word_1_767' title='bbox 2427 4905 2605 4975; x_wconf 88' lang='lat' dir='ltr'>captu</span> <span class='ocrx_word' id='word_1_768' title='bbox 2644 4906 2862 4957; x_wconf 84' lang='lat' dir='ltr'>nostra</span> <span class='ocrx_word' id='word_1_769' title='bbox 2915 4900 3311 4975; x_wconf 88' lang='lat' dir='ltr'>simplicitatis</span> <span class='ocrx_word' id='word_1_770' title='bbox 3370 4905 3617 4957; x_wconf 87' lang='lat' dir='ltr'>cateras</span> <span class='ocrx_word' id='word_1_771' title='bbox 3669 4903 3804 4976; x_wconf 81' lang='lat' dir='ltr'>qui—</span> 
     </span>
    </p>
   </div>
   <div class='ocr_carea' id='block_1_118' title="bbox 2121 4990 3801 5063">
    <p class='ocr_par' dir='ltr' id='par_1_118' title="bbox 2121 4990 3801 5063">
     <span class='ocr_line' id='line_1_118' title="bbox 2121 4990 3801 5063; baseline 0 -16"><span class='ocrx_word' id='word_1_772' title='bbox 2121 4990 2261 5047; x_wconf 88' lang='lat' dir='ltr'>dem</span> <span class='ocrx_word' id='word_1_773' title='bbox 2293 5006 2526 5061; x_wconf 87' lang='lat' dir='ltr'>graves,</span> <span class='ocrx_word' id='word_1_774' title='bbox 2559 4990 2665 5046; x_wconf 89' lang='lat' dir='ltr'>sed</span> <span class='ocrx_word' id='word_1_775' title='bbox 2691 4990 2925 5046; x_wconf 88' lang='lat' dir='ltr'>tertiam</span> <span class='ocrx_word' id='word_1_776' title='bbox 2954 4990 3109 5046; x_wconf 88' lang='lat' dir='ltr'>hanc</span> <span class='ocrx_word' id='word_1_777' title='bbox 3141 4990 3336 5060; x_wconf 87' lang='lat' dir='ltr'>magis</span> <span class='ocrx_word' id='word_1_778' title='bbox 3382 4990 3801 5063; x_wconf 85' lang='lat' dir='ltr'>periculosam</span> 
     </span>
    </p>
   </div>
   <div class='ocr_carea' id='block_1_119' title="bbox 2123 5078 3803 5153">
    <p class='ocr_par' dir='ltr' id='par_1_119' title="bbox 2123 5078 3803 5153">
     <span class='ocr_line' id='line_1_119' title="bbox 2123 5078 3803 5153; baseline -0.001 -16"><span class='ocrx_word' id='word_1_779' title='bbox 2123 5096 2252 5137; x_wconf 88' lang='lat' dir='ltr'>esse</span> <span class='ocrx_word' id='word_1_780' title='bbox 2283 5079 2393 5137; x_wconf 91' lang='lat' dir='ltr'>rati</span> <span class='ocrx_word' id='word_1_781' title='bbox 2419 5095 2648 5136; x_wconf 88' lang='lat' dir='ltr'>sumus.</span> <span class='ocrx_word' id='word_1_782' title='bbox 2678 5078 2990 5153; x_wconf 87' lang='lat' dir='ltr'>Proprium</span> <span class='ocrx_word' id='word_1_783' title='bbox 3022 5079 3352 5152; x_wconf 87' lang='lat' dir='ltr'>capitulum</span> <span class='ocrx_word' id='word_1_784' title='bbox 3378 5079 3562 5151; x_wconf 87' lang='lat' dir='ltr'>hujus</span> <span class='ocrx_word' id='word_1_785' title='bbox 3594 5094 3803 5137; x_wconf 79' lang='lat' dir='ltr'>causa</span> 
     </span>
    </p>
   </div>
   <div class='ocr_carea' id='block_1_120' title="bbox 2123 5167 3807 5237">
    <p class='ocr_par' dir='ltr' id='par_1_120' title="bbox 2123 5167 3807 5237">
     <span class='ocr_line' id='line_1_120' title="bbox 2123 5167 3807 5237; baseline -0.001 -11"><span class='ocrx_word' id='word_1_786' title='bbox 2123 5169 2429 5226; x_wconf 89' lang='lat' dir='ltr'>noluimus</span> <span class='ocrx_word' id='word_1_787' title='bbox 2461 5168 2776 5237; x_wconf 88' lang='lat' dir='ltr'>ascribere,</span> <span class='ocrx_word' id='word_1_788' title='bbox 2806 5167 2912 5224; x_wconf 89' lang='lat' dir='ltr'>sed</span> <span class='ocrx_word' id='word_1_789' title='bbox 2959 5184 3284 5225; x_wconf 89' lang='lat' dir='ltr'>commune</span> <span class='ocrx_word' id='word_1_790' title='bbox 3321 5170 3437 5225; x_wconf 86' lang='lat' dir='ltr'>hoc</span> <span class='ocrx_word' id='word_1_791' title='bbox 3467 5173 3557 5225; x_wconf 87' lang='lat' dir='ltr'>est</span> <span class='ocrx_word' id='word_1_792' title='bbox 3601 5169 3807 5226; x_wconf 87' lang='lat' dir='ltr'>conci-</span> 
     </span>
    </p>
   </div>
   <div class='ocr_carea' id='block_1_121' title="bbox 2122 5257 3806 5331">
    <p class='ocr_par' dir='ltr' id='par_1_121' title="bbox 2122 5257 3806 5331">
     <span class='ocr_line' id='line_1_121' title="bbox 2122 5257 3806 5331; baseline -0.001 -16"><span class='ocrx_word' id='word_1_793' title='bbox 2122 5257 2184 5314; x_wconf 91' lang='lat' dir='ltr'>lii</span> <span class='ocrx_word' id='word_1_794' title='bbox 2212 5258 2411 5315; x_wconf 85' lang='lat' dir='ltr'>Niceni</span> <span class='ocrx_word' id='word_1_795' title='bbox 2431 5257 2767 5331; x_wconf 89' lang='lat' dir='ltr'>capitulum</span> <span class='ocrx_word' id='word_1_796' title='bbox 2799 5272 3033 5313; x_wconf 90' lang='lat' dir='ltr'>nonum</span> <span class='ocrx_word' id='word_1_797' title='bbox 3070 5275 3083 5312; x_wconf 89' lang='lat'><strong>:</strong></span> <span class='ocrx_word' id='word_1_798' title='bbox 3112 5259 3182 5314; x_wconf 88' lang='lat' dir='ltr'>Si</span> <span class='ocrx_word' id='word_1_799' title='bbox 3209 5260 3316 5329; x_wconf 87' lang='lat' dir='ltr'>qui</span> <span class='ocrx_word' id='word_1_800' title='bbox 3338 5260 3465 5313; x_wconf 84' lang='lat' dir='ltr'>sine</span> <span class='ocrx_word' id='word_1_801' title='bbox 3489 5260 3806 5314; x_wconf 68' lang='lat' dir='ltr'>examina-</span> 
     </span>
    </p>
   </div>
   <div class='ocr_carea' id='block_1_122' title="bbox 2127 5347 3804 5417">
    <p class='ocr_par' dir='ltr' id='par_1_122' title="bbox 2127 5347 3804 5417">
     <span class='ocr_line' id='line_1_122' title="bbox 2127 5347 3804 5417; baseline 0.001 -15"><span class='ocrx_word' id='word_1_802' title='bbox 2127 5348 2284 5403; x_wconf 85' lang='lat' dir='ltr'>tione</span> <span class='ocrx_word' id='word_1_803' title='bbox 2302 5348 2569 5417; x_wconf 81' lang='lat' dir='ltr'>promoti</span> <span class='ocrx_word' id='word_1_804' title='bbox 2590 5347 2930 5416; x_wconf 80' lang='lat' dir='ltr'>presbyteri</span> <span class='ocrx_word' id='word_1_805' title='bbox 2957 5353 3117 5417; x_wconf 86' lang='lat' dir='ltr'>sunt,</span> <span class='ocrx_word' id='word_1_806' title='bbox 3160 5354 3215 5402; x_wconf 86' lang='lat' dir='ltr'>et</span> <span class='ocrx_word' id='word_1_807' title='bbox 3236 5352 3444 5417; x_wconf 81' lang='lat' dir='ltr'>postea</span> <span class='ocrx_word' id='word_1_808' title='bbox 3483 5348 3804 5403; x_wconf 73' lang='lat' dir='ltr'>examina-</span> 
     </span>
    </p>
   </div>
   <div class='ocr_carea' id='block_1_123' title="bbox 2128 5436 3804 5507">
    <p class='ocr_par' dir='ltr' id='par_1_123' title="bbox 2128 5436 3804 5507">
     <span class='ocr_line' id='line_1_123' title="bbox 2128 5436 3804 5507; baseline 0.001 -17"><span class='ocrx_word' id='word_1_809' title='bbox 2128 5437 2176 5491; x_wconf 86' lang='lat' dir='ltr'>ti</span> <span class='ocrx_word' id='word_1_810' title='bbox 2205 5437 2464 5506; x_wconf 82' lang='lat' dir='ltr'>confessi</span> <span class='ocrx_word' id='word_1_811' title='bbox 2486 5440 2629 5491; x_wconf 88' lang='lat' dir='ltr'>sunt</span> <span class='ocrx_word' id='word_1_812' title='bbox 2653 5440 2901 5506; x_wconf 84' lang='lat' dir='ltr'>peccata</span> <span class='ocrx_word' id='word_1_813' title='bbox 2930 5451 3062 5507; x_wconf 88' lang='lat' dir='ltr'>sua,</span> <span class='ocrx_word' id='word_1_814' title='bbox 3113 5442 3168 5492; x_wconf 86' lang='lat' dir='ltr'>et</span> <span class='ocrx_word' id='word_1_815' title='bbox 3213 5452 3346 5493; x_wconf 86' lang='lat' dir='ltr'>cum</span> <span class='ocrx_word' id='word_1_816' title='bbox 3377 5436 3641 5505; x_wconf 81' lang='lat' dir='ltr'>confessi</span> <span class='ocrx_word' id='word_1_817' title='bbox 3677 5452 3804 5492; x_wconf 82' lang='lat' dir='ltr'>non</span> 
     </span>
    </p>
   </div>
   <div class='ocr_carea' id='block_1_124' title="bbox 2124 5524 3805 5596">
    <p class='ocr_par' dir='ltr' id='par_1_124' title="bbox 2124 5524 3805 5596">
     <span class='ocr_line' id='line_1_124' title="bbox 2124 5524 3805 5596; baseline 0.001 -16"><span class='ocrx_word' id='word_1_818' title='bbox 2124 5525 2403 5596; x_wconf 80' lang='lat' dir='ltr'>fuissent,</span> <span class='ocrx_word' id='word_1_819' title='bbox 2436 5531 2644 5583; x_wconf 83' lang='lat' dir='ltr'>contra</span> <span class='ocrx_word' id='word_1_820' title='bbox 2670 5525 2941 5594; x_wconf 78' lang='lat' dir='ltr'>regulam</span> <span class='ocrx_word' id='word_1_821' title='bbox 2972 5526 3265 5583; x_wconf 76' lang='lat' dir='ltr'>venientes</span> <span class='ocrx_word' id='word_1_822' title='bbox 3296 5524 3563 5580; x_wconf 80' lang='lat' dir='ltr'>homines</span> <span class='ocrx_word' id='word_1_823' title='bbox 3579 5539 3805 5581; x_wconf 85' lang='lat' dir='ltr'>manus</span> 
     </span>
    </p>
   </div>
   <div class='ocr_carea' id='block_1_125' title="bbox 2129 5612 3805 5684">
    <p class='ocr_par' dir='ltr' id='par_1_125' title="bbox 2129 5612 3805 5684">
     <span class='ocr_line' id='line_1_125' title="bbox 2129 5612 3805 5684; baseline -0.001 -13"><span class='ocrx_word' id='word_1_824' title='bbox 2129 5615 2210 5671; x_wconf 88' lang='lat' dir='ltr'>eis</span> <span class='ocrx_word' id='word_1_825' title='bbox 2259 5620 2474 5673; x_wconf 81' lang='lat' dir='ltr'>temere</span> <span class='ocrx_word' id='word_1_826' title='bbox 2525 5616 2934 5684; x_wconf 77' lang='lat' dir='ltr'>imposuerunt</span> <span class='ocrx_word' id='word_1_827' title='bbox 2968 5656 2983 5683; x_wconf 92' lang='lat'>,</span> <span class='ocrx_word' id='word_1_828' title='bbox 3052 5612 3155 5673; x_wconf 81' lang='lat' dir='ltr'>hos</span> <span class='ocrx_word' id='word_1_829' title='bbox 3210 5614 3648 5671; x_wconf 77' lang='lat' dir='ltr'>ecclesiasticus</span> <span class='ocrx_word' id='word_1_830' title='bbox 3703 5629 3805 5671; x_wconf 81' lang='lat' dir='ltr'>or-</span> 
     </span>
    </p>
   </div>
   <div class='ocr_carea' id='block_1_126' title="bbox 2127 5701 3804 5777">
    <p class='ocr_par' dir='ltr' id='par_1_126' title="bbox 2127 5701 3804 5777">
     <span class='ocr_line' id='line_1_126' title="bbox 2127 5701 3804 5777; baseline 0.001 -18"><span class='ocrx_word' id='word_1_831' title='bbox 2127 5703 2204 5759; x_wconf 83' lang='lat' dir='ltr'>do</span> <span class='ocrx_word' id='word_1_832' title='bbox 2260 5717 2381 5758; x_wconf 82' lang='lat' dir='ltr'>non</span> <span class='ocrx_word' id='word_1_833' title='bbox 2427 5703 2661 5776; x_wconf 80' lang='lat' dir='ltr'>recipit.</span> <span class='ocrx_word' id='word_1_834' title='bbox 2717 5705 2780 5757; x_wconf 86' lang='lat' dir='ltr'>In</span> <span class='ocrx_word' id='word_1_835' title='bbox 2833 5701 3117 5765; x_wconf 80' lang='lat' dir='ltr'>omnibus</span> <span class='ocrx_word' id='word_1_836' title='bbox 3180 5702 3343 5760; x_wconf 81' lang='lat' dir='ltr'>enim</span> <span class='ocrx_word' id='word_1_837' title='bbox 3411 5701 3583 5777; x_wconf 81' lang='lat' dir='ltr'>quod</span> <span class='ocrx_word' id='word_1_838' title='bbox 3651 5702 3804 5760; x_wconf 80' lang='lat' dir='ltr'>irre-</span> 
     </span>
    </p>
   </div>
  </div>
