4018 6176
168 182 262 234 213

1694 175 2078 234 Εριετοωε.

3502 196 3604 250 214

165 297 560 375 prehensibile
585 301 675 355 est
700 297 968 355 defendit
1021 299 1303 357 Ecclesia.
1359 302 1626 367 Quarum
1676 315 1820 356 vero
1856 304 1906 357 A
1941 306 2000 358 et
2028 302 2228 361 timeo.
2249 309 2462 366 Audito
2486 311 2664 380 igitur
2690 312 2843 368 inter
2869 314 2983 370 alia
3013 313 3177 387 quod
3208 315 3484 387 proxima
3508 333 3601 371 s0-

165 388 457 463 promovit
485 388 843 461 proscriptio
872 388 1301 459 refragantium
1360 390 1708 447 clericorum
1764 394 1823 445 ct

164 483 382 535 extorta
438 477 649 533 timore
708 476 937 545 electio,
984 493 1192 535 verum
1241 495 1364 537 non
1389 479 1616 536 electio.
1670 482 1820 535 Nam

163 584 297 625 cum
328 566 403 623 sit
432 565 638 623 electio
678 566 858 623 unius
883 565 958 622 de
979 566 1252 640 pluribus
1268 569 1531 626 maxime
1551 567 1820 642 compla-

164 658 253 714 citi
283 656 621 714 secundum
647 654 907 712 liberam
939 655 1164 713 arbitrii
1194 658 1564 716 voluntatem
1615 675 1824 732 accep-

165 748 236 804 tio
283 746 596 821 quomodo
625 745 833 803 electio
884 749 1044 803 recte
1092 747 1209 804 dici
1251 749 1463 821 possit,
1495 749 1597 806 ubi
1647 750 1729 806 sic
1782 765 1821 805 a

163 837 421 911 principe
445 852 603 893 unus
628 835 990 908 obtruditur,
1018 840 1219 893 utnec
1247 837 1425 907 clero,
1452 855 1561 896 nec
1590 839 1820 913 populo

164 942 262 982 nec
289 924 438 1000 ipsis
467 924 721 981 summis
752 924 1168 982 sacerdotibus
1180 926 1260 982 ad
1290 926 1477 984 alium
1505 928 1819 985 deﬂectere

163 1013 535 1070 concedatur.
572 1016 649 1069 De
678 1012 961 1071 violentia
991 1015 1347 1086 hujusmodi
1391 1016 1818 1074 Constantinus

159 1107 454 1174 Augustus
485 1102 666 1160 talem
694 1108 908 1160 contra
935 1120 999 1161 se
1030 1109 1087 1161 et
1105 1109 1315 1162 contra
1340 1106 1490 1163 alios
1510 1106 1817 1179 principes

161 1193 507 1250 sententiam
537 1192 731 1249 dedit:
765 1194 1165 1267 Quaecunque,
1209 1195 1423 1269 inquit,
1475 1202 1689 1253 contra
1731 1198 1815 1253 le-

156 1298 246 1353 ges
269 1284 508 1353 fuerim
537 1298 574 1339 a
616 1283 954 1353 pricipibus
987 1285 1244 1347 obtenta.
1288 1300 1408 1342 non
1442 1286 1706 1342 valeant.
1750 1288 1819 1343 Et

158 1371 478 1440 Rhegiense
501 1371 821 1428 concilium
853 1389 868 1427 :
895 1372 1021 1429 Sed
1049 1389 1155 1430 nec
1206 1375 1329 1441 ille,
1372 1373 1586 1447 inquit,
1642 1374 1815 1430 dein-

158 1475 280 1530 ceps
300 1462 611 1531 episcopus
639 1461 774 1529 erit,
802 1475 977 1531 quem
1012 1477 1119 1518 nec
1147 1464 1344 1518 clerus
1391 1477 1498 1519 nec
1544 1462 1816 1531 populus

156 1552 410 1621 propriav
437 1551 692 1606 civitatis
722 1550 992 1620 elegerit.
1026 1553 1168 1607 Ecce
1198 1551 1302 1607 tibi
1333 1551 1668 1625 promissas
1716 1566 1815 1606 ra-

1936 390 2239 451 lemnitate
2271 399 2488 455 Natalis
2516 400 2749 456 Domini
2776 403 3089 458 consilium
3140 401 3453 460 habiturus
3515 404 3593 459 sis

1934 497 2076 537 cum
2106 484 2478 559 principibus
2506 490 2675 559 regni
2697 490 2775 546 de
2795 506 2943 563 pace
2971 494 3412 564 componenda,
3440 509 3591 563 gau-

1931 570 2067 627 deo.
2102 573 2213 629 Sed
2253 576 2459 633 audito
2484 579 2644 651 quod
2680 579 2999 636 Aureliana
3030 580 3235 636 civitas
3265 581 3338 638 sit
3389 582 3589 638 incen-

1931 658 2032 714 dio
2063 666 2315 732 vastata,
2350 666 2670 735 sacrilegiis
2699 666 3033 739 profanata.
3071 672 3127 723 et
3179 669 3427 741 insuper
3485 687 3586 726 ex-

1930 752 2475 810 communicatione
2502 756 2814 825 damnata,
2860 773 2968 813 nee
3023 762 3155 829 post
3184 760 3581 830 reconciliata,

1931 838 2138 911 miror,
2171 847 2227 897 et
2258 859 2466 915 paveo.
2502 848 2736 911 Quanto
2781 846 2938 902 enim
2969 846 3173 901 dolore
3222 852 3398 919 putas
3454 848 3582 904 atii-

1929 927 2176 985 ciendos
2200 948 2333 987 esse
2361 934 2702 990 sacerdotes
2732 934 2935 990 ﬁdeles
2970 940 3125 1005 tuos,
3158 936 3263 1008 qui
3288 936 3363 992 ad
3393 937 3583 992 hono-

1926 1015 2285 1075 riﬁcentiam
2318 1021 2419 1076 Dei
2444 1026 2500 1078 et
2532 1026 2696 1078 tuam
2722 1022 2855 1095 ipso
2885 1023 2979 1078 die
3003 1024 3407 1093 congregandi
3425 1028 3583 1093 sunt,

1927 1104 1977 1159 si
2007 1104 2068 1160 in
2096 1121 2168 1161 eo
2194 1106 2327 1164 loco
2352 1108 2570 1165 fuerint
2599 1109 2703 1165 ubi
2733 1126 2841 1165 nec
2867 1110 3011 1182 ipsis
3037 1112 3373 1168 sacriﬁcare
3392 1112 3582 1182 liccat,

1924 1207 2038 1247 nec
2063 1193 2175 1249 tibi
2206 1200 2653 1252 sacrosanctam
2675 1198 3095 1253 eucharistiam
3121 1198 3391 1255 absolute
3449 1216 3583 1272 per-

1924 1280 2125 1353 cipere
2154 1284 2182 1339 ?
2210 1284 2376 1341 Absit
2399 1286 2513 1341 hoc
2534 1301 2571 1341 a
2600 1285 3025 1355 te,charissime
3047 1286 3309 1355 domine,
3342 1293 3407 1344 ut
3432 1294 3493 1344 tu
3521 1288 3583 1344 in

1923 1373 2096 1427 tanta
2126 1372 2498 1430 solemnitate
2554 1379 2660 1431 aut
2712 1375 2931 1430 divinis
2976 1374 3183 1431 ofﬁciis
3208 1393 3434 1446 careas,
3481 1384 3584 1435 aut

1923 1457 2123 1515 illicite
2153 1460 2244 1516 vel
2271 1462 2535 1532 indigne,
2564 1467 2619 1519 te
2646 1463 2886 1529 sciente,
2926 1464 3203 1538 usurpari
3228 1466 3536 1539 permittas
3568 1468 3579 1523 !

1925 1549 2099 1613 Quod
2128 1549 2265 1606 ideo
2297 1556 2350 1607 te
2382 1567 2754 1624 praemonere
2782 1554 3004 1621 curavi,
3041 1559 3102 1609 ut
3138 1554 3232 1609 vel
3288 1555 3456 1611 illum
3497 1556 3582 1611 lo-

156 1639 337 1695 tiones
364 1638 744 1696 exsolvimus.
777 1641 921 1705 Quae
956 1639 1010 1695 si
1041 1641 1219 1711 justas
1277 1646 1436 1711 sunt,
1493 1640 1818 1714 displicere
1848 1653 1887 1707 Β
1923 1653 2069 1693 cum
2094 1638 2279 1696 facias
2310 1640 2697 1709 reconciliari,
2736 1648 2841 1699 aut
2870 1642 2971 1698 ubi
2998 1644 3209 1699 melius
3241 1644 3315 1701 sit
3365 1644 3581 1701 solem-

155 1745 271 1785 non
295 1727 536 1785 debent.
563 1727 907 1800 Adjeeimus
941 1728 1124 1786 etiam
1153 1746 1348 1804 pauca
1375 1735 1622 1805 propter
1674 1730 1816 1786 bre-

154 1819 393 1875 vitatem
418 1818 672 1891 capitula
700 1818 921 1876 divinae
951 1819 1126 1889 legis.
1165 1823 1359 1888 Quam
1415 1822 1617 1895 primo
1674 1820 1817 1893 qui-

151 1908 296 1964 dem
323 1907 568 1964 condere
592 1908 798 1979 magni
827 1908 1089 1981 consilii,
1126 1915 1337 1983 postea
1391 1910 1619 1968 violare
1653 1925 1820 1965 sum-

152 2012 268 2053 mae
322 1996 724 2067 irreverentia,
771 2012 1021 2054 servare
1050 1998 1336 2055 hactenus
1384 1998 1593 2071 gloriae
1625 2000 1814 2054 tantae

152 2086 276 2154 fuit,
309 2091 375 2143 ut
412 2087 677 2160 quisquis
723 2086 1070 2143 secundum
1119 2087 1280 2145 illam
1332 2089 1563 2161 vixerit,
1597 2088 1818 2161 procul

151 2176 335 2233 dubio
389 2176 539 2235 inter
590 2176 793 2234 beatos
849 2181 1240 2251 computatus
1270 2179 1360 2236 sit.
1394 2182 1648 2253 Propter
1703 2178 1816 2235 has

152 2264 348 2339 itaque
372 2266 627 2323 rationes
643 2282 763 2323 non
786 2266 1085 2323 audentes
1101 2266 1202 2324 tibi
1230 2283 1448 2325 manus
1470 2268 1814 2341 imponere,

155 2360 216 2411 ut
240 2360 379 2430 pote
405 2355 685 2430 deinceps
713 2354 1045 2413 ordinandi
1071 2357 1330 2428 potentia
1360 2356 1630 2423 carituri,
1660 2370 1816 2427 prte-

154 2446 514 2503 varicatores
541 2445 685 2517 legis
713 2462 845 2502 esse
876 2444 1202 2502 noluimus.
1227 2448 1270 2503 Ο
1322 2446 1685 2517 sacrilegam
1709 2444 1818 2502 im-

154 2534 713 2610 pietatemtinipso
738 2535 875 2592 sinu
921 2538 1144 2592 sanctis
1200 2535 1406 2593 matris
1441 2532 1723 2592 Ecclesiae
1780 2551 1818 2592 a

156 2624 485 2682 fautoribus
514 2625 629 2682 tuis
657 2640 807 2698 pene
833 2625 1133 2700 perempti
1158 2641 1368 2682 sumus
1396 2644 1410 2694 ;
1451 2629 1512 2682 et
1559 2623 1816 2697 quidem

156 2715 231 2770 ita
253 2729 468 2770 earum
496 2712 606 2770 fuit
630 2715 896 2771 evasisse
924 2711 1115 2783 vivos,
1133 2717 1197 2770 ut
1224 2713 1560 2771 subsecutae
1591 2711 1815 2785 praedae

157 2800 294 2857 levis
314 2817 452 2858 esse
478 2802 714 2874 jactura
736 2803 1016 2860 videatur
1046 2821 1059 2871 ;
1090 2802 1196 2859 sed
1222 2802 1368 2876 quia
1391 2803 1523 2860 haec
1554 2800 1814 2858 scanda-

158 2890 212 2947 la
236 2897 486 2967 propter
509 2897 565 2949 te
594 2894 768 2950 nobis
793 2893 968 2964 ﬁunt,
993 2894 1123 2966 jam
1155 2897 1219 2950 ut
1241 2892 1534 2951 desistant
1562 2896 1620 2949 te
1649 2892 1817 2963 apud

161 2997 254 3037 eos
280 2981 554 3038 obtinere
583 2987 834 3056 oportet,
866 2981 1033 3055 apud
1048 2998 1200 3056 quos
1224 2983 1382 3039 hanc
1411 2979 1817 3057 persequendi
1844 3008 1887 3066 ο

164 3072 497 3129 sacerdotes
517 3073 772 3143 gratiam
799 3072 1093 3130 invenisti.
1127 3073 1286 3130 Nosti
1311 3074 1472 3130 enim
1502 3070 1655 3146 quid
1683 3086 1818 3144 por-

159 3161 432 3219 tendatur
456 3161 691 3219 homini
718 3179 825 3237 per
847 3179 1030 3237 quem
1086 3162 1445 3221 scandalum
1502 3161 1687 3220 venit.
1737 3165 1816 3218 De

159 3257 361 3308 caetero
391 3256 621 3322 autem,
651 3253 847 3321 frater,
880 3256 972 3310 est
1025 3254 1190 3327 quod
1241 3259 1297 3311 te
1322 3253 1516 3310 celare
1557 3268 1684 3309 non
1709 3251 1814 3309 de-

158 3340 386 3412 bemus,
408 3341 634 3398 videris
661 3344 822 3398 enim
851 3342 1026 3399 nobis
1049 3343 1431 3400 vehementer
1459 3358 1680 3410 errare,
1710 3342 1817 3416 qui

158 3431 273 3488 sine
304 3435 586 3505 respectu
613 3429 713 3487 Dei
769 3432 1157 3505 praesulatum
1199 3433 1498 3490 violentus
1553 3431 1811 3489 invadis.

156 3520 297 3575 Nam
325 3519 380 3576 si
406 3518 537 3575 sola
566 3517 893 3576 damnatur
922 3520 1190 3591 ambitio,
1217 3520 1365 3594 quid
1390 3521 1466 3578 de
1515 3519 1813 3577 violentias

156 3609 602 3683 importunitate
630 3608 969 3666 censebitur
996 3610 1024 3665 ?
1053 3613 1268 3667 Verum
1296 3627 1420 3668 non
1449 3610 1644 3668 solum
1674 3610 1810 3682 hoc,

156 3698 260 3755 sed
288 3699 351 3754 in
376 3697 513 3772 ipsa
538 3696 759 3754 violata
787 3714 896 3755 nec
925 3703 1137 3773 postea
1172 3700 1556 3759 reconciliata
1614 3699 1811 3756 Eccle-

156 3788 243 3844 sia
260 3787 587 3843 missarum
611 3787 901 3846 solemnia
910 3788 1207 3848 celebrare
1228 3791 1545 3864 praesumis
1571 3809 1584 3859 ;
1610 3793 1811 3846 utrum

154 3881 359 3932 tamen
389 3875 817 3948 imprudenter,
851 3893 931 3933 an
963 3879 1239 3936 consulto
1269 3879 1454 3937 facias
1507 3880 1657 3947 haec,
1707 3878 1812 3934 ha-

152 3964 377 4021 bemus
406 3964 714 4021 incertum.
744 3966 856 4023 Sed
887 3966 938 4023 si
966 3967 1399 4041 imprudenter,
1458 3966 1812 4024 instruenda

155 4052 507 4127 simplicitas
531 4073 546 4123 ;
579 4056 629 4112 si
654 4071 797 4112 vero
827 4056 1118 4129 consulto,
1148 4057 1538 4132 praesumptio
1562 4060 1653 4112 est
1701 4072 1810 4129 pu-

153 4141 395 4199 nienda.
426 4146 571 4200 Nam
605 4144 654 4200 si
684 4148 737 4201 te
765 4160 1025 4203 canones
1066 4146 1214 4204 scire
1242 4151 1496 4219 constat,
1524 4149 1582 4202 et
1606 4149 1809 4202 tamen

154 4231 563 4306 imprudenter
587 4233 1009 4292 obsurdescere
1038 4240 1093 4292 et
1120 4236 1413 4294 contraire
1469 4233 1807 4303 contendis,

1925 1726 2175 1784 nitatem
2205 1728 2503 1785 celebrare
2528 1730 2892 1788 memineris.
2924 1732 3109 1787 Velim
3131 1739 3331 1790 autem
3374 1734 3583 1791 suade-

1926 1833 1991 1872 re
2023 1817 2146 1885 tibi,
2176 1818 2224 1875 si
2254 1818 2509 1893 possim,
2533 1835 2608 1875 ne
2638 1819 2922 1891 dimittas,
2952 1827 3195 1895 propter
3222 1823 3395 1891 iram,
3446 1841 3583 1896 qute

1920 1906 2216 1977 justitiam
2272 1909 2371 1964 Dei
2424 1924 2546 1964 non
2590 1915 2891 1983 operatur,
2948 1912 3094 1985 quin
3142 1913 3424 1986 episcopo
3480 1919 3584 1969 tuo

1926 2000 2201 2066 treugam
2232 1997 2363 2065 des,
2388 1997 2703 2070 polliceare
2727 1999 3038 2071 justitiam,
3069 2002 3317 2074 insuper
3346 2007 3403 2059 et
3442 2019 3584 2058 con-

1926 2086 2176 2143 ductum
2202 2086 2497 2161 praebeas,
2532 2088 2582 2144 si
2606 2088 2763 2159 velit,
2794 2090 2873 2146 ad
2892 2090 3366 2148 reconciliandas
3398 2092 3587 2149 Eccle-

1928 2175 2048 2232 sias
2075 2194 2240 2234 suas.
2268 2177 2445 2243 Quod
2472 2184 2521 2232 si
2550 2178 2978 2249 detrectaverit,
3012 2181 3138 2255 ipse
3188 2180 3249 2237 in
3301 2182 3583 2255 periculo,

1926 2269 1992 2321 tu
2021 2264 2344 2337 navigabis
2370 2264 2429 2320 in
2457 2270 2653 2339 portu.
2692 2269 2999 2337 Caeterum,
3055 2269 3197 2342 quia
3248 2270 3361 2327 tuis
3411 2270 3585 2329 obse-

1926 2355 2083 2429 quiis
2123 2372 2221 2413 me
2273 2358 2415 2411 tunc
2462 2356 2811 2414 adfuturum
2869 2376 2996 2416 esse
3049 2361 3369 2431 mandasti,
3422 2363 3588 2436 apud

1929 2446 2213 2502 Sanctum
2247 2442 2633 2502 Maximinum
2666 2446 2953 2521 hospitari
2982 2449 3239 2522 postulo,
3271 2451 3439 2524 quod
3477 2467 3586 2508 nec

1926 2534 2243 2591 monachis
2272 2531 2521 2606 quidem
2545 2532 2732 2608 ipsius
2760 2533 2875 2592 loci
2895 2537 3018 2592 fore
3069 2534 3371 2606 ingratum
3401 2545 3547 2611 puto
3571 2558 3584 2596 :

1926 2628 1991 2679 ut
2014 2622 2097 2679 ibi
2129 2621 2403 2680 Natalitia
2427 2629 2602 2680 nocte
2655 2624 2965 2682 celebratis
3014 2624 3251 2699 vigiliis,
3319 2628 3590 2701 sequenti

1925 2726 2104 2769 mane
2134 2712 2194 2769 in
2225 2716 2399 2768 tuum
2431 2712 2737 2771 servitium
2754 2715 2981 2788 possim
3006 2730 3134 2772 esse
3157 2720 3422 2789 paratus.
3449 2715 3587 2773 Vale

1926 2817 2182 2876 semper,
2218 2805 2277 2859 et
2294 2816 2648 2877 prosparere
2677 2801 2738 2859 in
2771 2804 3043 2862 Domino.

2250 2930 2585 2985 EPISTOLA
2622 2933 2824 2987 XXVIII
2857 2932 3018 3002 [olim
3045 2935 3267 3004 XXVIII]

2442 3036 2601 3106 (Post
2629 3053 2858 3094 annum
2892 3040 3073 3111 1017.)

2033 3143 2459 3200 Senonenst'um
2492 3146 2747 3212 praesuli
2782 3148 3126 3201 Leurnenuzo
3160 3149 3477 3203 FirLsi—znrt‘s

2438 3233 2737 3288 Carnolus
2766 3235 3062 3291 sacerdos.

1998 3336 2174 3404 Quod
2198 3350 2318 3405 me,
2343 3338 2529 3402 Pater,
2552 3335 2817 3393 amicum
2838 3336 3133 3411 appellas,
3160 3343 3461 3409 gratanter
3483 3340 3586 3396 ad-

1923 3440 2175 3483 nuerem
2205 3425 2255 3482 si
2282 3428 2339 3481 te
2369 3438 2611 3499 quoque
2642 3425 2952 3482 exhiberes
2979 3428 3264 3485 amicum.
3301 3427 3414 3485 Sed
3445 3444 3582 3486 eum

1926 3519 2055 3574 sine
2078 3532 2214 3572 meo
2241 3514 2490 3572 consilio
2517 3515 2836 3590 episcopos
2866 3512 3208 3575 ordinando
3238 3520 3348 3592 ('23)
3394 3517 3586 3590 digni-

1922 3610 2105 3664 tatem
2133 3618 2306 3662 suam
2333 3604 2606 3662 Ecclesiae
2631 3602 2977 3663 Carnotensi
2997 3605 3276 3678 derogas,
3322 3623 3583 3682 cumque

1920 3696 1982 3751 in
2012 3695 2227 3752 eodem
2284 3694 2526 3766 negotio
2577 3695 2774 3767 legem
2820 3695 3179 3754 canonicam
3230 3697 3583 3755 multimode

1922 3783 2129 3853 solvis,
2178 3796 2302 3840 non
2332 3782 2528 3840 solum
2560 3799 2657 3840 me
2702 3784 2895 3853 laedis,
2936 3785 3040 3840 sed
3102 3802 3313 3843 omnes
3363 3786 3584 3859 pariter

1921 3874 2027 3947 qui
2050 3874 2347 3946 justitiam
2377 3873 2600 3945 colunt,
2633 3877 2690 3930 et
2707 3889 2819 3945 ego
2844 3871 3094 3946 quidem
3114 3891 3356 3932 mecum
3383 3875 3581 3932 adhuc

1922 3960 2112 4019 multa
2130 3962 2344 4036 patior.
2388 3961 2504 4019 Sed
2532 3962 2625 4019 lex
2648 3961 2780 4035 ipsa
2809 3959 3013 4018 divina
3078 3978 3253 4021 suam
3299 3963 3579 4035 injuriam

1920 4052 2078 4109 bene
2107 4068 2180 4109 ex
2198 4054 2367 4127 parte
2392 4052 2676 4119 vindicat,
2707 4066 2865 4125 quae,
2897 4049 3047 4108 dum
3075 4069 3112 4110 a
3142 4058 3197 4110 te
3241 4053 3576 4121 resolvitur,

1923 4146 2027 4198 tua
2052 4155 2237 4215 opera
2262 4144 2479 4199 cassat.
2514 4143 2634 4198 Hoc
2662 4139 2895 4217 pridem
2926 4141 2989 4197 in
3013 4142 3075 4199 Τ.
3119 4139 3366 4212 factum,
3408 4144 3468 4199 in
3513 4147 3575 4201 G.

1921 4242 2118 4304 nuper
2147 4229 2394 4297 iterasti,
2424 4230 2529 4304 qui
2560 4230 2643 4287 sic
2669 4247 2706 4288 a
2735 4234 2790 4287 te
2814 4235 3021 4304 pastor
3040 4237 3129 4289 est
3155 4232 3475 4302 institutus,
3516 4238 3582 4291 ut

157 4336 271 4377 non
301 4322 489 4380 modo
512 4323 901 4397 praesulatum
934 4324 1257 4396 fugientem
1286 4342 1408 4383 non
1438 4324 1804 4399 assequeris,
1836 4361 1882 4416 Β
1923 4336 2033 4378 nec
2060 4334 2303 4393 gregem
2334 4316 2446 4377 sibi
2468 4321 2860 4379 commissum
2891 4322 3142 4394 noverit,
3166 4339 3275 4381 nec
3316 4339 3459 4395 grex
3488 4324 3577 4398 ip-

157 4410 257 4466 sed
283 4427 395 4468 nec
425 4410 592 4485 quod
638 4412 1101 4486 apprehendisse
1149 4413 1444 4472 debueras
1494 4413 1805 4488 presbyte-

154 4497 304 4555 rium
333 4499 592 4557 tenuisti.
628 4498 791 4558 Vale.

496 4626 831 4682 EPISTOLA
866 4626 1045 4682 XXVII
1082 4625 1244 4697 [olim
1274 4627 1454 4683 XCIII.

614 4735 808 4805 (Anno
842 4738 977 4791 1016
1017 4739 1122 4790 aut
1161 4734 1340 4806 1017.)

158 4836 672 4898 Excellentissimo
721 4847 776 4899 et
814 4841 1004 4899 etiam
1056 4841 1294 4898 domum
1365 4850 1471 4898 tuo
1547 4844 1807 4898 Rosearo

235 4932 555 4987 I-‘L'Lsenrcs
576 4932 1031 4988 Camotensium
1056 4932 1360 5002 episcopus
1404 4946 1649 4987 cursum
1706 4932 1806 4988 Ιιο-

222 5023 376 5079 nesti
403 5021 753 5078 continuum
780 5021 863 5078 ad
880 5022 1262 5078 beatitudinis
1288 5022 1488 5091 ﬁnem.

223 5132 376 5187 Inter
404 5125 629 5186 multas
662 5120 1089 5186 sollicitudines
1140 5145 1327 5201 meas,
1375 5144 1522 5186 cura
1546 5128 1652 5198 tui,
1703 5125 1807 5185 do-

158 5219 331 5291 mine,
350 5234 454 5276 me
478 5233 603 5274 non
658 5217 1032 5275 mediocriter
1086 5216 1304 5275 aﬂlicit.
1356 5220 1505 5276 Cum
1559 5217 1720 5276 enim
1750 5218 1805 5275 te

160 5309 481 5380 prudenter
500 5323 677 5378 agere
699 5307 947 5381 accipio,
978 5306 1176 5375 laetor;
1204 5306 1296 5363 sin
1330 5312 1553 5380 autem,
1610 5306 1805 5364 tristor

226 5438 331 5507 (23)
362 5439 513 5493 Nota
532 5435 593 5492 id
612 5435 762 5507 juris
787 5434 1130 5507 tuncrt‘uisse
1171 5434 1565 5507 suffraganeis
1592 5438 1659 5492 ut
1711 5435 1802 5493 in-

160 5505 440 5566 teressent
462 5511 525 5564 et
549 5505 814 5565 faverent
836 5505 1312 5564 ordinationibus
1338 5522 1587 5564 suorum
1642 5522 1804 5566 com-

638 5578 1076 5654 episcoporum.

1924 4422 2056 4467 sum
2089 4408 2351 4485 recipere
2378 4412 2537 4469 velit.
2570 4410 2944 4487 Reprobatus
2977 4412 3179 4487 itaque
3208 4419 3266 4470 et
3294 4430 3331 4471 a
3356 4413 3578 4470 ﬁnibus

1922 4501 2305 4575 episcopatus
2377 4502 2648 4571 extorris,
2738 4517 2879 4558 cum
2943 4501 3149 4576 palam
3195 4502 3413 4559 intrare
3472 4518 3579 4575 per

1923 4591 2143 4648 ostium
2165 4607 2291 4649 non
2314 4595 2528 4666 potest,
2552 4597 2619 4649 ut
2651 4591 2950 4663 legitimus
2978 4597 3206 4666 pastor,
3245 4609 3354 4649 nec
3384 4592 3576 4649 aliun-

1921 4680 1997 4737 de
2026 4680 2278 4738 furtivus
2307 4680 2650 4752 ascendere,
2680 4694 2789 4757 per
2815 4680 3161 4738 violentiam
3190 4681 3345 4753 regis
3364 4681 3577 4736 irrum-

1920 4786 2061 4844 pere
2113 4766 2317 4828 nititur
2344 4774 2411 4828 ut
2464 4776 2756 4845 tyrannus
2806 4771 2935 4844 (24).
2973 4771 3087 4829 Nec
3114 4768 3299 4828 miror
3327 4767 3479 4825 adeo
3527 4768 3576 4825 si

1917 4859 2153 4932 juvenis
2212 4860 2306 4917 ille
2354 4861 2457 4918 tali
2508 4862 2700 4935 potuit
2724 4858 3052 4919 ambitione
3078 4859 3311 4932 tentari,
3341 4858 3440 4914 cui
3484 4858 3577 4915 vel

1920 4954 2064 5006 tetas
2094 4949 2215 5019 illa,
2245 4950 2337 5007 vel
2368 4968 2504 5024 quae
2524 4952 2656 5023 ejus
2684 4950 2873 5007 etatis
2902 4949 3233 5022 pedisequa
3248 4948 3396 5004 solet
3422 4963 3573 5019 esse,

1916 5038 2122 5095 locum
2148 5038 2401 5097 forsitan
2428 5039 2694 5097 obtineat
2721 5037 3068 5097 excusandi.
3099 5037 3213 5094 Sed
3238 5041 3322 5107 tu,
3380 5039 3573 5108 Pater,

1916 5142 2042 5184 non
2073 5126 2271 5184 solum
2323 5126 2638 5185 mirandus
2687 5126 2793 5184 sed
2839 5125 3086 5199 insuper
3132 5124 3571 5201 exhorrendus,

1913 5231 2098 5288 quem
2121 5230 2232 5297 nec
2261 5215 2667 5289 imprudentia
2686 5213 2851 5282 fallit,
2878 5229 2990 5270 nec
3015 5228 3189 5272 casus
3216 5215 3434 5286 turbat,
3462 5231 3576 5275 nec

1914 5304 2088 5374 urget
2118 5302 2240 5359 ulla
2266 5304 2587 5361 necessitas
2614 5321 2626 5359 :
2679 5303 2785 5360 sed
2816 5304 3069 5361 scienter
3092 5310 3149 5362 et
3203 5307 3377 5381 quasi
3434 5324 3573 5364 cum

1987 5429 2272 5503 ('24)_Ilinc
2299 5434 2465 5502 patet
2494 5429 2801 5503 agregibus
2828 5430 3071 5498 nostris,
3102 5433 3215 5490 etsi
3241 5438 3387 5489 tunc
3430 5440 3575 5490 tem-

1914 5500 2083 5579 poris
2108 5500 2326 5579 liberas
2365 5500 2771 5579 permitterent
2816 5502 3162 5579 motiones,
3214 5504 3571 5579 designatos

1913 5573 1972 5633 et
1999 5573 2385 5649 renuntiatos‘
2395 5573 2577 5630 fuisse
2595 5573 2922 5649 episcopos
2950 5575 3078 5632 sine
3098 5573 3407 5633 concursu
3433 5575 3571 5632 cieri

1910 5650 1969 5705 et
1986 5645 2220 5722 populi.
