3996 6176
234 241 334 294 217

233 451 397 506 sione
426 463 615 520 quam
649 443 909 500 Ecclesia
938 443 1142 496 nostra
1180 439 1422 511 patitur,
1463 433 1644 492 locuti
1677 443 1888 486 sumus

229 556 370 596 cum
396 537 646 594 domino
676 550 814 604 rege
846 529 1252 602 Hugone,ﬁlio
1275 533 1491 594 vestro,
1525 521 1888 580 sciscitantes

229 629 309 685 ab
330 645 404 684 eo
435 643 543 682 cur
568 624 742 680 nobis
764 623 824 678 in
857 625 1020 678 tanta
1040 618 1390 676 necessitate
1417 632 1538 672 non
1589 623 1890 668 succurre-

225 718 319 774 rit.
351 717 466 782 Qui
498 731 558 770 se
589 717 796 768 contra
809 727 920 766 nos
957 708 1539 780 humiliterpurgans
1581 696 1892 774 respondit

225 806 374 880 quia
401 803 615 879 procul
644 819 680 858 a
700 800 876 857 nobis
902 803 1049 870 erat,
1089 798 1226 853 ideo
1252 795 1595 852 facultatem
1654 788 1768 845 sibi
1795 802 1891 842 ve-

224 894 436 950 niendi
469 894 529 948 in
563 890 853 947 auxilium
900 891 1173 943 nostrum
1231 901 1353 940 non
1397 882 1601 950 fuisse,
1634 880 1755 934 imo
1795 873 1908 930 co-'

222 985 395 1057 piam
426 983 693 1038 virorum
723 979 826 1052 qui
854 994 916 1033 se
945 976 1374 1032 comitarentur
1423 987 1548 1027 non
1577 966 1884 1024 habuisse.

223 1055 326 1143 δυ]
338 1090 412 1128 us
436 1087 551 1127 nos
579 1067 952 1144 purgationis
980 1081 1229 1122 causam
1273 1062 1519 1118 minime
1551 1055 1890 1114 discreden-

223 1168 332 1229 tes,
356 1177 473 1234 pro
495 1143 596 1215 illo
620 1162 882 1214 vestram
911 1154 1290 1211 clementiam
1343 1165 1610 1215 oramus,
1681 1161 1756 1200 ne
1787 1143 1891 1198 ﬁat

223 1231 425 1306 aliena
451 1265 489 1304 a
516 1251 713 1304 vestro
746 1246 946 1316 genito
1003 1241 1375 1316 paternitatis
1421 1242 1633 1294 vestrae
1679 1231 1888 1305 gratia,

223 1341 270 1395 si
298 1343 530 1394 sancta:
555 1335 826 1392 Ecclesiae
849 1350 972 1390 non
996 1331 1266 1404 praestitit
1281 1345 1482 1402 opem,
1506 1340 1642 1398 quas
1664 1323 1891 1394 impos-

222 1428 416 1485 sibilis
443 1432 574 1483 erat
593 1426 644 1482 ei
674 1423 966 1498 prtestari.
1009 1421 1098 1477 Ad
1155 1437 1259 1476 vos
1311 1417 1577 1482 tandem,
1638 1410 1894 1468 dilectis-

224 1519 376 1573 sime
399 1516 668 1582 domine,
697 1513 884 1570 nostri
923 1509 1203 1582 adjutorii
1243 1523 1484 1563 summa
1513 1503 1683 1569 redit,
1719 1500 1891 1570 cujus

222 1605 492 1679 gratuita
515 1603 781 1660 bonitate
811 1600 1084 1674 praesulis
1104 1600 1334 1654 honore
1355 1594 1684 1664 fungimur,
1717 1593 1774 1644 et
1803 1591 1892 1642 tu-

1732 208 2115 268 EPISTOLIE.

234 359 455 417 [ridum
487 355 792 425 clericum,
813 348 1224 426 quaerimonire
1254 352 1492 415 nostre‘,
1545 343 1620 399 de
1649 352 1892 413 oppres-
1922 338 1970 388 Α

3542 220 3647 273 218

2341 341 2676 396 EPISTOLA
2699 343 2898 397 XXXIII
2931 340 3090 411 [olim
3113 339 3304 410 LXXI].

2516 447 2700 519 (Circa
2729 464 2869 505 ann.
2912 448 3139 519 eumd.)

2002 547 2434 631 Quodnjugitur
2453 553 2516 607 in
2537 554 2672 631 sinu
2692 553 2991 631 memoriae
3015 552 3178 620 fovet
3213 551 3449 631 domino
3473 552 3651 631 abba-

2071 621 2119 674 ti
2148 621 2215 676 G.
2250 624 2567 678 FL’LBERTL’S
2617 624 3075 679 Carnotensium
3135 623 3407 679 sacerdos
3467 622 3652 678 abun-

2072 691 2343 748 dantiam
2374 695 2708 750 charitatis.

2071 798 2424 868 Peregrinus
2452 800 2705 872 quidam
2737 799 2916 856 frater
2963 799 3204 854 nomine
3235 799 3653 868 Hermengaud

2000 900 2110 942 nos
2137 888 2606 945 consolationem
2633 890 2922 963 petiturus
2945 889 3106 956 adiit,
3140 889 3328 956 vultu,
3381 904 3653 944 sermone

2003 977 2288 1034 ethabitu
2318 979 2676 1050 paenitentis.
2741 981 2951 1036 Sentus
2990 979 3152 1034 enim
3209 982 3266 1034 et
3318 977 3650 1050 squalidus,

2001 1067 2364 1140 pallentique
2396 1069 2584 1124 macie
2607 1069 2999 1138 deformatus,
3024 1084 3133 1124 sua
3169 1067 3348 1139 culpa
3379 1067 3453 1122 de
3480 1067 3655 1122 vestri

2004 1156 2260 1212 coenobii
2291 1158 2576 1229 paradiso
2609 1174 2669 1213 se
2694 1158 3174 1230 conquerebatur
3199 1155 3554 1228 expulsum;
3595 1155 3656 1210 in

2004 1261 2253 1318 corpore
2312 1246 2468 1302 fesso
2535 1246 2886 1302 morientem
2936 1246 3205 1301 animam
3255 1243 3653 1300 circumferre.

2005 1335 2175 1401 Quod
2200 1335 2450 1390 verbum
2489 1336 2757 1391 interitus
2816 1335 3195 1391 admittentes
3239 1334 3658 1404 compassione

2003 1440 2225 1491 carere,
2250 1441 2478 1496 vosque
2508 1440 2617 1497 pro
2634 1426 2732 1481 illo
2763 1441 2888 1481 non
2926 1439 3138 1495 rogare
3159 1423 3500 1495 nequimus.
3532 1425 3660 1477 Pre-

2001 1529 2213 1568 camur
2241 1512 2464 1585 itaque,
2488 1513 2536 1568 si
2556 1513 2664 1581 vis,
2699 1515 2745 1569 si
2772 1514 2861 1570 fas
2891 1517 2997 1580 est,
3037 1513 3098 1568 in
3123 1511 3367 1567 nomine
3398 1511 3527 1581 ejus
3545 1513 3657 1565 Do-

2004 1601 2151 1658 mini
2177 1602 2280 1674 qui
2298 1603 2470 1673 juxta
2495 1608 2584 1658 est
2611 1603 2702 1658 his
2741 1604 2840 1676 qui
2875 1602 3155 1658 tribulato
3205 1605 3344 1656 sunt
3364 1599 3564 1667 corde,
3590 1603 3658 1655 ut

222 1696 341 1752 “313
381 1695 560 1765 cuius
591 1707 769 1766 P0339
795 1690 944 1763 θΓίΡί
973 1706 1010 1745 δέ
1029 1687 1332 1744 malorum
1362 1682 1598 1755 injuriis
1642 1677 1892 1734 Omnino
1932 1689 1972 1743 Β
2003 1695 2253 1764 paterna
2274 1691 2490 1762 pietate
2518 1690 2813 1762 recipiatis
2851 1691 3012 1745 hunc
3036 1688 3227 1744 ﬁlium
3254 1689 3383 1759 jam
3415 1687 3659 1742 tandem

222 1784 615 1842 conﬁdimus.
661 1781 774 1839 Sed
794 1781 872 1836 ab
889 1780 1105 1851 iisquae
1123 1776 1304 1833 modo
1328 1773 1504 1830 nobis
1535 1767 1897 1827 incumbunt

231 1877 363 1931 sine
386 1873 582 1930 multo
610 1871 816 1928 labore
853 1873 1050 1924 vestro
1081 1881 1398 1939 speramus
1427 1861 1575 1929 erui,
1611 1859 1895 1914 dummo-

229 1965 314 2021 do
344 1979 518 2037 prece
540 1967 598 2018 et
623 1958 1042 2018 obsecratione
1072 1973 1211 2012 cum
1239 1954 1444 2010 Odone
1481 1948 1695 2007 comite
1727 1943 1897 2002 obni-

227 2071 304 2110 xe
326 2054 521 2124 agatis
550 2057 853 2125 quatenus
881 2049 1042 2105 idem
1069 2063 1180 2102 nos
1206 2045 1286 2100 ab
1306 2042 1420 2098 illis
1451 2038 1748 2112 expediat.
1779 2037 1895 2092 Cae-

225 2123 426 2199 terum
468 2123 915 2197 serenissimam
987 2137 1270 2210 pietatem
1326 2135 1588 2187 vestram
1635 2123 1895 2200 appella-

224 2249 366 2288 mus
389 2247 507 2306 pro
537 2230 751 2286 eodem
779 2243 918 2299 rege
939 2226 1063 2282 ﬁlio
1093 2229 1313 2293 vestro,
1369 2220 1476 2294 qui
1504 2217 1648 2274 satis
1689 2229 1896 2286 super-

224 2339 346 2395 que
375 2319 691 2377 desolatus
720 2317 960 2374 incedit.
989 2319 1189 2387 Neque
1221 2312 1382 2368 enim
1402 2309 1463 2365 in
1493 2309 1677 2364 domo
1699 2308 1895 2360 vestra

224 2428 367 2468 cum
390 2409 706 2466 securitate
737 2407 831 2462 vel
852 2405 1137 2461 charitate
1162 2403 1297 2458 licet
1320 2400 1373 2456 ei
1399 2413 1662 2463 manere,
1697 2409 1894 2466 neque

225 2501 377 2558 foris
407 2503 500 2556 est
529 2499 583 2554 ei
609 2497 769 2553 unde
787 2497 946 2552 vivat
975 2511 1112 2550 cum
1141 2495 1367 2549 honore
1395 2488 1521 2560 regi
1557 2489 1899 2558 competen-

224 2598 302 2648 te.
341 2589 514 2647 Unde
535 2604 644 2644 vos
673 2589 910 2661 oportet
937 2583 1164 2657 aliquid
1193 2581 1341 2637 boni
1380 2576 1608 2634 consilii
1638 2573 1897 2647 reperire

225 2687 284 2738 et
313 2680 398 2736 illi
434 2677 806 2751 impendere,
838 2691 913 2731 ne
943 2675 1092 2730 dum
1113 2672 1209 2728 ille
1240 2669 1415 2745 quasi
1454 2666 1808 2741 peregrinus
1841 2667 1899 2718 et

224 2770 534 2844 profugus
593 2766 734 2838 agit,
762 2763 994 2839 paterni
1033 2761 1218 2819 animi
1271 2761 1434 2816 fama
1485 2755 1656 2813 vobis
1713 2753 1896 2825 depe-

223 2864 379 2916 reat.

595 3037 929 3094 EPISTOLA
955 3036 1128 3090 XXXII
1162 3033 1325 3104 [olim
1359 3030 1527 3101 LXX].

737 3147 896 3217 (Post
922 3159 1152 3200 annum
1179 3144 1359 3207 1019.)

225 3309 563 3363 Ριῖιεειιτυε
613 3300 897 3370 indignus
939 3297 1245 3370 episcopus
1299 3288 1899 3370 ineffabilitercharo

302 3360 489 3432 Patri
513 3379 569 3430 et
599 3360 837 3427 domino
881 3360 986 3424 suo
1020 3360 1248 3424 Dorio-s1
1307 3360 1438 3421 cum
1498 3360 1786 3419 cherubin
1844 3362 1901 3412 et

304 3445 600 3517 seraphin
633 3443 776 3499 odos
809 3441 992 3511 loqui.

303 3611 582 3676 Quantas
626 3603 830 3660 animo
880 3600 1192 3672 concipere
1248 3613 1498 3670 possum
1546 3594 1648 3650 tibi
1679 3593 1903 3664 gratias

232 3699 457 3766 habeo,
489 3699 693 3751 sancte
725 3695 912 3761 Pater,
943 3689 1049 3763 qui
1073 3705 1210 3745 meo
1262 3687 1552 3742 arbitratu
1593 3683 1903 3738 taediosam

237 3795 293 3846 et
317 3789 422 3844 vix
447 3783 822 3842 tolerabilem
852 3777 1362 3854 importunitatem
1384 3790 1584 3830 meam
1601 3772 1775 3846 quasi
1795 3788 1904 3845 pro

241 3879 466 3935 deliciis
487 3875 681 3931 habes
711 3891 724 3928 :
756 3886 1050 3943 servoque
1072 3869 1186 3940 (28)
1240 3871 1297 3922 et
1361 3881 1472 3920 sua
1529 3863 1633 3919 tibi
1665 3861 1907 3918 debenti

247 3969 451 4024 omnia
473 3980 652 4021 versa
675 3963 803 4019 vice
833 3960 1115 4019 dominus
1159 3971 1338 4030 paras
1399 3951 1710 4025 obsequia.
1762 3954 1906 4007 Vere

251 4058 393 4114 vivit
415 4057 508 4113 hic
533 4059 592 4110 et
619 4053 880 4124 fulgurat
904 4050 1007 4106 illa
1037 4047 1201 4103 fortis
1235 4051 1290 4103 et
1327 4044 1598 4118 speciosa
1623 4041 1902 4108 Charitas,

245 4164 381 4222 qum
411 4145 752 4202 secundum
783 4139 1143 4215 Apostolum
1199 4137 1432 4211 patiens
1479 4137 1585 4202 est,
1642 4131 1908 4200 benigna

244 4242 301 4294 et
324 4239 502 4307 cujus
530 4235 707 4304 vigor
728 4246 1044 4304 nunquam
1066 4226 1300 4284 excidit.
1327 4228 1446 4280 Hac
1475 4222 1733 4294 denique
1764 4235 1912 4292 prae-

244 4324 572 4384 sentialiter
601 4320 836 4378 fruendi
862 4317 1156 4375 desiderio
1178 4329 1469 4379 maceror,
1503 4310 1609 4366 sed
1640 4309 1808 4379 gravi
1833 4307 1912 4363 ad

243 4431 516 4491 praesens
541 4410 890 4468 dimcultate
937 4407 1226 4464 detineor.
1262 4402 1598 4460 Malefactor
1627 4399 1788 4455 enim
1820 4397 1914 4452 ille
1946 4390 1991 4444 D

249 4503 594 4570 Gaufridus,
634 4517 817 4574 quem
843 4515 953 4572 pro
1008 4495 1208 4553 multis
1265 4491 1631 4550 facinoribus
1674 4505 1913 4545 excom-

250 4595 733 4659 municaveram,
765 4589 985 4644 incerto
1029 4590 1233 4641 utrum
1263 4583 1614 4654 desperatus
1673 4595 1752 4636 an
1782 4594 1914 4633 ver-

253 4685 440 4742 susin
493 4679 846 4748 amentiam,
923 4676 1169 4732 collecta
1225 4671 1604 4729 multitudine
1661 4669 1917 4725 militum

251 4791 378 4848 quo
417 4769 682 4829 ducendi
723 4771 919 4824 essent
974 4763 1405 4836 ignorantium,
1461 4759 1630 4816 villas
1682 4761 1918 4814 nostras

253 4861 584 4938 improviso
612 4856 890 4915 incendio
931 4851 1354 4918 concremavit,
1403 4849 1699 4921 nobisque
1727 4861 1920 4919 quan-

255 4936 574 5026 tas—potest
597 4945 980 5003 machinatur
1008 4941 1276 4999 insidias.
1336 4941 1524 5012 Super
1577 4936 1670 4992 his
1695 4937 1917 5007 itaque,

254 5058 336 5098 ne
364 5043 546 5097 tanta:
578 5051 776 5093 causa:
800 5033 1150 5090 indiscussa:
1178 5029 1272 5086 vel
1314 5027 1514 5084 inultae
1543 5028 1916 5090 remaneant,

255 5128 602 5188 necessario
618 5124 766 5182 mihi
792 5120 1238 5179 conveniendus
1265 5121 1353 5174 est
1367 5115 1642 5190 primitus
1673 5114 1800 5171 Odo
1827 5128 1924 5168 co-

255 5237 410 5277 mes.
445 5215 617 5279 Quod
648 5213 696 5269 si
715 5208 1202 5276 dissimulaverit,
1243 5205 1489 5264 restabit
1514 5203 1670 5274 regis
1717 5207 1773 5258 et
1829 5201 1920 5257 Ri-

258 5308 472 5366 chardi
494 5321 706 5377 rogare
727 5300 1081 5376 patrocinia.
1116 5298 1288 5364 Quod
1319 5296 1367 5351 si
1390 5295 1484 5352 isti
1515 5308 1759 5366 quoque
1789 5290 1919 5363 opi-

260 5398 440 5456 tulari
467 5392 853 5466 neglexerint,
887 5388 1035 5463 quid
1063 5386 1278 5444 melius
1306 5384 1453 5441 mihi
1482 5386 1660 5440 restet
1685 5397 1808 5436 non
1838 5378 1922 5435 vi-

258 5484 397 5550 deo,
431 5499 620 5555 quam
641 5483 769 5537 haec
799 5479 983 5535 missa
1014 5476 1228 5545 facere,
1259 5478 1316 5530 et
1370 5471 1598 5528 Christo
1641 5466 1920 5524 secretius

263 5572 588 5629 deservire.
619 5569 836 5626 Valete.

2006 1796 2138 1836 sero
2165 1779 2530 1852 postliminio
2552 1783 2948 1834 revertentem
3013 1795 3026 1832 :
3083 1794 3204 1849 quo
3254 1777 3328 1832 de
3373 1792 3659 1832 converso

2007 1874 2316 1943 peccatore
2343 1885 2465 1924 non
2513 1873 2748 1924 tantum
2803 1867 3000 1938 angeli
3040 1866 3161 1935 Dei,
3221 1881 3432 1920 verum
3480 1865 3659 1920 etiam

2003 1960 2116 2033 ipsi
2133 1960 2362 2025 fratres,
2392 1975 2652 2032 quorum
2681 1958 2928 2032 propius
2979 1957 3239 2022 interest,
3270 1954 3658 2024 gratulentur.

2003 2049 2200 2106 Valete
2232 2065 2530 2104 memores
2559 2047 2756 2114 vestri,
2790 2047 2977 2102 nostri
3029 2061 3151 2102 non
3183 2046 3586 2101 immemores.

2365 2165 2699 2220 EPISTOLA
2751 2164 2948 2218 xxxrv
2987 2162 3148 2232 [olim
3176 2161 3305 2230 cv.]

2503 2273 2660 2342 (Post
2716 2285 2945 2326 annum
2981 2269 3164 2338 1019.)

2005 2381 2403 2437 Dilectissimo
2431 2379 2669 2434 domino
2717 2393 2822 2433 suo
2865 2380 3123 2432 Ronsaro
3181 2376 3312 2446 regi
3338 2390 3409 2430 ac
3439 2375 3664 2444 regina?

2079 2453 2440 2507 Coxsrmrm:
2499 2452 2731 2505 utinam
2762 2451 2824 2504 in
2845 2450 3099 2504 Domino
3133 2447 3662 2513 Constantisszmce,

2078 2525 2402 2578 Frwearrs
2434 2522 2678 2576 humilis
2710 2521 3169 2576 Carnotensium
3199 2520 3506 2587 episcopus
3525 2516 3668 2585 ﬁde-

2082 2595 2267 2676 litatis
2299 2594 2638 2676 obsequium
2657 2598 2710 2649 et
2727 2592 3014 2646 orationis
3026 2590 3349 2658 suffragia,
3373 2593 3663 2660 quantum

2081 2670 2190 2721 scil
2221 2680 2293 2720 ac
2313 2670 2530 2733 potest.

2083 2771 2330 2840 Cognita
2365 2786 2471 2842 per
2500 2768 2780 2824 nuntium
2809 2771 3071 2823 vestrum
3116 2764 3418 2821 alacritate
3444 2766 3663 2829 vestra,

2013 2860 2234 2932 gaudio
2257 2874 2481 2928 magno
2507 2857 2712 2930 repleti
2741 2872 2974 2923 sumus,
3008 2858 3128 2911 Deo
3157 2854 3378 2924 gratias
3399 2855 3662 2921 agentes.

2011 2950 2191 3006 Vobis
2222 2949 2381 3004 enim
2421 2946 2848 3017 incolumibus,
2894 2961 3006 3001 nos
3043 2945 3197 3000 bene
3240 2942 3524 2999 valituros
3561 2957 3669 3014 per

1939 3039 1979 3094 C
2013 3041 2113 3097 Dei
2140 3039 2392 3110 gratiam
2423 3042 2480 3094 et
2534 3041 2794 3093 vestram
2848 3051 3182 3109 speramus.
3234 3032 3530 3100 Quoniam
3561 3047 3668 3087 au-

2011 3130 2130 3182 tem
2158 3123 2382 3197 placuit
2427 3121 2682 3177 bonitati
2724 3125 2931 3177 vestrae
2970 3118 3279 3175 consulere
3323 3133 3435 3173 nos
3490 3131 3671 3188 super

2008 3209 2221 3266 habitu
2247 3211 2475 3277 nostro,
2495 3205 2811 3262 scribimus
2833 3205 3002 3260 vobis
3043 3203 3245 3259 multis
3266 3217 3378 3256 nos
3419 3201 3498 3256 ad
3520 3217 3669 3272 prae-

2011 3310 2149 3350 sens
2176 3290 2580 3348 incommodis
2610 3289 2826 3359 urgeri,
2859 3305 2995 3361 quae
3038 3286 3214 3342 nobis
3239 3285 3413 3340 infert
3438 3283 3669 3339 Gaufri-

2011 3384 2128 3439 dus
2158 3382 2490 3438 vieecomes
2538 3379 2612 3436 de
2660 3379 2861 3434 Castro
2909 3375 3184 3432 dunensi.
3245 3372 3463 3429 Reiecit
3510 3372 3671 3427 enim

2013 3477 2150 3529 ante
2179 3470 2380 3528 Natale
2404 3469 2638 3525 Domini
2659 3467 2972 3524 castellum
3001 3466 3076 3521 de
3115 3462 3474 3527 Galardone,
3505 3457 3672 3532 quod

2013 3563 2158 3619 olim
2187 3559 2579 3627 destruxistis,
2607 3563 2663 3614 et
2692 3573 2827 3614 ecce
2877 3555 3047 3612 tertia
3103 3554 3198 3610 die
3235 3555 3373 3625 post
3421 3547 3676 3621 Epipha-

2013 3653 2175 3709 diam
2202 3649 2456 3707 Domino
2477 3648 2656 3721 coepit
2675 3647 2869 3703 facere
2896 3645 3148 3702 alterum
3171 3639 3482 3699 castellum
3509 3635 3676 3710 apud

2017 3744 2226 3799 lsleras
2265 3741 2421 3796 intra
2451 3738 2625 3794 villas
2646 3739 2700 3794 S.
2735 3737 2946 3793 Mariae.
2990 3735 3155 3790 Unde
3183 3733 3412 3802 legatos
3439 3732 3675 3784 nostros

2018 3832 2293 3889 misimus
2333 3829 2412 3884 ad
2432 3827 2623 3882 ﬁlium
2651 3829 2919 3881 vestrum
2948 3839 3153 3892 regem
3185 3819 3502 3876 Henricum
3537 3817 3672 3887 [leg.

2019 3917 2352 3990 Hugonem]
2372 3921 2428 3972 et
2449 3915 2717 3971 Odonem
2742 3913 3045 3979 comitem,
3098 3908 3302 3964 incerti
3330 3911 3531 3961 utrum
3553 3903 3679 3958 illo-

2018 4027 2154 4067 rum
2176 4023 2429 4064 ascensu
2457 4007 2626 4060 tanta
2651 4001 2812 4057 mala
2838 3996 3306 4073 praesumpserit;
3332 3994 3497 4050 aliter
3517 3993 3678 4047 enim

2021 4103 2150 4158 hinc
2180 4097 2349 4153 illum
2373 4092 2620 4164 aggredi
2648 4091 2745 4146 vix
2771 4087 3074 4163 opinabile
3105 4089 3212 4142 est.
3245 4084 3358 4141 Sed
3387 4083 3437 4138 si
3457 4081 3537 4136 illi
3567 4097 3678 4136 nos

2027 4473 2188 4514 nunc
2215 4454 2276 4509 in
2307 4451 2436 4508 aliis
2458 4448 2728 4523 partibus
2758 4448 3104 4518 occupatos,
3131 4447 3198 4498 ut
3220 4445 3417 4496 vestro
3442 4451 3684 4493 succur-

2028 4564 2099 4604 su
2128 4546 2202 4601 de
2230 4541 2510 4618 praesenti
2538 4537 2830 4610 respirare
2860 4548 3256 4606 nequeamus.
3293 4527 3464 4595 Quod
3496 4525 3545 4580 si
3571 4524 3685 4579 cito

2029 4635 2204 4693 nobis
2233 4615 2270 4688 ξι
2297 4631 2422 4687 ﬁlio
2459 4633 2656 4685 vestro
2706 4626 3071 4681 subventum
3108 4635 3232 4676 non
3280 4615 3471 4681 fuerit,
3520 4628 3685 4668 com-

2029 4725 2199 4782 muni
2229 4726 2572 4778 nostrorum
2610 4714 2879 4781 consilio,
2909 4711 3185 4767 divinum
3241 4705 3507 4762 ofﬁcium
3536 4699 3687 4756 desi-

2030 4819 2232 4871 turum
2262 4812 2322 4867 in
2353 4815 2474 4867 toto
2526 4806 2877 4880 episcopatu
2926 4803 3132 4857 nostro
3163 4792 3463 4852 noveritis.
3501 4789 3559 4846 Si
3586 4805 3687 4844 co-

2030 4921 2158 4961 mes
2189 4902 2316 4960 Odo
2349 4899 2513 4974 apud
2542 4878 2651 4953 vos
2673 4899 2779 4966 est,
2813 4894 3054 4948 monete
3083 4886 3255 4942 illum
3281 4888 3346 4938 ut
3372 4878 3691 4936 subveniat

2029 4993 2206 5051 nobis
2225 4995 2467 5066 propter
2492 4985 2815 5043 Dominum
2845 4985 2902 5037 et
2924 4977 3270 5034 ﬁdelitatem
3298 4975 3578 5027 vestram.

2407 5096 2744 5152 EPISTOLA
2764 5091 2935 5146 XXXV
2966 5085 3127 5155 [olim
3157 5081 3318 5152 ναι]

2045 5189 2383 5249 Venerabili
2404 5185 2595 5257 fratri
2623 5189 2676 5239 et
2701 5179 3038 5304 coefiifcopo
3059 5175 3339 5228 Fauces!
3373 5171 3689 5225 FULBEnrus

2721 5266 2789 5304 sa
2820 5265 2857 5303 u
2889 5264 2997 5304 em.

2721 5264 2997 5306 salutem.

2109 5365 2492 5439 Superﬂuum
2521 5359 2667 5416 duxi
2696 5358 2944 5427 longam
2975 5351 3244 5409 fabulam
3291 5346 3479 5405 nostri
3537 5344 3694 5424 senis

2034 5437 2449 5523 transcribere,
2468 5456 2526 5507 et
2552 5449 2780 5506 mittere
2803 5445 2928 5512 tibi,
2983 5459 3123 5499 cum
3153 5445 3342 5496 totam
3397 5437 3694 5494 rationem

2034 5549 2190 5620 ejus,
2215 5545 2264 5601 si
2293 5522 2551 5616 quaest,
2585 5555 2659 5596 ex
2687 5552 2824 5593 mea
2857 5532 3022 5590 brevi
3077 5529 3469 5602 responsione
3522 5522 3694 5580 facile

351 5771 470 5841 (28)
499 5767 848 5827 Fulbcrtum
880 5763 994 5821 sub
1023 5761 1272 5821 0dilone
1303 5758 1674 5820 monachum
1699 5755 1878 5813 fuisse
1903 5749 2330 5813 hacvidentur
2358 5743 2626 5801 innuere.
