4018 6176
268 172 374 228 219

1268 170 1324 227 S.
1374 170 1714 228 FULBERTI
1767 165 2271 229 CARNOTENSXS
2327 166 2661 223 EPISCOPI.

3599 168 3715 221 220

271 294 574 368 percipere
604 293 797 366 possis
831 309 846 361 ;
877 292 1106 367 fuitque
1143 294 1529 365 hujusmodi:
1582 318 1611 345 «
1646 294 1828 352 Fratri
1856 294 1917 349 in
1946 295 1993 349 A
2029 273 2141 347 bas
2166 307 2305 346 cum
2336 290 2708 362 quibusdam
2759 289 3075 346 monachis
3098 288 3329 360 aberat,
3390 289 3517 347 sine
3548 306 3713 364 quo—

273 384 525 439 Domino
555 387 609 438 et
640 383 1051 439 consacerdoti
1092 400 1202 440 suo
1226 385 1572 456 Avisgaudo
1596 385 1923 441 Fulbertus.

271 473 454 541 Absit,
486 472 683 540 frater,
727 476 791 528 ut
822 471 1099 529 credatur
1117 490 1329 530 verum
1357 491 1506 543 esse,
1538 474 1706 548 quod
1741 472 1925 546 scrip-

272 561 414 628 sisti,
442 576 648 619 meum
676 560 1164 634 archipraesulem
1192 566 1251 620 et
1277 578 1374 618 me
1404 566 1573 620 tuam
1602 559 1928 618 confessio-

270 665 409 704 nem
428 648 768 721 publicasse
798 650 812 704 !
842 666 965 706 non
997 655 1084 706 est
1108 652 1269 707 enim
1291 667 1522 707 verum.
1544 654 1750 723 Tuque
1780 649 1928 705 dum

270 737 411 794 talia
441 738 670 805 scribis,
704 739 859 797 bene
889 739 1113 797 meritis
1150 740 1225 796 de
1256 744 1311 796 te
1340 739 1610 810 ingratus
1637 754 1723 808 es,
1754 741 1811 793 et
1836 737 1929 794 in-

266 827 424 897 juste
453 827 886 884 contumeliam
911 828 1078 884 facis.
1123 829 1182 886 Si
1211 844 1335 902 qua
1369 828 1529 885 enim
1559 829 1811 884 honesta
1829 829 1930 885 tua

269 916 555 973 novimus
587 921 692 975 aut
707 918 1100 992 speravimus,
1115 917 1366 975 ﬁdeliter
1385 934 1457 975 ea
1486 915 1929 992 publicavimus

272 1004 351 1060 ad
368 1005 774 1063 testimonium
804 1011 917 1065 tuae
947 1006 1280 1079 probitatis,
1324 1010 1532 1063 contra
1576 1005 1708 1062 illos
1735 1004 1925 1061 maxi-

271 1109 369 1149 me
396 1093 502 1167 qui
522 1094 947 1153 discessionem
970 1099 1137 1153 tuam
1164 1095 1243 1151 ab
1274 1094 1625 1170 episcopatu
1642 1093 1923 1162 avaritias,

267 1180 360 1240 vel
386 1182 662 1253 ignaviae,
689 1183 781 1239 vel
811 1182 1162 1256 turpitudini
1185 1183 1481 1239 ascribere
1494 1180 1927 1240 nitebantur.Si

270 1285 407 1341 quae
432 1286 571 1325 vero
601 1270 851 1339 occulta,
880 1287 1016 1344 quae
1065 1270 1415 1345 paenitenda
1462 1270 1675 1339 forent,
1707 1274 1926 1327 nostrae

270 1357 411 1413 ﬁdei
440 1358 759 1429 credidisti,
791 1364 963 1417 caute
990 1360 1181 1418 celata
1213 1364 1369 1418 sunt.
1400 1364 1472 1417 At
1518 1361 1567 1416 si
1598 1359 1739 1417 talia
1792 1375 1930 1416 con-

270 1446 463 1502 fessus
494 1464 558 1503 es
580 1464 717 1522 quae
747 1450 996 1524 etprius
1051 1456 1111 1507 et
1159 1449 1551 1525 postmodum
1611 1465 1711 1505 ore
1763 1449 1927 1519 vulgi

179 1597 187 1605 ι
269 1535 553 1593 ventilata
583 1537 718 1605 sint,
752 1554 823 1595 ea
849 1555 962 1594 nos
1001 1539 1302 1597 occultare
1359 1539 1701 1614 nequimus.
1759 1542 1928 1595 Com-

2035 397 2172 436 rum
2214 380 2497 436 consultu
2539 379 2714 436 vobis
2771 377 3123 451 responderi
3178 394 3301 435 non
3360 378 3711 453 oportebat.

2037 471 2219 536 Quos,
2248 468 2351 524 ubi
2407 468 2730 536 redierunt,
2790 467 3143 523 commonui
3191 471 3256 523 ut
3304 483 3434 524 sese
3479 467 3565 523 ad
3602 482 3713 523 au-

2035 557 2325 615 dientiam
2346 560 2777 631 praesentarent
2804 561 3011 614 contra
3031 556 3329 613 domuum
3348 556 3712 614 Tetfridum.

2036 652 2172 721 Ipse
2203 664 2346 705 vero
2375 647 2816 720 responderunt
2836 662 2898 702 se
2928 645 3192 702 messivo
3213 650 3484 719 tempore
3515 662 3710 703 occu—

2037 741 2232 809 patos,
2271 736 2401 793 lites
2426 736 2506 792 ad
2536 751 2802 808 praesens
2832 735 3057 804 agitare
3076 750 3200 790 non
3219 750 3419 807 posse.
3455 735 3574 792 Sed
3601 734 3718 790 idi-

2036 825 2154 882 bus
2182 824 2453 883 Octobris
2479 825 2542 881 in
2570 824 2982 881 Aurelianensi
3006 823 3278 893 consilio,
3316 823 3489 897 quod
3536 823 3711 881 futu-

2036 932 2174 972 rum
2203 931 2337 972 esse
2364 914 2822 983 destinavimus,
2880 913 3245 971 constituent
3298 913 3471 969 vobis
3501 914 3715 987 proxi-

2034 1021 2208 1062 mum
2245 1004 2563 1061 audientiae
2587 1008 2647 1060 et
2670 1004 2832 1061 diem
2877 1007 2935 1059 et
2990 1002 3214 1060 locum.
3256 1002 3715 1060 Tantummodo

2036 1093 2281 1151 fratrem
2311 1109 2491 1149 suum
2511 1093 2842 1160 Dodonem,
2874 1092 2975 1165 qui
3010 1096 3105 1147 est
3132 1091 3299 1164 apud
3328 1107 3458 1164 vos,
3481 1091 3715 1149 redda-

2037 1184 2111 1239 tis
2123 1183 2208 1240 eis
2233 1182 2387 1240 infra
2417 1182 2770 1255 praedictum
2817 1182 3163 1238 terminum.
3202 1185 3432 1237 interea
3487 1180 3715 1237 oblatae

2038 1275 2177 1328 sunt
2221 1270 2396 1328 nobis
2460 1271 2744 1344 quaedam
2807 1270 3011 1326 litteraa
3058 1270 3176 1325 sub
3208 1275 3408 1326 vestro
3454 1270 3716 1327 nomine

2036 1358 2387 1432 conscripta;
2460 1359 2539 1414 ad
2616 1359 2916 1417 domuum
2987 1358 3367 1433 Arnulphum
3412 1358 3716 1417 abbatem

2039 1447 2236 1504 Sancti
2291 1447 2459 1516 Petri,
2520 1448 2924 1518 signiﬁcantes
2986 1465 3094 1504 vos
3141 1448 3714 1505 excommunicasse

2036 1538 2371 1594 monachos
2400 1542 2661 1594 nostros.
2690 1538 2806 1595 Sed
2832 1536 3247 1594 auctoritatem
3276 1553 3403 1610 qua
3431 1536 3612 1594 vobis
3640 1538 3713 1595 id

269 1624 395 1697 peri
426 1630 627 1687 autem
644 1644 717 1683 ex
738 1627 941 1685 litteris
975 1629 1087 1686 tuis
1115 1628 1222 1684 tibi
1252 1628 1572 1687 molestum
1603 1645 1730 1685 esse
1759 1628 1926 1702 quod
1955 1646 1997 1702 Β
2031 1624 2226 1694 liceat,
2249 1642 2346 1683 me
2361 1642 2485 1682 non
2513 1626 2762 1682 memini
2790 1624 3032 1681 vidisse.
3064 1630 3157 1694 At,
3191 1625 3239 1681 si
3271 1624 3436 1699 apud
3464 1641 3578 1681 vos
3598 1626 3713 1682 ha-

268 1717 325 1769 te
356 1716 706 1773 monasticze
746 1717 876 1775 vitae
902 1717 1165 1775 diximus
1190 1722 1543 1789 amatorem,
1566 1718 1753 1791 quod,
1783 1718 1929 1790 quia

268 1818 482 1860 nocere
504 1820 629 1863 non
656 1805 940 1875 intelligo,
961 1806 1281 1862 molestum
1306 1822 1434 1865 esse
1458 1806 1930 1865 demiror.Amor

269 1907 534 1967 namque
560 1893 863 1964 religionis
893 1895 1220 1970 episcopali
1246 1896 1461 1967 gradu,
1500 1912 1686 1969 quem
1703 1896 1929 1970 reperis

269 1980 522 2049 dignum
553 1986 606 2038 te
627 1982 824 2055 potius
854 2000 1043 2058 quam
1081 1985 1401 2056 indignum
1448 1983 1725 2055 eﬂiceret,
1761 1986 1808 2047 si
1836 1984 1928 2042 ui—

268 2069 353 2125 hil
381 2070 545 2126 aliud
573 2072 909 2146 impediret.
942 2076 1149 2130 Utrum
1170 2078 1372 2131 autem
1419 2075 1511 2144 sit,
1544 2075 1639 2131 vel
1679 2075 1830 2147 quid
1857 2074 1931 2130 sit

268 2154 433 2227 quod
482 2155 790 2228 impediat,
842 2159 1232 2227 sagacitatem
1298 2163 1465 2215 tuam
1509 2175 1634 2215 non
1675 2159 1930 2216 arbitror

268 2238 565 2307 ignorare.
603 2240 661 2296 Si
689 2242 974 2314 quaedam
996 2244 1193 2313 gravis
1219 2259 1404 2299 causa
1428 2259 1617 2317 quam
1645 2243 1927 2300 dissimu-

267 2326 358 2383 las
378 2343 503 2384 non
531 2328 816 2399 obstaret,
850 2347 921 2388 ea
945 2336 1036 2389 est
1059 2332 1430 2404 hujusmodi.
1465 2332 1523 2390 Si
1552 2333 1626 2389 de
1663 2337 1931 2405 repeten-

269 2415 348 2472 do
378 2416 686 2492 episcopio
711 2420 1157 2493 querimoniam
1195 2421 1456 2495 incipere
1481 2421 1648 2487 velis,
1676 2437 1801 2478 non
1830 2439 1926 2478 sa-

268 2505 341 2561 tis
371 2513 624 2582 apparet
649 2510 743 2566 cui
775 2526 911 2567 eam
936 2511 1071 2582 jure
1111 2512 1418 2571 intendere
1464 2512 1681 2588 possis.
1724 2512 1927 2569 Nullus

266 2594 428 2650 enim
459 2601 514 2651 te
544 2598 1003 2671 expulit,nu11us
1032 2601 1384 2658 cathedram
1423 2606 1611 2671 tuam,
1674 2606 1729 2658 te
1769 2601 1927 2659 reui~

265 2687 443 2756 tente,
474 2688 738 2760 pervasit
771 2707 784 2758 ;
819 2689 925 2746 sed
956 2694 1204 2747 tutemet
1240 2691 1394 2748 ultro
1418 2708 1601 2748 causa
1632 2693 1928 2762 aegritudi-

266 2772 380 2841 nis,
409 2778 475 2830 ut
497 2775 728 2849 aiebas,
771 2795 981 2835 curam
1008 2779 1415 2855 episcopalem
1446 2780 1627 2837 simul
1649 2785 1707 2837 et
1730 2780 1926 2838 cathe-

266 2862 442 2919 dram
470 2863 779 2938 reliquisti,
816 2871 881 2927 ut
904 2868 1225 2943 perhibent
1255 2887 1268 2924 :
1311 2874 1368 2925 et
1398 2869 1517 2927 sive
1549 2872 1927 2927 Franconem

2035 1716 2229 1784 betur,
2260 1715 2437 1772 nobis
2491 1732 2629 1773 eam
2652 1714 2883 1772 debetis
2933 1714 3269 1782 ostendere,
3306 1729 3384 1771 ne
3436 1714 3612 1783 forte,
3656 1714 3711 1771 si

2035 1821 2161 1863 non
2180 1805 2551 1873 ostendatur,
2582 1810 2687 1862 aut
2711 1796 2941 1863 temere
2990 1809 3095 1861 aut
3147 1804 3398 1860 minime
3452 1820 3711 1861 excom-

2035 1894 2325 1951 municati
2354 1910 2487 1950 esse
2512 1894 2807 1952 dicantur.
2834 1897 2899 1949 In
2935 1892 3141 1949 litteris
3165 1891 3347 1950 etiam
3367 1908 3523 1966 quas
3551 1889 3708 1947 mihi

2036 1984 2380 2056 nuperrime
2407 1983 2726 2051 direxistis,
2774 1981 3095 2040 conﬁctam
3136 1981 3340 2038 inveni
3383 1980 3711 2054 reprehen-

2039 2074 2273 2131 sionem
2297 2090 2498 2131 meam
2522 2074 2598 2130 de
2638 2072 3015 2131 ordinatione
3066 2071 3406 2131 Salomonis
3460 2070 3711 2130 abbatis

2036 2164 2152 2220 hoc
2179 2163 2366 2220 modo
2400 2180 2411 2219 :
2438 2162 2731 2221 miramur
2757 2178 2881 2235 qua
2929 2160 3280 2218 auctoritate
3333 2160 3463 2218 ﬁeri
3504 2158 3713 2234 potuit

2040 2254 2103 2308 ut
2127 2250 2253 2306 sine
2283 2251 2586 2309 audientia
2616 2249 2892 2306 subditus
2916 2249 3163 2323 praelato
3207 2249 3571 2323 praepositus
3603 2247 3705 2304 sit.

2040 2338 2232 2406 Quod,
2266 2343 2330 2395 ut
2366 2343 2533 2412 puto,
2568 2337 2772 2395 mirari
2810 2353 2934 2395 non
2964 2337 3214 2406 debetis,
3246 2337 3393 2411 quia
3438 2351 3566 2393 non
3590 2338 3707 2405 est,

2037 2425 2145 2485 sed
2172 2426 2321 2483 illud
2346 2427 2545 2500 potius
2576 2426 2880 2484 attendere
2902 2426 3069 2501 quod
3107 2430 3214 2482 est.
3242 2429 3370 2483 Non
3399 2441 3564 2487 enim
3584 2425 3711 2480 hoc

2037 2514 2163 2572 sine
2186 2515 2493 2575 audientia
2519 2514 2741 2573 factum
2783 2519 2889 2572 est.
2948 2518 3149 2588 Neque
3208 2515 3488 2572 subditus
3530 2513 3707 2570 Salo-

2034 2620 2182 2662 mon
2206 2605 2461 2663 Teffrido
2482 2607 2682 2663 adhuc
2712 2605 2961 2679 praelato
2990 2604 3349 2681 praepositus
3381 2608 3489 2662 est.
3522 2607 3711 2661 Dom-

2034 2710 2150 2750 nus
2177 2710 2445 2767 namque
2474 2694 2764 2752 Tetfridus
2790 2710 2828 2751 a
2873 2694 3000 2751 suis
3043 2694 3357 2753 monachis
3414 2693 3708 2752 crimina-

2035 2787 2151 2855 tus,
2184 2788 2249 2840 ut
2273 2784 2453 2853 scitis,
2494 2784 2661 2857 apud
2687 2800 2785 2839 me
2815 2783 2891 2839 de
2917 2784 3169 2841 infamia
3200 2799 3313 2839 sua
3374 2783 3709 2856 quaerimo-

2034 2872 2200 2928 niam
2231 2872 2386 2941 fecit,
2411 2889 2743 2946 eorumque
2775 2872 3069 2929 malitiam
3090 2889 3152 2928 se
3182 2872 3332 2929 ferre
3361 2888 3485 2929 non
3512 2887 3706 2944 posse

267 2950 569 3008 decanum
623 2954 968 3012 Parisiensis
1040 2956 1313 3013 Ecclesiae
1399 2957 1521 3014 sive
1600 2958 1927 3032 quemlibet
1957 2999 2000 3057 Ο
2037 2960 2263 3027 dicens,
2299 2962 2415 3018 sub
2434 2962 2741 3019 audientia
2771 2978 2908 3019 mea
2937 2965 2996 3019 et
3036 2978 3246 3021 eorum
3293 2961 3403 3036 qui
3452 2977 3701 3017 mecum

269 3040 454 3097 alium
481 3041 799 3113 subrogari
819 3044 929 3102 tibi
955 3044 1153 3103 verbis
1178 3050 1235 3103 et
1262 3046 1497 3121 scriptis
1520 3064 1556 3103 a
1584 3063 1722 3118 rege
1751 3048 1927 3123 petis-

268 3124 331 3180 ti.
376 3124 549 3187 Quod
580 3127 629 3183 si
656 3128 740 3186 ita
759 3134 870 3199 est,
903 3133 960 3187 et
986 3130 1071 3186 sic
1094 3130 1199 3187 tibi
1229 3136 1667 3205 consequenter
1711 3132 1928 3190 substi-

267 3212 428 3267 tutus
458 3215 547 3269 est
575 3214 821 3282 Franco,
841 3213 1094 3286 eligente
1125 3215 1304 3285 clero,
1341 3216 1709 3287 suffragante
1738 3234 1929 3293 popu-

264 3293 343 3365 lo,
376 3296 538 3353 dono
567 3298 746 3370 regis,
778 3300 1213 3380 approbatione
1238 3304 1489 3357 Roman.
1522 3300 1787 3376 pontiﬁc.
1821 3318 1929 3374 per

266 3401 519 3443 manum
550 3389 989 3462 metropolitan.
1027 3390 1406 3457 Senonensis,
1450 3389 1691 3447 fulcitur
1720 3390 1926 3464 utique

269 3474 608 3531 substitutio
638 3480 695 3534 et
742 3478 1109 3536 consecratio
1160 3478 1291 3549 ejus
1346 3477 1547 3534 favore
1585 3495 1830 3559 quoque
1870 3483 1929 3537 et

271 3563 619 3621 auctoritate
646 3563 807 3621 beati
832 3567 1070 3636 Gregor.
1104 3580 1303 3643 papae,
1335 3566 1441 3639 qui
1495 3566 1727 3641 scriptis
1781 3567 1924 3638 suis,

271 3651 423 3709 sicut
449 3652 597 3709 nulli
634 3653 990 3727 pontiﬁcum
1046 3671 1171 3711 non
1222 3655 1445 3730 petenti
1498 3673 1609 3733 pro
1656 3657 1925 3733 qualibet

269 3741 621 3811 aegritudine
651 3744 1102 3803 succedendum
1131 3743 1255 3801 fore
1282 3744 1506 3815 docuit,
1530 3746 1611 3804 ita
1658 3746 1926 3805 volunta-

268 3829 351 3886 rie
381 3831 745 3895 renuntianti
771 3833 897 3889 sedi
928 3850 1050 3895 suae
1106 3850 1519 3891 successorem
1572 3835 1927 3894 nullomodo

268 3920 606 3993 denegavit.
642 3924 756 3985 Sed
784 3924 933 3999 quid
955 3923 1121 3985 aliud
1149 3929 1238 3981 est
1261 3940 1448 4001 quare
1486 3929 1544 3982 te
1573 3924 1928 4002 episcopatu

270 4026 472 4069 carere
509 4016 802 4087 oporteat,
827 4019 895 4071 ut
921 4019 976 4073 te
1001 4014 1256 4077 noveris.
1293 4016 1395 4073 Sin
1423 4020 1645 4085 autem,
1667 4016 1783 4077 hoc
1798 4022 1927 4075 tan-

268 4101 311 4157 ti
337 4101 513 4157 nobis
542 4117 671 4158 esse
699 4104 954 4176 videtur,
989 4105 1051 4165 ni
1078 4106 1214 4178 [leg.
1264 4107 1348 4180 ut]
1381 4109 1435 4163 te
1483 4105 1678 4163 facere
1728 4106 1928 4167 valeat

268 4190 733 4263 recuperationis
762 4197 1078 4252 exsortem.
1130 4196 1507 4271 Quapropter
1556 4195 1764 4255 desine
1820 4213 1925 4254 cu-

268 4277 461 4339 riosos
486 4279 864 4352 instigatores
886 4281 1115 4352 audire,
1157 4282 1361 4341 desine
1411 4300 1582 4356 reges
1612 4290 1669 4343 et
1696 4303 1923 4360 praesu-

268 4369 354 4425 les
383 4368 704 4429 inetﬁcacis
742 4370 1131 4443 querimoniae
1179 4372 1439 4431 taediosis
1482 4359 1921 4450 scriptitationi-
1951 4359 1995 4412 D

267 4458 383 4521 bus
402 4457 671 4528 fatigare,
704 4464 761 4518 et
790 4459 1065 4519 Ecclesia:
1107 4460 1419 4523 Parisiensi
1471 4467 1535 4523 te
1582 4463 1924 4540 importune

269 4548 589 4609 obtrudere
617 4548 787 4615 velle.
822 4551 987 4619 Quae,
1018 4554 1085 4609 ut
1107 4550 1343 4626 fatetur,
1363 4569 1475 4610 nec
1513 4557 1841 4627 patronum
1868 4561 1924 4621 te

266 4637 551 4694 habuisse
578 4638 787 4710 gavisa
815 4643 924 4713 est,
955 4655 1065 4697 nec
1093 4640 1283 4699 doluit
1325 4642 1598 4701 amisisse
1627 4663 1640 4715 ;
1698 4645 1924 4723 quippe

270 4744 408 4784 cum
459 4742 657 4803 neque
712 4745 786 4786 ex
838 4729 1158 4804 praesentia
1216 4734 1317 4789 tua
1359 4732 1647 4790 doctrinae
1697 4735 1924 4811 profec-

269 4819 397 4877 tum
443 4832 639 4891 neque
705 4835 779 4877 ex
835 4818 1107 4879 absentia
1171 4822 1423 4879 senserit
1475 4822 1921 4883 detrimentum.

270 4903 406 4959 Vale
436 4921 672 4965 memor
699 4908 914 4969 nostri.

587 4997 924 5057 EPISTOLA
952 5000 1149 5055 XXXVI
1173 4998 1336 5069 [olim
1365 5000 1600 5072 XXXIX].

767 5086 960 5157 (Circa
993 5101 1225 5143 annum
1250 5090 1433 5157 1020.)

282 5176 621 5258 Vegerabili
670 5181 1139 5258 Bituricensium
1171 5186 1432 5258 praesuli
1479 5186 1546 5242 G.
1600 5188 1924 5245 FULBERTUS

345 5247 802 5375 ngnngtensium
834 5255 1078 5311 humilis
1116 5247 1423 5327 episcopus
1452 5258 1785 5316 incremata
1810 5262 1928 5318 vir-

345 5400 632 5478 Legatum
660 5415 929 5471 vestrum
952 5412 1058 5470 diu
1082 5414 1329 5487 detinui,
1347 5419 1492 5493 quia
1506 5419 1790 5478 Salomon
1816 5422 1925 5479 ab-

2037 3056 2227 3125 erant,
2260 3051 2594 3125 praelationi
2635 3068 2760 3108 suae
2815 3052 3240 3126 perpetualiter
3290 3050 3699 3108 renuntiavit:

2037 3146 2311 3198 astruens
2338 3140 2622 3197 abbatem
2650 3140 3089 3198 monachorum
3121 3143 3296 3197 Bonae
3325 3140 3498 3197 vallis
3546 3138 3705 3197 uite-

2035 3230 2160 3286 rius
2188 3247 2251 3287 se
2279 3246 2404 3287 non
2442 3245 2572 3286 esse
2616 3229 2905 3287 futurum.
2964 3229 3198 3303 Sicque,
3242 3230 3427 3304 petita
3454 3246 3494 3288 a
3520 3229 3708 3287 nobis

2036 3319 2338 3391 migrandi
2357 3319 2614 3390 licentia,
2647 3319 2923 3375 transivit
2950 3319 3033 3375 ad
3050 3336 3175 3376 vos.
3234 3320 3506 3378 Monachi
3554 3336 3707 3377 vero

2035 3409 2141 3482 qui
2164 3409 2225 3465 in
2258 3413 2420 3465 Bona
2450 3409 2602 3465 valle
2622 3412 3057 3481 remanserant,
3075 3410 3191 3466 hoc
3205 3408 3478 3480 scientes,
3507 3410 3707 3467 alium

2034 3499 2365 3571 quemdam
2396 3515 2469 3555 ex
2497 3498 2777 3555 fratribus
2804 3498 2925 3555 suis
2951 3498 3228 3565 electum,
3255 3515 3327 3555 eo
3352 3499 3521 3573 quod
3551 3499 3705 3555 irre-

2035 3586 2451 3660 prehensibilis
2482 3602 2611 3643 esse
2641 3586 2977 3657 videbatur,
3002 3586 3345 3643 obtulerunt
3375 3588 3571 3644 Odoni
3595 3604 3706 3645 co-

2036 3676 2165 3732 miti
2191 3676 2434 3733 abbatia
2462 3676 2563 3733 illa
2583 3676 2940 3733 donandum
2970 3676 3103 3749 (29),
3145 3680 3211 3732 ut
3230 3693 3362 3733 mos
3393 3682 3540 3746 erat,
3588 3679 3704 3735 mi-

2035 3765 2218 3841 hique
2258 3765 2473 3822 deinde
2533 3766 3030 3823 consecrandum.
3083 3769 3148 3820 ln
3205 3765 3443 3822 interim
3491 3765 3703 3823 locum

2035 3854 2296 3927 pastoris
2327 3859 2499 3912 tenet.
2536 3854 2593 3912 Si
2630 3854 2765 3930 quis
2786 3869 2928 3925 ergo
2960 3858 3070 3923 est,
3095 3854 3202 3930 qui
3230 3871 3326 3911 me
3378 3870 3562 3929 super
3581 3857 3703 3913 hoc

2035 3942 2193 4000 facto
2213 3943 2700 4018 praesumptionis
2735 3948 2968 4015 arguat,
3027 3943 3258 4001 noverit
3301 3960 3399 4001 me
3442 3960 3702 4020 respon-

2034 4031 2175 4088 dere
2204 4037 2505 4107 paratum,
2537 4036 2594 4088 et
2616 4032 2733 4089 hoc
2762 4037 2886 4089 tam
2915 4031 3145 4089 ratione
3198 4048 3387 4106 quam
3441 4033 3704 4091 auctori-

2035 4124 2152 4178 tate
2173 4123 2672 4197 approbaturum.
2692 4122 2863 4188 Quod
2882 4122 2931 4177 si
2951 4122 3087 4197 quis
3108 4122 3423 4192 abbatum,
3451 4122 3548 4180 vel
3564 4124 3701 4180 ani-

2033 4211 2117 4266 mi
2128 4211 2222 4268 vel
2238 4211 2504 4286 corporis
2530 4211 2879 4283 aegritudine
2891 4211 3263 4285 molestatus,
3279 4212 3703 4286 praelationem

2037 4316 2212 4358 suam
2237 4301 2300 4358 in
2321 4306 2680 4377 perpetuum
2719 4302 3124 4359 renuntiondo
3154 4302 3407 4373 deserat,
3468 4303 3704 4376 episco-

2034 4407 2148 4464 pus
2177 4391 2366 4467 ipsius
2393 4390 2647 4448 diocesis
2663 4391 2725 4447 in
2751 4391 2880 4448 leco
2910 4392 2960 4463 ej
2971 4408 3042 4448 us
3067 4391 3321 4448 alterum
3348 4392 3569 4449 debeat
3596 4409 3700 4449 or-

2032 4480 2262 4542 dinare.
2295 4480 2511 4538 Valete.

2345 4590 2682 4648 EPISTOLA
2730 4591 2951 4647 xxxvu
2978 4591 3144 4662 [olim
3168 4590 3368 4668 xxxx]

2493 4708 2686 4778 (Circa
2714 4722 2945 4767 annum
2969 4711 3155 4782 £020.)

2114 4796 2461 4854 Venerando
2514 4796 2944 4856 Senonensium
2968 4800 3228 4868 praetuli
3270 4801 3621 4859 Lsurasmco

2175 4868 2497 4925 FULBERTUS
2544 4870 2924 4947 Camotensis
2972 4872 3217 4928 humilis
3245 4871 3544 4930 sacerdos.

2104 4973 2347 5033 Litteras
2378 4991 2452 5033 ex
2479 4980 2648 5049 parte
2678 4982 2881 5034 vestra
2910 4978 3315 5051 suscepimus,
3367 4980 3698 5039 suadentes

2031 5064 2294 5138 recipere
2322 5066 2489 5138 quod
2517 5066 2833 5124 homicidae
2852 5067 3329 5128 Silvanectenses
3355 5069 3614 5129 offerant
3629 5076 3703 5129 ut

2032 5160 2375 5212 mereantur
2404 5156 2651 5213 absolvi.
2684 5159 2801 5213 Nos
2827 5161 3052 5230 autem,
3092 5158 3156 5216 in
3184 5158 3408 5232 quibus
3434 5164 3697 5233 oportet,

2031 5243 2207 5300 vobis
2235 5260 2472 5319 semper
2499 5245 2744 5303 obedire
2771 5247 2966 5320 parati
2995 5264 3228 5316 sumus,
3258 5248 3363 5308 sed
3389 5248 3453 5306 in
3468 5244 3592 5305 hoc
3613 5250 3700 5310 ad

2033 5349 2293 5407 praesens
2308 5335 2444 5392 ideo
2458 5352 2582 5393 non
2603 5340 2853 5411 oportet,
2871 5337 3229 5412 quianeque
3239 5339 3471 5410 justum
3489 5353 3700 5413 neque

2034 5424 2425 5480 commodum
2454 5428 2561 5481 est.
2595 5428 2662 5482 Et
2676 5426 2906 5498 justum
2935 5442 3061 5485 non
3084 5443 3213 5484 esse
3255 5427 3420 5499 leges
3451 5428 3698 5502 scripta

341 5613 458 5685 (29)
483 5614 586 5670 Jus
603 5627 749 5687 ergo
777 5614 1134 5676 nominandi
1162 5621 1242 5680 ad
1261 5620 1539 5681 abbatias
1566 5622 1876 5683 habebant
1902 5622 2153 5683 comites
2175 5628 2577 5685 carnotenses.
