  <div class='ocr_page' id='page_1' title='image "/cluster/home/n/w/nwhite01/storage/ocr_20150623/141/hvd.32044054760012/116.png"; bbox 0 0 4018 6176; ppageno 0'>
   <div class='ocr_carea' id='block_1_1' title="bbox 203 125 303 177">
    <p class='ocr_par' dir='ltr' id='par_1_1' title="bbox 203 125 303 177">
     <span class='ocr_line' id='line_1_1' title="bbox 203 125 303 177; baseline -0.01 0"><span class='ocrx_word' id='word_1_1' title='bbox 203 125 303 177; x_wconf 75' lang='grc'>221</span> 
     </span>
    </p>
   </div>
   <div class='ocr_carea' id='block_1_2' title="bbox 1750 105 2150 171">
    <p class='ocr_par' dir='ltr' id='par_1_2' title="bbox 1750 105 2150 171">
     <span class='ocr_line' id='line_1_2' title="bbox 1750 105 2150 171; baseline -0.005 0"><span class='ocrx_word' id='word_1_2' title='bbox 1750 105 2150 171; x_wconf 67' lang='grc' dir='ltr'>ΕΡΙδΤθιλΕ.</span> 
     </span>
    </p>
   </div>
   <div class='ocr_carea' id='block_1_3' title="bbox 3563 122 3693 184">
    <p class='ocr_par' dir='ltr' id='par_1_3' title="bbox 3563 122 3693 184">
     <span class='ocr_line' id='line_1_3' title="bbox 3563 122 3693 184; baseline 0.062 -8"><span class='ocrx_word' id='word_1_3' title='bbox 3563 122 3693 184; x_wconf 71' lang='grc'><strong>222</strong></span> 
     </span>
    </p>
   </div>
   <div class='ocr_carea' id='block_1_4' title="bbox 200 232 3691 315">
    <p class='ocr_par' dir='ltr' id='par_1_4' title="bbox 200 232 3691 315">
     <span class='ocr_line' id='line_1_4' title="bbox 200 232 3691 315; baseline -0.001 -12"><span class='ocrx_word' id='word_1_4' title='bbox 200 244 648 303; x_wconf 80' lang='lat' dir='ltr'>demonstrant.</span> <span class='ocrx_word' id='word_1_5' title='bbox 681 240 1106 299; x_wconf 84' lang='lat' dir='ltr'>Commodum</span> <span class='ocrx_word' id='word_1_6' title='bbox 1157 257 1294 298; x_wconf 90' lang='lat' dir='ltr'>vero</span> <span class='ocrx_word' id='word_1_7' title='bbox 1324 255 1445 295; x_wconf 90' lang='lat' dir='ltr'>non</span> <span class='ocrx_word' id='word_1_8' title='bbox 1482 241 1571 294; x_wconf 89' lang='lat' dir='ltr'>est</span> <span class='ocrx_word' id='word_1_9' title='bbox 1614 239 1677 293; x_wconf 90' lang='lat' dir='ltr'>ut</span> <span class='ocrx_word' id='word_1_10' title='bbox 1717 248 1897 293; x_wconf 90' lang='lat' dir='ltr'>mors</span> <span class='ocrx_word' id='word_1_11' title='bbox 1935 232 1978 288; x_wconf 83' lang='grc' dir='ltr'><strong>Α</strong></span> <span class='ocrx_word' id='word_1_12' title='bbox 2008 236 2131 309; x_wconf 84' lang='lat' dir='ltr'>tur,</span> <span class='ocrx_word' id='word_1_13' title='bbox 2161 254 2313 311; x_wconf 90' lang='lat' dir='ltr'>quos</span> <span class='ocrx_word' id='word_1_14' title='bbox 2340 244 2539 298; x_wconf 89' lang='lat' dir='ltr'>tamen</span> <span class='ocrx_word' id='word_1_15' title='bbox 2561 243 2789 315; x_wconf 89' lang='lat' dir='ltr'>judicio</span> <span class='ocrx_word' id='word_1_16' title='bbox 2820 243 2921 300; x_wconf 86' lang='lat' dir='ltr'>Dei</span> <span class='ocrx_word' id='word_1_17' title='bbox 2951 247 3107 303; x_wconf 87' lang='lat' dir='ltr'>terra</span> <span class='ocrx_word' id='word_1_18' title='bbox 3133 243 3302 300; x_wconf 89' lang='lat' dir='ltr'>vivos</span> <span class='ocrx_word' id='word_1_19' title='bbox 3332 241 3691 300; x_wconf 79' lang='lat' dir='ltr'>absorbuit.</span> 
     </span>
    </p>
   </div>
   <div class='ocr_carea' id='block_1_5' title="bbox 202 326 1895 404">
    <p class='ocr_par' dir='ltr' id='par_1_5' title="bbox 202 326 1895 404">
     <span class='ocr_line' id='line_1_5' title="bbox 202 326 1895 404; baseline -0.009 -13"><span class='ocrx_word' id='word_1_20' title='bbox 202 339 577 397; x_wconf 87' lang='lat' dir='ltr'>sanctorum,</span> <span class='ocrx_word' id='word_1_21' title='bbox 610 345 751 402; x_wconf 61' lang='lat' dir='ltr'>quae</span> <span class='ocrx_word' id='word_1_22' title='bbox 782 330 849 385; x_wconf 92' lang='lat' dir='ltr'>in</span> <span class='ocrx_word' id='word_1_23' title='bbox 878 335 1213 404; x_wconf 85' lang='lat' dir='ltr'>conspectu</span> <span class='ocrx_word' id='word_1_24' title='bbox 1242 328 1470 385; x_wconf 87' lang='lat' dir='ltr'>Domini</span> <span class='ocrx_word' id='word_1_25' title='bbox 1491 326 1748 400; x_wconf 85' lang='lat' dir='ltr'>pretiosa</span> <span class='ocrx_word' id='word_1_26' title='bbox 1774 327 1895 391; x_wconf 82' lang='lat' dir='ltr'>est,</span> 
     </span>
    </p>
   </div>
   <div class='ocr_carea' id='block_1_6' title="bbox 201 412 1897 499">
    <p class='ocr_par' dir='ltr' id='par_1_6' title="bbox 201 412 1897 499">
     <span class='ocr_line' id='line_1_6' title="bbox 201 412 1897 499; baseline -0.007 -18"><span class='ocrx_word' id='word_1_27' title='bbox 201 424 371 499; x_wconf 87' lang='lat' dir='ltr'>apud</span> <span class='ocrx_word' id='word_1_28' title='bbox 398 421 679 479; x_wconf 87' lang='lat' dir='ltr'>homines</span> <span class='ocrx_word' id='word_1_29' title='bbox 712 418 822 477; x_wconf 85' lang='lat' dir='ltr'>vili</span> <span class='ocrx_word' id='word_1_30' title='bbox 850 419 1054 491; x_wconf 89' lang='lat' dir='ltr'>pretio</span> <span class='ocrx_word' id='word_1_31' title='bbox 1081 424 1321 476; x_wconf 78' lang='lat' dir='ltr'>constet.</span> <span class='ocrx_word' id='word_1_32' title='bbox 1351 420 1510 485; x_wconf 92' lang='lat' dir='ltr'>Quos</span> <span class='ocrx_word' id='word_1_33' title='bbox 1539 415 1588 473; x_wconf 89' lang='lat' dir='ltr'>si</span> <span class='ocrx_word' id='word_1_34' title='bbox 1623 414 1757 489; x_wconf 88' lang='lat' dir='ltr'>quis</span> <span class='ocrx_word' id='word_1_35' title='bbox 1809 412 1897 470; x_wconf 88' lang='lat' dir='ltr'>in-</span> 
     </span>
    </p>
   </div>
   <div class='ocr_carea' id='block_1_7' title="bbox 200 506 1895 581">
    <p class='ocr_par' dir='ltr' id='par_1_7' title="bbox 200 506 1895 581">
     <span class='ocr_line' id='line_1_7' title="bbox 200 506 1895 581; baseline -0.006 -12"><span class='ocrx_word' id='word_1_36' title='bbox 200 511 478 578; x_wconf 87' lang='lat' dir='ltr'>stituerit,</span> <span class='ocrx_word' id='word_1_37' title='bbox 506 511 787 568; x_wconf 88' lang='lat' dir='ltr'>omnium</span> <span class='ocrx_word' id='word_1_38' title='bbox 816 513 1178 565; x_wconf 88' lang='lat' dir='ltr'>sanctorum</span> <span class='ocrx_word' id='word_1_39' title='bbox 1204 508 1303 581; x_wconf 87' lang='lat' dir='ltr'>qui</span> <span class='ocrx_word' id='word_1_40' title='bbox 1343 506 1554 565; x_wconf 91' lang='lat' dir='ltr'>eadem</span> <span class='ocrx_word' id='word_1_41' title='bbox 1582 521 1766 562; x_wconf 89' lang='lat' dir='ltr'>causa</span> <span class='ocrx_word' id='word_1_42' title='bbox 1792 520 1895 577; x_wconf 84' lang='lat' dir='ltr'>pe-</span> 
     </span>
    </p>
   </div>
   <div class='ocr_carea' id='block_1_8' title="bbox 197 596 1896 671">
    <p class='ocr_par' dir='ltr' id='par_1_8' title="bbox 197 596 1896 671">
     <span class='ocr_line' id='line_1_8' title="bbox 197 596 1896 671; baseline -0.004 -11"><span class='ocrx_word' id='word_1_43' title='bbox 197 602 373 660; x_wconf 87' lang='lat' dir='ltr'>rituri</span> <span class='ocrx_word' id='word_1_44' title='bbox 412 605 575 671; x_wconf 87' lang='lat' dir='ltr'>sunt,</span> <span class='ocrx_word' id='word_1_45' title='bbox 602 616 741 657; x_wconf 91' lang='lat' dir='ltr'>reus</span> <span class='ocrx_word' id='word_1_46' title='bbox 806 599 1136 668; x_wconf 78' lang='lat' dir='ltr'>sanguinis</span> <span class='ocrx_word' id='word_1_47' title='bbox 1188 597 1310 655; x_wconf 90' lang='lat' dir='ltr'>erit.</span> <span class='ocrx_word' id='word_1_48' title='bbox 1360 596 1647 655; x_wconf 82' lang='lat' dir='ltr'>Sanctitas</span> <span class='ocrx_word' id='word_1_49' title='bbox 1693 598 1896 653; x_wconf 82' lang='lat' dir='ltr'>vestra</span> 
     </span>
    </p>
   </div>
   <div class='ocr_carea' id='block_1_9' title="bbox 199 688 1007 762">
    <p class='ocr_par' dir='ltr' id='par_1_9' title="bbox 199 688 1007 762">
     <span class='ocr_line' id='line_1_9' title="bbox 199 688 1007 762; baseline -0.006 -15"><span class='ocrx_word' id='word_1_50' title='bbox 199 691 400 749; x_wconf 77' lang='lat' dir='ltr'>valeat</span> <span class='ocrx_word' id='word_1_51' title='bbox 429 706 668 762; x_wconf 86' lang='lat' dir='ltr'>semper</span> <span class='ocrx_word' id='word_1_52' title='bbox 695 692 756 746; x_wconf 91' lang='lat' dir='ltr'>et</span> <span class='ocrx_word' id='word_1_53' title='bbox 773 688 1007 759; x_wconf 81' lang='lat' dir='ltr'>vigeat.</span> 
     </span>
    </p>
   </div>
   <div class='ocr_carea' id='block_1_10' title="bbox 518 775 1583 847">
    <p class='ocr_par' dir='ltr' id='par_1_10' title="bbox 518 775 1583 847">
     <span class='ocr_line' id='line_1_10' title="bbox 518 775 1583 847; baseline -0.003 -13"><span class='ocrx_word' id='word_1_54' title='bbox 518 779 867 835; x_wconf 76' lang='lat' dir='ltr'>EPISTULA</span> <span class='ocrx_word' id='word_1_55' title='bbox 910 778 1160 833; x_wconf 80' lang='lat' dir='ltr'>XXXVIII</span> <span class='ocrx_word' id='word_1_56' title='bbox 1201 776 1361 847; x_wconf 76' lang='lat' dir='ltr'>[olim</span> <span class='ocrx_word' id='word_1_57' title='bbox 1390 775 1583 844; x_wconf 86' lang='lat' dir='ltr'>XLVI].</span> 
     </span>
    </p>
   </div>
   <div class='ocr_carea' id='block_1_11' title="bbox 713 866 1392 937">
    <p class='ocr_par' dir='ltr' id='par_1_11' title="bbox 713 866 1392 937">
     <span class='ocr_line' id='line_1_11' title="bbox 713 866 1392 937; baseline -0.003 -14"><span class='ocrx_word' id='word_1_58' title='bbox 713 867 917 937; x_wconf 87' lang='lat' dir='ltr'>(Circa</span> <span class='ocrx_word' id='word_1_59' title='bbox 952 880 1186 922; x_wconf 89' lang='lat' dir='ltr'>annum</span> <span class='ocrx_word' id='word_1_60' title='bbox 1219 866 1392 936; x_wconf 70' lang='lat'>£020).</span> 
     </span>
    </p>
   </div>
   <div class='ocr_carea' id='block_1_12' title="bbox 198 956 1889 1026">
    <p class='ocr_par' dir='ltr' id='par_1_12' title="bbox 198 956 1889 1026">
     <span class='ocr_line' id='line_1_12' title="bbox 198 956 1889 1026; baseline -0.004 -10"><span class='ocrx_word' id='word_1_61' title='bbox 198 962 273 1016; x_wconf 88' lang='lat' dir='ltr'>A.</span> <span class='ocrx_word' id='word_1_62' title='bbox 319 961 500 1016; x_wconf 82' lang='lat' dir='ltr'>claro</span> <span class='ocrx_word' id='word_1_63' title='bbox 527 957 1041 1015; x_wconf 81' lang='lat' dir='ltr'>Landunensium</span> <span class='ocrx_word' id='word_1_64' title='bbox 1090 957 1338 1026; x_wconf 72' lang='lat' dir='ltr'>praesuli</span> <span class='ocrx_word' id='word_1_65' title='bbox 1384 958 1697 1011; x_wconf 74' lang='lat' dir='ltr'>Fuwsnrus</span> <span class='ocrx_word' id='word_1_66' title='bbox 1737 956 1889 1011; x_wconf 85' lang='lat' dir='ltr'>Car-</span> 
     </span>
    </p>
   </div>
   <div class='ocr_carea' id='block_1_13' title="bbox 710 1046 1383 1103">
    <p class='ocr_par' dir='ltr' id='par_1_13' title="bbox 710 1046 1383 1103">
     <span class='ocr_line' id='line_1_13' title="bbox 710 1046 1383 1103; baseline -0.003 0"><span class='ocrx_word' id='word_1_67' title='bbox 710 1048 1066 1103; x_wconf 82' lang='lat' dir='ltr'>notensium</span> <span class='ocrx_word' id='word_1_68' title='bbox 1095 1046 1383 1103; x_wconf 79' lang='lat' dir='ltr'>sacerdos.</span> 
     </span>
    </p>
   </div>
   <div class='ocr_carea' id='block_1_14' title="bbox 267 1133 1888 1206">
    <p class='ocr_par' dir='ltr' id='par_1_14' title="bbox 267 1133 1888 1206">
     <span class='ocr_line' id='line_1_14' title="bbox 267 1133 1888 1206; baseline -0.002 -13"><span class='ocrx_word' id='word_1_69' title='bbox 267 1140 353 1193; x_wconf 89' lang='lat' dir='ltr'>De</span> <span class='ocrx_word' id='word_1_70' title='bbox 385 1136 607 1205; x_wconf 85' lang='lat' dir='ltr'>grandi</span> <span class='ocrx_word' id='word_1_71' title='bbox 632 1134 865 1205; x_wconf 81' lang='lat' dir='ltr'>injuria</span> <span class='ocrx_word' id='word_1_72' title='bbox 892 1134 1075 1191; x_wconf 88' lang='lat' dir='ltr'>nobis</span> <span class='ocrx_word' id='word_1_73' title='bbox 1104 1134 1259 1192; x_wconf 88' lang='lat' dir='ltr'>facta</span> <span class='ocrx_word' id='word_1_74' title='bbox 1279 1133 1702 1206; x_wconf 83' lang='lat' dir='ltr'>conquerimur</span> <span class='ocrx_word' id='word_1_75' title='bbox 1722 1133 1888 1206; x_wconf 90' lang='lat' dir='ltr'>apud</span> 
     </span>
    </p>
   </div>
   <div class='ocr_carea' id='block_1_15' title="bbox 193 1222 1891 1296">
    <p class='ocr_par' dir='ltr' id='par_1_15' title="bbox 193 1222 1891 1296">
     <span class='ocr_line' id='line_1_15' title="bbox 193 1222 1891 1296; baseline -0.003 -12"><span class='ocrx_word' id='word_1_76' title='bbox 193 1233 274 1296; x_wconf 88' lang='lat' dir='ltr'>te,</span> <span class='ocrx_word' id='word_1_77' title='bbox 302 1242 536 1296; x_wconf 87' lang='lat' dir='ltr'>magne</span> <span class='ocrx_word' id='word_1_78' title='bbox 564 1228 758 1295; x_wconf 88' lang='lat' dir='ltr'>Pater,</span> <span class='ocrx_word' id='word_1_79' title='bbox 783 1241 978 1296; x_wconf 88' lang='lat' dir='ltr'>quem</span> <span class='ocrx_word' id='word_1_80' title='bbox 1012 1242 1086 1281; x_wconf 82' lang='lat' dir='ltr'>ex</span> <span class='ocrx_word' id='word_1_81' title='bbox 1115 1225 1313 1282; x_wconf 88' lang='lat' dir='ltr'>debito</span> <span class='ocrx_word' id='word_1_82' title='bbox 1343 1224 1643 1282; x_wconf 87' lang='lat' dir='ltr'>charitatis</span> <span class='ocrx_word' id='word_1_83' title='bbox 1682 1228 1739 1280; x_wconf 91' lang='lat' dir='ltr'>et</span> <span class='ocrx_word' id='word_1_84' title='bbox 1763 1222 1891 1280; x_wconf 83' lang='lat' dir='ltr'>ofﬁ-</span> 
     </span>
    </p>
   </div>
   <div class='ocr_carea' id='block_1_16' title="bbox 197 1313 1884 1385">
    <p class='ocr_par' dir='ltr' id='par_1_16' title="bbox 197 1313 1884 1385">
     <span class='ocr_line' id='line_1_16' title="bbox 197 1313 1884 1385; baseline 0 -16"><span class='ocrx_word' id='word_1_85' title='bbox 197 1316 271 1370; x_wconf 89' lang='lat' dir='ltr'>cii</span> <span class='ocrx_word' id='word_1_86' title='bbox 301 1314 451 1371; x_wconf 83' lang='lat' dir='ltr'>talia</span> <span class='ocrx_word' id='word_1_87' title='bbox 484 1330 697 1370; x_wconf 89' lang='lat' dir='ltr'>curare</span> <span class='ocrx_word' id='word_1_88' title='bbox 724 1318 989 1385; x_wconf 81' lang='lat' dir='ltr'>oportet.</span> <span class='ocrx_word' id='word_1_89' title='bbox 1025 1315 1216 1371; x_wconf 86' lang='lat' dir='ltr'>Causa</span> <span class='ocrx_word' id='word_1_90' title='bbox 1244 1330 1386 1370; x_wconf 89' lang='lat' dir='ltr'>vero</span> <span class='ocrx_word' id='word_1_91' title='bbox 1404 1313 1754 1384; x_wconf 90' lang='lat' dir='ltr'>hujusmodi</span> <span class='ocrx_word' id='word_1_92' title='bbox 1775 1317 1884 1369; x_wconf 89' lang='lat' dir='ltr'>est.</span> 
     </span>
    </p>
   </div>
   <div class='ocr_carea' id='block_1_17' title="bbox 196 1401 1887 1472">
    <p class='ocr_par' dir='ltr' id='par_1_17' title="bbox 196 1401 1887 1472">
     <span class='ocr_line' id='line_1_17' title="bbox 196 1401 1887 1472; baseline -0.001 -13"><span class='ocrx_word' id='word_1_93' title='bbox 196 1404 487 1469; x_wconf 87' lang='lat' dir='ltr'>Quodam</span> <span class='ocrx_word' id='word_1_94' title='bbox 547 1401 826 1458; x_wconf 69' lang='lat' dir='ltr'>Ecclesia:</span> <span class='ocrx_word' id='word_1_95' title='bbox 886 1406 1112 1459; x_wconf 77' lang='lat' dir='ltr'>nostrae</span> <span class='ocrx_word' id='word_1_96' title='bbox 1178 1402 1523 1459; x_wconf 87' lang='lat' dir='ltr'>subdecano</span> <span class='ocrx_word' id='word_1_97' title='bbox 1582 1402 1887 1472; x_wconf 90' lang='lat' dir='ltr'>defuncto,</span> 
     </span>
    </p>
   </div>
   <div class='ocr_carea' id='block_1_18' title="bbox 195 1489 1891 1565">
    <p class='ocr_par' dir='ltr' id='par_1_18' title="bbox 195 1489 1891 1565">
     <span class='ocr_line' id='line_1_18' title="bbox 195 1489 1891 1565; baseline -0.001 -18"><span class='ocrx_word' id='word_1_98' title='bbox 195 1492 367 1565; x_wconf 84' lang='lat' dir='ltr'>petiit</span> <span class='ocrx_word' id='word_1_99' title='bbox 398 1508 435 1547; x_wconf 92' lang='lat' dir='ltr'>a</span> <span class='ocrx_word' id='word_1_100' title='bbox 462 1491 642 1547; x_wconf 81' lang='lat' dir='ltr'>nobis</span> <span class='ocrx_word' id='word_1_101' title='bbox 677 1493 740 1545; x_wconf 91' lang='lat' dir='ltr'>B.</span> <span class='ocrx_word' id='word_1_102' title='bbox 778 1489 1245 1547; x_wconf 88' lang='lat' dir='ltr'>Silvanectensis</span> <span class='ocrx_word' id='word_1_103' title='bbox 1275 1491 1591 1564; x_wconf 89' lang='lat' dir='ltr'>episcopus</span> <span class='ocrx_word' id='word_1_104' title='bbox 1612 1490 1743 1546; x_wconf 89' lang='lat' dir='ltr'>dari</span> <span class='ocrx_word' id='word_1_105' title='bbox 1775 1489 1891 1546; x_wconf 91' lang='lat' dir='ltr'>sibi</span> 
     </span>
    </p>
   </div>
   <div class='ocr_carea' id='block_1_19' title="bbox 2005 328 3698 406">
    <p class='ocr_par' dir='ltr' id='par_1_19' title="bbox 2005 328 3698 406">
     <span class='ocr_line' id='line_1_19' title="bbox 2005 328 3698 406; baseline 0.007 -25"><span class='ocrx_word' id='word_1_106' title='bbox 2005 328 2157 382; x_wconf 86' lang='lat' dir='ltr'>Nam</span> <span class='ocrx_word' id='word_1_107' title='bbox 2183 329 2227 383; x_wconf 90' lang='lat' dir='ltr'>si</span> <span class='ocrx_word' id='word_1_108' title='bbox 2259 330 2340 385; x_wconf 93' lang='lat' dir='ltr'>illi</span> <span class='ocrx_word' id='word_1_109' title='bbox 2370 334 2607 387; x_wconf 88' lang='lat' dir='ltr'>sanctos</span> <span class='ocrx_word' id='word_1_110' title='bbox 2638 332 2737 389; x_wconf 91' lang='lat' dir='ltr'>Dei</span> <span class='ocrx_word' id='word_1_111' title='bbox 2763 337 3266 406; x_wconf 85' lang='lat' dir='ltr'>contempserant,</span> <span class='ocrx_word' id='word_1_112' title='bbox 3298 348 3422 388; x_wconf 92' lang='lat' dir='ltr'>non</span> <span class='ocrx_word' id='word_1_113' title='bbox 3463 332 3698 406; x_wconf 86' lang='lat' dir='ltr'>utique</span> 
     </span>
    </p>
   </div>
   <div class='ocr_carea' id='block_1_20' title="bbox 2004 417 3700 496">
    <p class='ocr_par' dir='ltr' id='par_1_20' title="bbox 2004 417 3700 496">
     <span class='ocr_line' id='line_1_20' title="bbox 2004 417 3700 496; baseline 0.008 -25"><span class='ocrx_word' id='word_1_114' title='bbox 2004 417 2395 477; x_wconf 78' lang='lat' dir='ltr'>trucidarent.</span> <span class='ocrx_word' id='word_1_115' title='bbox 2432 422 2604 486; x_wconf 87' lang='lat' dir='ltr'>Quod</span> <span class='ocrx_word' id='word_1_116' title='bbox 2624 421 2685 477; x_wconf 85' lang='lat' dir='ltr'>si</span> <span class='ocrx_word' id='word_1_117' title='bbox 2733 422 2880 481; x_wconf 85' lang='lat' dir='ltr'>tales</span> <span class='ocrx_word' id='word_1_118' title='bbox 2929 422 3204 480; x_wconf 88' lang='lat' dir='ltr'>socordia</span> <span class='ocrx_word' id='word_1_119' title='bbox 3251 423 3345 480; x_wconf 86' lang='lat' dir='ltr'>vel</span> <span class='ocrx_word' id='word_1_120' title='bbox 3385 422 3700 496; x_wconf 81' lang='lat' dir='ltr'>iniquitas</span> 
     </span>
    </p>
   </div>
   <div class='ocr_carea' id='block_1_21' title="bbox 1999 506 3691 584">
    <p class='ocr_par' dir='ltr' id='par_1_21' title="bbox 1999 506 3691 584">
     <span class='ocr_line' id='line_1_21' title="bbox 1999 506 3691 584; baseline 0.007 -23"><span class='ocrx_word' id='word_1_121' title='bbox 1999 506 2276 577; x_wconf 90' lang='lat' dir='ltr'>judicum</span> <span class='ocrx_word' id='word_1_122' title='bbox 2326 510 2628 584; x_wconf 88' lang='lat' dir='ltr'>reliquerit</span> <span class='ocrx_word' id='word_1_123' title='bbox 2673 511 3026 584; x_wconf 89' lang='lat' dir='ltr'>impunitos,</span> <span class='ocrx_word' id='word_1_124' title='bbox 3086 528 3224 569; x_wconf 91' lang='lat' dir='ltr'>cum</span> <span class='ocrx_word' id='word_1_125' title='bbox 3298 513 3415 569; x_wconf 91' lang='lat' dir='ltr'>hoc</span> <span class='ocrx_word' id='word_1_126' title='bbox 3472 511 3691 573; x_wconf 89' lang='lat' dir='ltr'>facere</span> 
     </span>
    </p>
   </div>
   <div class='ocr_carea' id='block_1_22' title="bbox 2004 596 3721 674">
    <p class='ocr_par' dir='ltr' id='par_1_22' title="bbox 2004 596 3721 674">
     <span class='ocr_line' id='line_1_22' title="bbox 2004 596 3721 674; baseline 0.006 -23"><span class='ocrx_word' id='word_1_127' title='bbox 2004 596 2349 669; x_wconf 90' lang='lat' dir='ltr'>conspirare</span> <span class='ocrx_word' id='word_1_128' title='bbox 2380 599 2455 657; x_wconf 88' lang='lat' dir='ltr'>sit</span> <span class='ocrx_word' id='word_1_129' title='bbox 2484 599 2545 656; x_wconf 91' lang='lat' dir='ltr'>in</span> <span class='ocrx_word' id='word_1_130' title='bbox 2593 599 3025 657; x_wconf 85' lang='lat' dir='ltr'>contumeliam</span> <span class='ocrx_word' id='word_1_131' title='bbox 3078 600 3199 669; x_wconf 92' lang='lat' dir='ltr'>Dei,</span> <span class='ocrx_word' id='word_1_132' title='bbox 3260 605 3317 656; x_wconf 91' lang='lat' dir='ltr'>et</span> <span class='ocrx_word' id='word_1_133' title='bbox 3368 617 3721 674; x_wconf 82' lang='lat' dir='ltr'>exponere</span> 
     </span>
    </p>
   </div>
   <div class='ocr_carea' id='block_1_23' title="bbox 2004 688 3675 765">
    <p class='ocr_par' dir='ltr' id='par_1_23' title="bbox 2004 688 3675 765">
     <span class='ocr_line' id='line_1_23' title="bbox 2004 688 3675 765; baseline 0.006 -26"><span class='ocrx_word' id='word_1_134' title='bbox 2004 700 2212 743; x_wconf 88' lang='lat' dir='ltr'>servos</span> <span class='ocrx_word' id='word_1_135' title='bbox 2244 688 2375 759; x_wconf 89' lang='lat' dir='ltr'>ejus</span> <span class='ocrx_word' id='word_1_136' title='bbox 2402 689 2479 746; x_wconf 89' lang='lat' dir='ltr'>ad</span> <span class='ocrx_word' id='word_1_137' title='bbox 2512 690 2741 747; x_wconf 60' lang='lat' dir='ltr'>caedem</span> <span class='ocrx_word' id='word_1_138' title='bbox 2770 708 2782 746; x_wconf 92' lang='lat'>:</span> <span class='ocrx_word' id='word_1_139' title='bbox 2820 689 2970 763; x_wconf 90' lang='lat' dir='ltr'>quid</span> <span class='ocrx_word' id='word_1_140' title='bbox 3011 694 3214 760; x_wconf 80' lang='lat' dir='ltr'>restat,</span> <span class='ocrx_word' id='word_1_141' title='bbox 3246 690 3361 747; x_wconf 88' lang='lat' dir='ltr'>nisi</span> <span class='ocrx_word' id='word_1_142' title='bbox 3383 695 3448 747; x_wconf 91' lang='lat' dir='ltr'>ut</span> <span class='ocrx_word' id='word_1_143' title='bbox 3474 690 3675 765; x_wconf 90' lang='lat' dir='ltr'>ipsius</span> 
     </span>
    </p>
   </div>
   <div class='ocr_carea' id='block_1_24' title="bbox 2004 776 3673 848">
    <p class='ocr_par' dir='ltr' id='par_1_24' title="bbox 2004 776 3673 848">
     <span class='ocr_line' id='line_1_24' title="bbox 2004 776 3673 848; baseline 0.003 -16"><span class='ocrx_word' id='word_1_144' title='bbox 2004 776 2229 833; x_wconf 87' lang='lat' dir='ltr'>summi</span> <span class='ocrx_word' id='word_1_145' title='bbox 2252 777 2473 847; x_wconf 89' lang='lat' dir='ltr'>judicis</span> <span class='ocrx_word' id='word_1_146' title='bbox 2500 778 2590 834; x_wconf 91' lang='lat' dir='ltr'>ira</span> <span class='ocrx_word' id='word_1_147' title='bbox 2611 778 2962 848; x_wconf 80' lang='lat' dir='ltr'>desaeviens,</span> <span class='ocrx_word' id='word_1_148' title='bbox 2992 782 3050 835; x_wconf 92' lang='lat' dir='ltr'>et</span> <span class='ocrx_word' id='word_1_149' title='bbox 3075 779 3186 835; x_wconf 90' lang='lat' dir='ltr'>hos</span> <span class='ocrx_word' id='word_1_150' title='bbox 3234 782 3292 835; x_wconf 87' lang='lat' dir='ltr'>et</span> <span class='ocrx_word' id='word_1_151' title='bbox 3318 778 3452 835; x_wconf 88' lang='lat' dir='ltr'>illos</span> <span class='ocrx_word' id='word_1_152' title='bbox 3495 780 3673 837; x_wconf 90' lang='lat' dir='ltr'>inau-</span> 
     </span>
    </p>
   </div>
   <div class='ocr_carea' id='block_1_25' title="bbox 2000 865 3670 943">
    <p class='ocr_par' dir='ltr' id='par_1_25' title="bbox 2000 865 3670 943">
     <span class='ocr_line' id='line_1_25' title="bbox 2000 865 3670 943; baseline 0.002 -22"><span class='ocrx_word' id='word_1_153' title='bbox 2000 865 2126 923; x_wconf 90' lang='lat' dir='ltr'>dita</span> <span class='ocrx_word' id='word_1_154' title='bbox 2182 867 2392 922; x_wconf 91' lang='lat' dir='ltr'>mortis</span> <span class='ocrx_word' id='word_1_155' title='bbox 2443 872 2751 926; x_wconf 78' lang='lat' dir='ltr'>atrocitate</span> <span class='ocrx_word' id='word_1_156' title='bbox 2774 868 3133 943; x_wconf 86' lang='lat' dir='ltr'>disperdat?</span> <span class='ocrx_word' id='word_1_157' title='bbox 3162 868 3415 925; x_wconf 86' lang='lat' dir='ltr'>Proinde</span> <span class='ocrx_word' id='word_1_158' title='bbox 3470 870 3670 940; x_wconf 89' lang='lat' dir='ltr'>nobis,</span> 
     </span>
    </p>
   </div>
   <div class='ocr_carea' id='block_1_26' title="bbox 1999 956 3675 1029">
    <p class='ocr_par' dir='ltr' id='par_1_26' title="bbox 1999 956 3675 1029">
     <span class='ocr_line' id='line_1_26' title="bbox 1999 956 3675 1029; baseline 0.003 -18"><span class='ocrx_word' id='word_1_159' title='bbox 1999 956 2225 1029; x_wconf 89' lang='lat' dir='ltr'>quibus</span> <span class='ocrx_word' id='word_1_160' title='bbox 2280 957 2441 1014; x_wconf 90' lang='lat' dir='ltr'>idem</span> <span class='ocrx_word' id='word_1_161' title='bbox 2499 959 2787 1015; x_wconf 89' lang='lat' dir='ltr'>Dominus</span> <span class='ocrx_word' id='word_1_162' title='bbox 2840 959 3117 1017; x_wconf 72' lang='lat' dir='ltr'>Ecclesiae</span> <span class='ocrx_word' id='word_1_163' title='bbox 3173 974 3296 1015; x_wconf 69' lang='lat' dir='ltr'>suae</span> <span class='ocrx_word' id='word_1_164' title='bbox 3352 958 3675 1021; x_wconf 84' lang='lat' dir='ltr'>tribunalia</span> 
     </span>
    </p>
   </div>
   <div class='ocr_carea' id='block_1_27' title="bbox 2000 1045 3673 1121">
    <p class='ocr_par' dir='ltr' id='par_1_27' title="bbox 2000 1045 3673 1121">
     <span class='ocr_line' id='line_1_27' title="bbox 2000 1045 3673 1121; baseline 0.002 -21"><span class='ocrx_word' id='word_1_165' title='bbox 2000 1045 2352 1113; x_wconf 91' lang='lat' dir='ltr'>commissit,</span> <span class='ocrx_word' id='word_1_166' title='bbox 2395 1048 2667 1121; x_wconf 90' lang='lat' dir='ltr'>apprime</span> <span class='ocrx_word' id='word_1_167' title='bbox 2710 1048 3119 1107; x_wconf 88' lang='lat' dir='ltr'>necessarium</span> <span class='ocrx_word' id='word_1_168' title='bbox 3174 1051 3264 1104; x_wconf 88' lang='lat' dir='ltr'>est</span> <span class='ocrx_word' id='word_1_169' title='bbox 3308 1063 3515 1118; x_wconf 84' lang='lat' dir='ltr'>regem</span> <span class='ocrx_word' id='word_1_170' title='bbox 3562 1064 3673 1104; x_wconf 90' lang='lat' dir='ltr'>no-</span> 
     </span>
    </p>
   </div>
   <div class='ocr_carea' id='block_1_28' title="bbox 2000 1135 3673 1208">
    <p class='ocr_par' dir='ltr' id='par_1_28' title="bbox 2000 1135 3673 1208">
     <span class='ocr_line' id='line_1_28' title="bbox 2000 1135 3673 1208; baseline 0.003 -20"><span class='ocrx_word' id='word_1_171' title='bbox 2000 1137 2192 1189; x_wconf 91' lang='lat' dir='ltr'>strum</span> <span class='ocrx_word' id='word_1_172' title='bbox 2222 1150 2453 1208; x_wconf 90' lang='lat' dir='ltr'>nosque</span> <span class='ocrx_word' id='word_1_173' title='bbox 2480 1135 2733 1192; x_wconf 84' lang='lat' dir='ltr'>invicem</span> <span class='ocrx_word' id='word_1_174' title='bbox 2757 1137 2954 1195; x_wconf 89' lang='lat' dir='ltr'>modis</span> <span class='ocrx_word' id='word_1_175' title='bbox 2983 1136 3268 1195; x_wconf 89' lang='lat' dir='ltr'>omnibus</span> <span class='ocrx_word' id='word_1_176' title='bbox 3295 1137 3573 1207; x_wconf 86' lang='lat' dir='ltr'>excitare,</span> <span class='ocrx_word' id='word_1_177' title='bbox 3598 1153 3673 1193; x_wconf 91' lang='lat' dir='ltr'>ne</span> 
     </span>
    </p>
   </div>
   <div class='ocr_carea' id='block_1_29' title="bbox 1998 1223 3669 1296">
    <p class='ocr_par' dir='ltr' id='par_1_29' title="bbox 1998 1223 3669 1296">
     <span class='ocr_line' id='line_1_29' title="bbox 1998 1223 3669 1296; baseline 0.002 -19"><span class='ocrx_word' id='word_1_178' title='bbox 1998 1228 2243 1296; x_wconf 88' lang='lat' dir='ltr'>repente</span> <span class='ocrx_word' id='word_1_179' title='bbox 2265 1223 2548 1281; x_wconf 89' lang='lat' dir='ltr'>feriamur</span> <span class='ocrx_word' id='word_1_180' title='bbox 2566 1225 2627 1281; x_wconf 91' lang='lat' dir='ltr'>in</span> <span class='ocrx_word' id='word_1_181' title='bbox 2647 1225 2999 1296; x_wconf 82' lang='lat' dir='ltr'>hujusmodi</span> <span class='ocrx_word' id='word_1_182' title='bbox 3022 1226 3300 1282; x_wconf 90' lang='lat' dir='ltr'>socordia</span> <span class='ocrx_word' id='word_1_183' title='bbox 3328 1226 3669 1282; x_wconf 87' lang='lat' dir='ltr'>oscitantes.</span> 
     </span>
    </p>
   </div>
   <div class='ocr_carea' id='block_1_30' title="bbox 2001 1313 3671 1388">
    <p class='ocr_par' dir='ltr' id='par_1_30' title="bbox 2001 1313 3671 1388">
     <span class='ocr_line' id='line_1_30' title="bbox 2001 1313 3671 1388; baseline 0.001 -20"><span class='ocrx_word' id='word_1_184' title='bbox 2001 1313 2174 1375; x_wconf 88' lang='lat' dir='ltr'>Quod</span> <span class='ocrx_word' id='word_1_185' title='bbox 2207 1329 2319 1383; x_wconf 87' lang='lat' dir='ltr'>ego</span> <span class='ocrx_word' id='word_1_186' title='bbox 2351 1318 2403 1370; x_wconf 90' lang='lat' dir='ltr'>te</span> <span class='ocrx_word' id='word_1_187' title='bbox 2446 1315 2644 1371; x_wconf 85' lang='lat' dir='ltr'>facere</span> <span class='ocrx_word' id='word_1_188' title='bbox 2690 1315 2999 1388; x_wconf 87' lang='lat' dir='ltr'>deprecor,</span> <span class='ocrx_word' id='word_1_189' title='bbox 3058 1331 3277 1385; x_wconf 81' lang='lat' dir='ltr'>magne</span> <span class='ocrx_word' id='word_1_190' title='bbox 3333 1318 3520 1383; x_wconf 90' lang='lat' dir='ltr'>Pater,</span> <span class='ocrx_word' id='word_1_191' title='bbox 3576 1315 3671 1371; x_wconf 92' lang='lat' dir='ltr'>cui</span> 
     </span>
    </p>
   </div>
   <div class='ocr_carea' id='block_1_31' title="bbox 2004 1402 3671 1477">
    <p class='ocr_par' dir='ltr' id='par_1_31' title="bbox 2004 1402 3671 1477">
     <span class='ocr_line' id='line_1_31' title="bbox 2004 1402 3671 1477; baseline 0 -18"><span class='ocrx_word' id='word_1_192' title='bbox 2004 1406 2160 1459; x_wconf 90' lang='lat' dir='ltr'>Deus</span> <span class='ocrx_word' id='word_1_193' title='bbox 2189 1402 2343 1459; x_wconf 90' lang='lat' dir='ltr'>bene</span> <span class='ocrx_word' id='word_1_194' title='bbox 2376 1403 2674 1460; x_wconf 91' lang='lat' dir='ltr'>suadendi</span> <span class='ocrx_word' id='word_1_195' title='bbox 2701 1404 2939 1476; x_wconf 89' lang='lat' dir='ltr'>copiam</span> <span class='ocrx_word' id='word_1_196' title='bbox 2991 1404 3531 1477; x_wconf 88' lang='lat' dir='ltr'>incomparabilem</span> <span class='ocrx_word' id='word_1_197' title='bbox 3570 1403 3671 1459; x_wconf 91' lang='lat' dir='ltr'>de-</span> 
     </span>
    </p>
   </div>
   <div class='ocr_carea' id='block_1_32' title="bbox 2001 1488 3670 1566">
    <p class='ocr_par' dir='ltr' id='par_1_32' title="bbox 2001 1488 3670 1566">
     <span class='ocr_line' id='line_1_32' title="bbox 2001 1488 3670 1566; baseline 0.003 -23"><span class='ocrx_word' id='word_1_198' title='bbox 2001 1488 2109 1557; x_wconf 87' lang='lat' dir='ltr'>dit,</span> <span class='ocrx_word' id='word_1_199' title='bbox 2139 1489 2436 1564; x_wconf 87' lang='lat' dir='ltr'>simulque</span> <span class='ocrx_word' id='word_1_200' title='bbox 2468 1496 2531 1548; x_wconf 91' lang='lat' dir='ltr'>ut</span> <span class='ocrx_word' id='word_1_201' title='bbox 2558 1493 2686 1565; x_wconf 89' lang='lat' dir='ltr'>ipse</span> <span class='ocrx_word' id='word_1_202' title='bbox 2715 1510 2954 1550; x_wconf 90' lang='lat' dir='ltr'>mecum</span> <span class='ocrx_word' id='word_1_203' title='bbox 2999 1493 3316 1566; x_wconf 65' lang='lat' dir='ltr'>praedictos</span> <span class='ocrx_word' id='word_1_204' title='bbox 3364 1492 3670 1549; x_wconf 89' lang='lat' dir='ltr'>maleﬁcos</span> 
     </span>
    </p>
   </div>
   <div class='ocr_carea' id='block_1_33' title="bbox 196 1577 3667 1651">
    <p class='ocr_par' dir='ltr' id='par_1_33' title="bbox 196 1577 3667 1651">
     <span class='ocr_line' id='line_1_33' title="bbox 196 1577 3667 1651; baseline -0 -14"><span class='ocrx_word' id='word_1_205' title='bbox 196 1586 302 1637; x_wconf 89' lang='lat' dir='ltr'>aut</span> <span class='ocrx_word' id='word_1_206' title='bbox 326 1580 505 1636; x_wconf 86' lang='lat' dir='ltr'>fratri</span> <span class='ocrx_word' id='word_1_207' title='bbox 534 1596 645 1635; x_wconf 91' lang='lat' dir='ltr'>suo</span> <span class='ocrx_word' id='word_1_208' title='bbox 675 1578 1087 1635; x_wconf 89' lang='lat' dir='ltr'>ministerium</span> <span class='ocrx_word' id='word_1_209' title='bbox 1116 1580 1385 1650; x_wconf 79' lang='lat' dir='ltr'>ejus.Nos</span> <span class='ocrx_word' id='word_1_210' title='bbox 1413 1584 1616 1635; x_wconf 90' lang='lat' dir='ltr'>autem</span> <span class='ocrx_word' id='word_1_211' title='bbox 1640 1595 1890 1651; x_wconf 87' lang='lat' dir='ltr'>respon-</span> <span class='ocrx_word' id='word_1_212' title='bbox 1933 1595 1978 1650; x_wconf 79' lang='grc' dir='ltr'><strong>Β</strong></span> <span class='ocrx_word' id='word_1_213' title='bbox 2006 1577 2155 1634; x_wconf 88' lang='lat' dir='ltr'>citra</span> <span class='ocrx_word' id='word_1_214' title='bbox 2232 1579 2561 1650; x_wconf 85' lang='lat' dir='ltr'>legitimam</span> <span class='ocrx_word' id='word_1_215' title='bbox 2621 1583 3086 1639; x_wconf 86' lang='lat' dir='ltr'>satisfactionem</span> <span class='ocrx_word' id='word_1_216' title='bbox 3162 1582 3667 1649; x_wconf 85' lang='lat' dir='ltr'>excommunices,</span> 
     </span>
    </p>
   </div>
   <div class='ocr_carea' id='block_1_34' title="bbox 195 1667 1894 1742">
    <p class='ocr_par' dir='ltr' id='par_1_34' title="bbox 195 1667 1894 1742">
     <span class='ocr_line' id='line_1_34' title="bbox 195 1667 1894 1742; baseline -0.001 -17"><span class='ocrx_word' id='word_1_217' title='bbox 195 1670 411 1725; x_wconf 88' lang='lat' dir='ltr'>dimus</span> <span class='ocrx_word' id='word_1_218' title='bbox 472 1684 600 1725; x_wconf 91' lang='lat' dir='ltr'>non</span> <span class='ocrx_word' id='word_1_219' title='bbox 655 1668 987 1724; x_wconf 86' lang='lat' dir='ltr'>convenire</span> <span class='ocrx_word' id='word_1_220' title='bbox 1049 1667 1177 1735; x_wconf 86' lang='lat' dir='ltr'>sibi,</span> <span class='ocrx_word' id='word_1_221' title='bbox 1228 1684 1299 1724; x_wconf 92' lang='lat' dir='ltr'>eo</span> <span class='ocrx_word' id='word_1_222' title='bbox 1348 1668 1516 1742; x_wconf 92' lang='lat' dir='ltr'>quod</span> <span class='ocrx_word' id='word_1_223' title='bbox 1574 1667 1894 1741; x_wconf 88' lang='lat' dir='ltr'>episcopus</span> 
     </span>
    </p>
   </div>
   <div class='ocr_carea' id='block_1_35' title="bbox 197 1757 1899 1831">
    <p class='ocr_par' dir='ltr' id='par_1_35' title="bbox 197 1757 1899 1831">
     <span class='ocr_line' id='line_1_35' title="bbox 197 1757 1899 1831; baseline -0.001 -15"><span class='ocrx_word' id='word_1_224' title='bbox 197 1764 384 1826; x_wconf 87' lang='lat' dir='ltr'>esset,</span> <span class='ocrx_word' id='word_1_225' title='bbox 415 1775 617 1831; x_wconf 88' lang='lat' dir='ltr'>neque</span> <span class='ocrx_word' id='word_1_226' title='bbox 646 1757 816 1815; x_wconf 83' lang='lat' dir='ltr'>fratri</span> <span class='ocrx_word' id='word_1_227' title='bbox 847 1761 1026 1814; x_wconf 82' lang='lat' dir='ltr'>aetate</span> <span class='ocrx_word' id='word_1_228' title='bbox 1062 1758 1257 1815; x_wconf 89' lang='lat' dir='ltr'>adhuc</span> <span class='ocrx_word' id='word_1_229' title='bbox 1287 1764 1344 1815; x_wconf 88' lang='lat' dir='ltr'>et</span> <span class='ocrx_word' id='word_1_230' title='bbox 1371 1758 1648 1815; x_wconf 90' lang='lat' dir='ltr'>moribus</span> <span class='ocrx_word' id='word_1_231' title='bbox 1685 1758 1899 1815; x_wconf 88' lang='lat' dir='ltr'>imma-</span> 
     </span>
    </p>
   </div>
   <div class='ocr_carea' id='block_1_36' title="bbox 200 1846 1899 1919">
    <p class='ocr_par' dir='ltr' id='par_1_36' title="bbox 200 1846 1899 1919">
     <span class='ocr_line' id='line_1_36' title="bbox 200 1846 1899 1919; baseline -0.002 -14"><span class='ocrx_word' id='word_1_232' title='bbox 200 1854 368 1905; x_wconf 88' lang='lat' dir='ltr'>turo.</span> <span class='ocrx_word' id='word_1_233' title='bbox 408 1852 568 1904; x_wconf 84' lang='lat' dir='ltr'>Tunc</span> <span class='ocrx_word' id='word_1_234' title='bbox 600 1847 899 1919; x_wconf 87' lang='lat' dir='ltr'>elegimus</span> <span class='ocrx_word' id='word_1_235' title='bbox 959 1846 1037 1902; x_wconf 91' lang='lat' dir='ltr'>de</span> <span class='ocrx_word' id='word_1_236' title='bbox 1078 1863 1327 1904; x_wconf 90' lang='lat' dir='ltr'>numero</span> <span class='ocrx_word' id='word_1_237' title='bbox 1379 1848 1767 1905; x_wconf 87' lang='lat' dir='ltr'>sacerdotum</span> <span class='ocrx_word' id='word_1_238' title='bbox 1794 1863 1899 1902; x_wconf 75' lang='grc' dir='ltr'>[ιο-</span> 
     </span>
    </p>
   </div>
   <div class='ocr_carea' id='block_1_37' title="bbox 203 1935 1894 2010">
    <p class='ocr_par' dir='ltr' id='par_1_37' title="bbox 203 1935 1894 2010">
     <span class='ocr_line' id='line_1_37' title="bbox 203 1935 1894 2010; baseline -0.001 -16"><span class='ocrx_word' id='word_1_239' title='bbox 203 1942 481 1994; x_wconf 87' lang='lat' dir='ltr'>strorum</span> <span class='ocrx_word' id='word_1_240' title='bbox 518 1937 596 1994; x_wconf 87' lang='lat' dir='ltr'>ad</span> <span class='ocrx_word' id='word_1_241' title='bbox 643 1936 792 1993; x_wconf 90' lang='lat' dir='ltr'>illud</span> <span class='ocrx_word' id='word_1_242' title='bbox 821 1935 1095 1992; x_wconf 80' lang='lat' dir='ltr'>ofﬁcium</span> <span class='ocrx_word' id='word_1_243' title='bbox 1143 1936 1508 1994; x_wconf 84' lang='lat' dir='ltr'>Eberardum</span> <span class='ocrx_word' id='word_1_244' title='bbox 1538 1937 1894 2010; x_wconf 87' lang='lat' dir='ltr'>quemdam,</span> 
     </span>
    </p>
   </div>
   <div class='ocr_carea' id='block_1_38' title="bbox 201 2025 1898 2099">
    <p class='ocr_par' dir='ltr' id='par_1_38' title="bbox 201 2025 1898 2099">
     <span class='ocr_line' id='line_1_38' title="bbox 201 2025 1898 2099; baseline -0.001 -15"><span class='ocrx_word' id='word_1_245' title='bbox 201 2028 501 2084; x_wconf 88' lang='lat' dir='ltr'>scientem</span> <span class='ocrx_word' id='word_1_246' title='bbox 528 2043 599 2083; x_wconf 90' lang='lat' dir='ltr'>ac</span> <span class='ocrx_word' id='word_1_247' title='bbox 629 2026 993 2097; x_wconf 85' lang='lat' dir='ltr'>religiosum</span> <span class='ocrx_word' id='word_1_248' title='bbox 1024 2025 1233 2082; x_wconf 87' lang='lat' dir='ltr'>virum.</span> <span class='ocrx_word' id='word_1_249' title='bbox 1287 2028 1460 2094; x_wconf 85' lang='lat' dir='ltr'>Quod</span> <span class='ocrx_word' id='word_1_250' title='bbox 1486 2028 1718 2084; x_wconf 87' lang='lat' dir='ltr'>factum</span> <span class='ocrx_word' id='word_1_251' title='bbox 1748 2043 1898 2099; x_wconf 78' lang='lat' dir='ltr'>pree-</span> 
     </span>
    </p>
   </div>
   <div class='ocr_carea' id='block_1_39' title="bbox 195 2115 1900 2189">
    <p class='ocr_par' dir='ltr' id='par_1_39' title="bbox 195 2115 1900 2189">
     <span class='ocr_line' id='line_1_39' title="bbox 195 2115 1900 2189; baseline -0.001 -16"><span class='ocrx_word' id='word_1_252' title='bbox 195 2118 400 2173; x_wconf 83' lang='lat' dir='ltr'>dictus</span> <span class='ocrx_word' id='word_1_253' title='bbox 428 2120 498 2174; x_wconf 84' lang='lat' dir='ltr'>B.</span> <span class='ocrx_word' id='word_1_254' title='bbox 534 2120 852 2189; x_wconf 86' lang='lat' dir='ltr'>materque</span> <span class='ocrx_word' id='word_1_255' title='bbox 884 2118 943 2171; x_wconf 91' lang='lat' dir='ltr'>et</span> <span class='ocrx_word' id='word_1_256' title='bbox 970 2115 1179 2170; x_wconf 85' lang='lat' dir='ltr'>fratrer</span> <span class='ocrx_word' id='word_1_257' title='bbox 1229 2115 1416 2188; x_wconf 89' lang='lat' dir='ltr'>ipsius</span> <span class='ocrx_word' id='word_1_258' title='bbox 1464 2116 1620 2174; x_wconf 90' lang='lat' dir='ltr'>adeo</span> <span class='ocrx_word' id='word_1_259' title='bbox 1670 2115 1900 2173; x_wconf 72' lang='lat' dir='ltr'>invide-</span> 
     </span>
    </p>
   </div>
   <div class='ocr_carea' id='block_1_40' title="bbox 194 2204 1900 2280">
    <p class='ocr_par' dir='ltr' id='par_1_40' title="bbox 194 2204 1900 2280">
     <span class='ocr_line' id='line_1_40' title="bbox 194 2204 1900 2280; baseline -0.002 -17"><span class='ocrx_word' id='word_1_260' title='bbox 194 2211 363 2277; x_wconf 87' lang='lat' dir='ltr'>runt,</span> <span class='ocrx_word' id='word_1_261' title='bbox 398 2210 467 2263; x_wconf 92' lang='lat' dir='ltr'>ut</span> <span class='ocrx_word' id='word_1_262' title='bbox 494 2211 702 2263; x_wconf 87' lang='lat' dir='ltr'>sancto</span> <span class='ocrx_word' id='word_1_263' title='bbox 728 2206 883 2274; x_wconf 87' lang='lat' dir='ltr'>viro,</span> <span class='ocrx_word' id='word_1_264' title='bbox 919 2220 1126 2260; x_wconf 83' lang='lat' dir='ltr'>coram</span> <span class='ocrx_word' id='word_1_265' title='bbox 1155 2204 1425 2277; x_wconf 89' lang='lat' dir='ltr'>pluribus</span> <span class='ocrx_word' id='word_1_266' title='bbox 1455 2207 1561 2280; x_wconf 90' lang='lat' dir='ltr'>qui</span> <span class='ocrx_word' id='word_1_267' title='bbox 1604 2210 1785 2262; x_wconf 88' lang='lat' dir='ltr'>testes</span> <span class='ocrx_word' id='word_1_268' title='bbox 1814 2205 1900 2261; x_wconf 90' lang='lat' dir='ltr'>in-</span> 
     </span>
    </p>
   </div>
   <div class='ocr_carea' id='block_1_41' title="bbox 197 2292 1898 2364">
    <p class='ocr_par' dir='ltr' id='par_1_41' title="bbox 197 2292 1898 2364">
     <span class='ocr_line' id='line_1_41' title="bbox 197 2292 1898 2364; baseline -0.001 -12"><span class='ocrx_word' id='word_1_269' title='bbox 197 2298 275 2353; x_wconf 88' lang='lat' dir='ltr'>de</span> <span class='ocrx_word' id='word_1_270' title='bbox 319 2301 488 2364; x_wconf 85' lang='lat' dir='ltr'>sunt,</span> <span class='ocrx_word' id='word_1_271' title='bbox 546 2294 833 2352; x_wconf 85' lang='lat' dir='ltr'>terribilia</span> <span class='ocrx_word' id='word_1_272' title='bbox 882 2292 1270 2350; x_wconf 86' lang='lat' dir='ltr'>minarentur.</span> <span class='ocrx_word' id='word_1_273' title='bbox 1334 2299 1400 2352; x_wconf 87' lang='lat' dir='ltr'>Et</span> <span class='ocrx_word' id='word_1_274' title='bbox 1447 2296 1683 2352; x_wconf 91' lang='lat' dir='ltr'>dictum</span> <span class='ocrx_word' id='word_1_275' title='bbox 1739 2294 1898 2351; x_wconf 89' lang='lat' dir='ltr'>facto</span> 
     </span>
    </p>
   </div>
   <div class='ocr_carea' id='block_1_42' title="bbox 195 2381 1897 2445">
    <p class='ocr_par' dir='ltr' id='par_1_42' title="bbox 195 2381 1897 2445">
     <span class='ocr_line' id='line_1_42' title="bbox 195 2381 1897 2445; baseline -0.001 -5"><span class='ocrx_word' id='word_1_276' title='bbox 195 2400 324 2441; x_wconf 92' lang='lat' dir='ltr'>non</span> <span class='ocrx_word' id='word_1_277' title='bbox 353 2384 568 2445; x_wconf 86' lang='lat' dir='ltr'>caruit.</span> <span class='ocrx_word' id='word_1_278' title='bbox 599 2386 907 2440; x_wconf 89' lang='lat' dir='ltr'>Venerunt</span> <span class='ocrx_word' id='word_1_279' title='bbox 935 2381 1095 2437; x_wconf 90' lang='lat' dir='ltr'>enim</span> <span class='ocrx_word' id='word_1_280' title='bbox 1135 2382 1209 2437; x_wconf 90' lang='lat' dir='ltr'>de</span> <span class='ocrx_word' id='word_1_281' title='bbox 1251 2383 1482 2441; x_wconf 88' lang='lat' dir='ltr'>civitate</span> <span class='ocrx_word' id='word_1_282' title='bbox 1542 2382 1897 2440; x_wconf 87' lang='lat' dir='ltr'>Silvanectis</span> 
     </span>
    </p>
   </div>
   <div class='ocr_carea' id='block_1_43' title="bbox 202 2472 1897 2547">
    <p class='ocr_par' dir='ltr' id='par_1_43' title="bbox 202 2472 1897 2547">
     <span class='ocr_line' id='line_1_43' title="bbox 202 2472 1897 2547; baseline -0.002 -16"><span class='ocrx_word' id='word_1_283' title='bbox 202 2475 281 2531; x_wconf 90' lang='lat' dir='ltr'>ad</span> <span class='ocrx_word' id='word_1_284' title='bbox 339 2479 620 2531; x_wconf 86' lang='lat' dir='ltr'>nostram</span> <span class='ocrx_word' id='word_1_285' title='bbox 666 2473 926 2547; x_wconf 87' lang='lat' dir='ltr'>quidam</span> <span class='ocrx_word' id='word_1_286' title='bbox 984 2488 1058 2528; x_wconf 84' lang='lat' dir='ltr'>ex</span> <span class='ocrx_word' id='word_1_287' title='bbox 1109 2472 1449 2531; x_wconf 89' lang='lat' dir='ltr'>domesticis</span> <span class='ocrx_word' id='word_1_288' title='bbox 1510 2490 1747 2543; x_wconf 90' lang='lat' dir='ltr'>eorum,</span> <span class='ocrx_word' id='word_1_289' title='bbox 1813 2473 1897 2529; x_wconf 90' lang='lat' dir='ltr'>sic</span> 
     </span>
    </p>
   </div>
   <div class='ocr_carea' id='block_1_44' title="bbox 202 2561 1895 2637">
    <p class='ocr_par' dir='ltr' id='par_1_44' title="bbox 202 2561 1895 2637">
     <span class='ocr_line' id='line_1_44' title="bbox 202 2561 1895 2637; baseline -0.001 -16"><span class='ocrx_word' id='word_1_290' title='bbox 202 2564 541 2624; x_wconf 83' lang='lat' dir='ltr'>necessarii</span> <span class='ocrx_word' id='word_1_291' title='bbox 574 2569 638 2620; x_wconf 91' lang='lat' dir='ltr'>ut</span> <span class='ocrx_word' id='word_1_292' title='bbox 668 2561 947 2620; x_wconf 90' lang='lat' dir='ltr'>absentia</span> <span class='ocrx_word' id='word_1_293' title='bbox 966 2561 1206 2618; x_wconf 88' lang='lat' dir='ltr'>illorum</span> <span class='ocrx_word' id='word_1_294' title='bbox 1236 2578 1344 2619; x_wconf 91' lang='lat' dir='ltr'>nec</span> <span class='ocrx_word' id='word_1_295' title='bbox 1369 2580 1477 2637; x_wconf 90' lang='lat' dir='ltr'>per</span> <span class='ocrx_word' id='word_1_296' title='bbox 1506 2580 1702 2620; x_wconf 91' lang='lat' dir='ltr'>unum</span> <span class='ocrx_word' id='word_1_297' title='bbox 1732 2563 1895 2619; x_wconf 86' lang='lat' dir='ltr'>diem</span> 
     </span>
    </p>
   </div>
   <div class='ocr_carea' id='block_1_45' title="bbox 202 2651 1892 2727">
    <p class='ocr_par' dir='ltr' id='par_1_45' title="bbox 202 2651 1892 2727">
     <span class='ocr_line' id='line_1_45' title="bbox 202 2651 1892 2727; baseline -0.002 -15"><span class='ocrx_word' id='word_1_298' title='bbox 202 2655 475 2726; x_wconf 87' lang='lat' dir='ltr'>ignorari</span> <span class='ocrx_word' id='word_1_299' title='bbox 509 2653 791 2727; x_wconf 90' lang='lat' dir='ltr'>potuerit,</span> <span class='ocrx_word' id='word_1_300' title='bbox 842 2651 948 2726; x_wconf 90' lang='lat' dir='ltr'>qui</span> <span class='ocrx_word' id='word_1_301' title='bbox 979 2652 1237 2708; x_wconf 87' lang='lat' dir='ltr'>interdiu</span> <span class='ocrx_word' id='word_1_302' title='bbox 1284 2654 1530 2726; x_wconf 90' lang='lat' dir='ltr'>quidem</span> <span class='ocrx_word' id='word_1_303' title='bbox 1568 2654 1892 2723; x_wconf 85' lang='lat' dir='ltr'>latuerunt,</span> 
     </span>
    </p>
   </div>
   <div class='ocr_carea' id='block_1_46' title="bbox 204 2740 1895 2818">
    <p class='ocr_par' dir='ltr' id='par_1_46' title="bbox 204 2740 1895 2818">
     <span class='ocr_line' id='line_1_46' title="bbox 204 2740 1895 2818; baseline -0.002 -17"><span class='ocrx_word' id='word_1_304' title='bbox 204 2745 333 2813; x_wconf 85' lang='lat' dir='ltr'>sed,</span> <span class='ocrx_word' id='word_1_305' title='bbox 366 2743 681 2818; x_wconf 81' lang='lat' dir='ltr'>profunda</span> <span class='ocrx_word' id='word_1_306' title='bbox 725 2747 900 2799; x_wconf 91' lang='lat' dir='ltr'>nocte</span> <span class='ocrx_word' id='word_1_307' title='bbox 933 2740 1177 2811; x_wconf 90' lang='lat' dir='ltr'>egressi,</span> <span class='ocrx_word' id='word_1_308' title='bbox 1230 2747 1503 2799; x_wconf 86' lang='lat' dir='ltr'>sanctum</span> <span class='ocrx_word' id='word_1_309' title='bbox 1534 2743 1706 2800; x_wconf 91' lang='lat' dir='ltr'>illum</span> <span class='ocrx_word' id='word_1_310' title='bbox 1758 2758 1895 2815; x_wconf 90' lang='lat' dir='ltr'>pre-</span> 
     </span>
    </p>
   </div>
   <div class='ocr_carea' id='block_1_47' title="bbox 207 2825 1891 2903">
    <p class='ocr_par' dir='ltr' id='par_1_47' title="bbox 207 2825 1891 2903">
     <span class='ocr_line' id='line_1_47' title="bbox 207 2825 1891 2903; baseline 0.001 -18"><span class='ocrx_word' id='word_1_311' title='bbox 207 2831 528 2903; x_wconf 84' lang='lat' dir='ltr'>sbyterum</span> <span class='ocrx_word' id='word_1_312' title='bbox 575 2844 745 2884; x_wconf 87' lang='lat' dir='ltr'>more</span> <span class='ocrx_word' id='word_1_313' title='bbox 803 2827 980 2883; x_wconf 92' lang='lat' dir='ltr'>solito</span> <span class='ocrx_word' id='word_1_314' title='bbox 1018 2825 1355 2883; x_wconf 84' lang='lat' dir='ltr'>venientem</span> <span class='ocrx_word' id='word_1_315' title='bbox 1410 2829 1489 2885; x_wconf 88' lang='lat' dir='ltr'>ad</span> <span class='ocrx_word' id='word_1_316' title='bbox 1544 2827 1891 2895; x_wconf 82' lang='lat' dir='ltr'>Ecclesiam,</span> 
     </span>
    </p>
   </div>
   <div class='ocr_carea' id='block_1_48' title="bbox 207 2914 1975 3001">
    <p class='ocr_par' dir='ltr' id='par_1_48' title="bbox 207 2914 1975 3001">
     <span class='ocr_line' id='line_1_48' title="bbox 207 2914 1975 3001; baseline -0.003 -26"><span class='ocrx_word' id='word_1_317' title='bbox 207 2918 385 2991; x_wconf 88' lang='lat' dir='ltr'>quasi</span> <span class='ocrx_word' id='word_1_318' title='bbox 414 2917 637 2990; x_wconf 91' lang='lat' dir='ltr'>lupum</span> <span class='ocrx_word' id='word_1_319' title='bbox 666 2916 972 2985; x_wconf 86' lang='lat' dir='ltr'>rabidum,</span> <span class='ocrx_word' id='word_1_320' title='bbox 1006 2914 1231 2971; x_wconf 87' lang='lat' dir='ltr'>lanceis</span> <span class='ocrx_word' id='word_1_321' title='bbox 1273 2916 1502 2973; x_wconf 88' lang='lat' dir='ltr'>falcatis</span> <span class='ocrx_word' id='word_1_322' title='bbox 1554 2917 1730 2988; x_wconf 81' lang='lat' dir='ltr'>[alias</span> <span class='ocrx_word' id='word_1_323' title='bbox 1786 2915 1893 2972; x_wconf 87' lang='lat' dir='ltr'>fal—</span> <span class='ocrx_word' id='word_1_324' title='bbox 1932 2948 1975 3001; x_wconf 72' lang='grc' dir='ltr'>ο</span> 
     </span>
    </p>
   </div>
   <div class='ocr_carea' id='block_1_49' title="bbox 207 3004 1892 3079">
    <p class='ocr_par' dir='ltr' id='par_1_49' title="bbox 207 3004 1892 3079">
     <span class='ocr_line' id='line_1_49' title="bbox 207 3004 1892 3079; baseline -0.002 -15"><span class='ocrx_word' id='word_1_325' title='bbox 207 3008 431 3078; x_wconf 82' lang='lat' dir='ltr'>lastris]</span> <span class='ocrx_word' id='word_1_326' title='bbox 458 3012 516 3064; x_wconf 89' lang='lat' dir='ltr'>et</span> <span class='ocrx_word' id='word_1_327' title='bbox 542 3006 756 3077; x_wconf 85' lang='lat' dir='ltr'>gladiis</span> <span class='ocrx_word' id='word_1_328' title='bbox 788 3005 848 3061; x_wconf 90' lang='lat' dir='ltr'>in</span> <span class='ocrx_word' id='word_1_329' title='bbox 874 3005 1008 3078; x_wconf 92' lang='lat' dir='ltr'>ipso</span> <span class='ocrx_word' id='word_1_330' title='bbox 1041 3004 1192 3061; x_wconf 89' lang='lat' dir='ltr'>atrio</span> <span class='ocrx_word' id='word_1_331' title='bbox 1230 3005 1579 3079; x_wconf 89' lang='lat' dir='ltr'>principalis</span> <span class='ocrx_word' id='word_1_332' title='bbox 1620 3005 1892 3061; x_wconf 64' lang='lat' dir='ltr'>Ecclesiae</span> 
     </span>
    </p>
   </div>
   <div class='ocr_carea' id='block_1_50' title="bbox 210 3095 1895 3170">
    <p class='ocr_par' dir='ltr' id='par_1_50' title="bbox 210 3095 1895 3170">
     <span class='ocr_line' id='line_1_50' title="bbox 210 3095 1895 3170; baseline -0.001 -16"><span class='ocrx_word' id='word_1_333' title='bbox 210 3098 690 3154; x_wconf 80' lang='lat' dir='ltr'>trucidaverunt.</span> <span class='ocrx_word' id='word_1_334' title='bbox 727 3095 932 3153; x_wconf 83' lang='lat' dir='ltr'>Clerici</span> <span class='ocrx_word' id='word_1_335' title='bbox 962 3100 1166 3152; x_wconf 88' lang='lat' dir='ltr'>autem</span> <span class='ocrx_word' id='word_1_336' title='bbox 1208 3097 1355 3168; x_wconf 89' lang='lat' dir='ltr'>ejus,</span> <span class='ocrx_word' id='word_1_337' title='bbox 1396 3097 1502 3170; x_wconf 93' lang='lat' dir='ltr'>qui</span> <span class='ocrx_word' id='word_1_338' title='bbox 1548 3096 1895 3169; x_wconf 84' lang='lat' dir='ltr'>expeditum</span> 
     </span>
    </p>
   </div>
   <div class='ocr_carea' id='block_1_51' title="bbox 212 3184 1896 3252">
    <p class='ocr_par' dir='ltr' id='par_1_51' title="bbox 212 3184 1896 3252">
     <span class='ocr_line' id='line_1_51' title="bbox 212 3184 1896 3252; baseline -0.001 -9"><span class='ocrx_word' id='word_1_339' title='bbox 212 3187 544 3243; x_wconf 89' lang='lat' dir='ltr'>Dominum</span> <span class='ocrx_word' id='word_1_340' title='bbox 573 3186 740 3242; x_wconf 89' lang='lat' dir='ltr'>tarde</span> <span class='ocrx_word' id='word_1_341' title='bbox 767 3185 954 3242; x_wconf 87' lang='lat' dir='ltr'>secuti</span> <span class='ocrx_word' id='word_1_342' title='bbox 978 3188 1138 3252; x_wconf 90' lang='lat' dir='ltr'>sunt,</span> <span class='ocrx_word' id='word_1_343' title='bbox 1160 3184 1513 3242; x_wconf 85' lang='lat' dir='ltr'>invenerunt</span> <span class='ocrx_word' id='word_1_344' title='bbox 1532 3202 1672 3242; x_wconf 90' lang='lat' dir='ltr'>eum</span> <span class='ocrx_word' id='word_1_345' title='bbox 1696 3185 1896 3242; x_wconf 88' lang='lat' dir='ltr'>adhuc</span> 
     </span>
    </p>
   </div>
   <div class='ocr_carea' id='block_1_52' title="bbox 212 3273 1894 3349">
    <p class='ocr_par' dir='ltr' id='par_1_52' title="bbox 212 3273 1894 3349">
     <span class='ocr_line' id='line_1_52' title="bbox 212 3273 1894 3349; baseline -0.001 -16"><span class='ocrx_word' id='word_1_346' title='bbox 212 3283 489 3333; x_wconf 78' lang='lat' dir='ltr'>extrema</span> <span class='ocrx_word' id='word_1_347' title='bbox 519 3275 707 3331; x_wconf 88' lang='lat' dir='ltr'>verba</span> <span class='ocrx_word' id='word_1_348' title='bbox 752 3273 1212 3349; x_wconf 80' lang='lat' dir='ltr'>protomartyris</span> <span class='ocrx_word' id='word_1_349' title='bbox 1246 3275 1531 3348; x_wconf 86' lang='lat' dir='ltr'>Stephani</span> <span class='ocrx_word' id='word_1_350' title='bbox 1560 3274 1894 3348; x_wconf 66' lang='lat' dir='ltr'>praedican-</span> 
     </span>
    </p>
   </div>
   <div class='ocr_carea' id='block_1_53' title="bbox 216 3362 1898 3436">
    <p class='ocr_par' dir='ltr' id='par_1_53' title="bbox 216 3362 1898 3436">
     <span class='ocr_line' id='line_1_53' title="bbox 216 3362 1898 3436; baseline -0.001 -14"><span class='ocrx_word' id='word_1_351' title='bbox 216 3370 358 3422; x_wconf 89' lang='lat' dir='ltr'>tem.</span> <span class='ocrx_word' id='word_1_352' title='bbox 418 3368 602 3421; x_wconf 86' lang='lat' dir='ltr'>Porro</span> <span class='ocrx_word' id='word_1_353' title='bbox 656 3364 966 3421; x_wconf 87' lang='lat' dir='ltr'>carniﬁces</span> <span class='ocrx_word' id='word_1_354' title='bbox 1024 3362 1305 3436; x_wconf 59' lang='lat' dir='ltr'>praesidio</span> <span class='ocrx_word' id='word_1_355' title='bbox 1357 3364 1550 3421; x_wconf 88' lang='lat' dir='ltr'>noctis</span> <span class='ocrx_word' id='word_1_356' title='bbox 1610 3364 1898 3434; x_wconf 87' lang='lat' dir='ltr'>incogniti</span> 
     </span>
    </p>
   </div>
   <div class='ocr_carea' id='block_1_54' title="bbox 206 3452 1894 3527">
    <p class='ocr_par' dir='ltr' id='par_1_54' title="bbox 206 3452 1894 3527">
     <span class='ocr_line' id='line_1_54' title="bbox 206 3452 1894 3527; baseline -0.001 -15"><span class='ocrx_word' id='word_1_357' title='bbox 206 3457 337 3527; x_wconf 87' lang='lat' dir='ltr'>jam</span> <span class='ocrx_word' id='word_1_358' title='bbox 379 3455 768 3525; x_wconf 79' lang='lat' dir='ltr'>diffugerant,</span> <span class='ocrx_word' id='word_1_359' title='bbox 824 3458 883 3509; x_wconf 90' lang='lat' dir='ltr'>et</span> <span class='ocrx_word' id='word_1_360' title='bbox 910 3453 1008 3509; x_wconf 92' lang='lat' dir='ltr'>cui</span> <span class='ocrx_word' id='word_1_361' title='bbox 1049 3452 1274 3509; x_wconf 89' lang='lat' dir='ltr'>crimen</span> <span class='ocrx_word' id='word_1_362' title='bbox 1323 3454 1438 3510; x_wconf 91' lang='lat' dir='ltr'>hoc</span> <span class='ocrx_word' id='word_1_363' title='bbox 1468 3454 1894 3522; x_wconf 89' lang='lat' dir='ltr'>intenderetur,</span> 
     </span>
    </p>
   </div>
   <div class='ocr_carea' id='block_1_55' title="bbox 209 3543 1893 3616">
    <p class='ocr_par' dir='ltr' id='par_1_55' title="bbox 209 3543 1893 3616">
     <span class='ocr_line' id='line_1_55' title="bbox 209 3543 1893 3616; baseline -0.001 -14"><span class='ocrx_word' id='word_1_364' title='bbox 209 3551 339 3602; x_wconf 86' lang='lat' dir='ltr'>erat</span> <span class='ocrx_word' id='word_1_365' title='bbox 368 3546 692 3615; x_wconf 87' lang='lat' dir='ltr'>incertum,</span> <span class='ocrx_word' id='word_1_366' title='bbox 723 3560 861 3600; x_wconf 89' lang='lat' dir='ltr'>cum</span> <span class='ocrx_word' id='word_1_367' title='bbox 891 3543 1150 3616; x_wconf 89' lang='lat' dir='ltr'>quidam</span> <span class='ocrx_word' id='word_1_368' title='bbox 1179 3548 1421 3616; x_wconf 90' lang='lat' dir='ltr'>propter</span> <span class='ocrx_word' id='word_1_369' title='bbox 1449 3544 1647 3601; x_wconf 90' lang='lat' dir='ltr'>minas</span> <span class='ocrx_word' id='word_1_370' title='bbox 1692 3549 1893 3615; x_wconf 50' lang='lat' dir='ltr'>praete.</span> 
     </span>
    </p>
   </div>
   <div class='ocr_carea' id='block_1_56' title="bbox 210 3633 1895 3707">
    <p class='ocr_par' dir='ltr' id='par_1_56' title="bbox 210 3633 1895 3707">
     <span class='ocr_line' id='line_1_56' title="bbox 210 3633 1895 3707; baseline -0.001 -15"><span class='ocrx_word' id='word_1_371' title='bbox 210 3637 360 3692; x_wconf 84' lang='lat' dir='ltr'>ritas</span> <span class='ocrx_word' id='word_1_372' title='bbox 407 3636 665 3690; x_wconf 89' lang='lat' dir='ltr'>domum</span> <span class='ocrx_word' id='word_1_373' title='bbox 714 3637 775 3689; x_wconf 79' lang='grc' dir='ltr'><strong>Β.</strong></span> <span class='ocrx_word' id='word_1_374' title='bbox 832 3650 967 3707; x_wconf 82' lang='lat' dir='ltr'>quae</span> <span class='ocrx_word' id='word_1_375' title='bbox 1017 3638 1147 3689; x_wconf 88' lang='lat' dir='ltr'>erat</span> <span class='ocrx_word' id='word_1_376' title='bbox 1184 3633 1350 3705; x_wconf 88' lang='lat' dir='ltr'>apud</span> <span class='ocrx_word' id='word_1_377' title='bbox 1377 3649 1514 3704; x_wconf 90' lang='lat' dir='ltr'>nos,</span> <span class='ocrx_word' id='word_1_378' title='bbox 1548 3638 1895 3706; x_wconf 90' lang='lat' dir='ltr'>suspectam</span> 
     </span>
    </p>
   </div>
   <div class='ocr_carea' id='block_1_57' title="bbox 208 3722 1896 3796">
    <p class='ocr_par' dir='ltr' id='par_1_57' title="bbox 208 3722 1896 3796">
     <span class='ocr_line' id='line_1_57' title="bbox 208 3722 1896 3796; baseline 0 -15"><span class='ocrx_word' id='word_1_379' title='bbox 208 3725 537 3794; x_wconf 86' lang='lat' dir='ltr'>habentes,</span> <span class='ocrx_word' id='word_1_380' title='bbox 576 3728 924 3796; x_wconf 87' lang='lat' dir='ltr'>repererunt</span> <span class='ocrx_word' id='word_1_381' title='bbox 950 3723 1012 3778; x_wconf 90' lang='lat' dir='ltr'>in</span> <span class='ocrx_word' id='word_1_382' title='bbox 1043 3738 1116 3778; x_wconf 88' lang='lat' dir='ltr'>ea</span> <span class='ocrx_word' id='word_1_383' title='bbox 1143 3722 1535 3779; x_wconf 84' lang='lat' dir='ltr'>vernaculum</span> <span class='ocrx_word' id='word_1_384' title='bbox 1565 3724 1896 3795; x_wconf 89' lang='lat' dir='ltr'>quemdam</span> 
     </span>
    </p>
   </div>
   <div class='ocr_carea' id='block_1_58' title="bbox 213 3810 1896 3886">
    <p class='ocr_par' dir='ltr' id='par_1_58' title="bbox 213 3810 1896 3886">
     <span class='ocr_line' id='line_1_58' title="bbox 213 3810 1896 3886; baseline 0 -16"><span class='ocrx_word' id='word_1_385' title='bbox 213 3819 414 3870; x_wconf 78' lang='lat' dir='ltr'>vestes</span> <span class='ocrx_word' id='word_1_386' title='bbox 435 3828 577 3868; x_wconf 88' lang='lat' dir='ltr'>suas</span> <span class='ocrx_word' id='word_1_387' title='bbox 608 3818 665 3868; x_wconf 89' lang='lat' dir='ltr'>et</span> <span class='ocrx_word' id='word_1_388' title='bbox 693 3812 1103 3868; x_wconf 88' lang='lat' dir='ltr'>calceamenta</span> <span class='ocrx_word' id='word_1_389' title='bbox 1130 3810 1252 3866; x_wconf 88' lang='lat' dir='ltr'>lota</span> <span class='ocrx_word' id='word_1_390' title='bbox 1278 3811 1621 3868; x_wconf 90' lang='lat' dir='ltr'>siccantem.</span> <span class='ocrx_word' id='word_1_391' title='bbox 1670 3815 1753 3869; x_wconf 86' lang='lat' dir='ltr'>Ex</span> <span class='ocrx_word' id='word_1_392' title='bbox 1773 3830 1896 3886; x_wconf 92' lang='lat' dir='ltr'>quo</span> 
     </span>
    </p>
   </div>
   <div class='ocr_carea' id='block_1_59' title="bbox 219 3902 1897 3975">
    <p class='ocr_par' dir='ltr' id='par_1_59' title="bbox 219 3902 1897 3975">
     <span class='ocr_line' id='line_1_59' title="bbox 219 3902 1897 3975; baseline -0.001 -14"><span class='ocrx_word' id='word_1_393' title='bbox 219 3906 404 3973; x_wconf 87' lang='lat' dir='ltr'>signo</span> <span class='ocrx_word' id='word_1_394' title='bbox 466 3904 809 3975; x_wconf 87' lang='lat' dir='ltr'>conjectura</span> <span class='ocrx_word' id='word_1_395' title='bbox 837 3907 927 3958; x_wconf 89' lang='lat' dir='ltr'>est</span> <span class='ocrx_word' id='word_1_396' title='bbox 975 3902 1271 3974; x_wconf 79' lang='lat' dir='ltr'>inccepta;</span> <span class='ocrx_word' id='word_1_397' title='bbox 1326 3918 1465 3957; x_wconf 91' lang='lat' dir='ltr'>cum</span> <span class='ocrx_word' id='word_1_398' title='bbox 1519 3902 1598 3958; x_wconf 90' lang='lat' dir='ltr'>ad</span> <span class='ocrx_word' id='word_1_399' title='bbox 1648 3919 1897 3960; x_wconf 88' lang='lat' dir='ltr'>causam</span> 
     </span>
    </p>
   </div>
   <div class='ocr_carea' id='block_1_60' title="bbox 218 3991 1894 4065">
    <p class='ocr_par' dir='ltr' id='par_1_60' title="bbox 218 3991 1894 4065">
     <span class='ocr_line' id='line_1_60' title="bbox 218 3991 1894 4065; baseline 0 -15"><span class='ocrx_word' id='word_1_400' title='bbox 218 3994 416 4065; x_wconf 86' lang='lat' dir='ltr'>hujus</span> <span class='ocrx_word' id='word_1_401' title='bbox 466 3993 686 4050; x_wconf 78' lang='lat' dir='ltr'>lavacri</span> <span class='ocrx_word' id='word_1_402' title='bbox 722 3992 1050 4050; x_wconf 89' lang='lat' dir='ltr'>dicendam</span> <span class='ocrx_word' id='word_1_403' title='bbox 1096 3992 1284 4051; x_wconf 88' lang='lat' dir='ltr'>homo</span> <span class='ocrx_word' id='word_1_404' title='bbox 1326 3991 1523 4048; x_wconf 89' lang='lat' dir='ltr'>acrius</span> <span class='ocrx_word' id='word_1_405' title='bbox 1563 3998 1894 4064; x_wconf 89' lang='lat' dir='ltr'>urgeretur,</span> 
     </span>
    </p>
   </div>
   <div class='ocr_carea' id='block_1_61' title="bbox 219 4080 1895 4157">
    <p class='ocr_par' dir='ltr' id='par_1_61' title="bbox 219 4080 1895 4157">
     <span class='ocr_line' id='line_1_61' title="bbox 219 4080 1895 4157; baseline -0.001 -15"><span class='ocrx_word' id='word_1_406' title='bbox 219 4101 286 4142; x_wconf 89' lang='lat' dir='ltr'>se</span> <span class='ocrx_word' id='word_1_407' title='bbox 312 4084 474 4141; x_wconf 84' lang='lat' dir='ltr'>facto</span> <span class='ocrx_word' id='word_1_408' title='bbox 497 4085 573 4139; x_wconf 91' lang='lat' dir='ltr'>de</span> <span class='ocrx_word' id='word_1_409' title='bbox 608 4099 731 4156; x_wconf 89' lang='lat' dir='ltr'>quo</span> <span class='ocrx_word' id='word_1_410' title='bbox 775 4083 1084 4153; x_wconf 80' lang='lat' dir='ltr'>agebatur,</span> <span class='ocrx_word' id='word_1_411' title='bbox 1127 4080 1389 4138; x_wconf 87' lang='lat' dir='ltr'>adfuisse</span> <span class='ocrx_word' id='word_1_412' title='bbox 1437 4081 1747 4139; x_wconf 86' lang='lat' dir='ltr'>confessus</span> <span class='ocrx_word' id='word_1_413' title='bbox 1787 4089 1895 4157; x_wconf 87' lang='lat' dir='ltr'>est,</span> 
     </span>
    </p>
   </div>
   <div class='ocr_carea' id='block_1_62' title="bbox 218 4171 1892 4246">
    <p class='ocr_par' dir='ltr' id='par_1_62' title="bbox 218 4171 1892 4246">
     <span class='ocr_line' id='line_1_62' title="bbox 218 4171 1892 4246; baseline 0 -15"><span class='ocrx_word' id='word_1_414' title='bbox 218 4174 545 4246; x_wconf 88' lang='lat' dir='ltr'>sociosque</span> <span class='ocrx_word' id='word_1_415' title='bbox 574 4173 855 4246; x_wconf 91' lang='lat' dir='ltr'>prodidit,</span> <span class='ocrx_word' id='word_1_416' title='bbox 888 4177 946 4229; x_wconf 89' lang='lat' dir='ltr'>et</span> <span class='ocrx_word' id='word_1_417' title='bbox 974 4172 1251 4228; x_wconf 90' lang='lat' dir='ltr'>ordinem</span> <span class='ocrx_word' id='word_1_418' title='bbox 1272 4171 1355 4227; x_wconf 88' lang='lat' dir='ltr'>rei</span> <span class='ocrx_word' id='word_1_419' title='bbox 1386 4176 1565 4242; x_wconf 71' lang='lat' dir='ltr'>gestae</span> <span class='ocrx_word' id='word_1_420' title='bbox 1597 4174 1892 4246; x_wconf 84' lang='lat' dir='ltr'>exposuit.</span> 
     </span>
    </p>
   </div>
   <div class='ocr_carea' id='block_1_63' title="bbox 216 4260 1895 4336">
    <p class='ocr_par' dir='ltr' id='par_1_63' title="bbox 216 4260 1895 4336">
     <span class='ocr_line' id='line_1_63' title="bbox 216 4260 1895 4336; baseline -0.001 -16"><span class='ocrx_word' id='word_1_421' title='bbox 216 4268 342 4320; x_wconf 77' lang='lat' dir='ltr'>Nos</span> <span class='ocrx_word' id='word_1_422' title='bbox 366 4261 650 4334; x_wconf 89' lang='lat' dir='ltr'>denique,</span> <span class='ocrx_word' id='word_1_423' title='bbox 697 4266 887 4317; x_wconf 89' lang='lat' dir='ltr'>totum</span> <span class='ocrx_word' id='word_1_424' title='bbox 913 4262 1027 4317; x_wconf 89' lang='lat' dir='ltr'>hoc</span> <span class='ocrx_word' id='word_1_425' title='bbox 1056 4260 1232 4319; x_wconf 85' lang='lat' dir='ltr'>altius</span> <span class='ocrx_word' id='word_1_426' title='bbox 1256 4264 1695 4332; x_wconf 90' lang='lat' dir='ltr'>perscrutantes</span> <span class='ocrx_word' id='word_1_427' title='bbox 1712 4304 1728 4333; x_wconf 88' lang='lat'>,</span> <span class='ocrx_word' id='word_1_428' title='bbox 1782 4278 1895 4336; x_wconf 90' lang='lat' dir='ltr'>pro</span> 
     </span>
    </p>
   </div>
   <div class='ocr_carea' id='block_1_64' title="bbox 218 4347 1890 4422">
    <p class='ocr_par' dir='ltr' id='par_1_64' title="bbox 218 4347 1890 4422">
     <span class='ocr_line' id='line_1_64' title="bbox 218 4347 1890 4422; baseline -0.001 -15"><span class='ocrx_word' id='word_1_429' title='bbox 218 4356 386 4407; x_wconf 87' lang='lat' dir='ltr'>certo</span> <span class='ocrx_word' id='word_1_430' title='bbox 410 4350 496 4406; x_wconf 87' lang='lat' dir='ltr'>ita</span> <span class='ocrx_word' id='word_1_431' title='bbox 524 4364 657 4404; x_wconf 81' lang='lat' dir='ltr'>esse</span> <span class='ocrx_word' id='word_1_432' title='bbox 686 4348 1112 4421; x_wconf 88' lang='lat' dir='ltr'>comperimus.</span> <span class='ocrx_word' id='word_1_433' title='bbox 1149 4347 1582 4420; x_wconf 86' lang='lat' dir='ltr'>Comperimus,</span> <span class='ocrx_word' id='word_1_434' title='bbox 1618 4349 1890 4422; x_wconf 90' lang='lat' dir='ltr'>inquam,</span> 
     </span>
    </p>
   </div>
   <div class='ocr_carea' id='block_1_65' title="bbox 220 4437 1896 4508">
    <p class='ocr_par' dir='ltr' id='par_1_65' title="bbox 220 4437 1896 4508">
     <span class='ocr_line' id='line_1_65' title="bbox 220 4437 1896 4508; baseline 0 -13"><span class='ocrx_word' id='word_1_435' title='bbox 220 4439 468 4496; x_wconf 69' lang='lat' dir='ltr'>invidiae</span> <span class='ocrx_word' id='word_1_436' title='bbox 492 4439 764 4508; x_wconf 86' lang='lat' dir='ltr'>livorem,</span> <span class='ocrx_word' id='word_1_437' title='bbox 790 4438 1067 4494; x_wconf 90' lang='lat' dir='ltr'>fraudem</span> <span class='ocrx_word' id='word_1_438' title='bbox 1097 4437 1362 4505; x_wconf 78' lang='lat' dir='ltr'>malitiae,</span> <span class='ocrx_word' id='word_1_439' title='bbox 1407 4438 1699 4508; x_wconf 88' lang='lat' dir='ltr'>sacrilegii</span> <span class='ocrx_word' id='word_1_440' title='bbox 1727 4439 1896 4496; x_wconf 82' lang='lat' dir='ltr'>nefas</span> 
     </span>
    </p>
   </div>
   <div class='ocr_carea' id='block_1_66' title="bbox 222 4526 1897 4597">
    <p class='ocr_par' dir='ltr' id='par_1_66' title="bbox 222 4526 1897 4597">
     <span class='ocr_line' id='line_1_66' title="bbox 222 4526 1897 4597; baseline 0 -12"><span class='ocrx_word' id='word_1_441' title='bbox 222 4528 489 4593; x_wconf 87' lang='lat' dir='ltr'>crudele,</span> <span class='ocrx_word' id='word_1_442' title='bbox 546 4532 851 4584; x_wconf 82' lang='lat' dir='ltr'>ementem</span> <span class='ocrx_word' id='word_1_443' title='bbox 890 4532 948 4583; x_wconf 90' lang='lat' dir='ltr'>et</span> <span class='ocrx_word' id='word_1_444' title='bbox 1002 4527 1304 4597; x_wconf 90' lang='lat' dir='ltr'>singulare</span> <span class='ocrx_word' id='word_1_445' title='bbox 1351 4526 1586 4583; x_wconf 88' lang='lat' dir='ltr'>facinus</span> <span class='ocrx_word' id='word_1_446' title='bbox 1632 4528 1695 4583; x_wconf 94' lang='lat' dir='ltr'>in</span> <span class='ocrx_word' id='word_1_447' title='bbox 1744 4529 1897 4585; x_wconf 90' lang='lat' dir='ltr'>occi-</span> 
     </span>
    </p>
   </div>
   <div class='ocr_carea' id='block_1_67' title="bbox 223 4617 1895 4689">
    <p class='ocr_par' dir='ltr' id='par_1_67' title="bbox 223 4617 1895 4689">
     <span class='ocr_line' id='line_1_67' title="bbox 223 4617 1895 4689; baseline 0.002 -16"><span class='ocrx_word' id='word_1_448' title='bbox 223 4620 396 4675; x_wconf 89' lang='lat' dir='ltr'>sione</span> <span class='ocrx_word' id='word_1_449' title='bbox 448 4617 807 4674; x_wconf 87' lang='lat' dir='ltr'>sanctissimi</span> <span class='ocrx_word' id='word_1_450' title='bbox 864 4617 1211 4673; x_wconf 87' lang='lat' dir='ltr'>sacerdotis.</span> <span class='ocrx_word' id='word_1_451' title='bbox 1296 4619 1461 4672; x_wconf 89' lang='lat' dir='ltr'>Nunc</span> <span class='ocrx_word' id='word_1_452' title='bbox 1509 4633 1651 4689; x_wconf 87' lang='lat' dir='ltr'>ergo</span> <span class='ocrx_word' id='word_1_453' title='bbox 1730 4623 1895 4676; x_wconf 84' lang='lat' dir='ltr'>tanta</span> 
     </span>
    </p>
   </div>
   <div class='ocr_carea' id='block_1_68' title="bbox 223 4706 1891 4779">
    <p class='ocr_par' dir='ltr' id='par_1_68' title="bbox 223 4706 1891 4779">
     <span class='ocr_line' id='line_1_68' title="bbox 223 4706 1891 4779; baseline -0.001 -14"><span class='ocrx_word' id='word_1_454' title='bbox 223 4724 437 4775; x_wconf 85' lang='lat' dir='ltr'>causa,</span> <span class='ocrx_word' id='word_1_455' title='bbox 458 4708 602 4779; x_wconf 87' lang='lat' dir='ltr'>quia</span> <span class='ocrx_word' id='word_1_456' title='bbox 633 4707 915 4763; x_wconf 79' lang='lat' dir='ltr'>iudicatio</span> <span class='ocrx_word' id='word_1_457' title='bbox 945 4707 1074 4778; x_wconf 91' lang='lat' dir='ltr'>ejus</span> <span class='ocrx_word' id='word_1_458' title='bbox 1120 4706 1381 4762; x_wconf 91' lang='lat' dir='ltr'>obscura</span> <span class='ocrx_word' id='word_1_459' title='bbox 1412 4722 1533 4762; x_wconf 89' lang='lat' dir='ltr'>non</span> <span class='ocrx_word' id='word_1_460' title='bbox 1563 4708 1891 4779; x_wconf 88' lang='lat' dir='ltr'>est,solam,</span> 
     </span>
    </p>
   </div>
   <div class='ocr_carea' id='block_1_69' title="bbox 226 4795 1895 4868">
    <p class='ocr_par' dir='ltr' id='par_1_69' title="bbox 226 4795 1895 4868">
     <span class='ocr_line' id='line_1_69' title="bbox 226 4795 1895 4868; baseline -0.001 -14"><span class='ocrx_word' id='word_1_461' title='bbox 226 4803 296 4854; x_wconf 88' lang='lat' dir='ltr'>ut</span> <span class='ocrx_word' id='word_1_462' title='bbox 322 4796 511 4863; x_wconf 81' lang='lat' dir='ltr'>vides,</span> <span class='ocrx_word' id='word_1_463' title='bbox 546 4796 832 4851; x_wconf 89' lang='lat' dir='ltr'>ultionem</span> <span class='ocrx_word' id='word_1_464' title='bbox 864 4795 1220 4868; x_wconf 85' lang='lat' dir='ltr'>expostulat.</span> <span class='ocrx_word' id='word_1_465' title='bbox 1274 4796 1389 4852; x_wconf 89' lang='lat' dir='ltr'>Sed</span> <span class='ocrx_word' id='word_1_466' title='bbox 1445 4812 1584 4851; x_wconf 91' lang='lat' dir='ltr'>cum</span> <span class='ocrx_word' id='word_1_467' title='bbox 1625 4797 1778 4867; x_wconf 88' lang='lat' dir='ltr'>juris</span> <span class='ocrx_word' id='word_1_468' title='bbox 1820 4796 1895 4854; x_wconf 91' lang='lat' dir='ltr'>sit</span> 
     </span>
    </p>
   </div>
   <div class='ocr_carea' id='block_1_70' title="bbox 224 4885 1891 4960">
    <p class='ocr_par' dir='ltr' id='par_1_70' title="bbox 224 4885 1891 4960">
     <span class='ocr_line' id='line_1_70' title="bbox 224 4885 1891 4960; baseline -0.001 -16"><span class='ocrx_word' id='word_1_469' title='bbox 224 4887 309 4944; x_wconf 90' lang='lat' dir='ltr'>ad</span> <span class='ocrx_word' id='word_1_470' title='bbox 332 4886 642 4943; x_wconf 83' lang='lat' dir='ltr'>utilitatem</span> <span class='ocrx_word' id='word_1_471' title='bbox 668 4885 1011 4960; x_wconf 74' lang='lat' dir='ltr'>reipublicae</span> <span class='ocrx_word' id='word_1_472' title='bbox 1050 4889 1299 4942; x_wconf 89' lang='lat' dir='ltr'>cunctos</span> <span class='ocrx_word' id='word_1_473' title='bbox 1328 4885 1541 4957; x_wconf 90' lang='lat' dir='ltr'>punire</span> <span class='ocrx_word' id='word_1_474' title='bbox 1566 4886 1891 4955; x_wconf 88' lang='lat' dir='ltr'>maleﬁcos,</span> 
     </span>
    </p>
   </div>
   <div class='ocr_carea' id='block_1_71' title="bbox 223 4973 1891 5047">
    <p class='ocr_par' dir='ltr' id='par_1_71' title="bbox 223 4973 1891 5047">
     <span class='ocr_line' id='line_1_71' title="bbox 223 4973 1891 5047; baseline -0.001 -15"><span class='ocrx_word' id='word_1_475' title='bbox 223 4976 362 5032; x_wconf 86' lang='lat' dir='ltr'>illos</span> <span class='ocrx_word' id='word_1_476' title='bbox 418 4978 622 5030; x_wconf 86' lang='lat' dir='ltr'>tamen</span> <span class='ocrx_word' id='word_1_477' title='bbox 673 4973 1086 5033; x_wconf 87' lang='lat' dir='ltr'>vehementius</span> <span class='ocrx_word' id='word_1_478' title='bbox 1128 4973 1445 5029; x_wconf 84' lang='lat' dir='ltr'>exturbare</span> <span class='ocrx_word' id='word_1_479' title='bbox 1494 4990 1736 5030; x_wconf 91' lang='lat' dir='ltr'>necesse</span> <span class='ocrx_word' id='word_1_480' title='bbox 1785 4980 1891 5047; x_wconf 87' lang='lat' dir='ltr'>est,</span> 
     </span>
    </p>
   </div>
   <div class='ocr_carea' id='block_1_72' title="bbox 222 5061 1894 5139">
    <p class='ocr_par' dir='ltr' id='par_1_72' title="bbox 222 5061 1894 5139">
     <span class='ocr_line' id='line_1_72' title="bbox 222 5061 1894 5139; baseline -0.002 -18"><span class='ocrx_word' id='word_1_481' title='bbox 222 5066 329 5139; x_wconf 86' lang='lat' dir='ltr'>qui</span> <span class='ocrx_word' id='word_1_482' title='bbox 354 5064 423 5121; x_wconf 89' lang='lat' dir='ltr'>in</span> <span class='ocrx_word' id='word_1_483' title='bbox 452 5067 643 5120; x_wconf 90' lang='lat' dir='ltr'>Deum</span> <span class='ocrx_word' id='word_1_484' title='bbox 673 5067 730 5120; x_wconf 92' lang='lat' dir='ltr'>et</span> <span class='ocrx_word' id='word_1_485' title='bbox 759 5067 996 5120; x_wconf 86' lang='lat' dir='ltr'>sanctos</span> <span class='ocrx_word' id='word_1_486' title='bbox 1053 5062 1184 5134; x_wconf 90' lang='lat' dir='ltr'>ejus</span> <span class='ocrx_word' id='word_1_487' title='bbox 1244 5066 1365 5117; x_wconf 89' lang='lat' dir='ltr'>tam</span> <span class='ocrx_word' id='word_1_488' title='bbox 1414 5061 1596 5136; x_wconf 91' lang='lat' dir='ltr'>impie</span> <span class='ocrx_word' id='word_1_489' title='bbox 1651 5066 1894 5137; x_wconf 85' lang='lat' dir='ltr'>tamque</span> 
     </span>
    </p>
   </div>
   <div class='ocr_carea' id='block_1_73' title="bbox 224 5150 1895 5219">
    <p class='ocr_par' dir='ltr' id='par_1_73' title="bbox 224 5150 1895 5219">
     <span class='ocr_line' id='line_1_73' title="bbox 224 5150 1895 5219; baseline -0.002 -8"><span class='ocrx_word' id='word_1_490' title='bbox 224 5153 546 5211; x_wconf 88' lang='lat' dir='ltr'>crudeliter</span> <span class='ocrx_word' id='word_1_491' title='bbox 603 5153 844 5210; x_wconf 88' lang='lat' dir='ltr'>audent.</span> <span class='ocrx_word' id='word_1_492' title='bbox 900 5151 1011 5219; x_wconf 87' lang='lat' dir='ltr'>Qui</span> <span class='ocrx_word' id='word_1_493' title='bbox 1063 5150 1221 5208; x_wconf 90' lang='lat' dir='ltr'>enim</span> <span class='ocrx_word' id='word_1_494' title='bbox 1276 5150 1418 5207; x_wconf 88' lang='lat' dir='ltr'>mali</span> <span class='ocrx_word' id='word_1_495' title='bbox 1481 5151 1745 5215; x_wconf 89' lang='lat' dir='ltr'>ulterius,</span> <span class='ocrx_word' id='word_1_496' title='bbox 1801 5150 1895 5207; x_wconf 89' lang='lat' dir='ltr'>vel</span> 
     </span>
    </p>
   </div>
   <div class='ocr_carea' id='block_1_74' title="bbox 223 5240 1891 5316">
    <p class='ocr_par' dir='ltr' id='par_1_74' title="bbox 223 5240 1891 5316">
     <span class='ocr_line' id='line_1_74' title="bbox 223 5240 1891 5316; baseline -0.002 -16"><span class='ocrx_word' id='word_1_497' title='bbox 223 5248 383 5300; x_wconf 89' lang='lat' dir='ltr'>certe</span> <span class='ocrx_word' id='word_1_498' title='bbox 414 5258 587 5316; x_wconf 79' lang='lat' dir='ltr'>aeque</span> <span class='ocrx_word' id='word_1_499' title='bbox 618 5258 910 5312; x_wconf 87' lang='lat' dir='ltr'>magnum</span> <span class='ocrx_word' id='word_1_500' title='bbox 941 5240 1265 5311; x_wconf 86' lang='lat' dir='ltr'>excogitari</span> <span class='ocrx_word' id='word_1_501' title='bbox 1304 5243 1531 5311; x_wconf 86' lang='lat' dir='ltr'>queat?</span> <span class='ocrx_word' id='word_1_502' title='bbox 1574 5241 1751 5297; x_wconf 87' lang='lat' dir='ltr'>Multo</span> <span class='ocrx_word' id='word_1_503' title='bbox 1803 5241 1891 5296; x_wconf 93' lang='lat' dir='ltr'>ni-</span> 
     </span>
    </p>
   </div>
   <div class='ocr_carea' id='block_1_75' title="bbox 222 5330 1892 5404">
    <p class='ocr_par' dir='ltr' id='par_1_75' title="bbox 222 5330 1892 5404">
     <span class='ocr_line' id='line_1_75' title="bbox 222 5330 1892 5404; baseline -0.002 -15"><span class='ocrx_word' id='word_1_504' title='bbox 222 5333 451 5389; x_wconf 89' lang='lat' dir='ltr'>mirum</span> <span class='ocrx_word' id='word_1_505' title='bbox 486 5330 673 5387; x_wconf 87' lang='lat' dir='ltr'>levius</span> <span class='ocrx_word' id='word_1_506' title='bbox 701 5330 782 5386; x_wconf 88' lang='lat' dir='ltr'>illi</span> <span class='ocrx_word' id='word_1_507' title='bbox 808 5330 1128 5404; x_wconf 88' lang='lat' dir='ltr'>complices</span> <span class='ocrx_word' id='word_1_508' title='bbox 1160 5331 1306 5386; x_wconf 90' lang='lat' dir='ltr'>Core</span> <span class='ocrx_word' id='word_1_509' title='bbox 1353 5346 1641 5403; x_wconf 89' lang='lat' dir='ltr'>peccasse</span> <span class='ocrx_word' id='word_1_510' title='bbox 1683 5330 1892 5387; x_wconf 89' lang='lat' dir='ltr'>viden-</span> 
     </span>
    </p>
   </div>
   <div class='ocr_carea' id='block_1_76' title="bbox 2007 1672 3671 1744">
    <p class='ocr_par' dir='ltr' id='par_1_76' title="bbox 2007 1672 3671 1744">
     <span class='ocr_line' id='line_1_76' title="bbox 2007 1672 3671 1744; baseline 0.002 -21"><span class='ocrx_word' id='word_1_511' title='bbox 2007 1683 2163 1739; x_wconf 91' lang='lat' dir='ltr'>quos</span> <span class='ocrx_word' id='word_1_512' title='bbox 2192 1673 2394 1725; x_wconf 90' lang='lat' dir='ltr'>tamen</span> <span class='ocrx_word' id='word_1_513' title='bbox 2425 1687 2619 1743; x_wconf 88' lang='lat' dir='ltr'>usque</span> <span class='ocrx_word' id='word_1_514' title='bbox 2666 1672 2727 1727; x_wconf 92' lang='lat' dir='ltr'>in</span> <span class='ocrx_word' id='word_1_515' title='bbox 2773 1672 2957 1727; x_wconf 90' lang='lat' dir='ltr'>ﬁnem</span> <span class='ocrx_word' id='word_1_516' title='bbox 3002 1689 3038 1727; x_wconf 92' lang='lat' dir='ltr'>a</span> <span class='ocrx_word' id='word_1_517' title='bbox 3085 1672 3510 1728; x_wconf 89' lang='lat' dir='ltr'>communione</span> <span class='ocrx_word' id='word_1_518' title='bbox 3555 1672 3671 1744; x_wconf 90' lang='lat' dir='ltr'>pri-</span> 
     </span>
    </p>
   </div>
   <div class='ocr_carea' id='block_1_77' title="bbox 2008 1756 2983 1816">
    <p class='ocr_par' dir='ltr' id='par_1_77' title="bbox 2008 1756 2983 1816">
     <span class='ocr_line' id='line_1_77' title="bbox 2008 1756 2983 1816; baseline 0.005 -6"><span class='ocrx_word' id='word_1_519' title='bbox 2008 1756 2239 1814; x_wconf 90' lang='lat' dir='ltr'>vandos</span> <span class='ocrx_word' id='word_1_520' title='bbox 2268 1774 2397 1814; x_wconf 90' lang='lat' dir='ltr'>esse</span> <span class='ocrx_word' id='word_1_521' title='bbox 2428 1775 2551 1815; x_wconf 89' lang='lat' dir='ltr'>non</span> <span class='ocrx_word' id='word_1_522' title='bbox 2580 1760 2798 1816; x_wconf 85' lang='lat' dir='ltr'>nescis.</span> <span class='ocrx_word' id='word_1_523' title='bbox 2822 1760 2983 1816; x_wconf 87' lang='lat' dir='ltr'>Vale.</span> 
     </span>
    </p>
   </div>
   <div class='ocr_carea' id='block_1_78' title="bbox 2332 1849 3351 1921">
    <p class='ocr_par' dir='ltr' id='par_1_78' title="bbox 2332 1849 3351 1921">
     <span class='ocr_line' id='line_1_78' title="bbox 2332 1849 3351 1921; baseline 0.002 -18"><span class='ocrx_word' id='word_1_524' title='bbox 2332 1849 2668 1921; x_wconf 83' lang='lat' dir='ltr'>EPISTOLA</span> <span class='ocrx_word' id='word_1_525' title='bbox 2717 1852 2911 1905; x_wconf 83' lang='lat' dir='ltr'><strong>XXXIX</strong></span> <span class='ocrx_word' id='word_1_526' title='bbox 2960 1850 3121 1921; x_wconf 88' lang='lat' dir='ltr'>[olim</span> <span class='ocrx_word' id='word_1_527' title='bbox 3178 1850 3351 1919; x_wconf 86' lang='lat' dir='ltr'><strong>XLIX]</strong></span> 
     </span>
    </p>
   </div>
   <div class='ocr_carea' id='block_1_79' title="bbox 2509 1920 3173 1993">
    <p class='ocr_par' dir='ltr' id='par_1_79' title="bbox 2509 1920 3173 1993">
     <span class='ocr_line' id='line_1_79' title="bbox 2509 1920 3173 1993; baseline -0.002 -16"><span class='ocrx_word' id='word_1_528' title='bbox 2509 1920 2700 1992; x_wconf 88' lang='lat' dir='ltr'>(Circa</span> <span class='ocrx_word' id='word_1_529' title='bbox 2734 1920 2975 1976; x_wconf 90' lang='lat' dir='ltr'>annum</span> <span class='ocrx_word' id='word_1_530' title='bbox 2992 1922 3173 1993; x_wconf 70' lang='lat'>1020).</span> 
     </span>
    </p>
   </div>
   <div class='ocr_carea' id='block_1_80' title="bbox 2022 1988 3674 2063">
    <p class='ocr_par' dir='ltr' id='par_1_80' title="bbox 2022 1988 3674 2063">
     <span class='ocr_line' id='line_1_80' title="bbox 2022 1988 3674 2063; baseline 0.002 -21"><span class='ocrx_word' id='word_1_531' title='bbox 2022 1988 2362 2047; x_wconf 76' lang='lat' dir='ltr'>Venerabili</span> <span class='ocrx_word' id='word_1_532' title='bbox 2388 1988 2929 2048; x_wconf 63' lang='lat' dir='ltr'>Siiv&#39;anectensium</span> <span class='ocrx_word' id='word_1_533' title='bbox 2970 1988 3240 2062; x_wconf 82' lang='lat' dir='ltr'>episcopo</span> <span class='ocrx_word' id='word_1_534' title='bbox 3274 1994 3336 2048; x_wconf 85' lang='lat' dir='ltr'>R.</span> <span class='ocrx_word' id='word_1_535' title='bbox 3385 1990 3499 2063; x_wconf 88' lang='grc'>(30)</span> <span class='ocrx_word' id='word_1_536' title='bbox 3540 1993 3674 2051; x_wconf 84' lang='lat' dir='ltr'>FUL-</span> 
     </span>
    </p>
   </div>
   <div class='ocr_carea' id='block_1_81' title="bbox 2142 2081 3534 2152">
    <p class='ocr_par' dir='ltr' id='par_1_81' title="bbox 2142 2081 3534 2152">
     <span class='ocr_line' id='line_1_81' title="bbox 2142 2081 3534 2152; baseline 0.001 -18"><span class='ocrx_word' id='word_1_537' title='bbox 2142 2094 2351 2136; x_wconf 81' lang='lat' dir='ltr'>BERTUS</span> <span class='ocrx_word' id='word_1_538' title='bbox 2378 2082 2491 2138; x_wconf 88' lang='lat' dir='ltr'>Dei</span> <span class='ocrx_word' id='word_1_539' title='bbox 2515 2083 2719 2152; x_wconf 81' lang='lat' dir='ltr'>gratia</span> <span class='ocrx_word' id='word_1_540' title='bbox 2750 2082 3210 2139; x_wconf 83' lang='lat' dir='ltr'>Carnotensium</span> <span class='ocrx_word' id='word_1_541' title='bbox 3239 2081 3534 2138; x_wconf 83' lang='lat' dir='ltr'>sacerdos.</span> 
     </span>
    </p>
   </div>
   <div class='ocr_carea' id='block_1_82' title="bbox 2082 2167 3673 2244">
    <p class='ocr_par' dir='ltr' id='par_1_82' title="bbox 2082 2167 3673 2244">
     <span class='ocr_line' id='line_1_82' title="bbox 2082 2167 3673 2244; baseline 0.003 -21"><span class='ocrx_word' id='word_1_542' title='bbox 2082 2167 2233 2232; x_wconf 88' lang='lat' dir='ltr'>Quia</span> <span class='ocrx_word' id='word_1_543' title='bbox 2258 2168 2486 2239; x_wconf 88' lang='lat' dir='ltr'>judicio</span> <span class='ocrx_word' id='word_1_544' title='bbox 2544 2171 2903 2227; x_wconf 89' lang='lat' dir='ltr'>contendere</span> <span class='ocrx_word' id='word_1_545' title='bbox 2952 2171 3147 2242; x_wconf 88' lang='lat' dir='ltr'>magis</span> <span class='ocrx_word' id='word_1_546' title='bbox 3198 2186 3386 2244; x_wconf 90' lang='lat' dir='ltr'>quam</span> <span class='ocrx_word' id='word_1_547' title='bbox 3435 2167 3673 2229; x_wconf 81' lang='lat' dir='ltr'>veniam</span> 
     </span>
    </p>
   </div>
   <div class='ocr_carea' id='block_1_83' title="bbox 2007 2256 3671 2331">
    <p class='ocr_par' dir='ltr' id='par_1_83' title="bbox 2007 2256 3671 2331">
     <span class='ocr_line' id='line_1_83' title="bbox 2007 2256 3671 2331; baseline 0.001 -20"><span class='ocrx_word' id='word_1_548' title='bbox 2007 2256 2313 2328; x_wconf 88' lang='lat' dir='ltr'>postulare</span> <span class='ocrx_word' id='word_1_549' title='bbox 2344 2260 2648 2331; x_wconf 88' lang='lat' dir='ltr'>statuistis,</span> <span class='ocrx_word' id='word_1_550' title='bbox 2676 2265 2857 2317; x_wconf 90' lang='lat' dir='ltr'>restat</span> <span class='ocrx_word' id='word_1_551' title='bbox 2886 2261 3053 2318; x_wconf 86' lang='lat' dir='ltr'>vobis</span> <span class='ocrx_word' id='word_1_552' title='bbox 3078 2259 3396 2318; x_wconf 91' lang='lat' dir='ltr'>convenire</span> <span class='ocrx_word' id='word_1_553' title='bbox 3416 2258 3671 2331; x_wconf 86' lang='lat' dir='ltr'>judices,</span> 
     </span>
    </p>
   </div>
   <div class='ocr_carea' id='block_1_84' title="bbox 2005 2345 3674 2424">
    <p class='ocr_par' dir='ltr' id='par_1_84' title="bbox 2005 2345 3674 2424">
     <span class='ocr_line' id='line_1_84' title="bbox 2005 2345 3674 2424; baseline 0.003 -22"><span class='ocrx_word' id='word_1_554' title='bbox 2005 2345 2132 2417; x_wconf 92' lang='lat' dir='ltr'>qui,</span> <span class='ocrx_word' id='word_1_555' title='bbox 2166 2347 2428 2418; x_wconf 79' lang='lat' dir='ltr'>praeﬁxis</span> <span class='ocrx_word' id='word_1_556' title='bbox 2458 2349 2591 2405; x_wconf 93' lang='lat' dir='ltr'>loco</span> <span class='ocrx_word' id='word_1_557' title='bbox 2622 2354 2679 2405; x_wconf 91' lang='lat' dir='ltr'>et</span> <span class='ocrx_word' id='word_1_558' title='bbox 2708 2353 2995 2424; x_wconf 88' lang='lat' dir='ltr'>tempore,</span> <span class='ocrx_word' id='word_1_559' title='bbox 3039 2367 3152 2407; x_wconf 90' lang='lat' dir='ltr'>nos</span> <span class='ocrx_word' id='word_1_560' title='bbox 3203 2351 3266 2406; x_wconf 92' lang='lat' dir='ltr'>in</span> <span class='ocrx_word' id='word_1_561' title='bbox 3323 2350 3674 2407; x_wconf 86' lang='lat' dir='ltr'>alterutrum</span> 
     </span>
    </p>
   </div>
   <div class='ocr_carea' id='block_1_85' title="bbox 2004 2432 3673 2511">
    <p class='ocr_par' dir='ltr' id='par_1_85' title="bbox 2004 2432 3673 2511">
     <span class='ocr_line' id='line_1_85' title="bbox 2004 2432 3673 2511; baseline 0.003 -23"><span class='ocrx_word' id='word_1_562' title='bbox 2004 2432 2183 2503; x_wconf 88' lang='lat' dir='ltr'>legali</span> <span class='ocrx_word' id='word_1_563' title='bbox 2241 2437 2471 2494; x_wconf 89' lang='lat' dir='ltr'>ratione</span> <span class='ocrx_word' id='word_1_564' title='bbox 2523 2438 2870 2509; x_wconf 89' lang='lat' dir='ltr'>justiﬁcent.</span> <span class='ocrx_word' id='word_1_565' title='bbox 2924 2444 3054 2497; x_wconf 88' lang='lat' dir='ltr'>Non</span> <span class='ocrx_word' id='word_1_566' title='bbox 3104 2440 3265 2496; x_wconf 91' lang='lat' dir='ltr'>enim</span> <span class='ocrx_word' id='word_1_567' title='bbox 3303 2453 3673 2511; x_wconf 88' lang='lat' dir='ltr'>usurpamus</span> 
     </span>
    </p>
   </div>
   <div class='ocr_carea' id='block_1_86' title="bbox 2006 2522 3674 2598">
    <p class='ocr_par' dir='ltr' id='par_1_86' title="bbox 2006 2522 3674 2598">
     <span class='ocr_line' id='line_1_86' title="bbox 2006 2522 3674 2598; baseline 0.002 -20"><span class='ocrx_word' id='word_1_568' title='bbox 2006 2522 2273 2581; x_wconf 81' lang='lat' dir='ltr'>ofﬁcium</span> <span class='ocrx_word' id='word_1_569' title='bbox 2300 2527 2521 2597; x_wconf 89' lang='lat' dir='ltr'>judicis</span> <span class='ocrx_word' id='word_1_570' title='bbox 2549 2527 2611 2583; x_wconf 90' lang='lat' dir='ltr'>in</span> <span class='ocrx_word' id='word_1_571' title='bbox 2640 2527 2752 2584; x_wconf 91' lang='lat' dir='ltr'>isto</span> <span class='ocrx_word' id='word_1_572' title='bbox 2777 2529 3037 2598; x_wconf 89' lang='lat' dir='ltr'>negotio,</span> <span class='ocrx_word' id='word_1_573' title='bbox 3071 2528 3222 2585; x_wconf 89' lang='lat' dir='ltr'>sicut</span> <span class='ocrx_word' id='word_1_574' title='bbox 3246 2544 3354 2584; x_wconf 88' lang='lat' dir='ltr'>vos</span> <span class='ocrx_word' id='word_1_575' title='bbox 3392 2526 3541 2584; x_wconf 91' lang='lat' dir='ltr'>velle</span> <span class='ocrx_word' id='word_1_576' title='bbox 3589 2526 3674 2582; x_wconf 91' lang='lat' dir='ltr'>di-</span> 
     </span>
    </p>
   </div>
   <div class='ocr_carea' id='block_1_87' title="bbox 2006 2612 3673 2690">
    <p class='ocr_par' dir='ltr' id='par_1_87' title="bbox 2006 2612 3673 2690">
     <span class='ocr_line' id='line_1_87' title="bbox 2006 2612 3673 2690; baseline 0.003 -23"><span class='ocrx_word' id='word_1_577' title='bbox 2006 2612 2156 2685; x_wconf 86' lang='lat' dir='ltr'>citis,</span> <span class='ocrx_word' id='word_1_578' title='bbox 2181 2630 2325 2673; x_wconf 90' lang='lat' dir='ltr'>cum</span> <span class='ocrx_word' id='word_1_579' title='bbox 2354 2616 2553 2673; x_wconf 91' lang='lat' dir='ltr'>nullus</span> <span class='ocrx_word' id='word_1_580' title='bbox 2581 2633 2712 2673; x_wconf 87' lang='lat' dir='ltr'>esse</span> <span class='ocrx_word' id='word_1_581' title='bbox 2741 2618 2929 2690; x_wconf 89' lang='lat' dir='ltr'>possit</span> <span class='ocrx_word' id='word_1_582' title='bbox 2958 2634 3081 2675; x_wconf 65' lang='lat' dir='ltr'>suae</span> <span class='ocrx_word' id='word_1_583' title='bbox 3107 2634 3304 2675; x_wconf 73' lang='lat' dir='ltr'>causas</span> <span class='ocrx_word' id='word_1_584' title='bbox 3334 2621 3392 2673; x_wconf 90' lang='lat' dir='ltr'>et</span> <span class='ocrx_word' id='word_1_585' title='bbox 3415 2620 3673 2672; x_wconf 86' lang='lat' dir='ltr'>assertor</span> 
     </span>
    </p>
   </div>
   <div class='ocr_carea' id='block_1_88' title="bbox 2005 2703 3671 2778">
    <p class='ocr_par' dir='ltr' id='par_1_88' title="bbox 2005 2703 3671 2778">
     <span class='ocr_line' id='line_1_88' title="bbox 2005 2703 3671 2778; baseline 0.001 -20"><span class='ocrx_word' id='word_1_586' title='bbox 2005 2707 2061 2758; x_wconf 88' lang='lat' dir='ltr'>et</span> <span class='ocrx_word' id='word_1_587' title='bbox 2079 2703 2290 2773; x_wconf 86' lang='lat' dir='ltr'>judex.</span> <span class='ocrx_word' id='word_1_588' title='bbox 2322 2706 2849 2763; x_wconf 90' lang='lat' dir='ltr'>Verumenimvero</span> <span class='ocrx_word' id='word_1_589' title='bbox 2873 2708 3014 2764; x_wconf 88' lang='lat' dir='ltr'>satis</span> <span class='ocrx_word' id='word_1_590' title='bbox 3040 2706 3328 2764; x_wconf 88' lang='lat' dir='ltr'>admirari</span> <span class='ocrx_word' id='word_1_591' title='bbox 3347 2705 3671 2778; x_wconf 88' lang='lat' dir='ltr'>nequimus</span> 
     </span>
    </p>
   </div>
   <div class='ocr_carea' id='block_1_89' title="bbox 2004 2790 3671 2868">
    <p class='ocr_par' dir='ltr' id='par_1_89' title="bbox 2004 2790 3671 2868">
     <span class='ocr_line' id='line_1_89' title="bbox 2004 2790 3671 2868; baseline -0.001 -20"><span class='ocrx_word' id='word_1_592' title='bbox 2004 2790 2302 2862; x_wconf 88' lang='lat' dir='ltr'>quidnam</span> <span class='ocrx_word' id='word_1_593' title='bbox 2334 2793 2477 2850; x_wconf 90' lang='lat' dir='ltr'>mali</span> <span class='ocrx_word' id='word_1_594' title='bbox 2504 2800 2593 2851; x_wconf 89' lang='lat' dir='ltr'>est</span> <span class='ocrx_word' id='word_1_595' title='bbox 2614 2795 2780 2868; x_wconf 91' lang='lat' dir='ltr'>quod</span> <span class='ocrx_word' id='word_1_596' title='bbox 2810 2798 2934 2851; x_wconf 90' lang='lat' dir='ltr'>tam</span> <span class='ocrx_word' id='word_1_597' title='bbox 2961 2796 3245 2853; x_wconf 89' lang='lat' dir='ltr'>audacter</span> <span class='ocrx_word' id='word_1_598' title='bbox 3273 2793 3353 2850; x_wconf 90' lang='lat' dir='ltr'>ad</span> <span class='ocrx_word' id='word_1_599' title='bbox 3372 2792 3671 2865; x_wconf 90' lang='lat' dir='ltr'>judicium</span> 
     </span>
    </p>
   </div>
   <div class='ocr_carea' id='block_1_90' title="bbox 2005 2883 3671 2958">
    <p class='ocr_par' dir='ltr' id='par_1_90' title="bbox 2005 2883 3671 2958">
     <span class='ocr_line' id='line_1_90' title="bbox 2005 2883 3671 2958; baseline 0.001 -23"><span class='ocrx_word' id='word_1_600' title='bbox 2005 2883 2364 2953; x_wconf 89' lang='lat' dir='ltr'>properatis,</span> <span class='ocrx_word' id='word_1_601' title='bbox 2396 2884 2509 2941; x_wconf 89' lang='lat' dir='ltr'>nisi</span> <span class='ocrx_word' id='word_1_602' title='bbox 2538 2884 2708 2957; x_wconf 87' lang='lat' dir='ltr'>forte,</span> <span class='ocrx_word' id='word_1_603' title='bbox 2757 2885 2921 2958; x_wconf 90' lang='lat' dir='ltr'>quod</span> <span class='ocrx_word' id='word_1_604' title='bbox 2965 2886 3286 2942; x_wconf 89' lang='lat' dir='ltr'>abhorrere</span> <span class='ocrx_word' id='word_1_605' title='bbox 3332 2884 3671 2940; x_wconf 89' lang='lat' dir='ltr'>humanum</span> 
     </span>
    </p>
   </div>
   <div class='ocr_carea' id='block_1_91' title="bbox 2003 2964 3670 3048">
    <p class='ocr_par' dir='ltr' id='par_1_91' title="bbox 2003 2964 3670 3048">
     <span class='ocr_line' id='line_1_91' title="bbox 2003 2964 3670 3048; baseline 0.002 -23"><span class='ocrx_word' id='word_1_606' title='bbox 2003 2964 2111 3037; x_wconf 87' lang='lat' dir='ltr'>est,</span> <span class='ocrx_word' id='word_1_607' title='bbox 2144 2972 2384 3043; x_wconf 87' lang='lat' dir='ltr'>publice</span> <span class='ocrx_word' id='word_1_608' title='bbox 2414 2974 2692 3031; x_wconf 90' lang='lat' dir='ltr'>damnari</span> <span class='ocrx_word' id='word_1_609' title='bbox 2721 2974 2933 3046; x_wconf 90' lang='lat' dir='ltr'>eligitis</span> <span class='ocrx_word' id='word_1_610' title='bbox 2964 2992 3151 3048; x_wconf 90' lang='lat' dir='ltr'>quam</span> <span class='ocrx_word' id='word_1_611' title='bbox 3183 2978 3409 3031; x_wconf 86' lang='lat' dir='ltr'>secreta</span> <span class='ocrx_word' id='word_1_612' title='bbox 3426 2972 3670 3033; x_wconf 73' lang='lat' dir='ltr'>satisfa-</span> 
     </span>
    </p>
   </div>
   <div class='ocr_carea' id='block_1_92' title="bbox 2003 3057 3671 3137">
    <p class='ocr_par' dir='ltr' id='par_1_92' title="bbox 2003 3057 3671 3137">
     <span class='ocr_line' id='line_1_92' title="bbox 2003 3057 3671 3137; baseline 0.004 -24"><span class='ocrx_word' id='word_1_613' title='bbox 2003 3057 2196 3115; x_wconf 90' lang='lat' dir='ltr'>ctione</span> <span class='ocrx_word' id='word_1_614' title='bbox 2228 3062 2495 3132; x_wconf 89' lang='lat' dir='ltr'>purgari.</span> <span class='ocrx_word' id='word_1_615' title='bbox 2529 3063 2638 3128; x_wconf 88' lang='lat' dir='ltr'>Qui</span> <span class='ocrx_word' id='word_1_616' title='bbox 2667 3064 2829 3120; x_wconf 92' lang='lat' dir='ltr'>enim</span> <span class='ocrx_word' id='word_1_617' title='bbox 2859 3063 3023 3120; x_wconf 89' lang='lat' dir='ltr'>aliud</span> <span class='ocrx_word' id='word_1_618' title='bbox 3077 3065 3137 3120; x_wconf 91' lang='lat' dir='ltr'>in</span> <span class='ocrx_word' id='word_1_619' title='bbox 3182 3064 3409 3137; x_wconf 92' lang='lat' dir='ltr'>judicio</span> <span class='ocrx_word' id='word_1_620' title='bbox 3438 3078 3671 3120; x_wconf 91' lang='lat' dir='ltr'>merea-</span> 
     </span>
    </p>
   </div>
   <div class='ocr_carea' id='block_1_93' title="bbox 2006 3150 3670 3225">
    <p class='ocr_par' dir='ltr' id='par_1_93' title="bbox 2006 3150 3670 3225">
     <span class='ocr_line' id='line_1_93' title="bbox 2006 3150 3670 3225; baseline 0.003 -22"><span class='ocrx_word' id='word_1_621' title='bbox 2006 3151 2098 3204; x_wconf 88' lang='lat' dir='ltr'>tur</span> <span class='ocrx_word' id='word_1_622' title='bbox 2127 3150 2460 3207; x_wconf 62' lang='lat' dir='ltr'>manifestaa</span> <span class='ocrx_word' id='word_1_623' title='bbox 2491 3152 2681 3225; x_wconf 84' lang='lat' dir='ltr'>culpas</span> <span class='ocrx_word' id='word_1_624' title='bbox 2728 3153 2941 3210; x_wconf 89' lang='lat' dir='ltr'>odiosa</span> <span class='ocrx_word' id='word_1_625' title='bbox 2997 3152 3312 3210; x_wconf 80' lang='lat' dir='ltr'>defensio?</span> <span class='ocrx_word' id='word_1_626' title='bbox 3366 3156 3433 3209; x_wconf 89' lang='lat' dir='ltr'>Et</span> <span class='ocrx_word' id='word_1_627' title='bbox 3478 3156 3670 3211; x_wconf 88' lang='lat' dir='ltr'>vestra</span> 
     </span>
    </p>
   </div>
   <div class='ocr_carea' id='block_1_94' title="bbox 2003 3237 3669 3313">
    <p class='ocr_par' dir='ltr' id='par_1_94' title="bbox 2003 3237 3669 3313">
     <span class='ocr_line' id='line_1_94' title="bbox 2003 3237 3669 3313; baseline 0.002 -21"><span class='ocrx_word' id='word_1_628' title='bbox 2003 3237 2250 3310; x_wconf 89' lang='lat' dir='ltr'>quidem</span> <span class='ocrx_word' id='word_1_629' title='bbox 2278 3240 2457 3313; x_wconf 85' lang='lat' dir='ltr'>culpa</span> <span class='ocrx_word' id='word_1_630' title='bbox 2485 3240 2567 3296; x_wconf 93' lang='lat' dir='ltr'>sic</span> <span class='ocrx_word' id='word_1_631' title='bbox 2599 3241 2918 3298; x_wconf 87' lang='lat' dir='ltr'>manifesta</span> <span class='ocrx_word' id='word_1_632' title='bbox 2947 3247 3053 3309; x_wconf 91' lang='lat' dir='ltr'>est,</span> <span class='ocrx_word' id='word_1_633' title='bbox 3105 3245 3170 3298; x_wconf 92' lang='lat' dir='ltr'>ut</span> <span class='ocrx_word' id='word_1_634' title='bbox 3207 3242 3373 3298; x_wconf 90' lang='lat' dir='ltr'>nullo</span> <span class='ocrx_word' id='word_1_635' title='bbox 3421 3257 3669 3298; x_wconf 84' lang='lat' dir='ltr'>excusa-</span> 
     </span>
    </p>
   </div>
   <div class='ocr_carea' id='block_1_95' title="bbox 2005 3326 3669 3397">
    <p class='ocr_par' dir='ltr' id='par_1_95' title="bbox 2005 3326 3669 3397">
     <span class='ocr_line' id='line_1_95' title="bbox 2005 3326 3669 3397; baseline 0.002 -14"><span class='ocrx_word' id='word_1_636' title='bbox 2005 3326 2179 3383; x_wconf 91' lang='lat' dir='ltr'>tionis</span> <span class='ocrx_word' id='word_1_637' title='bbox 2235 3344 2451 3397; x_wconf 90' lang='lat' dir='ltr'>genere</span> <span class='ocrx_word' id='word_1_638' title='bbox 2504 3330 2698 3387; x_wconf 87' lang='lat' dir='ltr'>valeat</span> <span class='ocrx_word' id='word_1_639' title='bbox 2752 3331 3123 3389; x_wconf 87' lang='lat' dir='ltr'>ohumbrari.</span> <span class='ocrx_word' id='word_1_640' title='bbox 3176 3334 3296 3387; x_wconf 85' lang='lat' dir='ltr'>Vox</span> <span class='ocrx_word' id='word_1_641' title='bbox 3346 3331 3506 3388; x_wconf 92' lang='lat' dir='ltr'>enim</span> <span class='ocrx_word' id='word_1_642' title='bbox 3535 3346 3669 3386; x_wconf 83' lang='lat' dir='ltr'>san-</span> 
     </span>
    </p>
   </div>
   <div class='ocr_carea' id='block_1_96' title="bbox 2006 3416 3667 3493">
    <p class='ocr_par' dir='ltr' id='par_1_96' title="bbox 2006 3416 3667 3493">
     <span class='ocr_line' id='line_1_96' title="bbox 2006 3416 3667 3493; baseline 0.001 -19"><span class='ocrx_word' id='word_1_643' title='bbox 2006 3416 2204 3485; x_wconf 86' lang='lat' dir='ltr'>guinis</span> <span class='ocrx_word' id='word_1_644' title='bbox 2264 3417 2460 3475; x_wconf 89' lang='lat' dir='ltr'>fratris</span> <span class='ocrx_word' id='word_1_645' title='bbox 2514 3420 2690 3475; x_wconf 89' lang='lat' dir='ltr'>vestri</span> <span class='ocrx_word' id='word_1_646' title='bbox 2748 3424 2807 3476; x_wconf 92' lang='lat' dir='ltr'>et</span> <span class='ocrx_word' id='word_1_647' title='bbox 2856 3421 3180 3478; x_wconf 89' lang='lat' dir='ltr'>sacerdotis</span> <span class='ocrx_word' id='word_1_648' title='bbox 3211 3419 3476 3488; x_wconf 87' lang='lat' dir='ltr'>Evrardi,</span> <span class='ocrx_word' id='word_1_649' title='bbox 3504 3422 3667 3493; x_wconf 84' lang='lat' dir='ltr'>post-</span> 
     </span>
    </p>
   </div>
   <div class='ocr_carea' id='block_1_97' title="bbox 2004 3507 3670 3583">
    <p class='ocr_par' dir='ltr' id='par_1_97' title="bbox 2004 3507 3670 3583">
     <span class='ocr_line' id='line_1_97' title="bbox 2004 3507 3670 3583; baseline 0.002 -21"><span class='ocrx_word' id='word_1_650' title='bbox 2004 3521 2191 3578; x_wconf 89' lang='lat' dir='ltr'>quam</span> <span class='ocrx_word' id='word_1_651' title='bbox 2240 3507 2320 3564; x_wconf 90' lang='lat' dir='ltr'>ad</span> <span class='ocrx_word' id='word_1_652' title='bbox 2368 3523 2543 3573; x_wconf 83' lang='lat' dir='ltr'>aures</span> <span class='ocrx_word' id='word_1_653' title='bbox 2590 3510 2857 3581; x_wconf 90' lang='lat' dir='ltr'>supremi</span> <span class='ocrx_word' id='word_1_654' title='bbox 2909 3510 3128 3582; x_wconf 92' lang='lat' dir='ltr'>judicis</span> <span class='ocrx_word' id='word_1_655' title='bbox 3185 3509 3500 3577; x_wconf 89' lang='lat' dir='ltr'>ascendit,</span> <span class='ocrx_word' id='word_1_656' title='bbox 3559 3525 3670 3583; x_wconf 84' lang='lat' dir='ltr'>per</span> 
     </span>
    </p>
   </div>
   <div class='ocr_carea' id='block_1_98' title="bbox 2005 3597 3670 3670">
    <p class='ocr_par' dir='ltr' id='par_1_98' title="bbox 2005 3597 3670 3670">
     <span class='ocr_line' id='line_1_98' title="bbox 2005 3597 3670 3670; baseline 0.003 -19"><span class='ocrx_word' id='word_1_657' title='bbox 2005 3599 2192 3652; x_wconf 90' lang='lat' dir='ltr'>totam</span> <span class='ocrx_word' id='word_1_658' title='bbox 2250 3597 2498 3654; x_wconf 89' lang='lat' dir='ltr'>Galliam</span> <span class='ocrx_word' id='word_1_659' title='bbox 2556 3600 2937 3656; x_wconf 89' lang='lat' dir='ltr'>vehementer</span> <span class='ocrx_word' id='word_1_660' title='bbox 2999 3600 3319 3656; x_wconf 88' lang='lat' dir='ltr'>infremuit.</span> <span class='ocrx_word' id='word_1_661' title='bbox 3381 3600 3540 3670; x_wconf 90' lang='lat' dir='ltr'>Qui,</span> <span class='ocrx_word' id='word_1_662' title='bbox 3604 3603 3670 3656; x_wconf 88' lang='lat' dir='ltr'>ut</span> 
     </span>
    </p>
   </div>
   <div class='ocr_carea' id='block_1_99' title="bbox 2006 3686 3666 3758">
    <p class='ocr_par' dir='ltr' id='par_1_99' title="bbox 2006 3686 3666 3758">
     <span class='ocr_line' id='line_1_99' title="bbox 2006 3686 3666 3758; baseline 0.002 -18"><span class='ocrx_word' id='word_1_663' title='bbox 2006 3688 2165 3741; x_wconf 88' lang='lat' dir='ltr'>certo</span> <span class='ocrx_word' id='word_1_664' title='bbox 2215 3686 2458 3757; x_wconf 91' lang='lat' dir='ltr'>scimus,</span> <span class='ocrx_word' id='word_1_665' title='bbox 2514 3703 2640 3743; x_wconf 91' lang='lat' dir='ltr'>non</span> <span class='ocrx_word' id='word_1_666' title='bbox 2686 3692 2775 3745; x_wconf 88' lang='lat' dir='ltr'>est</span> <span class='ocrx_word' id='word_1_667' title='bbox 2804 3689 3036 3745; x_wconf 87' lang='lat' dir='ltr'>occisus</span> <span class='ocrx_word' id='word_1_668' title='bbox 3066 3690 3146 3745; x_wconf 91' lang='lat' dir='ltr'>ob</span> <span class='ocrx_word' id='word_1_669' title='bbox 3177 3689 3357 3746; x_wconf 86' lang='lat' dir='ltr'>aliam</span> <span class='ocrx_word' id='word_1_670' title='bbox 3395 3705 3666 3758; x_wconf 89' lang='lat' dir='ltr'>causam,</span> 
     </span>
    </p>
   </div>
   <div class='ocr_carea' id='block_1_100' title="bbox 2005 3776 3664 3849">
    <p class='ocr_par' dir='ltr' id='par_1_100' title="bbox 2005 3776 3664 3849">
     <span class='ocr_line' id='line_1_100' title="bbox 2005 3776 3664 3849; baseline 0.002 -19"><span class='ocrx_word' id='word_1_671' title='bbox 2005 3790 2192 3846; x_wconf 88' lang='lat' dir='ltr'>quam</span> <span class='ocrx_word' id='word_1_672' title='bbox 2223 3776 2302 3832; x_wconf 91' lang='lat' dir='ltr'>ob</span> <span class='ocrx_word' id='word_1_673' title='bbox 2334 3780 2543 3833; x_wconf 76' lang='lat' dir='ltr'>vestrae</span> <span class='ocrx_word' id='word_1_674' title='bbox 2570 3777 2912 3848; x_wconf 90' lang='lat' dir='ltr'>cupiditatis</span> <span class='ocrx_word' id='word_1_675' title='bbox 2952 3779 3237 3849; x_wconf 89' lang='lat' dir='ltr'>injustam</span> <span class='ocrx_word' id='word_1_676' title='bbox 3275 3778 3664 3834; x_wconf 89' lang='lat' dir='ltr'>calumniam.</span> 
     </span>
    </p>
   </div>
   <div class='ocr_carea' id='block_1_101' title="bbox 2005 3862 3670 3935">
    <p class='ocr_par' dir='ltr' id='par_1_101' title="bbox 2005 3862 3670 3935">
     <span class='ocr_line' id='line_1_101' title="bbox 2005 3862 3670 3935; baseline 0.002 -17"><span class='ocrx_word' id='word_1_677' title='bbox 2005 3862 2266 3920; x_wconf 88' lang='lat' dir='ltr'>Viderint</span> <span class='ocrx_word' id='word_1_678' title='bbox 2288 3865 2520 3935; x_wconf 90' lang='lat' dir='ltr'>judices</span> <span class='ocrx_word' id='word_1_679' title='bbox 2551 3869 2753 3921; x_wconf 91' lang='lat' dir='ltr'>utrum</span> <span class='ocrx_word' id='word_1_680' title='bbox 2791 3866 3035 3921; x_wconf 83' lang='lat' dir='ltr'>eﬁ‘ectus</span> <span class='ocrx_word' id='word_1_681' title='bbox 3077 3865 3365 3923; x_wconf 86' lang='lat' dir='ltr'>referatur</span> <span class='ocrx_word' id='word_1_682' title='bbox 3402 3866 3481 3922; x_wconf 89' lang='lat' dir='ltr'>ad</span> <span class='ocrx_word' id='word_1_683' title='bbox 3533 3882 3670 3922; x_wconf 83' lang='lat' dir='ltr'>cau-</span> 
     </span>
    </p>
   </div>
   <div class='ocr_carea' id='block_1_102' title="bbox 2007 3953 2350 4010">
    <p class='ocr_par' dir='ltr' id='par_1_102' title="bbox 2007 3953 2350 4010">
     <span class='ocr_line' id='line_1_102' title="bbox 2007 3953 2350 4010; baseline 0.006 -2"><span class='ocrx_word' id='word_1_684' title='bbox 2007 3969 2158 4009; x_wconf 88' lang='lat' dir='ltr'>sam.</span> <span class='ocrx_word' id='word_1_685' title='bbox 2191 3953 2350 4010; x_wconf 88' lang='lat' dir='ltr'>Vale.</span> 
     </span>
    </p>
   </div>
   <div class='ocr_carea' id='block_1_103' title="bbox 2088 4025 3237 4096">
    <p class='ocr_par' dir='ltr' id='par_1_103' title="bbox 2088 4025 3237 4096">
     <span class='ocr_line' id='line_1_103' title="bbox 2088 4025 3237 4096; baseline 0 -15"><span class='ocrx_word' id='word_1_686' title='bbox 2088 4028 2091 4029; x_wconf 51' lang='grc' dir='ltr'>ί</span> <span class='ocrx_word' id='word_1_687' title='bbox 2434 4025 2769 4096; x_wconf 78' lang='lat' dir='ltr'>EPISTOLA</span> <span class='ocrx_word' id='word_1_688' title='bbox 2807 4027 2890 4081; x_wconf 89' lang='lat' dir='ltr'>XL</span> <span class='ocrx_word' id='word_1_689' title='bbox 2928 4025 3116 4096; x_wconf 20' lang='lat' dir='ltr'>A[alim</span> <span class='ocrx_word' id='word_1_690' title='bbox 3158 4026 3237 4096; x_wconf 83' lang='lat'>1.].</span> 
     </span>
    </p>
   </div>
   <div class='ocr_carea' id='block_1_104' title="bbox 2542 4094 3129 4168">
    <p class='ocr_par' dir='ltr' id='par_1_104' title="bbox 2542 4094 3129 4168">
     <span class='ocr_line' id='line_1_104' title="bbox 2542 4094 3129 4168; baseline 0.003 -18"><span class='ocrx_word' id='word_1_691' title='bbox 2542 4095 2733 4162; x_wconf 90' lang='lat' dir='ltr'>(Circa</span> <span class='ocrx_word' id='word_1_692' title='bbox 2762 4094 2965 4152; x_wconf 77' lang='lat' dir='ltr'>eumd.</span> <span class='ocrx_word' id='word_1_693' title='bbox 3007 4097 3129 4168; x_wconf 90' lang='lat' dir='ltr'>an).</span> 
     </span>
    </p>
   </div>
   <div class='ocr_carea' id='block_1_105' title="bbox 2017 4167 3667 4237">
    <p class='ocr_par' dir='ltr' id='par_1_105' title="bbox 2017 4167 3667 4237">
     <span class='ocr_line' id='line_1_105' title="bbox 2017 4167 3667 4237; baseline 0.003 -16"><span class='ocrx_word' id='word_1_694' title='bbox 2017 4167 2356 4223; x_wconf 81' lang='lat' dir='ltr'>Venerabili</span> <span class='ocrx_word' id='word_1_695' title='bbox 2378 4167 2918 4224; x_wconf 79' lang='lat' dir='ltr'>Silvanectensium</span> <span class='ocrx_word' id='word_1_696' title='bbox 2950 4167 3220 4237; x_wconf 78' lang='lat' dir='ltr'>episeopo</span> <span class='ocrx_word' id='word_1_697' title='bbox 3250 4170 3315 4225; x_wconf 82' lang='lat' dir='ltr'>R.</span> <span class='ocrx_word' id='word_1_698' title='bbox 3350 4171 3667 4226; x_wconf 74' lang='lat' dir='ltr'>FULBERTUS</span> 
     </span>
    </p>
   </div>
   <div class='ocr_carea' id='block_1_106' title="bbox 2254 4257 3411 4327">
    <p class='ocr_par' dir='ltr' id='par_1_106' title="bbox 2254 4257 3411 4327">
     <span class='ocr_line' id='line_1_106' title="bbox 2254 4257 3411 4327; baseline 0.004 -16"><span class='ocrx_word' id='word_1_699' title='bbox 2254 4258 2366 4313; x_wconf 88' lang='lat' dir='ltr'>Dei</span> <span class='ocrx_word' id='word_1_700' title='bbox 2390 4257 2595 4327; x_wconf 80' lang='lat' dir='ltr'>gratia</span> <span class='ocrx_word' id='word_1_701' title='bbox 2629 4257 3086 4314; x_wconf 80' lang='lat' dir='ltr'>Carnotensium</span> <span class='ocrx_word' id='word_1_702' title='bbox 3115 4259 3411 4316; x_wconf 84' lang='lat' dir='ltr'>sacerdos.</span> 
     </span>
    </p>
   </div>
   <div class='ocr_carea' id='block_1_107' title="bbox 2076 4346 3669 4423">
    <p class='ocr_par' dir='ltr' id='par_1_107' title="bbox 2076 4346 3669 4423">
     <span class='ocr_line' id='line_1_107' title="bbox 2076 4346 3669 4423; baseline 0.004 -23"><span class='ocrx_word' id='word_1_703' title='bbox 2076 4348 2203 4401; x_wconf 86' lang='lat' dir='ltr'>Non</span> <span class='ocrx_word' id='word_1_704' title='bbox 2252 4349 2484 4418; x_wconf 88' lang='lat' dir='ltr'>oportet</span> <span class='ocrx_word' id='word_1_705' title='bbox 2534 4346 2721 4402; x_wconf 89' lang='lat' dir='ltr'>nostri</span> <span class='ocrx_word' id='word_1_706' title='bbox 2772 4346 2998 4402; x_wconf 90' lang='lat' dir='ltr'>ordinis</span> <span class='ocrx_word' id='word_1_707' title='bbox 3046 4347 3208 4404; x_wconf 88' lang='lat' dir='ltr'>viros</span> <span class='ocrx_word' id='word_1_708' title='bbox 3249 4349 3310 4404; x_wconf 91' lang='lat' dir='ltr'>in</span> <span class='ocrx_word' id='word_1_709' title='bbox 3351 4350 3669 4423; x_wconf 87' lang='lat' dir='ltr'>superﬂuis</span> 
     </span>
    </p>
   </div>
   <div class='ocr_carea' id='block_1_108' title="bbox 2004 4434 3669 4510">
    <p class='ocr_par' dir='ltr' id='par_1_108' title="bbox 2004 4434 3669 4510">
     <span class='ocr_line' id='line_1_108' title="bbox 2004 4434 3669 4510; baseline 0.004 -21"><span class='ocrx_word' id='word_1_710' title='bbox 2004 4434 2536 4508; x_wconf 89' lang='lat' dir='ltr'>scriptitationibus</span> <span class='ocrx_word' id='word_1_711' title='bbox 2567 4436 2870 4510; x_wconf 90' lang='lat' dir='ltr'>occupari,</span> <span class='ocrx_word' id='word_1_712' title='bbox 2901 4437 3093 4494; x_wconf 91' lang='lat' dir='ltr'>multa</span> <span class='ocrx_word' id='word_1_713' title='bbox 3140 4438 3301 4495; x_wconf 93' lang='lat' dir='ltr'>enim</span> <span class='ocrx_word' id='word_1_714' title='bbox 3351 4443 3409 4494; x_wconf 89' lang='lat' dir='ltr'>et</span> <span class='ocrx_word' id='word_1_715' title='bbox 3445 4456 3669 4509; x_wconf 90' lang='lat' dir='ltr'>magna</span> 
     </span>
    </p>
   </div>
   <div class='ocr_carea' id='block_1_109' title="bbox 2002 4525 3664 4598">
    <p class='ocr_par' dir='ltr' id='par_1_109' title="bbox 2002 4525 3664 4598">
     <span class='ocr_line' id='line_1_109' title="bbox 2002 4525 3664 4598; baseline 0.002 -19"><span class='ocrx_word' id='word_1_716' title='bbox 2002 4525 2243 4595; x_wconf 88' lang='lat' dir='ltr'>negotia</span> <span class='ocrx_word' id='word_1_717' title='bbox 2270 4525 2447 4581; x_wconf 90' lang='lat' dir='ltr'>nobis</span> <span class='ocrx_word' id='word_1_718' title='bbox 2488 4525 2884 4598; x_wconf 84' lang='lat' dir='ltr'>expedienda,</span> <span class='ocrx_word' id='word_1_719' title='bbox 2913 4525 2962 4581; x_wconf 93' lang='lat' dir='ltr'>si</span> <span class='ocrx_word' id='word_1_720' title='bbox 3014 4542 3140 4583; x_wconf 92' lang='lat' dir='ltr'>non</span> <span class='ocrx_word' id='word_1_721' title='bbox 3159 4527 3664 4598; x_wconf 78' lang='lat' dir='ltr'>_dissimulamus,</span> 
     </span>
    </p>
   </div>
   <div class='ocr_carea' id='block_1_110' title="bbox 2000 4585 3759 4690">
    <p class='ocr_par' dir='ltr' id='par_1_110' title="bbox 2000 4585 3759 4690">
     <span class='ocr_line' id='line_1_110' title="bbox 2000 4585 3759 4690; baseline 0.003 -22"><span class='ocrx_word' id='word_1_722' title='bbox 2000 4585 2378 4670; x_wconf 55' lang='lat' dir='ltr'>incvumbunt.</span> <span class='ocrx_word' id='word_1_723' title='bbox 2411 4585 2719 4671; x_wconf 73' lang='lat' dir='ltr'>Sufﬁciant</span> <span class='ocrx_word' id='word_1_724' title='bbox 2747 4585 2922 4671; x_wconf 83' lang='lat' dir='ltr'>nobis</span> <span class='ocrx_word' id='word_1_725' title='bbox 2953 4631 3131 4688; x_wconf 88' lang='lat' dir='ltr'>super</span> <span class='ocrx_word' id='word_1_726' title='bbox 3158 4585 3277 4672; x_wconf 60' lang='lat' dir='ltr'>&#39;his</span> <span class='ocrx_word' id='word_1_727' title='bbox 3322 4616 3483 4673; x_wconf 92' lang='lat' dir='ltr'>unde</span> <span class='ocrx_word' id='word_1_728' title='bbox 3540 4585 3665 4686; x_wconf 49' lang='lat' dir='ltr'>agi;</span> <span class='ocrx_word' id='word_1_729' title='bbox 3743 4676 3759 4690; x_wconf 39' lang='grc' dir='ltr'>δ</span> 
     </span>
    </p>
   </div>
   <div class='ocr_carea' id='block_1_111' title="bbox 2001 4702 3669 4777">
    <p class='ocr_par' dir='ltr' id='par_1_111' title="bbox 2001 4702 3669 4777">
     <span class='ocr_line' id='line_1_111' title="bbox 2001 4702 3669 4777; baseline 0.001 -20"><span class='ocrx_word' id='word_1_730' title='bbox 2001 4719 2159 4773; x_wconf 91' lang='lat' dir='ltr'>mus,</span> <span class='ocrx_word' id='word_1_731' title='bbox 2187 4702 2389 4759; x_wconf 74' lang='lat' dir='ltr'>litterae</span> <span class='ocrx_word' id='word_1_732' title='bbox 2420 4718 2614 4776; x_wconf 90' lang='lat' dir='ltr'>nuper</span> <span class='ocrx_word' id='word_1_733' title='bbox 2666 4719 2703 4760; x_wconf 90' lang='lat' dir='ltr'>a</span> <span class='ocrx_word' id='word_1_734' title='bbox 2741 4703 2916 4760; x_wconf 91' lang='lat' dir='ltr'>nobis</span> <span class='ocrx_word' id='word_1_735' title='bbox 2968 4703 3188 4774; x_wconf 56' lang='lat' dir='ltr'>missa,</span> <span class='ocrx_word' id='word_1_736' title='bbox 3234 4719 3498 4777; x_wconf 91' lang='lat' dir='ltr'>quarum</span> <span class='ocrx_word' id='word_1_737' title='bbox 3542 4708 3669 4760; x_wconf 91' lang='lat' dir='ltr'>erat</span> 
     </span>
    </p>
   </div>
   <div class='ocr_carea' id='block_1_112' title="bbox 2002 4792 3668 4863">
    <p class='ocr_par' dir='ltr' id='par_1_112' title="bbox 2002 4792 3668 4863">
     <span class='ocr_line' id='line_1_112' title="bbox 2002 4792 3668 4863; baseline 0.001 -16"><span class='ocrx_word' id='word_1_738' title='bbox 2002 4792 2342 4849; x_wconf 84' lang='lat' dir='ltr'>extremitas</span> <span class='ocrx_word' id='word_1_739' title='bbox 2379 4811 2391 4849; x_wconf 93' lang='lat'>:</span> <span class='ocrx_word' id='word_1_740' title='bbox 2433 4793 2703 4849; x_wconf 79' lang='lat' dir='ltr'>Viderint</span> <span class='ocrx_word' id='word_1_741' title='bbox 2722 4794 2958 4863; x_wconf 85' lang='lat' dir='ltr'>judices</span> <span class='ocrx_word' id='word_1_742' title='bbox 2986 4798 3191 4848; x_wconf 82' lang='lat' dir='ltr'>utrum</span> <span class='ocrx_word' id='word_1_743' title='bbox 3238 4792 3479 4863; x_wconf 70' lang='lat' dir='ltr'>effectus</span> <span class='ocrx_word' id='word_1_744' title='bbox 3516 4794 3668 4863; x_wconf 86' lang='lat' dir='ltr'>refe-</span> 
     </span>
    </p>
   </div>
   <div class='ocr_carea' id='block_1_113' title="bbox 2003 4880 3668 4953">
    <p class='ocr_par' dir='ltr' id='par_1_113' title="bbox 2003 4880 3668 4953">
     <span class='ocr_line' id='line_1_113' title="bbox 2003 4880 3668 4953; baseline 0.002 -17"><span class='ocrx_word' id='word_1_745' title='bbox 2003 4887 2181 4939; x_wconf 78' lang='lat' dir='ltr'>ratur</span> <span class='ocrx_word' id='word_1_746' title='bbox 2216 4883 2298 4939; x_wconf 91' lang='lat' dir='ltr'>ad</span> <span class='ocrx_word' id='word_1_747' title='bbox 2326 4897 2589 4939; x_wconf 86' lang='lat' dir='ltr'>causam.</span> <span class='ocrx_word' id='word_1_748' title='bbox 2621 4883 2764 4947; x_wconf 82' lang='lat' dir='ltr'>Quae</span> <span class='ocrx_word' id='word_1_749' title='bbox 2795 4881 2956 4937; x_wconf 90' lang='lat' dir='ltr'>enim</span> <span class='ocrx_word' id='word_1_750' title='bbox 2980 4880 3062 4935; x_wconf 89' lang='lat' dir='ltr'>ibi</span> <span class='ocrx_word' id='word_1_751' title='bbox 3093 4881 3312 4953; x_wconf 88' lang='lat' dir='ltr'>scripta</span> <span class='ocrx_word' id='word_1_752' title='bbox 3351 4886 3507 4951; x_wconf 91' lang='lat' dir='ltr'>sunt,</span> <span class='ocrx_word' id='word_1_753' title='bbox 3564 4886 3668 4941; x_wconf 89' lang='lat' dir='ltr'>aut</span> 
     </span>
    </p>
   </div>
   <div class='ocr_carea' id='block_1_114' title="bbox 2002 4968 3665 5041">
    <p class='ocr_par' dir='ltr' id='par_1_114' title="bbox 2002 4968 3665 5041">
     <span class='ocr_line' id='line_1_114' title="bbox 2002 4968 3665 5041; baseline 0.001 -16"><span class='ocrx_word' id='word_1_754' title='bbox 2002 4985 2075 5026; x_wconf 91' lang='lat' dir='ltr'>ea</span> <span class='ocrx_word' id='word_1_755' title='bbox 2123 4969 2390 5041; x_wconf 90' lang='lat' dir='ltr'>legitima</span> <span class='ocrx_word' id='word_1_756' title='bbox 2445 4969 2771 5026; x_wconf 87' lang='lat' dir='ltr'>assertione</span> <span class='ocrx_word' id='word_1_757' title='bbox 2829 4968 3350 5035; x_wconf 82' lang='lat' dir='ltr'>conﬁrmabimus,</span> <span class='ocrx_word' id='word_1_758' title='bbox 3406 4974 3510 5027; x_wconf 90' lang='lat' dir='ltr'>aut</span> <span class='ocrx_word' id='word_1_759' title='bbox 3560 4986 3665 5027; x_wconf 85' lang='lat' dir='ltr'>vos</span> 
     </span>
    </p>
   </div>
   <div class='ocr_carea' id='block_1_115' title="bbox 2000 5057 3669 5132">
    <p class='ocr_par' dir='ltr' id='par_1_115' title="bbox 2000 5057 3669 5132">
     <span class='ocr_line' id='line_1_115' title="bbox 2000 5057 3669 5132; baseline -0.002 -13"><span class='ocrx_word' id='word_1_760' title='bbox 2000 5064 2304 5119; x_wconf 88' lang='lat' dir='ltr'>inﬁrmare</span> <span class='ocrx_word' id='word_1_761' title='bbox 2358 5063 2413 5117; x_wconf 89' lang='lat' dir='ltr'>et</span> <span class='ocrx_word' id='word_1_762' title='bbox 2467 5074 2797 5132; x_wconf 88' lang='lat' dir='ltr'>pernegare</span> <span class='ocrx_word' id='word_1_763' title='bbox 2844 5057 3165 5131; x_wconf 89' lang='lat' dir='ltr'>patiemur,</span> <span class='ocrx_word' id='word_1_764' title='bbox 3217 5057 3266 5113; x_wconf 93' lang='lat' dir='ltr'>si</span> <span class='ocrx_word' id='word_1_765' title='bbox 3314 5057 3454 5115; x_wconf 89' lang='lat' dir='ltr'>data</span> <span class='ocrx_word' id='word_1_766' title='bbox 3492 5059 3669 5117; x_wconf 89' lang='lat' dir='ltr'>fuerit</span> 
     </span>
    </p>
   </div>
   <div class='ocr_carea' id='block_1_116' title="bbox 2002 5145 3665 5222">
    <p class='ocr_par' dir='ltr' id='par_1_116' title="bbox 2002 5145 3665 5222">
     <span class='ocr_line' id='line_1_116' title="bbox 2002 5145 3665 5222; baseline -0.002 -13"><span class='ocrx_word' id='word_1_767' title='bbox 2002 5151 2236 5209; x_wconf 90' lang='lat' dir='ltr'>consilii</span> <span class='ocrx_word' id='word_1_768' title='bbox 2282 5148 2611 5222; x_wconf 90' lang='lat' dir='ltr'>judiciique</span> <span class='ocrx_word' id='word_1_769' title='bbox 2654 5146 2938 5203; x_wconf 89' lang='lat' dir='ltr'>occasio:</span> <span class='ocrx_word' id='word_1_770' title='bbox 2982 5145 3071 5201; x_wconf 91' lang='lat' dir='ltr'>sin</span> <span class='ocrx_word' id='word_1_771' title='bbox 3126 5152 3346 5215; x_wconf 90' lang='lat' dir='ltr'>autem,</span> <span class='ocrx_word' id='word_1_772' title='bbox 3404 5148 3665 5206; x_wconf 87' lang='lat' dir='ltr'>contenti</span> 
     </span>
    </p>
   </div>
   <div class='ocr_carea' id='block_1_117' title="bbox 2002 5235 3663 5312">
    <p class='ocr_par' dir='ltr' id='par_1_117' title="bbox 2002 5235 3663 5312">
     <span class='ocr_line' id='line_1_117' title="bbox 2002 5235 3663 5312; baseline -0.003 -14"><span class='ocrx_word' id='word_1_773' title='bbox 2002 5242 2223 5298; x_wconf 89' lang='lat' dir='ltr'>erimus</span> <span class='ocrx_word' id='word_1_774' title='bbox 2251 5256 2322 5296; x_wconf 91' lang='lat' dir='ltr'>ea</span> <span class='ocrx_word' id='word_1_775' title='bbox 2349 5235 2787 5312; x_wconf 68' lang='lat' dir='ltr'>praemonuisse</span> <span class='ocrx_word' id='word_1_776' title='bbox 2812 5251 2948 5310; x_wconf 68' lang='lat' dir='ltr'>quae</span> <span class='ocrx_word' id='word_1_777' title='bbox 2973 5252 3082 5293; x_wconf 89' lang='lat' dir='ltr'>vos</span> <span class='ocrx_word' id='word_1_778' title='bbox 3112 5236 3410 5293; x_wconf 90' lang='lat' dir='ltr'>credimus</span> <span class='ocrx_word' id='word_1_779' title='bbox 3460 5254 3663 5294; x_wconf 90' lang='lat' dir='ltr'>emen-</span> 
     </span>
    </p>
   </div>
   <div class='ocr_carea' id='block_1_118' title="bbox 2006 5325 2670 5387">
    <p class='ocr_par' dir='ltr' id='par_1_118' title="bbox 2006 5325 2670 5387">
     <span class='ocr_line' id='line_1_118' title="bbox 2006 5325 2670 5387; baseline -0.011 0"><span class='ocrx_word' id='word_1_780' title='bbox 2006 5332 2148 5387; x_wconf 88' lang='lat' dir='ltr'>dare</span> <span class='ocrx_word' id='word_1_781' title='bbox 2179 5328 2479 5384; x_wconf 89' lang='lat' dir='ltr'>debuisse.</span> <span class='ocrx_word' id='word_1_782' title='bbox 2510 5325 2670 5381; x_wconf 87' lang='lat' dir='ltr'>Vale.</span> 
     </span>
    </p>
   </div>
   <div class='ocr_carea' id='block_1_119' title="bbox 300 5503 3664 5583">
    <p class='ocr_par' dir='ltr' id='par_1_119' title="bbox 300 5503 3664 5583">
     <span class='ocr_line' id='line_1_119' title="bbox 300 5503 3664 5583; baseline -0.002 -16"><span class='ocrx_word' id='word_1_783' title='bbox 300 5512 413 5583; x_wconf 87' lang='lat'>(30)</span> <span class='ocrx_word' id='word_1_784' title='bbox 482 5510 587 5567; x_wconf 85' lang='lat' dir='ltr'>Hic</span> <span class='ocrx_word' id='word_1_785' title='bbox 641 5509 966 5583; x_wconf 81' lang='lat' dir='ltr'>episcopus</span> <span class='ocrx_word' id='word_1_786' title='bbox 1025 5508 1502 5582; x_wconf 84' lang='lat' dir='ltr'>Sylvanectensis</span> <span class='ocrx_word' id='word_1_787' title='bbox 1560 5514 1809 5570; x_wconf 80' lang='lat' dir='ltr'>vocatur</span> <span class='ocrx_word' id='word_1_788' title='bbox 1853 5509 2165 5568; x_wconf 83' lang='lat' dir='ltr'>Rolandus</span> <span class='ocrx_word' id='word_1_789' title='bbox 2222 5524 2260 5566; x_wconf 89' lang='lat' dir='ltr'>a</span> <span class='ocrx_word' id='word_1_790' title='bbox 2314 5503 2688 5574; x_wconf 86' lang='lat' dir='ltr'>Demochari,</span> <span class='ocrx_word' id='word_1_791' title='bbox 2736 5508 2796 5563; x_wconf 90' lang='lat' dir='ltr'>et</span> <span class='ocrx_word' id='word_1_792' title='bbox 2848 5510 3281 5569; x_wconf 72' lang='lat' dir='ltr'>annumeratur</span> <span class='ocrx_word' id='word_1_793' title='bbox 3328 5504 3664 5567; x_wconf 82' lang='lat' dir='ltr'>tricesimus</span> 
     </span>
    </p>
   </div>
   <div class='ocr_carea' id='block_1_120' title="bbox 230 5615 460 5658">
    <p class='ocr_par' dir='ltr' id='par_1_120' title="bbox 230 5615 460 5658">
     <span class='ocr_line' id='line_1_120' title="bbox 230 5615 460 5658; baseline -0.009 0"><span class='ocrx_word' id='word_1_794' title='bbox 230 5615 439 5658; x_wconf 88' lang='lat' dir='ltr'>nonus</span> <span class='ocrx_word' id='word_1_795' title='bbox 447 5642 460 5656; x_wconf 89' lang='lat'>.</span> 
     </span>
    </p>
   </div>
  </div>
