3996 6176
317 157 420 209 2'23

738 269 1074 327 EPISTULA
1114 269 1222 324 XLI
1261 267 1423 338 [olim
1454 266 1561 336 L1].

852 359 1037 430 (Circa
1068 357 1269 414 eumd.
1304 356 1427 427 an.)

325 457 638 509 FULBERTUS
667 449 994 519 episcopus,
1035 446 1372 503 venerabili
1417 440 1828 500 consacerdoti
1871 453 1976 492 suo

525 542 586 593 R.
617 536 728 608 (3t)
762 537 899 592 boni
917 536 1214 606 propositi
1241 536 1418 603 ﬁnem
1453 533 1757 602 optimum.

391 627 590 684 Mulier
613 626 713 682 illa
741 627 815 681 de
848 627 1020 697 cujus
1046 641 1231 682 causa
1268 628 1535 679 nostram
1580 618 1976 676 humilitatem

321 717 629 774 consulere
649 715 935 782 voluistis,
967 714 1254 788 impedita
1283 718 1370 770 est
1409 710 1650 768 vinculo
1675 710 1978 780 juramen-

319 808 383 874 ti,
415 822 525 862 nec
557 809 752 878 potest
773 805 920 860 inire
947 803 1320 860 connubium
1351 802 1477 857 sine
1507 800 1750 857 crimine
1775 796 1974 870 perju-

321 897 413 965 rii,
444 895 557 951 nisi
583 911 690 967 per
718 910 1083 950 consensum
1117 898 1219 948 aut
1245 896 1383 965 post
1412 890 1642 946 obitum
1684 887 1840 943 illius
1884 885 1978 941 cui

329 1003 389 1041 se
418 985 516 1042 tali
537 986 880 1056 juramento
911 980 1389 1039 conditionaliter
1417 977 1704 1049 obligavit
1747 975 1904 1032 Vale.

717 1093 1051 1147 EPISTULA
1091 1092 1221 1144 XLll
1265 1088 1426 1157 [olim
1467 1086 1595 1155 L11].

860 1180 1049 1250 (Circa
1093 1175 1270 1232 eumd
1283 1219 1295 1232 .
1329 1174 1451 1246 an.)

337 1286 673 1344 Venerabili
698 1284 1259 1354 Rothomagensium
1286 1282 1712 1352 archipreesuli
1727 1283 1982 1334 Ronnaro

397 1378 713 1430 FULBERTUS
745 1374 986 1429 humilis
1018 1373 1342 1441 episcopus,
1386 1372 1441 1425 si
1481 1371 1640 1440 quod
1670 1370 1827 1426 valet
1854 1383 1986 1424 ora-

402 1464 576 1518 tionis
605 1463 986 1532 suffragi-um.

397 1543 748 1608 Procacitas'
789 1553 874 1618 G.,
930 1551 1102 1620 cujus
1147 1549 1294 1604 mihi
1341 1548 1706 1604 mentionem
1745 1545 1982 1615 fecistis,

330 1641 472 1697 satis
530 1656 827 1714 superque
867 1639 1134 1709 fatigavit
1180 1655 1275 1694 me
1323 1638 1397 1694 de
1449 1637 1618 1693 novis
1669 1634 1984 1692 connubiis
2019 1616 2058 1669 Β

329 1732 710 1805 expetendis;
771 1731 876 1786 sed
927 1746 1038 1800 ego
1089 1745 1324 1801 semper
1371 1727 1588 1795 obstiti,
1623 1727 1829 1783 dicens
1861 1741 1984 1783 non

325 1820 501 1876 licere
526 1820 578 1876 ei
609 1835 719 1875 sua
750 1834 932 1874 uxore
954 1818 1183 1873 vivente
1208 1817 1452 1873 alteram
1485 1831 1797 1888 usurpare.
1819 1818 1983 1871 Nunc

329 1925 471 1979 ergo
501 1909 746 1965 tandem
767 1907 999 1978 rogavit
1026 1923 1142 1974 me,
1177 1923 1283 1962 seu
1326 1906 1537 1963 callide
1586 1905 1708 1961 sive
1756 1903 1983 1976 simpli-

329 1999 491 2069 citer,
525 2003 589 2054 ut
616 1997 729 2053 sibi
760 2001 862 2054 aut
899 2013 1147 2052 uxorem
1196 2012 1368 2051 suam
1413 1995 1727 2065 fugitivam
1776 1993 1985 2049 redde-

329 2104 458 2145 rem
488 2093 591 2144 aut
614 2103 769 2154 eam,
825 2086 874 2142 si
921 2087 1286 2156 reniteretur,
1347 2083 1982 2149 excommunicarem;

331 2177 597 2250 alioquin
627 2177 847 2233 diceret
874 2177 1040 2248 quod
1070 2190 1180 2245 ego
1219 2181 1275 2232 et
1323 2175 1423 2231 illa
1464 2174 1797 2230 faceremus
1847 2189 1986 2229 eum

331 2265 639 2321 mmchari.
695 2269 998 2322 Conventa
1043 2265 1221 2333 igitur
1267 2264 1342 2319 de
1386 2265 1499 2320 hac
1545 2280 1728 2319 causa
1752 2262 1984 2330 mulier,

332 2354 638 2427 respondit
668 2353 813 2409 mihi
844 2369 1157 2425 nunquam
1187 2370 1246 2408 se
1274 2353 1600 2408 redituram
1647 2351 1724 2409 ad
1768 2351 1936 2407 illum
1972 2369 1985 2418 ;

335 2448 411 2512 et,
441 2443 584 2516 quia
611 2448 768 2499 certo
799 2448 1046 2499 noverat
1088 2459 1284 2499 mores
1339 2459 1478 2497 suos
1537 2458 1672 2497 cum
1719 2441 1988 2497 moribus

337 2537 399 2590 G.
429 2532 746 2589 convenire
777 2549 898 2588 non
925 2549 1121 2605 posse,
1154 2532 1301 2588 velle
1329 2548 1390 2587 se
1413 2531 1612 2604 potius
1648 2531 1989 2588 renuntiare

337 2623 554 2679 saeculo
578 2626 633 2678 et
659 2623 1024 2678 monacham
1054 2621 1350 2689 devenire,
1411 2626 1642 2678 tantum
1688 2621 1737 2676 si
1779 2620 1988 2676 Guale-

332 2726 560 2766 rannus
599 2709 711 2766 sibi
733 2710 826 2765 vel
857 2714 1097 2766 centum
1117 2709 1301 2765 libras
1331 2725 1724 2765 nummorum
1769 2712 1988 2766 Carno-

334 2799 591 2854 tensium
618 2800 726 2870 (32)
755 2798 1029 2853 ferendas
1059 2797 1137 2853 ad
1167 2797 1598 2854 monasterium
1627 2798 1814 2854 daret.
1869 2801 1989 2868 Ego

337 2892 537 2944 autem
566 2887 717 2943 inter
736 2887 864 2943 haec
893 2887 1260 2943 monacham
1291 2887 1454 2944 illam
1495 2903 1604 2942 nec
1633 2886 1757 2942 fieri
1788 2886 1989 2959 prohi-

334 2977 470 3044 beo,
499 2992 608 3032 nec
636 2975 951 3049 compello,
985 2976 1089 3031 sed
1119 2992 1229 3031 nec
1259 2979 1323 3032 ut
1357 2976 1435 3033 ad
1463 2976 1660 3032 virum
1691 2975 1992 3033 odientem
2031 2969 2072 3025 C

337 3064 601 3138 peritura
654 3063 874 3132 redeat,
936 3069 1236 3120 coarctare
1281 3081 1604 3138 prtesumo.
1663 3067 1725 3121 G.
1791 3069 1992 3122 autem

341 3170 498 3227 saepe
548 3152 725 3209 mittit
774 3153 852 3209 ad
912 3170 1028 3221 me,
1080 3153 1378 3211 licentiam
1430 3154 1676 3211 ineundi
1709 3155 1993 3211 connubii

338 3242 478 3298 novi
507 3247 751 3315 petens;
809 3242 974 3298 illam
1031 3259 1093 3298 se
1133 3244 1424 3316 gurpisse,
1473 3261 1767 3316 suamque
1812 3260 1993 3316 pecu-

340 3331 506 3387 niam
531 3332 851 3403 recepisse,
870 3331 1003 3387 licet
1028 3347 1150 3388 non
1171 3349 1308 3388 vere
1325 3337 1681 3405 protestans.
1708 3335 1828 3401 Ego
1852 3348 1994 3387 vero

339 3419 628 3475 interdico
658 3420 712 3475 ei
735 3419 1035 3474 licentiam
1087 3420 1280 3487 istam,
1326 3421 1518 3476 donec
1547 3436 1698 3476 uxor
1727 3421 1855 3492 ejus
1895 3426 2000 3476 aut

341 3508 644 3563 monacha
671 3506 825 3562 facta
855 3507 947 3574 sit,
980 3511 1081 3562 aut
1118 3508 1416 3563 defuncta.
1480 3511 1747 3575 Quorum
1797 3515 1998 3566 utrum

341 3595 508 3668 prius
537 3595 804 3650 futurum
835 3595 926 3664 sit,
953 3595 1176 3650 nescio.
1245 3596 1300 3652 Si
1351 3613 1491 3666 ergo
1541 3597 1615 3652 de
1659 3598 1770 3654 hac
1815 3615 1998 3655 causa

341 3700 550 3738 meum
575 3684 889 3740 consilium
921 3685 1120 3747 vultis,
1154 3687 1320 3759 quod
1350 3703 1460 3758 ego
1494 3687 1665 3756 facio,
1699 3688 1860 3744 idem
1892 3706 1998 3745 vos

346 3779 536 3830 tacere
567 3773 815 3842 suadeo,
843 3775 956 3830 hoc
984 3775 1272 3846 adjiciens
1327 3781 1406 3843 ut,
1455 3777 1505 3833 si
1547 3793 1794 3834 causam
1842 3779 1999 3835 hanc

343 3863 466 3919 acri
492 3879 744 3919 censura
787 3869 1150 3936 pertractare
1180 3865 1389 3937 velitis,
1422 3883 1494 3922 ex
1520 3884 1657 3924 mea
1684 3872 1851 3940 parte
1876 3885 2000 3924 non

343 3951 874 4008 contradictionem
905 3953 1010 4009 sed
1027 3953 1380 4023 suffragium
1401 3972 1510 4011 vos
1532 3955 1754 4011 habere
1781 3956 1996 4013 sciatis.

345 4041 616 4112 Capitula
653 4058 954 4098 canonum
1013 4043 1092 4098 ad
1139 4045 1295 4099 hanc
1344 4061 1591 4101 causam
1647 4046 2002 4118 pertinentia

344 4128 519 4183 nobis
577 4129 950 4186 subscribere
998 4148 1121 4187 non
1178 4135 1408 4190 vacavit
1453 4135 1532 4190 ad
1573 4151 1857 4208 praesens,
1899 4135 2003 4191 ho-

346 4216 524 4271 stium
553 4219 964 4289 persecutione
1009 4222 1276 4278 turbatis.
1331 4223 1667 4280 Scribemus
1715 4230 1917 4281 autem
1946 4230 2002 4282 et

345 4306 474 4360 hinc
530 4309 587 4360 et
641 4304 758 4361 alia
807 4306 1058 4363 libenter
1099 4309 1160 4364 in
1216 4310 1574 4384 obsequium
1621 4318 1903 4382 vestrum,
1953 4314 2003 4369 si
2030 4320 2076 4375 Ι)

348 4398 502 4451 Deus
532 4397 889 4451 concesserit
911 4397 1087 4453 nobis
1122 4398 1373 4455 salutem
1417 4407 1474 4456 et
1497 4417 1732 4474 pacem.
1783 4405 1998 4462 Valete.

724 4540 1058 4617 EPISTULA
1096 4542 1253 4596 XLlll
1293 4543 1453 4612 [olim
1483 4544 1636 4615 Llll].

881 4628 1071 4698 (Circa
1100 4631 1300 4685 eumd.
1343 4632 1463 4704 an.)

615 4735 816 4792 Charo
845 4751 951 4790 suo
977 4738 1042 4792 Β.
1068 4739 1385 4793 FULBERTUS
1411 4740 1738 4810 episcopus.

419 4845 757 4916 Occupatus
789 4858 931 4914 erga
953 4843 1212 4916 plurima
1241 4844 1452 4916 paucis
1484 4845 1588 4902 tibi
1627 4847 1709 4903 sic
1754 4865 2005 4922 respon-

348 4930 485 4985 dere
516 4932 862 5004 compellor.
897 4932 1172 4989 Ecclesiae
1203 4949 1446 5002 nomen,
1479 4939 1645 4992 extra
1673 4953 1860 5009 quam
1883 4938 2008 4994 veri

350 5019 619 5075 sacriﬁcii
649 5037 771 5076 non
801 5027 888 5077 est
914 5023 1107 5093 locus,
1136 5023 1618 5095 interpretatione
1660 5043 1770 5084 sua
1809 5027 2008 5100 plura-

348 5103 571 5162 litatem
601 5109 813 5166 innuit.
850 5112 1242 5170 Sacerdotalis
1271 5129 1516 5186 quoque
1556 5115 1837 5172 salutatio
1884 5133 2008 5189 qua

347 5195 636 5251 Dominus
669 5199 962 5256 vobiscum
993 5201 1225 5270 dicitur,
1271 5218 1395 5258 non
1447 5208 1534 5259 est
1558 5221 1749 5262 unum
1787 5205 2005 5275 solum,

353 5282 460 5340 sed
488 5283 565 5339 ad
604 5283 806 5367 plures
837 5285 1124 5359 dirigitur.
1179 5291 1293 5348 Sed
1341 5295 1401 5348 et
1434 5291 1529 5348 ille
1577 5293 1905 5350 versiculus
1932 5294 2008 5350 de

422 5444 532 5517 (31)
574 5445 976 5523 Archiprzesul
1024 5447 1120 5504 ille
1171 5451 1667 5523 Rothomagensis
1717 5469 1754 5508 a
1803 5456 2012 5508 Demo-

352 5517 528 5589 chare
560 5521 806 5589 vocatur
823 5517 1120 5589 ﬂobertus
1169 5517 1499 5589 Richardif
1526 5527 2009 5580 Normannorum

349 5587 520 5644 ducis
548 5587 748 5661 primi,
776 5587 953 5644 ﬁlius.

1355 145 1410 199 S.
1453 140 1789 198 FULBERTI
1830 135 2310 193 CABNOTENSIS
2352 131 2683 189 EPISCOPl.

2003 263 2050 315 Α
2084 273 2206 330 quo
2236 256 2384 313 mihi
2413 215 2806 329 quaestionem
2847 249 3057 316 fecisti,
3108 247 3287 322 plane
3336 244 3450 301 sibi
3495 243 3748 300 circum-

3635 119 3744 174 224

2086 351 2308 404 stantes
2331 344 2597 418 requirit.
2626 346 2735 398 Pro
2768 340 2860 397 his
2887 355 3027 411 ergo
3055 342 3234 410 atque
3261 335 3390 392 aliis
3436 334 3751 418 hujusmof

2085 436 2142 492 di
2174 451 2296 492 non
2326 452 2398 491 ex
2417 417 2772 491 auctoritate
2801 428 3051 502 quidem
3079 440 3404 489 canonum,
3422 437 3577 494 quos
3601 417 3750 475 mihi

2084 525 2268 581 modo
2297 527 2616 581 retractare
2643 536 2767 576 non
2793 518 2974 585 licuit,
3011 515 3117 571 sed
3155 529 3290 570 meo
3321 510 3557 568 interim
3592 506 3752 565 arbi-

2086 619 2239 671 tratu
2259 614 2440 671 tutius
2467 627 2595 669 esse
2626 609 2852 667 suadeo
2878 613 2934 664 te
2965 623 3000 664 a
3031 604 3355 662 missarum
3402 597 3749 657 celebratio-

2085 720 2160 760 ne
2187 703 2576 776 suspendere,
2609 716 2795 773 quam
2824 714 2926 753 eas
2959 696 3084 750 sine
3112 693 3371 750 duarum
3401 689 3613 746 saltem
3644 689 3754 743 aut

2085 793 2264 849 trium
2295 775 2583 848 iﬁdelium
2636 787 3007 848 attestatione
3057 783 3375 840 celebrare.
3422 775 3752 851 Scrupulus

2087 887 2289 939 autem
2315 880 2411 936 ille
2442 879 2516 935 de
2546 877 2932 935 offerentibus
2981 875 3062 930 ita
3113 871 3265 927 solvi
3316 871 3530 942 potest,
3581 863 3753 940 quod

2087 969 2236 1026 dum
2265 968 2679 1024 sacriﬁcamus
2711 964 2793 1020 illi
2821 979 2931 1036 pro
2952 961 3176 1035 quibus
3207 958 3423 1029 agitur,
3471 970 3578 1028 per
3621 968 3754 1008 ma-

2087 1075 2205 1114 nus
2235 1061 2471 1113 nostras
2500 1054 2746 1111 offertur
2771 1053 2893 1108 Deo
2939 1047 3294 1106 sacrificium
3339 1043 3536 1100 laudis
3589 1041 3750 1113 (32').

2089 1150 2224 1204 Haec
2254 1145 2333 1202 ad
2361 1159 2626 1218 praesens
2651 1144 2747 1198 me
2775 1138 3155 1214 respondisse
3195 1137 3506 1192 cantentus
3553 1134 3752 1187 aveto.

2093 1236 2264 1304 Quod
2294 1235 2343 1291 si
2371 1249 2532 1290 nova
2553 1232 2807 1304 legendo
2838 1229 2927 1285 vel
2973 1224 3355 1284 retractando
3407 1237 3620 1278 verum
3675 1218 3756 1275 de

2091 1325 2184 1380 his
2213 1323 2528 1397 quidpiam
2555 1320 2747 1390 magis
2776 1321 2973 1375 ratum
3007 1317 3313 1382 invenero,
3361 1310 3465 1368 tibi
3495 1307 3757 1366 charita-

2093 1410 2206 1466 tive
2235 1410 2583 1466 rescribam.
2643 1412 2714 1464 At
2739 1407 2787 1462 si
2811 1411 2876 1463 tu
2901 1410 2954 1461 te
2995 1403 3158 1478 prior
3188 1399 3415 1474 aliquid
3439 1397 3551 1454 tale
3581 1410 3755 1468 repe-

2091 1500 2257 1568 reris,
2289 1499 2569 1556 eamdem
2599 1498 2775 1554 nobis
2804 1495 3018 1552 exhibe
3050 1493 3417 1549 charitatem.
3449 1486 3608 1545 Vale.

2464 1588 2799 1644 EPISTOLA
2837 1586 2992 1641 xuv
3029 1583 3190 1654 [olim
3216 1581 3368 1651 LIV].

2635 1675 2826 1748 (Circa
2851 1673 3055 1730 eumd.
3085 1671 3206 1742 an.)

2104 1767 2451 1825 Venerando
2482 1767 2798 1823 Remorum
2825 1760 3251 1832 archipra’suli
3291 1760 3478 1814 EBALO
3519 1758 3764 1812 Fumea-

2309 1873 2410 1912 rus
2450 1854 2907 1912 Carnotensium
2935 1850 3179 1907 humilis
3209 1848 3538 1918 episcopus.

2166 1945 2466 2015 Angustias
2489 1949 2604 2000 tuae
2631 1940 3003 2014 compatiens
3030 1939 3300 1996 Odonem
3330 1934 3610 1994 comitem
3661 1947 3760 1988 ar-

2095 2034 2334 2105 guendo
2366 2031 2622 2088 conveni
2653 2049 2666 2087 :
2699 2028 3009 2102 respondit
3034 2026 3279 2083 tandem
3299 2022 3466 2098 quod
3490 2023 3552 2078 in
3577 2026 3632 2078 te
3661 2021 3767 2076 de-

2093 2124 2348 2196 liquerat
2377 2121 2698 2178 emendare
2727 2135 2789 2175 se
2816 2117 2988 2189 velle,
3017 2121 3092 2184 et,
3135 2115 3213 2171 ad
3261 2111 3586 2170 tollendam
3637 2109 3766 2166 ani-

2095 2212 2179 2268 mi
2203 2212 2286 2268 tui
2317 2210 2753 2282 mgritudinem,
2787 2207 3093 2278 adjuvare,
3120 2204 3286 2279 quod
3315 2202 3577 2259 maxime
3601 2199 3762 2256 desi-

2096 2303 2292 2367 deras,
2321 2306 2385 2357 ut
2411 2299 2718 2356 Remensis
2752 2296 3011 2368 Ecclesia
3051 2293 3301 2367 respiret
3337 2293 3417 2349 ad
3443 2289 3764 2365 pristinam

2097 2389 2470 2460 dignitatem.
2527 2387 2584 2445 Si
2630 2387 2759 2444 haec
2803 2384 2906 2441 tibi
2949 2384 3143 2441 facere
3187 2380 3458 2449 voluerit,
3498 2378 3765 2452 recipere

2097 2479 2346 2549 suadeo,
2373 2482 2440 2534 ut
2457 2475 2913 2550 quamprimum
2943 2471 3254 2545 expeditus
3284 2469 3496 2526 redeas
3526 2467 3606 2524 ad
3635 2465 3765 2522 oﬂi-

2096 2569 2253 2624 cium
2287 2571 2477 2622 tuum.
2510 2564 2730 2620 Deinde
2758 2577 3038 2633 suggero,
3082 2564 3139 2617 et
3163 2560 3355 2615 sinon
3393 2557 3648 2628 indiges,
3699 2558 3768 2611 ut

2097 2655 2176 2712 ad
2207 2671 2422 2729 pacem
2458 2668 2798 2727 pauperum
2853 2648 3340 2723 componendam
3391 2651 3516 2704 tota
3563 2649 3764 2702 mente

2099 2749 2358 2815 satagas,
2383 2757 2539 2817 quos
2569 2741 2660 2796 sui
2707 2755 2878 2810 reges
2931 2744 2989 2795 et
3029 2737 3330 2812 principes
3380 2735 3769 2792 vehementer

2099 2833 2392 2903 afﬂigunt.
2425 2835 2712 2888 Praeterea
2735 2828 2984 2885 Beroldo
3015 2827 3300 2901 episcopo
3328 2824 3612 2883 referente
3660 2838 3770 2880 au-

2099 2922 2223 2978 divi
2289 2921 2371 2978 sic
2430 2925 2483 2976 te
2538 2934 2795 2976 maerore
2849 2916 3158 2986 afﬂictum,
3218 2920 3284 2971 ut
3332 2930 3535 2970 curam
3564 2911 3769 2983 gregis

2104 3011 2338 3068 Domini
2363 3010 2698 3083 relinquere
2728 3008 2897 3065 velis.
2931 3006 3102 3071 Quod
3123 3020 3235 3076 ego
3266 3005 3474 3061 acriter
3487 3006 3544 3058 et
3571 3002 3769 3058 amice

2101 3101 2423 3171 redarguo,
2455 3104 2678 3154 testans
2709 3102 2784 3170 te,
2815 3097 2863 3152 si
2892 3096 3007 3151 hoc
3045 3094 3256 3164 egeris,
3289 3107 3412 3149 non
3444 3090 3624 3147 fuisse
3651 3105 3768 3162 pa-

2104 3195 2342 3247 storem.
2369 3188 2507 3246 Vale
2537 3203 2772 3245 memor
2795 3185 2913 3242 mci
2945 3182 3279 3258 paccatoris
3300 3182 3363 3239 in
3391 3178 3770 3238 orationibus

2102 3279 2238 3336 tuis.

2504 3366 2836 3423 EPISTOLA
2873 3368 3004 3422 XLV
3045 3365 3206 3435 [olim
3244 3361 3375 3434 LV].

2649 3454 2836 3523 (Circa
2870 3469 2970 3510 an.
3002 3451 3230 3516 eumd.)

2104 3547 2424 3618 Diligendo
2453 3560 2682 3615 semper
2710 3550 2891 3616 atque
2933 3541 3270 3600 venerando
3312 3541 3629 3596 Remorum
3673 3551 3778 3593 ar-

2177 3636 2548 3705 chiepiscopo
2579 3637 2764 3689 EBALO
2794 3635 3109 3688 Fumearus
3155 3628 3540 3686 Camotemis
3579 3627 3776 3682 humi-

2180 3725 2254 3780 lis
2283 3724 2612 3792 episcopus,
2639 3723 3079 3778 communicare
3105 3721 3331 3789 fontem
3359 3719 3586 3773 intima:
3625 3715 3773 3772 cha-

2178 3813 2397 3869 ritatis.

2182 3903 2261 3958 De
2292 3906 2494 3957 vestra
2522 3900 2806 3966 bonitate,
2838 3914 2961 3954 non
2988 3899 3063 3955 de
3101 3901 3306 3953 nostro
3331 3895 3542 3951 merito
3585 3893 3778 3950 conﬁ-

2108 3992 2336 4059 dentes,
2369 3989 2788 4062 deprecamur,
2819 3989 3045 4061 optime
3073 3991 3262 4058 Pater,
3293 3989 3359 4040 ut
3403 3987 3616 4040 notum
3663 3983 3777 4038 ha-

2106 4081 2248 4138 bere
2303 4078 2635 4150 dignemini
2689 4078 2850 4134 hunc
2909 4078 3161 4133 charum
3212 4078 3487 4131 nostrum
3524 4072 3776 4129 nomine

2108 4170 2458 4236 Hubertum,
2485 4167 2628 4240 quia
2657 4167 2732 4223 de
2773 4166 2968 4240 patria
3012 4181 3122 4221 sua
3149 4179 3334 4220 causa
3363 4162 3633 4219 dicendae
3661 4162 3777 4217 ho-

2106 4259 2356 4317 nestatis
2382 4272 2680 4328 egressus,
2713 4261 2771 4313 et
2799 4255 2965 4329 apud
3001 4270 3114 4311 nos
3164 4252 3519 4327 aliquandiu
3566 4251 3779 4308 demo-

2106 4354 2296 4416 ratus,
2315 4347 2496 4404 talem
2521 4362 2582 4402 se
2608 4345 2784 4402 nobis
2814 4344 3102 4415 exhibuit,
3122 4347 3188 4398 ut
3217 4357 3340 4398 non
3366 4341 3565 4397 minus
3585 4357 3778 4413 quam

2107 4440 2289 4495 frater
2316 4436 2583 4494 uterinus
2623 4435 2813 4492 amari
2840 4439 2896 4491 et
2931 4432 3217 4490 honorari
3265 4431 3564 4488 meruerit.
3607 4434 3778 4487 Nunc

2107 4544 2248 4585 vero
2277 4527 2490 4584 eadem
2519 4542 2706 4583 causa
2746 4527 3077 4599 permotus,
3127 4521 3562 4579 monasterium
3611 4521 3778 4577 beati

2109 4617 2379 4688 Remigii,
2406 4615 2573 4689 quod
2600 4619 2866 4672 vestrum
2885 4617 2991 4681 est,
3018 4611 3256 4668 visitare
3285 4609 3585 4683 disposuit
3622 4627 3636 4665 :
3667 4609 3779 4666 ubi

2111 4708 2160 4764 si
2185 4709 2245 4763 in
2273 4706 2475 4778 aliquo
2501 4705 2676 4762 fuerit
2702 4704 2942 4776 indigus
2967 4707 3178 4759 vestrae
3201 4701 3353 4775 opis,
3371 4699 3585 4756 sentiat
3606 4714 3778 4772 quae-

2113 4812 2326 4852 sumus
2355 4794 2586 4851 viscera
2612 4795 2868 4868 pietatis.
2898 4793 3059 4849 Vale.

2487 4903 2822 4959 EPISTOLA
2861 4902 3012 4956 XLVI
3053 4899 3218 4970 [olim
3250 4899 3402 4969 LVI].

2663 4989 2853 5062 (Circa
2876 5005 2974 5046 an.
3008 4987 3234 5059 eumd.)

2127 5098 2466 5156 Venerabili
2524 5096 2976 5170 archiepiscopo~
3023 5094 3588 5164 Rothomagensium
3638 5095 3782 5149 Bon.

2259 5190 2578 5244 FULBERTUS
2611 5185 2856 5242 humilis
2876 5186 3052 5255 episc.
3078 5182 3282 5254 ﬁdeles
3312 5183 3633 5239 orationes.

2187 5293 2532 5366 Compatior
2579 5291 2706 5360 tibi,
2736 5295 2939 5348 sancte
2991 5293 3162 5346 Pater
3203 5289 3452 5362 insuper
3500 5286 3782 5346 adversis

2188 5455 2305 5526 (32)
2345 5456 2493 5526 Nota
2517 5469 2804 5510 nummos
2819 5453 3222 5526 Carnotenses
3252 5448 3453 5526 fuisse.

2191 5519 2330 5595 (32‘)
2371 5523 2461 5580 Ad
2493 5539 2743 5582 sensum
2771 5523 2868 5581 hic
2897 5520 3126 5596 aliquid
3142 5521 3314 5578 desse
3343 5519 3604 5588 videtur,
