4018 6176
229 125 332 176 225
1770 98 2156 160 EPISTOL/E.
3570 120 3698 173 226

211 258 345 316 quae
377 239 624 308 indigne
655 253 889 311 passus
922 253 1009 305 es,
1039 236 1356 312 praesertim
1382 235 1460 292 ab
1492 251 1562 292 eo
1587 233 1688 308 qui
1718 236 1787 288 et
1845 244 1902 285 se
1929 223 1978 277 Α
2024 230 2244 306 aliquid
2275 234 2518 303 faciatis,
2551 242 2751 306 restat,
2779 255 2974 311 spero,
3020 239 3347 312 aliquando
3389 241 3700 300 meritum

210 335 266 388 et
291 347 405 386 sua
436 333 551 385 tute
581 325 863 382 fidelitati
911 326 1222 383 debuerat.
1271 328 1453 397 Super
1501 324 1602 380 illo
1649 336 1903 396 quoque
2015 318 2084 375 iri
2105 322 2429 394 opitulante
2457 329 2646 395 gratia
2676 328 2902 384 Christi.
2931 328 3144 399 Valete,
3178 328 3534 386 charissime
3578 335 3704 390 Pa-

209 419 387 476 doleo
421 418 841 487 vehementer,
868 415 1056 472 fratre
1081 421 1135 472 et
1149 414 1499 487 coepiscopo
1521 418 1722 470 nostro
1750 411 1902 467 dum
2014 413 2120 477 ter,
2151 415 2206 468 et
2230 419 2590 471 mementote
2620 417 2739 472 mei
2768 417 2829 471 in
2859 417 3227 474 orationibus
3257 419 3487 475 vestris.

210 513 414 575 staret,
447 507 506 563 in
539 512 704 562 tanta
738 521 915 561 nunc
946 504 1307 576 ﬂagitiorum
1339 507 1513 576 atque
1561 501 1904 559 facinorum
2383 503 2720 559 EPISTOI.A
2759 507 2910 560 XLIX
2952 503 3110 578 [olim
3153 507 3298 577 LIX].

208 596 540 671 praecipitia
567 595 766 668 lapso.
805 594 928 651 Sed
975 594 1104 658 tibi,
1135 597 1316 664 Pater,
1368 593 1493 650 hac
1536 591 1630 647 vel
1672 607 1902 662 magna
2557 591 2744 661 (Circa
2774 608 2870 647 an.
2900 593 3124 664 eumd.)

207 686 544 744 consolatio
573 689 685 751 est,
721 683 877 757 quia
913 683 962 739 si
995 684 1275 754 [externa]
1325 681 1584 746 abstulit,
1615 681 1902 738 interiora
2022 678 2358 735 Venerabili
2376 681 2753 738 Parisiorum
2780 684 3050 752 episcopo
3117 686 3392 740 Faliscos:
3434 689 3681 745 Ριτωεη-

205 793 329 834 non
362 775 576 850 potuit.
610 773 815 830 Habes
850 772 1020 830 enim
1073 788 1144 828 ex
1175 772 1272 828 Dei
1317 771 1504 841 gratia
1547 770 1898 828 charitatem
2481 787 2582 826 res
2628 771 2872 828 humilis
2901 774 3193 829 sacerdos.

204 882 330 939 qua
358 866 563 938 ipsum
603 866 921 920 errantem
969 877 1254 928 revoces;
1308 861 1542 916 frenum
1590 859 1897 917 canonica;

204 953 619 1022 districtionis,
676 968 808 1025 quo
846 951 1278 1007 detrectantem
1304 965 1576 1006 coerceas
1602 967 1614 1017 ;
1638 949 1896 1019 virgam,

203 1061 331 1118 qua
359 1043 540 1100 ferias
569 1062 582 1099 :
614 1042 710 1098 bis
739 1047 912 1098 utere
947 1045 1371 1114 competenter,
1419 1039 1610 1096 donec
1653 1039 1896 1095 absolu-

202 1133 434 1189 tionem
455 1130 826 1205 promeritus
858 1129 1063 1186 dicere
1093 1129 1195 1185 tibi
1224 1128 1482 1199 gaudeat
1508 1146 1520 1184 :
1567 1131 1746 1200 Virga
1787 1134 1895 1185 tua

202 1229 256 1278 et
312 1221 573 1278 baculus
611 1226 753 1275 tuus
816 1220 955 1288 ipsa
1011 1235 1103 1275 me
1151 1219 1453 1274 consolala
1507 1223 1647 1274 sunt
1702 1219 1890 1290 (Psal.

201 1327 350 1380 nu,
387 1312 463 1382 4).
494 1307 654 1364 Vale.

568 1398 918 1471 EPISTQIA
953 1397 1132 1451 XLVII
1166 1394 1323 1471 [olim
1355 1396 1529 1471 LVII].

764 1466 965 1537 (Circa
992 1483 1090 1522 an.
1123 1466 1347 1535 eumd.)

2082 855 2260 912 Doleo
2311 874 2493 930 super
2521 863 2598 929 te,
2635 860 3004 931 charissime,
3056 879 3193 917 cum
3245 867 3298 916 te
3330 879 3367 917 a
3418 863 3672 936 pristina

2006 945 2220 1001 virtute
2247 952 2591 1018 apostatare
2620 950 2816 1006 video.
2851 951 3001 1007 Olim
3033 951 3197 1024 apud
3229 968 3326 1007 me
3349 969 3674 1025 conquere-

2005 1035 2171 1091 baris
2198 1035 2273 1092 de
2300 1041 2403 1093 tuo
2443 1044 2836 1106 antecessore,
2866 1041 2970 1113 qui
3013 1041 3301 1112 sacrilega
3347 1043 3672 1099 temeritate

2006 1123 2217 1180 altaria
2245 1124 2410 1181 laicis
2439 1126 2500 1182 in
2552 1127 2915 1184 beneﬁcium
2966 1129 3256 1185 dederat:
3315 1146 3476 1187 nunc
3523 1131 3674 1186 mihi

2007 1213 2230 1269 suades
2264 1219 2328 1270 ut
2348 1231 2458 1285 ego
2482 1216 2748 1272 similiter
2772 1217 3012 1274 faciam.
3047 1221 3089 1274 Ο
3113 1219 3370 1275 caelum!
3405 1237 3440 1276 o
3475 1222 3666 1277 terra!

2003 1301 2152 1374 quid
2183 1302 2468 1360 clamem!
2505 1309 2608 1360 aut
2636 1323 2758 1378 quo
2795 1307 2910 1362 tuis
2940 1307 3162 1362 meritis
3193 1309 3378 1377 digno
3399 1311 3584 1365 modo
3614 1315 3669 1366 te

2002 1391 2326 1462 objurgare
2352 1394 2580 1466 possim
2610 1395 2621 1450 !
2653 1396 2767 1451 Sed
2807 1413 3126 1468 compesco
3165 1414 3326 1452 nunc
3376 1399 3669 1454 ferventes

2001 1480 2189 1537 animi
2223 1482 2336 1539 mei
2366 1484 2607 1548 ﬂuctus,
2639 1485 2832 1540 donec
2863 1491 2914 1540 te
2963 1486 3412 1558 praesentialiter
3464 1488 3670 1560 exqui-

211 1558 566 1646 Venerabili
591 1556 1053 1646 Leoclicerisium
1102 1557 1274 1646 episp.
1309 1559 1576 1646 noceam.
1609 1558 1718 1630 (33)
1749 1561 1891 1641 ειη-

2010 1570 2129 1626 sitis
2159 1571 2636 1646 increpationum
2670 1556 2982 1631 tormentis
3011 1577 3367 1632 excruciem.
3403 1577 3539 1634 Vale
3558 1556 3668 1633 _in-

269 1646 490 1687 ιιειιτυε
518 1628 913 1684 Carnolensis
946 1627 1147 1682 omnia
1179 1628 1493 1684 charitatis
1516 1627 1816 1700 obsequia.

271 1723 430 1777 Cum
461 1717 774 1789 dispersas
801 1730 954 1770 oves
985 1714 1224 1770 sollicite
1245 1732 1315 1772 ac
1352 1717 1517 1788 longi
1559 1717 1786 1774 itineris
1809 1717 1893 1774 la-

197 1808 352 1864 bore
379 1805 674 1880 quaeritis,
705 1803 824 1858 laeti
855 1803 1306 1876 perpendimus,
1335 1809 1521 1873 Pater,
1579 1807 1748 1881 quod
1791 1824 1894 1881 pa-

201 1896 388 1954 storis
433 1909 657 1951 nomen
718 1892 1090 1964 negligentia
1143 1910 1263 1950 non
1316 1897 1612 1953 cassatis:
1671 1897 1746 1953 de
1795 1897 1895 1954 illa

201 1993 417 2043 tamen
447 1999 554 2041 ove
585 1999 724 2056 quas
757 1982 820 2038 in
852 1981 1076 2037 nostris
1107 1985 1342 2054 pascuis
1371 1985 1752 2054 observatur,
1783 1987 1896 2043 fra-

199 2082 362 2133 trem
390 2079 456 2130 Α.
492 2072 948 2129 subdiaconum
992 2070 1222 2144 loquor,
1264 2090 1510 2131 securus
1553 2081 1704 2148 esto,
1753 2077 1896 2150 quia

200 2165 306 2222 Dei
340 2162 539 2234 gratia
574 2161 728 2218 bene
758 2159 1050 2227 ruminat,
1089 2165 1145 2215 et
1187 2160 1468 2234 luporum
1517 2165 1774 2221 insidias
1804 2183 1894 2223 sa-

200 2254 434 2325 gaciter
492 2255 677 2308 cavet.
741 2253 860 2306 Nec
905 2248 1216 2322 appelletis
1254 2267 1393 2309 eum
1438 2255 1595 2311 ultra
1643 2255 1896 2312 militem

199 2341 552 2414 fugitivum,
584 2338 882 2413 quoniam
914 2343 1190 2395 accurate
1236 2357 1296 2396 se
1342 2349 1647 2416 praeparat
1687 2344 1766 2400 ad
1794 2345 1894 2400 de-

201 2429 496 2488 bellanda
543 2443 749 2483 coram
801 2428 926 2483 Deo
966 2430 1024 2482 et
1071 2426 1243 2482 nobis
1296 2430 1540 2500 agmina
1590 2432 1892 2488 vitiorum.

202 2520 416 2578 Veniet
471 2522 676 2574 autem
729 2516 810 2573 ad
881 2532 992 2572 vos
1059 2518 1415 2588 quantocius
1467 2521 1724 2593 poterit;
1787 2522 1894 2578 sed

205 2610 255 2666 si
287 2613 504 2666 nostra
533 2606 844 2663 humilitas
876 2605 1143 2661 invenire
1168 2613 1347 2678 queat
1373 2611 1631 2679 gratiam
1662 2611 1723 2666 in
1754 2627 1895 2666 ocu-

204 2700 278 2756 lis
324 2697 571 2761 vestris,
629 2694 981 2768 simpliciter
1032 2710 1350 2752 exoramus
1407 2704 1471 2754 ut
1514 2700 1694 2755 nobis
1753 2717 1894 2756 eum

206 2787 516 2845 remittere
537 2803 607 2842 ac
624 2784 839 2841 vestris
866 2783 1071 2839 litteris
1093 2787 1514 2844 commendare
1535 2788 1892 2860 dignemini,

205 2883 274 2934 ut
304 2875 632 2950 praesentia
660 2874 794 2946 ejus
825 2873 899 2929 sit
923 2872 1145 2945 pignus
1178 2879 1384 2932 vestrae
1416 2877 1718 2932 charitatis
1749 2895 1892 2948 erga

204 2983 342 3036 nos,
374 2981 451 3022 ac
481 2968 703 3020 noctrae
728 2961 1033 3018 fidelitatis
1081 2977 1224 3030 erga
1260 2980 1363 3019 vos
1403 2965 1462 3020 in
1507 2971 1889 3038 perpetuum.

209 3056 436 3113 Valete.
547 3125 881 3182 EPISToLA
921 3125 1127 3180 XLVIII
1175 3123 1334 3194 [olim
1365 3127 1564 3198 LVIII].

763 3213 953 3284 (Circa
985 3229 1086 3268 an.
1132 3214 1353 3285 eumd.)

225 3305 582 3365 Venerando
633 3305 1085 3360 Lexoviens-imn
1132 3304 1406 3372 pontiﬁci
1463 3309 1708 3362 Bocemo
1755 3310 1892 3364 Fu.-

289 3395 501 3435 snnrus
534 3376 918 3432 Carnotensis
959 3376 1292 3445 episcopus,
1330 3378 1584 3434 salutem
1607 3383 1662 3433 et
1688 3379 1893 3446 ﬁdeles

291 3451 619 3507 orationes.

289 3535 630 3610 Presbyteri
667 3535 1102 3592 canonicorum
1148 3539 1492 3591 nostrorum
1517 3553 1590 3593 ex
1633 3538 1895 3595 ecclesiis

213 3645 377 3702 quas
403 3626 633 3684 habent
661 3625 720 3680 in
750 3625 1108 3698 episcopatu
1138 3628 1333 3679 vestro
1360 3631 1651 3682 venerunt
1665 3628 1743 3682 ad
1761 3645 1892 3697 nos,

215 3717 492 3774 dicentes
544 3713 712 3786 quod
762 3730 866 3769 vos
915 3711 1300 3769 interdixistis
1367 3713 1452 3769 eis
1497 3715 1894 3774 ministerium

218 3821 432 3875 suum,
458 3803 596 3858 ideo
617 3801 782 3875 quod
801 3802 876 3858 de
894 3800 1047 3874 ipsis
1077 3799 1342 3856 ecclesiis
1369 3818 1489 3858 non
1512 3803 1706 3860 ferunt
1722 3806 1894 3862 vobis

220 3893 535 3966 synodum
563 3893 696 3963 (3t).
732 3893 799 3946 Et
826 3906 938 3946 nos
965 3889 1213 3962 quidem
1241 3905 1375 3945 eam
1409 3891 1579 3946 vobis
1621 3892 1756 3963 jure
1787 3895 1898 3952 sol-

222 3981 494 4038 vendam
523 3997 654 4036 esse
681 3996 803 4036 non
829 3980 1185 4050 ignoramus
1219 3996 1231 4034 :
1263 3979 1370 4036 sed
1414 3980 1710 4037 'I‘edoldus
1752 4000 1898 4056 prte-

227 4069 470 4145 positus
494 4075 707 4138 noster;
740 4086 808 4126 ac
830 4074 1026 4125 vester
1053 4085 1279 4136 servus,
1311 4085 1435 4125 non
1466 4069 1620 4126 bene
1651 4088 1778 4128 rem
1807 4075 1898 4132 in-

227 4159 453 4216 tellexit
480 4159 786 4222 hactenus.
815 4175 886 4214 eo
912 4157 1202 4230 deceptus
1231 4158 1397 4230 quod
1427 4158 1593 4216 nulla
1622 4161 1898 4220 ecclesia-

225 4266 368 4306 rum
397 4264 551 4321 quas
575 4248 758 4304 nostri
805 4248 1082 4305 canonici
1118 4247 1430 4320 possident
1460 4248 1520 4305 in
1551 4251 1899 4325 episcopatu
1931 4280 1976 4335 υ

226 4344 441 4396 nostro
471 4337 732 4409 obligata
768 4342 856 4395 est
902 4338 1255 4409 hujusmodi
1299 4338 1521 4406 debito,
1569 4342 1899 4400 remittente

228 4428 506 4486 videlicet
553 4433 1003 4484 antecessorum
1051 4445 1323 4484 meorum
1364 4428 1617 4501 pissima
1644 4431 1898 4490 liberali-

234 4522 374 4575 tate.
407 4516 520 4574 Sed
549 4533 621 4572 ea
649 4517 1024 4590 quantalibet
1063 4517 1349 4574 charitate
1398 4517 1564 4590 fulta,
1605 4522 1900 4593 quantali-

233 4606 339 4663 bet
361 4605 540 4662 laude
569 4605 772 4678 digna,
804 4611 1000 4662 vestro
1030 4610 1233 4662 tamen
1259 4606 1379 4677 juri
1409 4607 1656 4665 minime
1679 4611 1896 4682 praeju-

235 4695 415 4751 dicat.
444 4697 609 4750 Nunc
639 4694 839 4767 itaque
883 4695 1180 4751 serenitati
1225 4700 1436 4750 vestras
1484 4698 1896 4770 supplicamus

235 4789 302 4842 ut
321 4783 664 4841 concedatis
690 4784 773 4840 eis
799 4783 1066 4840 officium
1088 4802 1266 4841 suum
1307 4786 1522 4857 agendi
1571 4787 1893 4858 licentiam,

235 4874 464 4949 paratis
497 4873 717 4930 amodo
746 4879 850 4930 aut
892 4879 1157 4932 vestram
1197 4875 1502 4948 synodum
1549 4877 1721 4932 vobis
1769 4879 1898 4934 red-

234 4964 398 5031 dere,
423 4967 528 5018 aut
568 4962 629 5018 in
650 4980 799 5019 usus
854 4964 1106 5020 fratrum
1138 4970 1481 5021 nostrorum
1530 4967 1897 5024 necessarios

233 5053 512 5117 retinere,
545 5051 592 5106 si
639 5052 910 5110 charitati
957 5059 1166 5110 vestra:
1213 5055 1501 5128 placuerit
1550 5060 1896 5112 sanctorum

233 5147 478 5215 patrum
531 5157 806 5198 meorum
863 5159 1046 5216 supra
1093 5149 1494 5201 memoratum
1532 5143 1898 5202 remissionis

236 5229 583 5303 exemplum
604 5229 940 5286 observare.
981 5231 1040 5289 Si
1071 5249 1192 5288 non
1222 5234 1415 5288 merui
1448 5238 1508 5288 ut
1554 5248 1741 5289 causa
1782 5234 1897 5290 mei

308 5372 420 5449 (33)
453 5371 1064 5449 Democharesistum
1111 5374 1463 5449 episcopum
1505 5376 1747 5449 appelat
1795 5380 1900 5434 Re-

240 5443 490 5515 gerium,
515 5448 572 5498 et
601 5443 843 5515 ponitur
862 5445 922 5499 in
956 5445 1081 5500 suis
1113 5443 1336 5501 tabulis
1362 5443 1580 5503 sextus.

312 5517 423 5589 (34)
451 5514 734 5589 Synodus
764 5519 850 5570 est
878 5532 1097 5571 census
1122 5516 1226 5589 qui
1257 5517 1542 5589 episcopo
1590 5535 1626 5575 a
1669 5519 1895 5576 clericis

244 5585 617 5643 venientibus
643 5585 721 5642 ad
744 5601 978 5644 annuas
1010 5585 1309 5659 Synodos;
1355 5585 1578 5661 quibus
1615 5591 1895 5649 interesse

2003 1661 2196 1717 terim.

2435 1756 2769 1812 EPISTOI.A
2803 1758 2840 1810 L
2874 1753 3056 1828 [olim
3088 1758 3234 1832 LXI].

2503 1843 2694 1914 (Circa
2723 1861 2955 1899 annum
2985 1848 3166 1911 1020.)

2004 1929 2228 1986 Sancto
2250 1937 2305 1986 et
2335 1932 2611 1988 venerab.
2654 1933 3099 2004 archiepiscopo
3155 1937 3496 1991 Lerruemco
3536 1938 3666 1990 FITL-

2040 2033 2246 2074 esurus
2271 2021 2579 2090 episcopus
2595 2021 2668 2077 de
2689 2023 2912 2078 virtute
2930 2024 2992 2077 in
3014 2025 3292 2078 virtutem
3322 2025 3625 2093 progredi.

2079 2109 2158 2162 De
2197 2108 2466 2165 Guidone
2492 2110 3010 2168 excommunicato
3049 2117 3256 2168 nostro
3303 2129 3414 2168 nos
3457 2111 3665 2185 appel-

2003 2193 2114 2262 las,
2160 2198 2481 2254 reverende
2527 2201 2712 2266 Pater,
2765 2200 2968 2255 dicens
3011 2201 3178 2273 quod
3229 2201 3553 2274 episcopali
3602 2217 3664 2256 se

2004 2284 2141 2340 velit
2183 2288 2514 2343 examinari
2563 2287 2812 2358 judicio,
2875 2295 2931 2345 et
2977 2290 3380 2346 ecclesiastica
3427 2290 3663 2346 satisfa-

2004 2373 2198 2430 ctione
2236 2377 2500 2448 purgari.
2553 2381 2624 2432 At
2672 2393 2782 2433 nos
2823 2394 3061 2451 precem
3116 2384 3279 2436 tuam
3321 2396 3427 2436 seu
3478 2379 3666 2436 verba

2005 2463 2253 2520 minime
2320 2466 2842 2540 parvipendentes,
2902 2469 3000 2524 tibi
3064 2470 3500 2542 respondemus
3553 2487 3665 2525 nos

2003 2553 2134 2623 ejus
2163 2553 2418 2611 libenter
2470 2556 2737 2612 misereri
2789 2557 2960 2624 velle,
3015 2559 3122 2613 sed
3161 2558 3667 2614 examinationem

2002 2642 2132 2712 ejus
2194 2643 2348 2700 ultra
2381 2661 2504 2700 non
2550 2662 2777 2702 curare.
2825 2647 3000 2718 Apud
3051 2663 3162 2702 nos
3207 2647 3366 2702 enim
3407 2647 3537 2717 jam
3591 2647 3666 2703 de

2002 2729 2138 2803 ipso
2190 2732 2346 2789 sicut
2391 2733 2466 2789 de
2519 2733 2838 2790 manifesto
2895 2751 2996 2790 reo
3045 2735 3268 2807 optime
3314 2733 3536 2790 factum
3581 2738 3668 2789 est

2003 2818 2368 2893 episcopale,
2401 2823 2515 2878 hoc
2546 2827 2633 2878 est
2663 2823 3021 2879 canonicum
3053 2840 3122 2879 ac
3175 2823 3468 2879 decretale
3510 2821 3662 2894 judi-

1920 2929 1965 2987 α
2003 2907 2184 2976 cium,
2238 2911 2387 2966 dum
2434 2911 2602 2967 illum
2648 2911 2982 2968 secundum
3032 2912 3443 2968 auctoritatem
3492 2927 3670 2968 cano-

2003 3014 2152 3064 num
2183 3017 2254 3056 ac
2290 3002 2528 3058 decreta
2572 3006 2920 3058 sanctorum
2972 3005 3210 3058 Patrum
3261 3003 3670 3059 excommuni-

2003 3089 2294 3146 cavimus.
2347 3092 2608 3148 Dicimus
2664 3097 2867 3149 autem
2922 3092 3090 3148 illum
3137 3093 3449 3149 manifeste
3496 3107 3668 3147 reum

2000 3185 2245 3253 propter
2274 3182 2532 3238 rationes
2557 3183 2951 3254 subscriptas.
2971 3183 3286 3255 Primoque
3313 3183 3457 3255 quia
3484 3197 3670 3238 causa

2003 3269 2346 3337 cupiditatis
2376 3272 2527 3342 ejus,
2559 3272 2754 3328 fratris
2802 3289 2872 3328 ac
2917 3272 3124 3328 matris
3167 3288 3410 3345 quoque
3458 3271 3665 3343 ipsius,

2004 3360 2241 3415 occisus
2282 3365 2340 3416 et
2384 3361 2683 3418 immerito
2738 3366 2941 3418 noster
2991 3361 3393 3416 subdecanus.
3445 3360 3666 3415 Deinde

2003 3449 2149 3521 quia
2203 3449 2368 3506 scivit
2408 3451 2660 3506 insidias
2708 3451 2789 3506 illi
2844 3450 3324 3523 praetendendas,
3370 3465 3481 3505 nec
3518 3449 3666 3504 mihi

2004 3538 2298 3610 patefecit.
2378 3541 2567 3597 Tertio
2629 3541 2796 3613 quod
2864 3540 3237 3596 insidiatores
3300 3540 3450 3610 ejus,
3512 3555 3668 3611 quos

2004 3626 2340 3684 disturbare
2385 3629 2595 3702 potuit,
2660 3645 2783 3685 non
2826 3629 3198 3698 disturbavit,
3255 3629 3361 3684 sed
3415 3633 3472 3684 et
3514 3645 3666 3701 prae-

2007 3718 2196 3774 sentia
2225 3735 2334 3774 sua
2363 3719 2615 3774 domum
2641 3735 2713 3775 ex
2738 3735 2862 3791 qua
2891 3723 3112 3774 sanctae
3145 3717 3417 3774 Ecclesiae
3447 3723 3666 3773 nostrae

2009 3807 2225 3862 servire
2253 3807 2562 3876 debuerat,
2603 3807 2686 3862 eis
2734 3807 3112 3878 receptandis
3154 3806 3360 3861 dolose
3413 3822 3668 3861 vacuam

2007 3895 2159 3951 fecit.
2195 3897 2428 3960 Quanto
2453 3895 2621 3968 quod
2663 3895 2825 3950 malo
2868 3896 2997 3965 ejus
3051 3894 3366 3949 consensit.
3403 3894 3502 3948 His
3556 3894 3666 3948 ita-

2007 4000 2125 4057 que
2150 3984 2346 4040 modis
2376 3988 2577 4056 aperte
2615 3999 2751 4038 reus
2776 3983 3242 4054 comprobatur:
3291 3981 3450 4036 unde
3494 3997 3668 4036 voca-

2007 4078 2102 4130 tus
2129 4079 2186 4130 et
2221 4089 2328 4146 per
2358 4088 2458 4128 sex
2516 4088 2753 4128 menses
2809 4075 3204 4143 exspectatus,
3242 4070 3390 4126 dum
3442 4069 3668 4125 confes-

2009 4162 2282 4218 fessionis
2309 4179 2378 4218 ac
2403 4161 2763 4235 poenitentiae
2795 4159 3059 4216 remedia
3109 4176 3145 4215 a
3173 4159 3348 4215 nobis
3399 4175 3666 4232 quaerere

2008 4251 2252 4322 distulit,
2287 4252 2422 4322 jure
2450 4249 2724 4306 meritam
2754 4249 3394 4306 excommunicationis
3438 4253 3667 4305 senten-

2009 4341 2152 4396 tiam
2186 4340 2440 4413 pertulit.
2485 4342 2633 4396 Cum
2672 4355 2815 4410 ergo
2864 4337 3247 4394 contradictis
3296 4337 3670 4408 irrefragabi-

2007 4430 2164 4486 libus
2191 4429 2409 4487 scilicet
2437 4429 2660 4497 causis,
2693 4429 2893 4502 plures
2921 4427 3080 4484 enim
3111 4444 3321 4484 earum
3369 4444 3507 4484 vere
3551 4434 3664 4484 tes-

2007 4525 2094 4577 tes
2115 4520 2390 4585 existunt,
2419 4519 2612 4593 parati
2648 4518 2977 4592 quemlibet
3004 4518 3374 4574 resistentem
3422 4517 3665 4572 convin-

2010 4626 2140 4667 cere
2165 4628 2178 4678 ;
2212 4627 2351 4666 cum
2380 4610 2494 4680 ille,
2525 4609 2797 4682 inquam,
2824 4612 3067 4682 propter
3097 4609 3206 4663 has
3253 4621 3469 4663 causas
3497 4605 3667 4660 indu-

2008 4699 2237 4757 bitabili
2263 4700 2508 4757 crimine
2538 4703 2807 4755 teneatur
2837 4697 3155 4764 obnoxius,
3188 4697 3324 4769 quis
3340 4699 3505 4750 curet
3529 4710 3666 4751 exa-

2011 4791 2400 4847 minationem
2430 4790 2560 4860 ejus
2577 4789 2606 4844 ?
2625 4792 2712 4844 An
2739 4787 2882 4860 quia
2903 4785 3218 4842 manifesta
3239 4783 3417 4856 culpa
3443 4783 3664 4839 exami-

2012 4880 2142 4936 nari
2188 4879 2403 4949 egeat?
2449 4893 2525 4933 an
2571 4877 2718 4933 forte
2773 4877 3108 4932 crederetur
3163 4871 3560 4940 examinatus,
3617 4872 3666 4927 si

2009 4969 2251 5042 culpam
2278 4985 2338 5024 se
2367 4983 2487 5024 non
2507 4965 2730 5022 habere
2758 4963 3084 5038 pejerando
3112 4962 3352 5034 culpam
3383 4977 3665 5017 accumu-

2008 5059 2156 5115 laret
2175 5058 2278 5113 sed
2311 5061 2374 5112 ut
2418 5055 2669 5112 scientes
2700 5054 2962 5126 aliquem
3010 5052 3275 5124 pejerare
3325 5050 3542 5121 sinant,
3585 5051 3663 5108 ab

2009 5147 2210 5204 animo
2271 5144 2646 5203 sacerdotum
2703 5142 2908 5210 religio
2977 5140 3274 5212 prohibet.
3346 5143 3478 5195 iam
3521 5157 3662 5197 vero

2008 5239 2128 5290 tam
2161 5233 2400 5289 evidens
2429 5234 2743 5302 peccatum
2779 5244 2915 5299 quas
2948 5227 3223 5300 purgatio
3255 5231 3516 5295 maneat,
3549 5227 3660 5283 nisi

2007 5378 2299 5442 tenentur,
2331 5371 2530 5446 pendi,
2542 5370 2790 5446 solebat.
2847 5373 2976 5446 Haec
3008 5386 3187 5446 porro
3242 5369 3565 5446 praestatio,
3599 5372 3664 5423 ut

2007 5439 2353 5522 patet,_non’
2371 5442 2652 5522 omnibus
2676 5458 2850 5522 reque
2883 5439 3179 5515 episcopis
3207 5439 3486 5514 probata,
3539 5439 3660 5494 imo

2011 5514 2046 5576 Ξ).
2069 5517 2366 5592 plerisque
2389 5514 2747 5587 improbata.
