4018 6176
423 142 530 195 12⁸7

428 261 728 320 confessio
774 263 830 316 et
873 255 1222 331 pauitantia
1240 257 1269 312 ?
1312 257 1475 313 Hanc
1525 255 1570 310 si
1629 257 1946 327 expeteret,
1985 267 2090 307 au-
2129 255 2177 308 A

427 352 599 409 dieue
672 352 837 406 extra
908 346 1208 403 civitatem
1262 344 1379 401 sibi
1454 342 1737 400 infestam
1783 358 1880 399 me
1938 356 2086 406 esse,

427 445 671 516 propter
698 452 968 495 amorem
995 436 1116 499 Dei,
1149 435 1324 507 cujus
1355 432 1780 490 misericordia
1807 448 1905 489 me
1930 446 2091 486 com-

426 526 815 595 monefecisti,
844 526 1044 583 adhuc
1071 524 1236 599 apud
1264 540 1363 581 me
1392 524 1595 581 locum
1622 524 1754 595 ejus
1784 521 2086 595 reperiret,

425 627 605 693 atque
630 619 758 674 hac
789 617 842 673 ei
869 615 1119 672 forsitan
1149 613 1478 686 aliquando
1508 611 1949 669 absolutionem
1978 624 2087 682 pa—

424 714 596 765 reret.
631 705 805 774 Quod
835 705 884 760 si
911 705 1027 761 hoc
1070 701 1343 767 noluerit,
1373 701 1621 775 quando
1665 704 1729 756 tu
1773 698 2088 755 consilium

427 796 705 855 statueris
759 792 1211 869 de.majoribus
1241 796 1297 847 et
1327 790 1659 847 utilioribus
1708 792 2085 854 tractaturus,

426 906 566 944 cum
593 887 708 944 illis
739 889 797 942 et
822 886 952 941 hac
975 897 1351 949 recensurus,
1385 880 1567 937 adero
1596 884 1793 935 tecum
1838 876 1885 933 si
1915 893 2088 933 man-

426 977 685 1035 daveris.
716 978 782 1031 Et
812 974 862 1029 si
889 973 1035 1045 quid
1058 972 1120 1028 in
1146 972 1314 1027 illum
1343 974 1566 1040 actum,
1597 972 1705 1038 est,
1749 968 1904 1025 bene
1953 970 2086 1033 stat,

427 1065 846 1141 astipulatione
888 1067 991 1118 tua
1030 1061 1287 1128 nitatur;
1331 1060 1422 1115 sin
1465 1058 1685 1125 minus,
1737 1056 2086 1127 corrigatur.

427 1156 586 1214 Vale.

506 1262 507 1265 ~
781 1241 1113 1298 EPISTOLA
1155 1240 1217 1292 Ll
1245 1234 1408 1309 [olim
1436 1239 1567 1292 LXII
1602 1236 1730 1307 bis].

898 1333 1093 1396 (Auno
1128 1329 1263 1382 1020
1294 1330 1398 1382 aut
1428 1329 1613 1391 1021.)

437 1420 776 1479 Venerabili
793 1418 1263 1474 Aurelianorum
1286 1416 1559 1485 episcopo
1580 1417 1932 1470 Tnsonomco
1960 1415 2092 1469 Fin.-

496 1526 702 1567 esnrus
746 1508 1129 1565 Carnotensis
1159 1505 1435 1561 sacerdos
1461 1504 1801 1574 obsequium
1828 1503 2090 1559 dilectio-

495 1603 588 1657 nis
618 1601 744 1657 sine
769 1600 910 1669 fuco
939 1597 1458 1653 dissimulationis.

497 1689 768 1747 Gratulor
797 1686 1114 1757 diligentia
1147 1690 1282 1749 tua,
1324 1684 1457 1739 licet
1486 1683 1637 1739 inter
1666 1682 1855 1738 multa
1882 1681 2089 1738 adver-

424 1780 618 1837 santia
644 1794 753 1834 sua
783 1782 1020 1833 strenue
1040 1772 1393 1847 capessenti,
1424 1788 1520 1828 me
1548 1787 1791 1845 quoque
1812 1771 1887 1827 de
1908 1787 2089 1842 uego-

423 1871 518 1927 tiis
544 1870 624 1925 ad
644 1883 740 1923 me
756 1864 1189 1939 pertinentibus
1219 1862 1410 1920 amice
1441 1861 1865 1919 commoneuti.
1888 1865 1960 1917 At
1975 1876 2086 1931 ego

426 1956 959 2016 commonitionem
977 1959 1142 2010 tuam
1166 1953 1425 2023 benigne
1448 1952 1709 2024 suscipio
1735 1970 1747 2018 ;
1773 1951 1835 2006 iu
1862 1951 2085 2007 caeteris

423 2048 673 2123 quidem
700 2062 837 2119 qua
865 2043 1013 2099 mihi
1037 2042 1321 2115 scripsisti
1344 2042 1596 2097 libenter
1623 2040 1748 2108 tibi,
1781 2044 1958 2113 prout
1979 2040 2083 2096 de-

423 2136 610 2194 cuerit
637 2138 695 2191 et
717 2138 955 2207 tempus
984 2131 1110 2203 erit,
1150 2130 1689 2204 obtemperaturus.
1719 2132 1798 2185 De
1841 2144 2084 2201 proces-

425 2228 591 2283 sione
614 2239 758 2280 vero
790 2222 1059 2278 Ecclesia
1105 2225 1322 2277 nostra
1353 2220 1432 2276 ad
1457 2223 1713 2275 vestram
1756 2219 1885 2274 ﬁeri
1914 2218 2085 2275 solita

424 2316 668 2374 clericos
697 2318 936 2370 nostros
984 2310 1365 2377 conveniens,
1406 2309 1607 2365 audivi
1654 2309 1734 2365 ab
1787 2309 1871 2365 eis
1916 2308 2083 2381 quod

422 2407 647 2481 optime
675 2418 985 2469 noveram,
1018 2406 1073 2457 et
1103 2400 1360 2473 teipsum
1390 2415 1567 2471 aquo
1597 2399 1803 2455 animo
1840 2414 2081 2456 concre-

422 2497 563 2553 dere
587 2493 726 2550 volo
750 2510 762 2548 :
787 2491 1062 2547 videlicet
1090 2488 1256 2562 quod
1285 2487 1589 2543 damnatis
1620 2488 1752 2558 (34⁸)
1782 2486 2080 2557 incendio,

421 2592 480 2643 et
498 2587 578 2642 ad
594 2583 869 2641 Ecclesia
885 2579 1380 2638 restaurationem
1409 2577 1805 2646 inhiantibus,
1834 2576 2082 2649 aliisque

419 2674 691 2748 plurimis
706 2670 959 2728 miseriis
974 2668 1175 2725 valida
1194 2665 1542 2724 necessitate
1572 2666 1902 2738 occupatis,
1944 2680 2080 2737 pro-

419 2763 608 2821 cessio
656 2778 781 2818 nou
830 2760 903 2815 sit
928 2758 1007 2815 ad
1050 2772 1315 2831 prasens
1359 2754 1584 2823 facilis;
1618 2771 1903 2811 successu
1939 2769 2081 2810 vero

415 2868 721 2928 prospera
742 2847 1059 2917 facultatis,
1093 2862 1232 2902 cum
1264 2860 1490 2915 magno
1520 2843 1743 2913 gaudio
1775 2860 1844 2899 ac
1879 2842 2081 2898 debita

1488 133 1543 188 S.
1587 82 1922 188 FULBERTI
1959 126 2439 187 CARNOTENSIS
2479 128 2793 186 EPISCOPI

3760 132 3880 187 228

2544 253 2877 310 EPISTOLA
2916 254 3027 309 LIv
3067 252 3228 323 [olim
3259 253 3519 317 LXXva.

2696 342 2889 413 (Circa
2912 358 3144 399 annum
3178 344 3359 414 1020).

2198 429 2271 485 In
2297 436 2649 499 perpetuum
2686 431 2990 501 diligendo
3020 432 3261 488 domino
3308 446 3415 488 suo
3462 434 3721 503 regique
3762 435 3881 490 Ro-

2606 518 2778 558 BERTO
2805 505 3123 559 FULBERTUS
3152 503 3450 561 sacerdos.

2272 591 2510 662 Quaso,
2528 590 2771 647 domine
2793 592 2895 661 mi,
2914 608 2989 647 ne
3010 592 3392 663 indignanter
3413 592 3688 667 accipias
3705 594 3882 667 quod

2197 678 2304 735 tibi
2334 679 2609 751 proxima
2638 680 2942 739 Dominica
2972 680 3207 738 Parisiis
3235 698 3357 738 non
3405 683 3663 740 occurri.
3709 684 3881 742 Scias

2200 767 2360 824 enim
2389 784 2499 841 pro
2530 772 2690 827 certo
2718 769 2885 842 quod
2916 770 3109 827 nuntii
3137 770 3471 829 fefellerunt
3500 789 3621 839 me,
3667 773 3881 830 dicen-

2199 861 2285 913 tes
2312 863 2365 914 te
2391 857 2529 914 illuc
2558 858 2689 931 ipso
2721 858 2815 915 die
2846 875 2969 916 non
2995 858 3223 927 adfore,
3256 861 3362 917 sed
3409 866 3662 934 propter
3711 862 3878 920 ordi-

2199 947 2506 1005 nationem
2553 949 2870 1019 cujusdam
2923 948 3194 1023 episcopi
3244 966 3342 1006 me
3395 952 3624 1018 vocari,
3685 968 3879 1026 quem

2198 1036 2446 1093 omnino
2488 1052 2611 1093 nou
2658 1053 2964 1106 noveram,
3015 1054 3126 1095 nec
3177 1044 3476 1095 sacratam
3531 1045 3708 1097 tuam
3765 1058 3879 1098 nec

2199 1126 2511 1199 epistolam
2542 1126 2980 1199 archiprasulis
3012 1126 3129 1184 mei
3158 1127 3233 1183 de
3262 1128 3646 1187 ordinatione
3678 1130 3875 1204 ipsius

2199 1231 2569 1288 acceperam.
2606 1214 2770 1271 Unde
2811 1214 2861 1270 si
2887 1214 3033 1287 quid
3062 1214 3260 1272 delicti
3289 1232 3477 1290 penes
3507 1234 3608 1274 me
3637 1222 3757 1284 est,
3790 1235 3878 1274 se-

2199 1304 2415 1360 ductus
2457 1320 2593 1359 sum
2642 1303 2837 1361 aliena
2884 1304 3139 1361 fallacia.
3174 1306 3380 1361 Facilis
3424 1310 3633 1365 tamen
3693 1307 3878 1365 debet

2198 1410 2327 1450 esse
2357 1393 2630 1449 remissio
2671 1393 2836 1468 apud
2871 1393 3101 1464 regiam
3140 1394 3443 1467 pietatem,
3494 1413 3637 1453 cum
3688 1398 3875 1454 etiam

2199 1483 2365 1556 apud
2395 1483 2661 1539 forenses
2684 1482 2920 1554 judices
2945 1485 3131 1540 status
3160 1482 3239 1541 sit
3267 1484 3621 1555 hujusmodi
3660 1487 3873 1543 venia-

2124 1608 2161 1662 Β
2195 1572 2287 1629 lis.
2315 1577 2377 1629 In
2404 1577 2527 1662 toto
2558 1571 2737 1662 corde
2766 1588 2902 1662 meo
2931 1571 3116 1642 diligo
3147 1578 3202 1630 te
3232 1591 3245 1639 ;
3291 1589 3368 1630 ne
3396 1573 3659 1647 repellas
3690 1591 3794 1631 me
3837 1592 3875 1631 a

2198 1661 2501 1719 mandatis
2534 1660 2666 1717 tuis.
2701 1660 2857 1717 Vale.

2535 1752 2869 1808 EPISTOLA
2900 1753 2986 1806 Lv
3011 1748 3171 1823 [olim
3205 1753 3512 1824 LXXXVII].

2673 1842 2865 1912 (Anno
2894 1844 3030 1896 1020
3057 1846 3159 1897 aut
3192 1844 3376 1913 1021.)

2196 1933 2588 1989 Dilectissimo
2613 1931 2851 1986 domino
2879 1946 2985 1987 suo
3029 1932 3157 2001 regi
3182 1932 3563 1990 Francorum
3599 1936 3868 1990 Ronan-ro

2270 2007 2589 2060 FULBEBTL‘S
2654 2003 2895 2060 humilis
2963 2003 3272 2072 episcopus
3325 2010 3553 2061 sanctae
3620 2007 3868 2063 virtutis

2265 2081 2651 2147 augmentum
2662 2117 2675 2131 .

2268 2164 2323 2221 Si
2371 2162 2546 2221 nobis
2601 2178 2814 2220 omnes
2868 2162 3271 2236 pervagauda
3319 2162 3638 2221 facultates
3686 2166 3866 2225 simul

2194 2270 2331 2311 cum
2357 2253 2660 2309 voluntate
2686 2255 3089 2325 suppeterent,
3117 2251 3424 2310 interesset
3453 2258 3668 2310 vestra
3686 2255 3869 2328 pieta-

2192 2344 2264 2399 tis
2288 2343 2589 2400 levitatem
2618 2345 2890 2398 nostram
2921 2357 3194 2413 arguere,
3226 2347 3283 2399 et
3310 2343 3391 2401 ad
3418 2348 3645 2401 nostra
3675 2346 3865 2403 eccle-

2193 2434 2293 2489 sia
2322 2450 2458 2506 qua
2485 2432 2785 2489 destructa
2810 2436 2866 2488 et
2893 2432 3388 2490 restaurationem
3422 2433 3744 2495 assiduam
3772 2452 3864 2494 re-

2190 2537 2426 2578 vocare.
2457 2524 2622 2579 Nunc
2647 2536 2788 2576 vero
2836 2536 2976 2576 cum
3021 2536 3232 2576 omnes
3262 2522 3565 2593 ejusmodi
3618 2523 3867 2584 faculta-

2193 2614 2279 2666 tes
2321 2609 2537 2674 desint,
2590 2612 2647 2665 et
2692 2625 2802 2665 nos
2856 2609 2936 2665 ad
2992 2609 3407 2669 assiduitatem
3466 2610 3864 2667 necessitudo

2190 2714 2415 2769 magna
2458 2702 2746 2769 coerceat,
2792 2698 3103 2770 quomodo
3148 2699 3454 2773 sapientia
3510 2704 3724 2757 vestra
3773 2699 3862 2756 di—

2192 2804 2379 2858 gnum
2409 2786 2596 2843 videri
2624 2786 2817 2859 possit
2845 2791 2909 2844 ut
2936 2787 3025 2844 vel
3046 2803 3159 2844 nos
3186 2787 3281 2844 vel
3306 2787 3535 2844 clerum
3580 2792 3862 2847 nostrum

2189 2876 2264 2933 de
2292 2876 2561 2949 qualibet
2586 2875 2768 2947 longa
2797 2876 3178 2948 processione
3210 2883 3612 2935 commoneat.
3678 2880 3865 2937 Susti-

417 2942 733 3038 d_ev°ﬁ9ne
757 2938 1003 3038 se
1044 2935 1322 3034 ίδθῐωῖοδ·
1370 2933 1510 3038 val?
1544 2949 1682 3038 (Ἄθω
1730 2931 2083 2989 beatiSSimo'
2109 2966 2150 3023 C
2189 2931 2564 3038 nete‘potius,
2599 2931 3865 3028 sachteIPater,sustinete

418 3032 575 3090 clero
599 3036 656 3087 et
686 3044 863 3099 grege
892 3026 993 3083 tibi
1017 3024 1361 3090 commisso,
1403 3023 1737 3089 cohortans_
1767 3039 1869 3078 eos
1908 3037 2079 3078 orare

420 3126 610 3179 Deum
633 3123 701 3176 ut
726 3118 934 3174 liberet
958 3131 1068 3171 nos
1098 3114 1177 3170 ab
1208 3112 1471 3169 adversis
1501 3111 1736 3168 nostris.

813 3206 1148 3263 EPISTOLA
1176 3206 1261 3260 LII
1291 3203 1456 3268 [olim
1486 3200 1687 3275 LX111].

951 3293 1137 3366 (Circa
1175 3307 1273 3347 an.
1318 3290 1547 3361 eumd.)

450 3387 846 3445 Dilectissimo
870 3384 1065 3454 fratri
1092 3387 1148 3437 et
1177 3382 1519 3450 coepiscopo
1556 3394 1662 3434 suo
1692 3380 2040 3433 Tusonnmco

1075 3472 1415 3525 FULBERTUS.

436 3570 443 3577 ’
488 3565 716 3622 illatam
744 3560 918 3617 vobis
944 3558 1229 3630 injuriam
1258 3572 1397 3613 vere
1444 3571 1645 3611 meam
1696 3555 1869 3623 facio,
1919 3570 2079 3611 com-

416 3651 717 3727 passionis
749 3649 987 3717 affectu,
1018 3647 1079 3703 iu
1127 3662 1229 3701 eos
1274 3644 1379 3717 qui
1435 3660 1606 3701 sacro
1656 3644 1850 3700 ordini
1885 3644 2075 3701 fecere

416 3740 843 3800 contumeliam
869 3737 995 3793 zelo
1023 3736 1255 3792 fervens
1286 3751 1298 3788 :
1333 3733 1438 3789 sed
1457 3748 1569 3789 nec
1593 3733 1765 3789 vobis
1785 3734 1925 3790 utile
1946 3751 2076 3791 esse

413 3833 590 3890 video
619 3848 728 3887 nec
757 3828 905 3885 mihi
934 3830 1149 3895 tutum,
1183 3830 1247 3881 ut
1272 3824 1429 3880 zelus
1478 3828 1681 3879 noster
1727 3824 1805 3880 ad
1850 3824 2077 3880 vindic-

413 3927 537 3979 tam
561 3914 1200 3977 excommunicatiouis
1226 3918 1520 3987 erumpat.
1568 3913 2070 3987 Exspectandum,

412 4016 469 4068 et
496 4005 967 4067 commonitoriis
996 4003 1291 4060 utendum
1320 4018 1449 4058 esse
1491 4017 1644 4069 reor,
1696 4000 1890 4057 donec
1939 4001 2073 4057 illos

410 4104 514 4157 aut
539 4095 888 4172 pauitantia
912 4092 1189 4163 corrigat,
1218 4096 1322 4148 aut
1350 4089 1572 4147 summi
1597 4089 1816 4162 judicis
1841 4094 2073 4147 senten-

411 4188 494 4244 tia
515 4186 740 4242 multet.
772 4183 933 4239 Vale.

796 4271 1129 4327 EPISTOLA
1159 4267 1269 4324 LIII
1299 4266 1461 4341 [olim
1489 4266 1686 4342 LXIV].

945 4360 1136 4427 (Circa
1175 4375 1273 4415 an.
1308 4358 1536 4429 eumd.)

493 4450 833 4508 Venerabili
849 4450 1189 4518 coepiscopo
1219 4463 1324 4502 suo
1346 4449 1627 4503 Onouuco
1656 4448 1995 4501 FULBeurus.

478 4546 559 4599 De
587 4557 773 4599 causa
801 4540 962 4596 unde
991 4536 1429 4610 simplicitatem
1457 4540 1731 4593 nostram
1755 4534 2067 4591 consulere

306 4620 317 4623 ⁷
406 4631 692 4699 voluistis,
723 4630 785 4686 in
813 4630 979 4684 sexto
1015 4626 1168 4684 libro
1218 4625 1626 4700 Capitulorum
1673 4624 2066 4695 nonagesimo

405 4723 602 4798 primo
624 4721 707 4778 ita
736 4718 1025 4790 scriptum
1053 4716 1408 4772 invenimus.
1432 4715 1489 4772 Si
1508 4714 1598 4770 vir
1619 4718 1676 4771 et
1694 4713 1909 4770 mulier
1926 4729 2067 4770 con-

400 4810 707 4883 junxerint
734 4825 797 4864 se
826 4806 887 4863 in
919 4805 1321 4873 matrimonio,
1349 4808 1407 4860 et
1442 4806 1652 4876 postea
1691 4800 1904 4857 dixerit
1929 4817 2064 4857 mu-

404 4901 511 4958 lier
537 4902 613 4958 de
636 4900 768 4956 viro
791 4912 916 4954 non
941 4911 1117 4969 posse
1146 4895 1374 4951 nubere
1413 4910 1554 4949 cum
1595 4907 1667 4948 eo
1692 4910 1706 4959 ;
1757 4891 1807 4947 si
1852 4890 2067 4963 poterit

403 4991 662 5066 probare
685 4988 853 5063 quod
879 5001 1093 5043 verum
1123 4985 1201 5042 sit
1237 4983 1491 5057 accipiat
1526 4982 1731 5050 alium,
1783 4996 1856 5037 eo
1895 4980 2064 5054 quod

401 5079 571 5148 juxta
598 5077 950 5151 Apostolum
989 5089 1115 5131 non
1145 5072 1339 5146 potuit
1387 5070 1470 5126 illi
1512 5070 1761 5126 reddere
1800 5069 1889 5125 vir
1917 5085 2061 5125 suus

406 5166 693 5222 debitum.
728 5170 807 5222 De
825 5164 1191 5238 profectione
1216 5166 1418 5218 autem
1448 5159 1742 5216 uostraad
1778 5161 2061 5215 Sanctum

408 5254 711 5321 Hilarium,
760 5253 1078 5327 praﬁxum
1121 5252 1319 5309 adhuc
1372 5249 1693 5307 terminum
1732 5264 1855 5304 non
1881 5247 2061 5303 habe-

403 5345 643 5401 bemus.
676 5342 859 5398 Vivite
887 5340 1126 5398 feliciter
1148 5342 1212 5397 in
1242 5340 1469 5399 Christo
1494 5342 1631 5396 Jesu
1650 5337 1901 5394 Domino
1922 5353 2059 5393 nos-

406 5438 517 5492 tro.
548 5431 708 5490 Vale.

474 5612 612 5687 (3")
638 5610 704 5668 Id
728 5612 818 5667 est
855 5608 1130 5679 Vastatis,
1159 5608 1445 5665 damnum
1468 5608 1683 5678 passis.

2187 3060 2477 3123 nostram,
2505 3053 2773 3125 supplete
2800 3053 3194 3124 indigentiam
3246 3059 3523 3119 nostram,
3576 3058 3641 3110 ut
3688 3057 3863 3112 Deus

2188 3143 2353 3199 omni
2381 3142 2544 3198 bono
2571 3140 2852 3198 refocillet
2871 3142 3121 3200 charam
3154 3144 3414 3200 animam
3434 3145 3721 3198 vestram.
3742 3146 3864 3200 Va-

2186 3232 2297 3289 lete
2347 3230 2619 3302 regaliter
2645 3231 2778 3302 (35).

2501 3321 2834 3395 EPISToLA
2864 3315 2973 3377 LVI
3006 3322 3169 3393 [olim
3200 3320 3531 3395 LXXXVIII].

2689 3392 2877 3463 (Circa
2904 3407 3134 3449 annum
3163 3397 3341 3463 1020.)

2186 3482 2624 3553 Benignissimo
2650 3481 2887 3537 domino
2916 3498 3022 3538 suo
3051 3484 3293 3554 regique
3323 3486 3581 3538 Ronsnro
3613 3484 3859 3537 Ριῖωειι-

2255 3571 2359 3696 ξονς
2391 3554 2635 3635 tramitis
2655 3554 2928 3610 sacerdos
2948 3555 3003 3610 si
3023 3570 3145 3625 qua
3166 3560 3361 3623 potest
3399 3555 3695 3611 orationis
3729 3556 3859 3629 suf-

2288 3641 2484 3696 ragza.

2288 3641 2484 3696 ragza.

2258 3716 2341 3770 Ex
2384 3717 2551 3786 parte
2601 3711 2968 3769 celsitudinis
3002 3717 3207 3769 vestra
3250 3712 3479 3768 dictum
3525 3716 3618 3769 est
3670 3712 3853 3770 nobis

2183 3804 2351 3877 quod
2402 3803 2698 3859 domuum
2774 3806 3140 3859 Franconem
3210 3801 3523 3859 Parisieusi
3575 3802 3852 3860 Ecclesia

2183 3894 2326 3949 dare
2373 3892 2551 3948 vultis
2598 3893 2973 3965 episcopum,
3031 3897 3088 3948 et
3140 3892 3219 3948 ad
3265 3892 3379 3948 hoc
3428 3891 3851 3964 peragendum

2182 3986 2399 4038 nostra
2428 3980 2776 4037 humilitatis
2806 3980 3028 4037 habere
3080 3980 3364 4037 favorem.
3411 3979 3599 4037 Nobis
3644 3985 3850 4036 autem

2179 4072 2411 4128 videtur
2436 4071 2600 4143 quia,
2634 4070 2685 4126 si
2710 4070 3028 4143 episcopus
3056 4069 3133 4127 de
3160 4086 3284 4144 quo
3311 4070 3510 4140 agitur
3537 4074 3725 4143 aptus
3766 4074 3851 4126 est

2179 4161 2449 4229 clericus,
2482 4165 2573 4218 est
2599 4159 2822 4233 optime
2850 4159 3161 4228 litteratus,
3190 4164 3245 4217 et
3274 4159 3354 4216 ad
3378 4174 3732 4217 sermonem
3770 4160 3851 4216 fa-

2179 4250 2462 4307 ciendum
2492 4250 2700 4321 agilis:
2733 4249 2796 4304 in
2822 4264 2948 4321 qua
2978 4264 3040 4305 re
3070 4264 3283 4305 omnes
3306 4248 3626 4321 episcopos
3678 4248 3853 4304 decet

2103 4321 2146 4375 D
2178 4354 2332 4408 esse,
2361 4353 2485 4395 non
2505 4337 2706 4394 minus
2725 4352 2912 4409 quam
2928 4336 2989 4392 in
3005 4336 3350 4410 operatione
3368 4340 3646 4409 potentes
3666 4341 3849 4409 atque

2176 4427 2447 4483 disertos.
2484 4426 2669 4496 Unde,
2702 4424 2749 4481 si
2775 4425 2889 4482 hoc
2918 4425 3047 4482 fieri
3071 4441 3249 4498 posse
3294 4424 3587 4482 canonice
3632 4424 3851 4481 domui

2178 4515 2609 4590 archiepiscopi
2655 4514 3015 4571 Senoueusis
3043 4519 3101 4572 et
3146 4514 3649 4588 coepiscoporum
3700 4529 3848 4571 nos-

2176 4610 2407 4663 trorum
2434 4604 2714 4678 probavit
2742 4604 3058 4674 sagacitas,
3089 4608 3369 4661 nostrum
3397 4604 3604 4671 etiam,
3631 4604 3747 4676 qui
3773 4602 3845 4660 de

2174 4695 2288 4751 hac
2317 4694 2690 4751 discussione
2714 4692 2998 4766 appellati
3025 4708 3148 4749 non
3178 4692 3427 4774 fuimus,
3459 4691 3705 4750 habetis
3749 4708 3844 4749 as-

2175 4800 2442 4842 sensum.
2476 4787 2540 4839 In
2570 4783 2734 4840 nullo
2781 4782 2942 4840 enim
2985 4781 3152 4856 quod
3198 4782 3432 4840 bonum
3485 4782 3586 4852 sit,
3634 4798 3847 4839 coram

2175 4873 2427 4931 Domino
2456 4876 2666 4930 vestra
2691 4871 2982 4929 voluntati
3011 4871 3258 4928 nitimur
3287 4872 3605 4931 contraire.
3636 4871 3848 4944 Vigeat

2173 4961 2519 5022 excellentia
2547 4966 2768 5019 vestra.

2578 5051 2914 5108 EPlSTOLA
2944 5052 3077 5106 LVII
3109 5047 3274 5122 [olim
3300 5049 3425 5119 XC].

2793 5138 2993 5208 (Anno
3023 5137 3203 5207 1020).

2171 5211 2562 5268 Dilectissimo
2589 5209 2825 5265 domino
2854 5224 2961 5263 suo
2991 5212 3246 5264 Ronsnro
3278 5209 3599 5264 FULBERTUS
3622 5207 3852 5276 episco-

2238 5299 2454 5409 gorum
2483 5282 2856 5337 humillimus
2881 5281 3196 5336 consilium
3236 5285 3293 5335 et
3329 5278 3765 5348 fortitudinem
3807 5293 3845 5334 a

2296 5370 2509 5409 ommo.

2296 5370 2509 5410 07711710.

2239 5445 2385 5498 Cum
2410 5441 2727 5515 prasentia
2752 5456 2890 5497 mea
2918 5456 3174 5513 nequeo,
3198 5439 3407 5497 saltem
3430 5438 3643 5495 litteris
3670 5442 3727 5495 te
3746 5453 3843 5496 re-

2237 5603 2354 5674 (35)
2381 5602 2599 5661 Gallice
2626 5602 2710 5660 sic
2735 5602 2876 5670 fere,
2909 5606 3194 5671 seporter
3220 5615 3449 5657 comma
3472 5615 3563 5655 an
3588 5600 3709 5656 rei.
