4018 6176
225 48 332 99 229

1800 28 2192 92 ΕΡιετοωε.

3641 65 3748 128 830

225 160 378 230 viso,
412 157 497 214 mi
521 155 797 223 domine,
825 154 1140 212 sciscitans
1177 156 1253 212 de
1284 154 1537 212 fortunis
1566 154 1717 223 tuis,
1750 156 1935 261 et‘ex-
1969 157 2023 208 A
2057 161 2185 257 tum
2209 164 2498 233 meretur,
2528 179 2652 225 non
2681 168 2843 228 enim
2887 168 3102 230 suﬂicit
3143 174 3446 236 abstinere
3474 195 3516 237 a
3549 187 3746 261 malo,

225 267 465 326 ponens
500 249 710 322 aliqua
741 262 946 303 eorum
1004 263 1151 320 qum
1202 251 1492 317 geruntur
1533 245 1596 301 in
1655 243 1938 318 partibus

229 341 474 398 nostris.
509 342 907 396 Carnotenses
935 335 1154 393 adhuc
1193 337 1512 410 plerosque
1555 334 1824 401 detineo,
1858 349 1939 390 ne

229 431 292 487 in
339 436 514 486 tuum
561 431 994 484 nocumentum
1051 430 1398 499 erumpant.
1453 424 1564 481 Sed
1616 423 1835 479 Hereb.
1880 429 1940 481 et

232 519 440 576 Gaufr.
461 517 629 573 nullo
649 514 954 572 interdicto
987 515 1306 570 refrenare
1336 513 1522 587 potui.
1549 512 1801 568 Faciunt
1825 513 1938 569 tibi

233 608 403 664 mala
456 623 596 679 quae
637 608 900 678 possunt,
931 603 1268 660 minantur
1310 619 1445 676 quae
1489 617 1622 658 non
1650 607 1932 674 possunt.

235 697 433 752 Virtus
460 694 747 750 Altissimi
798 695 1083 748 conterat
1135 697 1193 749 et
1234 690 1538 766 disperdat
1576 691 1936 764 superbiam

231 786 516 842 illorum!
549 784 803 851 Quidam
829 785 1044 840 autem
1090 782 1394 839 vernaculi
1424 781 1526 852 tui,
1558 782 1668 854 qui
1705 782 1785 838 ab
1815 782 1934 838 eis-

233 877 382 932 dem
414 873 896 932 malefactoribus
927 872 1238 944 injuriam
1266 872 1430 946 passi
1459 877 1619 942 sunt,
1647 872 1934 930 Martinus

236 967 474 1023 scilicet
515 966 590 1021 de
619 963 808 1020 Villeri
855 969 1069 1020 monte
1121 969 1179 1020 et
1218 963 1325 1019 ﬁlii
1372 963 1519 1034 ejus,
1565 965 1718 1020 iram
1750 981 1931 1021 suam

231 1059 594 1128 retorquent
620 1055 678 1110 in
711 1058 923 1110 terram
961 1055 1208 1110 Sanctae
1254 1053 1514 1109 Dominae
1559 1059 1801 1121 nostrae,
1837 1054 1930 1110 di-

229 1145 528 1218 ripientes
557 1143 752 1212 fruges
783 1147 842 1198 et
871 1147 1097 1199 cmtera
1129 1143 1294 1199 bona
1326 1146 1549 1212 nostra,
1583 1161 1717 1217 quae
1745 1143 1808 1199 in
1839 1144 1928 1198 vi-

232 1234 400 1289 cinia
426 1249 540 1288 sua
565 1236 714 1287 sunt.
751 1234 870 1286 Nos
898 1247 1051 1287 vero
1083 1232 1277 1288 inulta
1303 1233 1430 1288 haec
1461 1234 1722 1306 patimur
1746 1249 1930 1306 prop-

232 1329 373 1396 pter
398 1327 478 1392 te,
503 1324 912 1393 exspectantes
935 1326 996 1376 et
1013 1321 1407 1394 deprecantes
1418 1323 1711 1393 justitiam
1734 1329 1922 1381 tuam.

235 1414 394 1469 Sunt
423 1411 550 1466 haec
577 1414 632 1465 et
681 1409 799 1465 alia
852 1409 1075 1477 multa,
1112 1411 1195 1465 mi
1224 1411 1487 1482 domine,
1528 1432 1666 1486 quae
1704 1432 1802 1470 me
1830 1416 1924 1471 ni-

2056 247 2170 303 nisi
2200 250 2308 306 ﬁat
2333 253 2503 323 quod
2531 253 2759 315 bonum
2785 264 2894 316 est.

2125 339 2324 396 Restat
2354 356 2518 430 ergo,
2547 348 2612 400 ut
2638 345 2700 403 in
2729 347 2957 406 eisdem
2989 369 3090 410 sex
3121 357 3494 428 supradictis
3543 371 3748 430 consi-

2049 422 2196 520 lium
2215 433 2298 520 “et
2325 429 2618 520 auxilium
2663 433 2912 502 domino
2944 457 3052 498 suo
3099 422 3354 502 ﬁdeliter
3383 422 3743 520 praestatis—ﬁ

2048 513 2344 575 beneﬁcio
2371 519 2592 591 dignus
2620 523 2812 583 videri
2837 529 2983 597 vult,
3003 535 3058 587 et
3084 533 3284 590 salvus
3317 513 3452 596 esse
3483 539 3568 598 de

2047 603 2205 695 litate
2237 623 2430 678 quam
2464 610 2707 680 juravit.
2747 618 3030 676 Dominus
3059 638 3304 695 quoque
3329 625 3498 684 ﬁdeli
3531 647 3642 690 suo
3668 635 3728 690 in

2045 693 2137 750 his
2167 698 2458 756 omnibus
2484 701 2678 759 vicem
2709 705 2956 766 reddere
2987 693 3181 768 debet.
3204 693 3385 778 —Quod
3407 718 3456 772 si
3487 735 3612 777 non
3638 723 3722 778 fe-

2044 785 2205 853 cerit,
2236 788 2456 845 merito
2475 793 2816 851 censebitur
2848 798 3167 857 maleﬁdus
3200 820 3211 858 :
3242 804 3395 862 sicut
3431 806 3549 878 ille,
3583 811 3631 865 si
3658 811 3720 866 in

2042 889 2253 930 eorum
2287 880 2781 948 praevaricatione
2813 886 2904 942 vel
2930 887 3204 950 faciendo
3226 893 3323 948 vel
3344 898 3718 953 consentien-

2041 963 2120 1059 do
2149 965 2568 1059 deprehensus
2595 973 2788 1045 fuerit,
2817 977 3084 1048 perﬁdus
3115 985 3171 1036 et
3198 983 3496 1054 perjurus.
3531 987 3719 1059 Scrip-

2041 1054 2256 1110 sissem
2289 1057 2464 1113 vobis
2489 1059 2690 1130 latius,
2725 1064 2775 1118 si
2807 1072 3137 1139 occupatus
3171 1086 3293 1126 non
3335 1089 3528 1129 essem
3577 1093 3716 1131 cum

2039 1143 2168 1198 aliis
2217 1146 2448 1215 multis,
2482 1153 2609 1208 tum
2653 1152 2834 1208 etiam
2879 1159 3312 1220 restauratione
3358 1163 3608 1220 civitatis
3660 1171 3716 1221 et

2038 1232 2318 1291 Ecclesiae
2341 1242 2558 1294 nostra:
2584 1255 2720 1311 quae
2753 1246 2875 1298 tota
2894 1260 3088 1318 nuper
3112 1248 3415 1306 horrendo
3434 1252 3712 1309 incendio

2037 1326 2457 1395 conﬂagravit.
2506 1331 2634 1396 Quo
2682 1332 2909 1390 damno
2954 1336 3064 1390 etsi
3112 1337 3546 1414 aliquantisper
3585 1359 3710 1399 non

2033 1415 2267 1472 moveri
2299 1432 2425 1472 non
2449 1435 2798 1490 possumus,
2832 1440 2937 1496 spe
2969 1428 3170 1482 tamen
3201 1428 3382 1485 divini
3413 1434 3591 1506 atque
3620 1449 3711 1487 ve-

233 1501 354 1555 mis
383 1499 758 1569 angustiant;
819 1497 972 1552 satis
1022 1494 1186 1554 enim
1233 1501 1398 1556 oneri
1441 1518 1573 1558 esse
1605 1503 1927 1561 videbatur
1965 1516 2007 1568 Β
2036 1503 2139 1558 stri
2169 1504 2370 1564 solatii
2395 1510 2787 1581 respiramus.

232 1588 500 1644 adversa
523 1587 781 1660 corporis
808 1586 1126 1643 valetudo.
1162 1589 1274 1645 Sed
1304 1595 1507 1648 tamen
1533 1593 1685 1648 illud
1708 1595 1926 1665 aegrius

235 1675 775 1749 tolerabam,quod
804 1692 906 1731 res
938 1675 1218 1732 Ecclesim
1246 1678 1304 1734 in
1337 1683 1792 1754 superﬂuorum
1823 1684 1928 1740 do-

234 1766 623 1822 mesticorum
668 1764 956 1820 victualia
1001 1765 1088 1820 sic
1135 1769 1468 1838 expendere
1510 1771 1928 1843 compellebar

234 1872 315 1913 ex
342 1872 525 1929 prava
563 1854 997 1910 consuetudine
1046 1856 1575 1927 praedecessorum
1629 1879 1924 1933 meorum,

237 1950 308 2000 ut
339 1943 596 2000 ofﬁcium
620 1943 1045 2016 hospitalitatis
1079 1949 1136 1999 et
1159 1944 1590 2023 eleemosynie,
1617 1951 1769 2007 sicut
1790 1968 1928 2008 mea

231 2034 500 2100 interest,
545 2033 954 2089 administrare
1006 2049 1143 2089 non
1184 2051 1442 2106 possem.
1498 2045 1682 2096 Nunc
1722 2047 1926 2097 autem

229 2140 330 2180 res
350 2123 535 2196 ipsas,
553 2121 846 2195 quantula:
869 2128 1074 2194 erant,
1097 2125 1323 2196 passim
1351 2127 1591 2185 inimici
1613 2129 1920 2202 diripiunt.

230 2211 490 2269 Additur
516 2210 605 2266 his
631 2210 796 2267 malis
822 2210 1185 2267 incendium
1219 2215 1490 2273 Ecclesiae
1525 2223 1755 2273 nostris
1783 2219 1919 2290 (36).

232 2301 537 2368 Quoniam
586 2317 718 2355 cum
763 2301 915 2357 unde
953 2305 1330 2374 restaurem,
1365 2307 1521 2362 sicut
1573 2307 1764 2377 decet,
1799 2324 1924 2364 non

230 2391 460 2460 habeo,
491 2390 634 2446 mihi
662 2407 893 2464 quoque
917 2392 1306 2449 necessarios
1338 2400 1626 2469 sumptus
1656 2397 1924 2468 indulge-

233 2483 286 2538 ri
315 2481 599 2537 detrecto.
637 2481 730 2536 His
758 2481 950 2555 itaque
985 2484 1055 2536 et
1086 2479 1357 2552 pluribus
1390 2486 1524 2542 aliis
1558 2485 1921 2543 difﬁcultati—

237 2573 355 2628 bus
386 2571 843 2640 circumventus,
875 2587 1043 2645 quas
1077 2570 1171 2626 vel
1201 2575 1447 2644 pudoris
1477 2576 1579 2632 lex
1609 2578 1704 2632 vel
1731 2577 1924 2633 brevi-

241 2664 375 2720 tatis
406 2679 761 2719 enumerare
786 2667 964 2733 vetat,
991 2661 1189 2718 multa
1209 2680 1448 2722 mecum
1471 2667 1672 2737 agito;
1704 2684 1827 2724 non
1860 2673 1924 2724 ut

241 2769 556 2810 aerumnas
588 2753 648 2808 in
678 2753 789 2810 hac
820 2753 940 2808 vita
970 2751 1230 2808 evadere
1260 2772 1460 2826 coner,
1493 2757 1662 2829 quod
1693 2762 1780 2813 est
1808 2759 1920 2814 im-

235 2844 532 2917 possible,
566 2843 675 2898 sed
704 2849 769 2900 ut
810 2843 1017 2915 aliquo
1065 2841 1266 2899 labore
1294 2846 1577 2918 quamvis
1605 2847 1797 2902 arduo
1823 2865 1921 2904 va-
1961 2874 2001 2928 C
2032 2841 2494 2954 gatasvgbwib'S-a‘
2517 2881 2785 2954 recipies.

235 2934 392 2954 I--..-
430 2933 835 2954 _-_AA___--__!..
869 2930 1143 2954 n--'l‘-_:._.
1176 2949 1334 2954 _______
1369 2935 1510 2954 n,,,,rx
1569 2936 1740 2954 II,,3,,,
1831 2953 1839 2954 κ

234 2934 400 2990 leam
429 2933 840 2989 restaurandas
869 2930 1146 2986 Ecclesiae
1169 2949 1344 3005 opem
1368 2935 1540 2991 ferre.
1569 2936 1753 3006 Hujus
1779 2953 1921 2993 vero

237 3022 707 3079 consultationis
738 3037 890 3077 mete
917 3020 1104 3074 ﬁnem
1132 3021 1232 3076 tibi
1253 3022 1502 3079 domino
1532 3041 1672 3079 meo
1702 3026 1921 3082 revela-

235 3116 372 3168 tum
402 3111 474 3166 iri
506 3111 780 3185 disponis
812 3126 955 3165 cum
1001 3112 1152 3165 Deus
1192 3111 1419 3170 dederit
1447 3113 1532 3168 tui
1563 3114 1918 3186 opportuni-

237 3205 427 3258 tatem
457 3201 728 3274 alloquii.
758 3199 962 3256 Valete
988 3200 1340 3270 perenniter.

646 3371 986 3428 EPISTOLA
1027 3371 1181 3426 LVIII
1221 3372 1381 3442 [olim
1411 3375 1518 3447 Cl].

897 3481 1069 3534 Anno
1120 3481 1272 3534 1020.

240 3589 522 3648 Glorioso
559 3588 705 3644 duci
744 3586 1191 3658 Aquitanorum
1223 3591 1566 3647 GUILLIELMO
1599 3592 1920 3647 FULBERTL'S

565 3678 875 3747 episcopus
907 3675 1191 3732 orationis
1222 3680 1603 3752 sat/fragium.

313 3789 398 3842 De
447 3785 647 3842 forma
699 3781 1006 3838 ﬁdelitatis
1057 3783 1282 3856 aliquid
1327 3787 1583 3844 scribere
1633 3787 1920 3858 monitus,

242 3876 380 3933 haec
429 3875 597 3932 vobis
641 3890 778 3947 quae
834 3878 1168 3946 sequuntur
1217 3873 1474 3934 breviter
1516 3894 1588 3934 ex
1628 3876 1923 3934 librorum

250 3965 602 4023 auctoritate
630 3963 857 4021 notavi.
907 3962 1018 4030 Qui
1047 3963 1294 4020 domino
1321 3982 1430 4022 suo
1452 3967 1804 4024 ﬁdelitatem
1830 3968 1924 4038 ju-

245 4059 366 4124 rat,
399 4053 510 4114 ista
560 4070 667 4110 sex
711 4054 773 4110 in
821 4051 1118 4110 memoria
1166 4069 1402 4126 semper
1448 4057 1674 4114 habere
1705 4054 1919 4112 debet:

243 4144 580 4212 Incolume,
610 4147 825 4212 tutum,
860 4144 1202 4211 honestum,
1245 4144 1408 4212 utile,
1440 4145 1634 4213 facile,
1667 4145 1922 4218 possibi-

2436 1636 2771 1690 EPISTOLA
2811 1638 2916 1692 LIX
2958 1639 3121 1707 [Olim
3159 1645 3310 1714 XVI].

2542 1719 2729 1789 (Circa
2754 1736 2985 1776 annum
3017 1729 3196 1794 1021.)

2035 1820 2314 1878 Piissimo
2358 1825 2497 1881 duca
2536 1827 2980 1897 Aquitanorum
3023 1834 3339 1890 GUILLELMO
3385 1840 3704 1895 Fuwenrrs

2569 1899 2812 1954 humilis
2843 1902 3171 1972 episcopus.

2107 1984 2236 2038 Non
2287 1989 2376 2042 est
2428 1987 2670 2053 mirum,
2705 1990 3081 2049 serenissime
3130 1996 3427 2070 princeps,
3463 1999 3510 2054 si
3557 1999 3705 2071 quid

2034 2073 2294 2129 moveris
2322 2075 2528 2136 animo
2555 2083 2762 2134 contra
2794 2096 2909 2147 me,
2943 2082 3018 2138 de
3046 2085 3160 2142 hoc
3197 2089 3364 2162 quod
3397 2089 3706 2161 sapientis-

2035 2161 2188 2217 simo
2243 2180 2316 2220 ac
2370 2166 2748 2224 sanctissimo
2795 2171 2948 2226 Patri
2994 2181 3196 2232 nostro
3229 2161 3446 2234 Hilario
3478 2178 3703 2249 tibique

2033 2249 2237 2306 debita
2269 2253 2512 2311 servitia
2538 2271 2659 2311 non
2687 2258 2972 2329 rependo.
3003 2264 3278 2335 Magnam
3310 2268 3470 2323 enim
3515 2267 3705 2322 hono-

2030 2338 2395 2399 riﬁcentiam
2445 2344 2780 2413 exhibuisti,
2830 2346 3149 2425 largosque
3196 2354 3413 2411 dedisti
3460 2353 3703 2410 muniﬁ-

2031 2428 2240 2485 centiae
2274 2431 2522 2500 fructus,
2554 2449 2662 2505 pro
2691 2435 2911 2508 quibus
2957 2440 3098 2496 nihil
3129 2444 3436 2516 praesentis
3471 2441 3703 2498 emolu-

2030 2519 2219 2575 menti
2248 2522 2548 2596 recepisse
2574 2523 2809 2581 videris.
2859 2528 2971 2584 Sed
3001 2535 3088 2586 est
3115 2533 3281 2602 quod
3311 2537 3367 2587 te
3398 2530 3704 2586 reconfor-

2029 2613 2155 2668 tare
2210 2609 2542 2682 plurimum
2596 2619 2807 2685 potest,
2865 2616 2979 2672 hoc
3031 2620 3301 2676 videlicet
3349 2619 3515 2692 quod
3571 2622 3704 2675 tuas

2030 2713 2216 2768 gazas
2247 2699 2312 2758 in
2342 2701 2602 2759 ecclesiae
2630 2706 2815 2766 Beata:
2860 2707 3049 2764 Mariae
3078 2708 3579 2765 restaurationem
3609 2720 3706 2758 ex-

2030 2802 2280 2860 pensas,
2313 2807 2435 2854 non
2468 2792 2664 2848 solum
2692 2793 2976 2865 integras,
3001 2797 3398 2854 verumetiam
3426 2789 3703 2863 multipli-

2821 2886 2900 2940 Ex
2931 2891 3099 2959 parte
3129 2901 3276 2942 vero
3310 2898 3467 2950 mea,
3493 2894 3707 2954 quam-

2032 2964 2118 3020 vis
2149 2969 2428 3038 perexilis
2478 2971 2670 3043 portio
2720 2975 3014 3030 mercedis
3058 2973 3352 3032 aestimari
3380 2969 3589 3045 possit,
3621 2974 3708 3028 ta-

2030 3071 2174 3110 men
2204 3058 2503 3134 quidquid
2535 3078 2670 3117 sum
2701 3067 2756 3119 et
2783 3080 3036 3137 possum
3069 3072 3254 3126 tuum
3283 3066 3387 3120 est.
3421 3061 3476 3118 Si
3509 3065 3710 3122 autem

2029 3143 2106 3201 de
2136 3147 2364 3205 malitia
2394 3150 2593 3208 saeculi
2624 3157 2766 3208 ortis
2796 3154 3189 3212 difﬁcultates
3223 3169 3427 3214 meum
3465 3153 3570 3214 iter
3597 3153 3710 3212 im-

2029 3235 2299 3309 pediunt,
2335 3243 2398 3296 ut
2429 3239 2804 3314 frequentare
2835 3260 2957 3300 non
3006 3243 3276 3320 possim,
3308 3251 3362 3306 et
3399 3246 3709 3307 dilationes

2029 3343 2201 3383 meas
2253 3333 2596 3402 exspectare
2643 3332 2836 3402 taedet,
2877 3334 2990 3403 fac,
3042 3335 3480 3409 benignissime
3529 3346 3706 3418 atque

2031 3415 2410 3474 dilectissime
2453 3419 2752 3493 princeps,
2785 3421 2862 3477 de
2890 3423 2992 3480 illa
3020 3423 3318 3492 dignitate
3345 3448 3528 3508 quam
3560 3415 3706 3494 mihi

2032 3506 2442 3578 commiseras,
2489 3509 2785 3584 quidquid
2828 3511 3046 3568 animae
3100 3517 3220 3572 tua;
3263 3506 3702 3598 beneplacitum

2029 3593 2224 3664 fuerit,
2257 3600 2416 3653 certo
2463 3598 2656 3655 sciens
2686 3600 2854 3672 quod
2883 3619 2954 3658 ea
2992 3618 3182 3662 causa
3221 3593 3702 3676 benevolentiam

2031 3701 2232 3742 meam
2275 3702 2417 3756 erga
2449 3692 2500 3744 te
2530 3705 2850 3762 nunquam
2881 3692 3098 3748 senties
3137 3694 3542 3764 imminutam.
3579 3713 3701 3766 Cae-

2031 3778 2156 3831 tera
2203 3776 2503 3848 quaedam,
2546 3795 2680 3850 quae
2731 3781 2988 3836 scribere
3037 3783 3225 3855 nolui,
3257 3790 3454 3859 legato
3483 3803 3696 3867 vestro,

2030 3863 2276 3922 domino
2326 3865 2602 3922 videlicet
2658 3867 2946 3926 Haimone
3002 3870 3292 3933 referente
3346 3863 3693 3952 cognosces.

2033 3954 2190 4009 νῶθ’
2415 4027 2750 4082 EPISTULA
2791 4031 2870 4086 LX
2912 4030 3074 4100 [olim
3104 4035 3307 4107 XVIII].

2508 4111 2703 4180 (Anno
2739 4116 2895 4180 1021,
2931 4114 3005 4169 al.
3041 4119 3223 4189 1024.)

243 4236 320 4294 le.
357 4235 686 4301 Incolume,
723 4232 1017 4301 videlicet,
1046 4249 1121 4290 ne
1153 4232 1228 4290 sit
1257 4233 1506 4294 domino
1537 4237 1600 4294 in
1625 4214 1923 4294 damnum
1954 4234 2000 4288 ι)
2034 4214 2216 4270 Claro
2237 4230 2342 4270 suo
2373 4215 2717 4272 Hunecxmo
2752 4221 3068 4276 FULBERTL’S
3097 4223 3342 4284 humilis
3363 4234 3690 4305 episcopus.

244 4327 324 4384 de
357 4340 615 4398 corpore
645 4339 772 4381 suo.
805 4326 1042 4390 Tutum.
1073 4339 1149 4384 ne
1195 4323 1269 4380 sit
1306 4325 1359 4384 ei
1407 4326 1466 4383 in
1510 4326 1810 4384 damnum
1848 4325 1923 4381 de

247 4414 484 4470 secreto
537 4424 668 4477 suo,
699 4407 789 4464 vel
836 4408 912 4464 de
964 4407 1397 4466 munitionibus
1427 4427 1534 4484 per
1577 4425 1732 4484 quas
1763 4413 1923 4470 tutus

249 4515 380 4556 esse
410 4501 632 4570 potest.
670 4499 1017 4564 Honestum,
1050 4511 1124 4550 ne
1171 4495 1244 4551 sit
1296 4497 1347 4552 ei
1393 4499 1454 4554 in
1504 4499 1804 4553 damnum
1847 4497 1922 4554 de

249 4605 363 4644 sua
389 4584 638 4657 justitia,
667 4585 759 4641 vel
787 4585 861 4640 de
889 4583 1017 4640 aliis
1049 4583 1246 4640 causis
1272 4601 1406 4658 quae
1440 4587 1516 4644 ad
1544 4587 1923 4642 honestatem

249 4679 384 4748 ejus
415 4674 710 4748 pertinere
727 4673 1020 4729 videntur.
1059 4673 1221 4740 Utile,
1256 4690 1329 4729 ne
1357 4675 1429 4732 sit
1458 4676 1509 4730 ei
1539 4676 1601 4731 in
1623 4675 1922 4731 damnum

249 4768 328 4824 de
356 4766 483 4821 suis
521 4763 1022 4837 possessionibus.
1081 4762 1267 4820 Facile
1297 4765 1389 4819 vel
1416 4765 1722 4838 possibile,
1757 4780 1831 4820 ne
1862 4765 1922 4821 id

248 4856 508 4922 bonum,
533 4853 698 4928 quod
727 4853 1009 4912 dominus
1041 4869 1187 4910 suus
1212 4851 1414 4910 leviter
1441 4853 1638 4911 facere
1668 4857 1919 4926 poterat,

249 4947 435 5008 faciat
483 4945 538 5002 ei
587 4943 860 5004 diﬂicile:
909 4959 1059 5000 neve
1110 4942 1192 5010 id,
1234 4946 1399 5018 quod
1440 4945 1727 5020 possibile
1775 4950 1918 5014 erat,

248 5036 470 5096 reddat
495 5034 552 5093 ei
588 5032 981 5110 impossibile.
1027 5035 1096 5090 Ut
1125 5037 1327 5092 autem
1358 5034 1552 5091 ﬁdelis
1578 5036 1708 5090 haec
1734 5051 1921 5092 nocu-

251 5130 461 5184 menta
490 5127 715 5190 caveat,
742 5124 976 5195 justum
1003 5125 1110 5192 est,
1135 5121 1241 5178 sed
1270 5137 1392 5180 non
1423 5123 1559 5180 ideo
1582 5139 1921 5181 sacramen-

349 5307 444 5376 36)
475 5303 829 5376 Incendium
861 5301 1118 5376 ecetesix
1142 5305 1486 5376 nostraetEx
1509 5301 1688 5376 veteri
1709 5303 1921 5376 Annali

255 5372 464 5434 abbat.
502 5378 559 5431 S.
593 5374 740 5430 Petri
767 5374 825 5428 in
867 5373 1017 5428 valle
1051 5375 1310 5439 Carnot.,
1342 5372 1402 5426 id
1442 5378 1533 5428 est
1560 5374 1621 5428 in
1665 5373 1921 5443 legenda

257 5448 448 5505 sancti
476 5446 724 5503 Aniani:
774 5446 950 5500 Anno
988 5445 1301 5500 millesimo
1334 5446 1626 5516 vicesimo,
1652 5447 1714 5500 in
1754 5454 1924 5502 nocte

259 5520 634 5585 Natim'tatt's,
657 5518 831 5588 φὼς.
855 5517 1030 5572 [\th.
1057 5531 1218 5574 anno
1246 5518 1280 5571 4
1308 5516 1429 5586 fuit
1456 5517 1665 5574 civitas
1697 5518 1925 5576 Camo-

2100 4320 2231 4375 Scio
2261 4324 2334 4389 te,
2367 4320 2470 4388 ﬁli,
2499 4337 2703 4377 meum
2735 4322 3073 4382 desiderare
3099 4329 3449 4404 adventum,
3475 4340 3583 4394 sed
3609 4358 3695 4397 re-

2029 4409 2270 4466 tardant
2301 4409 2504 4488 templi
2529 4413 2901 4482 restauratio,
2929 4417 3219 4476 mandata
3247 4425 3422 4493 regis,
3455 4430 3689 4498 praedo-

2031 4513 2179 4554 num
2220 4498 2521 4568 instantia,
2556 4502 2829 4560 messivae
2877 4504 3056 4574 ferias,
3091 4509 3526 4569 Lemovicensis
3569 4519 3690 4588 epi-

2030 4589 2196 4662 scopi
2226 4605 2423 4646 causaa
2467 4591 2756 4664 pacandae
2796 4592 3136 4662 diﬂicultas,
3165 4597 3262 4654 via
3311 4603 3683 4674 scrupulosa.

2027 4682 2196 4749 :Egre
2223 4679 2348 4736 fero
2377 4695 2580 4738 moras
2610 4697 2798 4748 meas,
2828 4682 3135 4754 satiusque
3167 4686 3309 4741 mihi
3339 4689 3541 4748 fuisset
3559 4710 3687 4751 rem

2032 4770 2087 4824 S.
2121 4769 2304 4840 patris
2335 4769 2532 4825 Hilarii
2576 4786 2701 4828 non
2741 4772 3074 4842 suscepisse
3114 4776 3464 4846 curandam,
3499 4798 3685 4853 quam

2030 4857 2130 4915 tali
2161 4859 2346 4915 modo
2378 4863 2650 4916 tractare.
2707 4859 2821 4916 Sed
2857 4861 2970 4916 hac
3002 4861 3404 4921 consolatione
3435 4871 3683 4942 respiro,

2029 4945 2174 5020 quia
2201 4947 2366 5021 quod
2396 4953 2585 5020 potes,
2620 4946 2745 5004 vice
2793 4963 2930 5006 mea
2977 4948 3142 5003 facis.
3195 4953 3404 5010 Precor
3441 4973 3582 5030 ergo
3623 4965 3688 5018 ut

2030 5037 2406 5110 propositum
2460 5052 2677 5107 urgeas
2723 5040 2956 5092 strenue
3005 5041 3126 5093 tam
3169 5039 3230 5095 in
3280 5043 3684 5116 spiritualibus

2030 5140 2216 5197 quam
2246 5125 2307 5180 in
2339 5124 2742 5194 singularibus
2774 5139 2978 5194 agens.
3013 5125 3070 5182 Si
3099 5127 3420 5190 Robcrtum
3455 5153 3685 5212 Ρισεερο-

2032 5308 2179 5388 (ens,
2197 5307 2251 5357 et
2273 5308 2395 5384 tota
2417 5303 2662 5388 ecclesia
2694 5301 2879 5384 pcata:
2907 5305 3120 5388 Marin
3145 5311 3466 5388 combusta,
3504 5333 3680 5388 quam

2030 5372 2183 5427 idem
2213 5375 2518 5446 episcopus
2548 5374 2840 5444 gloriosus
2866 5391 2974 5431 sua
3001 5377 3301 5439 industria
3324 5389 3380 5439 et
3411 5372 3682 5446 uibaré'éi

2031 5449 2271 5513 sumptu
2301 5460 2337 5501 a
2360 5444 2755 5513 fundamento
2777 5448 3178 5517 reaedzﬁcavz‘t.
