3996 6176
386 91 483 144 231

1417 88 1473 142 S.
1517 86 1849 142 FULBERTI
1889 83 2370 144 CARNOTENSIS
2422 88 2754 145 EPISCOPI.

3685 85 3796 139 232

387 211 568 268 situm
617 210 992 281 indiligenter
1033 208 1275 265 villicari
1322 209 1496 278 nosti,
1530 210 1616 266 fer
1662 224 1910 265 causam
1960 207 2038 264 ad
2073 213 2120 265 Α
2145 225 2394 282 operam
2420 217 2588 269 tuam
2619 228 2759 268 cum
2799 208 3100 266 alacritate
3130 207 3350 274 divide,
3384 206 3602 264 animae
3631 207 3814 264 simul

385 301 659 358 notitiam
688 300 855 356 ducis
875 298 1062 354 nostri
1091 299 1484 372 (Aquitaniae),
1513 304 1575 356 ut
1597 300 1726 371 ejus
1752 297 2040 354 arbitratu

385 390 480 446 vel
519 389 843 458 corrigatur
871 387 963 442 vel
991 391 1271 443 mutetur.
1308 387 1508 445 Saluta
1553 389 1765 444 charos
1802 391 2040 443 nostros

387 482 429 534 R
484 479 592 533 Hu.
645 481 782 532 Dur.
825 481 881 532 et
930 475 1077 532 alios
1125 482 1250 532 tam
1298 477 1544 534 clericos
1593 493 1779 550 quam
1829 475 2034 532 laicos.

384 568 581 622 Frater
607 564 944 621 Thedoldus
974 565 1136 633 obiit,
1163 565 1342 622 frater
1375 566 1675 622 Ebrardus
1702 564 2038 621 monachus

381 653 567 709 evasit
613 653 956 710 scholarum
997 654 1271 725 ferulam,
1322 660 1380 710 et
1420 654 1753 711 cancellarii
1803 652 2037 709 tabulas

380 742 483 798 tibi
528 759 722 811 servo,
773 743 933 800 bona
981 759 1224 816 parans,
1282 744 1530 800 meliora
1577 745 1916 811 devovens;
1975 747 2038 797 tu

379 847 641 904 quoque,
669 849 780 906 pro
807 832 984 888 nobis
1016 849 1218 905 orans,
1241 833 1484 890 feliciter
1509 833 1659 890 vale.

717 961 1059 1016 EPISTOLA
1099 961 1205 1014 LXI
1246 961 1408 1031 [olim
1438 961 1698 1030 XXXVII].

879 1049 1062 1118 (Circa
1095 1064 1324 1104 annum
1361 1049 1536 1118 1021.)

378 1146 769 1203 Dilectissimo
807 1148 978 1215 patri
1006 1153 1061 1202 et
1092 1148 1434 1216 coepiscopo
1463 1161 1570 1201 suo
1604 1148 1832 1201 GL'IDONI
1862 1147 2029 1200 FULB.

859 1219 1143 1273 arationis
1169 1218 1550 1288 suffragium.

448 1310 748 1377 Rogamus
775 1307 1123 1363 charitatem
1152 1312 1414 1362 vestram
1443 1323 1554 1379 pro
1593 1306 1686 1361 his
1719 1305 1904 1361 servis
1939 1308 2036 1361 Ec-

377 1395 567 1451 clesiee
595 1401 815 1451 Πῦςῒῖἓὲ
845 1395 950 1469 qui
993 1395 1106 1450 sub
1143 1399 1336 1452 vestra
1371 1399 1660 1468 potestate
1691 1391 1935 1465 degunt,
1969 1397 2034 1450 ut

375 1485 457 1540 eis
483 1483 840 1558 patrocinari
872 1485 1218 1553 dignemini,
1255 1489 1314 1540 et
1342 1489 1405 1539 ut
1444 1483 1618 1540 nobis
1663 1483 2032 1540 constituatis

2147 305 2204 355 et
2231 302 2497 373 corporis
2527 317 2736 358 curam
2767 315 2979 370 gerens
3003 317 3015 366 ;
3049 313 3124 354 ne
3151 300 3396 370 propter
3423 295 3671 352 secundi
3689 295 3812 351 las-

2148 388 2467 445 situdinem
2497 389 2707 462 primae
2732 388 2903 459 vigor
2934 389 3272 443 evanescat.
3293 388 3371 441 De
3401 400 3463 440 re
3496 384 3682 440 sancti
3706 399 3814 456 pa-

2148 476 2249 532 tris
2270 477 2469 534 Hilarii
2481 482 2538 534 et
2559 482 2764 534 nostra
2785 475 3034 532 ﬁdeliter
3053 473 3436 547 disponenda
3459 472 3584 528 scio
3608 478 3660 528 te
3683 488 3812 528 non

2145 565 2411 635 indigere
2439 567 2703 636 monitis,
2729 564 3064 621 dummodo
3093 564 3251 620 fures
3267 578 3506 619 caveas.
3531 565 3729 617 Vestes
3752 565 3817 617 et

2145 659 2356 710 caetera
2405 660 2759 712 ornamenta
2807 653 3086 718 ecclesiae,
3147 667 3282 725 quae
3329 651 3515 709 lavari
3572 650 3811 716 volunt,

2144 758 2422 815 procura,
2452 748 2517 800 ut
2542 743 2691 800 festa
2721 741 3029 816 paschalia
3051 757 3162 797 suo
3184 739 3445 796 candore
3465 743 3810 795 venustent.

2145 835 2370 889 Laurus
2398 838 2605 889 nostra
2634 838 2691 888 et
2733 837 2924 889 totum
2971 831 3315 904 pomarium
3365 829 3668 900 gaudeant
3697 844 3814 884 suo

2143 921 2326 978 cultu.
2360 922 2680 978 Vinitorem
2719 938 2964 996 quoque
3003 925 3060 976 et
3085 919 3412 992 agricolam
3441 924 3493 976 te
3523 935 3654 975 esse
3685 935 3818 974 me-

2143 1011 2409 1067 mineris.
2459 1013 2535 1067 De
2566 1011 2732 1067 vario
2777 1026 3030 1067 numero
3082 1009 3456 1082 psalmorum
3503 1007 3607 1081 qui
3657 1007 3813 1078 adji-

2144 1098 2380 1156 ciuntur
2407 1116 2443 1156 a
2469 1099 2838 1172 quibusdam
2864 1099 2924 1155 in
2956 1104 3222 1170 tempore
3247 1097 3461 1168 jejunii
3479 1113 3586 1169 per
3607 1097 3819 1168 singu-

2142 1186 2230 1244 las
2260 1188 2440 1244 horas
2472 1192 2816 1254 canonicas,
2839 1188 2902 1244 in
2928 1187 3066 1258 ﬁne,
3084 1190 3221 1260 post
3248 1185 3583 1242 orationem
3614 1185 3818 1242 Domi-

2141 1276 2341 1333 nicam
2389 1283 2447 1334 et
2485 1278 2745 1351 capitula
2791 1295 2929 1351 quae
2975 1281 3330 1350 sequuntur,
3362 1275 3634 1346 regulam
3682 1291 3816 1331 non

2141 1365 2399 1423 invenio.
2447 1367 2664 1423 Psalmi
2713 1367 2960 1440 quidem
3004 1382 3142 1422 meo
3181 1365 3473 1422 arbitratu
3520 1364 3816 1438 superﬂui

2142 1461 2357 1526 essent,
2387 1456 2500 1512 nisi
2541 1473 2643 1514 eos
2690 1461 2905 1514 tutaret
2933 1456 3382 1530 psalmistarum
3412 1454 3667 1511 devotio.
3717 1453 3814 1510 Fi-

375 1543 695 1629 terminum
736 1577 874 1648 post
917 1543 1160 1630 ovctavas
1199 1543 1360 1629 beati
1408 1572 1657 1643 Martini,
1688 1572 1935 1646 quando
1977 1576 2033 1627 et
2071 1566 2110 1619 Β
2141 1545 2276 1648 Πξίξδ
2298 1550 2507 1648 fuller”
2535 1545 2827 1648 cipimus,
2861 1550 3000 1618 PoSt
3029 1544 3362 1648 QFatiOPEm
3409 1543 3811 1648 Dominicafn'

374 1663 477 1718 ubi
506 1661 694 1719 nostri
722 1662 901 1734 legati
949 1662 1180 1735 possint
1218 1678 1528 1718 occurrere
1557 1661 1749 1729 vobis,
1783 1661 1861 1717 ad
1891 1661 2036 1718 deﬁ-

372 1753 658 1808 niendam
691 1766 936 1808 causam
967 1768 1196 1824 eorum,
1229 1768 1362 1824 quae
1393 1755 1636 1824 propter
1663 1751 1895 1808 obitum
1925 1767 2032 1806 an-

372 1841 685 1898 tecessoris
710 1842 881 1898 vestri
903 1841 1177 1913 [Rodulﬁ]
1203 1841 1509 1896 indeﬁnita
1533 1840 2035 1910 remansit.Roga-

373 1949 510 1988 mus
541 1932 718 1988 etiam
753 1947 826 1986 ne
858 1930 1031 1987 nobis
1064 1930 1282 2004 scripto
1312 1930 1648 2000 significare
1677 1928 2029 2001 gravemini,

372 2037 477 2077 cur
508 2020 873 2094 Sylvanectis
903 2037 1027 2076 non
1047 2019 1222 2075 fuerit
1246 2019 1499 2076 sacratio
1525 2024 1742 2076 vestra.
1774 2018 1934 2075 Vale.

683 2147 1018 2202 EPISTOLA
1057 2148 1185 2201 LXII
1229 2147 1396 2211 [olim
1425 2146 1714 2217 XXXVIII].

993 2236 1187 2306 (Anno
1222 2237 1404 2306 4021.)

370 2326 624 2398 Egregie
651 2327 868 2381 dilecto
898 2326 1238 2394 coepiscopo
1260 2341 1365 2380 suo
1398 2327 1649 2394 GL’lDONI,
1684 2327 2026 2380 FULBERTUS.

440 2417 626 2470 Amor
642 2413 908 2485 justitite,
939 2413 1044 2486 qui
1074 2417 1261 2483 tuam,
1292 2418 1482 2486 pater,
1512 2413 1783 2470 animam
1813 2412 2030 2468 imbuit

371 2519 407 2560 a
433 2503 754 2569 nativitate,
782 2503 917 2559 fecit
937 2519 1072 2559 eam
1094 2503 1480 2571 inoffensam,
1500 2507 1557 2559 et
1579 2503 1658 2559 ab
1680 2502 2026 2559 excessibus

369 2597 629 2649 cautam.
676 2593 859 2663 Cujus
903 2591 987 2648 rei
1029 2592 1212 2647 tidem
1258 2608 1397 2647 cum
1427 2608 1500 2648 ex
1545 2591 1802 2648 aliorum
1832 2591 2024 2659 dictis,

365 2684 493 2737 tum
519 2696 591 2735 ex
619 2679 822 2735 litteris
853 2679 968 2734 tuis
1013 2679 1312 2735 evidenter
1355 2680 1578 2753 accepi.
1624 2679 1738 2736 Sed
1764 2679 1843 2736 ab
1874 2679 2029 2735 ordi-

365 2769 608 2825 natione
652 2768 817 2824 Ebali
862 2768 1168 2824 Remensis
1210 2768 1644 2841 archiepiscopi
1690 2785 1814 2824 non
1849 2768 2024 2824 valde

365 2856 469 2912 tibi
496 2855 889 2912 metuendum
915 2859 1061 2928 puto
1088 2872 1238 2922 esse,
1267 2855 1314 2910 si
1348 2861 1453 2922 est,
1483 2861 1545 2911 ut
1573 2855 1805 2922 dicitur,
1832 2855 1910 2911 ab
1941 2855 2026 2911 in-

363 2945 549 3001 fantia
579 2944 965 3012 Christianus,
995 2959 1143 3000 sano
1175 2959 1355 2999 sensu
1386 2944 1573 3000 sacris
1604 2944 1807 3000 litteris
1839 2945 2032 3000 erudi-

364 3038 478 3102 tus,
509 3034 769 3102 sobrius,
816 3038 1037 3103 castus,
1079 3037 1313 3089 amator
1357 3033 1525 3106 pacis
1574 3038 1630 3090 et
1673 3033 2026 3104 dilectionis,

361 3123 527 3180 nullo
557 3123 824 3193 crimine,
867 3122 1035 3178 nulla
1083 3123 1344 3178 infamiae
1390 3127 1535 3179 nota
1573 3123 1868 3192 turbatus,
1905 3129 2029 3180 tan-

360 3213 622 3286 demque
654 3229 690 3269 a
733 3212 889 3268 clero
942 3217 997 3268 et
1040 3211 1268 3285 populo
1318 3229 1442 3269 suae
1489 3212 1736 3269 civitatis
1782 3213 2021 3270 electus.

359 3301 551 3372 Magni
579 3300 798 3357 etenim
828 3300 955 3369 viri,
982 3305 1048 3356 ut
1079 3300 1304 3373 optime
1335 3301 1513 3369 nosti,
1544 3301 1899 3356 Ambrosius
1925 3305 2026 3358 Me-

359 3389 746 3446 diolamensis
774 3395 831 3445 et
861 3392 1194 3446 Germanus
1226 3388 1780 3455 Antissiodorensis,
1805 3389 2023 3462 aliique

360 3476 652 3541 nonnulli,
675 3477 820 3548 quia
843 3475 989 3531 tales
1019 3477 1079 3530 in
1110 3476 1263 3531 laico
1293 3475 1504 3531 habitu
1535 3475 1902 3542 exstiterunt,
1931 3493 2024 3531 su-

358 3563 482 3619 bito
513 3563 686 3619 nobis
713 3564 902 3619 sancti
941 3564 1231 3636 praesules
1262 3564 1551 3620 exierunt.
1588 3567 1854 3620 Domnus
1879 3582 2022 3622 vero

358 3667 538 3724 papa,
567 3653 738 3724 cujus
781 3651 1369 3708 animadversionem
1413 3658 1466 3709 te
1507 3653 1760 3709 revereri
1799 3653 2023 3724 signiﬁ-

359 3741 528 3811 casti,
560 3759 683 3798 non
713 3746 801 3797 est
827 3741 993 3815 quod
1025 3740 1131 3798 tibi
1161 3741 1371 3798 merito
1401 3741 1617 3798 debeat
1648 3759 2017 3814 succensere,

358 3829 406 3884 si
452 3834 505 3886 te
545 3830 802 3900 graviter
844 3829 1124 3902 collapsae
1175 3834 1396 3886 sanctae
1441 3828 1716 3886 Remensi
1746 3831 2018 3887 Ecclesiae

356 3917 623 3991 aliquam
673 3935 846 3992 spem
889 3918 1337 3974 resurrectionis
1379 3919 1635 3975 audierit
1664 3919 2013 3992 providisse.

353 4007 491 4063 Vale
519 4008 580 4063 in
611 4012 968 4081 perpetuum
993 4023 1229 4062 memor
1249 4006 1368 4063 mei
1400 4023 1537 4063 vere
1566 4006 1762 4064 ﬁdelis
1795 4007 1898 4064 tui.
1932 4007 2015 4063 Illi

352 4110 595 4168 quoque
624 4096 884 4165 valeant,
915 4094 1020 4168 qui
1051 4099 1220 4152 tuam
1264 4095 1622 4153 memoriam
1669 4095 1817 4152 mihi
1855 4112 2015 4152 com-

354 4181 807 4240 mandaverunt.

679 4311 1014 4366 EPISTOLA
1055 4311 1208 4365 LXIII
1249 4311 1410 4380 [olim
1444 4313 1677 4382 LXXIX].

851 4399 1042 4469 (Circa
1069 4414 1301 4456 annum
1338 4401 1520 4472 1021.)

352 4495 675 4554 FULBERTUS
701 4497 1513 4625 episcoporumlhumittimus
1536 4501 1874 4555 HILDEGARIO
1903 4515 2009 4556 suo

1043 4585 1109 4625 sa
1143 4586 1178 4624 α
1208 4584 1318 4625 em.

1043 4584 1318 4626 saturem.

421 4657 709 4714 Absentia
729 4661 831 4714 tua
861 4673 1019 4732 saepe
1047 4661 1483 4715 commemorat
1511 4674 1697 4732 quam
1727 4675 2006 4716 necessa-

349 4746 472 4804 rius
492 4764 625 4805 eras
646 4763 930 4822 praesens.
957 4747 1070 4804 Sed
1093 4749 1208 4804 hoc
1229 4764 1325 4804 me
1344 4748 1621 4805 consolor
1643 4748 1810 4822 quod
1831 4749 2006 4806 obse-

347 4838 492 4910 quia
523 4838 625 4894 tibi
653 4837 1072 4910 delegaverim,
1105 4838 1209 4911 qui
1257 4837 1336 4894 sis
1371 4838 1591 4910 dignus
1637 4838 1918 4912 recipere,
1950 4845 2007 4896 et

347 4929 668 4998 utrumque
696 4942 1077 4983 remunerare
1107 4931 1372 4999 paratus.
1410 4931 1594 5000 Spero
1623 4927 1784 4983 enim
1809 4933 1873 4984 ut
1899 4929 2007 4984 mi-

346 5011 408 5067 hi
436 5030 678 5087 quoque
707 5017 781 5072 de
824 5017 936 5073 tuis
977 5016 1383 5082 benemeritis,
1416 5017 1465 5072 si
1494 5032 1619 5089 qua
1668 5019 1784 5073 Deo
1822 5018 2003 5074 dante

347 5097 582 5170 fuerint,
615 5103 819 5176 aliqua
849 5111 1044 5162 tecum
1078 5104 1370 5162 mercedis
1399 5105 1782 5176 portiuncula
1808 5107 1998 5163 cedat.

349 5187 695 5258 Opitulabor
722 5193 919 5265 itaque
963 5196 1042 5251 ad
1072 5195 1225 5250 bene
1257 5195 1726 5266 promerendum
1771 5212 1843 5252 ex
1873 5196 2000 5252 ani-

347 5292 467 5332 mo.
491 5279 604 5333 Sed
623 5280 893 5337 veniendi
920 5284 998 5338 ad
1013 5300 1122 5340 vos
1141 5284 1303 5339 diem
1323 5288 1579 5340 statuere
1606 5284 1833 5352 dubito,
1858 5286 2002 5358 quia

345 5371 402 5421 et
427 5366 510 5422 ibi
540 5367 817 5424 victualia
845 5371 991 5426 mihi
1019 5378 1165 5444 puto
1196 5373 1422 5440 deesse,
1442 5375 1572 5429 etin
1604 5391 1740 5431 mea
1759 5374 2001 5430 dioecesi

344 5454 548 5511 multis
573 5473 853 5530 occupor.
878 5461 989 5515 Fac
1015 5465 1079 5515 tu
1107 5461 1342 5517 interim
1373 5462 1539 5534 quod
1560 5467 1613 5517 te
1641 5462 1832 5518 facere
1855 5467 1998 5536 opto

340 5549 397 5602 et
425 5546 643 5604 credo:
675 5546 932 5617 lectioni,
963 5550 1236 5617 orationi,
1280 5556 1336 5606 et
1383 5551 1698 5608 eruditioni
1745 5551 1996 5608 fratrum

2144 1633 2248 1689 ubi
2279 1633 2530 1690 dicitur:
2563 1636 2832 1707 Domine,
2855 1635 3082 1691 exaudi
3100 1637 3427 1690 orationem
3456 1648 3669 1704 meam,
3687 1637 3812 1688 sta-

2144 1722 2249 1778 tim
2279 1728 2434 1778 esset
2463 1722 2781 1778 subdenda
2823 1723 3034 1790 oratio,
3067 1739 3202 1795 quae
3255 1738 3328 1777 ex
3381 1721 3532 1777 libro
3582 1725 3812 1778 Sacra-

2141 1813 2433 1868 mentario
2462 1811 2760 1868 recitatur.
2793 1815 2994 1868 Patere
3016 1816 3219 1868 tamen
3246 1810 3568 1867 Ecclesiam
3594 1809 3816 1866 retine-

2140 1917 2203 1958 re
2235 1918 2413 1957 suum
2445 1918 2621 1958 usum
2649 1901 2728 1957 ad
2757 1917 3042 1975 praesens.
3071 1905 3148 1957 De
3180 1900 3613 1972 signiﬁcatione
3643 1899 3816 1956 cleri-

2141 1990 2284 2046 calis
2330 1995 2577 2046 ornatus
2617 1989 2987 2046 Amalericus
3034 1989 3118 2046 sic
3151 1989 3446 2046 breviter:
3498 1988 3811 2046 Desidera-

2139 2097 2276 2136 mus
2301 2079 2690 2152 recapitulare
2709 2095 2953 2136 omnem
2981 2084 3282 2136 armatum
3308 2078 3680 2135 clericorum.
3703 2079 3814 2134 Ca-

2140 2173 2248 2242 put
2275 2168 2470 2224 clerici
2499 2169 2559 2224 in
2601 2168 2907 2241 superiore
2946 2173 3113 2241 parte
3139 2168 3608 2241 discoopertum.
3644 2171 3809 2223 Mens

2138 2262 2244 2327 est,
2282 2257 2384 2314 ubi
2416 2263 2505 2313 est
2551 2259 2652 2314 Dei
2684 2259 2905 2329 imago.
2970 2257 3247 2314 Inferiore
3278 2261 3445 2330 parte
3474 2256 3810 2313 circumda-

2138 2351 2264 2402 tum
2298 2347 2552 2415 capillis,
2581 2347 2756 2420 quasi
2782 2346 3088 2420 aliquibus
3133 2345 3206 2402 de
3238 2345 3522 2419 praesenti
3548 2345 3808 2402 necessi-

2136 2438 2272 2492 tate.
2309 2435 2575 2492 Amictus
2607 2442 2697 2492 est
2723 2435 3033 2505 castigatio
3054 2435 3238 2491 vocis.
3267 2434 3419 2491 Alba
3450 2439 3806 2491 caeterorum

2134 2523 2481 2581 inferiorum
2516 2541 2824 2593 sensuum,
2852 2525 3210 2599 praesidente
3239 2524 3530 2596 magistra
3551 2524 3803 2592 ratione,

2133 2617 2191 2669 et
2218 2613 2464 2670 interius
2506 2630 2613 2687 per
2656 2613 3040 2686 disciplinam
3087 2612 3462 2670 continentiae
3509 2613 3804 2669 constrin-

2134 2707 2326 2772 gente,
2373 2703 2546 2776 quasi
2579 2703 2852 2776 quodam
2881 2702 3144 2774 cingulo,
3177 2701 3550 2776 voluptatem
3581 2702 3802 2759 carnis.

2131 2793 2570 2860 Calceamenta,
2603 2791 2926 2865 prohibitio
2948 2792 3174 2866 pedum
3201 2790 3280 2848 ad
3309 2791 3540 2848 malum
3563 2790 3807 2848 festina-

2069 2922 2109 2977 Ο
2138 2901 2219 2940 re.
2256 2882 2538 2940 Sandalia
2569 2887 2815 2939 ornatus
2847 2882 2924 2938 ad
2954 2882 3060 2938 iter
3091 2881 3524 2956 praedicatoris,
3552 2881 3656 2954 qui
3685 2898 3807 2938 coe-

2136 2973 2305 3030 lestia
2322 2989 2444 3028 non
2466 2972 2645 3028 debet
2669 2972 3040 3028 abscondere
3061 2988 3257 3044 neque
3285 2971 3528 3028 terrenis
3543 2971 3800 3028 inhiare.

2140 3062 2416 3122 Secunda
2441 3063 2664 3134 tunica,
2697 3078 2880 3134 opera
2919 3062 3136 3118 mentis
3164 3066 3321 3119 sunt.
3351 3061 3579 3131 Casula,
3607 3077 3805 3134 opera

2136 3151 2402 3225 corporis
2431 3151 2550 3224 pia.
2591 3150 2750 3208 Stola
2777 3150 2998 3222 jugum
3041 3150 3271 3222 Christi,
3299 3150 3466 3224 quod
3493 3154 3580 3206 est
3605 3153 3804 3207 Evan-

2135 3242 2377 3311 gelium.
2424 3240 2753 3296 Dalmatica
2799 3239 3058 3310 diaconi,
3090 3239 3152 3296 id
3200 3244 3290 3296 est
3336 3239 3612 3308 ministri,
3653 3257 3804 3296 cura

2132 3329 2546 3402 proximorum
2579 3333 2685 3384 est.
2718 3328 3036 3386 Sudarium
3067 3328 3181 3401 piae
3211 3331 3268 3385 et
3299 3329 3543 3384 munda:
3575 3329 3802 3401 cogita-

2134 3417 2342 3484 tiones,
2372 3416 2595 3490 quibus
2626 3417 2990 3486 detergimus
3021 3417 3327 3474 molestias
3375 3416 3562 3473 animi
3600 3434 3672 3473 ex
3701 3417 3800 3472 in-

2131 3503 2407 3560 ﬁrmitate
2429 3503 2715 3576 corporis.
2741 3504 2992 3560 Pallium
3019 3504 3529 3578 archiepiscopale
3552 3510 3799 3578 torques

2129 3592 2526 3649 devotissimae
2556 3593 3016 3666 praedicationis,
3038 3598 3094 3650 et
3122 3593 3183 3650 in
3206 3593 3391 3650 Veteri
3412 3597 3799 3650 Testamento

2129 3687 2186 3738 et
2214 3682 2274 3738 in
2301 3686 2482 3738 Novo.
2517 3685 2810 3740 Hactenus
2839 3683 3198 3740 Amalarius.
3232 3683 3386 3740 Mitto
3413 3683 3517 3741 tibi
3545 3684 3798 3756 Cypria-

2127 3787 2298 3842 num,
2326 3772 2743 3845 Porphyrium,
2777 3778 2833 3828 et
2861 3773 3017 3829 Vitas
3046 3776 3292 3838 Patrum
3313 3789 3452 3829 cum
3483 3773 3796 3847 psalterio,

2127 3865 2192 3918 ut
2213 3861 2427 3934 petisti.
2462 3865 2667 3918 Moneo
2701 3862 2881 3918 etiam
2913 3867 2975 3919 ut
3020 3879 3159 3919 cum
3192 3866 3489 3920 Donatum
3516 3870 3796 3920 constru-

2124 3952 2300 4021 xeris,
2333 3951 2478 4007 nihil
2507 3951 2841 4009 admisceas
2869 3952 3084 4025 ineptae
3115 3952 3383 4023 levitatis,
3411 3958 3476 4009 ut
3497 3955 3570 4009 sit
3601 3970 3798 4013 causa

2119 4041 2260 4113 joci,
2282 4041 2388 4096 sed
2413 4041 2620 4097 omnia
2645 4041 2817 4098 seria.
2849 4041 3270 4115 Spectaculum
3301 4042 3461 4098 enim
3483 4042 3679 4099 factus
3703 4060 3793 4112 es,

2123 4147 2287 4187 cave.
2322 4131 2460 4186 Vide
2488 4131 2661 4188 etiam
2696 4147 2770 4187 ne
2801 4137 2915 4187 ture
2945 4131 3185 4188 asseclae
3219 4131 3492 4188 medialis
3516 4132 3795 4190 nuditate

2120 4218 2412 4277 laborent.
2449 4220 2651 4277 Saluta
2693 4220 2840 4275 mihi
2891 4219 3102 4277 fratres
3143 4227 3379 4277 nostros
3418 4221 3478 4277 in
3507 4222 3792 4289 Domino,

2121 4313 2179 4364 et
2207 4312 2328 4365 tute
2357 4308 2508 4365 vale.
2543 4307 2895 4381 Presbytero
2936 4309 3312 4366 benedicenti
3333 4326 3401 4366 os
3431 4326 3555 4367 non
3581 4309 3797 4381 alliga-

2118 4398 2231 4467 bis,
2267 4399 2379 4454 nisi
2409 4415 2482 4454 ex
2510 4403 2810 4471 praecepto
2862 4399 3128 4474 episcopi
3169 4400 3300 4465 sui;
3357 4401 3524 4474 quod
3563 4400 3794 4458 oblitus

2119 4489 2352 4544 fueram
2379 4506 2390 4542 :
2427 4488 2778 4561 prohibetur
2808 4493 3010 4546 tamen
3040 4489 3363 4560 Agathensi
3394 4506 3644 4548 canone.

2457 4687 2793 4744 EPISTOLA
2834 4688 2988 4743 LXIV
3026 4688 3191 4759 [olim
3224 4690 3440 4759 LXXX]

2175 4811 2498 4867 FULBERTUS
2533 4811 2777 4867 humilis
2803 4813 3110 4882 episcopus
3139 4814 3336 4882 fratri
3359 4816 3723 4871 HILDEGARIO.

2186 4937 2264 4990 De
2312 4934 2664 4990 charissimo
2711 4934 2887 4991 nobis
2933 4935 3185 5009 principi
3218 4936 3530 4994 Guilielmo
3568 4954 3793 5013 perpe-

2114 5027 2277 5080 tuam
2309 5023 2645 5080 felicitatem
2676 5041 2814 5080 cum
2845 5025 3237 5094 orationibus,
3267 5043 3340 5083 ex
3359 5031 3528 5100 parte
3549 5033 3788 5099 nostra,

2111 5117 2168 5168 et
2199 5113 2374 5169 totius
2403 5112 2542 5169 cleri
2573 5129 2641 5169 ac
2678 5112 2886 5186 populi
2930 5113 3136 5186 nostri,
3167 5119 3413 5188 propter
3443 5115 3792 5190 eleemosy-

2110 5217 2253 5257 nam
2269 5218 2458 5274 quam
2475 5200 2636 5257 misit
2645 5201 2723 5257 ad
2738 5203 3238 5259 restaurationem
3249 5203 3513 5261 ecclesiae
3532 5209 3787 5264 nostra.

2107 5287 2331 5344 Deinde
2347 5304 2487 5344 vero
2503 5303 2612 5344 nos
2639 5289 2994 5360 praedicasse
3015 5290 3275 5362 publice,
3297 5291 3447 5348 sicut
3462 5292 3592 5365 ipse
3605 5310 3793 5351 man-

2107 5375 2291 5445 davit,
2343 5378 2618 5433 virtutem
2668 5379 2769 5433 Dei
2813 5393 2922 5450 per
2963 5379 3242 5436 meritum
3291 5381 3478 5437 sancti
3520 5383 3789 5440 Joannis

2107 5469 2414 5522 ostensam
2433 5467 2494 5521 in
2506 5465 2868 5523 districtione
2882 5468 3360 5540 Gausberti,cum
3375 5471 3787 5531 exsultatione

2105 5555 2164 5609 et
2179 5553 2401 5622 gaudio
2421 5553 2693 5612 omnium
2721 5553 2825 5627 qui
2845 5554 3181 5615 audierunt.
3210 5559 3502 5629 Monuisse
3521 5576 3785 5634 quoque
