3996 6176
202 123 304 175 233
853 187 856 191 ,
1737 112 1778 164 E

2037 111 2105 163 Ε·
3512 123 3615 176 234

189 241 608 298 Bituricensem
636 239 1116 312 archiepiscpum
1145 253 1253 311 per
1280 236 1610 310 quemdam
1637 251 1845 291 mona-
1874 237 1921 290 Α
1959 233 2156 304 arguit
2211 238 2422 290 sancta
2480 235 2783 308 Scriptura
2830 240 2887 292 et
2916 236 3186 304 damnat,
3221 238 3488 312 nihilque
3543 243 3617 299 de

187 333 366 388 chum
394 347 595 395 suum,
625 336 686 383 .it
715 345 842 384 sese
873 345 1088 400 pacare
1107 344 1228 382 non
1258 326 1524 398 negligat
1554 342 1688 381 cum
1716 324 1847 398 ipso
1958 323 2304 396 paenitentia
2356 325 2487 396 ejus
2516 325 2609 380 vel
2647 325 2707 381 in
2765 343 2904 381 eum
2951 327 3332 399 indulgentiae
3387 331 3619 388 Domini

186 422 438 477 domino
484 419 795 476 Guillelino
820 424 876 474 et
935 417 1236 490 episcopis
1289 417 1437 487 ejus,
1489 416 1848 489 priusquam
1957 412 2205 468 omnino
2249 419 2704 470 commemorat.
2737 418 2852 470 Nec
2891 431 3137 486 prorsus
3167 418 3422 474 occurrit
3451 420 3619 492 quod

187 510 298 566 sibi
329 509 545 564 exinde
577 507 932 564 scandalum
963 507 1207 562 oriatur.
1255 505 1380 561 Tibi
1409 505 1588 560 etiam
1618 503 1849 559 misisse
1959 501 2170 558 saltem
2199 502 2260 557 in
2289 502 2574 574 allegoria
2604 503 2759 559 bene
2805 504 3115 574 signiﬁcet,
3145 505 3273 563 haec
3299 514 3386 564 est
3416 510 3618 567 flenda

184 598 297 654 sibi
330 597 724 670 exponendas
761 596 1085 652 sententias
1112 594 1400 661 Bacharii,
1433 593 1624 660 Bedaa,
1652 597 1709 648 et
1736 594 1850 647 Ba-
1958 589 2312 647 submersio.
2342 614 2370 642 ››

182 687 352 754 bani,
374 687 453 743 de
483 687 601 743 ﬁde
633 685 1156 754 Salomonis,unde
1188 684 1406 740 fecerat
1429 683 1847 756 quaestionem.
2277 681 2609 738 EPISTOLA
2650 684 2798 738 LXVI
2833 683 2994 754 [olim
3037 685 3294 756 LXXXII].

185 777 302 834 Sed
333 782 390 832 et
421 777 495 832 de
528 776 854 849 praabenda
900 792 1037 848 quae
1067 778 1260 845 vacat,
1308 773 1460 830 sicut
1496 777 1553 829 et
1572 772 1646 827 de
1685 770 1850 827 omni
2504 770 2690 841 (Circa
2721 787 2818 827 an.
2854 771 3079 842 eumd.)

182 867 371 936 bono,
393 865 682 922 voluntati
713 865 844 937 ejus
873 881 969 920 me
990 864 1259 938 praebere
1289 878 1676 920 consensum,
1707 864 1853 916 Prag-
2058 857 2376 913 FULBERTUS
2409 857 2649 914 humilis
2681 861 2986 930 episcopus
3015 862 3078 915 Η.
3110 877 3215 916 suo
3241 864 3514 921 salutem.

183 963 346 1012 terea
377 956 532 1011 scias
561 971 678 1010 me.
727 959 968 1027 propter
999 960 1051 1009 te
1082 952 1371 1024 magistro
1401 955 1456 1009 S.
1488 955 1730 1008 veniam
1760 951 1850 1006 in-
2027 943 2138 999 Diu
2160 945 2413 1001 sustinui
2435 951 2680 1019 sperant
2707 952 2760 1004 te
2776 965 2904 1004 esse
2928 953 3342 1018 venturum,ut
3355 952 3612 1010 dixeras.

181 1044 465 1102 dulsisse.
495 1048 786 1102 Craterum
815 1043 1118 1114 Trigrinus
1163 1042 1590 1108 submonebat,
1623 1046 1689 1096 ut
1715 1039 1850 1095 mit-
1959 1032 2123 1088 Unde
2150 1033 2281 1104 jam
2310 1034 2496 1091 nimia
2534 1035 2815 1092 dilatione
2845 1042 3184 1093 commotus
3227 1055 3415 1110 arguo
3449 1041 3614 1114 apud

182 1141 372 1190 terem
403 1133 577 1188 vobis
607 1133 872 1206 aliquem
903 1137 1353 1204 procuratorem
1375 1131 1454 1187 ad
1485 1128 1852 1199 colligendas
1957 1126 2011 1178 te
2042 1122 2259 1178 solum.
2313 1125 2427 1180 Cur
2467 1123 2628 1180 enim
2657 1128 2712 1180 te
2761 1127 3120 1182 mendacem
3149 1128 3298 1183 mihi
3339 1134 3396 1184 et
3423 1129 3620 1200 ingra-

179 1225 430 1294 fruges;
464 1222 570 1278 sed
600 1237 713 1292 ego
748 1227 938 1278 totum
984 1221 1097 1277 hoc
1130 1237 1286 1277 curae
1318 1225 1433 1276 tua;
1460 1219 1764 1284 commito,
1799 1224 1852 1273 te
1957 1216 2086 1267 tum
2117 1212 2457 1283 exhibuisti,
2491 1229 2630 1268 cum
2661 1213 2764 1270 tibi
2807 1213 2981 1270 dulce
3014 1231 3144 1272 esse
3177 1216 3486 1273 debuisset
3515 1235 3619 1290 pa-

181 1312 520 1369 exercitans
576 1311 746 1367 illum
793 1310 1080 1384 probans.
1116 1310 1466 1381 Adjutorem
1509 1308 1851 1364 scholarum
1956 1306 2123 1357 ratos
2156 1302 2203 1357 si
2233 1301 2336 1375 qui
2367 1301 2560 1358 forent
2609 1303 2684 1359 de
2712 1304 3028 1360 venatione
3063 1310 3161 1361 tua
3187 1305 3354 1361 cibos
3381 1312 3434 1362 te
3465 1309 3621 1379 patri

180 1401 326 1458 nolo
353 1401 460 1457 tibi
492 1402 742 1470 mittere,
773 1399 881 1472 qui
908 1398 1182 1455 nondum
1214 1404 1523 1455 assecutus
1553 1398 1627 1454 Sit
1656 1401 1852 1454 matu-
1955 1390 2189 1459 inferre,
2222 1397 2286 1447 ut
2301 1391 2567 1464 aliquam
2587 1391 3068 1450 benedictionem
3109 1396 3419 1451 merereris
3465 1397 3620 1452 acci-

179 1493 423 1548 ritatem
454 1490 643 1547 aetatis
675 1495 732 1545 et
761 1490 1110 1559 gravitatem
1139 1505 1398 1545 morum.
1426 1490 1592 1544 Utere
1619 1486 1851 1542 interim
1957 1495 2116 1552 pere.
2148 1479 2273 1536 Noli
2309 1481 2440 1550 jam
2469 1481 2693 1537 morari
2740 1481 2984 1550 diutius,
3019 1483 3068 1538 si
3115 1484 3376 1554 gaudere
3422 1486 3514 1541 vis
3545 1486 3620 1542 de

179 1580 470 1638 clientelae
524 1585 638 1636 tuae
690 1578 1120 1652 qualicumque
1165 1577 1455 1648 subsidio,
1487 1577 1680 1633 donec
1713 1592 1850 1632 cau-
1890 1591 1930 1646 Β
1957 1568 2172 1624 humili
2225 1569 2416 1640 gratia
2470 1574 2694 1626 nostra.
2750 1570 2887 1627 Vale
2941 1576 2998 1627 et
3026 1572 3179 1640 veni,
3235 1579 3339 1630 aut
3362 1575 3619 1631 rescribe

181 1687 318 1726 sam
345 1668 659 1726 communi
689 1667 938 1724 consilio
963 1671 1412 1739 pertractemus.
1441 1665 1600 1722 Vale.
1959 1657 2107 1714 mihi
2135 1658 2285 1731 quid
2309 1674 2420 1732 pro
2448 1664 2609 1716 certo
2640 1675 2878 1732 sperare
2909 1659 3164 1718 debeam
3187 1662 3262 1719 de
3294 1667 3366 1719 te.

522 1759 857 1816 EPISTOLA
895 1759 1024 1812 LXV
1064 1757 1246 1827 [olim.
1291 1756 1522 1827 LXXXI].
2255 1749 2590 1805 EPISTOLA
2630 1749 2806 1805 LXVII
2848 1750 3010 1819 [olim
3050 1751 3332 1823 LXXXIII].

735 1846 925 1918 (Circa
952 1863 1052 1903 an.
1086 1845 1317 1916 eumd.)
2502 1836 2693 1908 (Circa
2724 1853 2822 1893 an.
2854 1838 3081 1910 eumd.)

263 1941 416 1995 Cum
445 1936 627 1993 audio
658 1941 712 1992 te
735 1935 926 1992 facere
943 1935 1107 2008 quod
1135 1934 1341 2003 debes,
1379 1933 1548 1988 laetor
1573 1931 1852 2005 quamvis
1964 1929 2281 1983 FULBERTUS
2340 1926 2797 1984 Carnotensium
2871 1927 3115 1984 humilis
3169 1930 3496 2000 episcopus,
3551 1935 3616 1988 Β.

183 2026 483 2098 trepidem
539 2026 615 2081 de
673 2025 905 2080 futuris.
966 2024 1130 2080 Unde
1175 2038 1479 2079 summam
1521 2021 1854 2078 bonitatem
2102 2021 2330 2072 sancta:
2357 2015 2641 2072 Ecclesia:
2674 2017 3128 2073 Aurelianensis
3159 2033 3475 2076 oeconomo.

180 2115 544 2187 deprecans,
578 2118 644 2168 ut
671 2118 723 2169 te
767 2112 1047 2182 dignetur
1091 2127 1315 2182 regere,
1371 2116 1423 2166 te
1454 2125 1698 2182 quoque
1730 2125 1855 2165 mo—
2034 2104 2206 2170 Quod
2230 2121 2327 2160 me
2356 2104 2613 2160 scribere
2643 2121 2856 2161 mones
2887 2105 3052 2162 utilia
3079 2107 3292 2163 clerico
3332 2109 3621 2182 quodque

182 2221 297 2260 neo
347 2209 416 2260 ut
464 2202 720 2259 habenis
768 2206 1210 2275 praeceptorum
1259 2201 1388 2271 ejus
1437 2199 1854 2271 obtemperare
1962 2193 2036 2250 de
2087 2194 2337 2250 scientia
2391 2194 2836 2267 magnipendis,
2890 2196 3035 2251 facis
3081 2197 3292 2265 amice,
3359 2198 3502 2254 facis
3559 2204 3625 2255 ut

180 2293 556 2350 memineris.
614 2297 830 2348 Iterum
879 2292 1015 2347 dico
1062 2291 1212 2347 vale.
1248 2289 1515 2346 Bacharii
1569 2288 1853 2344 insertam
1964 2291 2308 2348 Christianae
2379 2291 2773 2364 philosophiae
2833 2293 3041 2361 cultor,
3112 2294 3350 2351 invidia:
3407 2313 3618 2369 purus.

179 2384 450 2440 invenies
500 2381 876 2438 sententiam.
913 2379 1084 2436 Bedes
1129 2384 1186 2435 et
1215 2379 1443 2435 Rabani
1475 2393 1739 2452 quorum
1765 2382 1852 2434 ta—
1964 2383 2086 2451 Ego
2113 2398 2275 2451 vero,
2307 2383 2414 2438 etsi
2443 2382 2692 2452 ignarus
2719 2382 2835 2438 mei
2862 2384 3114 2453 moduli,
3149 2401 3272 2441 non
3316 2402 3622 2458 praesumo

182 2489 320 2528 men
382 2471 568 2527 trium
593 2471 915 2526 sententias
953 2469 1050 2524 hic
1081 2483 1324 2541 quoque
1374 2467 1702 2524 subnotare
1731 2481 1854 2522 non
1963 2470 2238 2541 grandia,
2299 2475 2500 2527 tamen
2547 2487 2783 2527 memor
2838 2472 2894 2528 in
2928 2489 3050 2541 quo
3092 2489 3304 2545 parere
3349 2491 3621 2547 possum,

181 2560 397 2634 pignit.
459 2559 783 2615 Bacharius
809 2559 921 2614 ait:
988 2581 1015 2605 «
1052 2556 1336 2613 Salomon
1389 2555 1484 2611 ille
1537 2554 1852 2622 mirabiliS,
1963 2560 2358 2616 exhortationi
2409 2565 2628 2617 sanctae
2659 2561 2865 2617 deesse
2913 2577 3033 2617 non
3065 2562 3222 2618 volo.
3259 2564 3477 2635 Scripsi
3514 2565 3622 2620 ita-

182 2649 283 2722 qui
311 2647 540 2704 meruit
579 2647 764 2703 astrui
814 2645 1088 2714 Domino,
1133 2644 1439 2718 sapientiae
1471 2643 1760 2718 copulari,
1792 2643 1856 2699 in
1963 2665 2082 2722 que
2135 2649 2288 2705 sicut
2315 2650 2619 2718 monuisti,
2648 2650 2796 2723 quid
2824 2651 2971 2706 mihi
3015 2651 3291 2708 videatur
3319 2653 3624 2722 agendum

183 2737 668 2807 alienigenarum
709 2734 1032 2790 mulierum
1061 2733 1306 2789 incurrit
1337 2732 1676 2805 ampleXUS,
1709 2735 1767 2788 et
1793 2730 1854 2786 in
1964 2738 2038 2795 de
2070 2738 2424 2812 presbytero
2456 2738 2556 2794 illo
2576 2739 2682 2811 qui
2707 2738 2892 2796 missa
2906 2739 3206 2797 celebrare
3231 2747 3288 2796 et
3316 2758 3440 2797 non
3466 2759 3628 2798 com-

182 2826 427 2883 vinculo
455 2824 722 2881 libidinis
763 2824 1078 2897 laqueatus
1108 2823 1289 2878 etiam
1335 2821 1625 2891 sacrilegii
1658 2835 1856 2876 errore
1965 2827 2307 2883 municasse
2338 2832 2681 2900 compertus
2711 2832 2817 2895 est,
2869 2827 2930 2883 in
2957 2829 3117 2884 hunc
3146 2829 3422 2886 modum.
3455 2831 3628 2887 Vide-

185 2933 242 2971 se
560 2913 809 3004 quando
835 2912 1250 3004 simulacrum-
1281 2910 1538 2967 ChamOS
1573 2908 1856 3004 Μεξᾶβὶιᾶ-
1889 2948 1929 3004 C
1966 2923 2060 2975 tur
2111 2934 2377 2991 namque
2433 2918 2746 2988 diligenter
2821 2919 3182 2991 inquirenda
3226 2938 3358 2978 esse
3423 2939 3627 2990 causa,

183 3021 312 3060 rum
374 3002 526 3059 idoli
601 3001 930 3058 fabricavit.
981 2999 1096 3056 Sed
1149 2999 1294 3072 quia
1333 3014 1466 3072 peP.-
1497 2997 1858 3070 Prophetam
1895 2997 1928 3004 ⁷
1966 3024 2090 3080 qua
2140 3012 2588 3064 sacrosanctam
2633 3009 3125 3066 communionem
3188 3011 3628 3081 subterfugerit,

187 3095 433 3167 culpam
488 3091 706 3148 erroris
777 3089 1041 3161 agnovit.
1101 3088 1380 3162 nunquid
1432 3085 1858 3144 misericordiae
1966 3095 2240 3152 videlicet
2299 3100 2499 3152 utrum
2558 3096 2838 3152 haeretica
2879 3097 3200 3155 inﬁdelitas
3228 3101 3324 3172 sit,
3351 3117 3429 3156 an
3457 3101 3634 3156 timor

186 3183 443 3240 ctelestis
472 3189 531 3238 et
577 3180 870 3238 extorris?
913 3184 986 3236 At
1030 3179 1280 3236 forsitan
1305 3179 1504 3236 dicas:
1549 3182 1860 3251 Nusquam
1967 3202 2041 3242 ex
2071 3183 2436 3241 conscientia
2481 3184 2659 3257 plane
2707 3185 2978 3241 mortalis
3002 3188 3286 3255 criminis,
3333 3205 3412 3244 an
3455 3189 3634 3245 timor

184 3290 323 3330 eum
353 3272 419 3328 in
440 3287 679 3328 canone
702 3269 838 3340 lego
885 3267 1259 3344 pwnituisse.
1285 3283 1481 3340 neque
1528 3266 1859 3323 misericor-
1967 3291 2041 3332 ex
2114 3273 2478 3330 conscientia
2524 3273 2881 3330 ebriositatis
2952 3280 3056 3330 aut
3137 3275 3420 3332 libidinis.
3489 3280 3632 3342 Quae

186 3361 350 3418 diam
395 3363 814 3417 consecutum-
860 3362 990 3415 Non
1019 3357 1284 3428 εωώίεο,
1337 3357 1536 3424 frater,
1576 3357 1651 3412 de
1675 3354 1862 3430 Ραθιιί·
1967 3363 2215 3438 quidem
2245 3362 2466 3419 ‘miseri
2513 3363 2855 3420 sacerdotes
2893 3364 3166 3420 mortalia
3213 3370 3463 3438 peccata
3501 3382 3634 3422 esse

186 3450 371 3506 tentia
422 3449 580 3520 ejus,
612 3463 750 3521 quae
777 3463 901 3503 non
945 3445 1293 3502 inscribitur
1321 3445 1580 3518 publicis
1602 3443 1762 3516 legib

2059 3459 2073 3510 t
2098 3453 2374 3510 nesciunt
2400 3456 2504 3510 aut
2532 3453 2682 3510 scire
2711 3453 3114 3522 dissimulant,
3150 3457 3526 3513 remordente
3553 3461 3637 3512 ta-

187 3542 250 3595 Et
274 3540 535 3596 fortasse
572 3537 710 3593 ideo
755 3535 1526 3610 aeceptabiliorjudicatur,
1558 3535 1704 3608 quia
1735 3547 1860 3591 non
1969 3559 2110 3599 men
2141 3541 2508 3598 conscientia
2527 3541 2692 3598 mala
2719 3560 2731 3610 ;
2759 3558 2838 3598 an
2861 3543 2935 3598 sit
2953 3543 3198 3600 taedium
3224 3561 3298 3601 ex
3322 3545 3510 3602 multa
3539 3562 3635 3602 ce-

189 3629 264 3685 δά
291 3629 517 3686 faciem
540 3627 772 3701 Popilii.
805 3625 911 3682 88d
959 3625 1021 3681 ill
1063 3629 1292 3681 secreto
1342 3623 1720 3681 οοῐιεοὶθῐιιίδθ
1747 3626 1862 3679 DO-
1968 3631 2297 3688 lebratione
2347 3630 2711 3699 missarum;
2763 3647 2843 3687 an
2891 3631 3070 3688 timor
3115 3633 3469 3690 indiscretus
3512 3651 3636 3707 quo

189 3719 354 3775 mino
385 3721 538 3775 teste
567 3716 863 3790 paenituit.
895 3715 1143 3772 Veniam
1169 3717 1373 3771 autem
1400 3730 1474 3770 ex
1511 3714 1625 3770 hoc
1652 3729 1862 3769 conse-
1969 3718 2385 3794 pusillanimes
2412 3718 2756 3775 afﬁciuntur
2785 3720 3086 3776 interdum
3115 3737 3226 3793 pro
3254 3722 3486 3778 levibus
3511 3723 3636 3779 cul-

189 3814 395 3865 cutum
424 3823 560 3864 esse
586 3806 993 3878 agnoscimus,
1039 3805 1185 3878 quia
1211 3820 1352 3860 cum
1397 3803 1629 3860 solutus
1660 3803 1866 3860 fuisset
1972 3810 2067 3882 pis
2095 3827 2109 3877 ;
2141 3825 2220 3866 an
2251 3808 2502 3864 morbus
2531 3808 3020 3865 rheumatizantis
3052 3813 3109 3865 et
3144 3812 3490 3866 nauseantis
3517 3816 3636 3867 sto-

195 3915 232 3954 a
260 3913 534 3970 corpore,
589 3895 893 3969 sepultum
920 3895 1091 3950 illum
1136 3894 1289 3950 inter
1337 3909 1551 3964 regum
1573 3891 1864 3949 Israelita-
1972 3898 2211 3965 machi;
2270 3914 2349 3953 an
2411 3897 2615 3970 passio
2669 3897 2865 3953 cerebi
2933 3903 3198 3954 mentem
3274 3899 3521 3955 laedens.
3580 3900 3637 3956 Si

191 4004 335 4043 rum
363 4001 615 4058 corpora
645 3985 947 4058 Scriptura
977 3986 1444 4039 commemorat:
1473 3981 1638 4055 quod
1665 3986 1865 4038 tamen
1976 4003 2119 4058 ergo
2167 3986 2486 4043 inﬁdelitas
2514 3987 2576 4042 in
2606 4002 2791 4042 causa
2829 3986 3070 4043 inventa
3111 3987 3308 4061 fuerit,
3338 3994 3442 4044 aut
3470 3989 3636 4060 aliud

193 4073 342 4129 alibi
387 4072 803 4146 peccatoribus
851 4071 1092 4141 regibus
1151 4071 1521 4142 abnegatum
1579 4086 1714 4125 esse
1765 4085 1866 4125 ρο·
1972 4078 2153 4152 plane
2185 4075 2433 4133 mortale
2464 4075 2712 4145 crimen,
2743 4074 3141 4148 deponendus
3168 4081 3256 4132 est
3285 4077 3642 4155 auctoritate

193 4164 570 4233 gnoscimus,
618 4161 723 4236 qui
759 4177 968 4234 usquae
1007 4161 1068 4216 in
1101 4160 1290 4216 ﬁnem
1321 4161 1452 4215 vita?
1494 4175 1619 4214 sua:
1648 4158 1708 4214 in
1734 4174 1868 4231 pI'O-
1976 4165 2268 4223 canonica
2340 4181 2528 4238 usque
2561 4165 2660 4239 .ad
2733 4164 3063 4236 legitimam
3127 4166 3633 4225 satisfactionem.

190 4253 366 4327 positi
389 4253 781 4355 perversitate
826 4255 1221 4360 manserunt;
1271 4255 1328 4305 et
1376 4248 1514 4360 iiicp
1543 4247 1690 4360 quia
1714 4248 1867 4303 inter
1897 4307 1940 4360 Β
1981 4255 2039 4312 Si
2095 4258 2296 4360 au‘tem
2364 4254 2681 4360 appetitus
2758 4254 3112 4312 ebriositatis
3180 4261 3284 4313 aut
3350 4257 3635 4326 libidinis,

191 4360 359 4415 reges
405 4345 606 4415 justos
656 4341 874 4398 meruit
898 4340 1155 4415 sepeliri,
1206 4355 1330 4396 non
1390 4339 1498 4395 fuit
1552 4339 1782 4395 alienus
1831 4354 1868 4393 δι
1897 4339 1939 4360 ν
1979 4344 2229 4418 quando
2274 4343 2522 4416 quidem
2562 4349 2619 4400 et
2664 4344 2790 4418 ipse
2832 4346 3150 4402 mortifera:
3197 4352 3352 4414 sunt,
3399 4347 3476 4404 ab
3508 4348 3638 4404 ofﬁ—

194 4436 388 4491 venia.
426 4434 675 4490 Veniam
706 4438 906 4490 autem
953 4432 1150 4504 ipsam
1177 4431 1305 4487 sine
1354 4430 1704 4504 pmnitentia
1745 4444 1869 4484 non
1980 4434 2072 4490 cio
2116 4431 2520 4489 removendus
2563 4436 2669 4499 est,
2711 4438 2767 4488 et
2811 4433 3016 4488 tendiu
3068 4433 3426 4492 abstinentia
3473 4436 3642 4491 casti-

193 4527 388 4592 potuit
441 4522 795 4596 promereri.
853 4546 881 4573 ››
915 4521 1073 4577 Beda
1101 4521 1165 4576 in
1203 4519 1502 4593 opusculo
1560 4535 1740 4592 super
1762 4517 1865 4573 lib.
1981 4522 2220 4594 gandus
2273 4527 2379 4590 est,
2439 4538 2782 4595 quousque,
2840 4521 3044 4578 relicto
3096 4524 3236 4580 vitio
3287 4529 3342 4580 et
3387 4540 3494 4596 per
3538 4524 3638 4578 Dei

195 4616 429 4685 Regum
489 4612 755 4685 capitulo
804 4627 1006 4678 χχχιχ,
1060 4608 1390 4683 praemissis
1441 4609 1673 4682 paucis,
1750 4607 1864 4664 ait:
1982 4613 2237 4683 gratiam
2286 4617 2586 4685 superato,
2635 4611 2905 4668 revocari
2934 4613 3210 4669 videatur
3250 4613 3525 4668 idoneus.
3570 4616 3641 4667 At

196 4727 225 4752 α
257 4703 368 4759 Ubi
424 4702 544 4758 hoc
603 4715 846 4774 quoque
903 4700 966 4756 ni
1023 4699 1216 4769 fallor,
1272 4699 1479 4772 palam
1520 4698 1868 4766 ostenditur,
1983 4701 2032 4758 si
2077 4719 2149 4758 ex
2198 4701 2492 4774 frequenti
2542 4700 2866 4757 missarum
2919 4701 3315 4758 celebratione
3372 4701 3637 4768 ttedium,

191 4792 363 4865 quod
393 4791 632 4848 utinam
665 4806 786 4846 non
816 4788 1230 4846 ostenderetur
1260 4789 1272 4845 Ξ
1305 4788 1452 4862 quia
1477 4787 1747 4844 videlicet
1768 4790 1871 4844 Sa-
1980 4789 2063 4846 ita
2092 4789 2528 4864 corripiendus,
2563 4794 2620 4846 et
2673 4806 2780 4862 per
2809 4805 3039 4845 annum
3068 4789 3366 4860 integrum
3397 4805 3433 4844 a
3473 4804 3639 4844 com-

191 4881 409 4938 lomon
455 4881 532 4936 de
578 4879 908 4936 commisso
933 4878 1284 4936 idololatrias
1311 4878 1530 4935 scelere
1555 4893 1873 4950 nunquam
1980 4879 2268 4936 munione
2294 4878 2633 4951 pellendus,
2683 4879 2835 4935 sicut
2860 4879 3147 4951 scriptum
3193 4883 3280 4933 est
3304 4877 3362 4933 in
3390 4877 3640 4933 concilio

193 4971 460 5045 perfecte
518 4969 814 5043 paenituit.
884 4973 1032 5026 Nam
1109 4969 1158 5024 si
1211 4969 1437 5025 fructus
1510 4966 1873 5040 paenitentiae
1981 4969 2261 5026 Toletano
2290 4985 2411 5036 xm,
2446 4967 2708 5041 capitulo
2818 4969 2874 5026 Si
2900 4984 3040 5024 vero
3069 4967 3422 5023 indiscretus
3465 4967 3642 5024 timor

193 5061 421 5131 dignos
450 5060 694 5129 faceret,
726 5063 1024 5129 satageret
1052 5062 1189 5115 ante
1221 5057 1428 5114 omnia
1458 5061 1524 5112 ut
1547 5055 1708 5112 idola
1735 5072 1873 5128 quae
1983 5058 2058 5115 de
2087 5059 2200 5114 levi
2249 5058 2450 5132 culpa,
2484 5058 2870 5128 castigandus
2905 5074 3032 5113 esse
3078 5056 3314 5112 videtur
3350 5075 3490 5113 cum
3515 5057 3638 5130 pie-

193 5150 607 5206 zediﬁcaverat
630 5149 704 5205 de
755 5149 988 5205 civitate
1034 5152 1242 5204 sancta
1275 5146 1636 5215 tollerentur,
1667 5155 1724 5201 et
1750 5161 1872 5202 non
1985 5152 2123 5217 tate,
2157 5146 2309 5202 sicut
2337 5146 2552 5217 legitur
2580 5146 2642 5200 in
2669 5145 3051 5218 Capitulario,
3083 5145 3183 5201 lib.
3217 5163 3254 5213 ι,
3293 5146 3556 5218 capitulo
3585 5151 3638 5204 6.

189 5240 255 5295 in
283 5238 647 5296 scandalum
687 5238 1005 5294 stultorum
1035 5253 1172 5310 quas
1203 5237 1332 5309 ipse
1365 5252 1505 5291 cum
1535 5233 1748 5290 fuisset
1775 5250 1871 5290 sa-
1983 5241 2055 5293 At
2082 5236 2130 5291 si
2159 5240 2493 5308 praenotata
2521 5235 2728 5307 passio
2761 5234 3071 5303 stomachi,
3095 5235 3188 5290 vel
3218 5235 3443 5292 cerebri
3471 5236 3644 5292 fuerit

194 5329 371 5400 piens
393 5343 645 5384 erronee
667 5326 885 5383 fecerat
910 5328 1085 5398 quasi
1117 5325 1419 5398 sapienter
1441 5341 1510 5380 ac
1533 5327 1688 5380 recte
1718 5322 1876 5380 facta
1982 5325 2045 5381 in
2074 5341 2278 5390 causa,
2334 5323 2641 5396 quiescere
2671 5324 2850 5380 debet
2873 5340 2908 5379 a
2934 5324 3286 5390 ministerio,
3334 5326 3527 5382 donec
3548 5343 3639 5382 re-

193 5416 582 5490 relinqueret.
620 5439 648 5466 ››
690 5416 975 5472 Rabanus
1025 5415 1110 5470 sic
1135 5414 1248 5470 sub
1279 5429 1538 5486 persona
1577 5412 1784 5468 Isidori
1811 5412 1874 5468 in
1983 5418 2228 5487 cuperet
2269 5413 2634 5485 sospitatem.
2682 5414 2736 5470 Si
2786 5418 2985 5470 autem
3038 5421 3250 5487 praeter
3298 5417 3640 5488 supradicta

192 5508 577 5579 expositione
629 5507 901 5579 ejusdem
954 5505 1128 5561 libri:
1178 5527 1206 5553 «
1238 5507 1368 5560 Jam
1415 5519 1596 5576 porro
1644 5503 1719 5558 de
1744 5502 1874 5557 aliis
1984 5502 2148 5560 aliud
2176 5501 2403 5575 aliquid
2425 5501 2485 5556 in
2513 5517 2696 5558 causa
2724 5501 3030 5558 inventum
3053 5503 3242 5569 fuerit,
3267 5520 3338 5559 ex
3367 5504 3634 5576 ipsorum

193 5597 490 5671 operibus
519 5595 861 5654 Salomonis
880 5594 1027 5668 quid
1057 5594 1467 5667 dicam,quem
1494 5592 1876 5649 vehementer
1984 5589 2434 5664 comparatione
2479 5605 2584 5663 per
2612 5589 3125 5649 ratiocinationem
3166 5591 3334 5648 facile
3363 5589 3638 5647 tractabi-

788 5688 1036 5742 Puaor.
1077 5683 1247 5741 CXLI.
3109 5685 3140 5735 8
