4018 6176
396 130 500 184 235

396 254 511 307 tur.
554 249 654 307 Hic
707 247 965 307 breviter
1019 247 1341 319 assignatis
1399 248 1667 306 salvento
1696 248 1760 305 in
1802 244 2055 304 Domino
2088 243 2134 297 Α

391 342 534 397 Jesu
562 339 811 408 Christo,
859 338 952 395 vir
985 338 1230 413 optime,
1260 338 1366 414 qui
1412 356 1510 397 me
1538 338 1886 414 multosque
1908 336 2056 394 alios

383 428 607 501 jugiter
657 433 713 486 et
752 428 1106 500 interrogas,
1165 432 1223 486 et
1267 429 1417 487 dum
1463 428 1789 504 prudenter
1806 428 2055 486 interro-

389 535 519 590 gas,
549 518 707 577 bene
739 518 940 577 doces.
963 517 1125 576 Vale.

668 630 1007 686 EPISTOLA
1032 627 1237 685 LXVIII
1282 628 1449 701 [olim
1480 628 1763 702 LXXXIV].

722 712 727 717 ’
901 717 1093 788 (Circa
1119 733 1265 776 ann.
1294 717 1525 791 eumd.)

385 807 824 880 Benignissimo
866 812 1047 879 atque
1084 806 1468 864 dilectissimo
1516 806 1753 862 domino
1793 818 1899 860 suo
1936 806 2050 860 Ro-

450 912 647 965 nsnro,
672 898 989 954 FULBERTUS
1005 896 1116 953 Dei
1132 896 1337 967 gratia
1360 893 1832 953 Carnotensium
1854 908 2046 950 sacer-

454 986 580 1042 dos.

452 1092 699 1163 Cognita
713 1091 974 1163 benigna
985 1090 1288 1148 voluntate
1305 1094 1501 1148 vestra
1517 1088 1889 1163 consilioque
1904 1104 2046 1162 pru-

384 1182 600 1239 dentiae
628 1186 839 1239 vestrae
867 1184 1199 1254 comperto,
1232 1180 1375 1253 quia
1402 1195 1621 1241 sanum
1650 1184 1757 1248 est,
1786 1183 1851 1237 ut
1872 1178 2042 1247 solet,

346 1261 668 1326 -voluntati
691 1268 1013 1342 obsequor,
1068 1267 1318 1325 consilio
1362 1267 1706 1341 acquiesco,
1735 1271 1793 1324 et
1817 1266 1927 1324 iter
1956 1266 2045 1323 in-

378 1358 647 1416 stitutum
695 1358 811 1429 (37)
863 1358 943 1415 ad
981 1372 1250 1431 praesens
1280 1356 1584 1428 omittens,
1630 1357 1692 1417 in
1742 1361 2045 1430 tempusa

380 1445 549 1503 vobis
578 1444 967 1502 constitutum
1016 1445 1229 1503 differo
1255 1446 1692 1519 peragendum,
1734 1444 1783 1502 si
1812 1444 2045 1502 anuerit

380 1538 554 1593 Deus.
587 1535 644 1594 Si
669 1552 812 1607 ergo
842 1535 918 1592 de
936 1536 1192 1607 justitia,
1246 1536 1321 1591 de
1350 1551 1522 1609 pace,
1556 1534 1632 1592 de
1665 1539 1825 1593 statu
1848 1533 2037 1605 regni,

1399 127 1454 181 S.
1500 126 1834 181 FULBERTI
1875 118 2351 179 CARTONENSIS
2392 119 2701 176 EPISCOPI

2546 246 2880 301 EPISTOLA
2920 245 3067 299 LXXI
3108 242 3268 313 ]olim
3312 243 3443 316 cn].

2789 339 2983 402 (Anno
3019 332 3194 399 1021).

2164 437 2514 497 ΰιανίεεὶηιο
2539 441 2682 497 duci
2697 441 3141 513 Aquitanorum
3161 440 3479 496 GiriLLsLuo
3503 443 3834 499 FULBERTL’S

2516 530 2845 600 episcopus,
2877 530 3027 584 utile
3046 534 3098 584 et
3130 528 3460 584 honestum.

2231 635 2585 707 Gauderem,
2617 634 3000 693 dilectissime
3044 633 3344 708 princeps,
3386 633 3463 689 ad
3497 633 3836 691 dedicatio-

2157 741 2298 782 nem
2336 730 2595 783 vestram
2643 726 2890 783 devotus
2921 741 3221 792 occurere,
3263 724 3376 779 nisi
3418 741 3515 780 me
3549 724 3834 781 Ecclesiae

2155 820 2374 872 nostrae
2404 815 2570 872 nullo
2618 815 2802 872 modo
2831 814 3189 886 negligenda
3219 814 3546 871 necessitas
3591 814 3834 871 detine-

2154 909 2259 962 ret.
2296 905 2493 962 Gratia
2524 921 2788 980 namque
2832 905 2930 961 Dei
2962 922 3098 961 cum
3130 903 3427 975 adjutorio
3459 908 3659 961 vestro
3690 921 3835 978 cry-

2154 998 2290 1068 ptas
2320 1000 2556 1052 nostras
2602 994 3028 1069 pervolvimus,
3057 1010 3279 1066 easque
3307 992 3663 1066 priusquam
3706 994 3838 1050 hic-

2154 1082 2329 1139 malis
2355 1083 2739 1140 inclementia
2758 1083 2939 1139 laedat
2958 1083 3263 1155 cooperire
3296 1082 3645 1152 satagimus.
3677 1082 3833 1139 Volo

2154 1177 2357 1229 autem
2385 1189 2492 1229 vos
2521 1172 2693 1243 scire,
2746 1172 2913 1246 quod
2937 1171 3164 1242 litterae,
3212 1188 3364 1244 quas
3414 1170 3647 1243 priores
3672 1171 3836 1245 epis-

2153 1277 2307 1333 copo
2337 1260 2577 1317 Azelino
2614 1261 2882 1329 misistis,
2913 1260 3037 1329 regi
3069 1260 3266 1315 relatae
3298 1264 3469 1317 sunt:
3497 1259 3606 1332 qui
3637 1260 3832 1316 etiam

2152 1349 2326 1409 valde
2385 1349 2767 1406 contristatus
2811 1353 2903 1405 est
2939 1349 3013 1405 de
3061 1366 3171 1405 sua
3210 1347 3451 1418 vilitate,
3497 1365 3690 1422 quam
3744 1350 3832 1406 ibi

2152 1437 2437 1511 scriptam
2467 1437 2712 1494 invenit.
2764 1437 3135 1511 Fecissetque
3164 1436 3551 1493 Bituricensis
3593 1437 3833 1513 episco-

2151 1543 2266 1600 pus
2290 1528 2463 1598 juxta
2509 1526 2825 1583 consilium
2870 1530 3165 1594 nostrum,
3215 1530 3278 1582 ut
3306 1526 3405 1599 ait,
3438 1526 3512 1582 de
3554 1528 3834 1585 Lemovi-

375 1625 449 1680 de
474 1626 704 1681 honore
735 1602 1012 1683 Ecclesiae,
1049 1602 1229 1683 vultis
1256 1602 1456 1696 agere,
1498 1602 1634 1682 ecce
1662 1624 1897 1682 habetis
1921 1602 2041 1681 .me
2079 1602 2117 1656 Β
2152 1615 2316 1672 censi
2364 1617 2664 1689 episcopo,
2706 1616 2820 1672 nisi
2870 1632 3009 1672 eum
3040 1614 3389 1687 regulariter
3425 1615 3523 1670 irae
3554 1615 3829 1673 formido

374 1731 632 1787 parvum
662 1714 976 1777 satellitem
1004 1730 1116 1789 pro
1166 1714 1396 1773 viribus
1427 1714 1708 1789 opitulari
1736 1717 2035 1789 paratum.

374 1805 531 1862 Vale.

710 1895 1046 1953 EPISTOLA
1084 1896 1235 1951 LXIX
1271 1894 1436 1966 [olim
1470 1894 1694 1967 xcvu].

997 1986 1191 2053 (Anno
1225 1984 1405 2055 1021).

369 2072 748 2132 Nobilissimo
795 2073 925 2143 regi
950 2071 1414 2129 Danomarchia’
1457 2072 1663 2139 Gauro,
1714 2072 2034 2127 FULnsarus

436 2160 548 2217 Dei
573 2161 776 2231 gratia
806 2160 1263 2218 Carnotensium
1293 2160 1600 2230 episcopus
1630 2175 1763 2217 cum
1782 2159 1904 2216 suis
1920 2160 2034 2217 cle-

439 2250 581 2307 ricis
607 2254 663 2305 et
691 2249 998 2308 monachis
1028 2250 1318 2309 orationis
1348 2248 1730 2321 suffragium.

440 2355 693 2424 Quando
734 2372 959 2415 munus
995 2361 1168 2415 tuum
1216 2356 1394 2414 nobis
1435 2354 1709 2413 oblatum
1746 2353 2029 2422 vidimus,

368 2450 755 2517 sagacitatem
794 2450 961 2504 tuam
990 2450 1049 2504 et
1087 2446 1441 2518 religionem
1488 2444 1709 2519 pariter
1752 2442 2032 2501 admirati

366 2552 614 2593 sumus:
667 2535 1055 2608 sagacitatem
1084 2534 1353 2610 quidem,
1405 2534 1574 2608 quod
1601 2535 1786 2594 homo
1808 2536 2030 2590 nostrae

361 2624 584 2696 linguae
606 2625 711 2699 (38)
742 2625 989 2696 ignarus
1004 2625 1310 2699 longoque
1335 2641 1372 2682 a
1401 2623 1580 2681 nobis
1607 2628 1778 2681 terrai
1809 2621 2029 2681 maris-

359 2729 478 2787 que
520 2712 833 2773 intervallo
880 2711 1132 2781 divisus,
1176 2729 1300 2773 non
1359 2711 1559 2769 solum
1603 2727 1676 2770 ea
1701 2726 1839 2786 quae
1870 2710 2030 2769 circa

360 2808 415 2860 te
446 2807 587 2861 sunt
628 2808 867 2861 strenue
911 2820 1216 2877 capessas,
1252 2802 1362 2860 sed
1390 2802 1576 2860 etiam
1606 2818 1678 2859 ea
1710 2818 1848 2875 quas
1869 2800 2028 2859 circa

2150 1705 2455 1762 detineret.
2492 1706 2605 1764 Sed
2633 1706 2777 1780 quia
2807 1722 2910 1762 rex
2935 1705 3210 1779 proximo
3242 1704 3459 1775 rugitu,
3484 1710 3549 1761 ut
3576 1706 3826 1773 dicitur,

2148 1796 2350 1852 venire
2379 1795 2562 1853 habet
2611 1796 2672 1851 in
2703 1795 2918 1851 silvam
2968 1795 3214 1866 Legium
3243 1796 3378 1868 (39),
3427 1812 3564 1868 quae
3616 1796 3831 1853 vicina

2152 1891 2261 1953 est,
2294 1889 2358 1942 ut
2387 1885 2545 1943 scitis
2575 1885 2942 1942 monasterio
2975 1885 3163 1942 sancti
3194 1884 3642 1955 Benedicti,ego
3667 1902 3828 1959 quo-

2146 1991 2285 2049 que,
2323 1978 2438 2032 Deo
2464 1975 2715 2042 favente,
2750 1974 2888 2031 illuc
2936 1974 3021 2031 ire
3052 1973 3343 2049 disposui,
3376 1974 3633 2030 sciturus
3663 1992 3824 2050 qua—

2145 2064 2231 2122 les
2257 2065 2559 2121 inveniam
2582 2080 2725 2135 erga
2754 2082 2861 2122 vos
2883 2069 2940 2121 et
2963 2080 3167 2135 regem
3193 2070 3250 2120 et
3269 2063 3821 2139 archiepiscopum,

2144 2155 2239 2212 vel
2267 2154 2476 2229 quales
2501 2155 2748 2211 reddere
2773 2154 3019 2227 possim.
3055 2157 3120 2210 Et
3150 2153 3317 2227 quod
3345 2153 3583 2213 interim
3609 2154 3824 2211 effece-

2144 2261 2233 2315 ro,
2265 2248 2368 2301 aut
2393 2244 2520 2318 ipse
2541 2244 2715 2300 vobis
2749 2244 3144 2313 referam,aut
3170 2242 3374 2300 litteris
3403 2242 3816 2301 innotescam.

2142 2334 2279 2391 Vale
2306 2333 2568 2391 feliciter.

2500 2442 2834 2500 EPISTULA
2872 2444 3046 2499 Lxxu
3088 2441 3253 2514 [olim
3293 2408 3446 2513 cui).

2702 2562 2711 2569 -
2778 2536 2972 2599 (Auno
3008 2533 3186 2603 1021).

2137 2641 2533 2698 Dilectissimo
2570 2655 2913 2711 semperque
2938 2639 3243 2710 diligendo
3295 2639 3537 2696 domino
3586 2645 3644 2696 et
3675 2638 3822 2695 duci

2208 2731 2653 2803 Aquitanorum
2714 2731 3052 2795 GL’ILLELMO,
3108 2732 3423 2785 FULnearus
3471 2728 3819 2786 Cat-natea.-

2208 2821 2362 2876 sium
2413 2820 2658 2875 humilis
2709 2820 3038 2889 episcopus,
3070 2820 3133 2873 in
3174 2819 3290 2874 hac
3335 2819 3461 2874 vita
3498 2833 3560 2874 se
3607 2823 3667 2874 et
3703 2833 3817 2876 sua

358 2909 470 2949 nos
501 2893 815 2964 diligenter
844 2892 1153 2990 inquiras}
1186 2892 1539 2990 relisiogem
1577 2908 1741 2961 vero,
1774 2906 1917 2948 cum
1946 2894 2023 2990 te,
2066 2933 2108 2990 ο
2210 2909 2434 2978 omnia,
2457 2909 2518 2964 in
2545 2910 2743 2965 altera
2769 2907 2998 2979 gaudia
3022 2908 3402 2977 sempiterna.

357 2999 540 3055 quem
551 2999 934 3056 paganorum
946 2983 1279 3057 principem
1290 2982 1829 3052 audieramus,non
1841 2979 2026 3038 modo

358 3072 763 3131 Christianum
808 3088 1022 3131 verum
1066 3072 1252 3131 etiam
1296 3088 1441 3144 erga
1481 3071 1783 3140 ecclesias,
1841 3073 2024 3144 atque

356 3160 457 3217 Dei
478 3177 680 3219 servos
710 3160 1215 3232 benignissimum
1235 3161 1582 3233 largitorem
1609 3159 2018 3232 agnoscimus.

357 3250 519 3308 Unde
549 3250 771 3323 gratias
802 3256 1048 3323 agentes
1081 3249 1224 3321 Regi
1244 3266 1478 3322 regum,
1513 3265 1587 3309 ex
1615 3250 1790 3321 cujus
1819 3247 2023 3321 dispo-

352 3339 561 3397 sitione
588 3340 734 3398 talia
770 3340 1164 3410 descendunt,
1198 3356 1488 3411 rogamus
1514 3344 1581 3397 ut
1608 3338 1737 3411 ipse
1764 3353 2022 3409 regnum

353 3435 525 3487 tuum
562 3431 625 3486 in
649 3431 824 3487 vobis
847 3431 1191 3504 prosperari
1220 3430 1421 3501 faciat,
1452 3434 1510 3488 et
1555 3429 1826 3489 animam
1855 3432 2023 3489 tuam

353 3534 390 3574 a
419 3520 679 3591 peccatis
708 3519 985 3577 absolvat
1010 3536 1119 3592 per
1148 3524 1437 3578 aeternum
1458 3524 1517 3577 et
1545 3518 2026 3577 consubstantia-

351 3606 473 3664 lem
504 3607 617 3664 sibi
644 3607 1025 3679 unigenitum
1049 3608 1351 3666 Christum
1394 3608 1718 3667 Dominum
1744 3612 2024 3667 nostrum

351 3695 414 3753 in
442 3696 668 3755 unitate
695 3697 945 3771 Spiritus
984 3697 1196 3754 sancti.
1227 3702 1439 3755 Amen.
1468 3697 1630 3771 Vale,
1657 3713 1893 3757 memor
1920 3713 2026 3755 no-

350 3784 476 3858 stri,
506 3801 631 3845 non
657 3785 980 3844 immemor
1005 3785 1111 3844 tui.

698 3894 1033 3952 EPISTOLA
1072 3896 1200 3951 LXX
1229 3895 1392 3966 [olim
1417 3894 1665 3969 XCVIII].

902 3984 1092 4054 (Circa
1121 4000 1218 4043 an.
1249 3984 1482 4054 eumd.)

350 4082 560 4142 Nobili
593 4084 796 4141 comiti
842 4086 922 4151 S.,
966 4086 1237 4140 Femur.
1281 4085 1397 4141 Dei
1426 4085 1631 4155 gratia
1678 4088 2019 4150 carnalem,

724 4173 1054 4243 episcopus,
1082 4173 1287 4241 ﬁdeles
1317 4173 1637 4229 orationes.

2212 3014 2413 3079 Doleo,
2438 3013 2529 3069 vir
2559 3013 2980 3087 optime,quod
3008 3029 3202 3086 nuper
3229 3013 3291 3069 in
3322 3017 3614 3069 conventu
3641 3013 3816 3084 regis

2136 3109 2317 3178 atque
2344 3109 2547 3160 nostro
2577 3103 2863 3178 loquendi
2894 3108 3094 3159 tecum
3143 3102 3648 3176 opportunitatem
3676 3118 3814 3159 non

2134 3194 2342 3267 habui,
2367 3210 2491 3250 non
2517 3194 2592 3249 de
2622 3193 2890 3250 saeculari
2921 3194 3181 3265 negotio,
3215 3192 3321 3249 sed
3352 3192 3583 3249 deloco
3606 3194 3813 3250 sancti

2134 3284 2319 3341 Patris
2349 3283 2570 3355 Hilarii,
2607 3284 2779 3355 cujus
2822 3288 3080 3340 rectores
3107 3300 3220 3339 nos
3249 3299 3377 3339 esse
3414 3281 3657 3339 bonitas
3701 3288 3813 3341 tua

2134 3375 2343 3443 voluit,
2377 3375 2483 3430 sed
2522 3374 2707 3446 hujus
2739 3375 3023 3448 temporis
3068 3373 3293 3431 malitia
3322 3389 3445 3429 non
3493 3373 3807 3446 permittit.

2137 3466 2349 3524 Mando
2380 3465 2581 3539 itaque
2612 3465 2736 3533 tibi,
2780 3470 2835 3522 et
2862 3481 3073 3538 precor
3099 3465 3316 3521 absens
3367 3463 3429 3519 id
3455 3464 3625 3537 quod
3660 3468 3811 3521 tunc

2134 3571 2400 3629 praesens
2427 3554 2702 3611 intimare
2732 3554 3029 3624 volebam,
3048 3554 3335 3620 videlicet,
3368 3557 3432 3609 ut
3463 3554 3809 3611 secundum

2134 3645 2287 3702 bene
2320 3644 2607 3719 placitum
2640 3645 2838 3701 cordis
2860 3645 2944 3700 tui
2974 3645 3299 3701 constituas
3322 3643 3424 3700 tibi
3453 3642 3644 3699 alium
3672 3645 3810 3700 the-

2135 3740 2478 3791 saurarium
2509 3738 2565 3790 et
2585 3734 2964 3808 capitiarium
2986 3733 3060 3790 de
3082 3732 3257 3790 bonis
3283 3731 3509 3789 clericis
3529 3733 3639 3805 qui
3663 3738 3813 3790 sunt

2130 3822 2193 3879 in
2225 3827 2329 3879 tua
2355 3822 2587 3891 vicinia,
2618 3839 2772 3896 quos
2797 3822 2858 3879 in
2884 3822 2983 3879 via
3012 3823 3194 3894 longa
3225 3826 3281 3879 ct
3310 3820 3649 3895 periculosa
3674 3837 3807 3877 non

2131 3911 2424 3969 disturbet
2473 3912 2552 3969 ab
2593 3911 2810 3982 ofﬁcio,
2862 3912 3013 3969 sicut
3059 3929 3156 3969 me
3204 3915 3261 3968 et
3290 3926 3458 3967 meos
3504 3911 3809 3967 hactenus

2131 4001 2504 4058 disturbavit.
2540 4006 2655 4058 Nec
2684 4017 2780 4057 me
2810 4006 3009 4075 putes,
3035 4001 3305 4067 obsecro,
3338 4001 3419 4057 ita
3447 4004 3810 4073 pravum,ut

2130 4096 2375 4165 propter
2398 4092 2516 4147 hoc
2544 4091 2650 4148 tibi
2681 4091 2889 4147 videar
2914 4091 3116 4147 minus
3147 4107 3277 4147 esse
3304 4088 3809 4161 ﬁdelis.Agnosco

2131 4180 2291 4237 enim
2321 4198 2416 4237 me
2443 4186 2803 4255 perpetuum
2830 4180 3163 4237 debitorem
3186 4196 3318 4236 esse
3347 4178 3650 4236 ﬁdelitatis
3681 4179 3810 4235 ani—

430 4267 490 4325 Si
516 4268 577 4324 in
606 4267 885 4338 eligendo
910 4270 1122 4325 vestrm
1150 4268 1396 4327 civitatis
1424 4269 1709 4343 episcopo
1732 4269 2020 4342 regulari-
2057 4277 2101 4332 D
2132 4288 2245 4327 nite
2285 4276 2400 4327 ture
2450 4275 2507 4327 et
2554 4269 2810 4344 corpori,
2848 4274 3095 4344 propter
3131 4268 3559 4339 benignitatem
3610 4284 3808 4341 quam

355 4362 441 4414 ter
468 4357 1111 4429 ageretis,suffragium
1138 4362 1359 4415 nostrae
1386 4358 1739 4416 humilitatis
1770 4374 1896 4415 non
1925 4358 2024 4414 de-

352 4446 504 4504 foret
526 4447 699 4519 juxta
718 4446 973 4504 modum
996 4447 1262 4505 rationis.
1288 4451 1455 4505 Nunc
1487 4453 1689 4505 autem
1719 4447 2022 4522 palatinus

354 4541 459 4595 aut
486 4536 765 4610 publicus
807 4551 1015 4593 rumor
1063 4540 1171 4609 est,
1202 4535 1371 4611 quod
1412 4535 1510 4593 ille
1539 4537 1788 4594 clericus
1836 4551 2017 4610 quem

356 4627 569 4698 eligere
595 4626 795 4700 vultis,
826 4625 1099 4683 favorem
1122 4630 1389 4683 vestrum
1418 4626 1492 4683 sit
1520 4630 1858 4700 aucupatus
1888 4642 2023 4699 pro-

354 4715 714 4774 missionum
764 4714 952 4772 sibilis
992 4719 1050 4773 et
1077 4715 1350 4789 pecuniae
1378 4715 1564 4773 visco.
1598 4714 1813 4772 Dicunt
1841 4713 2020 4771 etiam

355 4805 525 4880 quod
548 4806 674 4863 sine
701 4806 882 4878 jussu
929 4805 1111 4877 regis,
1151 4809 1209 4862 et
1251 4820 1557 4862 concensu
1597 4804 2020 4878 episcoporum

357 4895 975 4970 comprovincialium,
1022 4894 1184 4951 mdes
1234 4898 1291 4951 et
1317 4910 1447 4951 rem
1491 4893 1900 4967 episcopalem
1928 4893 2019 4949 in—

355 4984 589 5042 vaserit.
624 4986 763 5051 Quae
793 4984 844 5042 si
873 4984 991 5041 sint
1016 4999 1182 5056 vera,
1212 4998 1341 5040 non
1366 4986 1506 5040 sunt
1545 4982 1877 5053 regularia:
1911 4997 2021 5039 nec

359 5088 457 5130 me
485 5073 580 5130 vel
619 5072 812 5146 vobis,
859 5074 957 5132 vel
995 5071 1127 5133 aliis
1175 5076 1385 5132 contra
1408 5073 1510 5146 jus
1539 5074 1597 5130 et
1624 5071 1716 5131 fas
1744 5071 2023 5146 opitulari

361 5152 610 5234 oportet.
637 5161 860 5220 Valete.

360 5371 924 5502 Régggictavium,
979 5376 1045 5431 ut
1071 5374 1249 5434 nobis
1304 5374 1556 5444 videtur,
1601 5374 1803 5449 potius
1832 5390 2021 5449 quam

402 5535 543 5666 1ἐξ)
566 5535 805 5592 Nostra:
830 5535 1056 5608 linguae
1074 5536 1319 5620 nomine
1344 5535 1729 5666 hicégrofecto
1749 5534 2019 5617 intelligit

509 5611 668 5666 ertus
692 5609 1058 5666 Francorum
1082 5606 1420 5666 idiomanu
1526 5610 1868 5666 Romanum
1891 5605 2011 5664 dic-

356 5605 668 5666 Fulbertus
692 5605 1058 5668 Francorum
1082 5605 1503 5682 idioma,quod
1526 5610 1868 5669 Romanum
1891 5605 2011 5664 dic-

2132 4358 2279 4415 mihi
2306 4358 2605 4414 immerito
2636 4357 2955 4414 exhibuisti
2986 4358 3151 4415 Unde
3173 4362 3333 4415 certo
3364 4357 3542 4425 scias,
3575 4357 3728 4430 quia
3755 4357 3809 4412 si

2132 4448 2237 4504 tibi
2267 4453 2372 4504 aut
2402 4446 2629 4520 populo
2656 4452 2757 4504 tuo
2780 4448 2894 4503 mei
2920 4447 3216 4503 ministeri
3244 4446 3572 4502 necessitas
3602 4446 3807 4502 immi-

2132 4541 2316 4606 neret,
2345 4541 2401 4592 et
2430 4537 2546 4592 hoc
2578 4536 2725 4592 mihi
2754 4536 3049 4593 mandare
3069 4536 3321 4606 dignum
3352 4535 3629 4603 duceres,
3655 4535 3806 4591 sub—

2132 4625 2401 4682 venirem
2424 4624 2531 4681 tibi
2560 4628 2682 4681 Deo
2712 4624 2940 4692 duce,si
2965 4639 3090 4681 non
3112 4640 3358 4698 possem
3389 4623 3578 4691 aliter,
3610 4623 3712 4679 vel
3739 4624 3807 4679 in

2130 4712 2337 4769 habitu
2359 4712 2642 4786 pauperis
2663 4711 2979 4785 peregrini.
3012 4715 3221 4769 Precor
3240 4718 3445 4769 autem
3464 4712 3806 4768 bonitatem

2131 4806 2319 4870 tuam,
2390 4806 2457 4858 ut
2513 4802 2785 4858 Baimoni
2842 4790 3106 4858 relevare
3170 4801 3434 4872 digneris
3498 4802 3808 4859 damnum

2128 4892 2295 4965 quod
2325 4892 2567 4966 pertulit
2596 4892 2657 4948 in
2684 4890 2921 4947 servitio
2942 4898 3169 4948 nostro.
3201 4893 3336 4949 Vale
3365 4908 3526 4949 nunc
3558 4895 3618 4947 et
3650 4908 3809 4948 sem-

2128 4998 2254 5056 per,
2286 4982 2551 5056 piissime
2581 4987 2759 5055 atque
2801 4981 3267 5053 benignissime:
3315 4997 3426 5052 ego
3456 4997 3604 5038 vero
3641 4997 3805 5038 nune

2128 5088 2319 5144 quam
2344 5071 2662 5128 obliviscar
2692 5074 2764 5127 te.

2130 5382 2263 5505 11301111
2292 5380 2381 5505 est
2404 5376 2548 5449 quia
2574 5392 2610 5437 a
2642 5378 2912 5435 Romana
2939 5374 3147 5447 lingua
3192 5373 3432 5449 puriore
3462 5379 3665 5437 ortum
3698 5375 3806 5434 ha-

2175 5466 2205 5505 e
2226 5465 2288 5505 )a
2317 5490 2329 5504 .

2175 5465 2329 5506 908I.

2199 5538 2304 5611 (39)
2339 5540 2455 5595 Seu
2484 5536 2988 5594 Aurelianensem.
