3996 6176
378 193 482 247 239

704 313 1037 370 EPISTOLA
1080 314 1323 369 LXXVIII
1361 314 1522 384 [olim
1552 317 1722 387 XCV].

864 400 1054 470 (Circa
1102 416 1333 458 annum
1360 405 1543 475 1022.)

377 492 620 549 Roberti
654 493 783 561 regi
827 492 1205 549 Francorum
1264 494 1344 550 ad
1392 495 1748 551 Gauslinum
1804 496 2037 551 Bituri-

800 596 1027 638 censem
1066 583 1602 653 archiepiscopum.

725 669 891 741 (Vide
936 670 1091 728 infra
1119 671 1182 727 in
1204 674 1461 728 Roeenro
1488 673 1672 741 rege.)

702 779 1037 835 EPISTULA
1067 781 1261 835 LXXIX
1293 779 1455 851 [olim
1496 780 1694 852 XCVI].

850 866 1035 939 (Circa
1091 884 1320 925 annum
1355 872 1536 938 1022.)

363 958 648 1014 Gauzlini
661 958 1053 1014 Biturieensis
1082 959 1527 1028 archiepiscopi
1571 958 1652 1014 ad
1680 957 2022 1015 Robertum.

873 1046 1250 1102 Francorum
1301 1062 1516 1117 regem.

723 1132 883 1204 (Vide
905 1132 1061 1189 infra
1089 1132 1150 1188 in
1190 1135 1449 1189 Roennro
1483 1133 1668 1205 rege.)

683 1240 1016 1297 EPISTOLA
1044 1241 1212 1295 LXXX
1260 1239 1423 1310 [olim
1474 1240 1700 1311 XCVII].

856 1347 1045 1418 (Circa
1077 1361 1308 1403 annum
1336 1347 1521 1418 1022.)

392 1438 504 1493 Pio
532 1437 664 1507 regi
710 1439 985 1504 Roeenro,
1039 1438 1355 1492 FL'LBERTL’S
1378 1435 1621 1492 humilis
1653 1437 1980 1506 episcopus,

955 1526 1156 1581 omnia
1191 1525 1418 1595 ﬁdelia.

428 1619 605 1672 Sacra
632 1620 828 1674 vestra
858 1614 1121 1671 monitus
1143 1630 1279 1670 sum
1304 1613 1603 1687 inquirere
1644 1613 2013 1683 festinanter,

357 1711 414 1763 et
439 1706 695 1763 scribere
722 1704 919 1773 vobis,
951 1703 999 1759 si
1028 1720 1151 1777 qua
1179 1703 1426 1759 historia
1458 1703 1816 1774 sanguinem
1838 1704 2021 1778 pluis-

357 1812 417 1851 se
447 1795 677 1855 referat.
711 1799 767 1850 et
796 1792 843 1848 si
875 1793 1099 1849 factum
1130 1791 1258 1861 fuit,
1290 1791 1438 1865 quid
1470 1792 1738 1849 futurum
1784 1796 2021 1865 porten-

355 1885 523 1940 derit.
570 1884 819 1951 Livium,
854 1881 1169 1950 Valerium,
1204 1880 1500 1948 Orosium,
1530 1886 1586 1938 et
1610 1882 1811 1955 plures
1870 1881 2019 1939 alios

354 1975 535 2045 hujus
566 1974 647 2029 rei
679 1973 959 2029 relatores
988 1971 1209 2039 inveni,
1233 1975 1291 2026 et
1346 1971 1569 2043 quibus
1628 1971 1707 2027 ad
1748 1988 2017 2044 praesens

356 2062 550 2117 solum
583 2061 929 2131 Gregorium
959 2063 1363 2116 Turonensem
1408 2059 1762 2133 episcopum
1809 2064 2017 2117 testem

354 2167 481 2206 esse
515 2149 875 2223 productum
910 2147 1185 2215 sufficiat,
1218 2152 1461 2221 propter
1490 2147 1901 2205 auctoritatem
1931 2165 2017 2205 re-

350 2238 589 2307 ligionis
619 2255 761 2294 smn.
796 2237 889 2293 Ait
908 2252 1051 2307 ergo
1083 2236 1397 2307 Gregorius
1421 2236 1581 2292 idem
1605 2236 1667 2292 in
1712 2241 1877 2293 sexto
1906 2237 2010 2294 lib.

354 2327 760 2393 Historiarum,
784 2342 914 2397 cap.
944 2327 1004 2381 l-t
1036 2343 1047 2380 :
1072 2348 1097 2374 «
1125 2330 1296 2381 Anno
1314 2325 1567 2398 septimo
1588 2325 1755 2396 regni
1787 2325 2014 2383 Childe-

352 2417 501 2473 berti
546 2415 721 2486 regis,
781 2414 882 2487 qui
941 2419 1067 2470 erat
1118 2414 1426 2487 ()hilperici
1478 2418 1535 2470 et
1578 2415 1866 2472 Guntrani
1923 2420 2013 2486 21,

353 2522 557 2563 mense
588 2503 895 2574 Januario,
928 2503 1167 2577 pluviae,
1191 2503 1656 2569 coruscationes,
1690 2508 1870 2577 atque
1929 2508 2013 2560 to-

350 2595 543 2652 nitrua
575 2592 780 2664 gravia
809 2594 1086 2649 fuerunt:
1120 2592 1296 2649 ﬂores
1319 2591 1377 2648 in
1410 2591 1729 2648 arboribus
1785 2594 2010 2649 ostensi

353 2691 529 2742 sunt:
557 2683 744 2752 stella,
776 2700 962 2757 quam
1001 2688 1292 2739 cometem
1349 2683 1626 2755 superius
1680 2682 2006 2751 nominavi,

350 2774 648 2849 apparuit,
682 2778 745 2829 ut
772 2773 832 2828 in
859 2773 1107 2829 circuitu
1135 2772 1264 2843 ejus
1294 2787 1519 2840 magna
1541 2771 1791 2842 nigredo
1834 2777 2007 2839 esset,

349 2869 407 2922 et
429 2864 529 2920 illa
555 2868 843 2935 tauquam
880 2862 929 2917 si
958 2862 1112 2918 intra
1167 2860 1438 2917 foramen
1491 2859 1738 2933 aliquod
1792 2861 2007 2933 posita,

1412 192 1467 247 S.
1513 192 1844 248 FULBERTI
1884 189 2367 251 CARNOTENSIS
2407 198 2734 256 EPISCOPI.

3695 205 3805 260 240

2063 326 2109 378 Α
2147 321 2347 375 autem
2373 336 2445 376 eo
2476 337 2637 379 anno
2667 322 2727 378 in
2774 321 3223 379 Narbonensem
3269 320 3481 379 urbem
3535 322 3812 395 inguina-

2143 408 2301 465 rium
2331 410 2615 468 morbum
2642 412 2901 484 graviter
2929 410 3274 478 desaevisse,
3323 409 3404 467 ita
3450 415 3516 468 ut
3573 410 3811 469 nullum

2141 502 2297 555 esset
2325 501 2585 574 spatium
2616 501 2771 570 vitae,
2806 518 2945 558 cum
3002 501 3187 557 homo
3239 504 3548 573 correptus
3600 500 3810 559 fuisset

2141 588 2221 644 ab
2250 605 2341 645 eo.
2384 614 2409 638 ››
2442 590 2744 648 Hactenus
2800 590 3114 662 Gregorius
3167 589 3547 647 Turonensis.
3600 590 3811 665 Liquet

2136 676 2318 748 igitur
2337 695 2407 735 ex
2440 679 2553 736 hac
2578 684 2635 737 et
2663 697 2736 736 ex
2767 696 2951 753 supra
2979 695 3076 735 me
3101 683 3474 735 moratorum
3517 679 3804 752 historiis,

2136 768 2303 842 quod
2332 768 2538 841 pluvia
2563 770 2875 841 sanguinis
2900 769 3207 844 publicam
3232 772 3495 840 stragem
3538 769 3805 827 futuram

2135 871 2265 913 esse
2284 857 2620 929 portendat.
2638 860 2810 925 Quod
2821 866 3023 916 autem
3045 874 3238 932 nuper
3254 858 3356 930 huj
3367 858 3606 915 usmodi
3630 876 3808 916 cruo-

2134 961 2262 1003 rem
2290 947 2351 1003 in
2381 947 2650 1021 quadam
2675 953 2843 1022 parte
2872 950 3038 1020 regni
3067 949 3242 1006 vestri
3267 947 3489 1021 pluisse
3518 948 3790 1017 audistis,

2134 1040 2191 1093 et
2239 1038 2406 1110 quod
2449 1037 2544 1095 ille
2602 1056 2778 1097 cruor
2834 1040 2936 1096 ubi
2982 1056 3168 1113 supra
3217 1043 3452 1112 petram
3494 1039 3591 1096 vel
3619 1054 3803 1112 super

2135 1143 2378 1184 carnem
2407 1128 2668 1186 hominis
2698 1128 3010 1197 ceciderat,
3043 1127 3209 1185 ablui
3232 1144 3357 1185 non
3395 1132 3647 1201 poterat,
3694 1128 3802 1185 ubi

2135 1221 2339 1274 autem
2366 1234 2546 1292 super
2573 1218 2805 1290 lignum
2852 1218 3166 1289 ceciderat,
3197 1217 3369 1275 facile
3417 1218 3797 1292 abluebatur,

2133 1322 2243 1380 per
2284 1308 2399 1364 hoc
2456 1308 2570 1365 tria
2615 1309 2933 1365 hominum
3002 1324 3224 1380 genera
3289 1307 3621 1377 signiﬁcata
3663 1324 3799 1365 esse

2132 1395 2445 1452 videntur:
2478 1413 2586 1470 per
2612 1395 2875 1470 lapidem
2916 1395 3109 1471 impii,
3153 1412 3262 1469 per
3304 1410 3550 1451 carnem
3605 1395 3792 1452 forni-

2132 1486 2294 1553 carii,
2326 1502 2434 1561 per
2460 1487 2694 1558 lignum
2719 1503 2861 1543 vero
2886 1486 3052 1560 quod
3077 1502 3275 1560 neque
3311 1485 3535 1542 durum
3587 1490 3676 1541 est
3727 1489 3796 1541 ut

2132 1575 2307 1649 lapis,
2339 1593 2536 1650 neque
2564 1576 2746 1634 molle
2777 1581 2842 1632 ut
2890 1593 3052 1646 caro,
3100 1575 3183 1633 illi
3229 1575 3335 1649 qui
3388 1590 3588 1648 neque
3625 1574 3800 1647 immi

2053 1675 2094 1729 Β
2133 1669 2270 1722 sunt
2288 1681 2485 1739 neque
2502 1665 2824 1723 fornicarii.
2850 1669 2996 1722 Cum
3020 1682 3163 1737 ergo
3184 1664 3413 1722 venerit
3425 1680 3605 1738 super
3627 1663 3799 1720 illam

2133 1753 2391 1820 gentem,
2420 1750 2520 1807 cui
2543 1750 2939 1824 portenditur,
2987 1749 3245 1821 gladius,
3289 1749 3412 1805 sive
3453 1748 3795 1821 pestilentia

2129 1839 2442 1909 designata
2465 1856 2572 1913 per
2601 1839 2981 1910 sanguinem,
3016 1838 3065 1895 si
3095 1843 3272 1895 antea
3292 1837 3428 1894 duri
3451 1841 3554 1893 aut
3578 1836 3796 1893 molles

2127 1930 2347 1986 fuerint
2372 1929 2584 1985 mutati
2622 1929 2683 1986 in
2706 1929 2939 1996 melius,
2965 1944 3087 1985 non
3106 1928 3439 1984 morientur
3468 1931 3795 2001 perpetua-

2126 2019 2254 2075 liter
2283 2020 2343 2075 in
2375 2018 2667 2089 sanguine
2698 2035 2826 2074 suo.
2874 2018 3042 2076 Medii
3098 2034 3240 2074 vero
3290 2033 3399 2091 per
3449 2016 3794 2087 angustiam

2126 2108 2333 2163 mortis
2354 2106 2448 2162 vel
2469 2105 2636 2163 aliter
2656 2106 3194 2179 poteruntliberari
3224 2121 3334 2179 pro
3394 2104 3640 2175 arbitrio
3694 2120 3792 2160 se-

2125 2196 2433 2254 cretissimi
2453 2200 2632 2269 atque
2665 2194 3145 2268 praestantissimi
3168 2194 3411 2251 .ludicis.
3466 2193 3624 2265 Vale,
3650 2193 3794 2267 piis-

2126 2286 2273 2343 sime
2302 2302 2423 2342 rex.

2472 2375 2805 2430 EPISTOLA
2848 2375 3038 2428 LXXXI
3075 2371 3240 2444 [olim
3276 2371 3431 2443 xm].

2748 2463 2938 2534 (Anno
2979 2462 3163 2532 1023.)

2120 2553 2371 2608 Domino
2400 2568 2506 2608 suo
2531 2554 2791 2608 Ronenro
2819 2551 2949 2621 regi
2987 2549 3426 2621 benignissimo,
3460 2551 3786 2605 FULBER’I‘US

2321 2642 2565 2697 humilis
2590 2640 2866 2697 sacerdos
2894 2640 2956 2695 in
2974 2644 3329 2709 perpetuum
3357 2640 3573 2710 vigere.

2193 2750 2436 2805 Sacram
2475 2746 2804 2819 majestatis
2862 2751 3070 2803 vestrae
3126 2746 3470 2820 nuperrime
3546 2745 3788 2818 suscepi

2121 2842 2466 2894 monentem
2487 2854 2584 2893 me
2614 2854 2673 2892 v1
2728 2836 2852 2893 Kal.
2906 2840 3154 2906 August.
3210 2841 3407 2892 vestro
3446 2841 3504 2893 et
3552 2836 3787 2893 Henrici

349 2952 430 3007 ita
476 2924 751 3007 tenebras
818 2948 1123 3005 relucebat
1191 2947 1540 3017 scintillans,
1589 2924 2010 3021 spargensque
2118 2926 2401 3021 ίηίξδνθβδθ
2427 2925 2884 2999 θοῃοίίυίο(⁴¹)ν
2912 2924 3255 3021 ιξρῐιξοιιιω
3276 2925 3459 3021 “sui
3482 2924 3781 3021 oPsequﬁ’

349 3056 575 3097 comas.
608 3038 1105 3095 Prodibatautcm
1137 3054 1207 3094 ex
1255 3053 1327 3093 ea
1357 3037 1563 3093 radius
1622 3037 1791 3094 mirae
1841 3054 1991 3108 mage

2168 3015 2230 3071 ad
2276 3019 2332 3072 et
2384 3020 2600 3071 nostrae
2669 3013 3111 3070 commoditatis
3160 3029 3364 3070 causa.
3416 3013 3576 3082 Undg
3631 3028 3782 3085 sup-

347 3130 652 3197 nitudinis,
698 3129 803 3202 qui
850 3134 1138 3201 tanquam
1192 3127 1395 3183 fumus
1444 3143 1704 3197 magnus
1749 3101 2011 3184 incendii
2117 3104 2344 3202 Ρὶίςξιεν
2398 3103 2569 3202 mhi?
2601 3192 2616 3202 ‘
2649 3119 2759 3176 ΡῙὌ
2816 3107 2986 3202 tan“:
3059 3117 3202 3172 erga
3253 3118 3351 3202 “.19
3400 3101 3629 3202 Ρίίῖξδίίῗ
3679 3101 3781 3202 ff‘

345 3189 676 3293 apparebat
704 3189 740 3274 εί
766 3189 1127 3287 Ιοιιεζθίνίδει
1152 3219 1240 3272 est
1270 3215 1349 3271 ad
1400 3189 1630 3288 partem
1685 3215 2008 3271 occidentis
2114 3192 2366 3293 motione
2426 3192 2733 3293 ετδίξξῙδξξδ
2786 3191 3079 3293 Γθδίξνὼοξ
3130 3208 3229 3247 me
3278 3193 3407 3263 jam
3461 3190 3565 3290 di?
3611 3189 3780 3246 inﬁr‘

304 3350 317 3355 -
341 3282 404 3365 in
426 3282 581 3366 liora
611 3307 802 3364 noctis
831 3282 1047 3380 prima.
1082 3310 1144 3362 In
1171 3305 1267 3361 die
1293 3282 1494 3361 autem
1527 3309 1734 3361 sancto
1764 3306 2005 3360 Paschae
2114 3286 2369 3380 "iam?"
2424 3282 2844 3380 ωενίίιξᾷίηθω
2896 3282 3012 3380 Ῑὶίξξδ
3064 3285 3334 3380 ῖθωΡοιῬ
3373 3282 3638 3337 minime
3695 3296 3788 3337 Γθ-

342 3398 507 3471 apud
534 3396 869 3455 Suessionis
915 3395 1213 3451 civitatem
1271 3394 1487 3449 ccelum
1540 3393 1749 3449 ardere
1805 3392 2003 3448 visum

341 3491 448 3550 est.
474 3485 557 3541 ita
586 3490 648 3539 ut
667 3484 788 3539 duo
813 3486 1174 3555 apparerent
1203 3481 1516 3549 incendia;
1551 3485 1608 3537 ct
1636 3497 1826 3536 unum
1878 3484 2003 3538 erat

340 3574 561 3644 majus,
583 3570 748 3627 aliud
771 3587 910 3626 vero
953 3570 1177 3625 minus.
1204 3571 1340 3624 Post
1382 3568 1645 3623 duarum
1703 3584 1847 3623 vero
1896 3569 2003 3624 ho-

337 3678 543 3719 rarum
574 3659 834 3734 spatium
865 3658 1187 3729 conjuncta
1216 3661 1355 3713 sunt
1384 3656 1581 3726 simul,
1616 3656 1894 3730 factaque
1938 3658 2001 3712 in

336 3752 596 3826 pharum
627 3764 920 3820 magnum
955 3749 1346 3804 evanuerunt.
1398 3749 1459 3801 In
1510 3744 1809 3803 Parisiaco
1857 3762 2000 3811 vero

334 3840 591 3898 termino
619 3853 797 3894 verus
825 3835 1071 3907 sanguis
1097 3852 1169 3892 ex
1195 3834 1357 3890 nube
1388 3834 1656 3903 deﬂuxit,
1704 3838 1762 3891 et
1818 3851 2000 3908 super

334 3931 685 3988 vestimenta
710 3928 1038 3985 multorum
1064 3925 1383 3982 hominum
1413 3924 1644 3993 cecidit,
1671 3930 1728 3981 et
1745 3925 1826 3981 ita
1856 3926 1996 3982 tabe

331 4020 674 4086 maculavit,
724 4023 791 4074 ut
838 4017 953 4091 ipsi
1005 4016 1249 4090 propria
1294 4015 1645 4071 indumenta
1687 4015 1997 4072 horrentes

332 4112 683 4167 abnuerent.
714 4108 923 4164 Tribus
953 4106 1114 4162 enim
1142 4104 1289 4161 locis
1326 4105 1385 4162 in
1445 4104 1695 4161 termino
1747 4104 1998 4161 civitatis

331 4200 486 4256 illius
540 4199 656 4254 hoc
700 4195 1042 4270 prodigium
1109 4194 1406 4267 apparuit.
1458 4194 1520 4250 1n
1571 4193 1997 4251 Silvanectensi

331 4302 475 4344 vero
494 4284 785 4343 territorio
805 4281 1067 4340 hominis
1095 4282 1418 4353 cujusdam
1444 4281 1686 4349 domus,
1733 4299 1872 4338 cum
1897 4281 1995 4338 ille

2112 3369 2317 3442 vereri,
2340 3370 2590 3442 longum
2618 3369 2728 3426 iter
2755 3368 3003 3440 aggredi
3032 3384 3156 3425 non
3192 3368 3436 3439 audere,
3493 3385 3783 3425 successu

2110 3475 2252 3515 vero
2302 3459 2589 3531 temporis
2640 3458 3109 3531 opportunioris,
3154 3464 3457 3515 annuente
3508 3461 3651 3529 Deo,
3702 3457 3780 3514 li-

2108 3549 2318 3606 benter
2393 3565 2500 3604 vos
2580 3564 2672 3618 eo,
2741 3548 2867 3604 sive
2936 3547 3083 3605 alias
3142 3548 3568 3605 comitaturum
3622 3564 3781 3619 esse,

2108 3654 2463 3712 quanquam
2492 3637 2571 3693 ad
2601 3653 2869 3711 prmsens
2899 3638 2947 3693 si
2978 3637 3262 3695 valetudo
3287 3654 3410 3694 non
3438 3637 3780 3704 obsisteret,

2108 3728 2286 3798 longe
2336 3732 2542 3801 tamen
2600 3732 2737 3784 ante
2780 3728 3140 3800 praemoneri
3203 3744 3300 3785 me
3356 3727 3504 3785 tanti
3550 3727 3783 3784 itineris

2106 3822 2421 3892 oporteret.
2454 3817 2651 3874 Valete
2690 3817 2951 3874 feliciter.

2389 3907 2724 3963 EPISTULA
2763 3908 2982 3963 LXXXII
3022 3908 3188 3972 [olim
3232 3907 3483 3979 XLVIII].

2605 3994 2796 4063 (Circa
2821 4010 3051 4051 annum
3086 3996 3269 4067 1023.)

2115 4084 2453 4142 Venerabili
2508 4085 2938 4141 Turonensium
2994 4084 3425 4155 arehipraesuli
3475 4089 3774 4154 ARNULI—‘O,

2178 4177 2494 4231 FULBERTL‘S
2514 4174 2622 4247 (42)
2646 4174 2892 4231 humilis
2924 4176 3257 4246 episcopus,
3310 4190 3543 4245 semper
3588 4191 3780 4247 agere

2170 4264 2504 4334 prudenter
2522 4280 2594 4321 ac
2615 4265 2991 4334 simpliciter.

330 4392 510 4434 mane
557 4376 841 4445 surgeret,
887 4369 1180 4441 sanguine
1224 4386 1502 4443 respersa
1524 4370 1601 4427 ab
1617 4370 1778 4427 intus
1802 4386 1995 4445 appa-
2026 4377 2071 4432 D
2176 4375 2241 4427 Et
2267 4388 2429 4427 nunc
2471 4371 2717 4444 quidem
2776 4371 2966 4442 gratia
2995 4372 3097 4428 Dei
3125 4371 3208 4428 sic
3236 4372 3435 4444 agitis,
3466 4388 3605 4429 cum
3633 4372 3781 4430 licet

329 4465 465 4522 ruit.
492 4467 706 4534 Magna
732 4464 934 4516 autem
960 4474 1030 4514 eo
1063 4473 1224 4514 anno
1253 4457 1383 4513 lues
1406 4458 1466 4513 in
1488 4458 1715 4531 populo
1733 4458 1861 4515 fuit.
1889 4462 1994 4516 Va-

328 4553 623 4612 letudines
654 4566 797 4607 vero
828 4547 1029 4615 variae,
1062 4546 1317 4615 melinus,
1351 4563 1491 4603 cum
1520 4547 1781 4620 pustulis
1811 4552 1869 4605 et
1898 4564 1995 4605 ve-

329 4644 488 4716 sicis,
518 4640 778 4699 muItum
833 4636 1129 4711 populum
1183 4636 1514 4692 affecerunt
1565 4640 1778 4692 morte.
1836 4637 1995 4694 Multi

326 4738 530 4791 tamen
559 4729 913 4789 adhibentes
947 4725 1214 4783 studium
1261 4729 1602 4782 evaserunt.
1635 4724 1993 4782 Andivimus

398 4879 512 4951 (41)
540 4875 726 4951 Habet
744 4878 914 4930 vetus
959 4869 1325 4951 mannusci'ip.
1348 4870 1485 4951 haec
1506 4868 1692 4925 verba
1722 4870 1991 4951 _:.Henri-

329 4942 431 5006 eus
459 4942 515 5005 et
544 4948 688 5004 Rob.
722 4961 886 5016 reges
908 4943 988 5000 ad
1031 4942 1297 5016 charum
1333 4942 1585 5016 ﬂuuium
1634 4942 1995 5016 colloquun-

330 5026 432 5075 tur
458 5035 618 5076 anno
653 5010 818 5073 4023'.
854 5019 919 5072 Et
937 5012 1242 5084 Gaguinus
1271 5010 1339 5068 in
1378 5013 1506 5068 Vita
1548 5010 1693 5067 Rob.
1750 5010 1833 5067 sic
1885 5014 1989 5068 ha-

329 5089 464 5146 bet:
494 5090 789 5146 Henricus
816 5089 1145 5158 imperator
1159 5085 1233 5158 ei
1257 5085 1401 5158 Rob.
1421 5099 1532 5140 rex
1562 5084 1783 5139 Frane.
1811 5099 1993 5158 super

332 5160 596 5217 Charum
623 5160 874 5228 ﬂuvium
898 5155 1067 5228 apud
1124 5156 1407 5211 Enosium
1455 5161 1866 5228 conuenerunt
1917 5155 1992 5211 de

327 5235 490 5287 statu
505 5226 805 5296 Ecclesiae,
828 5226 1064 5298 imperii
1083 5234 1137 5284 et
1151 5228 1324 5299 regni
1347 5226 1746 5284 amicabiliter
1771 5231 1991 5283 tracta-

330 5302 458 5354 turi
484 5315 644 5354 anno
678 5302 832 5354 1023.

330 5302 458 5358 turi
484 5315 644 5357 anno
678 5302 832 5355 1023.

400 5444 509 5509 (42)
542 5438 684 5507 Quis
714 5438 788 5511 sit
811 5439 1108 5511 istearch.
1142 5442 1276 5494 Tur.
1337 5443 1393 5494 et
1434 5438 1859 5511 quohnomine
1916 5437 1989 5511 sit

320 5512 643 5583 insignitus
695 5510 794 5566 vix
848 5508 1045 5583 colligi
1088 5514 1285 5583 potest
1313 5526 1387 5565 ex
1423 5508 1646 5566 tabulis
1698 5510 1977 5564 Democh.

327 5579 753 5659 Requisiverat_
778 5579 1025 5659 pallium
1082 5579 1425 5659 archipraes.
1474 5596 1510 5636 a
1548 5596 1788 5659 summo
1827 5595 1981 5659 pon-

325 5650 502 5727 tiﬁce,
558 5660 616 5712 et
641 5654 694 5710 ei
717 5650 1080 5722 denegatum
1130 5650 1337 5707 fuerat.
1373 5650 1729 5707 Describitur
1776 5650 1975 5707 autem

2101 4476 2224 4517 non
2281 4460 2603 4517 inconsulti
2653 4460 2905 4518 fratrum
2954 4465 3158 4518 tamen
3198 4462 3448 4518 consilia
3491 4463 3777 4535 captatis.

2100 4550 2558 4623 Respondemus
2583 4549 2786 4624 itaque
2804 4550 2997 4618 vobis,
3020 4550 3165 4624 quia
3177 4550 3228 4607 si
3248 4551 3499 4624 pallium
3518 4552 3784 4624 requisi-

2102 4638 2203 4694 stis
2230 4655 2267 4694 a
2296 4641 2566 4695 Romano
2596 4639 2897 4712 pontifice,
2945 4643 3003 4695 et
3043 4640 3171 4713 ipse
3220 4639 3391 4696 vobis
3447 4638 3617 4701 illud,
3639 4640 3784 4698 sine

2101 4743 2288 4785 causa
2312 4727 2578 4797 legitima
2598 4729 2935 4799 denegavit,
2960 4735 3204 4803 propter
3216 4730 3333 4786 hoc
3348 4746 3472 4786 non
3500 4732 3589 4784 est
3611 4745 3787 4803 opus

2101 4867 2360 4950 pallium
2376 4868 3032 4950 abgthariocardqqui
3053 4875 3262 4950 postea
3293 4869 3629 4950 f_uit_l_nnoc.
3669 4873 3787 4950 Ill,

2101 4940 2163 4995 in
2193 4940 2296 4995 lib.
2325 4942 2403 4996 De
2421 4940 2619 4996 ofﬁcio
2642 4941 2861 5012 missae,
2894 4940 3011 4996 hoc
3034 4940 3217 4997 modo
3241 4960 3254 4997 :
3279 4942 3548 4997 Pallium
3604 4942 3795 4998 istud

2102 5027 2218 5083 quo
2240 5014 2496 5081 majores
2520 5014 2780 5082 episcopi
2797 5018 3075 5083 utuntur,
3098 5019 3184 5070 est
3205 5013 3278 5069 de
3323 5013 3586 5069 candida
3618 5013 3792 5070 lana

2103 5088 2467 5148 contextum,
2528 5084 2781 5153 desuper
2864 5083 3086 5141 habens
3139 5085 3437 5141 circulum
3486 5083 3795 5142 humeros

2102 5155 2624 5225 eonstringentem,
2654 5161 2707 5211 et
2738 5155 2889 5211 duas
2923 5156 3109 5212 lineas
3138 5156 3213 5211 ab
3266 5162 3525 5226 utraque
3574 5162 3798 5224 parte

2097 5226 2449 5293 pendemus,
2480 5232 2742 5296 quatuor
2805 5241 3007 5282 cruces
3052 5240 3406 5296 perpureas,
3462 5231 3625 5292 ante,
3681 5244 3805 5284 re—

2100 5303 2213 5358 tro,
2287 5312 2324 5351 a
2392 5297 2642 5366 dextris,
2675 5312 2712 5353 a
2736 5298 3017 5367 sinistris,
3044 5298 3148 5353 sed
3170 5313 3207 5353 a
3234 5297 3495 5354 sinistris
3533 5297 3805 5365 duplex

2098 5372 2203 5435 est,
2228 5373 2283 5422 et
2302 5368 2557 5437 simplex
2572 5384 2609 5425 a
2625 5369 2874 5425 dextris.
2898 5370 3036 5424 Tres
3050 5369 3229 5425 etiam
3246 5384 3391 5425 acus
3412 5381 3618 5425 aureae
3636 5368 3810 5437 inﬁ.

2096 5442 2327 5507 guntur
2383 5439 2599 5509 pallio,
2650 5445 2789 5495 ante
2839 5444 3064 5509 peetus,
3119 5455 3301 5510 super
3350 5440 3672 5495 humerum
3718 5451 3805 5500 et

2089 5514 2219 5585 pss_t
2258 5514 2540 5585 tergum,
2622 5526 2805 5585 super
2876 5510 3157 5567 dextrum
3238 5511 3555 5585 humerum
3640 5527 3808 5585 non

2094 5581 2387 5653 inﬁgitur,
2431 5581 2556 5653 haec
2598 5582 2873 5653 qualibet
2923 5597 3065 5653 arcus
3092 5584 3443 5653 pretiosum
3490 5581 3813 5643 continet

2094 5651 2374 5720 lapidem.
2393 5650 2545 5717 Quid
2566 5650 2768 5709 autem
2779 5653 2907 5709 haec
2920 5650 3253 5724 signiﬁcent
3267 5653 3431 5709 idem
3444 5653 3821 5717 Lotharius
