4018 6176
282 132 398 186 241

1736 170 1741 175 -
1847 131 2234 188 EPISTOLIE.

3661 147 3764 202 242

293 253 577 311 amittere
617 250 1031 307 ministerium
1079 254 1365 321 vestrum,
1391 248 1458 308 ut
1488 253 1537 308 si
1584 258 1780 311 vestra
1805 255 1987 312 tardi-
2028 259 2080 313 Α
2109 255 2312 315 dentia
2341 259 2523 316 novit.
2566 264 2680 317 Nec
2720 268 2822 322 tua
2848 264 3131 323 sanctitas
3156 266 3373 337 injuste
3398 266 3461 323 in
3498 283 3767 324 commu-

290 349 417 400 tate
446 341 731 399 nondum
757 344 850 396 est
878 340 1258 413 requisitum,
1290 342 1524 398 cantela
1573 348 1662 399 est
1689 349 1993 418 exspecta-

289 445 357 485 re
382 428 587 484 donec
614 424 1069 498 requiratur,ne
1087 442 1193 481 vos
1218 441 1290 482 ex
1310 426 1637 498 improviso
1661 444 1992 503 prasump-

2106 346 2353 403 nionem
2411 350 2678 423 recipiat,
2729 369 2912 426 quem
2965 355 3167 411 divina
3222 357 3543 414 auctoritas
3620 357 3771 413 sicut

2104 436 2411 494 ethnicum
2441 438 2680 498 alienat.
2713 442 2870 511 Vale,
2902 443 3061 500 bone
3112 449 3336 517 pastor,
3368 450 3426 502 et
3470 446 3652 516 vigila
3682 463 3772 502 su-

288 517 478 574 tionis
513 530 773 603 arguere
800 514 1025 603 possit.
1054 514 1446 603 Continentur
1491 517 1652 573 enim
1706 519 1990 591 quadam
2101 538 2212 596 per
2233 540 2370 589 nos,
2403 542 2480 584 ne
2509 543 2618 600 per
2643 528 2941 587 incuriam
2964 514 3130 588 tuam
3162 549 3307 603 grex
3336 514 3568 590 Domini
3596 534 3771 590 detri-

286 604 639 663 reverenda
662 602 847 660 nobis
876 603 941 659 in
991 602 1314 675 privilegiis
1354 606 1638 662 Romana
1690 606 1985 671 Ecclesia,

287 712 435 769 qua
469 699 725 767 propter
763 691 1201 762 negligentiam
1231 697 1503 750 nostram
1545 711 1668 751 non
1698 694 1867 752 facile
1896 695 1987 751 in-

284 785 626 841 veniuntur
654 784 719 839 in
746 781 1028 839 armariis
1058 782 1300 839 nostris.
1325 782 1539 840 Valete.

658 873 1003 930 EPISTOLA
1043 873 1288 927 Lxxxm
1322 871 1487 944 [olim
1515 873 1644 945 XV].

947 961 1145 1032 (Anno
1186 963 1365 1032 1024).

279 1053 591 1110 Fulconis
602 1051 653 1106 A
662 1051 1078 1122 ndegavorum
1098 1052 1325 1106 comitis
1341 1052 1422 1108 ad
1430 1052 1750 1108 Robertum
1765 1068 1958 1124 regem
1968 1099 1981 1112 .

467 1137 646 1208 (Vide
666 1137 827 1194 infra
851 1138 914 1194 in
947 1140 1209 1194 Rosenro
1240 1154 1378 1209 rege
1409 1141 1797 1196 Francorum.

644 1228 989 1284 EPISTOLA
1022 1229 1264 1283 LXXXIV
1294 1228 1458 1299 [olim
1483 1230 1662 1301 XXll.]

941 1316 1141 1386 (Anno
1183 1320 1363 1385 1024.)

278 1409 555 1465 Domino
589 1411 803 1462 sancto
833 1411 887 1460 et
916 1406 1254 1478 universali
1275 1421 1456 1476 papa
1483 1410 1701 1478 losum,
1735 1408 1981 1463 FULBER-

357 1494 470 1535 rus
503 1479 979 1536 Carnolensium
1012 1477 1257 1533 humilis
1287 1479 1616 1548 episcopus,
1639 1479 1981 1535 orationum

354 1550 602 1620 ﬁdelia.

2100 618 2377 671 mentum
2398 617 2705 675 sustineat.

2445 727 2683 793 EPISTO
2694 729 2779 783 LA
2813 730 3028 785 LXXXV
3053 728 3219 800 [olim
3248 731 3447 803 XCIV].

2736 818 2932 883 (Anno
2965 817 3149 888 1024.)

2096 897 2498 957 Dilectissimo
2527 903 2767 960 domino
2797 920 2904 961 suo
2958 907 3089 977 regi
3128 909 3405 968 Roneuro,
3455 908 3769 963 Fursenrus

2248 988 2493 1045 humilis
2523 993 2853 1063 episcopus,
2879 996 3081 1050 omnia
3114 995 3386 1051 decentia
3410 1009 3625 1065 regem.

2175 1092 2435 1163 Dignum
2468 1097 2810 1154 cstscircte
2862 1099 3102 1169 negotia
3159 1100 3327 1169 regni
3378 1098 3486 1156 tui.
3538 1101 3773 1156 Noverit

2096 1198 2244 1253 ergo
2270 1185 2590 1257 prudentia
2620 1191 2743 1254 tua,
2767 1188 2935 1261 quod
2965 1187 3312 1244 Guillelmus
3345 1188 3419 1244 dc
3447 1188 3771 1247 Bellissimo

2096 1268 2402 1341 (Belleme,
2429 1274 2736 1331 castellum
2766 1275 2827 1331 in
2854 1276 3123 1348 Pertico),
3149 1276 3308 1331 ultus
3328 1275 3645 1349 perfidiam
3667 1278 3772 1333 filii

2094 1359 2472 1433 sui,conjccit
2490 1380 2630 1421 eum
2656 1365 2715 1420 iu
2738 1382 3060 1437 carcerem,
3077 1365 3237 1421 unde
3261 1382 3384 1421 non
3408 1366 3767 1438 egredietur,

2094 1455 2161 1504 ut
2190 1450 2291 1518 ait,
2324 1451 2449 1508 sine
2479 1454 2730 1510 consilio
2760 1459 2987 1510 nostro.
3018 1454 3262 1510 Mandat
3310 1459 3513 1510 autem
3548 1472 3608 1511 se
3636 1472 3767 1513 esse

2091 1544 2376 1610 paratum
2405 1541 2479 1598 ad
2510 1542 2785 1598 facienda
2803 1559 2937 1616 qua
2960 1542 3261 1599 mandasti
3287 1560 3394 1617 per
3416 1543 3767 1602 Hildradum

359 1638 605 1695 Gratias
636 1635 1039 1708 omnipotenti
1071 1638 1210 1705 Deo,
1243 1636 1346 1709 qui
1401 1653 1571 1693 more
1600 1637 1983 1708 benignitatis
2017 1631 2055 1659 ⁰
2091 1631 2484 1688 monachum.
2521 1635 2811 1688 (laterum
2842 1636 2907 1687 ut
2934 1648 2971 1688 a
2998 1637 3116 1687 tua
3147 1632 3475 1689 sanctitatis
3501 1650 3766 1707 prasen-

280 1745 417 1785 sua
454 1732 650 1793 tuam,
685 1728 876 1792 Pater,
905 1724 1307 1781 humilitatem
1347 1727 1629 1800 respexit,
1656 1732 1712 1783 et
1741 1744 1983 1783 summo
2090 1715 2173 1772 tia
2192 1734 2289 1775 me
2312 1719 2557 1776 rediisse
2584 1719 2865 1790 cognovit
2897 1736 3101 1776 comes
3157 1720 3305 1789 Odo,
3339 1722 3444 1794 qui
3467 1726 3609 1779 tunc
3655 1726 3738 1779 Tu

278 1823 352 1874 ut
380 1815 642 1873 decebat
673 1813 985 1885 dignitatis
1017 1813 1187 1886 apice
1221 1814 1592 1872 sublimavit,
1618 1815 1871 1872 Proinde
1902 1821 1985 1872 ιο-
2089 1806 2255 1862 rouis
2285 1808 2846 1879 agebat,mandavit
2871 1812 3086 1881 utpost
3115 1808 3270 1865 duos
3294 1810 3422 1865 dies
3456 1811 3635 1866 Blesis
3653 1812 3767 1867 sibi

283 1912 385 1963 tus
412 1904 683 1961 mundus
710 1902 791 1959 ad
820 1906 875 1959 te
931 1903 1223 1959 convertit
1288 1904 1519 1971 oculos,
1552 1907 1729 1977 teque
1788 1921 1981 1961 unum

280 2008 502 2050 omnes
530 1990 960 2048 beatissimum
990 1990 1341 2064 pradicant,
1384 1992 1874 2065 contemplantur
1899 1992 1982 2048 al-

275 2082 606 2139 titudinem
637 2084 809 2136 tuam
865 2078 1062 2135 sancti
1099 2079 1227 2147 viri,
1256 2085 1313 2136 et
1360 2080 1633 2152 gaudent
1669 2081 1838 2153 quod
1893 2080 1979 2136 eis

2090 1910 2490 1966 occurrerem,
2522 1898 2597 1954 ad
2655 1896 3024 1953 audiendum
3093 1897 3242 1970 quid
3294 1898 3558 1955 dicerent
3585 1899 3763 1971 legati

2090 1981 2647 2039 Romanorum.Sed
2664 1981 2954 2054 quoniam
2984 1980 3045 2037 id
3067 1999 3205 2038 mea
3223 1998 3443 2056 parum
3463 1983 3759 2051 intererat,

2086 2068 2432 2127 valetudine
2452 2086 2699 2144 quoque
2737 2069 3112 2143 prohibente,
3144 2088 3266 2128 non
3298 2072 3491 2144 parui.
3527 2073 3763 2129 Mandat

273 2169 681 2228 similitudine
706 2167 987 2224 omnium
1016 2168 1303 2225 virtutum
1331 2169 1571 2225 alludis,
1634 2170 1982 2244 Respiciunt
2086 2162 2291 2214 autem
2321 2164 2379 2216 et
2403 2159 2622 2217 obnixe
2652 2166 2931 2232 precatur
2988 2161 3364 2231 majestatem
3410 2168 3577 2218 tuam
3630 2162 3759 2233 ipse

270 2264 701 2335 persecutores
732 2256 1030 2325 Ecclesiae,
1073 2256 1460 2313 districtionis
1510 2262 1627 2313 tua
1684 2257 1979 2316 baculum

271 2346 708 2405 formidantes.
737 2342 1083 2416 Suspiciunt
1109 2342 1148 2398 ii
1176 2343 1281 2417 qui
1321 2343 1706 2414 ﬂagellantur
1735 2345 1817 2404 ab
1868 2344 1979 2402 im-

268 2438 418 2512 piis,
474 2440 535 2491 et
586 2434 940 2508 respirant:
1003 2437 1311 2505 sperantes
1350 2433 1551 2489 adhuc
1598 2440 1832 2493 restare
1860 2436 1977 2493 sibi

270 2524 716 2584 consolationis
745 2521 1103 2579 remedium.
1137 2524 1214 2578 De
1243 2538 1506 2596 quorum
1539 2539 1802 2583 numero
1836 2541 1975 2584 sum

272 2632 392 2687 ego
415 2629 663 2686 magna
695 2616 753 2669 et
769 2611 1075 2686 praclara
1126 2610 1400 2667 Ecclesia
1448 2612 1706 2684 pusillus
1739 2616 1976 2691 episco-

271 2722 416 2780 pus,
439 2703 548 2778 qui
574 2703 703 2770 tibi,
762 2703 958 2771 Pater,
1015 2700 1090 2756 de
1143 2700 1433 2770 angustiis
1461 2701 1611 2757 meis
1657 2705 1972 2776 querimo-

274 2796 448 2852 niam
479 2791 775 2861 scribens,
809 2790 1098 2846 auxilium
1123 2794 1242 2846 tua
1267 2789 1502 2863 pietatis
1526 2790 1813 2864 imploro.
1877 2796 1973 2850 Est

276 2886 448 2943 enim
463 2882 722 2958 quidam
738 2896 945 2937 comes
958 2878 1309 2936 malefactor
1318 2878 1562 2935 nomine
1582 2881 1969 2956 Rodulphus,

2086 2262 2314 2320 comes,
2347 2266 2423 2305 ne
2455 2255 2509 2306 te
2533 2254 2927 2322 properanter
2974 2249 3215 2320 ingeras
3259 2249 3319 2305 in
3371 2267 3549 2306 suum
3578 2248 3759 2306 docu-

2082 2343 2380 2407 mentum,
2411 2337 2517 2393 sed
2546 2338 2745 2393 mittas
2776 2338 2853 2393 ad
2886 2354 3026 2394 eum
3056 2338 3332 2395 Milonem
3371 2339 3445 2394 de
3477 2339 3754 2411 Caprosis

2083 2425 2490 2498 (Chevreuse),
2522 2426 2629 2498 qui
2652 2425 2756 2481 tibi
2787 2426 3001 2482 referat
3020 2426 3207 2482 verba
3239 2430 3667 2497 Romanorum,
3699 2431 3756 2484 et
3864 2480 3867 2487 .

2083 2513 2380 2585 ϐω]ιοΙωί
2418 2513 2589 2569 όιιοιε
2617 2513 3076 2586 Aquitanorum,
3110 2518 3166 2569 et
3186 2529 3316 2569 sua.
3362 2514 3517 2570 Vale.

2432 2622 2767 2677 EPISTULA
2807 2622 3042 2676 LXXXVI
3075 2619 3234 2691 [olim
3271 2621 3397 2691 XX].

2589 2708 2775 2780 (Circa
2812 2724 3041 2765 annum
3072 2710 3254 2781 1025.)

2090 2798 2434 2855 Venerabili
2462 2798 2589 2855 viro
2620 2804 2675 2854 et
2728 2798 3139 2855 consacerdoti
3161 2814 3266 2854 suo
3299 2798 3578 2853 Fuscos:
3612 2798 3748 2852 F171.-

2399 2903 2605 2943 BERTUS
2636 2902 2705 2944 ca
2735 2902 2868 2959 qua
2898 2892 3036 2942 sunt
3058 2902 3210 2943 vera
3232 2887 3425 2956 pacis.

274 2974 544 3032 nimium
570 2971 808 3028 vicinus
826 2968 1023 3038 nobis,
1049 2968 1154 3041 qui
1182 2984 1277 3024 res
1306 2967 1580 3024 Ecclesia
1606 2975 1834 3029 nostra
1864 2988 1973 3045 per
2002 2962 2043 3019 ί)
2146 2977 2252 3043 Tu,
2276 2974 2458 3033 froter
2485 2964 2880 3043 dilectissime,
2915 2990 2985 3031 ex
3015 2974 3390 3031 abundantia
3443 2973 3746 3030 charitatis

271 3065 577 3135 injustam
634 3059 1019 3116 occasionem
1056 3056 1297 3127 invasit,
1347 3072 1545 3112 unum
1594 3057 1668 3113 de
1739 3059 1970 3117 clericis

271 3155 505 3210 nostris
536 3151 662 3207 suis
703 3148 987 3207 manibus
1016 3147 1328 3214 interfecit,
1361 3146 1516 3202 duos
1584 3146 1733 3204 alios
1762 3153 1971 3222 captos

276 3240 681 3299 sacrementis
712 3238 982 3309 illigavit.
1025 3240 1093 3293 Et
1123 3235 1198 3293 de
1227 3236 1323 3292 his
1378 3235 1665 3292 omnibus
1697 3238 1968 3312 appella-

273 3338 378 3389 tus
401 3332 466 3388 in
498 3330 667 3387 curia
690 3329 871 3399 regis,
899 3333 956 3384 et
983 3343 1190 3383 coram
1211 3325 1394 3399 plena
1419 3324 1669 3382 ecclesia
1690 3343 1849 3400 sape
1867 3345 1968 3386 vo-

274 3427 473 3488 catus,
494 3435 619 3476 non
647 3422 894 3492 propter
915 3416 1228 3473 hominem
1258 3431 1370 3471 nec
1400 3418 1645 3488 propter
1675 3418 1864 3473 Deum
1889 3418 1969 3474 ad

268 3510 578 3585 justitiam
610 3508 814 3564 venire
842 3507 1146 3579 dignatus,
1176 3522 1211 3562 a
1237 3505 1416 3561 nobis
1448 3504 1694 3561 tandem
1724 3521 1967 3564 excom-

278 3600 638 3659 municatus
669 3602 776 3654 est.
818 3599 985 3653 Nunc
1007 3611 1152 3651 vero
1197 3594 1275 3651 ad
1327 3593 1541 3650 limina
1596 3594 1786 3651 sancti
1818 3596 1969 3653 Petri

279 3688 619 3755 contendit,
643 3692 934 3759 tanquam
968 3684 1051 3740 ibi
1073 3683 1264 3757 possit
1302 3682 1574 3755 accipere
1604 3681 1680 3738 de
1707 3685 1968 3755 peccatis

282 3777 760 3842 absolutionem,
794 3772 956 3830 unde
986 3772 1189 3829 venire
1242 3786 1363 3828 non
1404 3770 1530 3827 vult
1555 3770 1637 3827 ad
1685 3772 1967 3828 emenda-

286 3867 537 3923 tionem.
574 3863 740 3921 Unde
772 3879 1061 3934 rogamus
1091 3866 1165 3931 te,
1210 3859 1596 3916 dilectissime
1621 3862 1812 3929 Pater,
1871 3860 1967 3917 cui

294 3955 478 4011 totius
495 3952 766 4010 Ecclesia
797 3967 944 4008 cura
968 3950 1297 4008 commissa
1325 3952 1434 4017 est,
1467 3953 1533 4005 ut
1558 3965 1700 4005 eum
1727 3947 1803 4006 de
1832 3966 1969 4006 san-

291 4048 477 4117 guine
498 4048 679 4117 atque
704 4043 925 4114 injuria
956 4041 1216 4098 ﬁliorum
1248 4046 1490 4096 tuorum
1514 4039 1595 4095 ita
1625 4053 1877 4109 arguere
1907 4044 1966 4097 et

284 4134 583 4206 castigare
612 4131 981 4201 memineris,
1002 4132 1151 4187 sicut
1171 4130 1451 4187 meritum
1473 4144 1606 4185 esse
1627 4132 1730 4184 tua
1761 4129 1964 4203 provi-

283 4245 370 4301 sio
394 4243 820 4315 interpretatur
848 4257 861 4295 :
885 4240 1167 4315 Pallium
1190 4238 1355 4294 istud
1377 4237 1682 4315 signiﬁcat
1701 4236 1963 4315 discipli-

2074 3065 2307 3121 honore
2333 3081 2429 3121 me
2457 3064 2643 3121 nimio
2682 3066 2795 3120 hac
2836 3064 3146 3137 sapientia
3194 3063 3372 3119 laude
3431 3062 3698 3133 dignaris
3730 3081 3746 3132 ;

2077 3169 2189 3224 ego
2222 3169 2363 3210 vero
2421 3169 2621 3210 meam
2673 3167 3001 3226 personam
3047 3151 3336 3208 humilem
3393 3150 3746 3222 virtutisque

2077 3243 2344 3317 inopem,
2381 3243 2530 3300 sicut
2559 3247 2667 3315 est,
2704 3242 2878 3298 video
2903 3246 2960 3298 et
2987 3257 3273 3311 agnosco.
3299 3243 3514 3295 Verum
3538 3244 3748 3294 utcun-

2076 3348 2194 3406 que
2224 3349 2288 3389 se
2316 3332 2539 3389 habeat
2590 3331 2884 3406 pusillitas
2940 3346 3097 3398 mea,
3147 3329 3262 3386 hoc
3321 3332 3524 3384 tamen
3571 3327 3741 3383 nefas

2075 3422 2532 3479 inhumanitatis
2572 3421 2884 3478 admittere
2941 3436 3050 3477 nec
3103 3419 3253 3475 velle
3306 3432 3415 3474 nec
3438 3433 3616 3491 posse
3644 3432 3741 3472 me

2077 3510 2286 3579 fateor,
2316 3514 2384 3567 ut
2412 3513 2465 3567 te
2489 3510 2564 3566 de
2584 3509 2868 3567 arumnis
2889 3511 3110 3566 sancta
3137 3506 3409 3563 Ecclesia
3436 3505 3561 3561 sine
3583 3521 3742 3561 com-

2074 3599 2356 3674 passione
2421 3598 2664 3672 zeloque
2707 3597 2950 3670 justitia
3008 3596 3253 3653 audiam
3290 3594 3736 3669 quarelantem.

2073 3691 2146 3744 At
2173 3687 2319 3760 quia
2338 3687 2682 3760 compassio
2709 3685 2813 3743 ubi
2866 3686 3045 3742 corde
3103 3688 3395 3757 concepta
3433 3687 3544 3754 est,
3596 3698 3741 3737 mox

2074 3776 2545 3835 consolationem
2571 3775 2744 3832 edere
2773 3774 2985 3845 gliscit,
3017 3778 3074 3830 et
3103 3774 3350 3846 plagam
3379 3772 3618 3828 ultionis
3646 3771 3737 3826 in-

2071 3865 2275 3936 ﬂigere
2304 3865 2482 3933 zelus,
2505 3881 2738 3937 nosque
2796 3869 2997 3919 tamen
3027 3863 3105 3919 ad
3130 3862 3395 3935 primum
3439 3876 3625 3933 quam
3656 3859 3736 3917 ad

2075 3954 2409 4011 secundum
2454 3954 2765 4027 proniores
2842 3967 2972 4008 esse
3018 3955 3269 4026 oportet,
3312 3965 3425 4020 ego
3489 3965 3733 4023 quoque

2070 4042 2426 4118 priusquam
2447 4042 2639 4099 zelum
2668 4041 2731 4096 in
2761 4044 2895 4097 tuos
2925 4041 3128 4099 hostes
3159 4056 3491 4110 exerceam,
3519 4055 3732 4097 conso-

2068 4132 2282 4191 latoria
2312 4132 2612 4189 teratione
2642 4130 2956 4187 convenio.
2986 4134 3149 4203 Rogo
3178 4130 3401 4206 itaque,
3431 4131 3630 4203 frater,
3656 4146 3732 4188 ne

2070 4256 2283 4298 nomen
2313 4246 2631 4311 usurpant.
2664 4240 2937 4297 Pallium
2985 4240 3214 4311 duplex
3233 4243 3296 4298 in
3316 4242 3584 4311 sinistra,
3631 4241 3734 4299 sed

280 4332 451 4379 nam,
476 4308 601 4386 qu'a
643 4315 858 4387 seipsos
884 4317 942 4369 et
992 4311 1255 4367 subditos
1298 4308 1503 4380 regere
1548 4308 1761 4387 debent
1785 4322 1810 4380 ;
1848 4324 1963 4379 per
1994 4315 2038 4369 D
2068 4313 2327 4382 simplex
2350 4313 2413 4369 in
2434 4308 2959 4387 dextra,quia‘vita
2983 4308 3268 4387 priesens,
3284 4329 3418 4387 qua
3426 4330 3540 4384 per
3552 4308 3727 4387 sinis:

283 4389 451 4444 hanc
478 4381 823 4456 acquiritur
843 4389 1078 4456 torques
1105 4395 1316 4456 aurea,
1338 4397 1523 4456 quam
1554 4381 1812 4456 legitime
1840 4396 1961 4438 cer-

286 4465 483 4514 tantes
510 4452 920 4525 accipiunt,de
948 4452 1067 4525 qua
1084 4454 1371 4525 Salomon
1388 4453 1452 4525 in
1482 4452 1770 4525 Proverb.
1794 4467 1818 4508 .·
1839 4457 1958 4525 Au-

284 4530 370 4596 ὼ,
419 4528 505 4584 ﬁli
539 4522 1054 4601 mi_,'_disciplinam
1083 4524 1287 4601 patris
1317 4523 1422 4591 tui,
1453 4528 1510 4601 et
1531 4523 1725 4601 legem
1750 4522 1960 4601 matris

286 4594 426 4667 tua,
452 4604 520 4655 ut
559 4594 1033 4667 addatur‘gratia
1063 4594 1243 4668 capiti
1272 4598 1497 4668 tuo,7et
1528 4599 1774 4667 torques
1806 4594 1959 4651 collo

286 4677 415 4728 tuo.
448 4671 723 4726 Pallium
744 4669 816 4725 de
836 4670 983 4725 lana
1003 4667 1370 4735 contextum,
1395 4667 1617 4723 habens
1639 4668 1957 4735 circulum,

285 4748 398 4799 etc.
429 4743 578 4798 Haec
616 4742 817 4796 omnia
863 4739 1192 4795 moralibus
1217 4742 1359 4794 sunt
1386 4738 1615 4795 imbuta
1636 4739 1957 4809 mysteriis,

285 4822 341 4871 et
371 4814 554 4869 dictis
572 4812 830 4882 gravida
858 4811 1270 4882 sacramentis.
1328 4810 1401 4864 In
1434 4811 1579 4866 lana
1616 4812 1838 4882 quippe
1860 4824 1959 4865 no-

286 4890 460 4942 tatur
491 4880 807 4953 asperitas,
829 4884 893 4938 in
922 4881 1183 4938 candore
1212 4880 1543 4951 benignitas
1583 4880 1954 4953 designatur.

281 4959 444 5013 Nam
476 4951 877 5012 ecclesiastica
909 4953 1253 5022 disciplina,
1298 4958 1510 5009 contra
1551 4951 1800 5009 rebelles
1829 4951 1958 5007 obs-

285 5031 515 5084 tinatos
546 5027 916 5082 severitatem
947 5029 1199 5089 exercet,
1223 5024 1326 5079 sed
1352 5038 1498 5093 erga
1519 5025 1873 5093 paenitentes
1902 5028 1959 5080 et

283 5100 550 5157 humiles
570 5097 805 5154 exhibet
830 5097 1134 5166 pietatem.
1174 5096 1504 5164 Propterea
1532 5096 1607 5151 de
1662 5096 1807 5152 lana
1836 5110 1956 5151 non

283 5170 613 5241 cujuslibet
635 5169 940 5236 animalis,
963 5166 1218 5241 sed_ovis
1249 5172 1483 5241 tantum
1514 5167 1797 5241 efﬁcitur.
1832 5166 1960 5222 Cir-

283 5238 463 5299 culus
490 5241 695 5311 pallii,
723 5255 836 5309 per
867 5254 1039 5311 quem
1065 5238 1299 5293 humeri
1322 5240 1842 5309 constringuntur,
1874 5242 1958 5311 est

280 5315 470 5370 timor
491 5309 763 5380 Domini,
785 5309 897 5381 per
920 5324 1094 5381 quem
1123 5323 1307 5381 opera
1357 5314 1727 5379 coercentur,
1760 5325 1837 5366 ne
1865 5309 1959 5366 vel

279 5386 367 5442 ad
395 5385 621 5440 illicita
651 5380 945 5453 deﬂuant
972 5382 1066 5437 vel
1095 5380 1176 5436 ad
1221 5381 1526 5453 superﬂua
1577 5381 1954 5438 relaxentur.

281 5458 564 5526 Quatuor
586 5451 801 5526 cruces
833 5458 973 5509 sunt
1003 5453 1254 5508 virtutes
1286 5451 1647 5526 cardinales,
1680 5453 1957 5526 justitia,

274 5523 610 5600 fortitudo,
639 5525 986 5600 prudentia,
1024 5523 1440 5600 temperantia,
1462 5537 1596 5596 qua
1621 5523 1742 5600 nisi
1765 5524 1961 5600 crucis

285 5563 1712 5667 Ὲίιῖιὲἓῖἴέἂὲριἵὲῖῖἐ’Ξῖῦἐῷἇέίὲῇἱάἳ,’ἲῖίςέ¹ιῖΐειὲὃῗ
1720 5563 1964 5654 Ξ)ξῆιὶἱὲ

2070 4390 2227 4441 tram
2252 4383 2861 4457 signiﬁcatur,mul_tis
2883 4389 2969 4439 est
2987 4383 3258 4455 subjecta
3284 4383 3602 4457 molestiis;
3624 4385 3727 4442 sed

2068 4457 2191 4513 vita
2218 4455 2456 4526 futura,
2474 4470 2605 4529 qua
2616 4470 2732 4526 per
2750 4455 3029 4529 dextram
3070 4457 3469 4528 signiﬁcatur,
3497 4459 3562 4512 in
3579 4455 3725 4512 una

2067 4542 2297 4598 semper
2323 4528 2621 4584 collocata
2641 4532 2723 4584 est
2746 4528 3106 4599 quiete.Tres
3116 4544 3262 4584 acus
3275 4543 3406 4598 quae
3422 4528 3613 4597 pallio
3629 4529 3722 4582 in-

2064 4600 2341 4670 ﬁguntur
2355 4605 2495 4657 ante
2505 4605 2918 4669 pectus,super
2934 4599 3243 4655 humerum
3254 4600 3723 4668 sinistrum,post

2070 4669 2328 4752 tergum,
2343 4672 2668 4752 designant
2690 4671 3153 4752 compassioneni
3170 4670 3376 4752 officii,
3398 4669 3719 4752 districtio-

2070 4739 2201 4799 nem
2208 4739 2712 4814 judicii,quorum
2726 4739 2926 4811 prima
2940 4741 3153 4810 pungit
3169 4739 3722 4814 animum,secunda

2060 4828 2176 4884 per
2203 4810 2486 4881 laborem,
2507 4814 2685 4870 tertia
2716 4827 2831 4882 per
2860 4818 3166 4867 terrorem.
3217 4811 3426 4884 super
3439 4810 3720 4866 dextrum

2069 4881 2381 4942 humerum
2409 4900 2531 4940 non
2556 4881 2855 4955 inﬂigitur
2896 4896 3058 4955 acus,
3082 4881 3365 4955 quoniam
3402 4881 3467 4935 in
3496 4886 3721 4938 aeterna

2067 4957 2263 5027 quiete
2271 4955 2480 5011 nullus
2496 4961 2578 5011 est
2596 4951 2944 5027 afﬂictionis
2955 4951 3218 5027 aculeus.
3230 4951 3391 5027 licus
3409 4957 3491 5027 est
3511 4966 3718 5023 aurea,

2065 5022 2169 5084 sed
2189 5027 2445 5098 inferius
2462 5022 2722 5095 acuta,et
2734 5023 3006 5098 superius
3024 5022 3568 5098 rot_unda,lapidem
3587 5022 3722 5080 con-4

2069 5091 2763 5173 tinenspretiosum,g'_uia
2788 5091 3286 5173 nimirumbonus
3311 5091 3524 5173 pastor
3535 5110 3718 5173 prop-

2068 5175 2159 5226 ter
2180 5162 2389 5225 curam
2434 5162 2704 5224 animiin
2736 5163 2909 5221 terris
2953 5162 3276 5232 afﬂigitur,
3308 5162 3411 5222 sed
3452 5167 3512 5221 in
3535 5162 3719 5223 'ca'lis

2065 5239 2432 5295 aternaliter
2460 5236 2869 5299 coronabitur,
2887 5232 2991 5289 ubi
3002 5234 3323 5303 pretiosam
3371 5237 3544 5294 illam
3561 5253 3720 5294 mar-

2064 5309 2616 5382 garitumhabebit.
2642 5308 2801 5382 Cum
2833 5305 3028 5375 pallio
3053 5305 3164 5361 isto
3193 5309 3504 5378 confertur
3523 5310 3721 5379 ponti-

2062 5377 2258 5453 ﬁcalis
2282 5380 2472 5453 ofﬁcii
2482 5377 2961 5449 plenitudo,nam
2978 5377 3720 5453 antequam’metropolita-

2066 5447 2389 5523 nus-pallio
2419 5447 2750 5517 decoretur,
2791 5464 2911 5523 non
2949 5447 3114 5523 debet
3128 5447 3390 5523 clericos
3413 5447 3716 5523 ordinare,

2063 5521 2373 5597 pontiﬁces
2394 5537 2788 5597 _con_secrare_,_
2812 5521 2911 5597 ve_l_
2960 5521 3233 5577 ecclesias
3263 5522 3558 5579 dedicare.
3592 5522 3717 5577 Huc

2068 5591 2260 5672 usque
2290 5594 2598 5651 Lotharius
2628 5591 2967 5651 cardinalis.
