4018 6176
301 196 408 250 243

1366 194 1421 250 S.
1462 193 1807 250 FULBERTI
1837 190 2315 249 CARNOTENSIS
2355 192 2688 251 EPISCOPI.

3624 189 3741 247 κδ

299 314 358 371 vi
384 314 791 372 molestiarum
816 313 1115 386 impulsus
1143 313 1519 370 indiscretius
1544 313 1843 370 irascaris.
1880 316 1959 368 Ne
1991 317 2036 369 Α
2066 313 2221 370 infra
2248 316 2381 370 octo
2405 312 2534 369 dies
2565 329 2637 369 ex
2666 328 2789 386 quo
2819 312 2919 369 illa
2975 311 3275 386 expeditio
3294 312 3391 368 vel
3443 312 3604 369 facta
3626 312 3746 369 erit

301 404 448 460 forte
478 404 555 460 ad
584 403 1038 476 impatientiam,
1071 402 1210 458 inde
1249 404 1328 459 ad
1384 419 1556 459 arma
1576 417 1959 476 prorumpas,

299 499 357 550 et
390 510 527 550 cum
560 492 831 562 gladium
861 492 1121 548 alienum
1152 493 1557 566 usurpaveris,
1578 497 1748 549 tuum
1779 490 1961 548 facias

298 598 421 639 non
451 581 662 637 timeri.
691 584 855 652 Rogo
887 581 1100 638 iterum
1152 598 1229 638 ne
1282 582 1391 638 fias
1421 582 1500 638 ob
1529 581 1784 637 multam
1805 580 1962 650 inju-

297 672 448 726 riam
484 670 686 740 tristis,
712 670 1088 726 turbulentus
1114 676 1173 726 et
1222 671 1458 740 anxius,
1509 671 1613 726 sed
1669 669 1961 724 delectare

300 775 538 831 semper
566 758 627 814 in
656 759 931 827 Domino,
964 764 1021 814 et
1063 759 1231 815 dabit
1286 759 1390 813 tibi
1421 758 1733 832 petitiones
1766 755 1962 811 cordis

296 850 399 905 tui.
439 849 880 904 Usumfructum
929 864 1067 904 vero
1099 849 1398 913 altarium,
1456 832 1639 921 quem
1688 846 1771 901 tui
1803 849 1965 901 ante-

298 954 567 994 cessores
615 938 782 994 laicis
837 937 1227 1005 tradiderunt,
1274 941 1327 992 te
1393 936 1625 993 alendis
1653 934 1956 990 debilibus

300 1027 543 1100 publica
599 1042 740 1082 voce
779 1026 1074 1081 destinare
1108 1026 1335 1081 suach
1369 1043 1381 1079 :
1419 1030 1542 1080 tum
1570 1040 1645 1079 ne
1674 1023 1811 1097 quis
1848 1023 1961 1078 illis

298 1117 434 1173 inde
462 1116 697 1172 fraudet
724 1115 970 1188 aliquid,
1006 1115 1373 1170 interminari
1399 1134 1411 1182 ;
1446 1120 1501 1169 et
1528 1114 1574 1168 si
1599 1112 1703 1185 qui
1723 1115 1786 1167 in
1807 1112 1963 1166 hanc

296 1206 570 1262 fraudem
602 1205 938 1277 irruperint,
997 1203 1148 1259 sicut
1192 1204 1351 1259 fures
1395 1219 1704 1259 sacrorum
1730 1208 1785 1257 et
1814 1202 1967 1257 occi-

304 1312 468 1350 sores
498 1310 835 1367 pauperum
860 1293 1241 1348 anathemate
1296 1292 1705 1348 condemnari.
1758 1295 1836 1346 Ne
1867 1307 1964 1368 ve-

296 1382 494 1445 rearis,
529 1398 756 1453 quaeso,
790 1381 1064 1437 homines
1096 1381 1441 1437 innocenter
1465 1381 1767 1437 offendere
1784 1396 1963 1452 prop-

297 1472 382 1526 ter
415 1470 755 1538 Dominum,
789 1475 854 1526 ut
912 1471 992 1526 sis
1023 1487 1093 1526 eo
1134 1472 1371 1540 dignus.
1436 1472 1493 1528 Si
1526 1474 1676 1526 Deus
1724 1486 1834 1542 pro
1885 1474 1960 1537 te,

295 1560 429 1634 quis
461 1565 669 1617 contra
694 1565 747 1615 te
776 1562 801 1615 ‘2
827 1563 922 1616 Est
946 1561 1103 1616 enim
1129 1577 1241 1634 pro
1264 1566 1316 1615 te
1345 1576 1582 1633 semper
1606 1560 1666 1614 in
1689 1576 1797 1615 sua
1829 1575 1965 1614 cau-

2067 403 2161 459 vel
2189 403 2414 459 omissa
2441 408 2763 459 venturum
2794 420 2855 459 se
2876 419 3012 459 esse
3034 403 3112 459 ad
3137 402 3366 474 justitia
3394 402 3741 475 pollicetur.

2069 492 2183 547 Sed
2202 493 2450 566 quando
2480 493 2575 549 ille
2595 492 3016 567 premissionis
3048 508 3172 548 suis
3199 490 3609 565 adimplenda:
3624 498 3747 549 ter-

2070 582 2304 638 minum
2352 583 2542 638 fixum
2570 598 2694 639 non
2724 582 2945 649 statuit,
2979 586 3037 638 et
3072 580 3275 638 multa!
3305 598 3505 639 causae
3534 587 3747 656 prote-

2068 671 2305 727 lationis
2331 671 2589 728 incidere
2615 671 3004 745 possunt,vel
3027 675 3184 728 certe
3213 687 3349 744 quas
3378 672 3557 728 nobis
3589 686 3748 727 con-

2065 760 2346 815 veniendi
2404 762 2675 817 adimant
2731 760 3095 829 facultatem,
3154 760 3505 829 suademus,
3547 761 3597 816 si
3627 761 3748 818 ho-

2067 855 2235 906 neste
2300 851 2427 906 ﬁeri
2475 851 2681 923 possit,
2750 865 2857 923 per
2906 854 3133 905 vestros
3178 851 3549 906 necessarios
3607 865 3749 906 rem

2069 939 2417 1005 accelerare,
2450 945 2507 995 et
2535 944 2803 995 vestrum
2834 938 3002 994 vobis
3032 944 3304 995 casatum
3334 939 3580 995 ﬁrmiter
3607 940 3747 995 alli-

2070 1044 2231 1097 gare.
2267 1029 2508 1084 Nescitis
2540 1028 2700 1083 enim
2722 1028 2870 1101 quid
2909 1027 3149 1084 fortuna
3172 1029 3483 1102 parturiat.
3518 1029 3745 1085 Valete.

2394 1120 2725 1174 EPISTOLA
2756 1120 2991 1174 LXXXIX
3025 1117 3189 1189 [olim
3221 1118 3417 1190 XLIV].

2605 1207 2795 1271 (Circa
2827 1222 2923 1261 an.
2952 1207 3183 1279 eumd.)

2070 1294 2291 1350 Sancto
2316 1300 2368 1351 et
2400 1295 2660 1365 sapienti
2701 1298 2830 1352 viro
2858 1297 2921 1351 G.
2955 1296 3163 1352 abbati
3188 1301 3243 1352 et
3267 1296 3750 1367 archiepiscopo,

2145 1388 2204 1441 F.
2223 1387 2465 1441 humilis
2488 1387 2815 1455 cpiscopus,
2830 1401 2982 1442 vero?
3004 1386 3338 1443 dilectionis
3362 1388 3669 1456 aﬂectum.

2144 1475 2380 1529 Noverit
2399 1474 2718 1548 prudentia
2750 1479 2963 1545 vestra,
2996 1480 3200 1531 sancte
3214 1478 3411 1543 Pater,
3440 1476 3609 1549 quod
3631 1477 3753 1531 do-

2074 1564 2274 1620 minus
2294 1568 2353 1620 T.
2388 1564 2581 1621 abbas
2606 1564 2921 1621 discedens
2950 1566 3245 1621 tristitiam
3290 1566 3466 1621 nobis
3501 1566 3753 1639 reliquit

294 1666 361 1705 sa
389 1653 561 1718 Deus,
596 1656 685 1706 est
708 1650 887 1706 etiam
922 1656 1140 1718 tecum,
1190 1654 1255 1705 ut
1284 1650 1400 1706 ait:
1433 1651 1585 1706 Ecce
1628 1666 1732 1719 ego
1781 1650 1962 1705 vobis-
1993 1668 2034 1723 Β
2071 1658 2127 1709 et
2155 1653 2454 1726 lacrymas
2489 1672 2501 1709 :
2532 1669 2653 1710 non
2684 1654 2849 1727 quod
2874 1654 3281 1711 innocentiam
3311 1655 3459 1726 ejus,
3487 1657 3539 1710 si
3558 1660 3748 1726 esset,

294 1756 426 1795 cum
451 1755 581 1795 sum
630 1740 900 1796 omnibus
932 1739 1133 1795 diebus
1168 1755 1351 1811 usque
1402 1740 1483 1795 ad
1506 1738 1960 1795 consummatio-

296 1845 425 1885 nem
450 1831 657 1885 safculi
711 1830 951 1898 (Matth.
1010 1844 1210 1893 xxvm,
1246 1830 1356 1900 '20).
1420 1828 1573 1894 Quid
1605 1844 1747 1897 ergo
1794 1827 1962 1882 times

293 1917 613 1973 defendere
647 1916 743 1971 Dei
777 1932 1044 1985 causam,
1080 1932 1218 1971 cum
1246 1916 1371 1989 ipse
1404 1921 1599 1971 tecum
1627 1915 1699 1970 sit
1720 1913 1797 1970 ad
1830 1930 1965 1970 coo-

297 2005 637 2078 perandum
665 2021 773 2078 pro
802 2009 876 2072 te,
934 2004 1007 2061 sit
1049 2004 1125 2059 ad
1182 2004 1500 2060 tutandum
1532 2005 1559 2059 ?
1618 2003 1962 2061 Confortare

294 2094 514 2167 itaque,
557 2093 753 2161 frater,
787 2093 847 2149 in
885 2093 1155 2161 Domino,
1198 2098 1255 2149 et
1304 2094 1364 2148 in
1414 2092 1682 2166 potentia
1730 2092 1963 2148 virtutis

295 2183 465 2254 ejus:
502 2181 858 2252 confortare,
914 2182 1187 2254 inquam,
1237 2182 1471 2237 confide
1526 2186 1582 2237 et
1620 2182 1835 2251 gaude,
1870 2197 1966 2236 cx-

296 2270 451 2327 sulta
480 2276 537 2327 et
563 2270 843 2344 tripudia,
873 2274 928 2325 et
958 2270 1135 2325 alacri
1165 2270 1368 2325 animo
1396 2270 1472 2326 ad
1513 2272 1815 2325 certamen
1832 2269 1962 2341 ejus

294 2360 568 2433 prolude,
602 2377 742 2416 cum
764 2360 1056 2433 propheta
1082 2359 1338 2415 dicendo
1366 2376 1377 2413 :
1409 2360 1960 2431 Congratulamini,

294 2451 530 2521 populi,
562 2456 616 2507 et
648 2450 977 2519 vincimini,
1011 2449 1402 2519 accingimini
1432 2464 1552 2518 vos,
1606 2449 1750 2503 inite
1777 2448 1966 2503 consi-

300 2540 443 2594 lium
478 2544 534 2595 et
563 2539 997 2608 dissipabitur:
1030 2538 1347 2608 loquimini
1371 2537 1612 2593 verbum
1636 2543 1689 2593 et
1704 2553 1821 2593 non
1840 2537 1963 2606 ﬁet,

295 2629 437 2698 quia
472 2628 631 2682 vobis
662 2642 796 2681 cum
824 2627 1113 2681 Dominus
1144 2627 1285 2695 (Isa.
1318 2642 1436 2693 vuI,
1471 2628 1545 2697 9).
1576 2628 1640 2680 Et
1664 2625 1807 2695 quia
1839 2641 1965 2680 cer-

295 2720 354 2771 to
387 2715 512 2771 scio
544 2730 931 2770 communem
982 2714 1302 2770 Dominum
1363 2713 1467 2769 tibi
1514 2714 1575 2768 in
1630 2729 1740 2769 sua
1782 2729 1967 2770 causa

294 2820 423 2861 esse
454 2803 993 2877 patrocinaturum,
1054 2819 1150 2858 me
1194 2818 1437 2876 quoque
1488 2801 1793 2857 servulum
1837 2803 1965 2873 ejus

292 2910 415 2949 non
446 2892 791 2949 defuturum
822 2908 950 2947 esse
980 2891 1282 2966 polliceor,
1304 2892 1428 2947 sive
1459 2891 1537 2947 ad
1567 2891 1967 2947 coercendum

299 2998 516 3039 manus
547 2981 1060 3056 persequentium,
1096 2982 1219 3037 sive
1268 2981 1345 3037 ad
1398 2997 1505 3036 ora
1559 2980 1968 3036 contradicen-

297 3069 443 3127 tium
475 3068 865 3126 obstruenda.
897 3069 984 3125 Ad
1016 3087 1324 3126 summum
1355 3074 1557 3125 autem
1603 3085 1881 3125 securum
1912 3075 1966 3126 te

295 3160 671 3234 requiescere
693 3159 880 3232 jubeo
910 3159 1061 3215 inter
1091 3160 1325 3215 medios
1358 3158 1569 3215 eleros.
1611 3160 1881 3231 quandiu
1914 3162 1968 3215 te

294 3249 540 3306 audiero
565 3247 1048 3322 persecutoribus
1106 3247 1379 3305 Ecclesiae
1429 3263 1553 3304 non
1638 3248 1966 3305 cedentem.

298 3336 741 3395 Gualerannum
772 3354 935 3403 vero,
956 3341 1016 3393 ut
1044 3336 1629 3411 petisti,conveniam
1658 3355 1670 3403 ;
1705 3341 1760 3391 et
1785 3353 1971 3393 causa

299 3425 596 3495 discussa,
651 3426 798 3500 quid
850 3426 989 3481 inde
1048 3426 1320 3492 sentiam,
1376 3425 1469 3479 vel
1499 3423 1646 3496 quid
1673 3429 1725 3479 te
1775 3423 1969 3482 facere

301 3521 592 3589 oporteat,
619 3519 721 3571 aut
740 3515 938 3571 verbis
962 3520 1065 3570 aut
1101 3514 1306 3570 litteris
1329 3510 1893 3570 innotescam.Vale.

616 3605 955 3661 EPISTOLA
996 3605 1258 3659 LXXXVII
1292 3602 1455 3675 [olim
1488 3603 1662 3674 XLII].

799 3691 989 3759 (Circa
1018 3707 1249 3747 annum
1290 3693 1469 3755 1025.)

298 3782 481 3838 Patri
499 3787 553 3838 et
586 3783 925 3853 coepiscopo
957 3783 1258 3850 FRANCONI,
1290 3783 1607 3837 FL’LBERTITS
1642 3782 1966 3851 episcopus.

383 3870 763 3928 Gualeranno
794 3870 911 3927 nisi
958 3870 1179 3926 litteras
1225 3868 1577 3941 hujusmodi
1611 3869 1973 3927 :Fulbertus

300 3963 608 4033 episcopus
660 3961 1048 4018 Gualeranno
1068 3962 1214 4029 plus
1247 3961 1490 4016 honoris
1520 3975 1699 4031 quam
1754 3962 1827 4016 sit
1860 3977 1975 4018 me-

302 4052 477 4107 ritus.
509 4053 693 4122 Rogo,
723 4051 943 4122 frater,
974 4057 1026 4107 et
1058 4066 1282 4116 moneo,
1314 4055 1377 4104 ut
1436 4051 1712 4105 emendas
1762 4052 1973 4121 culpas

302 4156 451 4212 quas
483 4140 661 4196 habes
690 4145 901 4195 contra
927 4140 1267 4211 Dominum,
1296 4143 1349 4195 et
1376 4154 1486 4208 me,
1516 4145 1569 4195 el
1595 4139 1971 4196 Parisiorum

302 4229 663 4297 episcopum,
692 4227 797 4297 qui
821 4228 1268 4296 complanatum
1316 4228 1467 4297 facit
1496 4227 1569 4283 de
1594 4232 1667 4284 te.
1705 4229 1873 4296 Quod
1923 4230 1977 4284 si

2071 1742 2459 1815 nequiremus
2490 1742 2680 1799 facere
2713 1747 2923 1811 tutam,
2967 1744 3069 1799 sed
3127 1742 3270 1816 quia
3328 1743 3569 1816 culpam
3631 1760 3748 1800 nec

2072 1848 2330 1904 purgare
2362 1848 2469 1887 nec
2495 1836 2687 1902 tegere
2713 1837 3080 1905 poteramus.
3141 1830 3305 1889 Unde
3335 1832 3384 1888 si
3412 1838 3610 1889 vestro
3633 1833 3750 1889 du-

2071 1926 2205 1976 catu
2235 1921 2407 1993 quasi
2440 1921 2517 1977 ad
2548 1920 3051 1978 examinationem
3078 1921 3281 1977 venire
3316 1921 3553 1978 affectat
3600 1939 3747 1979 cum

2072 2009 2334 2082 periculo
2366 2010 2456 2065 sui
2488 2010 2732 2080 gradus,
2764 2016 2820 2065 et
2866 2009 3176 2066 communi
3221 2010 3511 2067 dedecore
3542 2027 3749 2068 sacer-

2071 2099 2303 2169 dotum,
2357 2104 2607 2154 conatus
2667 2099 2797 2170 ejus
2851 2098 3189 2155 inefﬁcaces
3265 2100 3464 2169 sagaci
3510 2101 3748 2157 ratione

2073 2205 2453 2261 compescere
2483 2205 2591 2245 vos
2622 2194 2873 2262 oportet,
2916 2194 3216 2245 servantes
3275 2189 3419 2245 illud
3463 2190 3752 2263 apostoli-

2072 2296 2211 2335 cum
2245 2298 2257 2334 :
2291 2282 2361 2336 Si
2380 2286 2833 2350 praeoccupatus
2881 2281 3068 2349 fuerit
3103 2279 3276 2337 homo
3317 2283 3378 2335 in
3404 2282 3615 2351 aliqua
3642 2282 3749 2338 de-

2075 2370 2232 2435 licto,
2265 2373 2374 2437 etc,
2415 2370 2633 2440 (Galat.
2672 2386 2743 2435 Vl,
2778 2370 2847 2439 1).
2881 2368 3039 2424 Vale.

2474 2475 2808 2531 EPISTOLA
2839 2477 2922 2532 XC
2965 2474 3129 2546 [olim
3160 2475 3333 2547 XLV].

2608 2564 2794 2635 (Circa
2834 2580 2931 2620 an.
2976 2565 3208 2636 eumd.)

2070 2656 2324 2711 Domino
2375 2654 2555 2710 Patri
2608 2660 2661 2709 et
2716 2656 3058 2724 coepiscopo
3110 2669 3216 2709 suo
3259 2657 3348 2722 A.,
3391 2655 3745 2725 FULBERTUS,

2377 2744 2641 2799 omnium
2682 2744 3148 2813 expetendorum
3176 2758 3428 2800 summa.

2146 2832 2390 2889 Gaudeo
2419 2831 2605 2901 signis
2661 2831 2840 2889 ofﬁcii
2886 2833 3065 2890 vestri
3097 2849 3306 2889 curam
3343 2832 3570 2888 habere
3616 2849 3753 2890 mo-

2076 2921 2381 2988 nentibus,
2399 2920 2565 2995 quod
2584 2937 2682 2977 me
2709 2920 2933 2993 alloqui
2959 2921 3157 2987 vultis,
3170 2922 3335 2995 quod
3347 2922 3747 2994 querimonias

1999 3023 2037 3077 ε
2075 3016 2296 3067 nostrae
2317 3010 2501 3066 ﬁnem
2526 3009 2741 3079 facere,
2779 3010 2943 3084 quod
2975 3009 3202 3066 incesta
3232 3010 3532 3067 connubia
3561 3011 3745 3067 casti-

2075 3116 2236 3172 gare.
2272 3101 2421 3156 Sunt
2468 3099 2629 3155 enim
2671 3099 2799 3155 haec
2857 3099 3127 3168 studiosi,
3181 3099 3329 3170 justi
3384 3104 3559 3172 atque
3588 3100 3744 3156 casti

2077 3189 2265 3246 animi
2292 3189 2532 3245 indicia.
2590 3191 2658 3244 Et
2680 3187 2825 3261 quia
2855 3204 2952 3244 me
3000 3188 3090 3244 bis
3134 3188 3409 3258 gerendis
3438 3188 3598 3245 diem
3650 3188 3746 3245 lo-

2076 3294 2337 3350 cumque
2371 3282 2626 3333 statuere
2675 3276 2969 3345 voluistis,
3025 3276 3100 3333 sit
3138 3276 3265 3333 dies
3316 3276 3379 3332 in
3422 3294 3463 3332 x
3490 3276 3745 3333 Kalend.

2076 3368 2280 3435 Martii,
2314 3366 2481 3422 locus
2512 3365 2873 3435 Masingiaci.
2913 3366 3085 3432 Quod
3141 3366 3191 3421 si
3219 3367 3546 3437 occurritis,
3603 3368 3749 3423 Hai-

2078 3471 2323 3511 monem
2355 3456 2656 3512 adducere
2712 3460 3073 3512 mementote
3107 3474 3119 3510 :
3154 3455 3420 3528 alioquin
3445 3456 3749 3526 resignate

2076 3544 2225 3601 mihi
2254 3546 2621 3618 tempestive,
2652 3561 2727 3602 ne
2756 3545 2979 3601 frustra
3004 3544 3164 3601 viam
3219 3546 3370 3602 tanti
3395 3545 3621 3603 laboris
3652 3546 3750 3601 in-

2079 3634 2340 3703 grediar.
2367 3635 2581 3692 Valete.

2449 3744 2783 3800 EPISTULA
2810 3746 2919 3800 XCI
2949 3742 3116 3814 [olim
3150 3742 3365 3816 LXXII].

2710 3834 2905 3903 (Anno
2939 3834 3117 3904 1025.)

2079 3940 2403 3997 FL'LBERTUS
2433 3942 2547 3997 Dei
2571 3941 2777 4011 gratia
2818 3940 3273 3996 Carnotensium
3301 3940 3631 4011 episcopus,
3661 3942 3755 3996 RI-

2151 4046 2368 4086 cumno
2392 4031 2615 4101 abbati,
2643 4034 2696 4085 et
2727 4030 2997 4085 omnibus
3024 4031 3222 4085 sancti
3238 4029 3520 4086 Medardi
3542 4044 3753 4085 mona-

2153 4118 2277 4175 chis
2303 4121 2592 4177 orationis
2621 4120 3005 4189 suffragi-um.

2152 4207 2431 4270 Quandiu
2469 4208 2542 4264 de
2586 4207 2755 4263 vobis
2781 4222 2916 4280 quae
2947 4207 3021 4263 de
3070 4205 3245 4262 bonis
3276 4208 3331 4263 et
3373 4206 3754 4280 sapientibus

302 4330 423 4371 non
447 4296 663 4384 feceris
691 4296 833 4371 ante
880 4313 1138 4370 medium
1175 4296 1727 4387 Quadragesimam,
1758 4317 1976 4374 abinde
2010 4378 2043 4387 _
2080 4297 2223 4387 ῖίνίε
2283 4298 2647 4365 ἃυάίνίωυδν
2697 4297 3029 4387 gaudentes
3060 4296 3341 4387 Domino,
3362 4296 3582 4387 Statius
3615 4312 3758 4387 {1897

298 4404 562 4475 facimus
590 4404 663 4461 de
693 4410 747 4462 te
774 4404 926 4460 sicut
957 4404 1030 4460 de
1062 4404 1296 4460 homine
1320 4407 1425 4477 qui
1441 4408 1712 4477 graviter
1736 4413 1960 4478 peccat,

2147 4402 2317 4443 imus.
2380 4390 2452 4443 At
2500 4402 2660 4441 nunc
2718 4385 2955 4441 sinistro
3028 4401 3270 4441 rumore
3326 4385 3442 4441 laeti
3492 4385 3562 4457 [Γ.
3622 4385 3755 4442 laesi

303 4498 357 4550 et
384 4509 506 4548 non
538 4494 663 4549 vult
694 4493 1021 4550 emendari.
1060 4492 1116 4549 Si
1146 4508 1289 4563 ergo
1329 4493 1739 4552 Gualerannus
1762 4513 1825 4552 se
1850 4513 1972 4553 non

297 4581 711 4655 justiﬂcaverit
768 4582 942 4639 vobis
987 4585 1123 4638 ante
1154 4582 1475 4639 terminum
1529 4586 1971 4660 praescriptum,

304 4675 447 4728 tunc
467 4670 638 4728 facile
662 4671 737 4729 de
763 4670 864 4729 illo
894 4670 1291 4727 ministerium
1319 4674 1747 4732 vestrum.Vale
1763 4691 1976 4749 quam-

305 4761 658 4836 plurimum.

592 4852 931 4911 EPISTOLA
970 4853 1257 4908 LXXXVIII
1287 4851 1455 4923 [olim
1485 4855 1687 4927 XLIII].

810 4941 1000 5014 (Circa
1029 4956 1259 4998 annum
1289 4945 1473 5010 1025.)

306 5027 629 5105 Petitaurus
659 5031 771 5105 Dei
792 5032 994 5101 gratia
1038 5030 1426 5105 Carnotensis
1456 5032 1783 5105 episcopus,
1816 5048 1980 5090 vene-

381 5101 632 5157 rabilem
656 5103 905 5159 Patrem
954 5107 1011 5158 et
1063 5101 1490 5172 coepiscopum
1528 5119 1701 5160 suum
1752 5101 1809 5160 F.
1844 5119 1977 5161 cum

385 5174 610 5228 venerit
637 5174 927 5229 Dominus
956 5174 1251 5230 invenerit
1279 5175 1650 5245 vigilantem.

384 5277 802 5335 Commonitus
822 5294 860 5334 a
886 5278 1085 5349 legato
1105 5283 1300 5337 vestro
1318 5280 1734 5338 Gualerannus
1764 5281 1839 5339 de
1856 5282 1981 5355 jus-

308 5367 437 5424 titia
486 5367 912 5440 prosequenda
941 5368 1003 5424 in
1032 5369 1193 5425 diem
1219 5373 1277 5426 et
1313 5369 1515 5427 locum
1552 5371 1915 5429 destinatum
1942 5390 1979 5430 a

307 5456 479 5514 vobis
512 5456 823 5530 respondit
852 5474 913 5514 se
939 5474 1070 5515 esse
1091 5460 1513 5532 prmmonitum
1546 5460 1623 5517 ab
1651 5462 1855 5518 Odone
1883 5478 1979 5518 co-

308 5547 449 5604 mite
478 5546 592 5603 sub
647 5547 892 5604 nomine
947 5548 1305 5604 sacramenti
1336 5548 1410 5605 de
1438 5548 1713 5605 facienda
1743 5550 1983 5623 expedi-

312 5635 466 5693 tione
496 5640 704 5693 contra
719 5636 1047 5693 Fulconem
1068 5634 1226 5693 circa
1250 5636 1535 5694 eumdem
1560 5636 1742 5694 diem.
1757 5642 1974 5697 Verum

2079 4479 2172 4535 vel
2229 4477 2387 4550 tacti]
2445 4479 2704 4533 vestrum
2776 4475 3111 4548 periculum
3184 4475 3600 4532 formidamus.
3657 4476 3756 4532 Di-

2079 4571 2295 4623 cuntur
2320 4565 2481 4621 enim
2512 4563 2688 4621 vestri
2727 4562 3039 4619 domestici
3071 4563 3292 4620 atrium
3337 4569 3392 4619 et
3430 4562 3755 4620 ecclesiam

2078 4654 2237 4711 beati
2285 4654 2546 4711 Medardi
2579 4656 2825 4709 cruenta
2874 4653 3037 4709 crede
3074 4652 3354 4709 violasse.
3402 4652 3626 4709 Dicitur
3677 4654 3755 4710 de

2078 4743 2248 4800 vobis
2270 4742 2436 4816 quod
2487 4742 2548 4798 in
2578 4744 2789 4799 eadem
2819 4741 3035 4798 violata
3074 4742 3327 4798 ecclesia
3356 4741 3482 4797 sine
3514 4743 3757 4816 episeo-

2081 4833 2204 4906 pali
2244 4830 2725 4889 reconciliatione
2800 4833 2919 4887 Deo
2978 4829 3312 4887 sacriﬁcare
3364 4832 3755 4904 praesumitis.

2084 4922 2259 4989 Quod
2304 4922 2352 4979 si
2407 4937 2619 4978 verum
2677 4925 2785 4991 est,
2837 4918 3104 4993 profecto
3134 4920 3526 4993 praesumptio
3549 4920 3672 4977 ista
3702 4928 3761 4979 et

2080 5026 2240 5068 nova
2268 5016 2377 5077 est,
2423 5014 2480 5066 et
2503 5009 2709 5075 nimia,
2744 5014 2801 5065 et
2839 5008 3015 5064 bonis
3062 5008 3346 5064 omnibus
3375 5009 3753 5066 inseetanda.

2083 5099 2235 5165 Quid
2262 5100 2422 5156 enim
2467 5098 2610 5154 mali
2645 5100 2733 5154 est
2757 5097 2921 5170 quod
2983 5097 3045 5152 in
3100 5102 3307 5153 sancta
3340 5096 3601 5153 Ecclesia
3631 5114 3761 5155 ma-

2086 5189 2315 5246 chinari
2338 5186 2596 5260 incipitis
2622 5188 2649 5245 ?
2678 5185 2859 5242 Vultis
2881 5186 3024 5259 dare
3054 5190 3254 5258 partes
3271 5184 3566 5242 laicorum
3590 5203 3759 5260 pres-

2082 5278 2326 5351 byteris,
2361 5277 2851 5351 presbyterorum
2877 5275 3044 5332 laicis
3076 5277 3103 5331 ‘l
3161 5275 3267 5332 Ubi
3313 5275 3486 5331 vobis
3540 5292 3756 5334 conce-

2082 5369 2244 5425 ditur
2280 5368 2594 5425 ecclesiam
2623 5371 2727 5424 aut
2755 5381 2978 5422 novam
3008 5364 3306 5429 dedicare,
3338 5370 3442 5422 aut
3468 5366 3754 5439 profana-

2082 5462 2208 5514 tam
2234 5457 2614 5514 reconciliare
2644 5458 2671 5513 ?
2702 5455 2815 5512 Sed
2841 5470 2950 5511 nec
2979 5454 3219 5510 oratorii
3236 5453 3482 5527 quidem
3498 5456 3755 5512 domum

2080 5548 2255 5606 vobis
2277 5546 2591 5614 aedificare,
2638 5545 2753 5601 nisi
2808 5560 2913 5617 per
2954 5544 3309 5618 episcopum
3364 5543 3518 5600 licet.
3575 5544 3757 5601 Positi

2084 5653 2350 5712 namque
2379 5635 2523 5693 ostis
2546 5635 2795 5692 omnino
2826 5632 2941 5689 sub
2966 5636 3254 5708 potestate
3271 5631 3481 5706 ipsius,
3531 5633 3662 5705 qui,
3688 5637 3757 5689 ut
