4018 6176
193 185 304 240 245

1766 163 2155 222 EPISTOLE.

3579 178 3684 231 246

191 309 268 366 ait
299 304 731 373 Hieronymus,
762 293 1147 366 potestatem
1184 293 1372 349 habet
1396 295 1748 365 peccantem
1775 305 1900 346 mo-
1933 294 1979 346 A
2011 292 2201 344 Deum
2237 289 2466 352 timere.
2498 295 2740 347 sanctos
2769 292 3089 360 honorare,
3123 295 3450 353 Ecclesiam
3479 297 3684 354 defen.

187 395 466 455 nachum
493 387 727 446 tradere
762 384 1018 440 Satanae
1051 381 1113 436 in
1137 382 1451 439 interitum
1505 382 1721 438 carnis.
1788 378 1901 436 Sed

187 503 260 544 ne
281 497 488 558 parva
518 473 882 536 auctoritate
912 470 1106 526 fretus
1136 471 1268 527 htec
1301 472 1504 528 dicere
1536 470 1761 541 videar,
1786 474 1899 524 tes-

186 581 307 632 tem
340 570 498 630 mihi
529 567 724 635 allego
755 576 1068 632 magnam
1111 561 1430 632 synodum
1461 560 1900 617 Chalcedonen-

187 682 315 722 sem
348 655 814 726 duodetriginta
849 651 1298 724 episcoporum
1333 651 1451 707 sub
1501 665 1664 724 papa
1707 651 1896 704 Leone

187 755 306 811 sub
335 751 631 810 Martiano
659 744 943 819 principe
975 741 1385 810 celebratam,
1435 741 1497 796 in
1544 756 1667 812 qua
1725 742 1897 809 Euty-

187 847 330 902 ches
392 842 593 899 abbas
677 830 1408 903 Constantinopolitanus
1462 830 1897 887 condemnatus

187 940 292 991 est.
337 937 402 988 In
435 947 563 1004 qua
587 926 770 984 etiam
797 924 874 980 de
921 919 1300 994 supradictis
1353 920 1553 976 causis
1601 918 1896 974 sancitum

187 1029 320 1080 est:
379 1019 613 1077 Placuit
658 1013 968 1070 neminem
1016 1014 1114 1066 aut
1155 1008 1499 1078 aediﬁcare,
1558 1013 1660 1065 aut
1684 1006 1895 1063 consti-

186 1117 357 1168 tuere
385 1104 743 1165 monasterii
772 1103 1026 1158 domum
1056 1100 1186 1154 sine
1207 1100 1590 1155 conscientia
1610 1097 1799 1170 ipsius
1821 1095 1895 1152 ci-

186 1201 392 1257 vitatis
424 1195 696 1271 epis00pi
731 1210 744 1246 :
779 1208 884 1247 eos
916 1205 1055 1245 vero
1084 1188 1199 1261 qui
1245 1205 1365 1262 per
1391 1189 1656 1260 singulas
1695 1187 1893 1243 civita-

185 1296 273 1346 ws
295 1305 410 1345 seu
438 1283 862 1361 possessiones
889 1280 949 1335 in
977 1278 1382 1335 monasteriis
1417 1283 1573 1348 sunt,
1593 1277 1892 1348 subjectos

185 1395 319 1436 esse
352 1377 583 1433 debere
614 1372 926 1446 episcopo,
955 1373 1009 1423 et
1045 1367 1248 1440 quieti
1291 1382 1545 1439 operam
1598 1366 1764 1434 dare,
1816 1369 1893 1420 at-

184 1484 306 1541 que
337 1466 674 1522 observare
695 1458 929 1531 jejunia
965 1461 1019 1513 et
1035 1456 1360 1514 orationes
1391 1457 1452 1512 in
1483 1455 1630 1511 locis
1659 1455 1720 1510 in
1765 1453 1893 1527 qui-

187 1556 306 1610 bus
326 1551 526 1609 semel
556 1554 679 1606 Deo
709 1563 773 1603 se
799 1547 1170 1601 devoverunt
1204 1548 1642 1617 permanentes
1670 1561 1682 1599 :
1716 1547 1773 1599 et
1795 1558 1895 1598 ne-

2010 379 2173 447 dcre,
2203 379 2538 434 contemnis
2558 381 2768 446 Deum,
2799 386 3038 437 sanctos
3070 384 3421 450 :nhonoras,
3454 402 3549 442 res
3585 391 3684 443 Ec-

2008 467 2208 523 clesiae
2230 467 2468 524 invadis
2490 472 2547 524 et
2576 469 2774 524 aufers
2809 487 2821 524 :
2856 470 3192 542 periclitari,
3225 475 3524 547 quoniam
3577 478 3684 550 qui

2007 556 2151 613 talia
2204 561 2416 627 agunt,
2477 574 2603 614 non
2655 558 2881 614 habent
2928 565 3161 632 partem
3212 563 3274 618 in
3317 580 3508 636 regno
3558 567 3679 624 Dei.

2004 649 2254 719 Propter
2278 646 2408 702 haec
2432 651 2685 720 peccata
2713 647 2948 704 monuit
2963 649 3455 726 archiepiscopus
3493 655 3681 712 Turo-

2005 735 2214 790 nensis
2237 751 2452 791 omnes
2479 735 2795 809 episcopos
2825 742 3083 809 nostros,
3133 745 3189 796 et
3214 741 3368 797 inter
3399 743 3550 800 alios
3578 762 3676 802 me

2004 823 2317 897 pusillum,
2350 829 2416 880 ut
2445 830 2496 881 te
2518 827 3200 885 cxcommunicarcmus.
3233 831 3349 886 Sed
3404 849 3515 903 ego
3537 851 3676 890 cen-

2005 913 2096 968 sui
2126 913 2301 986 pium
2329 930 2478 981 esse,
2511 920 2576 970 ut
2606 921 2659 971 te
2690 916 2859 987 prius
2887 934 3199 974 monerem
3233 936 3245 973 :
3280 923 3339 975 et
3363 919 3673 996 deprecor,

2002 1006 2068 1058 ut
2104 1002 2341 1058 habeas
2372 1003 2845 1061 misericordiam
2871 1007 2946 1062 de
2985 1007 3189 1064 anima
3241 1011 3368 1074 tua,
3423 1009 3674 1082 placans

2003 1093 2217 1146 Deum.
2236 1093 2370 1147 Jam
2401 1091 2562 1148 enim
2587 1110 2776 1166 prope
2805 1099 2893 1150 est
2923 1099 3059 1150 tuus
3097 1096 3253 1152 finis.
3307 1098 3545 1154 Festina
3570 1099 3674 1169 igi-

2002 1184 2118 1249 tur,
2147 1197 2382 1253 quzeso,
2415 1182 2783 1238 reconciliari
2820 1184 3048 1241 Christo
3078 1185 3370 1242 Salvatori
3417 1193 3620 1244 nostro
3657 1207 3669 1257 ;

2000 1271 2148 1342 quia
2173 1287 2301 1326 non
2328 1276 2417 1328 est
2437 1271 2599 1327 salus
2622 1272 2856 1329 homini
2883 1274 2998 1330 nisi
3027 1291 3144 1354 per.
3163 1275 3385 1347 ipsum.
3421 1277 3579 1334 Tene
3610 1278 3672 1334 in

2001 1361 2302 1416 memoria
2331 1361 2767 1419 verbumhoc:
2820 1363 2931 1429 Qui
2975 1347 3318 1420 conﬁtendo
3375 1369 3432 1421 et
3475 1367 3669 1438 paeni-

2000 1447 2185 1504 tendo
2216 1449 2399 1506 ﬁnem
2442 1449 2583 1506 facit
2609 1451 2872 1524 peccatis
2903 1451 3046 1519 suis,
3095 1456 3422 1524 antequam
3451 1455 3668 1511 moria-

2001 1540 2116 1605 tur,
2149 1536 2337 1595 ﬁnem
2364 1539 2611 1596 habebit
2630 1541 2693 1596 in
2736 1540 2923 1596 altero
2953 1541 3173 1597 saeculo
3199 1557 3381 1615 poena
3435 1543 3624 1616 ipsius
3650 1563 3664 1613 ;

184 1661 306 1718 que
338 1639 824 1703 communicare,
848 1633 1294 1700 ecclesiasticas
1322 1634 1642 1690 saeculares
1659 1633 1892 1706 aliquas
1928 1645 1968 1698 Β
2002 1629 2058 1681 et
2085 1627 2194 1699 qui
2217 1629 2480 1718 peccatis
2509 1630 2864 1718 mortalibus
2888 1629 3238 1702 paenitendo
3271 1647 3394 1686 non
3423 1632 3564 1690 facit
3600 1634 3667 1689 ti-

187 1738 512 1792 attrectare
554 1729 844 1795 actiones,
885 1725 1305 1798 relinquentes
1368 1724 1615 1797 propria
1653 1740 1893 1780 monas-

187 1825 361 1891 teria,
393 1823 514 1880 nisi
546 1820 698 1876 forte
724 1817 1054 1889 jubeantur
1083 1820 1337 1888 propter
1379 1819 1664 1886 urgentes
1686 1831 1890 1871 neces-

190 1916 407 1971 sitates
437 1911 512 1966 ab
540 1908 736 1981 ipsius
767 1903 1022 1960 civitatis
1049 1901 1375 1976 episcopo.
1401 1906 1548 1958 Item
1575 1902 1634 1958 in
1654 1902 1886 1959 eadem:

187 2004 485 2061 Jubemus
509 1992 884 2055 monasteriis
915 1996 1033 2048 aut
1089 1991 1410 2064 martyriis
1445 1991 1798 2058 constitutis,
1828 1994 1892 2047 ut

188 2096 253 2152 in
284 2094 577 2168 potestate
598 2087 717 2144 sint
744 2085 867 2156 ejus
892 2081 1003 2154 qui
1032 2081 1098 2136 in
1125 2097 1196 2136 ea
1221 2086 1315 2139 est
1381 2080 1619 2137 civitate
1658 2081 1891 2154 episco-

188 2201 310 2260 pus
338 2179 682 2239 secundum
713 2172 1096 2232 traditionem
1135 2176 1506 2228 sanctorum
1529 2173 1789 2238 Patrum,
1813 2185 1889 2226 ne

191 2258 301 2350 per
317 2267 857 2347 praesumptionem
886 2258 1178 2350 recedant
1199 2276 1234 2316 a
1259 2276 1391 2316 suo
1419 2258 1743 2350 episcopo.
1779 2263 1890 2350 Eos

193 2348 339 2418 vero
366 2361 477 2434 qui
508 2357 643 2415 ausi
670 2353 888 2412 fuerint
932 2349 1289 2406 rescendere
1337 2348 1701 2418 hujusmodi
1731 2348 1891 2404 insti-

197 2453 523 2517 tutionem,
555 2457 922 2522 quocunque
959 2439 1165 2507 modo,
1197 2440 1296 2496 vel
1333 2439 1384 2493 si
1417 2437 1717 2493 noluerint
1742 2437 1888 2493 sub—

194 2544 398 2614 jacere
425 2537 681 2615 proprio
716 2534 999 2607 episcopo
1034 2547 1048 2584 :
1078 2528 1400 2602 siquidem
1447 2525 1666 2583 fuerint
1694 2526 1887 2583 clerici

198 2643 614 2705 personarum
671 2619 1050 2680 ordinatione
1104 2618 1466 2690 subjaceant
1517 2617 1884 2673 condemna-

201 2721 475 2779 tionibus
509 2728 825 2774 canonum
858 2729 871 2779 ;
914 2710 964 2765 si
992 2724 1136 2765 vero
1159 2708 1296 2765 laici
1325 2706 1425 2763 vel
1454 2707 1736 2763 monachi
1762 2707 1884 2762 fue-

196 2813 336 2878 rint,
370 2804 814 2866 communione
836 2801 1160 2874 priventur.
1189 2801 1465 2856 Poteram
1525 2796 1642 2853 alia
1692 2795 1884 2852 multa

199 2902 275 2957 de
304 2899 553 2970 legibus
585 2891 808 2950 divinis
836 2890 979 2946 huic
1004 2888 1221 2945 rationi
1245 2887 1630 2944 firmamenta
1661 2886 1882 2942 subne-

199 2997 379 3055 ctere,
408 2986 521 3044 sed
551 2985 803 3040 brevem
833 2996 931 3036 me
964 2978 1222 3036 scribere
1242 2976 1488 3035 nemini.
1550 2979 1632 3044 Et,
1686 2980 1749 3032 ut
1801 2976 1881 3032 ait
1906 3003 1948 3059 ρ

199 3081 502 3143 lsidorus,
561 3074 716 3130 sicut
763 3069 935 3126 militi
1001 3068 1103 3124 illa
1158 3083 1329 3124 arma
1381 3064 1702 3132 sufﬁciunt,
1743 3082 1880 3138 quae

198 3170 352 3227 ferre
386 3166 469 3223 ad
494 3169 738 3235 tempus
765 3162 1166 3229 congruenter
1215 3160 1427 3230 potest,
1490 3155 1573 3211 sic
1599 3155 1774 3212 nobis
1804 3155 1879 3213 de

194 3258 410 3316 multis
442 3251 753 3310 sententiis
791 3264 1026 3323 paucae,
1075 3251 1255 3320 prout
1307 3252 1544 3319 tempus
1597 3247 1876 3315 exegerit.

196 3353 372 3406 Nunc
397 3343 576 3401 vobis
605 3339 960 3398 charitative
997 3336 1136 3394 volo
1163 3336 1417 3393 suadere
1474 3339 1540 3392 ut
1568 3351 1717 3391 sano
1742 3351 1878 3393 con-

199 3438 338 3494 silio
369 3431 696 3508 praebentis
721 3444 1040 3486 assensum
1074 3445 1087 3495 ;
1120 3426 1199 3483 ad
1246 3424 1680 3497 subjectionem
1726 3424 1878 3497 epis-

199 3526 341 3598 copi
368 3521 547 3578 vestri
580 3518 928 3592 simpliciter
948 3515 1225 3573 redeatis.
1268 3518 1348 3570 De
1376 3513 1674 3587 praeterita
1695 3513 1873 3586 culpa

197 3610 527 3687 requiratis
556 3608 800 3664 veniam
833 3625 846 3676 ;
876 3606 951 3662 de
968 3605 1168 3662 futura
1197 3601 1524 3660 assumatis
1554 3601 1871 3670 cautelam,

201 3709 272 3759 ut
316 3707 379 3757 et
424 3716 538 3756 vos
594 3697 700 3754 ﬁat
746 3698 919 3770 quies
977 3695 1052 3751 de
1099 3692 1438 3750 obedientia
1496 3695 1552 3747 et
1603 3690 1780 3746 nobis
1800 3691 1875 3748 de

203 3797 413 3847 vestra
471 3787 670 3860 quiete
731 3784 954 3841 laatitia.
1012 3782 1291 3855 Alioquin
1341 3796 1451 3854 pro
1511 3783 1670 3836 certo
1721 3780 1872 3837 scia-

206 3881 284 3937 tis
355 3878 502 3951 quia
557 3877 624 3943 si,
663 3875 833 3949 quod
886 3873 1096 3932 absit!
1156 3872 1218 3928 in
1299 3869 1682 3928 contumacia
1738 3886 1876 3926 con-

208 3975 310 4026 tra
383 3966 549 4022 illum
611 3963 972 4031 manseritis,
1063 3962 1126 4018 in
1220 3961 1497 4034 proximo
1574 3964 1873 4016 conventu

208 4055 638 4130 episcoporum
659 4069 838 4124 grave
872 4049 1258 4125 dispendium
1288 4047 1621 4106 incurretis.
1655 4047 1870 4106 Valete.

541 4143 888 4202 EPISTOLA
930 4145 1064 4199 xcu
1146 4142 1331 4211 [olim.
1365 4138 1544 4207 xcu].

817 4237 1014 4302 (Anno
1083 4233 1264 4293 1025.)

205 4329 360 4399 Regi
384 4327 686 4394 sacerdos,
722 4325 959 4380 domino
985 4322 1204 4392 ﬁdelis,
1237 4323 1496 4376 Ronsnro
1529 4320 1866 4374 FULBERTUS.

281 4421 352 4475 Ut
380 4415 559 4472 vobis
584 4414 857 4487 proximo
891 4411 1153 4470 Sabbato
1184 4409 1432 4467 Turonis
1471 4423 1867 4478 occurrerem,

206 4507 353 4581 quia
369 4521 506 4562 sero
555 4501 1081 4560 commonitorium
1133 4498 1359 4572 accepi,
1418 4513 1540 4554 non
1583 4497 1778 4571 parui.
1815 4498 1873 4554 Si

206 4611 347 4670 quae
377 4595 511 4651 alia
546 4609 741 4649 causae
771 4597 910 4648 sunt
939 4594 1208 4646 tacentur
1250 4588 1329 4644 ad
1381 4603 1668 4660 praesens,
1725 4587 1871 4660 quia

203 4687 413 4744 minus
437 4701 550 4742 vos
598 4682 788 4739 tacitas
845 4697 1034 4754 quam
1086 4678 1370 4752 exposita)
1431 4677 1676 4735 laedunt.
1732 4677 1870 4735 Vale

204 4792 371 4834 nunc
391 4782 452 4833 et
470 4787 730 4846 semper.

567 4862 915 4920 EPISTULA
937 4863 1096 4919 xcm
1137 4861 1300 4931 [olim
1321 4859 1520 4930 XCVI].

715 4953 906 5025 (Circa
935 4966 1166 5010 annum
1192 4953 1368 5022 l025.)

205 5049 430 5105 Odom's
457 5046 688 5104 comitis
741 5043 824 5101 ad
846 5042 1166 5098 Robertum
1217 5042 1597 5099 Francorum
1650 5055 1865 5112 regem.

573 5135 736 5205 (Vide
763 5132 919 5189 infra
947 5131 1009 5188 in
1039 5135 1300 5187 Hoesnro
1329 5132 1512 5202 rege.)

539 5221 884 5280 EPISTOLA
945 5221 1103 5278 xcnv
1149 5221 1311 5290 [olim
1349 5221 1546 5291 XCIX].

714 5313 904 5384 (Circa
927 5325 1158 5366 annum
1192 5312 1372 5382 1025.)

207 5411 540 5465 Ριτιιιειιτιῖε
573 5401 1029 5462 Camotensium
1070 5398 1322 5472 Immitis
1370 5402 1696 5472 episcopus,
1728 5404 1868 5458 Fu.-

719 5489 844 5530 δοκι
875 5471 1076 5527 comiti
1098 5472 1370 5528 salutem.

285 5560 474 5618 Doleo
507 5573 688 5630 super
723 5559 800 5623 te,
832 5550 1050 5607 nobilis
1088 5551 1292 5620 homo,
1323 5570 1460 5608 cum
1492 5559 1546 5609 te
1576 5554 1756 5610 audio
1783 5571 1873 5609 er-

216 5669 347 5710 rare
380 5655 439 5708 et
459 5648 798 5726 periclitari.
833 5647 1038 5702 Errare
1084 5645 1240 5712 dico,
1267 5645 1433 5722 quod
1459 5662 1596 5705 cum
1652 5646 1878 5704 debeas

2000 1729 2164 1783 nem,
2195 1733 2382 1789 pcena
2411 1717 2600 1790 ipsius
2652 1718 2760 1775 erit
2813 1717 2940 1774 sine
2992 1719 3132 1776 ﬁne.
3194 1720 3440 1791 Evigilia
3490 1722 3668 1794 igitur

1998 1808 2246 1876 propter
2277 1807 2684 1882 temetipsum,
2709 1808 2862 1864 sicut
2890 1809 3076 1864 homo
3105 1809 3165 1864 in
3184 1810 3462 1881 proximo
3488 1812 3666 1867 mori-

1999 1896 2172 1949 turus
2204 1912 2217 1949 :
2252 1900 2309 1950 et
2339 1898 2722 1954 reconciliare
2742 1899 2993 1968 Christo,
3022 1914 3097 1954 ne
3123 1899 3400 1955 moriaris
3427 1905 3665 1973 aposto-
3693 1917 3700 1921 "

1998 1981 2114 2039 lica
2152 1986 2505 2044 auctoritate
2538 1988 2885 2046 damnatus.
2912 1987 3052 2045 Vale
3082 1993 3140 2044 et
3178 1990 3473 2046 remanda
3517 1990 3668 2047 mihi

1999 2073 2286 2130 velociter
2308 2081 2490 2151 atque
2519 2078 2810 2134 veraciter
2836 2077 3208 2136 voluntatem
3233 2083 3420 2136 tuam.

2433 2170 2772 2226 EPISTOLA
2795 2169 2929 2225 XCV
2956 2170 3123 2239 [olim
3149 2169 3234 2240 C].

2543 2240 2736 2312 (Circa
2765 2255 2863 2296 an.
2899 2241 3130 2313 eumd.)

1998 2325 2328 2402 FULBERTL‘S
2355 2331 2466 2387 Dei
2492 2331 2695 2401 gratia
2731 2330 3190 2387 Carnotensium
3220 2332 3528 2402 episcopus
3577 2346 3666 2388 co-

2211 2401 2351 2456 miti
2389 2403 2631 2457 FULCONI
2672 2404 3186 2458 commonitorium
3212 2401 3446 2459 salutis.

2070 2485 2222 2542 Tam
2249 2487 2556 2546 horrendo
2588 2489 2855 2546 facinore
2894 2492 3277 2563 praesentiam
3312 2491 3542 2548 domini
3570 2506 3663 2546 re-

1995 2573 2086 2645 gis
2115 2575 2221 2648 qui
2252 2577 2692 2636 dedecoravere
2714 2578 3014 2648 satellites,
3055 2584 3122 2636 ut
3163 2581 3458 2636 mundani
3504 2579 3663 2651 judi-

1995 2679 2095 2720 ces
2124 2672 2399 2724 asserant
2427 2667 2684 2741 capitale
2714 2672 2766 2725 te
2793 2684 3037 2742 quoque
3076 2685 3247 2725 reum
3301 2668 3658 2740 majestatis,

1993 2755 2099 2828 qui
2125 2755 2206 2810 eis
2239 2763 2450 2830 postea
2509 2759 2913 2834 patrocinium
2961 2763 3131 2816 tuum
3175 2763 3233 2816 et
3283 2758 3661 2833 receptacula

1990 2844 2326 2916 praebuisti.
2356 2849 2609 2905 Proinde
2648 2849 2981 2920 rogabatur
3011 2864 3046 2905 a
3073 2847 3297 2918 multis,
3325 2853 3391 2904 ut
3427 2847 3524 2904 die
3569 2861 3659 2902 sa-

1991 2947 2093 2991 cro
2125 2937 2500 2996 Pentecostes
2532 2943 2588 2996 et
2617 2944 2670 2995 te
2699 2943 2756 2996 et
2784 2938 2916 2995 illos
2970 2939 3653 2996 excommunicaremus.

1993 3024 2107 3080 Sed
2136 3041 2248 3082 nos
2278 3031 2395 3084 tuae
2425 3029 2811 3102 providentes
2839 3027 3034 3098 saluti,
3088 3028 3268 3085 trium
3327 3027 3658 3085 hebdoma-

1989 3113 2210 3170 darum
2238 3116 2317 3172 ab
2336 3117 2470 3190 ipso
2500 3117 2596 3173 die
2626 3118 2947 3191 petivimus
2977 3118 3270 3186 inducias,
3331 3121 3397 3174 ut
3423 3114 3656 3172 litteris

1987 3208 2042 3261 te
2061 3207 2381 3263 convenire
2407 3225 2746 3282 possemus.
2773 3208 2979 3264 Talem
3003 3208 3184 3264 etiam
3211 3223 3248 3264 a
3277 3222 3416 3277 rege
3447 3204 3654 3261 condi-

1988 3295 2213 3353 tionem
2238 3296 2715 3372 impetravimus,
2746 3297 2794 3354 si
2823 3297 3062 3355 veneris
3109 3298 3171 3353 in
3221 3295 3541 3368 judicium,
3591 3296 3656 3348 ut

1986 3399 2112 3440 non
2143 3401 2325 3458 super
2347 3385 2519 3455 vitas,
2554 3390 2659 3442 aut
2683 3402 2864 3459 super
2893 3386 3189 3453 membra,
3236 3383 3342 3440 sed
3365 3396 3544 3455 super
3565 3379 3653 3436 fa-

1987 3472 2240 3531 cultates
2264 3474 2410 3531 ultio
2449 3475 2804 3532 reflectatur.
2836 3475 3001 3532 Unde
3057 3478 3110 3530 te
3170 3486 3653 3540 commonemus,

1989 3565 2053 3618 ut
2077 3568 2213 3619 ante
2243 3563 2662 3637 praescriptum
2692 3563 3017 3620 terminum
3048 3566 3328 3619 auctores
3356 3558 3503 3617 tanti
3528 3574 3654 3614 sce-

1983 3651 2122 3709 leris
2145 3659 2248 3711 aut
2276 3654 2338 3709 in
2355 3654 2652 3725 judicium
2683 3654 2974 3724 adducas,
3007 3656 3110 3711 aut
3172 3655 3420 3727 propter
3469 3650 3656 3707 hono-

1983 3757 2114 3800 rem
2143 3744 2299 3815 regis
2329 3745 2607 3818 repudies
2649 3763 2660 3800 :
2693 3745 3078 3817 temetipsum
3099 3743 3338 3812 deinde,
3373 3741 3524 3800 sicut
3546 3759 3653 3816 per

1984 3832 2271 3891 abbatem
2294 3834 2487 3890 sancti
2509 3833 2705 3889 Albini
2725 3831 3072 3906 promisisti,
3102 3849 3420 3905 expurges,
3456 3838 3512 3891 et
3535 3835 3647 3892 hu-

1982 3923 2110 3978 mili
2142 3923 2543 3980 satisfactione
2569 3923 2728 3993 regis
2778 3923 3052 3978 animum
3105 3921 3327 3994 places.
3380 3923 3553 3990 Quod
3598 3927 3646 3981 si

1981 4027 2117 4070 reos
2139 4013 2302 4088 ipsos
2331 4027 2442 4068 nec
2473 4012 2551 4068 ad
2601 4010 2892 4084 justitiam
2952 4011 3192 4082 ducere,
3238 4029 3348 4070 nec
3401 4019 3645 4088 propter

1982 4100 2281 4157 seniorem
2311 4103 2483 4156 tuum
2536 4099 2854 4173 repudiare
2907 4099 3190 4172 volueris,
3245 4097 3641 4162 Christianam

1982 4189 2476 4246 communionem
2515 4188 2837 4246 nobiscum
2898 4189 3144 4246 ulterius
3198 4207 3323 4249 non
3363 4192 3636 4253 habebis.

1980 4277 2174 4350 Vigila
2203 4294 2346 4349 ergo
2367 4279 2518 4336 sicut
2555 4295 2666 4353 pro
2709 4280 3048 4354 temetipso,
3104 4283 3161 4337 et
3208 4281 3354 4355 quid
3413 4282 3640 4342 habeas

1905 4363 1948 4418 ι)
1980 4367 2168 4423 animi
2198 4368 2312 4424 cito
2339 4367 2486 4423 mihi
2515 4368 2824 4425 remanda.
2856 4367 3158 4442 Optimam
3182 4375 3418 4444 partem
3451 4374 3641 4432 consi-

1978 4455 2042 4512 lii
2063 4455 2164 4513 det
2189 4455 2293 4513 tibi
2318 4457 2472 4512 Deus
2504 4457 2740 4528 eligere.

2376 4547 2722 4622 EPISTOLA
2748 4549 2902 4605 XCVI
2933 4548 3098 4620 [olim
3129 4551 3240 4622 x1],

2476 4619 2668 4691 (Circa
2698 4619 2946 4675 annum'
2963 4622 3145 4692 1026.)

1992 4691 2340 4748 Venerando
2367 4691 2745 4763 Parisiorum
2767 4693 3030 4747 antistiti
3053 4691 3356 4763 Fn’ANcom,
3385 4695 3630 4753 Fumea-

2050 4779 2152 4818 TUS
2208 4765 2324 4838 Dei
2372 4763 2578 4838 gratia
2645 4762 3029 4820 Carnotensis
3078 4762 3406 4838 episcopus,
3451 4769 3632 4823 totius

1980 4885 1990 4894 ,
2043 4833 2464 4906 prosperitatis
2502 4849 2740 4890 manus.
3268 4833 3284 4835 ἡ
3386 4833 3396 4838 ⁷
3525 4850 3572 4857 ’-

2051 4923 2511 4980 Laudunensem
2560 4921 2726 4979 illam
2791 4921 3165 4992 sacrilegam,
3225 4938 3320 4979 res
3360 4924 3631 4984 Ecclesia

1977 5017 2188 5070 vestrae
2218 5012 2618 5085 diripientem,
2673 5017 2917 5086 propter
2966 5011 3078 5068 has
3137 5027 3351 5070 causas
3396 5032 3632 5074 excom-

1976 5102 2286 5160 municare
2343 5101 2727 5158 distulimus:
2787 5100 3007 5171 Primo,
3075 5102 3222 5175 quia
3275 5105 3459 5163 defuit
3525 5111 3628 5183 qui

1976 5193 2093 5267 ipsi
2121 5194 2272 5250 ferre
2325 5191 2574 5249 auderet
2608 5195 2876 5248 nostram
2920 5195 3626 5259 “communicationem.

1980 5281 2202 5338 Deinde
2257 5280 2404 5354 quia
2466 5295 2686 5353 parum
2751 5279 2924 5338 vobis
2997 5286 3102 5339 aut
3161 5284 3309 5342 nihil
3363 5287 3631 5347 fortassis

1978 5369 2307 5446 prodesset,
2373 5369 2421 5424 si
2483 5369 2585 5425 illa
2648 5369 2925 5427 nesciens
3010 5378 3632 5439 excommunicaretur

1978 5462 2040 5518 in
2089 5457 2353 5518 Ecclesia
2405 5462 2628 5517 nostra.
2696 5461 2905 5530 Tertio,
2954 5464 3098 5536 quia
3148 5471 3628 5540 exspectavimus

1980 5555 2046 5608 ut
2103 5550 2167 5608 in
2241 5553 2537 5608 conventu
2600 5555 2943 5608 nostrorum
3035 5559 3629 5636 comprovincialium

1985 5642 2408 5718 episcoporum
2455 5639 2654 5699 utilius
2704 5641 2820 5699 hoc
2848 5641 3032 5702 ﬁeret.
3080 5647 3252 5714 Quod
3308 5649 3487 5707 etiam
3528 5650 3632 5707 ad-
