4018 6176
363 204 466 256 2n
1401 203 1457 258 s.
1514 201 1849 258 FULBERTI
1911 191 2386 261 CARNOTENSIS
2439 205 2772 262 EPISCOPI.
3699 203 3818 258 248

365 325 484 380 huc
513 321 904 396 spectandum
936 321 1111 377 vobis
1138 323 1390 396 videtur,
1420 325 1468 381 si
1508 325 1694 382 animi
1734 325 1905 381 vestri
1935 341 2025 380 se-
2064 330 2112 383 Α
2144 343 2207 382 se
2238 326 2493 384 invicem
2524 329 2758 384 alarum
2789 325 3188 383 commotione
3230 323 3605 394 contingunt.
3642 322 3820 380 Unde

365 414 586 472 renitas
609 412 1052 484 acquiescatJle
1085 413 1349 470 Lisiardo
1373 420 1573 472 autem
1603 415 2028 471 archidiacono
2140 432 2254 472 nos
2285 434 2528 491 quoque
2581 418 2837 473 invicem
2878 416 3052 472 nobis
3104 415 3349 487 rependi
3409 414 3818 487 postulantes,

365 508 580 572 vestro,
610 517 792 574 quem
826 501 1143 575 scripsistis
1168 504 1230 560 in
1253 521 1361 560 vos
1388 505 1720 578 superbum
1743 522 1814 561 ac
1844 503 2034 560 rebel-
2140 505 2278 576 agili
2301 521 2501 578 penna
2530 505 2961 563 exhortationis
2991 521 3101 560 vos
3131 503 3212 560 ad
3258 503 3371 559 hoc
3421 502 3685 559 excitare
3716 518 3824 557 cu-

365 593 485 650 lem
517 607 666 657 esse,
700 607 823 646 non
854 607 1007 664 opus
1041 596 1127 647 est
1174 609 1285 649 nos
1335 594 1664 661 consulere,
1713 610 1851 650 cum
1879 592 2032 666 opti-
2139 594 2365 666 pimus,
2397 600 2462 651 ut
2483 596 2606 652 sitis
2635 596 2698 652 in
2727 595 2855 666 lege
2888 593 3122 650 Domini
3154 592 3403 648 studiosi
3419 591 3500 648 ad
3518 591 3821 648 obedien-

367 697 463 736 me
493 679 726 735 noverit
756 680 1075 752 prudentia
1109 686 1302 738 vestra
1357 683 1503 754 quid
1561 683 1635 739 de
1685 681 2034 753 hujusmodi
2139 683 2286 738 tiam
2318 689 2374 741 et
2400 684 2755 754 suffragium
2787 684 2964 739 vestri
3012 682 3268 756 pastoris
3309 698 3419 755 pro
3471 697 3682 737 amore
3713 681 3820 736 de-

365 771 460 826 lex
489 770 695 825 divina
726 771 956 836 sentiat,
991 787 1186 843 neque
1218 789 1328 827 nos
1361 777 1632 844 oporteat
1661 788 2033 844 quemquam
2141 772 2258 827 voti
2281 790 2299 840 ;-
2319 773 2396 828 ad
2423 772 2822 828 resistendum
2851 787 2992 828 vero
3025 771 3384 828 adversariis
3414 771 3545 841 ejus
3575 769 3821 840 sagaci—

367 859 700 927 absentem,
733 863 791 915 et
820 875 1002 915 causa
1027 860 1382 927 indiscussa,
1411 861 1701 932 judicare.
1746 861 2032 917 Volumus
2144 864 2227 915 ter
2256 861 2540 928 instructi,
2574 861 2824 918 ﬁdeliter
2851 861 3115 917 animali.
3151 864 3305 916 Inter
3334 876 3491 932 quos
3535 859 3824 915 videlicet

369 953 571 1006 autem
601 966 710 1004 vos
733 950 879 1005 scire
909 949 1074 1022 quod
1117 950 1419 1006 Adeoldus
1475 955 1677 1006 noster
1733 951 1806 1006 de
1860 951 2030 1006 Novi-
2143 949 2524 1005 adversarios
2553 965 2711 1004 unus
2744 954 2831 1005 est
2852 950 3097 1004 nomine
3139 949 3440 1004 Lisiardus
3490 947 3635 1003 olim
3686 947 3825 1020 qui-

369 1045 567 1110 gento,
596 1040 691 1095 cui
721 1041 1116 1096 anathematis
1145 1041 1499 1096 sententiam
1533 1041 1853 1107 intentatis,
1889 1057 2030 1113 pro-
2143 1037 2282 1092 dem
2310 1038 2768 1094 archidiaconus
2802 1056 2814 1094 :
2863 1039 2969 1111 qui
2998 1055 3137 1094 cum
3168 1053 3297 1094 esse
3326 1037 3571 1092 deberet
3597 1036 3821 1092 oculus

369 1133 498 1201 ptcr
529 1129 834 1201 querelam
862 1145 1048 1201 quam
1075 1130 1301 1185 habent
1331 1135 1538 1185 contra
1578 1145 1716 1185 eum
1749 1131 2034 1187 monachi
2143 1128 2408 1200 episcopi
2438 1129 2550 1197 sui,
2579 1128 2962 1201 dispensator
3001 1143 3362 1200 pauperum,
3417 1126 3822 1183 catechizator

371 1218 558 1273 sancti
597 1218 874 1289 Dionysii.
899 1218 1040 1273 dicit
1079 1235 1140 1273 se
1189 1225 1468 1291 paratum
1530 1236 1666 1276 esse
1719 1219 1796 1276 ad
1822 1220 2036 1291 justiﬁ-
2143 1215 2571 1289 insipientium,
2604 1217 2966 1290 apostatavit
2995 1217 3072 1272 ab
3094 1216 3378 1272 omnibus
3399 1216 3512 1283 his,
3532 1219 3589 1271 et
3619 1214 3822 1270 factus

371 1306 634 1362 candum
665 1307 725 1360 in
749 1306 1053 1366 audientia
1068 1313 1288 1375 vestra,
1319 1313 1497 1380 atque
1529 1313 1751 1365 nostra.
1781 1309 2032 1365 Proinde
2143 1309 2232 1362 est
2259 1305 2544 1380 episcopo
2580 1323 2689 1362 suo
2737 1307 2912 1380 quasi
2945 1306 3145 1362 clavus
3175 1306 3235 1361 in
3283 1304 3547 1371 oculum,
3605 1303 3821 1376 praedo

371 1395 418 1449 si
449 1395 608 1449 litem
636 1395 793 1449 hanc
820 1395 934 1450 cito
955 1397 1240 1468 justoque
1265 1396 1383 1452 ﬁne
1411 1397 1807 1454 determinare
1834 1399 2029 1462 vultis,
2142 1395 2529 1467 pauperibus,
2563 1396 2688 1451 dux
2713 1396 2927 1452 erroris
2956 1394 3405 1468 insipientibus:
3430 1394 3576 1466 quia
3607 1409 3824 1466 super-

371 1485 703 1541 constituite
760 1484 940 1553 diem,
994 1502 1116 1557 quo
1174 1486 1344 1542 vobis
1391 1494 1447 1541 et
1490 1488 1804 1543 monachis
1845 1489 2033 1545 sancti
2141 1483 2224 1539 ba
2247 1488 2304 1539 et
2333 1485 2769 1541 contumeliosa
2799 1483 3118 1540 maledicta
3147 1484 3209 1539 in
3249 1483 3603 1556 episcopum
3633 1497 3822 1537 suum

372 1574 635 1645 Dionysii
665 1574 829 1646 apud
861 1579 1135 1631 sanctum
1167 1575 1544 1648 Arnulphum
1585 1593 1894 1634 occurrere
1938 1595 2032 1634 va-
2138 1571 2436 1642 jaculans,
2470 1573 2848 1628 serenitatem
2880 1571 3302 1645 speculationis
3334 1571 3463 1642 ejus
3486 1569 3824 1635 turbat,de-

333 1726 351 1743 ἢ
369 1663 627 1734 leamus,
656 1663 760 1735 qui
789 1663 956 1719 locus
984 1663 1158 1719 vobis
1178 1664 1256 1720 ad
1281 1665 1760 1721 conveniendum
1809 1683 2027 1740 oppor-
2063 1686 2103 1739 Β
2143 1659 2331 1715 Cimas
2361 1664 2418 1716 et
2443 1659 2777 1716 oblationes
2809 1660 3108 1730 altarium,
3141 1660 3354 1731 stipem
3371 1659 3648 1715 videlicet
3667 1674 3823 1732 pau-

372 1752 570 1807 tunior
598 1767 727 1806 esse
755 1751 1010 1806 videtur.
1046 1751 1262 1807 Valete.
2141 1765 2376 1822 perum,
2411 1766 2521 1805 suo
2548 1750 2834 1824 episcopo
2864 1749 3222 1820 inconsulto,
3270 1747 3540 1804 saaculari
3589 1748 3821 1804 militiae

696 1841 1034 1896 EPISTOLA
1075 1841 1253 1896 XCVII
1285 1843 1449 1912 [olim
1481 1844 1722 1913 XXXIV].
1893 1837 1908 1854 '
2145 1839 2339 1895 tradit.
2374 1841 2442 1894 Et
2470 1855 2611 1895 cum
2641 1839 2781 1896 talia
2806 1839 2965 1908 facit,
2999 1840 3104 1896 dat
3131 1838 3550 1912 insipientibus
3592 1837 3820 1893 erroris

879 1928 1066 1989 (Circa
1093 1945 1323 1986 annum
1358 1933 1535 2003 1026).
2143 1931 2201 1983 et
2225 1928 2577 2001 perditionis
2629 1929 2994 2003 exemplum,
3049 1928 3272 2001 quibus
3314 1926 3668 2000 impendere
3710 1926 3818 1982 de-

380 2018 758 2071 LEI'THl-IRICL'S
788 2017 1212 2074 Senonensium
1259 2020 1740 2092 archiepiscopus
1788 2030 1843 2079 et
1900 2027 2036 2080 Fur-
2143 2017 2358 2073 buerat
2385 2034 2542 2074 vera!
2570 2017 2830 2074 SCientitB
2852 2017 3426 2082 catechismllm-Qlli
3447 2016 3725 2071 dicemus
3741 2015 3818 2070 de

448 2120 653 2159 Bsnrrs
677 2105 1135 2162 Carnotensium
1159 2110 1462 2178 episcOpus
1492 2111 1650 2167 clero
1681 2119 1903 2169 sancta:
1921 2114 2038 2169 Pa-
2140 2107 2484 2178 juramento
2501 2107 2800 2164 ﬁdelitatis
2821 2108 2988 2180 quod
3004 2107 3085 2164 ita
3102 2106 3489 2173 contaminat,
3505 2110 3569 2160 ut
3583 2105 3818 2177 episco-

447 2193 714 2247 risiensis
768 2194 1052 2251 Ecclesia?
1107 2201 1559 2266 temperantiam
1612 2201 1676 2256 in
1711 2203 2035 2271 prosperis,
2145 2212 2227 2270 po
2259 2213 2368 2252 suo
2401 2213 2524 2252 non
2564 2197 2764 2266 corde,
2824 2213 2933 2253 nec
2988 2197 3195 2268 verbo,
3253 2212 3366 2252 nec
3407 2210 3587 2267 opere
3617 2193 3816 2249 ﬁdelis

446 2281 864 2351 fortitudinem
895 2284 956 2338 in
984 2284 1271 2355 adversis,
1300 2286 1662 2345 charitatem
1691 2289 1926 2361 ubique.
2148 2285 2409 2342 existat?
2432 2289 2557 2342 Non
2579 2291 2780 2342 autem
2817 2291 3036 2342 temere
3057 2286 3132 2341 de
3155 2285 3333 2342 corde
3354 2284 3542 2357 ipsius
3576 2282 3817 2354 judica-

447 2368 817 2438 Audivimus,
844 2371 1201 2443 charissimi,
1229 2373 1457 2431 famam
1485 2376 1842 2448 injuriarum
1886 2396 2040 2453 quas
2147 2391 2452 2446 mus,cum
2472 2375 2759 2432 veraciter
2773 2375 2834 2430 in
2852 2391 3022 2432 sacro
3038 2379 3314 2449 poemate
3331 2373 3557 2430 dictum
3573 2378 3664 2429 est
3680 2373 3815 2443 (44).

377 2456 599 2529 patitur
622 2458 939 2532 episcopus
969 2466 1180 2528 vester,
1245 2468 1301 2518 et
1353 2464 1532 2520 corde
1591 2467 2036 2539 compatimur:

378 2561 489 2600 vos
515 2562 758 2618 quoque
788 2546 920 2603 illas
960 2548 1041 2604 ita
1072 2550 1287 2607 sentire
1319 2551 1638 2622 credimus,
1660 2555 1811 2611 sicut
1834 2555 2040 2612 fideles

377 2632 554 2704 ﬁlios,
587 2639 643 2690 et
667 2635 829 2692 bono
857 2639 1033 2710 capiti
1063 2639 1217 2695 bene
1234 2641 1594 2699 cohaerentia
1621 2645 2042 2703 membra.Sed
2147 2642 2198 2698 is
2235 2642 2437 2716 itaque
2467 2661 2578 2718 pro
2603 2647 2982 2702 contumacia
3036 2662 3146 2702 sua
3199 2661 3322 2720 qua
3363 2661 3548 2718 paena
3592 2643 3816 2714 dignus

378 2724 670 2781 miramur
697 2742 882 2798 quare
904 2727 966 2783 in
999 2732 1160 2785 tanto
1190 2747 1447 2788 maerore
1480 2735 1799 2805 constituti,
1828 2752 1940 2793 nec
1961 2737 2042 2793 ad
2150 2731 2242 2801 sit,
2275 2732 2324 2786 si
2352 2732 2527 2790 ruina
2553 2735 2749 2806 angeli
2778 2749 2900 2791 non
2929 2735 3148 2791 sufﬁeit
3175 2735 3253 2791 ad
3283 2734 3652 2807 exemplum,
3672 2749 3816 2788 οοῐι·

378 2829 488 2869 nos
506 2815 780 2886 petendae
808 2817 1232 2875 consolationis
1261 2837 1446 2878 causa
1474 2825 1735 2893 venistis,
1782 2841 1891 2882 nec
1923 2824 2039 2882 sal-
2150 2822 2402 2877 tumacis
2461 2826 2604 2880 Core
2658 2825 3000 2881 manifestat
3046 2825 3334 2880 interitus.
3394 2827 3502 2880 Pro
3557 2821 3817 2896 perﬁdia

376 2905 497 2956 tem
547 2902 766 2958 litteras
812 2904 1130 2962 direxistis.
1196 2911 1343 2964 Nam
1394 2925 1590 2983 neque
1634 2913 1816 2986 plaga
1845 2919 2042 2971 vestra
2148 2928 2291 2968 vero
2322 2929 2434 2969 sua
2465 2918 2522 2970 et
2553 2915 2987 2971 contumeliosa
3029 2915 3468 2983 maledictione,
3522 2913 3624 2986 qui
3690 2929 3817 2968 me-

376 2993 542 3099 tanta
567 2994 674 3059 est,
701 2996 767 3046 ut
794 2992 1054 3048 invenire
1080 3002 1336 3069 nequeat
1380 3000 1806 3058 consolationis
1859 3019 2036 3059 reme-
2069 3044 2109 3099 ϐ
2148 3002 2330 3056 ruerit
2377 3003 2771 3076 suspendium
2824 3005 3008 3072 Judae,
3069 3010 3126 3061 et
3171 3003 3389 3060 sororis
3419 3009 3609 3058 Aaron
3638 3002 3820 3074 lepra

376 3077 564 3145 dium,
591 3095 787 3152 neque
817 3097 992 3137 verus
1022 3084 1291 3140 medicus
1331 3086 1426 3142 ille
1484 3089 1798 3164 dereliquit
1846 3091 2040 3149 Eccle-
2069 3077 2109 3099 υ
2150 3095 2412 3147 testatur.
2455 3094 2499 3148 Ο
2531 3089 2840 3150 hominem
2870 3092 3164 3150 infelicem
3211 3093 3486 3160 nimium,
3533 3091 3628 3146 cui
3679 3097 3817 3146 tam

382 3167 553 3235 siam,
589 3169 691 3258 qui
722 3187 782 3225 se
809 3171 984 3227 nobis
1016 3174 1297 3230 omnibus
1327 3176 1540 3233 diebus
1575 3197 1764 3254 usque
1796 3183 1873 3237 ad
1904 3199 2042 3238 con-
2148 3179 2450 3238 horrenda
2495 3187 2819 3256 tempestas
2893 3183 3112 3239 divinae
3187 3182 3428 3238 ultionis
3478 3179 3818 3237 incumbit!

379 3259 850 3338 summationem
873 3262 1071 3317 saeculi
1091 3265 1365 3337 promisit
1384 3268 2040 3329 adfuturumMiramur
2150 3269 2526 3326 Condemnat
2555 3271 2724 3327 illum
2765 3275 3209 3329 Testamentum
3242 3275 3416 3328 Vetus
3449 3270 3537 3326 his
3565 3270 3768 3326 verbis
3803 3287 3816 3324 :

374 3345 602 3401 iterum
622 3364 727 3402 cur
747 3349 965 3421 impios
991 3351 1286 3421 homines,
1321 3355 1425 3428 qui
1463 3356 1680 3413 divinis
1724 3359 2041 3417 sanctioni-
2152 3360 2268 3426 Qui
2291 3361 2675 3417 matedia'erit
2695 3365 2882 3432 patri,
2915 3369 3102 3419 morte
3124 3365 3422 3418 moriatur
3442 3361 3663 3432 (Exod.
3686 3376 3819 3429 xxx,

373 3433 488 3490 bus
517 3435 912 3492 adversantur
933 3443 990 3494 et
1019 3439 1078 3494 in
1109 3447 1373 3498 vestrum
1403 3449 1708 3516 pastorem
1730 3453 2041 3506 contuma-
2153 3451 2259 3519 t7).
2292 3449 2666 3506 Condemnat
2689 3451 2857 3508 illum
2887 3451 2981 3507 lex
3034 3451 3502 3510 Christianorum
3536 3449 3820 3521 judicum

375 3538 472 3576 ces
503 3523 766 3616 existunt
801 3542 861 3616 in
893 3529 1384 3587 communionem
1413 3532 1670 3606 recipitis
1702 3541 1909 3593 contra
1939 3555 2037 3596 ca-
2147 3535 2262 3593 hac
2290 3539 2579 3596 sententia
2609 3557 2622 3594 :
2660 3540 2717 3598 Si
2741 3541 2875 3614 quis
2905 3542 3189 3614 episcopo
3211 3540 3478 3613 aliquam
3500 3538 3818 3610 injuriam,

372 3610 974 3710 nonicam‘regulam,
1004 3632 1190 3687 quam
1221 3619 1391 3675 vobis
1435 3621 1709 3690 ignorare
1738 3626 1908 3683 nefas
1952 3633 2040 3686 est
2149 3631 2252 3682 aut
2278 3627 2567 3699 injustam
2593 3610 3137 3687 dehonorati—onum
3167 3610 3388 3697 fecerit,
3409 3629 3484 3685 de
3506 3629 3630 3684 vita
3659 3643 3824 3684 com-

372 3704 430 3754 et
449 3700 860 3800 periculosum
891 3702 1136 3800 solvere.
1173 3708 1346 3773 Quod
1377 3709 1426 3764 si
1449 3713 1667 3782 putatis
1695 3730 1796 3770 eos
1826 3718 2039 3775 tandiu
2148 3722 2353 3788 ponat,
2387 3721 2444 3774 et
2470 3719 2675 3776 omnia
2699 3737 2833 3793 quae
2864 3720 3085 3776 habere
3123 3720 3288 3775 visus
3316 3718 3508 3786 fuerit,
3540 3717 3820 3774 Ecclesia

370 3787 541 3844 vobis
565 3788 627 3844 in
656 3793 1080 3850 communione
1111 3796 1445 3866 habendos,
1474 3817 1793 3877 quousque
1816 3807 1894 3862 ab
1917 3809 2037 3883 epi-
2147 3806 2243 3861 cui
2291 3822 2546 3878 praeesse
2605 3809 2996 3882 dignoscitur,
3065 3808 3441 3880 integerrime
3489 3807 3817 3863 socientur.

373 3893 558 3970 scopo
617 3885 812 3970 vestro
851 3883 1070 3954 palam
1119 3887 1738 3961 excommunicentur,
1799 3895 2040 3970 corrigit
2147 3897 2643 3955 Excommunicat
2671 3899 2841 3956 illum
2873 3903 3214 3970 Gangrense
3241 3897 3564 3954 concilium
3605 3913 3657 3951 c.
3687 3903 3719 3951 7
3762 3899 3822 3952 et

370 3967 529 4058 hanc
567 3968 1024 4028 restimationem
1084 3973 1291 4033 Petrus
1335 3981 1642 4051 apostolus
1670 3983 1731 4039 in
1762 3967 2037 4045 sermone
2145 3987 2216 4052 8;
2251 3985 2545 4056 degradat
2574 3986 2744 4044 illum
2793 3967 3256 4058 Carthaginense
3309 3985 3633 4042 concilium
3677 4000 3815 4057 cap.

369 4056 576 4155 ῙιθοῙξίξο
605 4058 1024 4155 Romanos
1061 4064 1136 4121 de
1181 4067 1554 4127 ordinatione
1607 4073 1920 4133 Clementis
1946 4079 2038 4135 his
2145 4078 2233 4144 57,
2275 4075 2382 4132 sed
2409 4081 2467 4132 et
2494 4076 2611 4134 alia
2642 4077 2832 4150 plura.
2871 4056 3244 4152 Quapropter
3281 4083 3339 4133 et
3367 4092 3476 4132 nos
3509 4091 3547 4130 a
3579 4056 3821 4130 sancto—

370 4145 566 4245 Yel‘lﬁ?
782 4170 811 4197 ‹‹
845 4152 1156 4245 Quaedam,
1206 4155 1417 4229 inquit,
1474 4159 1709 4231 fratres,
1761 4181 1834 4221 ex
1863 4167 2036 4223 vobis
2142 4179 2280 4219 rum
2308 4167 2549 4222 Patrum
2583 4145 2874 4224 sententia
2902 4145 3240 4240 discrepare
3272 4165 3562 4231 nolentes,
3599 4179 3819 4220 conse-

372 4237 517 4332 ipsis
545 4237 866 4307 intelligere
904 4242 1156 4332 debetis,
1215 4246 1262 4302 si
1311 4265 1433 4322 qua
1481 4253 1620 4309 sunt
1660 4269 1798 4328 quae
1845 4261 2039 4316 vester
2142 4258 2393 4324 quenter
2422 4255 2588 4311 illum
2633 4271 2669 4312 a
2699 4237 3125 4313 communione
3184 4269 3560 4326 separamus,
3622 4267 3824 4324 quan-

374 4330 694 4424 episcopus
714 4333 956 4424 propter
980 4330 1232 4390 insidias
1255 4338 1555 4398 malorum
1575 4344 1892 4404 hominum
1913 4365 2036 4405 non
2071 4405 2111 4424 η
2144 4346 2271 4398 tum
2299 4347 2516 4399 DOStl‘tB
2545 4345 2823 4417 potestati
2862 4344 3231 4411 conceditur,
3285 4342 3478 4398 donec
3506 4339 3822 4412 resipiscat

374 4415 578 4514 1308.5.“
605 4412 937 4514 eYiflePtiPS
991 4424 1045 4474 et
1093 4425 1467 4514 manifestius
1509 4431 1834 4507 proloqui?
1872 4437 2037 4494 verbi
2070 4405 2112 4459 Β
2145 4437 2201 4488 et
2223 4434 2509 4507 episcopo
2540 4405 2650 4490 suo
2679 4435 2858 4506 digne
2913 4405 3262 4491 humiliatus
3313 4405 3645 4488 satisfaciat
3696 4447 3710 4483 :
3763 4433 3823 4484 et

375 4503 588 4598 επᾳείδ,
623 4503 673 4556 si
703 4503 980 4562 inimicus
1007 4513 1095 4566 est
1119 4511 1302 4586 aliqui
1333 4532 1443 4588 pro
1473 4503 1880 4592 actibus—suis,
1928 4544 2037 4583 vos
2143 4503 2391 4580 nisi—cito
2415 4503 2774 4598 resipiscens
2824 4526 2903 4581 ad
2953 4523 3423 4580 satisfactionem
3472 4518 3724 4584 venerit,
3757 4518 3820 4574 in

374 4586 554 4689 nolite
583 4599 1202 4689 exspectare,_ut_ipse
1233 4586 1401 4660 vobis
1426 4607 1606 4682 dicat,
1638 4613 1742 4668 sed
1772 4586 2036 4687 pruden-
2144 4611 2410 4684 plenaria
2460 4586 2694 4687 synodo
2747 4620 3037 4689 perpetuo
3097 4613 3477 4670 anathemate
3542 4609 3818 4664 feriatur-

371 4677 462 4730 ter
498 4676 818 4780 observare
875 4683 1125 4780 debetis,
1159 4695 1243 4780 iet
1292 4676 1597 4754 voluntati.
1629 4676 2036 4776 ejus.absque
2143 4676 2510 4760 liandamus'
2523 4709 2722 4761 autem
2747 4676 2924 4761 vobis
2957 4709 3022 4760 ut
3049 4703 3162 4777 ipsi
3191 4701 3454 4758 Lisiardo
3505 4698 3619 4754 has
3658 4697 3822 4753 litte-

373 4774 838 4866 commonitione
862 4774 1302 4866 obsecundare,
1346 4789 1402 4840 et
1431 4793 1696 4846 avertere
1724 4807 1830 4848 vos
1856 4774 2037 4852 ab_eo
2142 4807 2241 4848 ras
2269 4794 2616 4865 ostendatis,
2640 4799 2704 4851 ut
2734 4799 2855 4850 tam
2883 4774 3186 4849 horrenda
3214 4789 3500 4864 pericula,
3555 4787 3650 4843 vel
3678 4803 3826 4856 gra—

371 4863 466 4952 f’m
489 4863 694 4958 iPSEH}
726 4863 952 4958 sentitis
982 4865 1322 4928 adversum.
1358 4897 1386 4923 ››
1441 4880 1573 4934 Haec
1626 4884 1683 4935 et
1730 4881 1903 4954 plura
1928 4885 2037 4940 hu-
2141 4882 2292 4940 viter
2315 4863 2660 4941 admonitus
2691 4884 2850 4940 exire
2877 4863 3235 4940 meminerit.
3257 4883 3417 4938 Patet
3433 4877 3596 4934 enim
3613 4875 3828 4933 adhuc

363 4947 651 5044 jusmodi
665 4947 878 5044 beatus
903 4956 1113 5044 Petrus
1159 4958 1220 5015 in
1265 4965 1552 5034 praedicto
1584 4947 1879 5028 sermone.
1920 4977 2035 5030 Nos
2142 4973 2436 5030 evadendi
2465 4974 2656 5043 locus,
2689 4975 2921 5030 dicente
2967 4974 3217 5029 Domino
3243 4987 3350 5044 per
3405 4965 3776 5025 Ezechielem
3803 4983 3822 5019 :

369 5035 591 5139 ξιξξξεαῦ
624 5035 861 5139 ίΐθίῖξθελ
882 5041 1030 5139 dum
1057 5045 1196 5139 talia
1226 5050 1376 5106 volis
1407 5057 1827 5131 proponimus,
1853 5062 2036 5120 nolite
2142 5063 2212 5119 Si
2237 5066 2456 5134 impius
2485 5035 2673 5135 egerit
2701 5065 3116 5134 paenitentiam
3151 5062 3225 5117 ab
3244 5035 3526 5117 omnibus
3549 5056 3825 5125 peccatis

370 5125 688 5226 ﬁshtlmare,
713 5127 869 5184 absit
896 5131 1056 5226 enim
1078 5135 1194 5226 tut
1225 5139 1532 5198 sinistrum
1564 5144 1792 5219 aliquid
1823 5150 1898 5208 de
1928 5169 2034 5209 νο-
2142 5155 2264 5210 suis
2291 5125 2428 5226 qua?
2448 5125 2729 5225 operatus
2759 5159 2864 5217 est,
2894 5159 2950 5208 et
2975 5151 3324 5207 custodierit
3352 5150 3638 5203 universa
3664 5159 3825 5214 prm-

366 5204 999 5318 ξιξδρίθεξωξξννδθξί
1026 5223 1291 5284 ofﬁcium
1319 5237 1592 5290 nostrum
1616 5235 1871 5295 facimus
1893 5258 2033 5300 cum
2143 5204 2319 5314 ceptal
2339 5204 2515 5311 natea,r
2511 5249 2564 5300 et
2585 5244 2800 5314 fecerit
2818 5241 3121 5312 judicium
3153 5246 3205 5296 et
3218 5239 3526 5308 justitiam
3575 5235 3703 5289 vita
3732 5233 3823 5288 vi-

369 5300 605 5405 autjos
631 5308 734 5359 aut
760 5305 911 5405 alios
941 5310 1150 5370 fratres
1180 5322 1416 5376 nostros
1477 5323 1557 5379 ad
1595 5328 1842 5386 cautelae
1890 5333 2034 5403 vigi-
2142 5300 2258 5401 υέι,
2285 5300 2339 5390 et
2364 5300 2487 5390 noti
2513 5300 2804 5390 morietur
2818 5300 3246 5403 iEzecthm',
3269 5329 3383 5400 21).
3418 5329 3484 5380 Et
3505 5339 3616 5397 per
3637 5326 3822 5378 Joan-

365 5383 994 5499 [θίξηέῗξῖξξιξξίῖἃωιξξ.
1023 5405 1150 5499 Dion
1179 5409 1342 5464 enim
1374 5409 1504 5467 sine
1535 5429 1719 5473 causa
1740 5383 2032 5494 scriptuom
2141 5438 2282 5479 nem
2307 5441 2320 5476 :
2343 5425 2572 5496 Fitioti,
2600 5423 2727 5480 lucc
2741 5383 2935 5478 scribo
2963 5419 3146 5487 vobis,
3173 5424 3238 5473 ut
3257 5433 3375 5474 non
3387 5414 3669 5486 peccetis,
3689 5417 3743 5468 et
3771 5411 3828 5466 si

365 5478 459 5531 est
480 5479 895 5552 ΡῘὈΡῙῙθΐίουῐῐι
926 5488 1072 5546 ίῙῙυά
1098 5491 1172 5549 de
1195 5500 1472 5568 Ρθῐιῐιᾶῐίε
1497 5478 2032 5584 ελιῐιίΗ]διῙίῙἊιειῖεῐῑιηζ
2142 5529 2273 5584 quis
2288 5478 2658 5584 peccaverit,
2669 5478 3038 5569 advocatum
3065 5478 3350 5566 habemus
3381 5478 3548 5574 apud
3568 5478 3825 5558 Patrem

436 5583 550 5689 £43)
588 5592 985 5668 ΑΡοοιὙΡῘιιιε
1010 5603 1098 5655 est
1123 5600 1206 5658 ibi
1229 5613 1601 5667 memoratus
1633 5614 1687 5669 S.
1719 5617 1868 5673 Petri
1902 5583 2034 5677 Ser-
2157 5583 2166 5584 ί
2217 5625 2332 5689 (44)
2374 5625 2538 5678 Forte
2568 5621 2888 5689 Prudentii,
2924 5621 2981 5676 S.
3010 5615 3281 5689 Prosperi
3309 5620 3411 5672 aut
3439 5611 3690 5669 alterius
3716 5625 3829 5667 cu-

363 5670 486 5712 m
2135 5670 3290 5770 jugsset‘gaas'aagagaiugata.

2275 2518 2348 2568 Ex
2369 2533 2576 2584 operum
2599 2520 2765 2585 specie
2795 2521 3075 2573 clarescunt
3105 2518 3285 2570 intima
3314 2517 3480 2571 cordis
