4018 6176
231 166 337 221 240

1782 161 2154 221 EPISTOLE.

3579 169 3686 224 250

220 290 418 345 Jesum
439 290 698 357 justum,
728 288 850 357 ipse
901 291 983 342 est
1013 288 1299 344 exoratio
1347 303 1468 357 pro
1497 289 1756 359 peccatis
1778 304 1908 344 nos-
1935 291 1982 344 Α
2020 302 2164 357 ergo
2188 292 2327 360 post
2357 292 2441 344 tot
2455 288 2885 361 prohibitiones
2905 288 3032 344 hac
3062 287 3301 345 decreta
3330 289 3683 362 apostolica,

227 381 334 434 tris
358 380 416 449 (Ι
435 379 613 434 Joan.
644 395 702 445 ιι,
742 382 811 443 1).
843 378 910 432 Et
937 376 1066 449 ipse
1096 378 1407 433 Dominus
1431 379 1512 434 ait
1548 397 1560 434 :
1609 380 1910 434 Gaudium

220 473 303 524 est
328 468 566 537 angelis
594 467 707 523 Dei
728 481 906 536 super
955 481 1074 522 uno
1111 472 1452 535 peccatore
1493 468 1910 536 paenitentiam

219 561 450 626 agente,
483 571 665 627 quam
695 569 872 624 super
919 555 1265 625 nonaginta
1313 571 1529 612 novem
1568 557 1774 625 justis,
1808 556 1914 626 qui

218 660 337 700 non
370 645 643 715 indigent
671 645 1017 713 paenitentia
1041 643 1335 712 (Luc.xv.
1357 649 1466 712 lO).
1489 647 1728 700 Certum
1747 642 1909 698 enim

222 733 399 790 habet
448 732 742 789 catholica
792 731 960 797 fides,
1029 736 1094 787 ut
1137 732 1348 788 verbis
1411 733 1572 788 beati
1615 731 1910 801 Fulgentii

220 829 371 888 utar,
405 822 552 895 quia
581 837 940 895 quocunque
968 827 1241 893 tempore
1269 822 1468 877 homo
1495 822 1680 891 egerit
1716 819 1908 894 pmni-

221 912 485 978 tentiam,
517 910 846 984 quamlibet
874 926 1160 978 annosus,
1197 911 1247 966 si
1277 915 1410 967 toto
1452 910 1634 967 corde
1691 926 1910 966 renun-

226 1001 456 1057 tiaverit
476 1000 735 1073 peccatis
750 999 1075 1073 praeteritis,
1111 1004 1166 1055 et
1199 1015 1318 1072 pro
1362 1000 1448 1055 eis
1478 999 1541 1055 in
1582 1004 1910 1071 conspectu

222 1091 317 1146 Dei
353 1106 480 1145 non
508 1089 701 1145 solum
733 1089 994 1162 corporis
1016 1089 1120 1145 sed
1153 1089 1346 1145 etiam
1375 1089 1578 1145 cordis
1606 1089 1910 1160 lacrymas

223 1179 464 1248 fuderit,
493 1183 550 1234 et
576 1178 870 1234 malorum
909 1193 1161 1250 operum
1195 1178 1486 1234 maculas
1518 1177 1693 1233 bonis
1720 1177 1918 1249 operi-

219 1268 334 1323 bus
365 1267 594 1323 diluere
625 1267 928 1334 curaverit,
962 1266 1242 1322 omnium
1275 1271 1678 1340 peccatorum
1712 1265 1911 1320 indul-

218 1357 484 1427 gentiam
507 1372 649 1412 mox
674 1355 932 1412 habebit.
969 1359 1206 1423 Verum,
1244 1362 1316 1412 ut
1346 1355 1432 1413 ait
1476 1358 1648 1412 Pater
1676 1360 1908 1426 Augus-

217 1447 400 1514 tinus,
429 1444 536 1518 qui
560 1444 795 1500 veniam
823 1444 1132 1517 poanitenti
1159 1445 1472 1518 promisit,
1503 1443 1907 1500 dissimulanti

221 1534 384 1590 diem
416 1533 743 1589 crastinum
771 1550 890 1589 non
923 1535 1276 1607 spopondit.
1335 1538 1647 1604 Rogamus
1701 1533 1903 1605 etiam,

2019 381 2077 431 et
2127 376 2404 448 synodali
2451 377 2795 432 auctoritate
2849 382 3137 433 renovata
3187 382 3476 434 temerare
3530 395 3686 451 prae-

2020 466 2362 538 sumpserit,
2414 465 2640 536 gradus
2677 467 2769 521 sui
2821 465 3084 538 periculo
3137 466 3490 537 subjacebit.
3524 468 3689 524 Vide-

2019 570 2156 609 mus
2182 570 2325 625 ergo
2347 555 2678 628 capitulum
2707 571 2878 610 novre
2899 554 3045 625 legis
3067 559 3310 610 vetustae
3332 573 3684 629 congruere,

2019 658 2130 698 nec
2161 660 2315 716 opus
2345 650 2436 699 est
2464 644 2723 718 amplius
2745 643 2894 716 quid
2923 643 2996 698 de
3039 643 3139 699 illo
3165 643 3420 701 diacono
3465 646 3686 702 facien-

2018 731 2168 787 dum
2217 733 2290 788 sit
2331 733 2627 789 dubitare.
2682 737 2782 788 Est
2835 733 2997 788 enim
3047 733 3259 806 procul
3303 734 3488 790 dubio
3519 742 3688 794 extra

2018 823 2272 877 chorum
2303 823 2724 895 deponendus,
2752 823 3095 895 poenitentia
3124 823 3687 894 plectendus.Quod

2019 913 2068 965 si
2105 910 2181 966 de
2210 911 2582 982 longitudine
2613 912 2972 983 paenitentia:
3011 912 3262 985 quaestio
3301 913 3423 980 fiat,
3477 915 3687 969 memi-

2016 998 2180 1054 nisse
2232 999 2527 1055 debemus
2582 1000 2736 1055 illius
2813 1001 3138 1069 sententiae,
3189 1017 3322 1073 quae
3379 1000 3458 1056 ad
3528 1003 3686 1058 hanc

2016 1088 2414 1160 quaestionem
2442 1089 2766 1161 respondet
2787 1090 2903 1146 hoc
2924 1090 3107 1145 modo
3137 1107 3148 1145 :
3183 1093 3520 1146 Mensuram
3541 1095 3688 1146 tem-

2015 1177 2181 1249 poris
2207 1177 2266 1232 in
2294 1179 2534 1248 agenda
2560 1179 2908 1250 poenitentia
2930 1178 3154 1234 idcirco
3183 1195 3304 1234 non
3336 1179 3477 1235 satis
3501 1186 3690 1236 atten-

2017 1272 2072 1322 te
2099 1267 2420 1339 praeﬁgunt
2448 1281 2709 1322 canones
2741 1284 2851 1339 pro
2883 1283 3251 1340 unoquoque
3278 1268 3546 1336 crimine,
3579 1268 3687 1324 sed

1993 1355 2213 1424 ,magis
2241 1355 2302 1410 in
2333 1355 2576 1411 arbitrio
2598 1355 2872 1412 antistitis
2902 1357 3286 1412 statuendum
3316 1356 3684 1428 relinquunt,

2015 1444 2161 1517 quia
2192 1443 2357 1515 apud
2396 1444 2717 1500 Dominum
2747 1461 2870 1500 non
2923 1449 3156 1500 tantum
3201 1444 3358 1500 valet
3399 1459 3686 1499 mensura

2016 1533 2326 1604 temporis,
2361 1549 2548 1605 quam
2577 1534 2840 1601 doloris;
2893 1550 3002 1590 nec
3057 1533 3418 1590 abstinentia
3445 1539 3684 1589 tantum

221 1626 458 1691 fratres,
490 1627 557 1678 ut
613 1623 901 1679 domuum
956 1625 1015 1679 F.
1066 1624 1490 1681 venerabilem
1546 1623 1904 1696 episcopum
1937 1644 1975 1697 Β
2015 1622 2316 1691 ciborum,
2351 1622 2456 1677 sed
2480 1623 2857 1678 mortificatio
2879 1623 3079 1696 potius
3107 1621 3407 1677 vitiorum.
3459 1622 3522 1676 In
3549 1638 3682 1676 ves-

218 1715 349 1770 vice
391 1718 600 1769 nostra
656 1713 906 1769 salutare
951 1718 1008 1770 et
1055 1713 1411 1770 confortare
1471 1712 1901 1783 memineritis;

219 1808 385 1859 certo
419 1803 666 1858 scientes
697 1818 804 1859 sua
833 1802 1016 1860 tristia
1047 1808 1262 1860 nostra
1314 1819 1478 1872 esse,
1508 1806 1712 1858 nostra
1737 1817 1903 1874 pros-

222 1908 374 1964 pera
387 1909 514 1948 sua.
541 1891 730 1948 Valete
759 1908 894 1950 cum
919 1893 1070 1966 ipso.

549 1997 872 2051 EPISTOLA
899 1997 1104 2053 XCVIII
1141 1995 1320 2068 [olim
1357 1995 1580 2067 XXXV].

765 2099 945 2169 (Circa
975 2115 1074 2155 an.
1101 2099 1345 2170 eumd.)

221 2202 455 2257 Dilecto
483 2200 661 2256 Patri
687 2207 739 2257 et
769 2203 1106 2272 coepiscopo
1159 2218 1273 2258 suo
1317 2203 1412 2271 G.,
1459 2201 1779 2258 FULBERTUS
1817 2203 1903 2257 vi-

793 2307 944 2362 vere,
977 2299 1031 2348 et.
1066 2293 1301 2349 valere.

292 2395 494 2448 Vester
524 2392 762 2449 clericus
788 2394 1169 2467 propinquus
1223 2397 1440 2449 noster
1469 2393 1530 2448 F.
1559 2393 1639 2449 ad
1665 2409 1777 2449 nos
1806 2411 1903 2450 ve-

225 2483 401 2540 niens
431 2498 504 2538 eo
531 2499 593 2538 se
645 2483 1024 2552 gratiosorem
1081 2483 1388 2550 exhibuit,
1449 2498 1572 2554 quo
1621 2483 1695 2539 de
1734 2483 1904 2540 vobis

218 2573 373 2629 bene
424 2587 534 2644 per
615 2573 812 2629 omnia
883 2573 1205 2630 nuntiavit.
1286 2571 1457 2628 Unde
1516 2589 1678 2629 nunc
1734 2574 1903 2630 illum

220 2661 599 2718 salutationis
650 2662 915 2731 gerulum
977 2662 1297 2725 facientes,
1352 2665 1411 2715 et
1463 2660 1715 2719 claritati
1769 2680 1904 2718 ves-

221 2757 324 2808 tra
377 2750 710 2823 comparati
755 2751 1128 2807 munusculis
1186 2765 1443 2806 exorare
1492 2752 1795 2821 volumus,
1855 2753 1904 2808 si

220 2857 344 2897 non
370 2845 460 2895 est
490 2840 916 2913 importunum,
956 2845 1023 2896 ut
1065 2856 1210 2896 eam
1242 2837 1505 2908 gratiam
1552 2840 1665 2896 sibi
1693 2841 1906 2897 sentiat

221 2929 538 3003 prodesse,
593 2946 776 3002 quam
811 2930 970 3002 apud
1018 2946 1132 2986 vos
1175 2927 1555 3000 jamdudum
1584 2945 1693 2984 vos
1725 2930 1905 2985 credi-

225 3035 365 3075 mus
398 3018 710 3075 habuisse.
742 3019 894 3075 Vale.

575 3122 902 3177 EPISTULA
927 3125 1082 3179 XCIX
1115 3119 1287 3191 [olim
1323 3120 1565 3192 xxxvu.

764 3211 949 3280 (Circa
995 3226 1097 3266 an.
1132 3207 1369 3277 eumd.)

227 3304 434 3360 Charo
461 3301 643 3356 Patri
665 3306 716 3355 et
744 3303 1083 3371 coepiscopo
1109 3315 1219 3354 suo
1265 3299 1520 3368 GUIDONI,
1559 3302 1902 3358 FULBERTUS.

301 3400 360 3457 Si
391 3399 654 3455 diacono
685 3399 787 3471 qui
839 3415 899 3454 se
929 3386 1360 3471 presbyterum
1414 3396 1736 3472 simulavit,
1770 3400 1908 3456 mis-

229 3504 489 3562 samque
521 3487 819 3543 celebrare
844 3486 1256 3560 praesumpsit,
1315 3485 1567 3544 modum
1620 3490 1908 3562 paeniten-

235 3581 330 3636 tia:
359 3579 421 3634 in
443 3576 664 3634 divinis
692 3577 924 3646 legibus
945 3577 1187 3650 proprie
1228 3579 1516 3632 statutum
1543 3595 1664 3635 non
1690 3579 1912 3636 inveni-

225 3686 390 3735 mus,
442 3682 551 3740 per
599 3667 1116 3723 ratiocinationem
1164 3665 1421 3720 similem
1481 3666 1563 3722 sic
1615 3671 1911 3724 aestimare

233 3771 588 3831 possumus.
625 3757 790 3822 Core,
815 3756 1047 3811 Dathan
1074 3758 1129 3810 et
1154 3753 1380 3809 Abiron
1403 3754 1630 3824 judicio
1651 3758 1752 3814 Dei
1774 3773 1914 3813 cou-

239 3845 534 3914 demnati,
565 3849 620 3900 et
644 3844 910 3901 horribili
933 3848 1123 3900 morte
1153 3843 1424 3898 mulctati
1459 3850 1617 3912 sunt,
1641 3863 1712 3903 eo
1742 3844 1912 3920 quod

249 3940 452 3989 Aaron
487 3933 776 3990 sacerdoti
822 3949 884 3989 se
937 3948 1292 4006 comparare
1337 3932 1587 4005 ejusque
1644 3936 1913 3992 officium

241 4037 534 4093 usurpare
571 4026 1110 4093 praesumpserunt.
1160 4020 1262 4076 Hic
1309 4025 1511 4076 autem
1541 4022 1718 4081 levita
1744 4039 1914 4080 more

238 4106 482 4162 illorum
534 4105 730 4161 illicite
775 4105 891 4160 sibi
931 4105 1333 4161 sacerdotium
1387 4108 1715 4178 usurpavit.
1769 4108 1914 4173 Quis

233 4211 380 4265 ergo
409 4196 471 4251 in
498 4195 610 4250 isto
643 4194 873 4251 dubitet
902 4211 1034 4250 esse
1077 4193 1328 4250 mortale
1362 4195 1776 4264 commissum,
1806 4195 1914 4269 qui

232 4287 296 4342 in
327 4285 443 4341 illis
494 4288 614 4340 Deo
659 4285 859 4355 judice
891 4283 1049 4340 videt
1096 4289 1287 4340 morte
1320 4283 1599 4356 punitum
1625 4288 1740 4342 ?At
1766 4285 1912 4358 quia

227 4376 356 4446 jam
393 4353 674 4431 Salvator
692 4378 917 4439 noster,
949 4373 1052 4445 qui
1082 4373 1242 4429 venit
1271 4353 1503 4429 salvare
1526 4375 1692 4447 quod
1726 4353 1913 4448 perie~
1939 4353 1980 4405 Ῐ)

244 4470 359 4532 rat,
391 4479 518 4519 non
550 4463 674 4518 vult
713 4469 968 4519 mortem
998 4463 1348 4536 peccatoris,
1381 4463 1485 4518 sed
1517 4469 1580 4519 ut
1603 4469 1912 4520 converta-

235 4560 333 4609 tur
365 4558 424 4608 et
450 4552 632 4620 vivat,
666 4553 986 4608 clementer
1040 4553 1234 4623 agitur
1263 4556 1328 4606 ut
1357 4551 1763 4621 degradentur
1807 4555 1914 4608 Illl-

230 4641 530 4714 jusmodi.
556 4646 614 4699 et
634 4642 784 4698 inter
809 4641 996 4697 laicos
1023 4641 1436 4714 paenitentiam
1463 4647 1666 4712 agant.
1699 4643 1812 4699 Sed
1839 4658 1914 4697 ne

237 4730 424 4787 nimis
457 4730 867 4786 austeritatem
904 4729 1118 4784 veteris
1162 4729 1310 4800 legis
1363 4729 1492 4784 haec
1544 4730 1915 4786 ratiocinatio

237 4836 454 4893 sapere
488 4819 775 4886 videatur,
809 4835 1227 4892 proponamus
1258 4823 1315 4875 et
1360 4835 1538 4876 nova.
1598 4821 1829 4889 Legitur
1854 4820 1916 4876 in

237 4909 515 4983 quodam
550 4909 814 4982 capitulo
846 4927 858 4964 :
896 4911 1189 4966 Statutum
1223 4909 1547 4981 smpissime
1579 4915 1635 4964 et
1680 4909 1915 4964 inhabi-

239 5005 373 5054 tum
398 5004 508 5066 est,
551 5003 616 5054 ut
639 4998 966 5054 missarum
991 4997 1419 5053 celebrationes
1444 4997 1503 5052 in
1533 4997 1678 5053 locis
1709 4997 1914 5054 incon-

244 5087 607 5160 gruentibus
634 5088 884 5144 omnino
912 5103 1034 5143 non
1060 5087 1226 5144 ﬁant.
1256 5091 1321 5144 Et
1351 5087 1720 5159 quibusdam
1746 5088 1918 5144 inter-

238 5188 455 5261 positis
489 5187 760 5260 sequitur
787 5205 801 5242 :
837 5185 988 5252 Quia
1011 5185 1162 5241 sicut
1180 5201 1304 5242 non
1334 5191 1423 5241 est
1447 5202 1822 5252 concessum,
1857 5190 1921 5242 ut

238 5275 343 5331 alii
371 5275 628 5332 missam
654 5279 894 5331 cantent
939 5279 997 5330 et
1016 5274 1310 5330 sacriﬁcia
1329 5279 1696 5334 consecrent.
1731 5291 1920 5346 quam

238 5363 324 5419 illi
351 5364 458 5437 qui
484 5363 564 5420 ad
609 5364 724 5419 hoc
763 5363 843 5419 ab
873 5362 1172 5436 episcopis
1222 5367 1365 5418 sunt
1401 5362 1728 5418 consecrati
1779 5380 1792 5418 :
1839 5362 1921 5417 ita

239 5470 368 5510 non
395 5458 486 5509 est
513 5453 742 5510 licitum
787 5458 853 5508 ut
883 5453 946 5508 in
976 5451 1105 5508 aliis
1135 5452 1440 5520 domibus,
1491 5452 1582 5509 vel
1611 5451 1919 5519 altaribus,

248 5548 358 5600 aut
386 5544 538 5600 locis
577 5544 794 5600 missas
838 5543 1140 5600 celebrare
1192 5547 1582 5614 praesumant,
1619 5558 1804 5615 quam
1845 5541 1923 5597 ab

242 5633 552 5707 episcopis
582 5632 946 5691 consecratis
970 5636 1082 5690 etc.
1129 5632 1194 5687 In
1214 5631 1334 5686 ﬁne
1379 5630 1622 5703 capituli
1654 5651 1666 5688 :
1703 5630 1760 5686 Si
1784 5630 1920 5703 quis

2015 1716 2107 1766 tra
2136 1727 2280 1781 ergo
2307 1726 2492 1766 manu
2541 1711 2721 1767 situm
2777 1718 2882 1783 est,
2941 1710 3351 1783 paenitentiam
3405 1710 3535 1780 ejus
3588 1709 3684 1765 vel

2012 1801 2310 1863 breviare,
2358 1801 2452 1856 vel
2479 1802 2794 1874 protelare,
2822 1802 2995 1873 juxta
3049 1800 3214 1873 quod
3243 1817 3382 1855 eum
3407 1799 3468 1855 in
3495 1800 3684 1872 poeni-

2017 1890 2199 1946 tendo
2227 1889 2710 1961 diligentem,seu
2738 1889 3139 1961 negligentem
3164 1888 3446 1944 videritis.
3481 1889 3684 1944 Valeat

2015 1979 2303 2036 sanctitas
2330 1984 2546 2036 vestra.

2400 2070 2733 2126 EPISTOLA
2765 2072 2803 2126 C
2829 2070 2992 2140 [olim
3025 2066 3306 2138 LXXXIX].

2520 2158 2705 2228 (Circa
2734 2174 2963 2214 aunum
2997 2160 3180 2222 1026.)

2014 2247 2412 2304 Dilectissimo
2461 2246 2697 2303 domino
2755 2248 2997 2318 regique
3041 2247 3322 2311 Ronenro,
3356 2243 3679 2297 FULBERTUS

2087 2337 2336 2394 humilis
2363 2337 2669 2406 episcopus
2698 2337 3097 2392 humilitatem
3123 2335 3186 2388 in
3198 2331 3682 2402 prosperis,ﬁdu-

2085 2429 2240 2484 ciam
2268 2427 2328 2481 in
2360 2427 2646 2482 adversis.

2086 2521 2168 2574 De
2199 2515 2463 2572 Lisiardo
2494 2515 2724 2583 clerico,
2776 2515 2882 2588 qui
2910 2511 3220 2570 Meldensis
3274 2509 3560 2582 episcopii
3586 2524 3682 2564 res

2013 2607 2228 2664 odiosa
2276 2605 2724 2676 importunitate
2757 2602 3036 2675 pervasit,
3084 2599 3198 2655 tale
3228 2598 3545 2654 consilium
3575 2598 3682 2654 da-

2013 2713 2154 2752 mus
2187 2713 2199 2750 :
2234 2693 2534 2765 Prsecipite
2562 2693 3016 2765 archiepiscopo
3076 2687 3423 2753 Senonensi,
3475 2691 3539 2740 ut
3584 2686 3682 2740 vel

2013 2783 2388 2860 episcopium
2417 2783 2546 2855 ipse
2576 2783 2792 2852 visitet,
2823 2785 3151 2850 vestraeque
3202 2781 3259 2833 et
3305 2792 3429 2831 suae
3469 2773 3683 2840 ditiolni

2012 2878 2272 2940 revocet,
2301 2876 2365 2927 ut
2390 2871 2643 2941 dignum
2673 2875 2799 2937 est;
2833 2869 2948 2941 vel,
2980 2870 3027 2923 si
3061 2867 3122 2923 id
3151 2866 3344 2923 facere
3365 2862 3684 2937 prohibea-

2014 2969 2130 3032 tur,
2157 2959 2408 3018 mandet
2435 2960 2720 3032 praadicto
2748 2963 2807 3015 L.
2835 2975 2942 3032 per
2969 2957 3192 3012 litteras
3223 2971 3296 3010 ex
3324 2969 3436 3008 sua
3467 2957 3522 3008 et
3547 2967 3684 3006 nos-

1951 3035 1973 3054 "
2014 3059 2127 3120 tra,
2161 3065 2409 3106 suorum
2456 3048 2727 3105 videlicet
2762 3047 3284 3117 suifraganeorum
3321 3047 3488 3117 parte
3514 3057 3687 3098 cons-

2016 3142 2256 3214 criptas,
2310 3143 2375 3192 ut
2397 3137 2572 3193 cedat
2618 3137 2752 3194 loco
2780 3141 2836 3192 et
2885 3135 3065 3191 rebus
3103 3133 3277 3189 stulte
3307 3133 3595 3206 pervasis,
3627 3140 3686 3191 et

2015 3231 2090 3286 de
2113 3227 2581 3302 prtesumptione
2607 3243 2717 3283 sua
2733 3225 2908 3282 nobis
2931 3223 3268 3281 satisfacere
3295 3223 3532 3278 studeat
3545 3229 3683 3279 ante

2015 3320 2358 3395 proximam
2407 3317 2785 3373 festivitatem
2825 3317 3012 3371 sancti
3067 3313 3217 3368 Petri
3267 3311 3684 3384 apostolorum

2016 3409 2322 3484 principis.
2377 3406 2550 3473 Quod
2598 3407 2647 3462 si
2697 3406 2891 3462 facere
2948 3402 3290 3474 neglexerit,
3345 3418 3419 3457 ex
3449 3405 3591 3456 tunc
3619 3403 3682 3458 in

2019 3507 2196 3559 antea
2225 3497 2458 3557 anobis
2489 3497 2775 3554 omnibus
2831 3494 3386 3552 excommunicatus
3438 3493 3528 3550 sit.
3576 3497 3684 3550 Va-

2017 3591 2150 3647 lete.

2450 3678 2782 3734 EPISTOLA
2809 3676 2874 3732 CI
2907 3675 3070 3746 [olim
3101 3675 3250 3745 XCI].

2519 3767 2708 3839 (Circa
2737 3781 2966 3821 annum
3000 3765 3179 3835 1026.)

2021 3861 2401 3918 Serenissimo
2459 3859 2591 3928 regi
2630 3858 3007 3911 Francorum
3053 3857 3310 3908 Rossnro
3358 3853 3682 3908 FULBERTUS

2095 3949 2339 4007 humilis
2371 3946 2826 4002 Carnotensium
2882 3945 3208 4012 episcopus,
3249 3941 3409 4011 quod
3436 3942 3596 3996 decet
3627 3945 3682 3995 et

2088 4038 2352 4110 prodest.

2097 4126 2368 4184 Gratulor
2397 4124 2522 4192 tibi,
2550 4120 2795 4178 domine
2834 4120 2938 4186 mi,
2975 4119 3141 4194 quod
3184 4118 3345 4175 fonte
3376 4117 3680 4186 bonitatis,

2027 4223 2090 4274 ut
2123 4231 2360 4288 semper
2379 4214 2653 4284 irrigans,
2703 4209 3010 4281 negotium
3064 4209 3161 4265 Dei
3195 4207 3493 4264 mandasti
3537 4206 3685 4262 mihi

2027 4310 2278 4364 tractare
2305 4309 2372 4359 ut
2399 4302 2655 4376 expedit.
2680 4300 2840 4358 Talia
2868 4299 3127 4373 denique
3153 4305 3205 4355 te
3233 4313 3438 4369 regem
3480 4296 3685 4371 preci-

2024 4411 2164 4469 pere
2191 4394 2375 4449 decus
2404 4397 2510 4458 est,
2555 4389 2947 4461 subditosque
2975 4388 3078 4444 tibi
3108 4403 3422 4461 capescere
3466 4391 3679 4442 tutum.

2026 4485 2135 4542 Sed
2177 4483 2323 4540 illud
2349 4483 2551 4548 miror,
2578 4480 2745 4554 quod
2768 4479 3039 4536 Odonem
3095 4479 3375 4534 comitem
3433 4477 3495 4532 in
3548 4491 3684 4531 mea

2023 4575 2450 4630 deliberatione
2499 4571 2595 4627 vel
2669 4570 2944 4643 posuisse
2990 4569 3084 4624 vel
3138 4568 3475 4641 positurum
3549 4581 3682 4620 esse

2022 4663 2242 4731 dixisti,
2261 4663 2408 4736 quid
2439 4662 2630 4718 facere
2659 4659 2876 4715 debeat
2900 4659 2974 4714 de
3006 4656 3339 4728 receptione
3371 4652 3682 4709 Meldensis

2023 4751 2306 4826 episcopi,
2340 4767 2478 4807 cum
2514 4749 2733 4805 abhinc
2787 4763 2949 4802 anno
2997 4745 3115 4801 fere
3171 4741 3418 4798 dimidio
3463 4756 3572 4795 nec
3599 4740 3683 4812 ip-

2023 4860 2158 4898 sum
2198 4841 2472 4908 viderim,
2503 4855 2613 4894 nec
2638 4838 2713 4893 de
2763 4836 2865 4892 tali
2894 4834 3134 4903 negotio
3163 4830 3523 4902 legationem
3554 4829 3684 4898 ejus

2023 4932 2370 5006 acceperim.
2395 4932 2670 4985 Attamen
2699 4929 2747 4984 si
2763 4927 3063 5000 aspirante
3091 4928 3209 4979 Deo
3241 4921 3318 4976 ad
3341 4933 3452 4974 nos
3482 4917 3684 4974 venire

2024 5029 2080 5080 et
2109 5023 2368 5079 consiliis
2393 5021 2541 5076 meis
2572 5018 2948 5090 acquiescere
2980 5013 3249 5080 voluerit,
3281 5009 3515 5065 desinet
3543 5025 3682 5082 pro-

2025 5113 2120 5170 cul
2145 5112 2330 5168 dubio
2360 5110 2708 5184 praedictam
2722 5105 3046 5162 Ecclesiam
3074 5101 3395 5159 lacerando
3417 5099 3684 5156 divinam

2025 5203 2310 5258 ultionem
2341 5201 2400 5255 in
2423 5217 2484 5256 se
2506 5211 2855 5272 provocare,
2886 5193 3119 5267 tuisque
3151 5192 3331 5250 sacris
3356 5190 3684 5248 ordinatio-

2028 5291 2204 5346 nibus
2235 5289 2546 5345 contraire.
2574 5286 2732 5342 Vale.
