4018 6176
167 154 271 210 253

167 292 281 352 que
312 274 598 332 certe~est
627 286 840 344 neque
874 268 1242 337 dissimules,
1273 267 1439 341 quod
1485 269 1539 322 te
1588 262 1855 337 speciali-

166 372 251 424 ter
275 364 429 422 mihi
454 362 599 418 facit
626 359 879 417 consilii
931 364 1114 432 atque
1145 358 1343 416 auxilii
1374 356 1704 413 debitorem
1749 354 1855 426 qui

166 461 218 516 te
243 470 499 513 suasore
524 467 651 509 non
680 450 909 507 desero
934 449 1101 507 hunc
1127 450 1414 506 laborem.
1441 445 1600 503 Vale.

540 541 895 598 EPISTULA
927 542 1065 597 cvu
1094 540 1256 610 [olim
1289 536 1480 607 LXIX].

163 635 556 693 Sanetissimo
587 638 774 703 atquo
802 630 1193 686 dilectissimo
1214 629 1395 703 Patri
1400 627 1502 703 _0.,
1532 626 1852 703 FULBERTUS

341 706 598 761 humilis
624 699 933 771 sacerdos,
976 702 1265 757 orationis
1289 699 1666 769 sit/fragium.

229 796 528 852 Volebam
558 792 739 849 vobis
762 807 1107 858 occurrere,
1140 794 1324 857 Pater,
1343 792 1409 845 ut
1435 786 1723 844 mandavi
1741 803 1853 859 per

164 892 222 945 Β.
249 887 585 942 diaconem
615 899 828 938 meum
854 898 867 936 :
904 873 1012 937 sed
1039 880 1351 937 domestici
1380 878 1498 934 mei
1525 893 1681 933 novo
1703 892 1855 949 quo-

163 976 299 1031 dam
349 988 603 1029 rumore
662 970 970 1044 permoti,
1023 986 1135 1025 nec
1183 984 1278 1024 me
1319 968 1427 1024 iter
1477 966 1556 1023 ad
1579 981 1850 1039 praesens

161 1082 356 1136 agere,
417 1078 535 1119 nec
592 1077 656 1117 se
701 1060 931 1116 itineris
978 1060 1101 1116 mei
1144 1058 1269 1115 fore
1323 1057 1570 1114 comites
1611 1057 1852 1129 acquie-

158 1158 351 1223 scunt,
384 1153 592 1209 donec
623 1151 811 1207 tutius
830 1150 895 1205 id
922 1148 1056 1204 ﬁeri
1083 1163 1260 1222 posse
1288 1146 1681 1221 perpendant.

460 1242 809 1298 EPISTOLA
848 1241 1011 1295 cvm
1043 1239 1230 1309 [olim.
1254 1236 1545 1307 LXXXVI].

808 1329 1007 1401 (Anno
1043 1329 1221 1399 1027).

156 1424 302 1494 Regi
327 1421 622 1477 sacerdos
653 1416 1488 1487 Ronanrofumsarusﬁdelis
1510 1419 1565 1471 et
1593 1430 1843 1484 pronus.

222 1514 493 1582 Accepta
544 1508 852 1578 legatione
903 1509 1107 1562 vestra
1150 1521 1255 1577 per
1298 1508 1362 1561 Β.
1391 1507 1610 1560 sanctae
1643 1504 1847 1561 Crucis

1735 113 2119 198 κήπους.

2049 264 2208 322 Ultra
2235 280 2427 340 quam
2457 266 2599 323 satis
2622 270 2733 334 est,
2763 267 3045 323 virtutem
3070 265 3121 322 si
3157 271 3325 341 petat
3348 268 3568 342 ipsam.

2045 355 2343 413 Invidiam
2369 356 2557 412 nimio
2586 356 2748 412 cultu
2785 356 2965 412 vitare
2995 363 3300 415 memento

2042 445 2182 509 Qua:
2216 445 2265 501 si
2292 462 2416 502 non
2435 445 2617 516 laadit,
2641 449 2845 502 tamen
2864 446 3019 502 hanc
3046 446 3289 505 suﬁerre
3315 449 3640 507 molestum

1972 537 2079 590 est.

2038 622 2228 679 Adsit-
2255 622 2363 679 tibi
2415 623 2478 679 in
2506 622 2793 679 omnibus
2841 624 3048 695 magni
3089 625 3319 682 consilii
3363 626 3637 698 angelus.

1968 711 2100 767 Mihi
2130 728 2377 786 quoque
2402 713 2626 769 tribuat
2652 712 2855 769 videre
2882 712 3100 771 faciam
3131 719 3297 771 tuam
3335 716 3639 774 desidera-

1965 802 2288 859 tissimam.
2334 804 2391 860 Si
2420 803 2562 876 quid
2619 803 2769 858 forte
2806 801 3083 860 insolenti
3142 822 3389 861 susurro
3440 810 3638 863 tecum

1965 904 2105 959 ago.
2138 890 2398 959 facilem,
2432 906 2662 964 quaeso,
2696 890 2861 963 apud
2902 895 2959 948 te
3001 880 3205 949 veniae-
3238 893 3442 949 locum
3485 894 3637 950 obti-

1964 994 2165 1047 neam,
2195 994 2337 1036 cum
2367 980 2605 1050 magnis
2654 995 2726 1035 ex
2782 986 3066 1055 prompta
3112 981 3399 1039 ﬁdelitate
3451 997 3639 1056 quam

1962 1068 2249 1141 improba
2278 1070 2604 1127 temeritate
2631 1071 3030 1141 peccaverim.

2325 1178 2667 1234 EPISTOLA
2722 1178 2804 1234 cx
2862 1180 3028 1250 [olim
3095 1178 3275 1250 cvm.

2466 1260 2658 1336 (Circa
2687 1278 2918 1323 annum
2948 1269 3127 1340 1027).

2033 1357 2270 1412 Certum
2306 1358 2394 1413 est
2415 1355 2698 1424 omnibus
2728 1358 2834 1431 qui
2881 1357 3279 1415 fundamenta
3328 1354 3634 1413 catholicas

1955 1444 2232 1516 puritatis
2258 1447 2577 1514 noverunt,
2611 1445 2788 1502 totius
2840 1447 3115 1504 Ecclesia
3168 1444 3526 1507 soliditatem
3571 1449 3632 1502 in

1957 1547 2107 1604 pace
2134 1535 2480 1602 consistere,
2510 1536 2567 1589 et
2606 1536 2847 1605 signum
2893 1535 3105 1593 Christi
3147 1534 3544 1609 discipulatus
3570 1537 3631 1592 in

158 1616 555 1696 αδοοηοξηξλω
605 1597 1000 1696 deﬁnitum?
1051 1594 1590 1696 Ρῗῗθετίηδξξίοηεῖω
1628 1596 1845 1696 iterem
1884 1620 1926 1678 Β
1954 1594 2290 1680 dilectione.
2322 1594 2477 1679 Nam.
2498 1594 2726 1680 sicutin
2745 1625 3066 1696 Evangelio
3096 1594 3416 1682 Domin'um
3438 1622 3627 1681 dixis-

154 1690 474 1747 intermisi.
508 1692 683 1744 Nunc
713 1686 862 1759 quid
890 1701 991 1741 me
1017 1683 1158 1739 velit
1183 1684 1465 1740 serenitas
1514 1688 1618 1739 tua
1664 1683 1845 1740 collo-

154 1780 301 1853 quio
328 1779 555 1849 magis,
590 1778 641 1832 si
672 1776 799 1832 ﬁeri
828 1774 1043 1848 possit,
1076 1790 1264 1847 quam
1294 1774 1502 1843 legatis
1550 1777 1652 1829 aut
1696 1772 1845 1830 litte-

153 1870 239 1925 ris
268 1869 520 1941 cupiam
550 1866 814 1923 edoceri.
850 1864 1128 1920 Venirem
1168 1868 1369 1920 autem
1412 1864 1540 1937 ipse
1568 1863 1842 1936 protinus

156 1959 243 2015 ad
268 1974 381 2014 vos
412 1958 595 2029 hujus
623 1955 710 2012 rei
742 1954 956 2026 gratia,
987 1954 1037 2009 si
1062 1954 1379 2010 commode
1423 1969 1685 2026 possem,
1734 1953 1842 2009 sed

151 2049 363 2105 venire
390 2048 451 2103 in
484 2047 673 2103 armis
705 2061 951 2101 sacrum
989 2049 1232 2117 tempus
1281 2043 1491 2100 abnuit
1535 2060 1604 2099 ac
1634 2043 1840 2113 religio

151 2139 345 2196 nostri
366 2138 625 2194 ordinis.
662 2136 869 2193 Venire
897 2135 1182 2205 inermes,
1212 2134 1394 2205 longa
1431 2134 1529 2190 via
1574 2134 1840 2190 intermi-

150 2233 353 2299 natur,
372 2244 447 2284 ac
478 2225 715 2282 malitia
741 2222 1070 2280 swcularis.
1108 2226 1206 2279 Est
1234 2223 1393 2279 enim
1442 2222 1587 2278 mihi
1631 2225 1696 2280 Ο.
1749 2240 1843 2279 co-

148 2317 326 2373 luber
354 2316 421 2371 in
450 2315 555 2371 via
583 2315 721 2386 (47),
779 2314 843 2368 Β.
892 2315 1153 2368 cerastes
1198 2311 1260 2367 in
1288 2311 1517 2366 semita.
1551 2312 1843 2368 Caeterum

152 2423 225 2463 ex
254 2406 514 2463 arbitrio
543 2408 744 2461 vestro
771 2401 1055 2476 pendeat,
1090 2401 1313 2457 amodo
1344 2417 1466 2473 quo
1511 2405 1691 2474 pacto
1739 2418 1842 2458 vo-

149 2497 454 2554 luntatem
476 2499 748 2553 vestram
777 2493 926 2549 mihi
957 2492 1198 2565 placeat
1228 2492 1514 2559 indicare,
1553 2492 1845 2564 quoniam

150 2588 317 2660 apud
349 2602 455 2643 me
483 2585 806 2641 definitum
851 2581 1150 2638 voluntati
1196 2584 1430 2649 vestrae,
1488 2596 1624 2653 quas
1672 2583 1846 2639 vobis

148 2692 270 2732 non
300 2679 551 2742 noceat,
585 2672 929 2729 convenire.
965 2669 1169 2725 Valete
1189 2670 1465 2740 regaliter
1496 2672 1626 2741 (48).

582 2763 920 2819 EPISTOLA
950 2760 1059 2815 CIX
1085 2760 1253 2831 [olim
1280 2758 1433 2831 cvu.

670 2833 861 2905 (Circa
891 2830 1125 2888 annum
1159 2830 1336 2903 1027).

148 2928 563 2985 Dilectissimo
617 2924 857 2980 domino
916 2937 1023 2976 suo
1080 2924 1367 2976 FULBERTO
1416 2921 1685 2989 episcopo
1748 2924 1836 2991 H.,

216 3003 349 3070 ejus
377 2997 586 3075 ﬁdelis
604 2998 792 3075 justo
839 2992 1091 3075 Domini
1115 2995 1841 3075 pz‘wceptumuserpenti-

213 3062 387 3197 ἔφη’
409 3062 809 3140 prudentiam
856 3063 1208 3120 columbina
1262 3062 1648 3132 simplicitate
1680 3081 1839 3134 prm-

258 3144 437 3198 itam.
564 3144 571 3149 ’

216 3229 399 3294 Quod
429 3232 555 3295 tuo,
585 3224 929 3283 beatissime
957 3223 1155 3292 Pater,
1200 3220 1579 3295 aliorumque
1624 3223 1836 3279 multo-

146 3332 282 3375 rum
313 3316 517 3375 relatu
546 3328 956 3390 perceperam,
986 3313 1050 3368 id
1088 3311 1293 3385 ipsum
1321 3326 1535 3383 nuper,
1587 3312 1837 3369 domino

150 3408 415 3465 Berardo
450 3404 784 3463 Suessionis
833 3403 1126 3477 episcopo
1172 3399 1479 3467 referente,
1533 3403 1832 3471 cognovi:

151 3498 378 3554 scilicet
427 3495 751 3552 incurrisse
800 3498 853 3550 te
900 3490 1333 3563 gravissimum
1365 3490 1586 3561 reginas
1627 3490 1837 3547 odium

146 3586 459 3645 faventem
499 3585 698 3659 potius
726 3585 943 3641 marito
972 3597 1108 3649 suo,
1152 3580 1227 3636 de
1255 3579 1671 3637 constituendo
1696 3596 1836 3651 rege

146 3679 387 3749 majore
416 3674 565 3744 ﬁlio,
593 3690 773 3748 quem
821 3673 1035 3730 dicunt
1081 3666 1494 3726 simulatorem
1544 3686 1692 3737 esse,
1746 3687 1836 3727 se-

149 3780 362 3839 gnem,
394 3765 663 3835 mollem,
695 3765 754 3821 in
780 3760 1151 3834 negligendo
1174 3762 1311 3832 jure
1349 3760 1830 3834 patrissaturum,

147 3857 324 3913 fratri
371 3872 482 3911 suo
525 3854 745 3927 juniori
793 3850 1192 3910 attribuentes
1241 3849 1333 3905 his
1385 3850 1702 3907 contraria.
1761 3852 1836 3908 Te

148 3961 413 4020 quoque
441 3943 678 4016 plurimi
707 3944 1137 4017 episcoporum
1182 3939 1465 3995 mordent
1493 3938 1834 3998 clanculum

147 4035 253 4092 vel
294 4035 379 4091 ab
421 4033 504 4090 eis
549 4050 616 4090 ac
665 4034 890 4090 caeteris
944 4030 1121 4105 quasi
1153 4029 1433 4103 quintum
1480 4029 1765 4086 malleum
1798 4048 1834 4089 a

148 4130 423 4199 quatuor
449 4123 851 4197 Pythagoricis
879 4138 994 4196 pro
1033 4120 1148 4177 hac
1179 4134 1365 4176 causa
1394 4117 1825 4177 dissonantem.

154 4215 323 4272 Unde
354 4218 659 4287 quantum
688 4228 761 4269 ex
788 4210 992 4268 verbis
1042 4208 1368 4282 supradicti
1410 4208 1683 4281 prtesulis
1732 4211 1833 4267 ad-

149 4305 317 4371 verti,
353 4302 717 4359 sententiam
746 4302 1254 4375 coepiscoporum
1306 4302 1547 4355 tuorum
1593 4300 1829 4357 Franci-
1860 4342 1900 4395 Β

153 4408 454 4463 genarum
481 4408 666 4465 super
687 4389 801 4447 hoc
831 4390 1141 4462 agendum
1192 4388 1502 4460 negotium
1554 4388 1827 4447 intimare

153 4483 257 4541 tibi
281 4500 411 4540 non
441 4498 545 4539 me
576 4482 797 4555 piguit;
833 4484 898 4537 ut
927 4481 977 4537 si
1008 4481 1157 4536 forte
1190 4478 1392 4535 sanior
1420 4483 1528 4544 est,
1563 4478 1615 4534 ei
1644 4492 1719 4535 ne
1746 4494 1834 4537 re-

152 4573 431 4645 frageris,
454 4577 513 4630 et
543 4589 580 4629 a
606 4571 871 4644 periculo
896 4569 1002 4627 tibi
1027 4585 1261 4626 caveas.
1322 4566 1421 4625 Est
1449 4571 1651 4625 autem
1696 4570 1825 4627 haec

150 4679 363 4719 eorum
396 4661 477 4717 ad
510 4660 1000 4733 componendam
1025 4658 1305 4731 utrinque
1320 4656 1485 4713 litem
1504 4654 1824 4715 sententia:

150 4755 320 4824 patre
340 4750 589 4807 vivente
627 4746 862 4804 nullum
890 4762 1095 4817 regem
1124 4745 1238 4801 sibi
1290 4744 1510 4813 creari;
1556 4744 1723 4817 quod
1781 4747 1829 4802 si

154 4841 351 4897 acrius
378 4837 658 4894 institerit
683 4837 744 4893 in
776 4837 892 4893 vita
912 4835 1099 4909 patris
1123 4835 1237 4891 hoc
1252 4834 1402 4905 ﬁeri,
1420 4851 1605 4908 quem
1628 4835 1830 4892 melio-

149 4945 279 4986 rem
308 4926 587 4994 senserit,
626 4925 703 4981 ad
745 4941 949 4996 regem
978 4923 1196 4980 debere
1218 4922 1548 4980 sublimari.
1578 4918 1825 4995 Videris,

150 5019 320 5074 Pater
348 5016 839 5091 prudentissime,
868 5032 943 5071 ne
971 5017 1051 5071 sis
1080 5015 1217 5088 plus
1248 5031 1421 5088 aequo
1446 5015 1664 5085 justus,
1716 5030 1827 5071 nec

154 5121 190 5163 a
216 5108 448 5164 sanctis
473 5104 1003 5163 consacerdotibus
1034 5104 1147 5161 tuis
1171 5119 1490 5177 perperam
1511 5103 1823 5162 dissideas.

225 5197 433 5253 Insani
472 5210 699 5251 nomen
726 5208 911 5250 sanus
941 5192 1105 5261 feret,
1139 5209 1348 5265 {equus
1376 5186 1587 5265 iniqui,

223 5344 343 5411 (47)
384 5342 497 5411 Per
519 5337 774 5394 litteram
801 5340 865 5395 Ο.
910 5338 1181 5395 Odonem
1204 5336 1329 5411 (alii
1359 5336 1566 5411 forsan
1597 5336 1826 5394 Odolri-

160 5406 294 5483 eum
322 5406 819 5483 Aurelianensem
850 5406 1625 5483 episcopum)1ntelligimus
1655 5427 1668 5476 ;
1720 5424 1827 5483 per

158 5481 417 5539 litteram
448 5485 514 5537 R.
545 5481 817 5552 reginam
859 5479 1301 5552 Constantiam;
1358 5484 1605 5551 uterque
1641 5479 1824 5552 enim

154 5554 605 5634 adversabatur
618 5548 1250 5634 ‘FulbertoLquod‘hic-
1262 5555 1471 5634 partes
1493 5548 1824 5634 susciperet

158 5625 414 5694 Item-lci,
440 5627 591 5683 natu
618 5624 865 5695 majoris
909 5618 1015 5680 ﬁlii
1040 5618 1292 5680 Roberti'
1328 5622 1486 5693 regis
1533 5618 1822 5680 adversus

1954 1725 2016 1765 se
2047 1709 2308 1781 legimus
2343 1729 2355 1766 :
2388 1711 2603 1769 Pacem
2634 1715 2909 1787 relinquo
2940 1715 3124 1786 vobis,
3174 1730 3387 1786 pacem
3434 1728 3627 1772 meam

1952 1798 2029 1854 do
2085 1801 2249 1857 vobis
2319 1800 2516 1871 (Joan.
2541 1819 2661 1874 xxv,
2693 1804 2786 1876 27)
2816 1820 2828 1873 ;
2886 1806 2942 1860 et
2989 1804 3205 1861 iterum
3240 1821 3254 1860 :
3288 1804 3361 1860 In
3393 1803 3503 1861 hoc
3532 1819 3627 1861 co-

1952 1896 2243 1959 gnoscent
2274 1905 2475 1948 omnes
2505 1893 2645 1965 quia
2675 1896 2792 1950 mei
2818 1890 2954 1950 estis
2985 1890 3290 1965 discipuli,
3346 1895 3400 1950 si
3443 1892 3630 1951 delec-

1953 1979 2243 2035 tationem
2295 1977 2621 2040 habueritis
2651 1982 2732 2040 ad
2778 1984 3030 2042 invicem
3079 1986 3274 2057 (Joan.
3319 2001 3440 2053 xm,
3492 1985 3624 2055 35);

1950 2062 2137 2140 liquet
2168 2080 2324 2136 ergo
2353 2073 2655 2129 neminem
2684 2073 2807 2130 fore
2844 2074 3055 2132 Christi
3084 2073 3470 2149 discipulum,
3511 2074 3629 2130 nisi

1952 2156 2124 2228 signo
2184 2156 2526 2219 dilectionis
2564 2178 2633 2219 ac
2676 2162 2842 2236 pacis
2887 2162 3060 2220 fuerit
3111 2164 3446 2235 insignitus.
3509 2164 3627 2219 Hoc

1955 2262 2089 2303 vero
2141 2246 2535 2316 signaculum
2590 2270 2713 2309 non
2761 2252 3126 2327 adipiscitur.
3178 2252 3293 2311 nisi
3336 2255 3416 2311 ab
3462 2249 3533 2310 iis
3565 2245 3627 2310 in

1951 2334 2178 2409 quibus
2212 2334 2399 2399 fuerit
2420 2342 2597 2399 initas
2625 2342 3017 2400 voluntatum.
3070 2343 3269 2402 Unitas
3296 2348 3498 2401 autem
3526 2356 3628 2399 vo-

1951 2422 2261 2483 luntatum
2293 2429 2545 2488 inveniri
2567 2447 2687 2488 non
2713 2436 2929 2504 potest,
2962 2434 3075 2490 nisi
3100 2434 3161 2491 in
3192 2434 3284 2492 his
3312 2434 3418 2507 qui
3449 2446 3628 2490 suum

1950 2514 2103 2571 velle
2158 2518 2215 2569 et
2275 2520 2435 2576 nolle
2480 2520 2542 2577 in
2590 2522 2768 2577 unius
2801 2523 3106 2595 praepositi
3145 2518 3374 2596 judicio
3414 2518 3628 2579 consti—

1952 2606 2147 2659 tuunt.
2206 2604 2378 2663 Unde
2428 2613 2484 2665 et
2532 2615 2740 2665 auctor
2783 2608 2948 2682 pacis
2997 2611 3230 2668 nullum
3262 2612 3535 2667 ordinem
3563 2608 3627 2665 in

1953 2688 2217 2748 Ecclesia
2247 2695 2375 2753 sine
2405 2698 2634 2771 praelati
2658 2698 2946 2770 regimine
2975 2700 3340 2774 relinquens,
3366 2712 3477 2774 pro
3507 2710 3628 2755 cer-

1955 2783 2014 2837 to
2046 2780 2315 2841 insinuat
2344 2786 2510 2843 nulla
2536 2786 2653 2843 alia
2678 2787 2909 2845 ratione
2934 2788 3312 2860 fragilitatem
3340 2789 3626 2845 humanae

1954 2870 2258 2928 labilitatis
2285 2875 2363 2931 ad
2394 2877 2683 2933 unitatem
2730 2879 2970 2952 spiritus
3021 2896 3199 2953 posse
3245 2879 3455 2952 redigi,
3504 2877 3626 2934 sive

1878 2982 1919 3037 ρ
1954 2960 2015 3016 in
2043 2977 2190 3034 pace
2223 2965 2584 3023 conservari.
2619 2971 2811 3033 Quare
2838 2985 2951 3026 nos
2976 2970 3155 3045 pauci
3176 2966 3384 3028 fratres
3424 2969 3486 3026 in
3508 2984 3626 3025 coe-

1956 3050 2162 3122 nobio,
2195 3054 2289 3109 cui
2324 3052 2481 3111 Cella
2513 3056 2737 3113 Boboni
2768 3074 3015 3129 nomen,
3066 3064 3124 3118 et
3154 3064 3273 3118 Deo
3303 3077 3413 3135 pro
3446 3073 3628 3134 posse

1954 3138 2339 3214 famulantes,
2388 3145 2533 3217 quia
2588 3146 2899 3206 vinculum
2933 3152 3100 3224 pacis
3149 3156 3207 3208 et
3244 3146 3629 3221 signaculum

1955 3232 2309 3289 Christranae
2355 3234 2689 3308 disciplinae
2743 3237 3127 3296 dilectionem
3179 3256 3287 3312 per
3334 3238 3628 3293 unitatem

1952 3322 2149 3378 cordis
2174 3323 2269 3379 vel
2300 3321 2517 3380 animse
2548 3327 2856 3398 possidere
2887 3330 3192 3402 cupimus,
3220 3333 3361 3402 post
3389 3325 3624 3382 obitum

1950 3412 2180 3469 domini
2212 3413 2409 3469 Garini
2450 3411 2688 3471 abbatis
2738 3416 2845 3472 viri
2874 3418 3138 3491 religiosi
3188 3416 3483 3487 elegimus
3517 3414 3630 3470 fra-

1948 3500 2098 3554 trem
2122 3500 2455 3572 quemdam
2483 3516 2722 3559 morum
2754 3504 3053 3578 probitate
3077 3510 3364 3563 ornatum
3389 3507 3631 3561 Bernar-

1946 3584 2115 3655 dum,
2148 3604 2331 3661 quem
2359 3589 2537 3647 nobis
2564 3592 2694 3648 vice
2742 3594 2926 3651 Patris
2968 3610 3236 3669 praeesse
3295 3590 3578 3650 volumus
3611 3611 3624 3661 ;

1945 3678 2002 3731 et
2019 3675 2080 3731 in
2107 3676 2451 3736 deﬁnitione
2478 3678 2609 3752 ejus
2630 3684 3067 3742 sententiarum
3094 3688 3443 3742 nostrarum
3470 3681 3626 3740 uniri

1944 3762 2370 3835 diversitatem,
2404 3783 2478 3823 ne
2504 3767 2740 3826 diversa
2769 3775 3120 3843 sentientes,
3152 3790 3190 3829 a
3222 3771 3436 3831 Christi
3481 3771 3626 3829 doc-

1942 3852 2098 3909 trina
2127 3854 2503 3912 inveniamur
2532 3859 2816 3915 extranei.
2873 3860 3053 3916 Facta
3103 3865 3193 3916 est
3241 3866 3443 3918 autem
3474 3862 3621 3919 elec-

1945 3941 2024 3998 tio
2055 3940 2167 3999 ista
2214 3943 2462 3999 consilio
2507 3949 2687 4017 atque
2738 3946 3098 4004 auctoritate
3148 3948 3358 4005 domni
3384 3949 3619 4006 abbatis

1944 4026 2176 4101 Majoris
2204 4032 2537 4089 Monasterii
2562 4037 2700 4107 post
2746 4051 3067 4092 excessum
3119 4035 3359 4108 gloriosi
3407 4038 3623 4113 princi-

1942 4117 2036 4193 pis
2070 4120 2313 4189 Odonis,
2347 4137 2383 4177 a
2404 4138 2527 4195 quo
2551 4122 2733 4194 hujus
2761 4122 2846 4181 rei
2876 4140 3090 4183 curam
3119 4133 3483 4202 susceperat.
3506 4130 3618 4197 Qui

1944 4207 2060 4264 hoc
2087 4206 2148 4265 in
2176 4216 2471 4269 conventu
2501 4212 2947 4270 monachorum
2972 4212 3090 4272 ritu
3112 4213 3328 4274 celebri
3352 4223 3613 4293 peracto,

1945 4297 2157 4354 obtulit
2185 4299 2363 4355 etiam
2395 4299 2635 4356 fratrem
2681 4303 3039 4375 praedictum
3089 4304 3499 4366 nobillissimae
3541 4305 3609 4366 Η.

1943 4388 2278 4455 comitissse,
2307 4388 2421 4444 sub
2451 4390 2623 4461 cujus
2652 4389 2876 4448 ditione
2904 4392 3073 4450 locus
3095 4396 3222 4468 ipse
3254 4399 3532 4467 constitit,
3556 4403 3614 4456 et

1945 4476 2245 4551 Stephano
2276 4478 2475 4535 comiti
2504 4479 2634 4551 ejus
2664 4479 2808 4549 ﬁlio,
2854 4498 2889 4538 a
2939 4484 3162 4557 quibus
3212 4485 3467 4543 domum
3516 4505 3608 4545 re-

1940 4581 2076 4622 rum
2128 4568 2549 4641 temporalium
2593 4569 2673 4626 ad
2714 4570 2876 4627 idem
2928 4572 3354 4646 pertinentium
3404 4593 3606 4632 coeno-

1939 4653 2109 4712 bium
2138 4659 2417 4731 suscepit.
2453 4656 2673 4716 Dehinc
2702 4675 2844 4716 vero
2877 4663 3085 4718 statuit
3107 4676 3247 4718 eum
3274 4664 3601 4720 venerabili

1939 4742 2755 4814 Mainardo,Trecassinorum
2783 4747 3145 4822 praesuli,cuj
3156 4766 3225 4806 us
3251 4750 3609 4808 ecclesiasti-

1938 4844 2011 4890 ca
2041 4834 2385 4891 auctoritate
2430 4835 2778 4893 electionem
2824 4836 3178 4908 hujusmodi
3224 4837 3603 4897 corroborari

1938 4923 2200 4996 oportuit
2220 4926 2397 4996 atque
2419 4921 2496 4980 ab
2511 4923 2643 4996 ipso
2658 4924 2999 4981 animarum
3017 4942 3224 4982 curam
3242 4924 3600 5001 suscipi,nec

1937 5026 2061 5069 non
2111 5008 2348 5069 abbatis
2395 5011 2876 5071 benedictionem
2920 5012 3255 5071 secundum
3286 5014 3601 5074 institutio-

1937 5118 2079 5158 nem
2097 5105 2335 5159 Patrum
2361 5099 2664 5159 celebrari.
2692 5102 2861 5168 Quod
2895 5101 3022 5175 ipse
3042 5100 3470 5175 benignissime
3498 5123 3599 5165 an-

1935 5193 2083 5259 nuit,
2107 5197 2164 5247 et
2195 5188 2419 5261 omnia,
2436 5194 2615 5265 prout
2628 5206 2762 5247 mos
2777 5190 3114 5265 expostulat
3132 5193 3590 5268 ecclesiasticus,

1935 5332 2256 5407 Robertum
2285 5337 2433 5389 natu
2479 5333 2775 5407 majorem
2819 5348 3002 5407 quem
3030 5334 3264 5406 mulier,
3316 5337 3594 5395 muliebri

1934 5403 2355 5488 prope‘nsione,
2398 5403 2753 5487 posthabita.
2786 5403 2977 5463 aetatis
3025 5403 3441 5480 prmrogativa,
3496 5426 3594 5466 cu-

1932 5475 2134 5552 piebat
2162 5475 2458 5552 inregein
2485 5477 2759 5552 coronari

2008 5550 2113 5622 (48)
2155 5545 2368 5605 Gallice
2391 5548 2473 5604 sic
2501 5547 2620 5603 fere
2651 5566 2664 5604 :
2692 5564 2753 5606 se
2763 5554 2977 5619 porter
3002 5566 3224 5609 comme
3254 5566 3337 5606 un
3368 5550 3478 5608 rei.
