4018 6176
415 184 523 239 255

1489 176 1546 232 S.
1587 175 1931 232 FULBERTI
1970 173 2449 231 CARNOTENSIS
2487 173 2801 231 EPISCOPI

3760 171 3873 225 256

421 307 626 377 utpote
653 302 746 358 vir
773 300 1277 375 prudentissimus
1304 303 1484 374 atque
1511 300 1844 357 eruditione
1866 299 2081 367 clarus,
2120 302 2170 355 A
2192 298 2392 368 fugite
2419 298 2483 353 in
2508 299 2695 354 aliam
2725 295 2965 368 (Matth.
2993 312 3053 363 x,
3085 294 3197 366 23).
3228 296 3293 349 Et
3321 311 3334 349 :
3369 293 3484 363 Qui
3533 298 3592 349 te
3627 308 3877 362 percus-

423 393 762 466 complevit.

802 481 1136 537 EPISTOLA
1176 483 1283 537 cxn
1316 482 1482 551 [olim
1506 481 1709 550 cvm].

924 568 1114 640 (Circa
1139 585 1371 625 annum
1404 572 1583 636 1027).

496 659 766 715 Odilonis
796 659 1211 715 Cluniacensis
1249 659 1483 715 abbatis
1521 658 1603 713 ad
1642 656 2014 712 Fulbertum.

424 749 587 823 (Vide
644 748 992 819 Patrologiaa
1049 752 1195 804 tom.
1258 750 1457 816 CXLII,
1507 746 1657 803 inter
1705 744 1988 817 epistolas
2029 744 2084 800 S.

1102 836 1413 905 Odilonis).

982 926 1321 982 EPISTOLA
1362 927 1515 981 CXII.

498 1032 761 1071 FULBERTI
814 1030 1183 1071 CARNOTENSIS
1230 1029 1474 1069 EPISCOPI
1519 1028 1591 1067 AD
1626 1025 2016 1066 HILDEGARIUM.

666 1106 753 1160 De
774 1104 1060 1173 episcopis
1081 1102 1164 1156 ad
1195 1102 1351 1157 bella
1378 1100 1858 1171 procedentibus.

423 1195 733 1268 (Marsus,
796 1193 1134 1248 Thesaurus
1186 1190 1653 1259 Anecdotorum,
1704 1193 1847 1245 tom.
1899 1192 1939 1255 Ι,
1975 1187 2089 1244 col.

691 1285 813 1349 150,
845 1297 937 1336 ex.
964 1297 1077 1336 ms.
1115 1282 1171 1337 S.
1206 1278 1456 1349 Remigii
1488 1278 1841 1349 Remensis).

495 1375 836 1440 FULBERTUS,
862 1369 1319 1427 Carnotensium
1341 1369 1663 1442 episcopus
1684 1364 1951 1434 humilis,
1971 1368 2094 1421 Hii.-

423 1476 660 1518 neczuuo
690 1458 857 1514 fratri
883 1458 1156 1514 salutem.

495 1554 884 1607 Decreveram
933 1548 1183 1621 quidem
1231 1546 1357 1611 tibi,
1411 1546 1547 1601 licet
1604 1545 1822 1619 sepius
1850 1544 2091 1619 petenti,

2193 388 2334 442 serit
2360 388 2423 442 in
2448 387 2725 443 dextram
2751 385 3091 455 maxillam,
3115 383 3318 454 prxbe
3364 383 3462 438 illi
3509 388 3567 438 et
3606 382 3877 438 alteram

2197 475 2432 547 (Matth.
2466 492 2524 543 v,
2557 474 2668 545 39).
2704 476 2771 529 Et
2798 490 2810 527 :
2847 473 2961 540 Qui
2989 473 3119 529 vult
3148 476 3339 528 tecum
3358 472 3601 541 judicio
3629 476 3880 527 conten-

2195 565 2354 632 dere,
2384 570 2440 621 et
2464 565 2733 620 tunicam
2756 568 2922 619 tuam
2953 562 3425 631 tollere,remitte
3448 562 3504 616 ei
3522 565 3580 616 et
3604 560 3880 629 pallium

2196 652 2396 723 (Ibid.,
2420 656 2536 719 40).
2570 654 2635 707 Et
2655 652 2871 707 iterum
2905 669 2917 707 :
2951 651 3023 706 In
3046 650 3347 720 patientia
3379 653 3579 705 vestra
3607 648 3882 718 posside-

2199 745 2333 800 bitis
2362 749 2596 801 animas
2622 749 2849 801 vestras
2900 745 3061 815 (Luc.
3091 758 3212 811 xxx,
3248 745 3356 808 19).
3419 742 3659 797 Scimus
3712 740 3882 796 enim

2195 832 2301 906 qui
2329 833 2477 890 dixit
2504 850 2517 888 :
2551 833 2707 888 Mihi
2730 832 3056 888 vindictam
3078 835 3133 887 et
3159 845 3264 901 ego
3288 829 3622 886 retribuam
3675 829 3881 900 (Rom.

2196 938 2300 990 xu,
2336 922 2443 993 19).
2474 925 2539 977 In
2566 919 2750 978 veteri
2780 920 3183 976 instrumento
3212 917 3480 974 oratione
3523 917 3716 990 Moysi
3769 917 3885 973 ho-

2199 1011 2391 1068 stilem
2415 1012 2744 1068 exercitum
2772 1009 3050 1066 vincebat
3090 1007 3290 1078 lsrael,
3340 1012 3449 1065 etc.
3480 1026 3495 1075 ;
3545 1006 3885 1074 contrario,

2200 1117 2418 1157 manus
2448 1101 2550 1157 illo
2587 1100 2942 1164 remittente,
2990 1097 3264 1155 hostibus
3320 1097 3575 1154 cedebat
3620 1096 3890 1153 victoria

2200 1191 2418 1262 (Exod.
2449 1207 2588 1257 xvu,
2623 1192 2728 1261 11).
2780 1187 2946 1246 Unde
2998 1186 3275 1257 colligere
3321 1202 3654 1259 possumus
3710 1184 3891 1258 quod

2201 1280 2416 1336 melius
2445 1279 2733 1354 patientia
2757 1282 2815 1334 et
2843 1277 3111 1333 oratione
3137 1275 3502 1349 przeliamur,
3533 1291 3731 1347 quam
3751 1274 3890 1344 gla-

2202 1369 2316 1425 diis
2345 1374 2401 1425 et
2427 1367 2840 1424 seditionibus.
2861 1370 2989 1439 Ipse
3005 1381 3250 1439 quoque
3271 1364 3560 1434 magister
3582 1363 3889 1431 veritatis,

2203 1460 2376 1531 cujus
2400 1458 2651 1528 vestigia
2682 1456 2854 1529 sequi
2882 1455 3199 1521 debemus,
3234 1453 3387 1510 sicut
3413 1456 3680 1509 Joannes
3736 1468 3893 1526 apo-

2205 1548 2390 1605 stolus
2420 1546 2625 1604 scribit
2658 1564 2670 1601 :
2706 1547 2822 1614 Qui
2848 1546 2994 1601 dicit
3024 1560 3084 1602 se
3111 1546 3175 1599 in
3208 1544 3447 1600 Christo
3490 1558 3743 1600 manere
3793 1544 3896 1599 de-

420 1654 811 1713 nequaquam
865 1637 1142 1705 scribere,
1198 1652 1321 1691 non
1378 1634 1544 1707 quod
1627 1634 1928 1691 dilectioni
1979 1639 2096 1690 tute
2133 1651 2175 1705 Β
2208 1639 2299 1695 bet
2328 1639 2481 1695 sicut
2512 1638 2621 1693 ille
2641 1636 2978 1693 ambulavit
3004 1640 3058 1691 et
3086 1634 3214 1704 ipse
3243 1633 3555 1690 ambulare
3600 1634 3661 1704 (Ι
3696 1635 3890 1690 Joan.

420 1728 759 1803 quidquam
789 1725 885 1781 vel
914 1741 1054 1781 cum
1079 1740 1216 1780 meo
1246 1723 1482 1797 pudore
1509 1738 1728 1793 negare
1759 1721 2093 1790 debuerim,

424 1819 547 1874 imo
575 1832 686 1871 nec
717 1814 975 1870 debeam
1008 1832 1021 1881 ;
1055 1813 1160 1868 sed
1190 1813 1358 1886 quod
1388 1812 1719 1868 consultius
1758 1812 2098 1868 arbitrabar

424 1906 645 1974 linguae
670 1904 926 1973 januam
956 1901 1259 1967 obserare,
1292 1917 1483 1973 quam
1513 1916 1585 1956 ea
1614 1901 1677 1955 in
1714 1900 1912 1956 lucem
1955 1916 2095 1972 pro-

426 1992 579 2048 ferre
607 2006 743 2063 quae
772 1991 1081 2045 incurrant
1132 1989 1460 2046 multorum
1513 1988 1830 2045 offensam.
1875 1988 2097 2044 Idcirco

426 2083 719 2138 hactenus
748 2078 913 2151 apud
953 2083 1008 2135 te
1038 2083 1241 2135 mutus
1282 2079 1385 2147 fui,
1432 2078 1599 2152 quod
1630 2079 2096 2135 obtrectatorum

426 2169 720 2226 invidiam
777 2173 986 2225 contra
1043 2184 1139 2224 me
1197 2184 1525 2241 provocare
1581 2167 1884 2224 nolebam.
1965 2166 2098 2223 Scio

428 2259 654 2333 quippe
680 2273 805 2313 non
836 2257 1166 2326 defuturos,
1213 2257 1316 2331 qui
1363 2257 1491 2313 haec
1548 2274 1685 2330 quae
1735 2257 1948 2313 dicturi
2004 2273 2100 2312 su-

428 2365 588 2417 mus,
619 2347 797 2420 quasi
843 2347 1259 2403 inclementius
1312 2347 1472 2403 dicta
1515 2348 1574 2402 in
1625 2364 1795 2403 suam
1842 2346 2101 2402 referant

430 2437 879 2495 contumeliam.
910 2440 1124 2493 Verum
1157 2437 1302 2511 quia
1322 2436 1692 2493 obstiuacius
1715 2437 1777 2493 in
1800 2436 2100 2509 pulsando

430 2527 719 2602 persistis,
752 2529 809 2581 et
836 2526 1039 2582 litteris
1071 2526 1292 2582 crebris
1317 2526 1734 2599 importunum
1764 2531 1819 2582 te
1859 2524 2100 2581 exhibe-

429 2632 493 2673 re
524 2631 645 2671 non
676 2613 903 2669 desinis
944 2614 1210 2687 aperiam
1261 2614 1364 2671 tibi
1424 2618 1603 2688 prout
1657 2614 1910 2688 Spiritus
1960 2629 2099 2669 san-

431 2709 563 2762 ctus
592 2702 871 2759 annuerit
900 2719 1035 2776 quae
1084 2704 1395 2779 postulas;
1439 2704 1562 2759 imo
1625 2720 1697 2759 ea
1740 2704 1872 2777 ipsa
1918 2701 2103 2759 revol-

428 2808 571 2849 vam
624 2808 762 2865 quas
819 2796 1167 2847 sanctorum
1232 2795 1469 2847 Patrum
1530 2793 1727 2848 sanxit
1756 2791 2099 2858 auctoritas,

432 2897 696 2954 quorum
722 2880 916 2937 dictus
946 2880 1254 2953 refragari,
1304 2881 1614 2937 veritatem
1666 2896 1947 2954 respuere
1992 2884 2099 2936 est.

505 2969 920 3059 Quaerisquid
952 2971 1207 3059 sentiam
1256 2971 1330 3025 de
1382 2970 1680 3043 episcopis
1737 2971 1860 3044 qui,
1905 2975 2103 3043 spreta
2136 3004 2175 3059 ρ

432 3057 846 3114 ecclesiasticas
876 3058 1045 3130 pacis
1078 3059 1521 3132 tranquillitate,
1570 3059 1892 3115 seditiones
1939 3075 2101 3132 qure-

430 3152 591 3216 runt,
647 3148 807 3204 bella
858 3149 1206 3204 sectantur?
1254 3152 1408 3207 Sane
1461 3165 1851 3222 nequaquam
1905 3149 2101 3206 audeo

430 3238 564 3295 illos
598 3237 917 3310 episcopos
942 3237 1277 3309 nominare,
1319 3255 1394 3295 ne
1424 3238 1702 3307 religioso
1748 3239 1981 3296 nomini
2010 3238 2101 3294 in-

424 3327 650 3399 juriam
677 3326 915 3383 faciam.
976 3330 1285 3399 Tyrannos
1333 3328 1535 3399 potius
1598 3328 1939 3400 appellabo,
1999 3327 2104 3400 qui

428 3415 657 3473 bellicis
684 3415 960 3486 occupati
992 3416 1270 3486 negotiis,
1303 3415 1492 3471 multo
1522 3416 1719 3488 stipati
1749 3416 1910 3471 latus
1942 3415 2101 3471 mili-

430 3509 510 3573 te,
544 3503 859 3558 solidarios
898 3503 1085 3574 pretio
1136 3504 1500 3567 conducunt,
1548 3509 1611 3560 ut
1658 3504 1856 3560 nullos
1906 3505 2103 3560 saeculi

432 3608 603 3662 reges
637 3596 740 3648 aut
759 3591 1059 3664 principes
1084 3592 1357 3647 noverim
1381 3592 1535 3649 adeo
1565 3594 1883 3650 instructos
1915 3594 2102 3650 bello-

432 3697 571 3737 rum
598 3679 855 3749 legibus,
890 3684 1077 3736 totam
1107 3697 1417 3736 armorum
1442 3681 1824 3755 disciplinam
1872 3683 1933 3738 in
1962 3698 2102 3754 pro-

434 3770 634 3826 cinctu
673 3768 895 3824 militiae
927 3785 1185 3834 servare,
1239 3770 1507 3837 digerere
1556 3776 1807 3838 turmas,
1863 3771 2103 3828 ordines

434 3874 797 3931 componere
853 3858 931 3914 ad
989 3858 1354 3915 turbandam
1436 3850 1723 3916 Ecclesia!
1764 3877 1998 3933 pacem,
2047 3865 2104 3917 et

435 3946 930 4017 Christianorum,
984 3946 1118 4003 licet
1159 3948 1445 4014 hostium,
1500 3948 1857 4018 sanguinem
1909 3948 2101 4004 effun-

432 4038 722 4093 dendum.
758 4037 988 4102 Quibus
1017 4037 1064 4092 si
1094 4037 1169 4093 de
1201 4039 1293 4094 his
1341 4038 1576 4094 dudum
1625 4039 1703 4094 ab
1752 4038 2102 4095 orthodoxis

432 4126 704 4181 Patribus
724 4128 961 4198 prolata
992 4127 1334 4184 testimonia
1363 4127 1654 4200 proferas,
1683 4128 1815 4183 illos
1847 4145 1968 4184 non
2008 4145 2104 4185 ar-

433 4213 573 4280 mis,
598 4213 704 4268 sed
734 4214 1147 4271 ecclesiasticae
1193 4218 1327 4289 paci
1370 4217 1589 4274 debere
1634 4235 1769 4276 esse
1822 4219 2100 4286 intentos,

434 4316 558 4357 non
588 4301 834 4357 excedia
887 4303 1237 4374 viventium,
1291 4305 1396 4361 sed
1450 4306 1717 4377 regimen
1751 4307 2105 4381 'suscepisse

433 4390 797 4455 animarum,
825 4391 1025 4447 statim
1054 4394 1434 4466 praetendunt
1470 4396 1713 4466 justitite
1763 4412 1999 4465 causas,
2045 4414 2107 4453 se

432 4479 648 4535 invitos
669 4495 840 4535 arma
872 4480 1198 4551 suscipere,
1230 4482 1499 4538 hostium
1530 4488 1802 4541 catervas
1847 4485 1923 4541 de
1953 4484 2107 4541 collo

430 4568 719 4642 pendere,
765 4568 1080 4624 imminere
1112 4570 1443 4626 cervicibus
1494 4570 1747 4642 gladios,
1771 4573 2106 4630 libertatem

434 4673 497 4713 se
525 4674 794 4730 quaerere
834 4658 1019 4714 armis
1062 4675 1249 4731 quam
1297 4676 1448 4734 pace
1497 4660 1764 4719 obtinere
1818 4679 1939 4719 non
1966 4680 2106 4736 pos-

434 4750 591 4802 sunt.
624 4747 817 4812 Quare
843 4762 968 4802 non
1000 4747 1193 4816 magis
1245 4749 1581 4805 secundum
1622 4750 1978 4823 Apostolum
2015 4752 2106 4807 in-

427 4835 652 4909 juriam
681 4836 976 4892 sustinent
1003 4837 1031 4892 ‘I
1061 4853 1248 4909 quare
1282 4854 1405 4895 non
1438 4840 1633 4909 magis
1680 4840 1954 4897 fraudem
2004 4858 2108 4914 pa-

432 4925 702 4981 tiuntur?
728 4926 922 4983 Arma
953 4928 1108 4982 enim
1138 4930 1389 4984 malitiae
1415 4936 1637 4986 nostrae
1666 4946 1786 4986 non
1826 4933 2108 4988 carnalia

433 5019 573 5070 sunt
599 5030 621 5083 ,·
645 5016 750 5071 sed
773 5017 1046 5085 potentia
1077 5017 1197 5072 Deo
1238 5018 1320 5073 ad
1345 5018 1781 5075 desructionem
1824 5022 2106 5077 munitio-

434 5117 601 5171 num,
631 5103 1083 5172 cogitatatioues
1109 5104 1499 5175 destruentes,
1534 5112 1587 5161 et
1617 5122 1846 5164 omnem
1894 5110 2106 5165 altitu-

437 5189 635 5245 dinem
666 5193 1045 5249 extollentem
1094 5209 1155 5250 se
1201 5195 1487 5252 adversus
1535 5197 1843 5254 scientiam
1890 5199 2002 5254 Dei
2024 5199 2117 5266 (ΙΙ

440 5275 577 5332 Cor.
605 5293 665 5345 x,
694 5281 751 5348 4,
782 5283 857 5341 5).
892 5281 1272 5339 Orationibus
1310 5283 1608 5358 siquidem
1656 5284 1877 5344 instare
1924 5287 2107 5344 debe-

439 5369 592 5435 rent,
624 5371 681 5422 et
704 5367 870 5423 Pauli
913 5371 1161 5428 consilio
1218 5374 1598 5447 acquiescere
1646 5376 1897 5434 dicentis
1931 5378 2107 5435 :Non

444 5457 822 5527 vosmetipsos
861 5458 1260 5531 defendentes,
1301 5464 1660 5531 charissimi,
1715 5467 1818 5522 sed
1862 5468 2001 5524 date
2029 5468 2111 5523 lo-

441 5560 577 5602 cum
608 5546 719 5603 ἱνα»
750 5545 935 5618 (Rom.
970 5565 1071 5617 xu,
1108 5555 1214 5620 19).
1248 5555 1313 5608 Et
1337 5554 1627 5609 Dominus
1670 5553 1748 5610 ad
1778 5553 2110 5626 discipulos

440 5632 709 5708 loquitur
740 5652 754 5692 :
784 5635 854 5694 Si
876 5652 977 5695 vos
995 5643 1297 5723 persecuti
1322 5644 1553 5712 fuerint
1593 5645 1656 5699 in
1704 5644 1945 5701 civitate
1971 5643 2107 5713 ista,

2205 1744 2243 1783 u
2269 1730 2343 1798 6),
2368 1743 2508 1783 cum
2527 1724 2931 1797 justissimam
2964 1723 3213 1779 haberet
3240 1738 3512 1789 causam,
3546 1737 3665 1777 nec
3690 1722 3897 1777 mino-

2205 1833 2333 1873 rem
2358 1820 2713 1889 potestatem
2735 1830 2877 1869 suos
2908 1811 3273 1868 fulminandi
3294 1810 3701 1877 adversarios,
3734 1810 3898 1868 sicut

2204 1906 2332 1978 ipse
2361 1909 2499 1960 ante
2528 1902 2877 1975 passionem
2902 1916 3076 1957 suam
3107 1904 3469 1974 protestatus
3514 1904 3610 1955 est
3647 1899 3892 1965 dicens,

2207 1992 2473 2050 exhiberi
2505 1992 2617 2047 sibi
2649 2008 2686 2048 a
2710 1994 2897 2060 Patre,
2929 1990 2977 2045 si
3024 1988 3220 2058 vellet,
3272 1988 3602 2061 plusquam
3651 1986 3893 2044 duode-

2208 2082 2325 2137 cim
2352 2080 2621 2150 legiones
2650 2077 3003 2147 angelorum
3050 2076 3292 2149 (Matth.
3324 2092 3485 2148 xxvi,
3547 2077 3682 2147 53);
3741 2091 3892 2132 cum

2208 2169 2385 2225 etiam
2420 2168 2500 2224 ad
2528 2168 2851 2240 imperium
2879 2166 3008 2235 eius
3038 2169 3195 2222 totus
3224 2164 3387 2221 orbis
3435 2168 3746 2237 pugnaret
3776 2179 3892 2237 pro

2209 2273 2280 2313 eo
2302 2261 2510 2312 contra
2538 2256 2903 2325 insensatos,
2933 2254 3159 2327 quippe
3202 2252 3307 2326 qui
3345 2257 3555 2309 contra
3605 2269 3755 2308 eum
3808 2253 3894 2309 in-

2209 2350 2607 2413 surrexerant,
2640 2346 2744 2419 qui
2772 2361 2909 2401 vere
2936 2345 3227 2400 innocens
3247 2348 3390 2409 erat,
3408 2347 3467 2399 et
3490 2343 3554 2399 in
3580 2344 3765 2413 cujus
3786 2359 3891 2399 ore

2207 2451 2333 2492 non
2360 2440 2449 2491 est
2475 2435 2754 2491 inventus
2783 2433 2957 2490 dolus
2988 2434 3045 2505 (Ι
3068 2434 3232 2489 Petr.
3264 2448 3326 2503 ιι,
3356 2433 3469 2503 22),
3522 2431 3743 2487 volens
3803 2437 3892 2489 ta-

2208 2540 2349 2580 men
2378 2540 2513 2591 nos,
2528 2539 2791 2596 quorum
2807 2521 3137 2578 infirmitati
3158 2521 3219 2577 in
3238 2520 3523 2577 omnibus
3553 2520 3888 2591 consuluit,

2208 2614 2459 2670 invitare
2491 2613 2571 2669 ad
2602 2611 2973 2686 patientiam,
3002 2610 3218 2667 ductus
3248 2610 3326 2667 ad
3363 2609 3675 2667 victimam
3707 2611 3892 2683 quasi

2208 2701 2560 2757 mitissimus
2589 2716 2783 2771 agnus
2810 2715 2919 2755 nec
2951 2698 3187 2772 aperuit
3214 2715 3281 2754 os
3302 2714 3481 2754 suum
3506 2698 3650 2769 (Isa.
3682 2701 3887 2769 Lui,7).

2210 2795 2358 2848 Nam
2386 2807 2526 2846 cum
2546 2789 2740 2845 ﬁdelis
2765 2788 3095 2861 discipulus
3123 2804 3235 2862 pro
3273 2787 3546 2859 Magistro
3588 2787 3891 2845 dimicare

2209 2885 2448 2953 pararet
2473 2896 2543 2935 ac
2572 2879 2801 2934 librans
2831 2894 3039 2934 ensem
3092 2894 3124 2934 e
3168 2877 3389 2948 vagina
3414 2877 3542 2948 jam
3579 2876 3643 2932 in
3670 2893 3895 2950 pugna

2210 2975 2504 3041 ageretur,
2540 2974 2604 3025 ut
2634 2970 2809 3025 sciret
2828 2985 2951 3025 non
2982 2969 3043 3023 in
3074 2966 3275 3038 gladio
3314 2966 3414 3023 sed
3461 2966 3521 3021 in
3568 2968 3693 3022 Deo
3753 2984 3895 3024 esse

2208 3062 2538 3127 victoriam,
2569 3060 2738 3118 audit
2783 3077 2819 3117 a
2857 3059 3134 3131 Magistro
3197 3076 3210 3114 :
3272 3058 3552 3115 Converte
3591 3058 3895 3127 gladium

2210 3156 2377 3207 tuum
2409 3151 2472 3206 in
2504 3151 2699 3206 locum
2729 3165 2902 3206 suum
2936 3168 2948 3205 :
2983 3164 3181 3205 omnes
3212 3149 3366 3204 enim
3397 3148 3499 3219 qui
3527 3148 3898 3215 acceperint

2208 3240 2501 3311 gladium,
2534 3239 2740 3310 gladio
2781 3239 3066 3309 peribunt
3100 3237 3338 3308 (Matth.
3372 3252 3532 3305 xxvr,
3559 3236 3670 3305 32).
3712 3235 3893 3291 Unde

2209 3334 2267 3385 et
2298 3332 2355 3384 Β.
2384 3329 2750 3399 Augustinus
2778 3328 2838 3384 in
2869 3328 3023 3384 libro
3074 3326 3480 3393 Quaestionum
3532 3324 3759 3380 Veteris
3817 3341 3893 3380 ac

2211 3419 2356 3475 Novi
2384 3417 2785 3475 Testamenti:
2821 3439 2849 3466 «
2877 3415 3163 3490 Apostolo
3193 3418 3359 3472 Petro
3400 3428 3594 3488 usque
3641 3412 3721 3469 ad
3768 3415 3893 3469 hoc

2209 3507 2571 3581 permissum
2601 3511 2709 3577 est,
2737 3505 2905 3579 quod
2950 3504 3222 3561 dolorem
3270 3503 3507 3570 faceret,
3564 3517 3689 3557 non
3731 3502 3896 3557 occi-

2209 3596 2392 3653 deret.
2431 3619 2458 3645 »
2518 3595 2668 3662 Quia
2715 3595 2876 3652 enim
2930 3598 3139 3651 sancta
3194 3592 3454 3649 Ecclesia
3510 3606 3636 3647 non
3700 3590 3896 3647 habet

2210 3686 2478 3756 gladium
2505 3686 2618 3741 nisi
2650 3684 3040 3758 spiritualem,
3073 3700 3183 3740 nec
3216 3682 3490 3740 occidere
3540 3681 3752 3753 debet,
3785 3680 3893 3736 sed

2210 3773 2530 3842 viviﬁcare,
2558 3778 2805 3830 testatur
2835 3772 3109 3829 Nicolaus
3134 3788 3296 3846 papa
3319 3770 3525 3827 dicens
3559 3788 3573 3825 :
3601 3792 3631 3819 ‹‹
3665 3771 3897 3826 Sancta

2211 3864 2312 3919 Dei
2366 3863 2625 3920 Ecclesia
2692 3862 3016 3919 mundanis
3072 3876 3388 3935 nunquam
3438 3858 3896 3929 constringetur

2209 3952 2444 4023 legibus
2473 3972 2486 4021 ;
2521 3953 2792 4024 gladium
2819 3968 2942 4007 non
2973 3952 3156 4008 habet
3185 3950 3298 4007 nisi
3325 3948 3727 4022 spiritualem,
3761 3964 3890 4004 non

2211 4043 2445 4109 occidit,
2480 4043 2586 4098 sed
2612 4042 2892 4099 viviﬁcat.
2930 4065 2957 4092 »
3004 4044 3070 4097 Et
3113 4044 3172 4097 Β.
3218 4040 3616 4111 Hieronymus
3662 4038 3731 4093 in
3771 4037 3892 4111 epi-

2212 4131 2365 4187 stola
2390 4131 2469 4187 ad
2498 4131 2896 4202 Ageruchiam
2926 4148 2939 4186 :
2974 4154 3001 4179 ‹‹
3038 4129 3191 4187 Olim
3223 4126 3690 4202 praecipiebatur
3719 4126 3895 4182 reddi

2212 4220 2456 4277 oculum
2485 4236 2595 4293 pro
2622 4219 2818 4291 oculo,
2846 4220 3089 4275 dentem
3136 4234 3247 4291 pro
3292 4217 3468 4272 dente
3523 4216 3780 4287 (Matth.
3834 4232 3895 4283 v,

2213 4310 2341 4382 38);
2402 4326 2562 4365 nunc
2615 4309 2951 4366 verberanti
3037 4307 3346 4365 maxillam
3422 4305 3779 4378 praebemus
3841 4308 3901 4361 et

2213 4399 2462 4455 alteram
2490 4399 2689 4470 (Ibid.,
2744 4400 2853 4471 39).
2905 4398 3005 4454 lllo
3054 4398 3115 4454 in
3174 4404 3441 4469 tempore
3486 4394 3899 4451 bellatoribus

2214 4489 2578 4545 dicebatur:
2638 4488 2970 4559 Accingere
3021 4488 3227 4559 gladio
3285 4491 3386 4542 tuo
3450 4500 3635 4554 super
3684 4486 3904 4554 femur

2216 4585 2406 4646 tuum,
2456 4579 2864 4647 potentissime
2916 4578 3107 4649 (Psal.
3144 4592 3293 4645 xuv,
3327 4576 3424 4647 4);
3483 4574 3674 4630 modo
3727 4574 3906 4630 audit

2215 4669 2419 4722 Petrus
2450 4684 2463 4722 :
2500 4666 2701 4724 Conde
2742 4665 3011 4735 gladium
3072 4669 3245 4722 tuum
3301 4663 3364 4719 in
3417 4661 3714 4732 vaginam
3746 4682 3759 4719 :
3790 4662 3905 4735 qui

2216 4754 2376 4810 enim
2433 4753 2633 4823 gladio
2682 4752 3059 4826 percusserit,
3119 4750 3318 4822 gladio
3372 4748 3594 4824 peribit
3638 4750 3901 4819 (Matth.

2215 4860 2376 4912 xxvr,
2409 4843 2517 4915 32).
2551 4866 2577 4892 »
2610 4875 2677 4883 —
2709 4866 2733 4890 ‹‹
2773 4842 2997 4899 Debent
3027 4841 3251 4915 quippe
3282 4838 3570 4911 episcopi,
3606 4839 3766 4895 sicut
3790 4838 3904 4895 lsi-

2216 4933 2400 4989 dorus
2430 4932 2511 4989 ait
2534 4932 2595 4989 in
2624 4932 2777 4989 libro
2807 4932 2881 4987 de
2903 4930 3146 5001 Ofﬁciis,
3176 4928 3584 5004 principatum
3610 4928 3674 4984 in
3704 4945 3907 5003 popu.

2215 5022 2273 5078 lo
2303 5038 2426 5078 non
2457 5022 2749 5093 sanguine
2780 5019 3120 5086 defendere,
3154 5017 3265 5074 sed
3296 5017 3428 5072 vitae
3459 5015 3718 5073 meritis.
3772 5042 3803 5067 υ
3838 5020 3909 5073 Et

2217 5111 2359 5167 alibi
2391 5128 2403 5166 :
2439 5132 2467 5159 «
2498 5108 2777 5183 Episcopi
2803 5108 3061 5181 speciale
3100 5106 3365 5165 ofﬁcium
3414 5111 3503 5162 est
3548 5106 3907 5178 Scripturas

2216 5200 2432 5271 legere,
2462 5214 2807 5272 percurrere
2860 5213 3144 5265 canones,
3200 5194 3480 5268 exempla
3538 5198 3914 5251 sanctorum

2217 5287 2436 5345 imitari
2466 5287 2703 5358 vigiliis,
2728 5285 2974 5358 jejuniis
3004 5283 3375 5353 incumbere,
3410 5299 3551 5339 cum
3602 5281 3912 5339 fratribus

2217 5378 2441 5435 habere
2466 5393 2704 5450 pacem,
2735 5392 2845 5432 nec
2874 5390 3248 5449 quemquam
3300 5390 3377 5430 ex
3420 5372 3720 5429 membris
3776 5374 3913 5429 suis

2220 5466 2574 5540 discerpere,
2606 5465 2843 5522 nullum
2866 5464 3164 5521 damnare
3207 5462 3323 5519 nisi
3364 5463 3718 5537 probatum,
3762 5462 3912 5519 nul-

2218 5556 2346 5611 lum
2378 5556 2902 5613 excommunicare
2930 5555 3044 5611 nisi
3066 5554 3427 5611 discussum.
3470 5575 3499 5604 ››

2294 5644 2405 5710 Qui
2433 5645 2638 5719 itaque
2665 5643 2886 5701 talibus
2933 5642 3145 5701 ofﬁciis
3184 5658 3399 5701 vacare
3448 5641 3653 5710 debet,
3705 5656 3915 5716 quam
