3996 6176
173 142 281 193 257

1706 136 2078 196 EPISTOLE.

3501 157 3609 210 258

170 259 373 316 illicite
403 263 462 314 et
488 261 695 313 contra
726 256 983 328 gradum
1023 275 1202 314 suum
1232 259 1310 314 ad
1351 275 1522 316 arma
1551 261 1835 318 humanae
1875 265 1923 318 Α
1948 263 2134 334 tiavit,
2162 265 2369 322 dicens
2405 284 2418 322 :
2455 290 2483 316 «
2509 268 2720 326 Christi
2747 271 2915 328 miles
2938 288 3094 342 sum,
3139 289 3408 346 pugnare
3462 276 3609 332 mihi

173 349 401 406 militiae
430 351 776 418 consurgat,
801 347 997 403 omnis
1026 347 1131 420 qui
1163 364 1380 404 sanum
1421 351 1576 422 sapit
1627 351 1838 406 intelli-

173 440 272 509 git.
306 437 475 494 Unde
509 439 566 492 Β.
599 436 949 492 Ambrosius
976 437 1388 494 sacerdotibus
1441 439 1586 495 dare
1637 440 1842 495 volens

171 527 525 600 exemplum
546 526 869 599 patientiae,
899 526 959 582 in
981 526 1230 599 epistola
1253 532 1460 584 contra
1483 529 1843 585 Auxentium

170 617 244 673 de
279 616 593 673 tradendis
621 615 882 672 basilicis
920 616 1148 672 civibus
1177 618 1381 674 scribit
1415 636 1426 672 :
1463 642 1488 667 ‹‹
1526 619 1704 674 Video
1735 635 1844 674 vos

172 713 390 780 praeter
418 705 662 762 solitum
702 723 830 762 esse
860 706 1129 762 turbatos
1162 707 1354 764 solito.
1390 709 1503 765 Sed
1549 708 1698 781 quid
1731 714 1844 763 tur-

173 796 458 852 bamini?
486 795 700 851 Volens
742 811 1058 868 nunquam
1105 813 1210 852 vos
1251 798 1549 866 deseram,
1603 803 1845 853 coactus

175 901 518 958 repugnare
546 901 668 940 non
698 884 859 954 novi,
891 885 1091 940 dolere
1136 891 1365 958 potero,
1421 888 1560 942 ﬂere
1613 891 1842 959 potero,

173 990 412 1045 gemere
447 979 677 1046 potero,
711 974 1002 1030 adversus
1025 975 1237 1031 milites
1265 976 1484 1031 Gothos
1506 992 1676 1032 arma
1697 992 1844 1048 quo-

173 1081 286 1137 que
310 1063 607 1136 lacrymze
637 1080 786 1118 meae
839 1069 994 1120 sunt.
1045 1064 1205 1120 Talia
1254 1070 1647 1121 monumenta
1706 1069 1845 1120 sunt

175 1153 505 1210 sacerdotis
533 1172 546 1208 :
579 1153 746 1208 aliter
775 1169 896 1208 non
925 1153 1136 1221 debeo,
1166 1170 1276 1210 nec
1307 1171 1559 1227 possum
1619 1155 1848 1210 resiste-

173 1261 250 1300 re.
276 1269 304 1293 η
339 1249 488 1299 Item
519 1243 594 1298 de
616 1243 832 1298 eadem
863 1260 923 1298 re
955 1243 1015 1298 in
1041 1243 1255 1299 eadem
1285 1244 1535 1316 epistola
1570 1262 1582 1299 :
1614 1267 1641 1292 ‹‹
1669 1244 1725 1301 Si
1741 1260 1847 1316 pa-

176 1333 530 1389 trimonium
565 1333 805 1405 petitur,
845 1333 1203 1402 invadatur;
1255 1334 1303 1389 si
1352 1351 1592 1407 corpus,
1646 1348 1849 1388 occur-

174 1440 322 1478 ram.
354 1422 547 1478 Vultis
577 1423 638 1476 in
670 1421 912 1478 vincula
940 1440 1171 1495 rapere,
1206 1423 1380 1479 vultis
1433 1424 1490 1479 in
1539 1427 1792 1478 mortem
1818 1422 1846 1476 ?

175 1511 468 1567 voluntati
501 1511 649 1566 mihi
671 1516 775 1566 est.
821 1514 945 1567 Non
973 1528 1084 1582 ego
1115 1529 1212 1568 me
1255 1512 1491 1568 vallabo
1531 1510 1847 1567 circumfu-

1949 368 2071 410 non
2101 355 2290 411 licet.»
2326 358 2578 413 Breviter
2607 358 2807 415 docuit
2875 377 2997 416 non
3043 362 3236 417 solum
3291 364 3608 437 episcopos

1952 448 2056 499 aut
2084 444 2236 500 sacri
2266 446 2492 501 ordinis
2530 447 2832 504 ministros
2862 466 2898 505 a
2917 451 3131 521 praeliis
3172 452 3456 518 cohiberi,
3518 471 3608 510 ve-

1953 549 2087 587 rum
2141 535 2318 588 etiam
2375 535 2478 606 qui
2538 536 2769 592 Christo
2819 539 3000 594 semel
3039 539 3290 595 militare
3347 542 3608 614 coeperit,

1952 623 2132 678 etiam
2155 623 2232 679 ab
2269 623 2412 696 ipsis
2441 624 2736 681 bellorum
2784 627 3201 684 occasionibus
3248 631 3609 687 omnimodis

1953 711 2378 768 abstinendum
2401 713 2545 769 fore.
2575 715 2734 770 Idem
2764 715 2942 772 etiam
2967 716 3027 771 in
3053 717 3432 791 episcopatus
3483 720 3608 776 cul-

1953 800 2114 856 mine
2137 802 2368 873 positus
2399 819 2520 858 non
2554 804 2749 859 solum
2807 805 3069 878 aliquem
3110 823 3232 863 non
3287 808 3610 866 insectatus

1954 891 2389 958 estinimicum,
2426 910 2634 949 verum
2665 895 2843 950 etiam
2871 901 3122 952 mortem
3170 900 3414 953 meritos
3465 899 3608 955 inae-

1955 979 2236 1036 stimabili
2286 981 2586 1037 charitatis
2639 983 2856 1038 atl‘ectu
2916 984 2994 1039 ab
3053 985 3386 1042 imminenti
3443 987 3609 1043 clade

1955 1067 2310 1140 plerumque
2341 1070 2576 1142 eripuit,
2618 1087 2849 1127 memor
2880 1072 3033 1128 illius
3076 1076 3354 1148 praecepti
3386 1093 3397 1129 :
3450 1079 3613 1133 Erue

1955 1171 2047 1212 eos
2073 1158 2179 1226 qui
2205 1157 2514 1214 ducunt-ur
2525 1161 2606 1215 ad
2616 1165 3003 1216 mortem.-Nec
3025 1163 3137 1218 hoc
3154 1163 3290 1218 dico
3305 1170 3368 1219 ut
3387 1164 3611 1220 maleﬁ-

1956 1261 2058 1300 cos
2087 1251 2144 1300 et
2172 1246 2289 1302 vita
2319 1247 2449 1318 ipsa
2481 1247 2761 1316 indignos
2809 1249 2886 1303 ab
2947 1250 3168 1306 ultione
3214 1253 3608 1323 prohibeam;

1957 1335 2060 1390 sed
2093 1335 2332 1404 regibus
2358 1337 2472 1392 hoc
2511 1337 2646 1392 licet
2703 1355 2772 1393 ac
2827 1339 3029 1394 saeculi
3082 1341 3498 1412 potestatibus,
3557 1347 3613 1396 et

1955 1422 2177 1494 quibus
2209 1439 2243 1478 a
2282 1423 2514 1493 legibus
2531 1425 2892 1497 permissum
2925 1432 3028 1483 est.
3063 1427 3202 1482 Aliae
3233 1428 3455 1501 quippe
3475 1435 3613 1484 sunt

1956 1510 2116 1580 leges
2149 1511 2409 1580 Caesaris,
2445 1512 2540 1566 alii
2569 1529 2766 1568 mores
2820 1515 3230 1571 ecclesiasticae
3287 1517 3607 1585 dignitatis.

178 1601 337 1655 sione
371 1599 770 1672 populorum,
799 1615 907 1654 nec
941 1600 1151 1656 altaria
1179 1601 1396 1656 tenebo
1436 1601 1619 1656 vitam
1678 1599 1848 1654 obse—
1877 1618 1920 1673 Β
1960 1599 2122 1654 Unde
2145 1599 2286 1654 dicit
2318 1603 2374 1654 Β.
2408 1602 2776 1669 Augustinus
2805 1602 2865 1657 in
2894 1603 3046 1658 libro
3078 1605 3486 1669 Quaestionum
3514 1608 3613 1661 Ve-

179 1705 375 1758 crans,
410 1688 517 1744 sed
549 1704 660 1761 pro
687 1688 974 1744 altaribus
1003 1690 1229 1758 gratius
1259 1689 1682 1745 immolabor.»
1727 1689 1849 1744 Ori-

176 1795 358 1849 genes
384 1795 635 1851 quoque
665 1795 975 1850 exponens
1002 1779 1148 1835 illud
1190 1780 1264 1835 de
1313 1779 1634 1849 Evangelio
1669 1797 1680 1833 :
1741 1779 1848 1833 At-

175 1869 407 1924 tendite
431 1884 466 1923 a
493 1869 678 1937 falsis
698 1867 1028 1937 prophetis,
1060 1871 1165 1940 qui
1195 1870 1440 1924 veniunt
1495 1869 1575 1924 ad
1634 1884 1733 1923 vos
1784 1867 1845 1921 in

178 1956 548 2011 vestimentis
565 1957 784 2020 ovium,
818 1957 979 2010 intus
1006 1963 1201 2012 autem
1231 1964 1370 2012 sunt
1401 1958 1533 2026 lupi
1559 1971 1808 2025 rapaces
1829 1969 1850 2023 ;

171 2045 480 2113 fruclibus
511 2060 712 2100 eorum
738 2048 1096 2113 cognoscetis
1149 2062 1242 2101 eos
1302 2047 1538 2116 (Matth.
1599 2063 1676 2111 Ix,
1741 2048 1844 2107 13),

176 2135 256 2189 sic
288 2133 437 2188 dicit
466 2150 479 2187 :
517 2157 540 2182 ‹‹
576 2133 843 2206 Apostoli
875 2139 932 2189 et
953 2139 1246 2206 martyres
1273 2135 1460 2190 sancti
1490 2150 1612 2190 non
1645 2149 1849 2206 perse-

177 2223 490 2278 cutionem
523 2221 809 2290 fecerunt,
832 2223 933 2278 sed
959 2223 1435 2295 persecutionem
1458 2222 1847 2296 pertulerunt;

176 2329 299 2368 non
354 2311 820 2379 maledixerunt,
874 2312 980 2368 sed
1028 2313 1348 2368 maledicta
1401 2312 1848 2378 sustinuerunt;

177 2419 296 2459 non
353 2402 959 2474 blasphemaverunt,
1011 2403 1114 2458 sed
1171 2421 1206 2459 a
1262 2402 1851 2476 blasphematoribus

179 2492 478 2548 interfecti
514 2497 708 2548 sunt.»
743 2495 809 2547 Et
847 2495 903 2546 Β.
937 2493 1252 2560 Gregorius
1283 2509 1445 2565 papa
1475 2492 1533 2546 in
1578 2491 1849 2565 quadam

173 2581 432 2637 homilia
465 2581 803 2636 informans
831 2597 940 2636 nos
971 2581 1047 2636 ad
1076 2581 1548 2637 conservandam
1573 2581 1853 2636 innocen-

177 2672 324 2726 tiam
352 2671 439 2726 ita
470 2669 612 2724 dicit
645 2687 657 2723 :
684 2694 709 2719 ‹‹
747 2670 979 2725 Utinam
1007 2670 1054 2725 si
1086 2671 1164 2725 ad
1191 2670 1631 2743 przedicationis
1663 2669 1849 2725 virtu-

174 2764 295 2815 tem
317 2775 448 2815 non
479 2758 834 2828 sufﬁcimus,
868 2759 978 2814 loci
1013 2760 1195 2814 nostri
1245 2759 1508 2815 ofﬁcium
1567 2760 1626 2814 in
1685 2759 1854 2814 inno-

177 2849 378 2904 centia
405 2848 544 2902 vita;
568 2853 896 2903 teneamus.
934 2852 996 2902 ln
1028 2848 1344 2919 Evangelio
1373 2848 1598 2922 quippe
1657 2847 1852 2903 Domi-

179 2955 293 2993 nus
324 2937 411 2992 ait
445 2955 458 2990 :
490 2938 644 2993 Ecce
666 2954 770 3007 ego
800 2939 968 2992 mitto
1003 2954 1098 2994 vos
1130 2939 1282 2993 sicut
1315 2953 1500 3007 agnos
1551 2944 1709 2993 mter
1765 2939 1851 2991 ιιι-
1881 2973 1922 3028 C

177 3044 284 3097 pos
319 3026 572 3096 (Matth.
605 3043 663 3090 χ,
701 3029 808 3088 16).
864 3025 1044 3096 Igitur
1093 3026 1244 3081 sicut
1293 3025 1434 3096 agni
1484 3025 1634 3081 inter
1680 3026 1852 3098 lupos

183 3117 503 3182 mittimur,
533 3120 597 3170 ut
628 3131 872 3170 sensum
917 3119 1219 3170 servantes
1273 3115 1650 3181 inuocentize,
1700 3131 1856 3170 mor-

185 3224 323 3262 sum
350 3205 595 3260 malitiaa
625 3221 749 3260 non
777 3204 1133 3260 habeamus.
1166 3205 1277 3270 Qui
1297 3204 1456 3260 enim
1485 3204 1686 3260 locum
1709 3221 1858 3277 prae-

183 3294 507 3352 dicationis
539 3293 805 3365 suscipit,
835 3293 994 3348 mala
1046 3293 1262 3349 inferre
1319 3309 1441 3348 non
1491 3293 1687 3360 debet,
1749 3293 1854 3349 sed

185 3386 620 3455 tolerare,utex
651 3383 784 3455 ipsa
810 3398 919 3438 sua
948 3381 1407 3438 mansuetudine
1427 3383 1578 3438 iram
1606 3382 1854 3438 saevien-

187 3476 338 3531 tium
369 3473 621 3542 mitiget,
656 3479 711 3528 et
740 3478 1124 3545 peccatorum
1146 3473 1396 3528 vulnera
1425 3473 1484 3528 in
1517 3473 1647 3528 aliis
1677 3472 1858 3528 afﬂic-

188 3564 456 3621 tionibus
486 3562 617 3630 ipse
642 3561 988 3618 vulneratUS
1019 3566 1244 3618 sanet.»
1267 3563 1431 3618 Idem
1462 3563 1648 3619 etiam
1696 3579 1856 3636 papa

186 3655 362 3709 docet
395 3651 564 3706 nullo
593 3651 800 3719 modo,
832 3667 1027 3723 neque
1057 3668 1166 3723 pro
1207 3653 1369 3722 justa
1419 3651 1598 3707 etiam
1647 3668 1850 3719 causa,

189 3744 551 3816 episcopum
575 3740 792 3796 debere
843 3741 1028 3796 armis
1083 3741 1413 3797 inservire:
1473 3741 1677 3797 volens
1728 3740 1856 3796 aliis

190 3848 304 3888 suo
335 3829 676 3886 satisfacere
703 3829 1001 3902 exemplo,
1031 3829 1234 3884 scribit
1284 3845 1464 3902 super
1527 3829 1642 3885 hoc
1695 3829 1857 3886 Sabi-

190 3922 383 3976 niano
397 3920 652 3974 diacono
673 3919 878 3974 dicens
900 3937 944 3985 ;‹‹
965 3921 1160 3974 Unum
1171 3923 1259 3974 est
1281 3919 1445 3992 quod
1471 3919 1726 3974 breviter
1738 3935 1862 3974 sur-

198 4026 380 4081 geras
415 4008 798 4064 serenissimis
823 4008 1087 4063 Dominis
1119 4008 1334 4064 nostris
1365 4007 1858 4081 imperatoribus;

195 4099 342 4172 quia
366 4097 415 4153 si
431 4115 539 4168 ego
567 4115 774 4153 servus
799 4114 1006 4153 eorum
1036 4097 1095 4152 in
1127 4103 1317 4153 morte
1341 4098 1434 4153 vel
1467 4097 1862 4166 Langobardo

191 4205 327 4244 rum
358 4203 459 4242 me
491 4186 744 4242 miscere
769 4185 1300 4256 voluissem,hodie
1326 4184 1860 4256 Langobardorum

195 4294 340 4349 gens
370 4293 484 4332 nec
508 4292 732 4345 regem,
764 4291 873 4330 nec
897 4275 1101 4341 duces,
1135 4290 1244 4330 nec
1296 4274 1544 4330 comites
1595 4274 1858 4341 haberet,

195 4373 372 4440 atque
401 4366 462 4420 in
493 4380 733 4419 summa
759 4363 1110 4419 confusione
1132 4368 1285 4419 esset
1314 4363 1524 4418 divisa.
1562 4363 1675 4420 Sed
1721 4363 1862 4436 quia

195 4459 384 4512 Deum
411 4454 616 4517 timeo,
650 4453 709 4508 in
741 4458 930 4508 morte
962 4452 1283 4523 cujuslibet
1311 4452 1573 4508 hominis
1605 4469 1700 4507 me
1758 4452 1866 4507 mi-

198 4561 359 4600 scere
391 4542 714 4598 formido.»

268 4633 439 4690 Unde
455 4632 686 4704 liquido
718 4631 993 4700 colligere
1023 4635 1213 4704 potes,
1246 4631 1744 4704 quandoquidem
1766 4631 1860 4686 ille

197 4728 331 4778 tuas
363 4727 492 4777 tam
524 4719 844 4776 efﬁcaciter
875 4719 1081 4774 ulcisci
1094 4720 1426 4792 praevalens
1444 4720 1712 4790 injurias,
1745 4736 1866 4775 me-

200 4817 262 4867 tu
291 4818 499 4866 tamen
522 4809 728 4865 divino
755 4808 930 4877 elegit
955 4814 1191 4864 scutum
1221 4809 1540 4881 patientiae,
1573 4825 1647 4864 ne
1679 4807 1868 4864 homi-

201 4919 350 4957 num
378 4900 675 4956 mortibus
705 4915 768 4954 se
797 4899 1086 4962 misceret,
1117 4900 1281 4972 quod
1303 4899 1396 4955 isti
1414 4899 1622 4954 timore
1650 4900 1750 4955 Dei
1767 4899 1868 4954 ab-

198 4992 359 5062 jecto
390 4989 616 5046 nefarie
647 4989 912 5044 caedibus
944 4988 1259 5044 hominum
1291 5005 1352 5043 se
1383 4988 1756 5053 interserunt,
1814 4992 1871 5043 et

205 5085 492 5136 cruentas
522 5085 753 5149 strages
785 5078 1202 5135 contaminatis
1219 5077 1528 5134 obtutibus
1548 5076 1864 5149 aspiciunt.

206 5169 380 5234 Quod
433 5169 817 5224 beatissimus
875 5169 1151 5224 Martinus
1196 5183 1561 5239 magnopere
1614 5166 1868 5235 fugiens,

209 5260 511 5315 abdicatis
539 5259 744 5324 armis,
769 5258 990 5331 quibus
1014 5258 1126 5314 sub
1157 5263 1390 5314 terreno
1409 5272 1546 5325 rege
1578 5257 1872 5313 militabat

212 5366 336 5404 suae
365 5349 509 5403 ﬁdei
542 5348 880 5404 tirocinium
911 5346 1387 5403 mansuetudinis
1419 5351 1475 5401 et
1519 5346 1871 5402 innocentiae

214 5438 526 5511 proposito
552 5437 870 5504 dedicavit,
901 5442 957 5493 et
985 5437 1258 5492 nondum
1307 5435 1592 5492 clericatis
1649 5435 1875 5492 ordinis

220 5527 479 5596 gradum
525 5526 789 5598 aliquem
843 5526 1104 5591 sortitus,
1147 5524 1348 5580 multis
1403 5529 1607 5579 tamen
1665 5524 1876 5579 merito

221 5615 634 5688 praeferendus
693 5615 1015 5689 episcopis,
1048 5614 1267 5672 militiae
1289 5617 1628 5670 constanter
1651 5629 1874 5670 renun-

1956 1688 2094 1743 teris
2123 1705 2191 1744 ac
2224 1689 2365 1744 Novi
2397 1692 2787 1745 'l‘estamenti:
2824 1714 2851 1739 ‹‹
2886 1694 3076 1756 Quare
3128 1695 3419 1749 sententia
3467 1695 3610 1750 data

1958 1782 2046 1832 est
2064 1780 2090 1832 ἱ)
2120 1780 2187 1832 Ut
2214 1777 2361 1848 quid
2383 1777 2487 1848 qui
2503 1778 2718 1849 accipit
2740 1778 3008 1848 gladium
3031 1780 3229 1850 gladio
3251 1787 3473 1854 pereat,
3498 1783 3612 1838 nisi

1957 1867 2101 1938 quia
2132 1867 2276 1921 nulli
2307 1867 2458 1937 licet,
2489 1873 2738 1940 excepto
2754 1869 2977 1938 judice,
3010 1870 3210 1940 gladio
3240 1888 3611 1945 quemquam

1959 1955 2227 2012 occidere
2244 1958 2271 2012 ‘2
2306 1980 2331 2004 ››
2366 1960 2429 2011 Et
2455 1956 2664 2012 beatus
2693 1958 3107 2030 Hieronymus,
3141 1976 3320 2032 super
3351 1962 3612 2017 Ezechie-

1958 2045 2074 2100 lem
2100 2045 2252 2100 libro
2283 2063 2338 2100 ιιι
2369 2064 2380 2100 :
2417 2068 2443 2095 ‹‹
2471 2046 2579 2111 Qui
2599 2047 2790 2102 malos
2817 2049 3088 2119 percutit,
3119 2049 3264 2104 ineo
3284 2050 3447 2120 quod
3471 2051 3614 2106 mali

1960 2138 2118 2204 sunt,
2146 2139 2204 2190 et
2230 2135 2411 2190 habet
2435 2151 2584 2190 vasa
2617 2135 3039 2191 interfectionis
3070 2143 3134 2192 ut
3163 2137 3397 2194 occidat
3425 2139 3612 2210 pessi-

1960 2239 2113 2290 mos,
2145 2223 2412 2280 minister
2436 2229 2524 2280 est
2550 2225 2802 2280 Domini.
2844 2248 2870 2275 ››
2926 2229 2992 2282 Et
3012 2227 3240 2295 Haimo,
3273 2243 3452 2300 super
3485 2229 3614 2301 Epi-

1961 2313 2178 2368 stolam
2218 2313 2295 2368 ad
2351 2317 2652 2369 Romanos
2686 2332 2698 2368 :
2752 2337 2778 2363 ‹‹
2817 2317 2964 2370 Sunt
3007 2316 3287 2387 quaedam
3347 2317 3615 2373 enormia

1962 2402 2184 2471 ﬂagitia
2214 2419 2349 2474 quae
2376 2403 2574 2474 potius
2601 2420 2708 2476 per
2732 2404 2942 2459 mundi
2985 2405 3222 2474 judices
3275 2423 3460 2480 quam
3508 2423 3617 2478 per

1960 2491 2250 2546 antistites
2281 2496 2338 2546 et
2359 2497 2616 2547 rectores
2646 2493 3035 2548 ecclesiarum
3063 2495 3430 2564 judicantur,
3465 2498 3617 2550 sicut

1960 2584 2049 2635 est
2071 2597 2208 2634 cum
2239 2580 2374 2651 quis
2433 2581 2707 2636 interficit
2761 2581 3178 2652 apostolicum,
3236 2585 3612 2656 episcoPum,

1960 2669 2404 2741 presbyterum,
2437 2669 2782 2724 diaconum.
2821 2671 3171 2740 Hujusmodi
3201 2688 3336 2727 reos
3362 2688 3531 2742 reges
3561 2677 3618 2727 et

1959 2757 2259 2831 principes
2289 2757 2501 2812 mundi
2526 2757 2836 2812 damnant.
2890 2761 3040 2827 Ergo
3092 2775 3216 2815 non
3259 2759 3382 2815 sine
3434 2777 3618 2817 causa

1959 2852 2155 2920 portat
2181 2847 2471 2916 gladium,
2499 2847 2609 2919 qui
2642 2847 2779 2902 talia
2801 2847 3023 2902 scelera
3057 2849 3132 2919 dij
3145 2849 3361 2906 udicat.
3397 2874 3423 2899 ››
3460 2850 3618 2907 Sicut

1961 2953 2103 3006 ergo
2135 2936 2429 3008 episcopis
2455 2941 2512 2992 et
2543 2937 2980 2992 sacri°ordinis
3029 2937 3312 2994 ministris
3367 2939 3616 2994 omnino

1961 3026 2328 3100 prohibitum
2361 3031 2451 3080 est
2477 3025 2737 3098 aliquem
2769 3026 3059 3092 occidere,
3095 3027 3173 3083 ita
3204 3028 3406 3083 saeculi
3461 3028 3620 3102 prin-

1963 3115 2198 3187 cipibus
2229 3115 2341 3169 hoc
2367 3115 2501 3169 licet
2530 3114 2764 3185 absque
2795 3121 2962 3171 reatu
2991 3117 3205 3188 facere,
3241 3118 3388 3173 sicut
3429 3117 3619 3174 Hiero-

1963 3219 2186 3275 nymus
2217 3207 2460 3258 testatur
2487 3218 2667 3274 super
2694 3203 3016 3275 Epistolam
3043 3205 3120 3260 ad
3156 3206 3411 3273 Galatas,
3465 3206 3618 3262 libro

1961 3310 2019 3348 x1
2055 3310 2068 3347 :
2105 3316 2130 3340 ‹‹
2162 3291 2356 3346 Judex
2383 3307 2505 3346 non
2526 3297 2614 3347 est
2639 3297 2842 3348 auctor
2872 3292 3130 3358 sceleris,
3187 3310 3384 3366 neque
3422 3294 3618 3349 homi-

1963 3399 2068 3438 nes
2123 3380 2456 3447 vinciendo,
2509 3396 2704 3453 neque
2757 3381 3032 3437 homines
3063 3382 3436 3454 perimendo.
3475 3406 3501 3432 »
3538 3383 3621 3438 Li-

1964 3477 2107 3545 quet
2136 3471 2333 3542 itaque
2366 3469 2505 3525 solis
2562 3470 2776 3526 mundi
2829 3471 3224 3543 potestatibus
3274 3471 3621 3528 attributam

1965 3566 2318 3634 potestatem
2347 3559 2694 3616 eradicandi
2723 3560 2943 3632 impios
2982 3559 3056 3616 de
3089 3565 3264 3628 terra,
3298 3561 3450 3617 sicut
3476 3561 3620 3617 bea-

1969 3651 2231 3706 tissimus
2262 3655 2489 3721 martyr
2529 3649 2862 3722 Cyprianus
2903 3649 3104 3704 scribit
3133 3650 3193 3706 in
3215 3666 3377 3706 nono
3406 3666 3622 3720 genere

1969 3738 2298 3794 abusionis.
2333 3760 2360 3786 α
2407 3741 2546 3803 Rex,
2608 3737 2821 3809 inquit.
2876 3737 3055 3794 debet
3108 3739 3264 3795 furta
3319 3740 3620 3812 cohibere,

1969 3827 2260 3884 adulteria
2282 3826 2516 3898 punire,
2539 3826 2755 3898 impios
2782 3826 2855 3881 de
2881 3831 3032 3882 terra
3059 3828 3324 3898 perdere.
3385 3829 3622 3901 patrici-

1967 3917 2077 3972 das
2107 3921 2162 3972 et
2177 3916 2512 3989 pejerantes
2537 3930 2660 3970 non
2688 3914 2878 3969 sinere
2908 3914 3125 3981 vivere,
3157 3915 3310 3971 ﬁlios
3328 3933 3468 3972 suos
3500 3932 3624 3972 non

1969 4006 2160 4061 sinere
2189 4004 2370 4075 impie
2395 4019 2590 4072 agere.
2641 4002 2915 4074 Episcopi
2947 4019 3086 4058 vero
3118 4003 3178 4057 in
3199 4021 3309 4058 sua
3338 4020 3622 4059 mansue-

1969 4094 2174 4149 tudine
2207 4097 2263 4148 et
2291 4091 2694 4147 ecclesiastica
2747 4091 3051 4146 severitate
3098 4096 3152 4147 et
3200 4091 3624 4163 praedicatione

1969 4182 2136 4238 verbi
2165 4182 2262 4237 Dei
2308 4181 2549 4236 stabiles
2593 4184 3008 4252 permaneant,
3068 4180 3219 4236 sicut
3263 4181 3324 4236 in
3379 4181 3624 4238 Actibus

1971 4269 2382 4344 apostolorum
2415 4269 2702 4341 scriptum
2733 4273 2823 4323 est
2850 4285 2862 4322 :
2890 4270 3025 4324 Non
3055 4275 3137 4325 est
3177 4286 3407 4341 aequum
3438 4273 3625 4327 retin-

1972 4375 2152 4432 quere
2173 4359 2414 4415 verbum
2441 4360 2548 4413 Dei
2575 4364 2630 4414 et
2679 4359 3024 4414 ministrare
3078 4360 3294 4416 mensis
3351 4361 3506 4430 (Act.
3550 4378 3623 4432 γι,

1973 4452 2083 4503 2).»
2113 4447 2222 4512 Qui
2242 4463 2327 4502 sne
2349 4446 2528 4501 etiam
2559 4445 2772 4501 docere
2795 4445 3034 4512 debent,
3060 4447 3211 4503 sicut
3232 4448 3627 4519 Hieronymus

1974 4538 2073 4606 ait,
2097 4541 2173 4606 _ut
2200 4537 2320 4592 vita
2366 4552 2576 4591 eorum
2623 4535 3232 4608 irreprehehensibilis
3288 4538 3378 4592 sit.
3437 4536 3630 4592 Perdit

1975 4625 2134 4682 enim
2170 4625 2582 4680 auctoritatem
2641 4623 2918 4690 docendi,
2979 4625 3150 4695 cujus
3203 4640 3401 4679 sermo
3449 4639 3628 4696 opere

1975 4713 2314 4769 destruitur.
2347 4711 2598 4767 Proinde
2629 4711 2819 4768 sciant
2845 4712 2956 4767 sibi
3010 4711 3257 4768 omnino
3307 4711 3628 4766 inhibitum

1976 4805 2054 4861 ad
2074 4803 2232 4860 bella
2261 4803 2603 4876 procedere,
2645 4803 2759 4858 nisi
2779 4803 3147 4875 quibusdam
3175 4818 3248 4857 ex
3268 4801 3463 4856 causis
3492 4817 3629 4873 quae

1975 4895 2036 4950 in
2093 4893 2483 4965 subsequenti
2540 4893 2730 4950 Caroli
2788 4892 2944 4962 regis
3019 4891 3212 4946 edicto
3285 4889 3624 4961 patebunt:

1979 5007 2005 5033 ‹‹
2033 4982 2276 5040 Carolus
2300 4982 2398 5037 Dei
2424 4981 2611 5051 gratia
2637 4999 2738 5037 rex
2770 4980 3055 5050 regnique
3090 4983 3450 5034 Francorum
3507 4996 3630 5034 rec-

1981 5079 2088 5140 tor,
2123 5079 2175 5130 et
2207 5074 2458 5130 devotus
2502 5078 2723 5128 sancta:
2782 5071 3060 5126 defensor
3121 5070 3410 5142 Ecclesiae,
3452 5075 3631 5143 atque

1981 5165 2220 5233 adjutor
2249 5164 2309 5218 in
2340 5163 2620 5218 omnibus
2642 5160 2983 5232 apostolicae
3008 5159 3184 5214 sedis.
3217 5163 3457 5215 Hortatu
3505 5177 3631 5215 om-

1982 5254 2150 5309 nium
2179 5253 2448 5308 ﬁdelium
2472 5256 2834 5317 nostrorum,
2863 5254 2918 5304 et
2933 5250 3194 5306 maxime
3211 5249 3632 5324 episcoporum

1983 5359 2052 5398 ac
2083 5341 2450 5412 reliquorum
2483 5339 2859 5395 sacerdotum
2891 5339 3186 5405 consultu,
3207 5339 3390 5394 servis
3410 5339 3506 5395 Dei
3526 5354 3633 5412 per

1984 5429 2190 5487 omnia
2219 5429 2502 5484 omnibus
2535 5433 2903 5485 armaturam
2930 5434 3165 5502 portare
3195 5429 3285 5484 vel
3338 5443 3628 5500 pugnare,

1987 5525 2087 5576 aut
2115 5519 2176 5575 in
2197 5518 2520 5574 exercitum
2551 5523 2608 5573 et
2649 5518 2707 5572 in
2753 5519 2986 5574 hostem
3037 5535 3303 5591 pergere,
3364 5517 3632 5573 omnimo

1987 5609 2407 5684 prohibemus;
2441 5607 2553 5666 nisi
2596 5607 2708 5664 illis
2765 5608 3184 5668 tantummodo
3231 5607 3337 5681 qui
3390 5609 3634 5680 propter
