  <div class='ocr_page' id='page_1' title='image "/cluster/home/n/w/nwhite01/storage/ocr_20150623/141/hvd.32044054760012/136.png"; bbox 0 0 4018 6176; ppageno 0'>
   <div class='ocr_carea' id='block_1_1' title="bbox 173 65 1878 131">
    <p class='ocr_par' dir='ltr' id='par_1_1' title="bbox 173 65 1878 131">
     <span class='ocr_line' id='line_1_1' title="bbox 173 65 1878 131; baseline -0.004 0"><span class='ocrx_word' id='word_1_1' title='bbox 173 79 264 131; x_wconf 75' lang='grc'>281</span> <span class='ocrx_word' id='word_1_2' title='bbox 1734 65 1878 124; x_wconf 73' lang='grc' dir='ltr'>ΕΡιε</span> 
     </span>
    </p>
   </div>
   <div class='ocr_carea' id='block_1_2' title="bbox 1995 65 2117 131">
    <p class='ocr_par' dir='ltr' id='par_1_2' title="bbox 1995 69 2117 126">
     <span class='ocr_line' id='line_1_2' title="bbox 1995 69 2117 126; baseline 0 0"><span class='ocrx_word' id='word_1_3' title='bbox 1995 69 2117 126; x_wconf 66' lang='grc' dir='ltr'>[με.</span> 
     </span>
    </p>
   </div>
   <div class='ocr_carea' id='block_1_3' title="bbox 3556 93 3679 155">
    <p class='ocr_par' dir='ltr' id='par_1_3' title="bbox 3556 93 3679 155">
     <span class='ocr_line' id='line_1_3' title="bbox 3556 93 3679 155; baseline 0.049 -7"><span class='ocrx_word' id='word_1_4' title='bbox 3556 93 3679 155; x_wconf 70' lang='lat'>20!</span> 
     </span>
    </p>
   </div>
   <div class='ocr_carea' id='block_1_4' title="bbox 171 185 3678 280">
    <p class='ocr_par' dir='ltr' id='par_1_4' title="bbox 171 185 3678 280">
     <span class='ocr_line' id='line_1_4' title="bbox 171 185 3678 280; baseline 0.004 -27"><span class='ocrx_word' id='word_1_5' title='bbox 171 196 581 270; x_wconf 74' lang='lat' dir='ltr'>imprudenter</span> <span class='ocrx_word' id='word_1_6' title='bbox 617 196 906 265; x_wconf 71' lang='lat' dir='ltr'>eﬁ&#39;undas,</span> <span class='ocrx_word' id='word_1_7' title='bbox 946 196 1006 252; x_wconf 91' lang='lat' dir='ltr'>id</span> <span class='ocrx_word' id='word_1_8' title='bbox 1048 196 1154 264; x_wconf 83' lang='lat' dir='ltr'>est,</span> <span class='ocrx_word' id='word_1_9' title='bbox 1194 202 1272 243; x_wconf 83' lang='lat' dir='ltr'>ne</span> <span class='ocrx_word' id='word_1_10' title='bbox 1311 185 1751 246; x_wconf 80' lang='lat' dir='ltr'>immoderato</span> <span class='ocrx_word' id='word_1_11' title='bbox 1777 189 1871 261; x_wconf 90' lang='lat' dir='ltr'>ju-</span> <span class='ocrx_word' id='word_1_12' title='bbox 1901 194 1950 249; x_wconf 83' lang='lat' dir='ltr'><strong>A</strong></span> <span class='ocrx_word' id='word_1_13' title='bbox 1988 199 2117 251; x_wconf 89' lang='lat' dir='ltr'>sata</span> <span class='ocrx_word' id='word_1_14' title='bbox 2163 195 2500 265; x_wconf 81' lang='lat' dir='ltr'>egentibus,</span> <span class='ocrx_word' id='word_1_15' title='bbox 2547 199 2926 272; x_wconf 88' lang='lat' dir='ltr'>captivorum</span> <span class='ocrx_word' id='word_1_16' title='bbox 2973 205 3178 277; x_wconf 88' lang='lat' dir='ltr'>pretiis</span> <span class='ocrx_word' id='word_1_17' title='bbox 3220 208 3678 280; x_wconf 76' lang='lat' dir='ltr'>profecerunt.»</span> 
     </span>
    </p>
   </div>
   <div class='ocr_carea' id='block_1_5' title="bbox 172 280 1874 358">
    <p class='ocr_par' dir='ltr' id='par_1_5' title="bbox 172 280 1874 358">
     <span class='ocr_line' id='line_1_5' title="bbox 172 280 1874 358; baseline -0.004 -14"><span class='ocrx_word' id='word_1_18' title='bbox 172 287 327 344; x_wconf 83' lang='lat' dir='ltr'>dicio</span> <span class='ocrx_word' id='word_1_19' title='bbox 358 303 488 342; x_wconf 91' lang='lat' dir='ltr'>rem</span> <span class='ocrx_word' id='word_1_20' title='bbox 530 302 860 358; x_wconf 85' lang='lat' dir='ltr'>pauperum</span> <span class='ocrx_word' id='word_1_21' title='bbox 896 287 1112 343; x_wconf 80' lang='lat' dir='ltr'>tribuas</span> <span class='ocrx_word' id='word_1_22' title='bbox 1164 292 1296 336; x_wconf 88' lang='lat' dir='ltr'>non</span> <span class='ocrx_word' id='word_1_23' title='bbox 1363 280 1780 352; x_wconf 82' lang='lat' dir='ltr'>pauperibus,</span> <span class='ocrx_word' id='word_1_24' title='bbox 1814 284 1874 338; x_wconf 89' lang='lat' dir='ltr'>et</span> 
     </span>
    </p>
   </div>
   <div class='ocr_carea' id='block_1_6' title="bbox 175 365 1872 447">
    <p class='ocr_par' dir='ltr' id='par_1_6' title="bbox 175 365 1872 447">
     <span class='ocr_line' id='line_1_6' title="bbox 175 365 1872 447; baseline -0.004 -15"><span class='ocrx_word' id='word_1_25' title='bbox 175 374 516 432; x_wconf 88' lang='lat' dir='ltr'>secundum</span> <span class='ocrx_word' id='word_1_26' title='bbox 566 373 790 430; x_wconf 87' lang='lat' dir='ltr'>dictum</span> <span class='ocrx_word' id='word_1_27' title='bbox 837 365 1265 447; x_wconf 81' lang='lat' dir='ltr'>prudentissimi</span> <span class='ocrx_word' id='word_1_28' title='bbox 1317 367 1475 435; x_wconf 84' lang='lat' dir='ltr'>viri,</span> <span class='ocrx_word' id='word_1_29' title='bbox 1507 367 1872 426; x_wconf 84' lang='lat' dir='ltr'>liberalitate</span> 
     </span>
    </p>
   </div>
   <div class='ocr_carea' id='block_1_7' title="bbox 171 458 1874 536">
    <p class='ocr_par' dir='ltr' id='par_1_7' title="bbox 171 458 1874 536">
     <span class='ocr_line' id='line_1_7' title="bbox 171 458 1874 536; baseline -0.004 -15"><span class='ocrx_word' id='word_1_30' title='bbox 171 464 508 521; x_wconf 81' lang='lat' dir='ltr'>liberalitas</span> <span class='ocrx_word' id='word_1_31' title='bbox 553 469 826 536; x_wconf 79' lang='lat' dir='ltr'>pereat.»</span> <span class='ocrx_word' id='word_1_32' title='bbox 867 465 1141 520; x_wconf 87' lang='lat' dir='ltr'>Debemus</span> <span class='ocrx_word' id='word_1_33' title='bbox 1167 471 1448 530; x_wconf 88' lang='lat' dir='ltr'>quoque</span> <span class='ocrx_word' id='word_1_34' title='bbox 1481 458 1874 516; x_wconf 88' lang='lat' dir='ltr'>considerare</span> 
     </span>
    </p>
   </div>
   <div class='ocr_carea' id='block_1_8' title="bbox 172 545 1875 628">
    <p class='ocr_par' dir='ltr' id='par_1_8' title="bbox 172 545 1875 628">
     <span class='ocr_line' id='line_1_8' title="bbox 172 545 1875 628; baseline -0.004 -17"><span class='ocrx_word' id='word_1_35' title='bbox 172 555 324 628; x_wconf 88' lang='lat' dir='ltr'>quid</span> <span class='ocrx_word' id='word_1_36' title='bbox 367 553 470 609; x_wconf 93' lang='lat' dir='ltr'>cui</span> <span class='ocrx_word' id='word_1_37' title='bbox 522 553 904 609; x_wconf 84' lang='lat' dir='ltr'>tribuendum</span> <span class='ocrx_word' id='word_1_38' title='bbox 930 554 1020 626; x_wconf 88' lang='lat' dir='ltr'>sit,</span> <span class='ocrx_word' id='word_1_39' title='bbox 1048 553 1190 608; x_wconf 85' lang='lat' dir='ltr'>sicut</span> <span class='ocrx_word' id='word_1_40' title='bbox 1232 545 1427 604; x_wconf 81' lang='lat' dir='ltr'>idem</span> <span class='ocrx_word' id='word_1_41' title='bbox 1465 548 1656 621; x_wconf 89' lang='lat' dir='ltr'>paulo</span> <span class='ocrx_word' id='word_1_42' title='bbox 1699 565 1875 621; x_wconf 89' lang='lat' dir='ltr'>supe-</span> 
     </span>
    </p>
   </div>
   <div class='ocr_carea' id='block_1_9' title="bbox 173 637 1876 700">
    <p class='ocr_par' dir='ltr' id='par_1_9' title="bbox 173 637 1876 700">
     <span class='ocr_line' id='line_1_9' title="bbox 173 637 1876 700; baseline -0.004 0"><span class='ocrx_word' id='word_1_43' title='bbox 173 645 299 700; x_wconf 82' lang='lat' dir='ltr'>rius</span> <span class='ocrx_word' id='word_1_44' title='bbox 326 643 409 700; x_wconf 83' lang='lat' dir='ltr'>ad</span> <span class='ocrx_word' id='word_1_45' title='bbox 437 642 726 698; x_wconf 89' lang='lat' dir='ltr'>eumdem</span> <span class='ocrx_word' id='word_1_46' title='bbox 756 642 987 699; x_wconf 83' lang='lat' dir='ltr'>scribit:</span> <span class='ocrx_word' id='word_1_47' title='bbox 1039 666 1065 692; x_wconf 83' lang='grc'>‹‹</span> <span class='ocrx_word' id='word_1_48' title='bbox 1085 640 1291 697; x_wconf 65' lang='lat' dir='ltr'>Praeter</span> <span class='ocrx_word' id='word_1_49' title='bbox 1325 637 1572 692; x_wconf 81' lang='lat' dir='ltr'>victum</span> <span class='ocrx_word' id='word_1_50' title='bbox 1614 641 1675 694; x_wconf 89' lang='lat' dir='ltr'>et</span> <span class='ocrx_word' id='word_1_51' title='bbox 1699 638 1876 694; x_wconf 81' lang='lat' dir='ltr'>vesti-</span> 
     </span>
    </p>
   </div>
   <div class='ocr_carea' id='block_1_10' title="bbox 176 725 1874 801">
    <p class='ocr_par' dir='ltr' id='par_1_10' title="bbox 176 725 1874 801">
     <span class='ocr_line' id='line_1_10' title="bbox 176 725 1874 801; baseline -0.003 -11"><span class='ocrx_word' id='word_1_52' title='bbox 176 739 465 791; x_wconf 87' lang='lat' dir='ltr'>mentum</span> <span class='ocrx_word' id='word_1_53' title='bbox 494 735 554 788; x_wconf 91' lang='lat' dir='ltr'>et</span> <span class='ocrx_word' id='word_1_54' title='bbox 583 731 932 787; x_wconf 81' lang='lat' dir='ltr'>manifestas</span> <span class='ocrx_word' id='word_1_55' title='bbox 960 729 1365 797; x_wconf 80' lang='lat' dir='ltr'>necessitates,</span> <span class='ocrx_word' id='word_1_56' title='bbox 1401 725 1549 782; x_wconf 90' lang='lat' dir='ltr'>nihil</span> <span class='ocrx_word' id='word_1_57' title='bbox 1590 743 1874 801; x_wconf 82' lang='lat' dir='ltr'>unquam</span> 
     </span>
    </p>
   </div>
   <div class='ocr_carea' id='block_1_11' title="bbox 178 817 1872 892">
    <p class='ocr_par' dir='ltr' id='par_1_11' title="bbox 178 817 1872 892">
     <span class='ocr_line' id='line_1_11' title="bbox 178 817 1872 892; baseline -0.005 -14"><span class='ocrx_word' id='word_1_58' title='bbox 178 822 362 879; x_wconf 85' lang='lat' dir='ltr'>alicui</span> <span class='ocrx_word' id='word_1_59' title='bbox 379 821 638 890; x_wconf 84' lang='lat' dir='ltr'>tribuas,</span> <span class='ocrx_word' id='word_1_60' title='bbox 653 837 727 876; x_wconf 90' lang='lat' dir='ltr'>ne</span> <span class='ocrx_word' id='word_1_61' title='bbox 751 820 1007 876; x_wconf 90' lang='lat' dir='ltr'>ﬁliorum</span> <span class='ocrx_word' id='word_1_62' title='bbox 1027 834 1240 892; x_wconf 86' lang='lat' dir='ltr'>panem</span> <span class='ocrx_word' id='word_1_63' title='bbox 1263 832 1458 873; x_wconf 88' lang='lat' dir='ltr'>canes</span> <span class='ocrx_word' id='word_1_64' title='bbox 1484 817 1872 874; x_wconf 77' lang='lat' dir='ltr'>comedent.»</span> 
     </span>
    </p>
   </div>
   <div class='ocr_carea' id='block_1_12' title="bbox 179 906 1872 982">
    <p class='ocr_par' dir='ltr' id='par_1_12' title="bbox 179 906 1872 982">
     <span class='ocr_line' id='line_1_12' title="bbox 179 906 1872 982; baseline -0.002 -14"><span class='ocrx_word' id='word_1_65' title='bbox 179 915 346 969; x_wconf 87' lang='lat' dir='ltr'>Sicut</span> <span class='ocrx_word' id='word_1_66' title='bbox 376 927 528 981; x_wconf 87' lang='lat' dir='ltr'>ergo</span> <span class='ocrx_word' id='word_1_67' title='bbox 558 909 730 982; x_wconf 89' lang='lat' dir='ltr'>pium</span> <span class='ocrx_word' id='word_1_68' title='bbox 759 913 846 966; x_wconf 91' lang='lat' dir='ltr'>est</span> <span class='ocrx_word' id='word_1_69' title='bbox 874 913 930 964; x_wconf 90' lang='lat' dir='ltr'>et</span> <span class='ocrx_word' id='word_1_70' title='bbox 949 910 1175 980; x_wconf 91' lang='lat' dir='ltr'>justum</span> <span class='ocrx_word' id='word_1_71' title='bbox 1215 906 1390 963; x_wconf 85' lang='lat' dir='ltr'>bona</span> <span class='ocrx_word' id='word_1_72' title='bbox 1431 906 1707 963; x_wconf 72' lang='lat' dir='ltr'>Ecclesiae</span> <span class='ocrx_word' id='word_1_73' title='bbox 1749 924 1872 964; x_wconf 90' lang='lat' dir='ltr'>ser-</span> 
     </span>
    </p>
   </div>
   <div class='ocr_carea' id='block_1_13' title="bbox 179 997 1874 1070">
    <p class='ocr_par' dir='ltr' id='par_1_13' title="bbox 179 997 1874 1070">
     <span class='ocr_line' id='line_1_13' title="bbox 179 997 1874 1070; baseline -0.002 -14"><span class='ocrx_word' id='word_1_74' title='bbox 179 1017 322 1058; x_wconf 85' lang='lat' dir='ltr'>vare</span> <span class='ocrx_word' id='word_1_75' title='bbox 357 998 757 1056; x_wconf 88' lang='lat' dir='ltr'>solummodo</span> <span class='ocrx_word' id='word_1_76' title='bbox 807 998 884 1054; x_wconf 90' lang='lat' dir='ltr'>ad</span> <span class='ocrx_word' id='word_1_77' title='bbox 927 1014 1082 1070; x_wconf 91' lang='lat' dir='ltr'>opus</span> <span class='ocrx_word' id='word_1_78' title='bbox 1121 1012 1464 1069; x_wconf 86' lang='lat' dir='ltr'>pauperum</span> <span class='ocrx_word' id='word_1_79' title='bbox 1508 1002 1566 1052; x_wconf 88' lang='lat' dir='ltr'>et</span> <span class='ocrx_word' id='word_1_80' title='bbox 1605 997 1874 1070; x_wconf 89' lang='lat' dir='ltr'>captivo-</span> 
     </span>
    </p>
   </div>
   <div class='ocr_carea' id='block_1_14' title="bbox 177 1086 1868 1160">
    <p class='ocr_par' dir='ltr' id='par_1_14' title="bbox 177 1086 1868 1160">
     <span class='ocr_line' id='line_1_14' title="bbox 177 1086 1868 1160; baseline -0.002 -13"><span class='ocrx_word' id='word_1_81' title='bbox 177 1109 339 1156; x_wconf 88' lang='lat' dir='ltr'>rum,</span> <span class='ocrx_word' id='word_1_82' title='bbox 374 1090 463 1146; x_wconf 87' lang='lat' dir='ltr'>ita</span> <span class='ocrx_word' id='word_1_83' title='bbox 493 1088 877 1158; x_wconf 84' lang='lat' dir='ltr'>sacrilegium</span> <span class='ocrx_word' id='word_1_84' title='bbox 915 1093 1004 1143; x_wconf 89' lang='lat' dir='ltr'>est</span> <span class='ocrx_word' id='word_1_85' title='bbox 1035 1088 1096 1142; x_wconf 91' lang='lat' dir='ltr'>in</span> <span class='ocrx_word' id='word_1_86' title='bbox 1133 1086 1444 1160; x_wconf 84' lang='lat' dir='ltr'>propriam</span> <span class='ocrx_word' id='word_1_87' title='bbox 1471 1086 1868 1156; x_wconf 84' lang='lat' dir='ltr'>voluntatem,</span> 
     </span>
    </p>
   </div>
   <div class='ocr_carea' id='block_1_15' title="bbox 180 1175 1876 1241">
    <p class='ocr_par' dir='ltr' id='par_1_15' title="bbox 180 1175 1876 1241">
     <span class='ocr_line' id='line_1_15' title="bbox 180 1175 1876 1241; baseline -0.002 -4"><span class='ocrx_word' id='word_1_88' title='bbox 180 1186 236 1237; x_wconf 86' lang='lat' dir='ltr'>et</span> <span class='ocrx_word' id='word_1_89' title='bbox 263 1179 332 1236; x_wconf 86' lang='lat' dir='ltr'>in</span> <span class='ocrx_word' id='word_1_90' title='bbox 363 1179 602 1235; x_wconf 85' lang='lat' dir='ltr'>alienos</span> <span class='ocrx_word' id='word_1_91' title='bbox 633 1194 778 1234; x_wconf 86' lang='lat' dir='ltr'>usus</span> <span class='ocrx_word' id='word_1_92' title='bbox 808 1176 1180 1241; x_wconf 88' lang='lat' dir='ltr'>distribuere,</span> <span class='ocrx_word' id='word_1_93' title='bbox 1213 1180 1269 1232; x_wconf 92' lang='lat' dir='ltr'>et</span> <span class='ocrx_word' id='word_1_94' title='bbox 1313 1191 1350 1231; x_wconf 87' lang='lat' dir='ltr'>a</span> <span class='ocrx_word' id='word_1_95' title='bbox 1389 1175 1723 1232; x_wconf 89' lang='lat' dir='ltr'>Christiana</span> <span class='ocrx_word' id='word_1_96' title='bbox 1772 1177 1876 1234; x_wconf 90' lang='lat' dir='ltr'>de-</span> 
     </span>
    </p>
   </div>
   <div class='ocr_carea' id='block_1_16' title="bbox 183 1266 1874 1339">
    <p class='ocr_par' dir='ltr' id='par_1_16' title="bbox 183 1266 1874 1339">
     <span class='ocr_line' id='line_1_16' title="bbox 183 1266 1874 1339; baseline -0.002 -13"><span class='ocrx_word' id='word_1_97' title='bbox 183 1269 433 1326; x_wconf 84' lang='lat' dir='ltr'>votione</span> <span class='ocrx_word' id='word_1_98' title='bbox 466 1272 790 1324; x_wconf 87' lang='lat' dir='ltr'>semotum.</span> <span class='ocrx_word' id='word_1_99' title='bbox 837 1266 1008 1332; x_wconf 86' lang='lat' dir='ltr'>Quod</span> <span class='ocrx_word' id='word_1_100' title='bbox 1041 1267 1166 1338; x_wconf 90' lang='lat' dir='ltr'>ipse</span> <span class='ocrx_word' id='word_1_101' title='bbox 1191 1280 1434 1338; x_wconf 88' lang='lat' dir='ltr'>quoque</span> <span class='ocrx_word' id='word_1_102' title='bbox 1469 1266 1874 1339; x_wconf 85' lang='lat' dir='ltr'>Hieronymus</span> 
     </span>
    </p>
   </div>
   <div class='ocr_carea' id='block_1_17' title="bbox 185 1354 1876 1427">
    <p class='ocr_par' dir='ltr' id='par_1_17' title="bbox 185 1354 1876 1427">
     <span class='ocr_line' id='line_1_17' title="bbox 185 1354 1876 1427; baseline -0.003 -11"><span class='ocrx_word' id='word_1_103' title='bbox 185 1363 444 1416; x_wconf 83' lang='lat' dir='ltr'>testatur</span> <span class='ocrx_word' id='word_1_104' title='bbox 462 1358 528 1413; x_wconf 89' lang='lat' dir='ltr'>in</span> <span class='ocrx_word' id='word_1_105' title='bbox 551 1357 921 1414; x_wconf 76' lang='lat' dir='ltr'>Matthaeum:</span> <span class='ocrx_word' id='word_1_106' title='bbox 957 1358 1230 1412; x_wconf 81' lang='lat' dir='ltr'>«Omnes</span> <span class='ocrx_word' id='word_1_107' title='bbox 1256 1354 1361 1427; x_wconf 90' lang='lat' dir='ltr'>qui</span> <span class='ocrx_word' id='word_1_108' title='bbox 1391 1355 1702 1427; x_wconf 87' lang='lat' dir='ltr'>stipendiis</span> <span class='ocrx_word' id='word_1_109' title='bbox 1725 1361 1876 1412; x_wconf 87' lang='lat' dir='ltr'>tem-</span> 
     </span>
    </p>
   </div>
   <div class='ocr_carea' id='block_1_18' title="bbox 184 1445 1872 1522">
    <p class='ocr_par' dir='ltr' id='par_1_18' title="bbox 184 1445 1872 1522">
     <span class='ocr_line' id='line_1_18' title="bbox 184 1445 1872 1522; baseline -0.001 -18"><span class='ocrx_word' id='word_1_110' title='bbox 184 1449 290 1522; x_wconf 89' lang='lat' dir='ltr'>pli,</span> <span class='ocrx_word' id='word_1_111' title='bbox 327 1452 385 1503; x_wconf 90' lang='lat' dir='ltr'>et</span> <span class='ocrx_word' id='word_1_112' title='bbox 415 1447 511 1502; x_wconf 86' lang='lat' dir='ltr'>his</span> <span class='ocrx_word' id='word_1_113' title='bbox 539 1463 673 1519; x_wconf 81' lang='lat' dir='ltr'>quae</span> <span class='ocrx_word' id='word_1_114' title='bbox 704 1445 1089 1502; x_wconf 87' lang='lat' dir='ltr'>conferuntur</span> <span class='ocrx_word' id='word_1_115' title='bbox 1109 1445 1188 1500; x_wconf 89' lang='lat' dir='ltr'>ad</span> <span class='ocrx_word' id='word_1_116' title='bbox 1210 1460 1390 1499; x_wconf 91' lang='lat' dir='ltr'>usum</span> <span class='ocrx_word' id='word_1_117' title='bbox 1412 1445 1684 1501; x_wconf 75' lang='lat' dir='ltr'>Ecclesiae</span> <span class='ocrx_word' id='word_1_118' title='bbox 1716 1446 1872 1502; x_wconf 89' lang='lat' dir='ltr'>abu-</span> 
     </span>
    </p>
   </div>
   <div class='ocr_carea' id='block_1_19' title="bbox 1988 283 3683 363">
    <p class='ocr_par' dir='ltr' id='par_1_19' title="bbox 1988 283 3683 363">
     <span class='ocr_line' id='line_1_19' title="bbox 1988 283 3683 363; baseline 0.013 -24"><span class='ocrx_word' id='word_1_119' title='bbox 1988 283 2162 348; x_wconf 91' lang='lat' dir='ltr'>Quod</span> <span class='ocrx_word' id='word_1_120' title='bbox 2202 283 2251 341; x_wconf 89' lang='lat' dir='ltr'>si</span> <span class='ocrx_word' id='word_1_121' title='bbox 2280 285 2474 342; x_wconf 87' lang='lat' dir='ltr'>desint</span> <span class='ocrx_word' id='word_1_122' title='bbox 2500 302 2685 354; x_wconf 91' lang='lat' dir='ltr'>nova,</span> <span class='ocrx_word' id='word_1_123' title='bbox 2743 294 2800 347; x_wconf 90' lang='lat' dir='ltr'>et</span> <span class='ocrx_word' id='word_1_124' title='bbox 2829 307 2966 363; x_wconf 72' lang='lat' dir='ltr'>quae</span> <span class='ocrx_word' id='word_1_125' title='bbox 3012 295 3292 354; x_wconf 89' lang='lat' dir='ltr'>nondum</span> <span class='ocrx_word' id='word_1_126' title='bbox 3336 298 3572 359; x_wconf 84' lang='lat' dir='ltr'>initiata</span> <span class='ocrx_word' id='word_1_127' title='bbox 3601 306 3683 362; x_wconf 77' lang='lat' dir='ltr'>vi-</span> 
     </span>
    </p>
   </div>
   <div class='ocr_carea' id='block_1_20' title="bbox 1985 372 3682 458">
    <p class='ocr_par' dir='ltr' id='par_1_20' title="bbox 1985 372 3682 458">
     <span class='ocr_line' id='line_1_20' title="bbox 1985 372 3682 458; baseline 0.016 -32"><span class='ocrx_word' id='word_1_128' title='bbox 1985 372 2261 444; x_wconf 87' lang='lat' dir='ltr'>deantur,</span> <span class='ocrx_word' id='word_1_129' title='bbox 2279 374 2342 430; x_wconf 90' lang='lat' dir='ltr'>in</span> <span class='ocrx_word' id='word_1_130' title='bbox 2361 375 2739 446; x_wconf 87' lang='lat' dir='ltr'>hujusmodi,</span> <span class='ocrx_word' id='word_1_131' title='bbox 2757 396 2913 450; x_wconf 91' lang='lat' dir='ltr'>quos</span> <span class='ocrx_word' id='word_1_132' title='bbox 2936 385 3248 455; x_wconf 81' lang='lat' dir='ltr'>supradixi</span> <span class='ocrx_word' id='word_1_133' title='bbox 3272 404 3450 458; x_wconf 89' lang='lat' dir='ltr'>usus,</span> <span class='ocrx_word' id='word_1_134' title='bbox 3473 395 3682 454; x_wconf 87' lang='lat' dir='ltr'>omnia</span> 
     </span>
    </p>
   </div>
   <div class='ocr_carea' id='block_1_21' title="bbox 1985 463 3677 546">
    <p class='ocr_par' dir='ltr' id='par_1_21' title="bbox 1985 463 3677 546">
     <span class='ocr_line' id='line_1_21' title="bbox 1985 463 3677 546; baseline 0.009 -28"><span class='ocrx_word' id='word_1_135' title='bbox 1985 463 2242 520; x_wconf 88' lang='lat' dir='ltr'>arbitror</span> <span class='ocrx_word' id='word_1_136' title='bbox 2266 466 2362 537; x_wconf 91' lang='lat' dir='ltr'>pie</span> <span class='ocrx_word' id='word_1_137' title='bbox 2405 481 2588 538; x_wconf 86' lang='lat' dir='ltr'>posse</span> <span class='ocrx_word' id='word_1_138' title='bbox 2619 470 2904 526; x_wconf 88' lang='lat' dir='ltr'>converti.</span> <span class='ocrx_word' id='word_1_139' title='bbox 2955 474 3120 530; x_wconf 86' lang='lat' dir='ltr'>Prius</span> <span class='ocrx_word' id='word_1_140' title='bbox 3147 492 3294 546; x_wconf 89' lang='lat' dir='ltr'>ergo</span> <span class='ocrx_word' id='word_1_141' title='bbox 3329 482 3549 538; x_wconf 89' lang='lat' dir='ltr'>usuale</span> <span class='ocrx_word' id='word_1_142' title='bbox 3581 502 3677 542; x_wconf 80' lang='lat' dir='ltr'>ar-</span> 
     </span>
    </p>
   </div>
   <div class='ocr_carea' id='block_1_22' title="bbox 1985 553 3678 633">
    <p class='ocr_par' dir='ltr' id='par_1_22' title="bbox 1985 553 3678 633">
     <span class='ocr_line' id='line_1_22' title="bbox 1985 553 3678 633; baseline 0.016 -27"><span class='ocrx_word' id='word_1_143' title='bbox 1985 556 2234 621; x_wconf 76' lang='lat' dir='ltr'>genium</span> <span class='ocrx_word' id='word_1_144' title='bbox 2264 553 2326 608; x_wconf 92' lang='lat' dir='ltr'>in</span> <span class='ocrx_word' id='word_1_145' title='bbox 2368 555 2733 627; x_wconf 88' lang='lat' dir='ltr'>supradictis</span> <span class='ocrx_word' id='word_1_146' title='bbox 2769 561 3224 619; x_wconf 83' lang='lat' dir='ltr'>necessitatibus</span> <span class='ocrx_word' id='word_1_147' title='bbox 3255 567 3549 630; x_wconf 85' lang='lat' dir='ltr'>distribui</span> <span class='ocrx_word' id='word_1_148' title='bbox 3579 575 3678 633; x_wconf 88' lang='lat' dir='ltr'>de-</span> 
     </span>
    </p>
   </div>
   <div class='ocr_carea' id='block_1_23' title="bbox 1983 641 3674 738">
    <p class='ocr_par' dir='ltr' id='par_1_23' title="bbox 1983 641 3674 738">
     <span class='ocr_line' id='line_1_23' title="bbox 1983 641 3674 738; baseline 0.017 -43"><span class='ocrx_word' id='word_1_149' title='bbox 1983 641 2103 738; x_wconf 72' lang='lat' dir='ltr'>bet,</span> <span class='ocrx_word' id='word_1_150' title='bbox 2133 642 2284 698; x_wconf 87' lang='lat' dir='ltr'>sicut</span> <span class='ocrx_word' id='word_1_151' title='bbox 2319 643 2532 738; x_wconf 73' lang='lat' dir='ltr'>beatus</span> <span class='ocrx_word' id='word_1_152' title='bbox 2577 646 2901 738; x_wconf 76' lang='lat' dir='ltr'>Gregorius</span> <span class='ocrx_word' id='word_1_153' title='bbox 2929 649 3070 707; x_wconf 87' lang='lat' dir='ltr'>dicit</span> <span class='ocrx_word' id='word_1_154' title='bbox 3095 652 3358 714; x_wconf 91' lang='lat' dir='ltr'>domino</span> <span class='ocrx_word' id='word_1_155' title='bbox 3389 661 3674 738; x_wconf 88' lang='lat' dir='ltr'>episcopo</span> 
     </span>
    </p>
   </div>
   <div class='ocr_carea' id='block_1_24' title="bbox 1984 732 3672 811">
    <p class='ocr_par' dir='ltr' id='par_1_24' title="bbox 1984 732 3672 811">
     <span class='ocr_line' id='line_1_24' title="bbox 1984 732 3672 811; baseline 0.015 -26"><span class='ocrx_word' id='word_1_156' title='bbox 1984 733 2269 787; x_wconf 68' lang='lat' dir='ltr'>Messante</span> <span class='ocrx_word' id='word_1_157' title='bbox 2313 732 2442 803; x_wconf 91' lang='lat' dir='ltr'>(lib.</span> <span class='ocrx_word' id='word_1_158' title='bbox 2490 751 2565 802; x_wconf 78' lang='lat' dir='ltr'>vi,</span> <span class='ocrx_word' id='word_1_159' title='bbox 2614 737 2787 805; x_wconf 70' lang='lat' dir='ltr'>epist.</span> <span class='ocrx_word' id='word_1_160' title='bbox 2833 739 2960 810; x_wconf 82' lang='lat'>35):</span> <span class='ocrx_word' id='word_1_161' title='bbox 3021 732 3441 804; x_wconf 78' lang='lat' dir='ltr'>«Fraternitas</span> <span class='ocrx_word' id='word_1_162' title='bbox 3475 732 3672 811; x_wconf 70' lang='lat' dir='ltr'>vestra</span> 
     </span>
    </p>
   </div>
   <div class='ocr_carea' id='block_1_25' title="bbox 1985 821 3668 908">
    <p class='ocr_par' dir='ltr' id='par_1_25' title="bbox 1985 821 3668 908">
     <span class='ocr_line' id='line_1_25' title="bbox 1985 821 3668 908; baseline 0.014 -32"><span class='ocrx_word' id='word_1_163' title='bbox 1985 821 2246 877; x_wconf 91' lang='lat' dir='ltr'>multum</span> <span class='ocrx_word' id='word_1_164' title='bbox 2292 822 2472 880; x_wconf 90' lang='lat' dir='ltr'>debet</span> <span class='ocrx_word' id='word_1_165' title='bbox 2516 841 2647 882; x_wconf 91' lang='lat' dir='ltr'>esse</span> <span class='ocrx_word' id='word_1_166' title='bbox 2680 825 2952 896; x_wconf 89' lang='lat' dir='ltr'>sollicita,</span> <span class='ocrx_word' id='word_1_167' title='bbox 2981 833 3064 897; x_wconf 91' lang='lat' dir='ltr'>ut,</span> <span class='ocrx_word' id='word_1_168' title='bbox 3097 831 3144 886; x_wconf 90' lang='lat' dir='ltr'>si</span> <span class='ocrx_word' id='word_1_169' title='bbox 3182 834 3440 904; x_wconf 91' lang='lat' dir='ltr'>quidem</span> <span class='ocrx_word' id='word_1_170' title='bbox 3471 841 3533 897; x_wconf 90' lang='lat' dir='ltr'>in</span> <span class='ocrx_word' id='word_1_171' title='bbox 3565 846 3668 908; x_wconf 79' lang='lat' dir='ltr'>Ec-</span> 
     </span>
    </p>
   </div>
   <div class='ocr_carea' id='block_1_26' title="bbox 1984 911 3670 993">
    <p class='ocr_par' dir='ltr' id='par_1_26' title="bbox 1984 911 3670 993">
     <span class='ocr_line' id='line_1_26' title="bbox 1984 911 3670 993; baseline 0.012 -27"><span class='ocrx_word' id='word_1_172' title='bbox 1984 911 2169 967; x_wconf 91' lang='lat' dir='ltr'>clesia</span> <span class='ocrx_word' id='word_1_173' title='bbox 2200 915 2399 968; x_wconf 90' lang='lat' dir='ltr'>vestra</span> <span class='ocrx_word' id='word_1_174' title='bbox 2428 914 2639 971; x_wconf 90' lang='lat' dir='ltr'>usuale</span> <span class='ocrx_word' id='word_1_175' title='bbox 2669 921 2993 985; x_wconf 77' lang='lat' dir='ltr'>argentum</span> <span class='ocrx_word' id='word_1_176' title='bbox 3020 925 3129 988; x_wconf 90' lang='lat' dir='ltr'>est,</span> <span class='ocrx_word' id='word_1_177' title='bbox 3161 923 3338 993; x_wconf 90' lang='lat' dir='ltr'>prius</span> <span class='ocrx_word' id='word_1_178' title='bbox 3368 926 3515 984; x_wconf 91' lang='lat' dir='ltr'>illud</span> <span class='ocrx_word' id='word_1_179' title='bbox 3544 947 3670 986; x_wconf 86' lang='lat' dir='ltr'>ero-</span> 
     </span>
    </p>
   </div>
   <div class='ocr_carea' id='block_1_27' title="bbox 1985 1001 3665 1086">
    <p class='ocr_par' dir='ltr' id='par_1_27' title="bbox 1985 1001 3665 1086">
     <span class='ocr_line' id='line_1_27' title="bbox 1985 1001 3665 1086; baseline 0.012 -30"><span class='ocrx_word' id='word_1_180' title='bbox 1985 1005 2157 1070; x_wconf 89' lang='lat' dir='ltr'>getur</span> <span class='ocrx_word' id='word_1_181' title='bbox 2179 1001 2241 1056; x_wconf 90' lang='lat' dir='ltr'>in</span> <span class='ocrx_word' id='word_1_182' title='bbox 2271 1001 2684 1075; x_wconf 90' lang='lat' dir='ltr'>redemptione</span> <span class='ocrx_word' id='word_1_183' title='bbox 2716 1006 3126 1078; x_wconf 86' lang='lat' dir='ltr'>captivorum:</span> <span class='ocrx_word' id='word_1_184' title='bbox 3160 1011 3438 1086; x_wconf 87' lang='lat' dir='ltr'>alioquin</span> <span class='ocrx_word' id='word_1_185' title='bbox 3470 1018 3545 1074; x_wconf 88' lang='lat' dir='ltr'>de</span> <span class='ocrx_word' id='word_1_186' title='bbox 3571 1035 3665 1076; x_wconf 85' lang='lat' dir='ltr'>sa-</span> 
     </span>
    </p>
   </div>
   <div class='ocr_carea' id='block_1_28' title="bbox 1983 1089 3667 1171">
    <p class='ocr_par' dir='ltr' id='par_1_28' title="bbox 1983 1089 3667 1171">
     <span class='ocr_line' id='line_1_28' title="bbox 1983 1089 3667 1171; baseline 0.012 -27"><span class='ocrx_word' id='word_1_187' title='bbox 1983 1089 2165 1145; x_wconf 85' lang='lat' dir='ltr'>cratis</span> <span class='ocrx_word' id='word_1_188' title='bbox 2185 1106 2295 1146; x_wconf 90' lang='lat' dir='ltr'>vos</span> <span class='ocrx_word' id='word_1_189' title='bbox 2315 1091 2478 1148; x_wconf 86' lang='lat' dir='ltr'>vasis</span> <span class='ocrx_word' id='word_1_190' title='bbox 2509 1093 2779 1165; x_wconf 67' lang='lat' dir='ltr'>prmbere</span> <span class='ocrx_word' id='word_1_191' title='bbox 2811 1110 3072 1152; x_wconf 89' lang='lat' dir='ltr'>necesse.</span> <span class='ocrx_word' id='word_1_192' title='bbox 3093 1101 3268 1171; x_wconf 87' lang='lat' dir='ltr'>Nam,</span> <span class='ocrx_word' id='word_1_193' title='bbox 3296 1103 3449 1162; x_wconf 83' lang='lat' dir='ltr'>sicut</span> <span class='ocrx_word' id='word_1_194' title='bbox 3477 1108 3667 1164; x_wconf 82' lang='lat' dir='ltr'>omni-</span> 
     </span>
    </p>
   </div>
   <div class='ocr_carea' id='block_1_29' title="bbox 1982 1182 3666 1254">
    <p class='ocr_par' dir='ltr' id='par_1_29' title="bbox 1982 1182 3666 1254">
     <span class='ocr_line' id='line_1_29' title="bbox 1982 1182 3666 1254; baseline 0.012 -20"><span class='ocrx_word' id='word_1_195' title='bbox 1982 1195 2063 1235; x_wconf 92' lang='lat' dir='ltr'>no</span> <span class='ocrx_word' id='word_1_196' title='bbox 2092 1195 2278 1249; x_wconf 87' lang='lat' dir='ltr'>grave</span> <span class='ocrx_word' id='word_1_197' title='bbox 2304 1186 2392 1237; x_wconf 91' lang='lat' dir='ltr'>est</span> <span class='ocrx_word' id='word_1_198' title='bbox 2420 1182 2637 1238; x_wconf 84' lang='lat' dir='ltr'>frustra</span> <span class='ocrx_word' id='word_1_199' title='bbox 2668 1183 3068 1243; x_wconf 88' lang='lat' dir='ltr'>ecclesiastica</span> <span class='ocrx_word' id='word_1_200' title='bbox 3090 1193 3464 1250; x_wconf 89' lang='lat' dir='ltr'>venumdare</span> <span class='ocrx_word' id='word_1_201' title='bbox 3493 1197 3666 1254; x_wconf 84' lang='lat' dir='ltr'>mini-</span> 
     </span>
    </p>
   </div>
   <div class='ocr_carea' id='block_1_30' title="bbox 1984 1267 3662 1351">
    <p class='ocr_par' dir='ltr' id='par_1_30' title="bbox 1984 1267 3662 1351">
     <span class='ocr_line' id='line_1_30' title="bbox 1984 1267 3662 1351; baseline 0.011 -28"><span class='ocrx_word' id='word_1_202' title='bbox 1984 1267 2182 1337; x_wconf 89' lang='lat' dir='ltr'>steria,</span> <span class='ocrx_word' id='word_1_203' title='bbox 2208 1269 2292 1324; x_wconf 91' lang='lat' dir='ltr'>sic</span> <span class='ocrx_word' id='word_1_204' title='bbox 2333 1269 2546 1326; x_wconf 87' lang='lat' dir='ltr'>iterum</span> <span class='ocrx_word' id='word_1_205' title='bbox 2579 1270 2759 1343; x_wconf 90' lang='lat' dir='ltr'>culpa</span> <span class='ocrx_word' id='word_1_206' title='bbox 2789 1276 2896 1339; x_wconf 88' lang='lat' dir='ltr'>est,</span> <span class='ocrx_word' id='word_1_207' title='bbox 2928 1273 3284 1334; x_wconf 89' lang='lat' dir='ltr'>imminente</span> <span class='ocrx_word' id='word_1_208' title='bbox 3311 1281 3412 1351; x_wconf 88' lang='lat' dir='ltr'>huj</span> <span class='ocrx_word' id='word_1_209' title='bbox 3425 1285 3662 1342; x_wconf 90' lang='lat' dir='ltr'>usmodi</span> 
     </span>
    </p>
   </div>
   <div class='ocr_carea' id='block_1_31' title="bbox 1984 1357 3660 1444">
    <p class='ocr_par' dir='ltr' id='par_1_31' title="bbox 1984 1357 3660 1444">
     <span class='ocr_line' id='line_1_31' title="bbox 1984 1357 3660 1444; baseline 0.011 -34"><span class='ocrx_word' id='word_1_210' title='bbox 1984 1357 2357 1427; x_wconf 90' lang='lat' dir='ltr'>necessitate,</span> <span class='ocrx_word' id='word_1_211' title='bbox 2403 1376 2496 1414; x_wconf 89' lang='lat' dir='ltr'>res</span> <span class='ocrx_word' id='word_1_212' title='bbox 2539 1360 2719 1416; x_wconf 89' lang='lat' dir='ltr'>etiam</span> <span class='ocrx_word' id='word_1_213' title='bbox 2765 1360 3048 1418; x_wconf 73' lang='lat' dir='ltr'>desolataa</span> <span class='ocrx_word' id='word_1_214' title='bbox 3094 1366 3370 1423; x_wconf 76' lang='lat' dir='ltr'>Ecclesiae</span> <span class='ocrx_word' id='word_1_215' title='bbox 3410 1372 3660 1444; x_wconf 90' lang='lat' dir='ltr'>captivis</span> 
     </span>
    </p>
   </div>
   <div class='ocr_carea' id='block_1_32' title="bbox 1985 1445 3657 1526">
    <p class='ocr_par' dir='ltr' id='par_1_32' title="bbox 1985 1445 3657 1526">
     <span class='ocr_line' id='line_1_32' title="bbox 1985 1445 3657 1526; baseline 0.008 -26"><span class='ocrx_word' id='word_1_216' title='bbox 1985 1445 2109 1500; x_wconf 91' lang='lat' dir='ltr'>suis</span> <span class='ocrx_word' id='word_1_217' title='bbox 2137 1462 2508 1520; x_wconf 66' lang='lat' dir='ltr'>praeponere,</span> <span class='ocrx_word' id='word_1_218' title='bbox 2533 1454 2590 1505; x_wconf 93' lang='lat' dir='ltr'>et</span> <span class='ocrx_word' id='word_1_219' title='bbox 2609 1449 2668 1504; x_wconf 93' lang='lat' dir='ltr'>in</span> <span class='ocrx_word' id='word_1_220' title='bbox 2687 1465 2899 1506; x_wconf 90' lang='lat' dir='ltr'>eorum</span> <span class='ocrx_word' id='word_1_221' title='bbox 2927 1451 3341 1526; x_wconf 88' lang='lat' dir='ltr'>redemptione</span> <span class='ocrx_word' id='word_1_222' title='bbox 3363 1475 3657 1518; x_wconf 78' lang='lat' dir='ltr'>cessare.»</span> 
     </span>
    </p>
   </div>
   <div class='ocr_carea' id='block_1_33' title="bbox 187 1534 3653 1622">
    <p class='ocr_par' dir='ltr' id='par_1_33' title="bbox 187 1534 3653 1622">
     <span class='ocr_line' id='line_1_33' title="bbox 187 1534 3653 1622; baseline 0.004 -28"><span class='ocrx_word' id='word_1_223' title='bbox 187 1543 399 1594; x_wconf 88' lang='lat' dir='ltr'>tuntur</span> <span class='ocrx_word' id='word_1_224' title='bbox 449 1536 512 1590; x_wconf 91' lang='lat' dir='ltr'>in</span> <span class='ocrx_word' id='word_1_225' title='bbox 559 1535 690 1591; x_wconf 88' lang='lat' dir='ltr'>aliis</span> <span class='ocrx_word' id='word_1_226' title='bbox 722 1535 918 1601; x_wconf 86' lang='lat' dir='ltr'>rebus,</span> <span class='ocrx_word' id='word_1_227' title='bbox 953 1534 1178 1608; x_wconf 86' lang='lat' dir='ltr'>quibus</span> <span class='ocrx_word' id='word_1_228' title='bbox 1224 1550 1397 1589; x_wconf 89' lang='lat' dir='ltr'>suam</span> <span class='ocrx_word' id='word_1_229' title='bbox 1449 1536 1731 1608; x_wconf 86' lang='lat' dir='ltr'>expleant</span> <span class='ocrx_word' id='word_1_230' title='bbox 1761 1552 1870 1592; x_wconf 84' lang='lat' dir='ltr'>vo-</span> <span class='ocrx_word' id='word_1_231' title='bbox 1913 1553 1956 1609; x_wconf 80' lang='grc' dir='ltr'><strong>Β</strong></span> <span class='ocrx_word' id='word_1_232' title='bbox 1986 1538 2129 1591; x_wconf 87' lang='lat' dir='ltr'>Item</span> <span class='ocrx_word' id='word_1_233' title='bbox 2182 1536 2346 1594; x_wconf 91' lang='lat' dir='ltr'>idem</span> <span class='ocrx_word' id='word_1_234' title='bbox 2398 1542 2716 1596; x_wconf 85' lang='lat' dir='ltr'>Fortunato</span> <span class='ocrx_word' id='word_1_235' title='bbox 2770 1540 3055 1613; x_wconf 89' lang='lat' dir='ltr'>episcopo</span> <span class='ocrx_word' id='word_1_236' title='bbox 3103 1545 3398 1603; x_wconf 84' lang='lat' dir='ltr'>Phanensi</span> <span class='ocrx_word' id='word_1_237' title='bbox 3455 1550 3653 1622; x_wconf 78' lang='lat' dir='ltr'>(Ibid.,</span> 
     </span>
    </p>
   </div>
   <div class='ocr_carea' id='block_1_34' title="bbox 186 1623 1870 1695">
    <p class='ocr_par' dir='ltr' id='par_1_34' title="bbox 186 1623 1870 1695">
     <span class='ocr_line' id='line_1_34' title="bbox 186 1623 1870 1695; baseline -0.001 -11"><span class='ocrx_word' id='word_1_238' title='bbox 186 1629 512 1695; x_wconf 83' lang='lat' dir='ltr'>luntatem,</span> <span class='ocrx_word' id='word_1_239' title='bbox 543 1625 766 1681; x_wconf 87' lang='lat' dir='ltr'>similes</span> <span class='ocrx_word' id='word_1_240' title='bbox 796 1629 933 1680; x_wconf 90' lang='lat' dir='ltr'>sunt</span> <span class='ocrx_word' id='word_1_241' title='bbox 973 1623 1316 1680; x_wconf 88' lang='lat' dir='ltr'>Scribarum</span> <span class='ocrx_word' id='word_1_242' title='bbox 1361 1628 1418 1680; x_wconf 92' lang='lat' dir='ltr'>et</span> <span class='ocrx_word' id='word_1_243' title='bbox 1461 1626 1870 1695; x_wconf 90' lang='lat' dir='ltr'>sacerdotum,</span> 
     </span>
    </p>
   </div>
   <div class='ocr_carea' id='block_1_35' title="bbox 187 1713 1874 1784">
    <p class='ocr_par' dir='ltr' id='par_1_35' title="bbox 187 1713 1874 1784">
     <span class='ocr_line' id='line_1_35' title="bbox 187 1713 1874 1784; baseline -0.002 -11"><span class='ocrx_word' id='word_1_244' title='bbox 187 1715 626 1773; x_wconf 85' lang='lat' dir='ltr'>redimentium</span> <span class='ocrx_word' id='word_1_245' title='bbox 671 1713 1056 1769; x_wconf 87' lang='lat' dir='ltr'>mendacium</span> <span class='ocrx_word' id='word_1_246' title='bbox 1099 1717 1156 1768; x_wconf 90' lang='lat' dir='ltr'>et</span> <span class='ocrx_word' id='word_1_247' title='bbox 1197 1713 1556 1784; x_wconf 90' lang='lat' dir='ltr'>sanguinem</span> <span class='ocrx_word' id='word_1_248' title='bbox 1603 1715 1874 1772; x_wconf 89' lang='lat' dir='ltr'>Salvato-</span> 
     </span>
    </p>
   </div>
   <div class='ocr_carea' id='block_1_36' title="bbox 189 1797 1873 1872">
    <p class='ocr_par' dir='ltr' id='par_1_36' title="bbox 189 1797 1873 1872">
     <span class='ocr_line' id='line_1_36' title="bbox 189 1797 1873 1872; baseline -0.001 -15"><span class='ocrx_word' id='word_1_249' title='bbox 189 1802 341 1858; x_wconf 84' lang='lat' dir='ltr'>ris.»</span> <span class='ocrx_word' id='word_1_250' title='bbox 377 1800 537 1858; x_wconf 86' lang='lat' dir='ltr'>Scire</span> <span class='ocrx_word' id='word_1_251' title='bbox 567 1798 746 1856; x_wconf 87' lang='lat' dir='ltr'>debet</span> <span class='ocrx_word' id='word_1_252' title='bbox 792 1798 993 1870; x_wconf 89' lang='lat' dir='ltr'>itaque</span> <span class='ocrx_word' id='word_1_253' title='bbox 1033 1797 1132 1870; x_wconf 88' lang='lat' dir='ltr'>pia</span> <span class='ocrx_word' id='word_1_254' title='bbox 1183 1797 1518 1856; x_wconf 87' lang='lat' dir='ltr'>sollicitudo</span> <span class='ocrx_word' id='word_1_255' title='bbox 1547 1804 1873 1872; x_wconf 89' lang='lat' dir='ltr'>pastorum</span> 
     </span>
    </p>
   </div>
   <div class='ocr_carea' id='block_1_37' title="bbox 191 1887 1874 1965">
    <p class='ocr_par' dir='ltr' id='par_1_37' title="bbox 191 1887 1874 1965">
     <span class='ocr_line' id='line_1_37' title="bbox 191 1887 1874 1965; baseline -0.001 -18"><span class='ocrx_word' id='word_1_256' title='bbox 191 1891 346 1965; x_wconf 89' lang='lat' dir='ltr'>quia</span> <span class='ocrx_word' id='word_1_257' title='bbox 372 1889 519 1950; x_wconf 85' lang='lat' dir='ltr'>nihil</span> <span class='ocrx_word' id='word_1_258' title='bbox 547 1889 796 1945; x_wconf 90' lang='lat' dir='ltr'>omnino</span> <span class='ocrx_word' id='word_1_259' title='bbox 827 1903 1004 1958; x_wconf 88' lang='lat' dir='ltr'>agere</span> <span class='ocrx_word' id='word_1_260' title='bbox 1034 1887 1346 1945; x_wconf 89' lang='lat' dir='ltr'>debentde</span> <span class='ocrx_word' id='word_1_261' title='bbox 1367 1890 1548 1946; x_wconf 89' lang='lat' dir='ltr'>rebus</span> <span class='ocrx_word' id='word_1_262' title='bbox 1582 1890 1874 1947; x_wconf 88' lang='lat' dir='ltr'>Ecclesia-</span> 
     </span>
    </p>
   </div>
   <div class='ocr_carea' id='block_1_38' title="bbox 193 1977 1872 2053">
    <p class='ocr_par' dir='ltr' id='par_1_38' title="bbox 193 1977 1872 2053">
     <span class='ocr_line' id='line_1_38' title="bbox 193 1977 1872 2053; baseline -0.001 -15"><span class='ocrx_word' id='word_1_263' title='bbox 193 1998 338 2038; x_wconf 89' lang='lat' dir='ltr'>rum</span> <span class='ocrx_word' id='word_1_264' title='bbox 388 1981 513 2036; x_wconf 85' lang='lat' dir='ltr'>sine</span> <span class='ocrx_word' id='word_1_265' title='bbox 555 1977 806 2036; x_wconf 88' lang='lat' dir='ltr'>consilio</span> <span class='ocrx_word' id='word_1_266' title='bbox 848 1983 904 2034; x_wconf 90' lang='lat' dir='ltr'>et</span> <span class='ocrx_word' id='word_1_267' title='bbox 941 1993 1238 2034; x_wconf 89' lang='lat' dir='ltr'>consensu</span> <span class='ocrx_word' id='word_1_268' title='bbox 1278 1979 1688 2052; x_wconf 90' lang='lat' dir='ltr'>subditorum,</span> <span class='ocrx_word' id='word_1_269' title='bbox 1721 1997 1872 2053; x_wconf 86' lang='lat' dir='ltr'>quo-</span> 
     </span>
    </p>
   </div>
   <div class='ocr_carea' id='block_1_39' title="bbox 192 2067 1872 2140">
    <p class='ocr_par' dir='ltr' id='par_1_39' title="bbox 192 2067 1872 2140">
     <span class='ocr_line' id='line_1_39' title="bbox 192 2067 1872 2140; baseline -0.001 -13"><span class='ocrx_word' id='word_1_270' title='bbox 192 2071 363 2127; x_wconf 87' lang='lat' dir='ltr'>niam</span> <span class='ocrx_word' id='word_1_271' title='bbox 393 2067 723 2140; x_wconf 76' lang='lat' dir='ltr'>prudentiae</span> <span class='ocrx_word' id='word_1_272' title='bbox 752 2083 960 2123; x_wconf 89' lang='lat' dir='ltr'>eorum</span> <span class='ocrx_word' id='word_1_273' title='bbox 986 2067 1381 2124; x_wconf 87' lang='lat' dir='ltr'>commissum</span> <span class='ocrx_word' id='word_1_274' title='bbox 1408 2074 1494 2125; x_wconf 88' lang='lat' dir='ltr'>est</span> <span class='ocrx_word' id='word_1_275' title='bbox 1516 2069 1872 2125; x_wconf 89' lang='lat' dir='ltr'>ministran-</span> 
     </span>
    </p>
   </div>
   <div class='ocr_carea' id='block_1_40' title="bbox 193 2155 1498 2229">
    <p class='ocr_par' dir='ltr' id='par_1_40' title="bbox 193 2155 1498 2229">
     <span class='ocr_line' id='line_1_40' title="bbox 193 2155 1498 2229; baseline -0.003 -12"><span class='ocrx_word' id='word_1_276' title='bbox 193 2160 254 2217; x_wconf 92' lang='lat' dir='ltr'>di</span> <span class='ocrx_word' id='word_1_277' title='bbox 279 2158 576 2229; x_wconf 80' lang='lat' dir='ltr'>ofﬁcium,</span> <span class='ocrx_word' id='word_1_278' title='bbox 608 2173 726 2213; x_wconf 90' lang='lat' dir='ltr'>non</span> <span class='ocrx_word' id='word_1_279' title='bbox 757 2155 1143 2229; x_wconf 81' lang='lat' dir='ltr'>dispergendi</span> <span class='ocrx_word' id='word_1_280' title='bbox 1169 2156 1498 2215; x_wconf 88' lang='lat' dir='ltr'>arbitrium.</span> 
     </span>
    </p>
   </div>
   <div class='ocr_carea' id='block_1_41' title="bbox 265 2245 1873 2320">
    <p class='ocr_par' dir='ltr' id='par_1_41' title="bbox 265 2245 1873 2320">
     <span class='ocr_line' id='line_1_41' title="bbox 265 2245 1873 2320; baseline -0.001 -15"><span class='ocrx_word' id='word_1_281' title='bbox 265 2250 367 2306; x_wconf 85' lang='lat' dir='ltr'>His</span> <span class='ocrx_word' id='word_1_282' title='bbox 425 2246 768 2320; x_wconf 73' lang='lat' dir='ltr'>praalibatis,</span> <span class='ocrx_word' id='word_1_283' title='bbox 802 2245 878 2302; x_wconf 92' lang='lat' dir='ltr'>ad</span> <span class='ocrx_word' id='word_1_284' title='bbox 910 2261 1056 2301; x_wconf 89' lang='lat' dir='ltr'>vasa</span> <span class='ocrx_word' id='word_1_285' title='bbox 1103 2245 1370 2303; x_wconf 65' lang='lat' dir='ltr'>Ecclesiae</span> <span class='ocrx_word' id='word_1_286' title='bbox 1411 2248 1758 2318; x_wconf 89' lang='lat' dir='ltr'>veniamus,</span> <span class='ocrx_word' id='word_1_287' title='bbox 1793 2247 1873 2304; x_wconf 89' lang='lat' dir='ltr'>de</span> 
     </span>
    </p>
   </div>
   <div class='ocr_carea' id='block_1_42' title="bbox 195 2335 1875 2412">
    <p class='ocr_par' dir='ltr' id='par_1_42' title="bbox 195 2335 1875 2412">
     <span class='ocr_line' id='line_1_42' title="bbox 195 2335 1875 2412; baseline -0.001 -18"><span class='ocrx_word' id='word_1_288' title='bbox 195 2338 424 2412; x_wconf 90' lang='lat' dir='ltr'>quibus</span> <span class='ocrx_word' id='word_1_289' title='bbox 455 2335 833 2409; x_wconf 88' lang='lat' dir='ltr'>potissimum</span> <span class='ocrx_word' id='word_1_290' title='bbox 880 2335 1229 2404; x_wconf 86' lang='lat' dir='ltr'>interrogas.</span> <span class='ocrx_word' id='word_1_291' title='bbox 1263 2339 1410 2393; x_wconf 86' lang='lat' dir='ltr'>Cum</span> <span class='ocrx_word' id='word_1_292' title='bbox 1437 2337 1603 2392; x_wconf 91' lang='lat' dir='ltr'>enim</span> <span class='ocrx_word' id='word_1_293' title='bbox 1634 2335 1875 2392; x_wconf 87' lang='lat' dir='ltr'>dicatur</span> 
     </span>
    </p>
   </div>
   <div class='ocr_carea' id='block_1_43' title="bbox 193 2422 1874 2497">
    <p class='ocr_par' dir='ltr' id='par_1_43' title="bbox 193 2422 1874 2497">
     <span class='ocr_line' id='line_1_43' title="bbox 193 2422 1874 2497; baseline -0.002 -12"><span class='ocrx_word' id='word_1_294' title='bbox 193 2425 586 2496; x_wconf 83' lang='lat' dir='ltr'>sacrilegium</span> <span class='ocrx_word' id='word_1_295' title='bbox 602 2425 896 2481; x_wconf 88' lang='lat' dir='ltr'>incurrere</span> <span class='ocrx_word' id='word_1_296' title='bbox 922 2423 1025 2496; x_wconf 92' lang='lat' dir='ltr'>qui</span> <span class='ocrx_word' id='word_1_297' title='bbox 1055 2422 1277 2496; x_wconf 87' lang='lat' dir='ltr'>aliquid</span> <span class='ocrx_word' id='word_1_298' title='bbox 1293 2425 1367 2483; x_wconf 92' lang='lat' dir='ltr'>de</span> <span class='ocrx_word' id='word_1_299' title='bbox 1388 2426 1568 2482; x_wconf 89' lang='lat' dir='ltr'>bonis</span> <span class='ocrx_word' id='word_1_300' title='bbox 1595 2425 1874 2497; x_wconf 59' lang='lat' dir='ltr'>Ecclesia;</span> 
     </span>
    </p>
   </div>
   <div class='ocr_carea' id='block_1_44' title="bbox 192 2512 1874 2588">
    <p class='ocr_par' dir='ltr' id='par_1_44' title="bbox 192 2512 1874 2588">
     <span class='ocr_line' id='line_1_44' title="bbox 192 2512 1874 2588; baseline -0.002 -15"><span class='ocrx_word' id='word_1_301' title='bbox 192 2517 254 2573; x_wconf 90' lang='lat' dir='ltr'>in</span> <span class='ocrx_word' id='word_1_302' title='bbox 284 2514 692 2588; x_wconf 80' lang='lat' dir='ltr'>expletionem</span> <span class='ocrx_word' id='word_1_303' title='bbox 723 2512 1042 2570; x_wconf 87' lang='lat' dir='ltr'>voluntatis</span> <span class='ocrx_word' id='word_1_304' title='bbox 1096 2529 1217 2569; x_wconf 68' lang='lat' dir='ltr'>suis</span> <span class='ocrx_word' id='word_1_305' title='bbox 1261 2515 1579 2584; x_wconf 80' lang='lat' dir='ltr'>contraxit,</span> <span class='ocrx_word' id='word_1_306' title='bbox 1612 2530 1874 2586; x_wconf 91' lang='lat' dir='ltr'>perpen-</span> 
     </span>
    </p>
   </div>
   <div class='ocr_carea' id='block_1_45' title="bbox 193 2601 1875 2677">
    <p class='ocr_par' dir='ltr' id='par_1_45' title="bbox 193 2601 1875 2677">
     <span class='ocr_line' id='line_1_45' title="bbox 193 2601 1875 2677; baseline -0.001 -15"><span class='ocrx_word' id='word_1_307' title='bbox 193 2606 338 2662; x_wconf 84' lang='lat' dir='ltr'>dere</span> <span class='ocrx_word' id='word_1_308' title='bbox 369 2608 544 2677; x_wconf 87' lang='lat' dir='ltr'>potes</span> <span class='ocrx_word' id='word_1_309' title='bbox 575 2607 870 2675; x_wconf 89' lang='lat' dir='ltr'>quantum</span> <span class='ocrx_word' id='word_1_310' title='bbox 896 2601 1185 2674; x_wconf 85' lang='lat' dir='ltr'>delinquit</span> <span class='ocrx_word' id='word_1_311' title='bbox 1205 2603 1308 2675; x_wconf 91' lang='lat' dir='ltr'>qui</span> <span class='ocrx_word' id='word_1_312' title='bbox 1329 2621 1476 2660; x_wconf 91' lang='lat' dir='ltr'>vasa</span> <span class='ocrx_word' id='word_1_313' title='bbox 1497 2603 1689 2660; x_wconf 88' lang='lat' dir='ltr'>sacris</span> <span class='ocrx_word' id='word_1_314' title='bbox 1713 2602 1875 2660; x_wconf 89' lang='lat' dir='ltr'>dica-</span> 
     </span>
    </p>
   </div>
   <div class='ocr_carea' id='block_1_46' title="bbox 196 2691 948 2766">
    <p class='ocr_par' dir='ltr' id='par_1_46' title="bbox 196 2691 948 2766">
     <span class='ocr_line' id='line_1_46' title="bbox 196 2691 948 2766; baseline -0.007 -15"><span class='ocrx_word' id='word_1_315' title='bbox 196 2700 256 2751; x_wconf 92' lang='lat' dir='ltr'>ta</span> <span class='ocrx_word' id='word_1_316' title='bbox 282 2692 593 2766; x_wconf 79' lang='lat' dir='ltr'>mysteriis</span> <span class='ocrx_word' id='word_1_317' title='bbox 621 2691 948 2748; x_wconf 88' lang='lat' dir='ltr'>abstulerit.</span> 
     </span>
    </p>
   </div>
   <div class='ocr_carea' id='block_1_47' title="bbox 265 2781 1874 2855">
    <p class='ocr_par' dir='ltr' id='par_1_47' title="bbox 265 2781 1874 2855">
     <span class='ocr_line' id='line_1_47' title="bbox 265 2781 1874 2855; baseline -0.002 -15"><span class='ocrx_word' id='word_1_318' title='bbox 265 2784 559 2846; x_wconf 85' lang='lat' dir='ltr'>Primum,</span> <span class='ocrx_word' id='word_1_319' title='bbox 591 2781 638 2836; x_wconf 93' lang='lat' dir='ltr'>si</span> <span class='ocrx_word' id='word_1_320' title='bbox 669 2785 834 2838; x_wconf 87' lang='lat' dir='ltr'>tanta</span> <span class='ocrx_word' id='word_1_321' title='bbox 879 2795 1214 2852; x_wconf 88' lang='lat' dir='ltr'>pauperum</span> <span class='ocrx_word' id='word_1_322' title='bbox 1259 2786 1315 2838; x_wconf 89' lang='lat' dir='ltr'>et</span> <span class='ocrx_word' id='word_1_323' title='bbox 1357 2782 1745 2855; x_wconf 85' lang='lat' dir='ltr'>captivorum</span> <span class='ocrx_word' id='word_1_324' title='bbox 1773 2798 1874 2837; x_wconf 90' lang='lat' dir='ltr'>ne-</span> 
     </span>
    </p>
   </div>
   <div class='ocr_carea' id='block_1_48' title="bbox 1984 1628 3656 1709">
    <p class='ocr_par' dir='ltr' id='par_1_48' title="bbox 1984 1628 3656 1709">
     <span class='ocr_line' id='line_1_48' title="bbox 1984 1628 3656 1709; baseline 0.011 -29"><span class='ocrx_word' id='word_1_325' title='bbox 1984 1628 2152 1694; x_wconf 82' lang='lat' dir='ltr'>epz&#39;st.</span> <span class='ocrx_word' id='word_1_326' title='bbox 2188 1629 2274 1697; x_wconf 82' lang='lat' dir='ltr'>t3)</span> <span class='ocrx_word' id='word_1_327' title='bbox 2301 1645 2314 1683; x_wconf 91' lang='lat'>:</span> <span class='ocrx_word' id='word_1_328' title='bbox 2349 1651 2377 1678; x_wconf 86' lang='lat'><strong><em>«</em></strong></span> <span class='ocrx_word' id='word_1_329' title='bbox 2404 1628 2565 1685; x_wconf 90' lang='lat' dir='ltr'>Sicut</span> <span class='ocrx_word' id='word_1_330' title='bbox 2591 1629 3062 1702; x_wconf 90' lang='lat' dir='ltr'>reprehensibile</span> <span class='ocrx_word' id='word_1_331' title='bbox 3083 1637 3140 1688; x_wconf 88' lang='lat' dir='ltr'>et</span> <span class='ocrx_word' id='word_1_332' title='bbox 3161 1635 3382 1693; x_wconf 91' lang='lat' dir='ltr'>ultione</span> <span class='ocrx_word' id='word_1_333' title='bbox 3403 1638 3656 1709; x_wconf 90' lang='lat' dir='ltr'>dignum</span> 
     </span>
    </p>
   </div>
   <div class='ocr_carea' id='block_1_49' title="bbox 1982 1721 3655 1801">
    <p class='ocr_par' dir='ltr' id='par_1_49' title="bbox 1982 1721 3655 1801">
     <span class='ocr_line' id='line_1_49' title="bbox 1982 1721 3655 1801; baseline 0.011 -31"><span class='ocrx_word' id='word_1_334' title='bbox 1982 1721 2073 1771; x_wconf 91' lang='lat' dir='ltr'>est</span> <span class='ocrx_word' id='word_1_335' title='bbox 2103 1723 2338 1774; x_wconf 88' lang='lat' dir='ltr'>sacrata</span> <span class='ocrx_word' id='word_1_336' title='bbox 2367 1735 2742 1792; x_wconf 89' lang='lat' dir='ltr'>quemquam</span> <span class='ocrx_word' id='word_1_337' title='bbox 2770 1734 2938 1783; x_wconf 88' lang='lat' dir='ltr'>vasa,</span> <span class='ocrx_word' id='word_1_338' title='bbox 2957 1728 3173 1792; x_wconf 58' lang='lat' dir='ltr'>praeter</span> <span class='ocrx_word' id='word_1_339' title='bbox 3202 1725 3262 1781; x_wconf 91' lang='lat' dir='ltr'>in</span> <span class='ocrx_word' id='word_1_340' title='bbox 3284 1727 3376 1782; x_wconf 91' lang='lat' dir='ltr'>his</span> <span class='ocrx_word' id='word_1_341' title='bbox 3405 1746 3541 1801; x_wconf 75' lang='lat' dir='ltr'>quae</span> <span class='ocrx_word' id='word_1_342' title='bbox 3561 1732 3655 1788; x_wconf 81' lang='lat' dir='ltr'>lex</span> 
     </span>
    </p>
   </div>
   <div class='ocr_carea' id='block_1_50' title="bbox 1982 1809 3657 1885">
    <p class='ocr_par' dir='ltr' id='par_1_50' title="bbox 1982 1809 3657 1885">
     <span class='ocr_line' id='line_1_50' title="bbox 1982 1809 3657 1885; baseline 0.01 -25"><span class='ocrx_word' id='word_1_343' title='bbox 1982 1809 2040 1861; x_wconf 90' lang='lat' dir='ltr'>et</span> <span class='ocrx_word' id='word_1_344' title='bbox 2064 1809 2218 1863; x_wconf 88' lang='lat' dir='ltr'>sacri</span> <span class='ocrx_word' id='word_1_345' title='bbox 2249 1825 2514 1866; x_wconf 89' lang='lat' dir='ltr'>canones</span> <span class='ocrx_word' id='word_1_346' title='bbox 2545 1810 2921 1882; x_wconf 72' lang='lat' dir='ltr'>praecipiunt,</span> <span class='ocrx_word' id='word_1_347' title='bbox 2949 1814 3332 1885; x_wconf 89' lang='lat' dir='ltr'>venundare;</span> <span class='ocrx_word' id='word_1_348' title='bbox 3379 1818 3461 1874; x_wconf 89' lang='lat' dir='ltr'>ita</span> <span class='ocrx_word' id='word_1_349' title='bbox 3490 1819 3657 1876; x_wconf 91' lang='lat' dir='ltr'>nulla</span> 
     </span>
    </p>
   </div>
   <div class='ocr_carea' id='block_1_51' title="bbox 1983 1897 3658 1980">
    <p class='ocr_par' dir='ltr' id='par_1_51' title="bbox 1983 1897 3658 1980">
     <span class='ocr_line' id='line_1_51' title="bbox 1983 1897 3658 1980; baseline 0.008 -30"><span class='ocrx_word' id='word_1_350' title='bbox 1983 1900 2071 1951; x_wconf 90' lang='lat' dir='ltr'>est</span> <span class='ocrx_word' id='word_1_351' title='bbox 2099 1897 2522 1969; x_wconf 81' lang='lat' dir='ltr'>objurgatione</span> <span class='ocrx_word' id='word_1_352' title='bbox 2547 1900 2640 1955; x_wconf 90' lang='lat' dir='ltr'>vel</span> <span class='ocrx_word' id='word_1_353' title='bbox 2665 1899 2928 1956; x_wconf 89' lang='lat' dir='ltr'>vindicta</span> <span class='ocrx_word' id='word_1_354' title='bbox 2957 1901 3362 1976; x_wconf 88' lang='lat' dir='ltr'>plectendum,</span> <span class='ocrx_word' id='word_1_355' title='bbox 3398 1907 3446 1962; x_wconf 89' lang='lat' dir='ltr'>si</span> <span class='ocrx_word' id='word_1_356' title='bbox 3471 1907 3658 1980; x_wconf 83' lang='lat' dir='ltr'>pieta-</span> 
     </span>
    </p>
   </div>
   <div class='ocr_carea' id='block_1_52' title="bbox 1983 1985 3658 2069">
    <p class='ocr_par' dir='ltr' id='par_1_52' title="bbox 1983 1985 3658 2069">
     <span class='ocr_line' id='line_1_52' title="bbox 1983 1985 3658 2069; baseline 0.007 -27"><span class='ocrx_word' id='word_1_357' title='bbox 1983 1985 2054 2042; x_wconf 86' lang='lat' dir='ltr'>tis</span> <span class='ocrx_word' id='word_1_358' title='bbox 2084 2003 2270 2044; x_wconf 89' lang='lat' dir='ltr'>causa</span> <span class='ocrx_word' id='word_1_359' title='bbox 2320 2005 2429 2061; x_wconf 92' lang='lat' dir='ltr'>pro</span> <span class='ocrx_word' id='word_1_360' title='bbox 2471 1990 2855 2063; x_wconf 88' lang='lat' dir='ltr'>captivorum</span> <span class='ocrx_word' id='word_1_361' title='bbox 2884 1989 3104 2048; x_wconf 87' lang='lat' dir='ltr'>fuerint</span> <span class='ocrx_word' id='word_1_362' title='bbox 3131 1995 3544 2069; x_wconf 88' lang='lat' dir='ltr'>redemptione</span> <span class='ocrx_word' id='word_1_363' title='bbox 3573 1997 3658 2054; x_wconf 82' lang='lat' dir='ltr'>di-</span> 
     </span>
    </p>
   </div>
   <div class='ocr_carea' id='block_1_53' title="bbox 1984 2078 3659 2154">
    <p class='ocr_par' dir='ltr' id='par_1_53' title="bbox 1984 2078 3659 2154">
     <span class='ocr_line' id='line_1_53' title="bbox 1984 2078 3659 2154; baseline 0.008 -25"><span class='ocrx_word' id='word_1_364' title='bbox 1984 2078 2273 2132; x_wconf 79' lang='lat' dir='ltr'>stracta.»</span> <span class='ocrx_word' id='word_1_365' title='bbox 2307 2079 2650 2135; x_wconf 88' lang='lat' dir='ltr'>Notandum</span> <span class='ocrx_word' id='word_1_366' title='bbox 2695 2078 2860 2150; x_wconf 89' lang='lat' dir='ltr'>quod</span> <span class='ocrx_word' id='word_1_367' title='bbox 2907 2078 3120 2138; x_wconf 90' lang='lat' dir='ltr'>beatus</span> <span class='ocrx_word' id='word_1_368' title='bbox 3163 2085 3479 2154; x_wconf 86' lang='lat' dir='ltr'>Gregorius</span> <span class='ocrx_word' id='word_1_369' title='bbox 3515 2085 3659 2146; x_wconf 90' lang='lat' dir='ltr'>dicit</span> 
     </span>
    </p>
   </div>
   <div class='ocr_carea' id='block_1_54' title="bbox 1983 2166 3654 2240">
    <p class='ocr_par' dir='ltr' id='par_1_54' title="bbox 1983 2166 3654 2240">
     <span class='ocr_line' id='line_1_54' title="bbox 1983 2166 3654 2240; baseline 0.006 -19"><span class='ocrx_word' id='word_1_370' title='bbox 1983 2166 2126 2238; x_wconf 88' lang='lat' dir='ltr'>quia</span> <span class='ocrx_word' id='word_1_371' title='bbox 2155 2167 2406 2224; x_wconf 91' lang='lat' dir='ltr'>omnino</span> <span class='ocrx_word' id='word_1_372' title='bbox 2452 2185 2635 2240; x_wconf 83' lang='lat' dir='ltr'>grave</span> <span class='ocrx_word' id='word_1_373' title='bbox 2680 2173 2767 2224; x_wconf 90' lang='lat' dir='ltr'>est</span> <span class='ocrx_word' id='word_1_374' title='bbox 2796 2168 3015 2228; x_wconf 88' lang='lat' dir='ltr'>frustra</span> <span class='ocrx_word' id='word_1_375' title='bbox 3045 2173 3446 2233; x_wconf 87' lang='lat' dir='ltr'>ecclesiastica</span> <span class='ocrx_word' id='word_1_376' title='bbox 3477 2176 3654 2232; x_wconf 88' lang='lat' dir='ltr'>mini-</span> 
     </span>
    </p>
   </div>
   <div class='ocr_carea' id='block_1_55' title="bbox 1985 2254 3653 2329">
    <p class='ocr_par' dir='ltr' id='par_1_55' title="bbox 1985 2254 3653 2329">
     <span class='ocr_line' id='line_1_55' title="bbox 1985 2254 3653 2329; baseline 0.007 -20"><span class='ocrx_word' id='word_1_377' title='bbox 1985 2254 2184 2322; x_wconf 85' lang='lat' dir='ltr'>steria,</span> <span class='ocrx_word' id='word_1_378' title='bbox 2211 2255 2276 2311; x_wconf 91' lang='lat' dir='ltr'>id</span> <span class='ocrx_word' id='word_1_379' title='bbox 2323 2260 2412 2313; x_wconf 91' lang='lat' dir='ltr'>est</span> <span class='ocrx_word' id='word_1_380' title='bbox 2441 2257 2828 2329; x_wconf 88' lang='lat' dir='ltr'>candelabra,</span> <span class='ocrx_word' id='word_1_381' title='bbox 2859 2259 3166 2319; x_wconf 89' lang='lat' dir='ltr'>thuribula</span> <span class='ocrx_word' id='word_1_382' title='bbox 3193 2268 3251 2320; x_wconf 89' lang='lat' dir='ltr'>et</span> <span class='ocrx_word' id='word_1_383' title='bbox 3287 2269 3500 2321; x_wconf 73' lang='lat' dir='ltr'>caetera</span> <span class='ocrx_word' id='word_1_384' title='bbox 3539 2266 3653 2320; x_wconf 87' lang='lat' dir='ltr'>hu-</span> 
     </span>
    </p>
   </div>
   <div class='ocr_carea' id='block_1_56' title="bbox 1977 2343 3655 2426">
    <p class='ocr_par' dir='ltr' id='par_1_56' title="bbox 1977 2343 3655 2426">
     <span class='ocr_line' id='line_1_56' title="bbox 1977 2343 3655 2426; baseline 0.006 -28"><span class='ocrx_word' id='word_1_385' title='bbox 1977 2343 2251 2414; x_wconf 90' lang='lat' dir='ltr'>jusmodi</span> <span class='ocrx_word' id='word_1_386' title='bbox 2263 2347 2635 2414; x_wconf 89' lang='lat' dir='ltr'>venundare,</span> <span class='ocrx_word' id='word_1_387' title='bbox 2659 2347 2773 2402; x_wconf 90' lang='lat' dir='ltr'>nisi</span> <span class='ocrx_word' id='word_1_388' title='bbox 2793 2353 3008 2419; x_wconf 58' lang='lat' dir='ltr'>praeter</span> <span class='ocrx_word' id='word_1_389' title='bbox 3026 2350 3126 2408; x_wconf 89' lang='lat' dir='ltr'>illa</span> <span class='ocrx_word' id='word_1_390' title='bbox 3146 2356 3380 2409; x_wconf 89' lang='lat' dir='ltr'>tantum</span> <span class='ocrx_word' id='word_1_391' title='bbox 3399 2370 3538 2426; x_wconf 73' lang='lat' dir='ltr'>quae</span> <span class='ocrx_word' id='word_1_392' title='bbox 3559 2354 3655 2410; x_wconf 85' lang='lat' dir='ltr'>lex</span> 
     </span>
    </p>
   </div>
   <div class='ocr_carea' id='block_1_57' title="bbox 1983 2434 3654 2515">
    <p class='ocr_par' dir='ltr' id='par_1_57' title="bbox 1983 2434 3654 2515">
     <span class='ocr_line' id='line_1_57' title="bbox 1983 2434 3654 2515; baseline 0.007 -27"><span class='ocrx_word' id='word_1_393' title='bbox 1983 2437 2040 2488; x_wconf 89' lang='lat' dir='ltr'>et</span> <span class='ocrx_word' id='word_1_394' title='bbox 2065 2434 2219 2489; x_wconf 90' lang='lat' dir='ltr'>sacri</span> <span class='ocrx_word' id='word_1_395' title='bbox 2239 2451 2506 2492; x_wconf 86' lang='lat' dir='ltr'>canones</span> <span class='ocrx_word' id='word_1_396' title='bbox 2529 2436 2900 2509; x_wconf 65' lang='lat' dir='ltr'>praecipiunt,</span> <span class='ocrx_word' id='word_1_397' title='bbox 2915 2439 3137 2496; x_wconf 90' lang='lat' dir='ltr'>scilicet</span> <span class='ocrx_word' id='word_1_398' title='bbox 3151 2458 3263 2513; x_wconf 92' lang='lat' dir='ltr'>pro</span> <span class='ocrx_word' id='word_1_399' title='bbox 3285 2442 3654 2515; x_wconf 88' lang='lat' dir='ltr'>redemptio-</span> 
     </span>
    </p>
   </div>
   <div class='ocr_carea' id='block_1_58' title="bbox 1982 2524 3650 2603">
    <p class='ocr_par' dir='ltr' id='par_1_58' title="bbox 1982 2524 3650 2603">
     <span class='ocr_line' id='line_1_58' title="bbox 1982 2524 3650 2603; baseline 0.007 -25"><span class='ocrx_word' id='word_1_400' title='bbox 1982 2539 2058 2579; x_wconf 93' lang='lat' dir='ltr'>ne</span> <span class='ocrx_word' id='word_1_401' title='bbox 2088 2524 2490 2594; x_wconf 87' lang='lat' dir='ltr'>captivorum,</span> <span class='ocrx_word' id='word_1_402' title='bbox 2521 2530 2577 2581; x_wconf 94' lang='lat' dir='ltr'>et</span> <span class='ocrx_word' id='word_1_403' title='bbox 2615 2526 3014 2599; x_wconf 90' lang='lat' dir='ltr'>eleemosynis</span> <span class='ocrx_word' id='word_1_404' title='bbox 3066 2530 3214 2585; x_wconf 89' lang='lat' dir='ltr'>nihil</span> <span class='ocrx_word' id='word_1_405' title='bbox 3255 2532 3494 2603; x_wconf 91' lang='lat' dir='ltr'>penitus</span> <span class='ocrx_word' id='word_1_406' title='bbox 3538 2534 3650 2589; x_wconf 88' lang='lat' dir='ltr'>ha—</span> 
     </span>
    </p>
   </div>
   <div class='ocr_carea' id='block_1_59' title="bbox 1981 2612 3652 2690">
    <p class='ocr_par' dir='ltr' id='par_1_59' title="bbox 1981 2612 3652 2690">
     <span class='ocr_line' id='line_1_59' title="bbox 1981 2612 3652 2690; baseline 0.005 -23"><span class='ocrx_word' id='word_1_407' title='bbox 1981 2612 2278 2669; x_wconf 90' lang='lat' dir='ltr'>bentium.</span> <span class='ocrx_word' id='word_1_408' title='bbox 2313 2615 2424 2680; x_wconf 89' lang='lat' dir='ltr'>Qui</span> <span class='ocrx_word' id='word_1_409' title='bbox 2462 2630 2603 2684; x_wconf 91' lang='lat' dir='ltr'>ergo</span> <span class='ocrx_word' id='word_1_410' title='bbox 2647 2615 2708 2670; x_wconf 90' lang='lat' dir='ltr'>in</span> <span class='ocrx_word' id='word_1_411' title='bbox 2738 2615 2856 2671; x_wconf 90' lang='lat' dir='ltr'>alia</span> <span class='ocrx_word' id='word_1_412' title='bbox 2904 2618 3204 2690; x_wconf 86' lang='lat' dir='ltr'>expendit,</span> <span class='ocrx_word' id='word_1_413' title='bbox 3232 2626 3441 2676; x_wconf 88' lang='lat' dir='ltr'>contra</span> <span class='ocrx_word' id='word_1_414' title='bbox 3470 2636 3652 2676; x_wconf 81' lang='lat' dir='ltr'>cano~</span> 
     </span>
    </p>
   </div>
   <div class='ocr_carea' id='block_1_60' title="bbox 1982 2700 3650 2781">
    <p class='ocr_par' dir='ltr' id='par_1_60' title="bbox 1982 2700 3650 2781">
     <span class='ocr_line' id='line_1_60' title="bbox 1982 2700 3650 2781; baseline 0.004 -25"><span class='ocrx_word' id='word_1_415' title='bbox 1982 2717 2090 2756; x_wconf 90' lang='lat' dir='ltr'>nes</span> <span class='ocrx_word' id='word_1_416' title='bbox 2113 2700 2272 2758; x_wconf 85' lang='lat' dir='ltr'>facit.</span> <span class='ocrx_word' id='word_1_417' title='bbox 2299 2703 2466 2759; x_wconf 90' lang='lat' dir='ltr'>Unde</span> <span class='ocrx_word' id='word_1_418' title='bbox 2487 2703 2666 2759; x_wconf 92' lang='lat' dir='ltr'>etiam</span> <span class='ocrx_word' id='word_1_419' title='bbox 2694 2704 3045 2762; x_wconf 88' lang='lat' dir='ltr'>sacerdotali</span> <span class='ocrx_word' id='word_1_420' title='bbox 3066 2707 3355 2777; x_wconf 89' lang='lat' dir='ltr'>dignitate</span> <span class='ocrx_word' id='word_1_421' title='bbox 3371 2707 3650 2781; x_wconf 90' lang='lat' dir='ltr'>quisquis</span> 
     </span>
    </p>
   </div>
   <div class='ocr_carea' id='block_1_61' title="bbox 1981 2790 3649 2869">
    <p class='ocr_par' dir='ltr' id='par_1_61' title="bbox 1981 2790 3649 2869">
     <span class='ocr_line' id='line_1_61' title="bbox 1981 2790 3649 2869; baseline 0.005 -25"><span class='ocrx_word' id='word_1_422' title='bbox 1981 2790 2076 2845; x_wconf 91' lang='lat' dir='ltr'>ille</span> <span class='ocrx_word' id='word_1_423' title='bbox 2103 2794 2214 2857; x_wconf 87' lang='lat' dir='ltr'>est,</span> <span class='ocrx_word' id='word_1_424' title='bbox 2248 2792 2481 2848; x_wconf 89' lang='lat' dir='ltr'>noverit</span> <span class='ocrx_word' id='word_1_425' title='bbox 2509 2808 2571 2848; x_wconf 90' lang='lat' dir='ltr'>se</span> <span class='ocrx_word' id='word_1_426' title='bbox 2600 2793 2936 2864; x_wconf 89' lang='lat' dir='ltr'>indignum,</span> <span class='ocrx_word' id='word_1_427' title='bbox 2965 2796 3136 2866; x_wconf 84' lang='lat' dir='ltr'>juxta</span> <span class='ocrx_word' id='word_1_428' title='bbox 3166 2795 3439 2867; x_wconf 89' lang='lat' dir='ltr'>ejusdem</span> <span class='ocrx_word' id='word_1_429' title='bbox 3472 2812 3649 2869; x_wconf 66' lang='lat' dir='ltr'>papas</span> 
     </span>
    </p>
   </div>
   <div class='ocr_carea' id='block_1_62' title="bbox 194 2869 3650 2969">
    <p class='ocr_par' dir='ltr' id='par_1_62' title="bbox 194 2869 3650 2969">
     <span class='ocr_line' id='line_1_62' title="bbox 194 2869 3650 2969; baseline 0.005 -44"><span class='ocrx_word' id='word_1_430' title='bbox 194 2873 446 2931; x_wconf 82' lang='lat' dir='ltr'>cessitas</span> <span class='ocrx_word' id='word_1_431' title='bbox 477 2870 788 2938; x_wconf 89' lang='lat' dir='ltr'>incumbit,</span> <span class='ocrx_word' id='word_1_432' title='bbox 823 2869 1138 2926; x_wconf 89' lang='lat' dir='ltr'>tribuenda</span> <span class='ocrx_word' id='word_1_433' title='bbox 1189 2877 1326 2927; x_wconf 91' lang='lat' dir='ltr'>sunt</span> <span class='ocrx_word' id='word_1_434' title='bbox 1375 2876 1594 2929; x_wconf 58' lang='lat' dir='ltr'>caetera</span> <span class='ocrx_word' id='word_1_435' title='bbox 1637 2887 1773 2942; x_wconf 72' lang='lat' dir='ltr'>quae</span> <span class='ocrx_word' id='word_1_436' title='bbox 1811 2871 1874 2926; x_wconf 86' lang='lat' dir='ltr'>in</span> <span class='ocrx_word' id='word_1_437' title='bbox 1915 2913 1956 2969; x_wconf 64' lang='grc' dir='ltr'>Ο</span> <span class='ocrx_word' id='word_1_438' title='bbox 1985 2881 2345 2937; x_wconf 90' lang='lat' dir='ltr'>sententiam</span> <span class='ocrx_word' id='word_1_439' title='bbox 2400 2883 2709 2939; x_wconf 88' lang='lat' dir='ltr'>scribentis</span> <span class='ocrx_word' id='word_1_440' title='bbox 2760 2885 2974 2941; x_wconf 84' lang='lat' dir='ltr'>Joanni</span> <span class='ocrx_word' id='word_1_441' title='bbox 3021 2885 3306 2959; x_wconf 88' lang='lat' dir='ltr'>episcopo</span> <span class='ocrx_word' id='word_1_442' title='bbox 3363 2887 3650 2943; x_wconf 74' lang='lat' dir='ltr'>Larissam</span> 
     </span>
    </p>
   </div>
   <div class='ocr_carea' id='block_1_63' title="bbox 195 2960 1875 3033">
    <p class='ocr_par' dir='ltr' id='par_1_63' title="bbox 195 2960 1875 3033">
     <span class='ocr_line' id='line_1_63' title="bbox 195 2960 1875 3033; baseline -0.002 -13"><span class='ocrx_word' id='word_1_443' title='bbox 195 2962 501 3020; x_wconf 85' lang='lat' dir='ltr'>thesauris</span> <span class='ocrx_word' id='word_1_444' title='bbox 527 2961 799 3016; x_wconf 80' lang='lat' dir='ltr'>Ecclesiae</span> <span class='ocrx_word' id='word_1_445' title='bbox 831 2960 1089 3032; x_wconf 87' lang='lat' dir='ltr'>reposita</span> <span class='ocrx_word' id='word_1_446' title='bbox 1117 2966 1273 3029; x_wconf 91' lang='lat' dir='ltr'>sunt,</span> <span class='ocrx_word' id='word_1_447' title='bbox 1304 2961 1524 3018; x_wconf 90' lang='lat' dir='ltr'>deinde</span> <span class='ocrx_word' id='word_1_448' title='bbox 1557 2961 1694 3033; x_wconf 91' lang='lat' dir='ltr'>ipsa</span> <span class='ocrx_word' id='word_1_449' title='bbox 1722 2976 1875 3016; x_wconf 89' lang='lat' dir='ltr'>vasa</span> 
     </span>
    </p>
   </div>
   <div class='ocr_carea' id='block_1_64' title="bbox 196 3050 1876 3124">
    <p class='ocr_par' dir='ltr' id='par_1_64' title="bbox 196 3050 1876 3124">
     <span class='ocr_line' id='line_1_64' title="bbox 196 3050 1876 3124; baseline -0.002 -14"><span class='ocrx_word' id='word_1_450' title='bbox 196 3052 502 3110; x_wconf 84' lang='lat' dir='ltr'>frustatim</span> <span class='ocrx_word' id='word_1_451' title='bbox 527 3050 992 3107; x_wconf 89' lang='lat' dir='ltr'>comminuenda</span> <span class='ocrx_word' id='word_1_452' title='bbox 1021 3054 1177 3117; x_wconf 90' lang='lat' dir='ltr'>sunt,</span> <span class='ocrx_word' id='word_1_453' title='bbox 1203 3055 1260 3106; x_wconf 92' lang='lat' dir='ltr'>et</span> <span class='ocrx_word' id='word_1_454' title='bbox 1288 3051 1351 3108; x_wconf 93' lang='lat' dir='ltr'>in</span> <span class='ocrx_word' id='word_1_455' title='bbox 1381 3050 1675 3124; x_wconf 89' lang='lat' dir='ltr'>operibus</span> <span class='ocrx_word' id='word_1_456' title='bbox 1705 3050 1876 3107; x_wconf 90' lang='lat' dir='ltr'>mise-</span> 
     </span>
    </p>
   </div>
   <div class='ocr_carea' id='block_1_65' title="bbox 195 3139 1876 3209">
    <p class='ocr_par' dir='ltr' id='par_1_65' title="bbox 195 3139 1876 3209">
     <span class='ocr_line' id='line_1_65' title="bbox 195 3139 1876 3209; baseline -0.002 -10"><span class='ocrx_word' id='word_1_457' title='bbox 195 3141 477 3199; x_wconf 73' lang='lat' dir='ltr'>ricordiae</span> <span class='ocrx_word' id='word_1_458' title='bbox 505 3139 830 3209; x_wconf 84' lang='lat' dir='ltr'>eroganda.</span> <span class='ocrx_word' id='word_1_459' title='bbox 884 3139 1045 3196; x_wconf 87' lang='lat' dir='ltr'>Unde</span> <span class='ocrx_word' id='word_1_460' title='bbox 1076 3139 1216 3196; x_wconf 89' lang='lat' dir='ltr'>dicit</span> <span class='ocrx_word' id='word_1_461' title='bbox 1240 3141 1600 3196; x_wconf 79' lang='lat' dir='ltr'>Ambrosius</span> <span class='ocrx_word' id='word_1_462' title='bbox 1634 3139 1695 3194; x_wconf 90' lang='lat' dir='ltr'>in</span> <span class='ocrx_word' id='word_1_463' title='bbox 1722 3139 1876 3196; x_wconf 88' lang='lat' dir='ltr'>libro</span> 
     </span>
    </p>
   </div>
   <div class='ocr_carea' id='block_1_66' title="bbox 197 3229 1878 3302">
    <p class='ocr_par' dir='ltr' id='par_1_66' title="bbox 197 3229 1878 3302">
     <span class='ocr_line' id='line_1_66' title="bbox 197 3229 1878 3302; baseline -0.002 -14"><span class='ocrx_word' id='word_1_464' title='bbox 197 3233 273 3288; x_wconf 89' lang='lat' dir='ltr'>de</span> <span class='ocrx_word' id='word_1_465' title='bbox 307 3229 534 3288; x_wconf 81' lang='lat' dir='ltr'>Ofﬁciis</span> <span class='ocrx_word' id='word_1_466' title='bbox 566 3229 683 3301; x_wconf 91' lang='lat' dir='ltr'>(lib.</span> <span class='ocrx_word' id='word_1_467' title='bbox 719 3246 777 3295; x_wconf 81' lang='grc' dir='ltr'>ιι,</span> <span class='ocrx_word' id='word_1_468' title='bbox 813 3245 943 3302; x_wconf 89' lang='lat' dir='ltr'>cap.</span> <span class='ocrx_word' id='word_1_469' title='bbox 979 3233 1046 3284; x_wconf 79' lang='lat'>28</span> <span class='ocrx_word' id='word_1_470' title='bbox 1080 3229 1190 3284; x_wconf 90' lang='lat' dir='ltr'>sub</span> <span class='ocrx_word' id='word_1_471' title='bbox 1231 3230 1415 3301; x_wconf 65' lang='lat' dir='ltr'>init):</span> <span class='ocrx_word' id='word_1_472' title='bbox 1466 3235 1746 3284; x_wconf 76' lang='lat' dir='ltr'>«Aurum</span> <span class='ocrx_word' id='word_1_473' title='bbox 1777 3232 1878 3286; x_wconf 90' lang='lat' dir='ltr'>Ec-</span> 
     </span>
    </p>
   </div>
   <div class='ocr_carea' id='block_1_67' title="bbox 199 3319 1874 3390">
    <p class='ocr_par' dir='ltr' id='par_1_67' title="bbox 199 3319 1874 3390">
     <span class='ocr_line' id='line_1_67' title="bbox 199 3319 1874 3390; baseline -0.002 -12"><span class='ocrx_word' id='word_1_474' title='bbox 199 3322 386 3378; x_wconf 89' lang='lat' dir='ltr'>clesia</span> <span class='ocrx_word' id='word_1_475' title='bbox 413 3320 618 3386; x_wconf 87' lang='lat' dir='ltr'>habet,</span> <span class='ocrx_word' id='word_1_476' title='bbox 645 3335 766 3375; x_wconf 92' lang='lat' dir='ltr'>non</span> <span class='ocrx_word' id='word_1_477' title='bbox 815 3325 876 3375; x_wconf 93' lang='lat' dir='ltr'>ut</span> <span class='ocrx_word' id='word_1_478' title='bbox 916 3324 1124 3387; x_wconf 90' lang='lat' dir='ltr'>servet,</span> <span class='ocrx_word' id='word_1_479' title='bbox 1158 3320 1262 3375; x_wconf 91' lang='lat' dir='ltr'>sed</span> <span class='ocrx_word' id='word_1_480' title='bbox 1294 3324 1357 3374; x_wconf 92' lang='lat' dir='ltr'>ut</span> <span class='ocrx_word' id='word_1_481' title='bbox 1387 3323 1616 3390; x_wconf 89' lang='lat' dir='ltr'>eroget,</span> <span class='ocrx_word' id='word_1_482' title='bbox 1650 3323 1706 3374; x_wconf 91' lang='lat' dir='ltr'>et</span> <span class='ocrx_word' id='word_1_483' title='bbox 1733 3319 1874 3375; x_wconf 88' lang='lat' dir='ltr'>sub-</span> 
     </span>
    </p>
   </div>
   <div class='ocr_carea' id='block_1_68' title="bbox 199 3409 1876 3483">
    <p class='ocr_par' dir='ltr' id='par_1_68' title="bbox 199 3409 1876 3483">
     <span class='ocr_line' id='line_1_68' title="bbox 199 3409 1876 3483; baseline -0.002 -14"><span class='ocrx_word' id='word_1_484' title='bbox 199 3413 403 3470; x_wconf 79' lang='lat' dir='ltr'>veniat</span> <span class='ocrx_word' id='word_1_485' title='bbox 446 3412 509 3466; x_wconf 92' lang='lat' dir='ltr'>in</span> <span class='ocrx_word' id='word_1_486' title='bbox 557 3410 1026 3467; x_wconf 88' lang='lat' dir='ltr'>necessitatibus.</span> <span class='ocrx_word' id='word_1_487' title='bbox 1076 3411 1230 3476; x_wconf 88' lang='lat' dir='ltr'>Quid</span> <span class='ocrx_word' id='word_1_488' title='bbox 1261 3427 1415 3483; x_wconf 91' lang='lat' dir='ltr'>opus</span> <span class='ocrx_word' id='word_1_489' title='bbox 1451 3416 1544 3466; x_wconf 90' lang='lat' dir='ltr'>est</span> <span class='ocrx_word' id='word_1_490' title='bbox 1573 3409 1876 3466; x_wconf 89' lang='lat' dir='ltr'>custodire</span> 
     </span>
    </p>
   </div>
   <div class='ocr_carea' id='block_1_69' title="bbox 203 3501 1878 3577">
    <p class='ocr_par' dir='ltr' id='par_1_69' title="bbox 203 3501 1878 3577">
     <span class='ocr_line' id='line_1_69' title="bbox 203 3501 1878 3577; baseline -0.002 -18"><span class='ocrx_word' id='word_1_491' title='bbox 203 3503 373 3577; x_wconf 90' lang='lat' dir='ltr'>quod</span> <span class='ocrx_word' id='word_1_492' title='bbox 411 3501 564 3558; x_wconf 89' lang='lat' dir='ltr'>nihil</span> <span class='ocrx_word' id='word_1_493' title='bbox 594 3501 880 3572; x_wconf 84' lang='lat' dir='ltr'>adjuvat?</span> <span class='ocrx_word' id='word_1_494' title='bbox 908 3507 997 3556; x_wconf 84' lang='lat' dir='ltr'>An</span> <span class='ocrx_word' id='word_1_495' title='bbox 1027 3501 1380 3571; x_wconf 86' lang='lat' dir='ltr'>ignoramus</span> <span class='ocrx_word' id='word_1_496' title='bbox 1411 3504 1713 3573; x_wconf 90' lang='lat' dir='ltr'>quantum</span> <span class='ocrx_word' id='word_1_497' title='bbox 1746 3501 1878 3556; x_wconf 89' lang='lat' dir='ltr'>auri</span> 
     </span>
    </p>
   </div>
   <div class='ocr_carea' id='block_1_70' title="bbox 205 3588 1876 3663">
    <p class='ocr_par' dir='ltr' id='par_1_70' title="bbox 205 3588 1876 3663">
     <span class='ocr_line' id='line_1_70' title="bbox 205 3588 1876 3663; baseline -0.003 -13"><span class='ocrx_word' id='word_1_498' title='bbox 205 3598 260 3650; x_wconf 90' lang='lat' dir='ltr'>et</span> <span class='ocrx_word' id='word_1_499' title='bbox 285 3592 521 3663; x_wconf 84' lang='lat' dir='ltr'>argenti</span> <span class='ocrx_word' id='word_1_500' title='bbox 552 3591 625 3646; x_wconf 92' lang='lat' dir='ltr'>de</span> <span class='ocrx_word' id='word_1_501' title='bbox 654 3591 874 3663; x_wconf 89' lang='lat' dir='ltr'>templo</span> <span class='ocrx_word' id='word_1_502' title='bbox 915 3590 1150 3646; x_wconf 90' lang='lat' dir='ltr'>Domini</span> <span class='ocrx_word' id='word_1_503' title='bbox 1193 3591 1416 3662; x_wconf 83' lang='lat' dir='ltr'>Assyrii</span> <span class='ocrx_word' id='word_1_504' title='bbox 1453 3588 1876 3645; x_wconf 83' lang='lat' dir='ltr'>sustulerunt?</span> 
     </span>
    </p>
   </div>
   <div class='ocr_carea' id='block_1_71' title="bbox 206 3679 1878 3752">
    <p class='ocr_par' dir='ltr' id='par_1_71' title="bbox 206 3679 1878 3752">
     <span class='ocr_line' id='line_1_71' title="bbox 206 3679 1878 3752; baseline -0.002 -13"><span class='ocrx_word' id='word_1_505' title='bbox 206 3688 416 3740; x_wconf 72' lang='lat' dir='ltr'>Nonne</span> <span class='ocrx_word' id='word_1_506' title='bbox 444 3681 658 3737; x_wconf 90' lang='lat' dir='ltr'>melius</span> <span class='ocrx_word' id='word_1_507' title='bbox 688 3681 905 3736; x_wconf 88' lang='lat' dir='ltr'>conﬂat</span> <span class='ocrx_word' id='word_1_508' title='bbox 937 3680 1219 3736; x_wconf 89' lang='lat' dir='ltr'>sacerdos</span> <span class='ocrx_word' id='word_1_509' title='bbox 1246 3684 1493 3752; x_wconf 89' lang='lat' dir='ltr'>propter</span> <span class='ocrx_word' id='word_1_510' title='bbox 1519 3679 1878 3735; x_wconf 88' lang='lat' dir='ltr'>alimoniam</span> 
     </span>
    </p>
   </div>
   <div class='ocr_carea' id='block_1_72' title="bbox 206 3767 1878 3848">
    <p class='ocr_par' dir='ltr' id='par_1_72' title="bbox 206 3767 1878 3848">
     <span class='ocr_line' id='line_1_72' title="bbox 206 3767 1878 3848; baseline -0.002 -18"><span class='ocrx_word' id='word_1_511' title='bbox 206 3788 576 3848; x_wconf 88' lang='lat' dir='ltr'>pauperum,</span> <span class='ocrx_word' id='word_1_512' title='bbox 593 3770 642 3827; x_wconf 90' lang='lat' dir='ltr'>si</span> <span class='ocrx_word' id='word_1_513' title='bbox 667 3770 782 3828; x_wconf 90' lang='lat' dir='ltr'>alia</span> <span class='ocrx_word' id='word_1_514' title='bbox 807 3769 1080 3826; x_wconf 89' lang='lat' dir='ltr'>subsidia</span> <span class='ocrx_word' id='word_1_515' title='bbox 1099 3769 1314 3836; x_wconf 90' lang='lat' dir='ltr'>desint,</span> <span class='ocrx_word' id='word_1_516' title='bbox 1339 3786 1529 3841; x_wconf 90' lang='lat' dir='ltr'>quam</span> <span class='ocrx_word' id='word_1_517' title='bbox 1551 3767 1878 3840; x_wconf 89' lang='lat' dir='ltr'>sacrilegus</span> 
     </span>
    </p>
   </div>
   <div class='ocr_carea' id='block_1_73' title="bbox 207 3858 1874 3932">
    <p class='ocr_par' dir='ltr' id='par_1_73' title="bbox 207 3858 1874 3932">
     <span class='ocr_line' id='line_1_73' title="bbox 207 3858 1874 3932; baseline -0.003 -13"><span class='ocrx_word' id='word_1_518' title='bbox 207 3862 596 3927; x_wconf 82' lang='lat' dir='ltr'>contaminet,</span> <span class='ocrx_word' id='word_1_519' title='bbox 629 3864 684 3916; x_wconf 92' lang='lat' dir='ltr'>et</span> <span class='ocrx_word' id='word_1_520' title='bbox 712 3864 975 3932; x_wconf 90' lang='lat' dir='ltr'>asportet</span> <span class='ocrx_word' id='word_1_521' title='bbox 1017 3858 1310 3914; x_wconf 84' lang='lat' dir='ltr'>hostis?»</span> <span class='ocrx_word' id='word_1_522' title='bbox 1359 3861 1426 3914; x_wconf 89' lang='lat' dir='ltr'>Et</span> <span class='ocrx_word' id='word_1_523' title='bbox 1454 3862 1596 3930; x_wconf 89' lang='lat' dir='ltr'>post</span> <span class='ocrx_word' id='word_1_524' title='bbox 1638 3872 1874 3931; x_wconf 89' lang='lat' dir='ltr'>pauca:</span> 
     </span>
    </p>
   </div>
   <div class='ocr_carea' id='block_1_74' title="bbox 214 3948 1882 4022">
    <p class='ocr_par' dir='ltr' id='par_1_74' title="bbox 214 3948 1882 4022">
     <span class='ocr_line' id='line_1_74' title="bbox 214 3948 1882 4022; baseline 0.002 -19"><span class='ocrx_word' id='word_1_525' title='bbox 214 3975 245 4003; x_wconf 70' lang='grc' dir='ltr'>ς(</span> <span class='ocrx_word' id='word_1_526' title='bbox 277 3950 552 4022; x_wconf 71' lang='lat' dir='ltr'>Nunquid</span> <span class='ocrx_word' id='word_1_527' title='bbox 582 3950 806 4007; x_wconf 89' lang='lat' dir='ltr'>dictum</span> <span class='ocrx_word' id='word_1_528' title='bbox 835 3955 924 4007; x_wconf 89' lang='lat' dir='ltr'>est</span> <span class='ocrx_word' id='word_1_529' title='bbox 954 3953 1163 4005; x_wconf 87' lang='lat' dir='ltr'>sancto</span> <span class='ocrx_word' id='word_1_530' title='bbox 1194 3948 1540 4004; x_wconf 87' lang='lat' dir='ltr'>Laurentio:</span> <span class='ocrx_word' id='word_1_531' title='bbox 1578 3971 1606 3998; x_wconf 89' lang='grc'>‹‹</span> <span class='ocrx_word' id='word_1_532' title='bbox 1625 3951 1753 4004; x_wconf 90' lang='lat' dir='ltr'>Non</span> <span class='ocrx_word' id='word_1_533' title='bbox 1781 3949 1882 4006; x_wconf 86' lang='lat' dir='ltr'>de—</span> 
     </span>
    </p>
   </div>
   <div class='ocr_carea' id='block_1_75' title="bbox 214 4037 1880 4108">
    <p class='ocr_par' dir='ltr' id='par_1_75' title="bbox 214 4037 1880 4108">
     <span class='ocr_line' id='line_1_75' title="bbox 214 4037 1880 4108; baseline 0.002 -16"><span class='ocrx_word' id='word_1_534' title='bbox 214 4065 244 4092; x_wconf 72' lang='grc' dir='ltr'><strong>ε(</strong></span> <span class='ocrx_word' id='word_1_535' title='bbox 278 4038 469 4097; x_wconf 89' lang='lat' dir='ltr'>buisti</span> <span class='ocrx_word' id='word_1_536' title='bbox 511 4054 752 4108; x_wconf 88' lang='lat' dir='ltr'>erogare</span> <span class='ocrx_word' id='word_1_537' title='bbox 805 4040 1117 4095; x_wconf 89' lang='lat' dir='ltr'>thesauros</span> <span class='ocrx_word' id='word_1_538' title='bbox 1161 4037 1456 4108; x_wconf 67' lang='lat' dir='ltr'>Ecclesiae,</span> <span class='ocrx_word' id='word_1_539' title='bbox 1499 4053 1645 4093; x_wconf 89' lang='lat' dir='ltr'>vasa</span> <span class='ocrx_word' id='word_1_540' title='bbox 1687 4054 1880 4095; x_wconf 84' lang='lat' dir='ltr'>sacra-</span> 
     </span>
    </p>
   </div>
   <div class='ocr_carea' id='block_1_76' title="bbox 212 4124 1880 4199">
    <p class='ocr_par' dir='ltr' id='par_1_76' title="bbox 212 4124 1880 4199">
     <span class='ocr_line' id='line_1_76' title="bbox 212 4124 1880 4199; baseline 0.001 -16"><span class='ocrx_word' id='word_1_541' title='bbox 212 4153 242 4183; x_wconf 75' lang='grc' dir='ltr'>(ί</span> <span class='ocrx_word' id='word_1_542' title='bbox 268 4133 617 4187; x_wconf 88' lang='lat' dir='ltr'>mentorum</span> <span class='ocrx_word' id='word_1_543' title='bbox 643 4127 896 4184; x_wconf 83' lang='lat' dir='ltr'>vendere</span> <span class='ocrx_word' id='word_1_544' title='bbox 916 4128 944 4184; x_wconf 81' lang='lat' dir='ltr'><strong><em>‘I</em></strong></span> <span class='ocrx_word' id='word_1_545' title='bbox 965 4150 990 4176; x_wconf 87' lang='grc'><strong>››</strong></span> <span class='ocrx_word' id='word_1_546' title='bbox 1036 4129 1200 4199; x_wconf 93' lang='lat' dir='ltr'>Opus</span> <span class='ocrx_word' id='word_1_547' title='bbox 1225 4131 1315 4182; x_wconf 90' lang='lat' dir='ltr'>est</span> <span class='ocrx_word' id='word_1_548' title='bbox 1349 4131 1415 4182; x_wconf 92' lang='lat' dir='ltr'>ut</span> <span class='ocrx_word' id='word_1_549' title='bbox 1440 4125 1578 4198; x_wconf 89' lang='lat' dir='ltr'>quis</span> <span class='ocrx_word' id='word_1_550' title='bbox 1608 4124 1726 4182; x_wconf 89' lang='lat' dir='ltr'>ﬁde</span> <span class='ocrx_word' id='word_1_551' title='bbox 1763 4127 1880 4184; x_wconf 90' lang='lat' dir='ltr'>sin-</span> 
     </span>
    </p>
   </div>
   <div class='ocr_carea' id='block_1_77' title="bbox 211 4214 1877 4290">
    <p class='ocr_par' dir='ltr' id='par_1_77' title="bbox 211 4214 1877 4290">
     <span class='ocr_line' id='line_1_77' title="bbox 211 4214 1877 4290; baseline -0.005 -11"><span class='ocrx_word' id='word_1_552' title='bbox 211 4237 351 4279; x_wconf 87' lang='lat' dir='ltr'>cera</span> <span class='ocrx_word' id='word_1_553' title='bbox 377 4222 435 4274; x_wconf 89' lang='lat' dir='ltr'>et</span> <span class='ocrx_word' id='word_1_554' title='bbox 464 4217 790 4290; x_wconf 88' lang='lat' dir='ltr'>perspicaci</span> <span class='ocrx_word' id='word_1_555' title='bbox 822 4216 1198 4288; x_wconf 86' lang='lat' dir='ltr'>providentia</span> <span class='ocrx_word' id='word_1_556' title='bbox 1224 4231 1448 4271; x_wconf 91' lang='lat' dir='ltr'>munus</span> <span class='ocrx_word' id='word_1_557' title='bbox 1479 4215 1593 4270; x_wconf 90' lang='lat' dir='ltr'>hoc</span> <span class='ocrx_word' id='word_1_558' title='bbox 1612 4214 1877 4286; x_wconf 87' lang='lat' dir='ltr'>impleat.</span> 
     </span>
    </p>
   </div>
   <div class='ocr_carea' id='block_1_78' title="bbox 214 4302 1884 4376">
    <p class='ocr_par' dir='ltr' id='par_1_78' title="bbox 214 4302 1884 4376">
     <span class='ocr_line' id='line_1_78' title="bbox 214 4302 1884 4376; baseline -0.004 -11"><span class='ocrx_word' id='word_1_559' title='bbox 214 4309 370 4364; x_wconf 86' lang='lat' dir='ltr'>Sane</span> <span class='ocrx_word' id='word_1_560' title='bbox 402 4304 452 4360; x_wconf 88' lang='lat' dir='ltr'>si</span> <span class='ocrx_word' id='word_1_561' title='bbox 477 4305 540 4360; x_wconf 89' lang='lat' dir='ltr'>in</span> <span class='ocrx_word' id='word_1_562' title='bbox 558 4320 734 4360; x_wconf 90' lang='lat' dir='ltr'>suum</span> <span class='ocrx_word' id='word_1_563' title='bbox 763 4303 980 4376; x_wconf 90' lang='lat' dir='ltr'>aliquis</span> <span class='ocrx_word' id='word_1_564' title='bbox 1009 4304 1234 4361; x_wconf 87' lang='lat' dir='ltr'>derivet</span> <span class='ocrx_word' id='word_1_565' title='bbox 1257 4302 1758 4371; x_wconf 89' lang='lat' dir='ltr'>emolumentum,</span> <span class='ocrx_word' id='word_1_566' title='bbox 1779 4303 1884 4360; x_wconf 90' lang='lat' dir='ltr'>cri-</span> 
     </span>
    </p>
   </div>
   <div class='ocr_carea' id='block_1_79' title="bbox 211 4391 1885 4466">
    <p class='ocr_par' dir='ltr' id='par_1_79' title="bbox 211 4391 1885 4466">
     <span class='ocr_line' id='line_1_79' title="bbox 211 4391 1885 4466; baseline -0.002 -15"><span class='ocrx_word' id='word_1_567' title='bbox 211 4410 353 4451; x_wconf 88' lang='lat' dir='ltr'>men</span> <span class='ocrx_word' id='word_1_568' title='bbox 383 4397 504 4460; x_wconf 88' lang='lat' dir='ltr'>est;</span> <span class='ocrx_word' id='word_1_569' title='bbox 557 4392 648 4449; x_wconf 91' lang='lat' dir='ltr'>sin</span> <span class='ocrx_word' id='word_1_570' title='bbox 678 4409 817 4450; x_wconf 88' lang='lat' dir='ltr'>vero</span> <span class='ocrx_word' id='word_1_571' title='bbox 847 4393 1100 4466; x_wconf 88' lang='lat' dir='ltr'>pauperi</span> <span class='ocrx_word' id='word_1_572' title='bbox 1143 4397 1366 4461; x_wconf 84' lang='lat' dir='ltr'>eroget,</span> <span class='ocrx_word' id='word_1_573' title='bbox 1399 4391 1706 4464; x_wconf 89' lang='lat' dir='ltr'>captivum</span> <span class='ocrx_word' id='word_1_574' title='bbox 1733 4392 1885 4448; x_wconf 36' lang='lat' dir='ltr'>redis</span> 
     </span>
    </p>
   </div>
   <div class='ocr_carea' id='block_1_80' title="bbox 212 4480 1880 4554">
    <p class='ocr_par' dir='ltr' id='par_1_80' title="bbox 212 4480 1880 4554">
     <span class='ocr_line' id='line_1_80' title="bbox 212 4480 1880 4554; baseline 0.001 -16"><span class='ocrx_word' id='word_1_575' title='bbox 212 4488 364 4554; x_wconf 89' lang='lat' dir='ltr'>mat,</span> <span class='ocrx_word' id='word_1_576' title='bbox 381 4481 712 4538; x_wconf 90' lang='lat' dir='ltr'>humandis</span> <span class='ocrx_word' id='word_1_577' title='bbox 730 4482 998 4538; x_wconf 88' lang='lat' dir='ltr'>ﬁdelium</span> <span class='ocrx_word' id='word_1_578' title='bbox 1020 4481 1284 4554; x_wconf 89' lang='lat' dir='ltr'>reliquiis</span> <span class='ocrx_word' id='word_1_579' title='bbox 1312 4481 1507 4554; x_wconf 88' lang='lat' dir='ltr'>spatia</span> <span class='ocrx_word' id='word_1_580' title='bbox 1537 4480 1880 4553; x_wconf 84' lang='lat' dir='ltr'>ampliﬁcet,</span> 
     </span>
    </p>
   </div>
   <div class='ocr_carea' id='block_1_81' title="bbox 214 4570 1886 4641">
    <p class='ocr_par' dir='ltr' id='par_1_81' title="bbox 214 4570 1886 4641">
     <span class='ocr_line' id='line_1_81' title="bbox 214 4570 1886 4641; baseline -0.004 -12"><span class='ocrx_word' id='word_1_581' title='bbox 214 4572 633 4629; x_wconf 89' lang='lat' dir='ltr'>misericordia</span> <span class='ocrx_word' id='word_1_582' title='bbox 663 4577 766 4628; x_wconf 88' lang='lat' dir='ltr'>est.</span> <span class='ocrx_word' id='word_1_583' title='bbox 801 4575 862 4628; x_wconf 92' lang='lat' dir='ltr'>ln</span> <span class='ocrx_word' id='word_1_584' title='bbox 893 4571 986 4628; x_wconf 92' lang='lat' dir='ltr'>his</span> <span class='ocrx_word' id='word_1_585' title='bbox 1020 4571 1210 4626; x_wconf 89' lang='lat' dir='ltr'>tribus</span> <span class='ocrx_word' id='word_1_586' title='bbox 1253 4570 1574 4641; x_wconf 89' lang='lat' dir='ltr'>generibus</span> <span class='ocrx_word' id='word_1_587' title='bbox 1613 4586 1758 4626; x_wconf 85' lang='lat' dir='ltr'>vasa</span> <span class='ocrx_word' id='word_1_588' title='bbox 1786 4575 1886 4626; x_wconf 85' lang='lat' dir='ltr'>Ec-</span> 
     </span>
    </p>
   </div>
   <div class='ocr_carea' id='block_1_82' title="bbox 216 4660 1884 4731">
    <p class='ocr_par' dir='ltr' id='par_1_82' title="bbox 216 4660 1884 4731">
     <span class='ocr_line' id='line_1_82' title="bbox 216 4660 1884 4731; baseline -0.001 -11"><span class='ocrx_word' id='word_1_589' title='bbox 216 4663 415 4720; x_wconf 84' lang='lat' dir='ltr'>clesiae</span> <span class='ocrx_word' id='word_1_590' title='bbox 441 4662 620 4717; x_wconf 89' lang='lat' dir='ltr'>etiam</span> <span class='ocrx_word' id='word_1_591' title='bbox 649 4661 876 4717; x_wconf 89' lang='lat' dir='ltr'>initiata</span> <span class='ocrx_word' id='word_1_592' title='bbox 906 4661 1298 4731; x_wconf 87' lang='lat' dir='ltr'>confringere,</span> <span class='ocrx_word' id='word_1_593' title='bbox 1324 4661 1606 4727; x_wconf 88' lang='lat' dir='ltr'>conﬂare,</span> <span class='ocrx_word' id='word_1_594' title='bbox 1627 4660 1884 4718; x_wconf 89' lang='lat' dir='ltr'>vendere</span> 
     </span>
    </p>
   </div>
   <div class='ocr_carea' id='block_1_83' title="bbox 211 4750 1885 4824">
    <p class='ocr_par' dir='ltr' id='par_1_83' title="bbox 211 4750 1885 4824">
     <span class='ocr_line' id='line_1_83' title="bbox 211 4750 1885 4824; baseline -0.002 -14"><span class='ocrx_word' id='word_1_595' title='bbox 211 4752 372 4810; x_wconf 88' lang='lat' dir='ltr'>licet.</span> <span class='ocrx_word' id='word_1_596' title='bbox 397 4775 424 4802; x_wconf 80' lang='lat' dir='ltr'><em>n</em></span> <span class='ocrx_word' id='word_1_597' title='bbox 457 4751 712 4808; x_wconf 84' lang='lat' dir='ltr'>Breviter</span> <span class='ocrx_word' id='word_1_598' title='bbox 741 4751 887 4808; x_wconf 91' lang='lat' dir='ltr'>mihi</span> <span class='ocrx_word' id='word_1_599' title='bbox 912 4750 1253 4823; x_wconf 82' lang='lat' dir='ltr'>depinxisse</span> <span class='ocrx_word' id='word_1_600' title='bbox 1281 4750 1510 4808; x_wconf 88' lang='lat' dir='ltr'>videtur</span> <span class='ocrx_word' id='word_1_601' title='bbox 1529 4750 1675 4824; x_wconf 89' lang='lat' dir='ltr'>quid</span> <span class='ocrx_word' id='word_1_602' title='bbox 1706 4766 1885 4821; x_wconf 90' lang='lat' dir='ltr'>agen-</span> 
     </span>
    </p>
   </div>
   <div class='ocr_carea' id='block_1_84' title="bbox 214 4839 1887 4911">
    <p class='ocr_par' dir='ltr' id='par_1_84' title="bbox 214 4839 1887 4911">
     <span class='ocr_line' id='line_1_84' title="bbox 214 4839 1887 4911; baseline -0.001 -12"><span class='ocrx_word' id='word_1_603' title='bbox 214 4843 370 4900; x_wconf 91' lang='lat' dir='ltr'>dum</span> <span class='ocrx_word' id='word_1_604' title='bbox 398 4842 475 4898; x_wconf 91' lang='lat' dir='ltr'>sit</span> <span class='ocrx_word' id='word_1_605' title='bbox 502 4840 580 4897; x_wconf 91' lang='lat' dir='ltr'>de</span> <span class='ocrx_word' id='word_1_606' title='bbox 606 4841 785 4897; x_wconf 88' lang='lat' dir='ltr'>rebus</span> <span class='ocrx_word' id='word_1_607' title='bbox 817 4840 1107 4898; x_wconf 71' lang='lat' dir='ltr'>Ecclesiaa.</span> <span class='ocrx_word' id='word_1_608' title='bbox 1156 4840 1269 4897; x_wconf 89' lang='lat' dir='ltr'>Sed</span> <span class='ocrx_word' id='word_1_609' title='bbox 1315 4856 1510 4911; x_wconf 89' lang='lat' dir='ltr'>neque</span> <span class='ocrx_word' id='word_1_610' title='bbox 1542 4839 1767 4897; x_wconf 89' lang='lat' dir='ltr'>licitum</span> <span class='ocrx_word' id='word_1_611' title='bbox 1798 4844 1887 4897; x_wconf 88' lang='lat' dir='ltr'>est</span> 
     </span>
    </p>
   </div>
   <div class='ocr_carea' id='block_1_85' title="bbox 217 4929 1886 4998">
    <p class='ocr_par' dir='ltr' id='par_1_85' title="bbox 217 4929 1886 4998">
     <span class='ocr_line' id='line_1_85' title="bbox 217 4929 1886 4998; baseline -0.002 -10"><span class='ocrx_word' id='word_1_612' title='bbox 217 4932 293 4988; x_wconf 90' lang='lat' dir='ltr'>de</span> <span class='ocrx_word' id='word_1_613' title='bbox 328 4931 604 4986; x_wconf 64' lang='lat' dir='ltr'>Ecclesiae</span> <span class='ocrx_word' id='word_1_614' title='bbox 647 4931 828 4987; x_wconf 88' lang='lat' dir='ltr'>tutela</span> <span class='ocrx_word' id='word_1_615' title='bbox 873 4947 1026 4987; x_wconf 88' lang='lat' dir='ltr'>vasa</span> <span class='ocrx_word' id='word_1_616' title='bbox 1073 4946 1246 4986; x_wconf 87' lang='lat' dir='ltr'>sacra</span> <span class='ocrx_word' id='word_1_617' title='bbox 1290 4929 1658 4998; x_wconf 90' lang='lat' dir='ltr'>abstrahere,</span> <span class='ocrx_word' id='word_1_618' title='bbox 1691 4934 1747 4985; x_wconf 91' lang='lat' dir='ltr'>et</span> <span class='ocrx_word' id='word_1_619' title='bbox 1785 4930 1886 4985; x_wconf 87' lang='lat' dir='ltr'>ali-</span> 
     </span>
    </p>
   </div>
   <div class='ocr_carea' id='block_1_86' title="bbox 217 5016 1889 5094">
    <p class='ocr_par' dir='ltr' id='par_1_86' title="bbox 217 5016 1889 5094">
     <span class='ocr_line' id='line_1_86' title="bbox 217 5016 1889 5094; baseline -0.001 -18"><span class='ocrx_word' id='word_1_620' title='bbox 217 5036 488 5094; x_wconf 87' lang='lat' dir='ltr'>quorum</span> <span class='ocrx_word' id='word_1_621' title='bbox 540 5018 822 5075; x_wconf 89' lang='lat' dir='ltr'>manibus</span> <span class='ocrx_word' id='word_1_622' title='bbox 868 5018 1000 5075; x_wconf 92' lang='lat' dir='ltr'>loco</span> <span class='ocrx_word' id='word_1_623' title='bbox 1050 5016 1378 5075; x_wconf 87' lang='lat' dir='ltr'>vadimonii</span> <span class='ocrx_word' id='word_1_624' title='bbox 1433 5017 1689 5087; x_wconf 90' lang='lat' dir='ltr'>tradere,</span> <span class='ocrx_word' id='word_1_625' title='bbox 1737 5017 1889 5075; x_wconf 90' lang='lat' dir='ltr'>sicut</span> 
     </span>
    </p>
   </div>
   <div class='ocr_carea' id='block_1_87' title="bbox 216 5106 1886 5181">
    <p class='ocr_par' dir='ltr' id='par_1_87' title="bbox 216 5106 1886 5181">
     <span class='ocr_line' id='line_1_87' title="bbox 216 5106 1886 5181; baseline 0 -17"><span class='ocrx_word' id='word_1_626' title='bbox 216 5109 385 5166; x_wconf 89' lang='lat' dir='ltr'>idem</span> <span class='ocrx_word' id='word_1_627' title='bbox 435 5122 680 5181; x_wconf 87' lang='lat' dir='ltr'>quoque</span> <span class='ocrx_word' id='word_1_628' title='bbox 735 5110 978 5165; x_wconf 82' lang='lat' dir='ltr'>testatur</span> <span class='ocrx_word' id='word_1_629' title='bbox 1023 5107 1252 5178; x_wconf 81' lang='lat' dir='ltr'>(Ibid.):</span> <span class='ocrx_word' id='word_1_630' title='bbox 1314 5107 1530 5180; x_wconf 87' lang='lat' dir='ltr'>«Opus</span> <span class='ocrx_word' id='word_1_631' title='bbox 1573 5110 1662 5162; x_wconf 88' lang='lat' dir='ltr'>est</span> <span class='ocrx_word' id='word_1_632' title='bbox 1703 5110 1769 5162; x_wconf 91' lang='lat' dir='ltr'>ut</span> <span class='ocrx_word' id='word_1_633' title='bbox 1812 5106 1886 5164; x_wconf 91' lang='lat' dir='ltr'>de</span> 
     </span>
    </p>
   </div>
   <div class='ocr_carea' id='block_1_88' title="bbox 221 5195 1888 5271">
    <p class='ocr_par' dir='ltr' id='par_1_88' title="bbox 221 5195 1888 5271">
     <span class='ocr_line' id='line_1_88' title="bbox 221 5195 1888 5271; baseline -0.001 -16"><span class='ocrx_word' id='word_1_634' title='bbox 221 5197 495 5256; x_wconf 82' lang='lat' dir='ltr'>Ecclesia</span> <span class='ocrx_word' id='word_1_635' title='bbox 542 5197 783 5271; x_wconf 88' lang='lat' dir='ltr'>mystici</span> <span class='ocrx_word' id='word_1_636' title='bbox 824 5196 1034 5271; x_wconf 91' lang='lat' dir='ltr'>populi</span> <span class='ocrx_word' id='word_1_637' title='bbox 1075 5196 1270 5255; x_wconf 87' lang='lat' dir='ltr'>forma</span> <span class='ocrx_word' id='word_1_638' title='bbox 1312 5211 1436 5254; x_wconf 92' lang='lat' dir='ltr'>non</span> <span class='ocrx_word' id='word_1_639' title='bbox 1479 5200 1670 5264; x_wconf 80' lang='lat' dir='ltr'>exeat,</span> <span class='ocrx_word' id='word_1_640' title='bbox 1702 5211 1779 5252; x_wconf 90' lang='lat' dir='ltr'>ne</span> <span class='ocrx_word' id='word_1_641' title='bbox 1807 5195 1888 5254; x_wconf 91' lang='lat' dir='ltr'>ad</span> 
     </span>
    </p>
   </div>
   <div class='ocr_carea' id='block_1_89' title="bbox 219 5285 1889 5345">
    <p class='ocr_par' dir='ltr' id='par_1_89' title="bbox 219 5285 1889 5345">
     <span class='ocr_line' id='line_1_89' title="bbox 219 5285 1889 5345; baseline -0.001 0"><span class='ocrx_word' id='word_1_642' title='bbox 219 5305 372 5345; x_wconf 86' lang='lat' dir='ltr'>usus</span> <span class='ocrx_word' id='word_1_643' title='bbox 411 5287 674 5345; x_wconf 79' lang='lat' dir='ltr'>nefarios</span> <span class='ocrx_word' id='word_1_644' title='bbox 705 5287 857 5345; x_wconf 87' lang='lat' dir='ltr'>sacri</span> <span class='ocrx_word' id='word_1_645' title='bbox 885 5287 1084 5344; x_wconf 87' lang='lat' dir='ltr'>calicis</span> <span class='ocrx_word' id='word_1_646' title='bbox 1132 5287 1524 5344; x_wconf 88' lang='lat' dir='ltr'>ministerium</span> <span class='ocrx_word' id='word_1_647' title='bbox 1575 5285 1889 5344; x_wconf 85' lang='lat' dir='ltr'>transfera-</span> 
     </span>
    </p>
   </div>
   <div class='ocr_carea' id='block_1_90' title="bbox 219 5376 1889 5451">
    <p class='ocr_par' dir='ltr' id='par_1_90' title="bbox 219 5376 1889 5451">
     <span class='ocr_line' id='line_1_90' title="bbox 219 5376 1889 5451; baseline -0.001 -16"><span class='ocrx_word' id='word_1_648' title='bbox 219 5384 338 5436; x_wconf 90' lang='lat' dir='ltr'>tur.</span> <span class='ocrx_word' id='word_1_649' title='bbox 389 5379 528 5435; x_wconf 87' lang='lat' dir='ltr'>ldeo</span> <span class='ocrx_word' id='word_1_650' title='bbox 576 5379 732 5434; x_wconf 90' lang='lat' dir='ltr'>intra</span> <span class='ocrx_word' id='word_1_651' title='bbox 775 5377 1097 5434; x_wconf 90' lang='lat' dir='ltr'>Ecclesiam</span> <span class='ocrx_word' id='word_1_652' title='bbox 1144 5378 1409 5451; x_wconf 91' lang='lat' dir='ltr'>primum</span> <span class='ocrx_word' id='word_1_653' title='bbox 1461 5376 1712 5451; x_wconf 65' lang='lat' dir='ltr'>quaesita</span> <span class='ocrx_word' id='word_1_654' title='bbox 1752 5380 1889 5434; x_wconf 86' lang='lat' dir='ltr'>sunt</span> 
     </span>
    </p>
   </div>
   <div class='ocr_carea' id='block_1_91' title="bbox 219 5465 1885 5542">
    <p class='ocr_par' dir='ltr' id='par_1_91' title="bbox 219 5465 1885 5542">
     <span class='ocr_line' id='line_1_91' title="bbox 219 5465 1885 5542; baseline -0.002 -16"><span class='ocrx_word' id='word_1_655' title='bbox 219 5485 375 5526; x_wconf 81' lang='lat' dir='ltr'>vasa</span> <span class='ocrx_word' id='word_1_656' title='bbox 403 5485 540 5542; x_wconf 67' lang='lat' dir='ltr'>quae</span> <span class='ocrx_word' id='word_1_657' title='bbox 567 5468 793 5524; x_wconf 88' lang='lat' dir='ltr'>initiata</span> <span class='ocrx_word' id='word_1_658' title='bbox 823 5484 946 5524; x_wconf 90' lang='lat' dir='ltr'>non</span> <span class='ocrx_word' id='word_1_659' title='bbox 973 5471 1202 5536; x_wconf 87' lang='lat' dir='ltr'>essent;</span> <span class='ocrx_word' id='word_1_660' title='bbox 1248 5467 1463 5523; x_wconf 90' lang='lat' dir='ltr'>deinde</span> <span class='ocrx_word' id='word_1_661' title='bbox 1496 5465 1885 5537; x_wconf 89' lang='lat' dir='ltr'>comminuta,</span> 
     </span>
    </p>
   </div>
   <div class='ocr_carea' id='block_1_92' title="bbox 220 5554 1888 5632">
    <p class='ocr_par' dir='ltr' id='par_1_92' title="bbox 220 5554 1888 5632">
     <span class='ocr_line' id='line_1_92' title="bbox 220 5554 1888 5632; baseline -0.002 -16"><span class='ocrx_word' id='word_1_662' title='bbox 220 5563 535 5632; x_wconf 89' lang='lat' dir='ltr'>postremo</span> <span class='ocrx_word' id='word_1_663' title='bbox 556 5557 834 5627; x_wconf 86' lang='lat' dir='ltr'>conﬂata,</span> <span class='ocrx_word' id='word_1_664' title='bbox 847 5571 956 5630; x_wconf 91' lang='lat' dir='ltr'>per</span> <span class='ocrx_word' id='word_1_665' title='bbox 976 5556 1238 5615; x_wconf 88' lang='lat' dir='ltr'>minutas</span> <span class='ocrx_word' id='word_1_666' title='bbox 1257 5555 1632 5628; x_wconf 86' lang='lat' dir='ltr'>erogationes</span> <span class='ocrx_word' id='word_1_667' title='bbox 1651 5554 1888 5627; x_wconf 87' lang='lat' dir='ltr'>dispen-</span> 
     </span>
    </p>
   </div>
   <div class='ocr_carea' id='block_1_93' title="bbox 1984 2967 3653 3040">
    <p class='ocr_par' dir='ltr' id='par_1_93' title="bbox 1984 2967 3653 3040">
     <span class='ocr_line' id='line_1_93' title="bbox 1984 2967 3653 3040; baseline 0.006 -19"><span class='ocrx_word' id='word_1_668' title='bbox 1984 2967 2110 3039; x_wconf 93' lang='lat' dir='ltr'>(lib.</span> <span class='ocrx_word' id='word_1_669' title='bbox 2144 2985 2202 3036; x_wconf 82' lang='grc' dir='ltr'>ιι,</span> <span class='ocrx_word' id='word_1_670' title='bbox 2239 2972 2410 3039; x_wconf 81' lang='lat' dir='ltr'>epist.</span> <span class='ocrx_word' id='word_1_671' title='bbox 2453 2978 2506 3039; x_wconf 87' lang='grc'>7,</span> <span class='ocrx_word' id='word_1_672' title='bbox 2542 2975 2678 3027; x_wconf 88' lang='lat' dir='ltr'>ante</span> <span class='ocrx_word' id='word_1_673' title='bbox 2707 2970 2872 3040; x_wconf 89' lang='lat' dir='ltr'>ﬁn.):</span> <span class='ocrx_word' id='word_1_674' title='bbox 2926 2976 3254 3031; x_wconf 78' lang='lat' dir='ltr'>«Consona</span> <span class='ocrx_word' id='word_1_675' title='bbox 3299 2975 3521 3031; x_wconf 90' lang='lat' dir='ltr'>sanctis</span> <span class='ocrx_word' id='word_1_676' title='bbox 3549 2978 3653 3031; x_wconf 50' lang='lat' dir='ltr'>Pa.</span> 
     </span>
    </p>
   </div>
   <div class='ocr_carea' id='block_1_94' title="bbox 1984 3056 3653 3135">
    <p class='ocr_par' dir='ltr' id='par_1_94' title="bbox 1984 3056 3653 3135">
     <span class='ocr_line' id='line_1_94' title="bbox 1984 3056 3653 3135; baseline 0.005 -23"><span class='ocrx_word' id='word_1_677' title='bbox 1984 3056 2176 3112; x_wconf 90' lang='lat' dir='ltr'>tribus</span> <span class='ocrx_word' id='word_1_678' title='bbox 2205 3057 2560 3115; x_wconf 85' lang='lat' dir='ltr'>difﬁnitione</span> <span class='ocrx_word' id='word_1_679' title='bbox 2608 3061 2933 3133; x_wconf 88' lang='lat' dir='ltr'>sancimus,</span> <span class='ocrx_word' id='word_1_680' title='bbox 2966 3069 3031 3118; x_wconf 89' lang='lat' dir='ltr'>ut</span> <span class='ocrx_word' id='word_1_681' title='bbox 3067 3063 3172 3135; x_wconf 93' lang='lat' dir='ltr'>qui</span> <span class='ocrx_word' id='word_1_682' title='bbox 3202 3065 3424 3121; x_wconf 88' lang='lat' dir='ltr'>sanctis</span> <span class='ocrx_word' id='word_1_683' title='bbox 3455 3064 3653 3120; x_wconf 89' lang='lat' dir='ltr'>nescit</span> 
     </span>
    </p>
   </div>
   <div class='ocr_carea' id='block_1_95' title="bbox 1985 3144 3651 3224">
    <p class='ocr_par' dir='ltr' id='par_1_95' title="bbox 1985 3144 3651 3224">
     <span class='ocr_line' id='line_1_95' title="bbox 1985 3144 3651 3224; baseline 0.006 -25"><span class='ocrx_word' id='word_1_684' title='bbox 1985 3144 2231 3200; x_wconf 90' lang='lat' dir='ltr'>obedire</span> <span class='ocrx_word' id='word_1_685' title='bbox 2281 3148 2638 3216; x_wconf 88' lang='lat' dir='ltr'>canonibus,</span> <span class='ocrx_word' id='word_1_686' title='bbox 2681 3165 2792 3205; x_wconf 91' lang='lat' dir='ltr'>nec</span> <span class='ocrx_word' id='word_1_687' title='bbox 2842 3151 3023 3206; x_wconf 88' lang='lat' dir='ltr'>sacris</span> <span class='ocrx_word' id='word_1_688' title='bbox 3071 3152 3509 3224; x_wconf 88' lang='lat' dir='ltr'>administrare,</span> <span class='ocrx_word' id='word_1_689' title='bbox 3558 3153 3651 3209; x_wconf 89' lang='lat' dir='ltr'>vel</span> 
     </span>
    </p>
   </div>
   <div class='ocr_carea' id='block_1_96' title="bbox 1985 3235 3471 3310">
    <p class='ocr_par' dir='ltr' id='par_1_96' title="bbox 1985 3235 3471 3310">
     <span class='ocr_line' id='line_1_96' title="bbox 1985 3235 3471 3310; baseline 0.002 -21"><span class='ocrx_word' id='word_1_690' title='bbox 1985 3235 2480 3292; x_wconf 89' lang='lat' dir='ltr'>communionem</span> <span class='ocrx_word' id='word_1_691' title='bbox 2509 3253 2743 3310; x_wconf 87' lang='lat' dir='ltr'>capere,</span> <span class='ocrx_word' id='word_1_692' title='bbox 2772 3239 2843 3296; x_wconf 91' lang='lat' dir='ltr'>sit</span> <span class='ocrx_word' id='word_1_693' title='bbox 2865 3239 3084 3309; x_wconf 86' lang='lat' dir='ltr'>dignus</span> <span class='ocrx_word' id='word_1_694' title='bbox 3116 3240 3471 3298; x_wconf 81' lang='lat' dir='ltr'>altaribus.»</span> 
     </span>
    </p>
   </div>
   <div class='ocr_carea' id='block_1_97' title="bbox 2058 3325 3649 3404">
    <p class='ocr_par' dir='ltr' id='par_1_97' title="bbox 2058 3325 3649 3404">
     <span class='ocr_line' id='line_1_97' title="bbox 2058 3325 3649 3404; baseline 0.003 -22"><span class='ocrx_word' id='word_1_695' title='bbox 2058 3326 2140 3382; x_wconf 80' lang='lat' dir='ltr'>Ex</span> <span class='ocrx_word' id='word_1_696' title='bbox 2175 3325 2584 3397; x_wconf 91' lang='lat' dir='ltr'>superioribus</span> <span class='ocrx_word' id='word_1_697' title='bbox 2627 3328 2850 3401; x_wconf 89' lang='lat' dir='ltr'>itaque,</span> <span class='ocrx_word' id='word_1_698' title='bbox 2882 3333 3177 3402; x_wconf 90' lang='lat' dir='ltr'>quantum</span> <span class='ocrx_word' id='word_1_699' title='bbox 3208 3331 3481 3402; x_wconf 89' lang='lat' dir='ltr'>conjicio,</span> <span class='ocrx_word' id='word_1_700' title='bbox 3514 3347 3649 3404; x_wconf 90' lang='lat' dir='ltr'>per-</span> 
     </span>
    </p>
   </div>
   <div class='ocr_carea' id='block_1_98' title="bbox 1984 3415 3653 3490">
    <p class='ocr_par' dir='ltr' id='par_1_98' title="bbox 1984 3415 3653 3490">
     <span class='ocr_line' id='line_1_98' title="bbox 1984 3415 3653 3490; baseline 0.005 -21"><span class='ocrx_word' id='word_1_701' title='bbox 1984 3415 2247 3487; x_wconf 88' lang='lat' dir='ltr'>pendere</span> <span class='ocrx_word' id='word_1_702' title='bbox 2277 3420 2447 3487; x_wconf 90' lang='lat' dir='ltr'>potes</span> <span class='ocrx_word' id='word_1_703' title='bbox 2473 3417 2637 3490; x_wconf 91' lang='lat' dir='ltr'>quia,</span> <span class='ocrx_word' id='word_1_704' title='bbox 2668 3417 2717 3473; x_wconf 89' lang='lat' dir='ltr'>si</span> <span class='ocrx_word' id='word_1_705' title='bbox 2756 3419 3004 3476; x_wconf 91' lang='lat' dir='ltr'>omnino</span> <span class='ocrx_word' id='word_1_706' title='bbox 3046 3435 3222 3489; x_wconf 89' lang='lat' dir='ltr'>grave</span> <span class='ocrx_word' id='word_1_707' title='bbox 3263 3425 3350 3476; x_wconf 89' lang='lat' dir='ltr'>est</span> <span class='ocrx_word' id='word_1_708' title='bbox 3373 3421 3552 3477; x_wconf 90' lang='lat' dir='ltr'>vendi</span> <span class='ocrx_word' id='word_1_709' title='bbox 3581 3437 3653 3477; x_wconf 89' lang='lat' dir='ltr'>ea</span> 
     </span>
    </p>
   </div>
   <div class='ocr_carea' id='block_1_99' title="bbox 1987 3503 3652 3578">
    <p class='ocr_par' dir='ltr' id='par_1_99' title="bbox 1987 3503 3652 3578">
     <span class='ocr_line' id='line_1_99' title="bbox 1987 3503 3652 3578; baseline 0.004 -19"><span class='ocrx_word' id='word_1_710' title='bbox 1987 3503 2207 3560; x_wconf 90' lang='lat' dir='ltr'>scilicet</span> <span class='ocrx_word' id='word_1_711' title='bbox 2231 3521 2363 3578; x_wconf 81' lang='lat' dir='ltr'>quae</span> <span class='ocrx_word' id='word_1_712' title='bbox 2395 3505 2632 3562; x_wconf 89' lang='lat' dir='ltr'>minora</span> <span class='ocrx_word' id='word_1_713' title='bbox 2683 3511 2820 3563; x_wconf 84' lang='lat' dir='ltr'>sunt</span> <span class='ocrx_word' id='word_1_714' title='bbox 2850 3508 3118 3565; x_wconf 77' lang='lat' dir='ltr'>Ecclesiae</span> <span class='ocrx_word' id='word_1_715' title='bbox 3167 3509 3496 3566; x_wconf 84' lang='lat' dir='ltr'>ministeria</span> <span class='ocrx_word' id='word_1_716' title='bbox 3527 3510 3652 3566; x_wconf 90' lang='lat' dir='ltr'>sine</span> 
     </span>
    </p>
   </div>
   <div class='ocr_carea' id='block_1_100' title="bbox 1987 3595 3654 3670">
    <p class='ocr_par' dir='ltr' id='par_1_100' title="bbox 1987 3595 3654 3670">
     <span class='ocr_line' id='line_1_100' title="bbox 1987 3595 3654 3670; baseline 0.005 -22"><span class='ocrx_word' id='word_1_717' title='bbox 1987 3597 2147 3650; x_wconf 88' lang='lat' dir='ltr'>certa</span> <span class='ocrx_word' id='word_1_718' title='bbox 2191 3595 2563 3663; x_wconf 89' lang='lat' dir='ltr'>necessitate,</span> <span class='ocrx_word' id='word_1_719' title='bbox 2616 3597 2996 3668; x_wconf 90' lang='lat' dir='ltr'>sacrilegium</span> <span class='ocrx_word' id='word_1_720' title='bbox 3026 3603 3130 3665; x_wconf 89' lang='lat' dir='ltr'>est,</span> <span class='ocrx_word' id='word_1_721' title='bbox 3165 3602 3222 3654; x_wconf 87' lang='lat' dir='ltr'>et</span> <span class='ocrx_word' id='word_1_722' title='bbox 3276 3600 3481 3655; x_wconf 91' lang='lat' dir='ltr'>omino</span> <span class='ocrx_word' id='word_1_723' title='bbox 3524 3616 3654 3670; x_wconf 88' lang='lat' dir='ltr'>gra-</span> 
     </span>
    </p>
   </div>
   <div class='ocr_carea' id='block_1_101' title="bbox 1984 3682 3652 3761">
    <p class='ocr_par' dir='ltr' id='par_1_101' title="bbox 1984 3682 3652 3761">
     <span class='ocr_line' id='line_1_101' title="bbox 1984 3682 3652 3761; baseline 0.005 -25"><span class='ocrx_word' id='word_1_724' title='bbox 1984 3682 2320 3750; x_wconf 89' lang='lat' dir='ltr'>vissimum,</span> <span class='ocrx_word' id='word_1_725' title='bbox 2351 3683 2586 3756; x_wconf 90' lang='lat' dir='ltr'>absque</span> <span class='ocrx_word' id='word_1_726' title='bbox 2618 3687 2887 3742; x_wconf 78' lang='lat' dir='ltr'>maxima</span> <span class='ocrx_word' id='word_1_727' title='bbox 2935 3704 3275 3760; x_wconf 90' lang='lat' dir='ltr'>pauperum</span> <span class='ocrx_word' id='word_1_728' title='bbox 3305 3688 3652 3761; x_wconf 90' lang='lat' dir='ltr'>indigentia,</span> 
     </span>
    </p>
   </div>
   <div class='ocr_carea' id='block_1_102' title="bbox 1987 3771 3655 3834">
    <p class='ocr_par' dir='ltr' id='par_1_102' title="bbox 1987 3771 3655 3834">
     <span class='ocr_line' id='line_1_102' title="bbox 1987 3771 3655 3834; baseline 0.004 -7"><span class='ocrx_word' id='word_1_729' title='bbox 1987 3771 2401 3828; x_wconf 81' lang='lat' dir='ltr'>excellentiora</span> <span class='ocrx_word' id='word_1_730' title='bbox 2436 3773 2538 3828; x_wconf 88' lang='lat' dir='ltr'>illa</span> <span class='ocrx_word' id='word_1_731' title='bbox 2579 3774 2852 3831; x_wconf 88' lang='lat' dir='ltr'>videlicet</span> <span class='ocrx_word' id='word_1_732' title='bbox 2890 3792 3036 3833; x_wconf 88' lang='lat' dir='ltr'>vasa</span> <span class='ocrx_word' id='word_1_733' title='bbox 3074 3782 3309 3834; x_wconf 86' lang='lat' dir='ltr'>sacrata</span> <span class='ocrx_word' id='word_1_734' title='bbox 3352 3783 3410 3833; x_wconf 90' lang='lat' dir='ltr'>et</span> <span class='ocrx_word' id='word_1_735' title='bbox 3449 3794 3655 3834; x_wconf 91' lang='lat' dir='ltr'>cruces</span> 
     </span>
    </p>
   </div>
   <div class='ocr_carea' id='block_1_103' title="bbox 1986 3861 3656 3934">
    <p class='ocr_par' dir='ltr' id='par_1_103' title="bbox 1986 3861 3656 3934">
     <span class='ocr_line' id='line_1_103' title="bbox 1986 3861 3656 3934; baseline 0.003 -18"><span class='ocrx_word' id='word_1_736' title='bbox 1986 3861 2355 3916; x_wconf 88' lang='lat' dir='ltr'>venundare.</span> <span class='ocrx_word' id='word_1_737' title='bbox 2389 3863 2766 3934; x_wconf 86' lang='lat' dir='ltr'>Quapropter</span> <span class='ocrx_word' id='word_1_738' title='bbox 2814 3863 3090 3919; x_wconf 86' lang='lat' dir='ltr'>noverint</span> <span class='ocrx_word' id='word_1_739' title='bbox 3145 3880 3358 3919; x_wconf 91' lang='lat' dir='ltr'>omnes</span> <span class='ocrx_word' id='word_1_740' title='bbox 3400 3866 3656 3921; x_wconf 89' lang='lat' dir='ltr'>ministri</span> 
     </span>
    </p>
   </div>
   <div class='ocr_carea' id='block_1_104' title="bbox 1991 3949 3656 4027">
    <p class='ocr_par' dir='ltr' id='par_1_104' title="bbox 1991 3949 3656 4027">
     <span class='ocr_line' id='line_1_104' title="bbox 1991 3949 3656 4027; baseline 0.002 -21"><span class='ocrx_word' id='word_1_741' title='bbox 1991 3949 2264 4006; x_wconf 63' lang='lat' dir='ltr'>Ecclesiae</span> <span class='ocrx_word' id='word_1_742' title='bbox 2312 3949 2456 4021; x_wconf 91' lang='lat' dir='ltr'>quia</span> <span class='ocrx_word' id='word_1_743' title='bbox 2491 3950 2656 4020; x_wconf 89' lang='lat' dir='ltr'>gregi</span> <span class='ocrx_word' id='word_1_744' title='bbox 2687 3950 2783 4006; x_wconf 90' lang='lat' dir='ltr'>cui</span> <span class='ocrx_word' id='word_1_745' title='bbox 2826 3957 3112 4022; x_wconf 68' lang='lat' dir='ltr'>praesunt,</span> <span class='ocrx_word' id='word_1_746' title='bbox 3159 3957 3224 4007; x_wconf 92' lang='lat' dir='ltr'>ut</span> <span class='ocrx_word' id='word_1_747' title='bbox 3252 3958 3400 4024; x_wconf 91' lang='lat' dir='ltr'>puta</span> <span class='ocrx_word' id='word_1_748' title='bbox 3429 3955 3520 4009; x_wconf 88' lang='lat' dir='ltr'>his</span> <span class='ocrx_word' id='word_1_749' title='bbox 3552 3954 3656 4027; x_wconf 89' lang='lat' dir='ltr'>qui</span> 
     </span>
    </p>
   </div>
   <div class='ocr_carea' id='block_1_105' title="bbox 1991 4036 3655 4110">
    <p class='ocr_par' dir='ltr' id='par_1_105' title="bbox 1991 4036 3655 4110">
     <span class='ocr_line' id='line_1_105' title="bbox 1991 4036 3655 4110; baseline 0.004 -17"><span class='ocrx_word' id='word_1_750' title='bbox 1991 4041 2128 4093; x_wconf 90' lang='lat' dir='ltr'>sunt</span> <span class='ocrx_word' id='word_1_751' title='bbox 2177 4052 2475 4110; x_wconf 87' lang='lat' dir='ltr'>pauperes</span> <span class='ocrx_word' id='word_1_752' title='bbox 2533 4036 2762 4105; x_wconf 89' lang='lat' dir='ltr'>Christi,</span> <span class='ocrx_word' id='word_1_753' title='bbox 2824 4039 3042 4095; x_wconf 88' lang='lat' dir='ltr'>scilicet</span> <span class='ocrx_word' id='word_1_754' title='bbox 3085 4040 3425 4109; x_wconf 87' lang='lat' dir='ltr'>monachis,</span> <span class='ocrx_word' id='word_1_755' title='bbox 3471 4047 3526 4099; x_wconf 89' lang='lat' dir='ltr'>et</span> <span class='ocrx_word' id='word_1_756' title='bbox 3561 4059 3655 4098; x_wconf 89' lang='lat' dir='ltr'>ca-</span> 
     </span>
    </p>
   </div>
   <div class='ocr_carea' id='block_1_106' title="bbox 1989 4124 3655 4204">
    <p class='ocr_par' dir='ltr' id='par_1_106' title="bbox 1989 4124 3655 4204">
     <span class='ocr_line' id='line_1_106' title="bbox 1989 4124 3655 4204; baseline 0.004 -23"><span class='ocrx_word' id='word_1_757' title='bbox 1989 4125 2222 4181; x_wconf 89' lang='lat' dir='ltr'>nonicis</span> <span class='ocrx_word' id='word_1_758' title='bbox 2297 4124 2700 4195; x_wconf 88' lang='lat' dir='ltr'>regularibus,</span> <span class='ocrx_word' id='word_1_759' title='bbox 2770 4127 2862 4182; x_wconf 91' lang='lat' dir='ltr'>vel</span> <span class='ocrx_word' id='word_1_760' title='bbox 2943 4127 3234 4197; x_wconf 90' lang='lat' dir='ltr'>religiosis</span> <span class='ocrx_word' id='word_1_761' title='bbox 3311 4130 3655 4204; x_wconf 90' lang='lat' dir='ltr'>quibusque</span> 
     </span>
    </p>
   </div>
   <div class='ocr_carea' id='block_1_107' title="bbox 1992 4213 3658 4288">
    <p class='ocr_par' dir='ltr' id='par_1_107' title="bbox 1992 4213 3658 4288">
     <span class='ocr_line' id='line_1_107' title="bbox 1992 4213 3658 4288; baseline 0.007 -22"><span class='ocrx_word' id='word_1_762' title='bbox 1992 4213 2387 4272; x_wconf 76' lang='lat' dir='ltr'>communiter</span> <span class='ocrx_word' id='word_1_763' title='bbox 2433 4213 2792 4282; x_wconf 87' lang='lat' dir='ltr'>viventibus,</span> <span class='ocrx_word' id='word_1_764' title='bbox 2844 4216 3010 4288; x_wconf 85' lang='lat' dir='ltr'>prius</span> <span class='ocrx_word' id='word_1_765' title='bbox 3063 4217 3269 4273; x_wconf 90' lang='lat' dir='ltr'>omnia</span> <span class='ocrx_word' id='word_1_766' title='bbox 3316 4221 3658 4276; x_wconf 89' lang='lat' dir='ltr'>necessaria</span> 
     </span>
    </p>
   </div>
   <div class='ocr_carea' id='block_1_108' title="bbox 1992 4301 3656 4375">
    <p class='ocr_par' dir='ltr' id='par_1_108' title="bbox 1992 4301 3656 4375">
     <span class='ocr_line' id='line_1_108' title="bbox 1992 4301 3656 4375; baseline 0.002 -15"><span class='ocrx_word' id='word_1_767' title='bbox 1992 4302 2325 4362; x_wconf 86' lang='lat' dir='ltr'>ministrare</span> <span class='ocrx_word' id='word_1_768' title='bbox 2357 4301 2668 4358; x_wconf 90' lang='lat' dir='ltr'>moderata</span> <span class='ocrx_word' id='word_1_769' title='bbox 2694 4303 3110 4361; x_wconf 87' lang='lat' dir='ltr'>distributione</span> <span class='ocrx_word' id='word_1_770' title='bbox 3127 4306 3383 4375; x_wconf 86' lang='lat' dir='ltr'>debent;</span> <span class='ocrx_word' id='word_1_771' title='bbox 3413 4309 3477 4368; x_wconf 87' lang='lat' dir='ltr'>id</span> <span class='ocrx_word' id='word_1_772' title='bbox 3497 4326 3656 4366; x_wconf 89' lang='lat' dir='ltr'>sum-</span> 
     </span>
    </p>
   </div>
   <div class='ocr_carea' id='block_1_109' title="bbox 1992 4394 3656 4472">
    <p class='ocr_par' dir='ltr' id='par_1_109' title="bbox 1992 4394 3656 4472">
     <span class='ocr_line' id='line_1_109' title="bbox 1992 4394 3656 4472; baseline 0.003 -21"><span class='ocrx_word' id='word_1_773' title='bbox 1992 4411 2234 4468; x_wconf 88' lang='lat' dir='ltr'>mopere</span> <span class='ocrx_word' id='word_1_774' title='bbox 2261 4398 2666 4467; x_wconf 67' lang='lat' dir='ltr'>prtecaventes</span> <span class='ocrx_word' id='word_1_775' title='bbox 2689 4410 2765 4450; x_wconf 91' lang='lat' dir='ltr'>ne</span> <span class='ocrx_word' id='word_1_776' title='bbox 2791 4394 3048 4454; x_wconf 88' lang='lat' dir='ltr'>nimium</span> <span class='ocrx_word' id='word_1_777' title='bbox 3069 4396 3324 4469; x_wconf 90' lang='lat' dir='ltr'>prodiga</span> <span class='ocrx_word' id='word_1_778' title='bbox 3341 4399 3656 4472; x_wconf 86' lang='lat' dir='ltr'>superﬂui-</span> 
     </span>
    </p>
   </div>
   <div class='ocr_carea' id='block_1_110' title="bbox 1995 4483 3657 4558">
    <p class='ocr_par' dir='ltr' id='par_1_110' title="bbox 1995 4483 3657 4558">
     <span class='ocr_line' id='line_1_110' title="bbox 1995 4483 3657 4558; baseline 0.001 -17"><span class='ocrx_word' id='word_1_779' title='bbox 1995 4489 2110 4542; x_wconf 89' lang='lat' dir='ltr'>tate</span> <span class='ocrx_word' id='word_1_780' title='bbox 2186 4483 2317 4540; x_wconf 86' lang='lat' dir='ltr'>talis</span> <span class='ocrx_word' id='word_1_781' title='bbox 2385 4483 2715 4540; x_wconf 89' lang='lat' dir='ltr'>necessitas</span> <span class='ocrx_word' id='word_1_782' title='bbox 2779 4485 3088 4556; x_wconf 87' lang='lat' dir='ltr'>proveniat</span> <span class='ocrx_word' id='word_1_783' title='bbox 3143 4503 3275 4558; x_wconf 82' lang='lat' dir='ltr'>quae</span> <span class='ocrx_word' id='word_1_784' title='bbox 3335 4488 3657 4546; x_wconf 81' lang='lat' dir='ltr'>thaesauros</span> 
     </span>
    </p>
   </div>
   <div class='ocr_carea' id='block_1_111' title="bbox 1993 4571 3657 4645">
    <p class='ocr_par' dir='ltr' id='par_1_111' title="bbox 1993 4571 3657 4645">
     <span class='ocr_line' id='line_1_111' title="bbox 1993 4571 3657 4645; baseline 0.001 -15"><span class='ocrx_word' id='word_1_785' title='bbox 1993 4572 2263 4630; x_wconf 81' lang='lat' dir='ltr'>Ecclesiae</span> <span class='ocrx_word' id='word_1_786' title='bbox 2312 4571 2571 4644; x_wconf 86' lang='lat' dir='ltr'>expendi</span> <span class='ocrx_word' id='word_1_787' title='bbox 2621 4572 2960 4645; x_wconf 88' lang='lat' dir='ltr'>compellat.</span> <span class='ocrx_word' id='word_1_788' title='bbox 3040 4574 3097 4630; x_wconf 89' lang='lat' dir='ltr'>Si</span> <span class='ocrx_word' id='word_1_789' title='bbox 3154 4574 3315 4631; x_wconf 91' lang='lat' dir='ltr'>enim</span> <span class='ocrx_word' id='word_1_790' title='bbox 3366 4574 3657 4631; x_wconf 91' lang='lat' dir='ltr'>immode-</span> 
     </span>
    </p>
   </div>
   <div class='ocr_carea' id='block_1_112' title="bbox 1990 4660 3656 4732">
    <p class='ocr_par' dir='ltr' id='par_1_112' title="bbox 1990 4660 3656 4732">
     <span class='ocr_line' id='line_1_112' title="bbox 1990 4660 3656 4732; baseline 0 -14"><span class='ocrx_word' id='word_1_791' title='bbox 1990 4666 2116 4718; x_wconf 90' lang='lat' dir='ltr'>rate</span> <span class='ocrx_word' id='word_1_792' title='bbox 2148 4660 2482 4727; x_wconf 79' lang='lat' dir='ltr'>effundant,</span> <span class='ocrx_word' id='word_1_793' title='bbox 2515 4665 2795 4732; x_wconf 90' lang='lat' dir='ltr'>peccant;</span> <span class='ocrx_word' id='word_1_794' title='bbox 2849 4661 2993 4732; x_wconf 89' lang='lat' dir='ltr'>quia</span> <span class='ocrx_word' id='word_1_795' title='bbox 3039 4660 3481 4718; x_wconf 89' lang='lat' dir='ltr'>inconsiderata</span> <span class='ocrx_word' id='word_1_796' title='bbox 3511 4662 3656 4718; x_wconf 77' lang='lat' dir='ltr'>etfu-</span> 
     </span>
    </p>
   </div>
   <div class='ocr_carea' id='block_1_113' title="bbox 1994 4748 3654 4820">
    <p class='ocr_par' dir='ltr' id='par_1_113' title="bbox 1994 4748 3654 4820">
     <span class='ocr_line' id='line_1_113' title="bbox 1994 4748 3654 4820; baseline -0.001 -12"><span class='ocrx_word' id='word_1_797' title='bbox 1994 4751 2102 4820; x_wconf 91' lang='lat' dir='ltr'>sio,</span> <span class='ocrx_word' id='word_1_798' title='bbox 2137 4750 2314 4808; x_wconf 90' lang='lat' dir='ltr'>totius</span> <span class='ocrx_word' id='word_1_799' title='bbox 2341 4749 2561 4805; x_wconf 91' lang='lat' dir='ltr'>domus</span> <span class='ocrx_word' id='word_1_800' title='bbox 2593 4749 2767 4805; x_wconf 90' lang='lat' dir='ltr'>ruina</span> <span class='ocrx_word' id='word_1_801' title='bbox 2801 4754 2910 4807; x_wconf 89' lang='lat' dir='ltr'>est.</span> <span class='ocrx_word' id='word_1_802' title='bbox 2958 4748 3274 4807; x_wconf 88' lang='lat' dir='ltr'>Enimvero</span> <span class='ocrx_word' id='word_1_803' title='bbox 3321 4751 3547 4808; x_wconf 71' lang='lat' dir='ltr'>caeteris</span> <span class='ocrx_word' id='word_1_804' title='bbox 3591 4752 3654 4807; x_wconf 92' lang='lat' dir='ltr'>in</span> 
     </span>
    </p>
   </div>
   <div class='ocr_carea' id='block_1_114' title="bbox 1993 4836 3656 4913">
    <p class='ocr_par' dir='ltr' id='par_1_114' title="bbox 1993 4836 3656 4913">
     <span class='ocr_line' id='line_1_114' title="bbox 1993 4836 3656 4913; baseline -0.001 -16"><span class='ocrx_word' id='word_1_805' title='bbox 1993 4840 2275 4913; x_wconf 89' lang='lat' dir='ltr'>operibus</span> <span class='ocrx_word' id='word_1_806' title='bbox 2321 4837 2746 4894; x_wconf 80' lang='lat' dir='ltr'>misericordiae</span> <span class='ocrx_word' id='word_1_807' title='bbox 2785 4836 3134 4900; x_wconf 88' lang='lat' dir='ltr'>distributis,</span> <span class='ocrx_word' id='word_1_808' title='bbox 3169 4838 3218 4892; x_wconf 91' lang='lat' dir='ltr'>si</span> <span class='ocrx_word' id='word_1_809' title='bbox 3263 4843 3427 4893; x_wconf 86' lang='lat' dir='ltr'>tanta</span> <span class='ocrx_word' id='word_1_810' title='bbox 3456 4856 3656 4896; x_wconf 89' lang='lat' dir='ltr'>neces-</span> 
     </span>
    </p>
   </div>
   <div class='ocr_carea' id='block_1_115' title="bbox 1994 4926 3653 5002">
    <p class='ocr_par' dir='ltr' id='par_1_115' title="bbox 1994 4926 3653 5002">
     <span class='ocr_line' id='line_1_115' title="bbox 1994 4926 3653 5002; baseline 0.001 -17"><span class='ocrx_word' id='word_1_811' title='bbox 1994 4931 2136 4987; x_wconf 90' lang='lat' dir='ltr'>sitas</span> <span class='ocrx_word' id='word_1_812' title='bbox 2167 4927 2477 4985; x_wconf 87' lang='lat' dir='ltr'>obvenerit</span> <span class='ocrx_word' id='word_1_813' title='bbox 2502 4931 2564 4982; x_wconf 93' lang='lat' dir='ltr'>ut</span> <span class='ocrx_word' id='word_1_814' title='bbox 2589 4927 2833 5000; x_wconf 89' lang='lat' dir='ltr'>aliquod</span> <span class='ocrx_word' id='word_1_815' title='bbox 2858 4942 2963 4981; x_wconf 90' lang='lat' dir='ltr'>vas</span> <span class='ocrx_word' id='word_1_816' title='bbox 2994 4926 3262 4982; x_wconf 60' lang='lat' dir='ltr'>Ecclesiae</span> <span class='ocrx_word' id='word_1_817' title='bbox 3291 4929 3653 5002; x_wconf 89' lang='lat' dir='ltr'>capiendum</span> 
     </span>
    </p>
   </div>
   <div class='ocr_carea' id='block_1_116' title="bbox 1994 5015 3656 5084">
    <p class='ocr_par' dir='ltr' id='par_1_116' title="bbox 1994 5015 3656 5084">
     <span class='ocr_line' id='line_1_116' title="bbox 1994 5015 3656 5084; baseline 0.004 -13"><span class='ocrx_word' id='word_1_818' title='bbox 1994 5017 2085 5084; x_wconf 91' lang='lat' dir='ltr'>sit,</span> <span class='ocrx_word' id='word_1_819' title='bbox 2118 5017 2197 5073; x_wconf 91' lang='lat' dir='ltr'>ad</span> <span class='ocrx_word' id='word_1_820' title='bbox 2223 5017 2338 5074; x_wconf 92' lang='lat' dir='ltr'>hoc</span> <span class='ocrx_word' id='word_1_821' title='bbox 2366 5017 2786 5073; x_wconf 91' lang='lat' dir='ltr'>tantummodo</span> <span class='ocrx_word' id='word_1_822' title='bbox 2817 5015 2982 5074; x_wconf 89' lang='lat' dir='ltr'>alteri</span> <span class='ocrx_word' id='word_1_823' title='bbox 3016 5015 3289 5074; x_wconf 79' lang='lat' dir='ltr'>Ecclesiae</span> <span class='ocrx_word' id='word_1_824' title='bbox 3318 5019 3656 5078; x_wconf 88' lang='lat' dir='ltr'>venundari</span> 
     </span>
    </p>
   </div>
   <div class='ocr_carea' id='block_1_117' title="bbox 1993 5103 3656 5181">
    <p class='ocr_par' dir='ltr' id='par_1_117' title="bbox 1993 5103 3656 5181">
     <span class='ocr_line' id='line_1_117' title="bbox 1993 5103 3656 5181; baseline 0.003 -17"><span class='ocrx_word' id='word_1_825' title='bbox 1993 5110 2189 5180; x_wconf 90' lang='lat' dir='ltr'>potest</span> <span class='ocrx_word' id='word_1_826' title='bbox 2251 5112 2316 5164; x_wconf 90' lang='lat' dir='ltr'>ut</span> <span class='ocrx_word' id='word_1_827' title='bbox 2383 5106 2444 5163; x_wconf 91' lang='lat' dir='ltr'>in</span> <span class='ocrx_word' id='word_1_828' title='bbox 2515 5106 2648 5180; x_wconf 89' lang='lat' dir='ltr'>ipso</span> <span class='ocrx_word' id='word_1_829' title='bbox 2703 5105 2866 5162; x_wconf 89' lang='lat' dir='ltr'>idem</span> <span class='ocrx_word' id='word_1_830' title='bbox 2928 5103 3193 5164; x_wconf 73' lang='lat' dir='ltr'>officium</span> <span class='ocrx_word' id='word_1_831' title='bbox 3245 5107 3414 5181; x_wconf 90' lang='lat' dir='ltr'>quod</span> <span class='ocrx_word' id='word_1_832' title='bbox 3475 5114 3656 5170; x_wconf 85' lang='lat' dir='ltr'>antea</span> 
     </span>
    </p>
   </div>
   <div class='ocr_carea' id='block_1_118' title="bbox 1995 5194 3654 5268">
    <p class='ocr_par' dir='ltr' id='par_1_118' title="bbox 1995 5194 3654 5268">
     <span class='ocr_line' id='line_1_118' title="bbox 1995 5194 3654 5268; baseline 0.003 -16"><span class='ocrx_word' id='word_1_833' title='bbox 1995 5195 2342 5262; x_wconf 89' lang='lat' dir='ltr'>celebretur,</span> <span class='ocrx_word' id='word_1_834' title='bbox 2373 5198 2431 5250; x_wconf 93' lang='lat' dir='ltr'>et</span> <span class='ocrx_word' id='word_1_835' title='bbox 2471 5211 2546 5251; x_wconf 79' lang='lat' dir='ltr'>ex</span> <span class='ocrx_word' id='word_1_836' title='bbox 2591 5195 2722 5268; x_wconf 90' lang='lat' dir='ltr'>ipsa</span> <span class='ocrx_word' id='word_1_837' title='bbox 2767 5194 3038 5266; x_wconf 65' lang='lat' dir='ltr'>pecuniae</span> <span class='ocrx_word' id='word_1_838' title='bbox 3076 5196 3459 5256; x_wconf 89' lang='lat' dir='ltr'>distractione</span> <span class='ocrx_word' id='word_1_839' title='bbox 3488 5199 3654 5257; x_wconf 88' lang='lat' dir='ltr'>aliud</span> 
     </span>
    </p>
   </div>
   <div class='ocr_carea' id='block_1_119' title="bbox 1994 5282 3648 5359">
    <p class='ocr_par' dir='ltr' id='par_1_119' title="bbox 1994 5282 3648 5359">
     <span class='ocr_line' id='line_1_119' title="bbox 1994 5282 3648 5359; baseline 0.004 -21"><span class='ocrx_word' id='word_1_840' title='bbox 1994 5282 2056 5338; x_wconf 92' lang='lat' dir='ltr'>in</span> <span class='ocrx_word' id='word_1_841' title='bbox 2103 5282 2235 5338; x_wconf 92' lang='lat' dir='ltr'>loco</span> <span class='ocrx_word' id='word_1_842' title='bbox 2267 5282 2396 5353; x_wconf 89' lang='lat' dir='ltr'>ejus</span> <span class='ocrx_word' id='word_1_843' title='bbox 2426 5282 2790 5350; x_wconf 86' lang='lat' dir='ltr'>restituatur,</span> <span class='ocrx_word' id='word_1_844' title='bbox 2822 5282 2913 5338; x_wconf 90' lang='lat' dir='ltr'>vel</span> <span class='ocrx_word' id='word_1_845' title='bbox 2953 5285 3323 5358; x_wconf 87' lang='lat' dir='ltr'>pauperibus</span> <span class='ocrx_word' id='word_1_846' title='bbox 3355 5293 3648 5359; x_wconf 89' lang='lat' dir='ltr'>erogetur.</span> 
     </span>
    </p>
   </div>
   <div class='ocr_carea' id='block_1_120' title="bbox 1997 5369 3653 5450">
    <p class='ocr_par' dir='ltr' id='par_1_120' title="bbox 1997 5369 3653 5450">
     <span class='ocr_line' id='line_1_120' title="bbox 1997 5369 3653 5450; baseline 0.003 -23"><span class='ocrx_word' id='word_1_847' title='bbox 1997 5375 2082 5427; x_wconf 89' lang='lat' dir='ltr'>Ita</span> <span class='ocrx_word' id='word_1_848' title='bbox 2155 5386 2320 5441; x_wconf 91' lang='lat' dir='ltr'>ergo,</span> <span class='ocrx_word' id='word_1_849' title='bbox 2395 5374 2460 5426; x_wconf 92' lang='lat' dir='ltr'>ut</span> <span class='ocrx_word' id='word_1_850' title='bbox 2533 5369 2945 5444; x_wconf 80' lang='lat' dir='ltr'>praediximus,</span> <span class='ocrx_word' id='word_1_851' title='bbox 3013 5373 3193 5432; x_wconf 89' lang='lat' dir='ltr'>vendi</span> <span class='ocrx_word' id='word_1_852' title='bbox 3265 5381 3477 5450; x_wconf 86' lang='lat' dir='ltr'>potest,</span> <span class='ocrx_word' id='word_1_853' title='bbox 3552 5381 3653 5433; x_wconf 90' lang='lat' dir='ltr'>aut</span> 
     </span>
    </p>
   </div>
   <div class='ocr_carea' id='block_1_121' title="bbox 1998 5459 3650 5534">
    <p class='ocr_par' dir='ltr' id='par_1_121' title="bbox 1998 5459 3650 5534">
     <span class='ocr_line' id='line_1_121' title="bbox 1998 5459 3650 5534; baseline 0.001 -15"><span class='ocrx_word' id='word_1_854' title='bbox 1998 5462 2329 5519; x_wconf 90' lang='lat' dir='ltr'>secundum</span> <span class='ocrx_word' id='word_1_855' title='bbox 2393 5459 2736 5534; x_wconf 86' lang='lat' dir='ltr'>supradicta</span> <span class='ocrx_word' id='word_1_856' title='bbox 2802 5467 3148 5522; x_wconf 90' lang='lat' dir='ltr'>sanctorum</span> <span class='ocrx_word' id='word_1_857' title='bbox 3197 5468 3436 5524; x_wconf 90' lang='lat' dir='ltr'>Patrum</span> <span class='ocrx_word' id='word_1_858' title='bbox 3492 5466 3650 5524; x_wconf 91' lang='lat' dir='ltr'>testi-</span> 
     </span>
    </p>
   </div>
   <div class='ocr_carea' id='block_1_122' title="bbox 1995 5551 3654 5628">
    <p class='ocr_par' dir='ltr' id='par_1_122' title="bbox 1995 5551 3654 5628">
     <span class='ocr_line' id='line_1_122' title="bbox 1995 5551 3654 5628; baseline 0.002 -18"><span class='ocrx_word' id='word_1_859' title='bbox 1995 5553 2204 5613; x_wconf 89' lang='lat' dir='ltr'>monia</span> <span class='ocrx_word' id='word_1_860' title='bbox 2228 5552 2293 5610; x_wconf 92' lang='lat' dir='ltr'>in</span> <span class='ocrx_word' id='word_1_861' title='bbox 2316 5551 2508 5612; x_wconf 85' lang='lat' dir='ltr'>frusta</span> <span class='ocrx_word' id='word_1_862' title='bbox 2531 5551 2893 5623; x_wconf 87' lang='lat' dir='ltr'>comminui;</span> <span class='ocrx_word' id='word_1_863' title='bbox 2923 5554 3030 5612; x_wconf 85' lang='lat' dir='ltr'>sed</span> <span class='ocrx_word' id='word_1_864' title='bbox 3052 5555 3456 5628; x_wconf 85' lang='lat' dir='ltr'>incongruum</span> <span class='ocrx_word' id='word_1_865' title='bbox 3480 5560 3569 5615; x_wconf 76' lang='lat' dir='ltr'>est</span> <span class='ocrx_word' id='word_1_866' title='bbox 3588 5558 3654 5613; x_wconf 85' lang='lat' dir='ltr'>ut</span> 
     </span>
    </p>
   </div>
  </div>
