3996 6176
371 137 476 190 263

1421 124 1478 180 S.
1522 121 1858 179 FULBERTI
1895 118 2375 209 CAMOTENSIS
2409 117 2740 175 EPlSCOPI.

3696 123 3812 178 264

368 244 432 313 in
453 253 869 312 vadimonium
901 253 1176 323 ponatur.
1212 247 1440 303 Etenim
1481 245 1798 302 saeculares
1821 260 2024 318 perso-
2060 255 2106 307 Α
2134 242 2303 316 pueri
2331 240 2568 316 parvuli
2597 257 2778 314 super
2824 239 3104 297 eamdem
3137 257 3342 299 arcam
3371 242 3811 312 ascenderunt,

370 363 466 402 nae
507 344 772 400 debitam
801 337 1192 396 reverentiam
1224 336 1410 392 sacris
1428 335 1726 408 mysteriis
1759 334 2035 389 nesciunt

368 432 736 506 impendere,
758 426 1047 501 quoniam
1075 425 1172 481 hic
1193 441 1344 481 usus
1375 439 1498 480 non
1515 428 1604 479 est
1631 423 1715 478 eis
1749 421 2032 478 commis-

371 541 491 578 sus.
535 525 798 577 Fortasse
847 520 1048 573 autem
1097 515 1442 585 contingere
1495 517 1692 587 potest
1740 516 1805 567 ut
1845 527 2033 584 prope

369 628 573 669 arcam
621 609 714 665 vel
765 608 826 662 in
875 622 947 662 ea
976 605 1160 662 domo
1219 607 1280 659 in
1320 621 1444 678 qua
1483 618 1630 659 vasa
1680 600 2035 658 abscondita

369 705 526 766 sunt,
549 697 1001 755 committantur
1027 693 1318 750 adulteria
1345 698 1401 749 et
1429 691 1854 748 fornicationes
1877 694 1935 745 et
1963 705 2035 745 ea

371 788 624 846 crimina
650 803 783 859 quae
809 785 961 840 iram
1001 783 1100 840 Dei
1129 786 1476 856 provocent.
1514 785 1661 838 Nam
1692 796 1831 835 cum
1860 779 1922 834 in
1951 778 2044 834 hi-

369 878 552 935 storia
591 880 820 945 Regum
858 873 1113 944 legimus
1145 875 1348 941 Ozam,
1377 887 1449 927 eo
1479 870 1644 943 quod
1672 868 2033 926 ealcitranti-

369 969 485 1025 bus
517 967 712 1023 bobus
741 981 947 1021 arcam
979 962 1213 1018 Domini
1235 961 1504 1030 tetigerit,
1537 960 1692 1015 illico
1713 959 2032 1026 interiisse;

371 1063 429 1115 et
457 1058 519 1112 in
540 1055 792 1112 Levitico
822 1057 1192 1126 praeceptum
1225 1051 1297 1106 sit
1325 1055 1523 1106 Aaron
1553 1054 1608 1105 et
1633 1049 1769 1104 ﬁliis
1801 1049 1930 1119 ejus
1959 1064 2034 1103 ne

372 1146 779 1221 permitterent
804 1142 938 1198 ﬁliis
993 1141 1175 1198 Caath
1220 1155 1367 1196 vasa
1409 1138 1733 1195 sanctuarii
1764 1138 1913 1193 ferre
1939 1137 2033 1192 vel

372 1241 635 1305 tangere,
667 1249 741 1288 ne
787 1231 935 1287 forte
992 1230 1251 1303 perirent
1298 1228 1372 1283 de
1414 1227 1613 1284 medio
1665 1227 2029 1292 Levitarum;

371 1322 679 1397 quomodo
712 1317 892 1377 audet
919 1319 1223 1391 quispiam
1271 1322 1436 1374 extra
1491 1315 1814 1372 Ecclesiam
1855 1332 2030 1370 suam

373 1413 749 1483 euincunque
777 1424 1066 1482 personae,
1091 1408 1213 1463 sive
1242 1407 1456 1462 clerico
1489 1406 1612 1461 sive
1654 1405 1829 1474 laico,
1861 1421 2029 1460 aram

373 1501 580 1559 Christi
609 1499 703 1556 vei
734 1497 1075 1572 sepulcrum
1123 1498 1252 1568 ejus
1284 1497 1343 1552 in
1389 1495 1805 1551 vadimonium
1837 1493 1980 1550 dare
2003 1495 2030 1549 ‘I

374 1589 526 1656 Quid
552 1588 712 1644 enim
739 1602 882 1643 crux
913 1591 1024 1654 est,
1043 1585 1155 1641 nisi
1181 1601 1286 1642 ara
1307 1584 1554 1642 Christi?
1588 1587 1651 1639 Et
1682 1583 1828 1654 quid
1853 1582 2025 1650 calix,
2069 1609 2109 1663 Β

371 1678 485 1734 nisi
511 1676 851 1750 sepulcrum
885 1675 1154 1745 ejusdem
1185 1673 1420 1730 Domini
1444 1673 1671 1729 nostri?
1702 1671 1855 1737 Quid
1883 1687 2026 1740 ergo

372 1784 541 1824 aram
593 1771 650 1822 et
700 1763 1042 1838 sepulcrum
1091 1763 1151 1818 in
1200 1761 1612 1818 vadimonium
1661 1761 1848 1834 ponit,
1889 1777 2026 1816 cum

371 1861 394 1913 ,Ι
406 1857 525 1912 uda
565 1855 860 1911 Christum
892 1851 1134 1918 vendit;
1178 1856 1234 1907 et
1261 1851 1365 1924 qui
1395 1850 1456 1906 in
1488 1850 1902 1906 vadimonium
1933 1866 2028 1905 ac-

371 1946 532 2017 cipit,
563 1959 700 1999 cum
733 1939 1040 2010 militibus,
1085 1955 1159 1996 ne
1207 1940 1419 1996 Christi
1451 1938 1944 1996 resurrectionem
1975 1943 2031 1994 et

374 2034 646 2105 gloriam,
703 2046 890 2105 quam
941 2030 1018 2086 ad
1072 2029 1414 2102 sepulcrum
1462 2029 1695 2085 Domini
1734 2029 2026 2097 viderant,

371 2122 784 2197 praedicarent,
816 2119 1136 2192 pecuniam
1172 2135 1208 2173 a
1247 2118 1548 2174 sceleratis
1593 2117 1812 2173 Judmis
1850 2117 2030 2172 susci-

374 2213 476 2285 pit.
511 2211 785 2281 Legimus
813 2224 1055 2282 quoque
1108 2207 1169 2262 in
1215 2206 1452 2262 Daniele
1496 2222 1699 2276 regem
1749 2207 2028 2278 gentilem

373 2301 698 2366 Balthazar,
728 2314 799 2354 eo
827 2297 991 2370 quod
1023 2295 1082 2350 in
1109 2295 1284 2362 vasis,
1317 2311 1454 2367 quse
1483 2295 1557 2351 de
1588 2295 1810 2368 templo
1839 2295 2031 2351 Domi-

373 2391 436 2447 ni
485 2394 654 2463 pater
699 2389 828 2458 ejus
871 2385 1208 2453 sustulerat,
1253 2385 1605 2441 concubinis
1650 2385 1772 2440 suis
1818 2390 2028 2458 potum

372 2476 805 2542 ministraverit,
839 2475 1034 2530 subito
1081 2490 1334 2530 manum
1373 2475 1760 2548 scriptantem
1786 2475 2024 2542 vidisse,

374 2573 431 2624 et
451 2568 524 2624 de
555 2566 857 2638 scripturae
883 2563 1362 2636 interpretatione
1391 2564 1760 2632 cognovisset
1775 2567 2029 2619 mortem

375 2657 488 2713 sibi
516 2657 735 2712 instare
763 2657 821 2710 et
847 2651 1208 2708 divisionem
1237 2652 1404 2722 regni
1437 2653 1546 2708 sui.

445 2749 566 2816 Ego
621 2745 769 2817 ipse,
810 2748 875 2798 ut
930 2742 1005 2797 de
1054 2741 1449 2814 praesentibus
1503 2739 1738 2796 interim
1791 2739 2026 2812 loquar,

376 2851 566 2892 unum
596 2833 701 2889 tibi
729 2831 982 2888 breviter
1011 2830 1267 2903 exempli
1297 2845 1481 2886 causa
1518 2829 1821 2903 proferam
1863 2828 2029 2900 quod

374 2940 568 2996 nuper
592 2921 816 2988 audivi,
845 2920 1045 2977 nescio
1076 2935 1152 2976 an
1184 2919 1263 2976 ad
1290 2925 1341 2975 te
1371 2935 1614 2992 quoque
1645 2917 1808 2973 fama
1827 2933 2028 2990 perve-

375 3011 785 3070 nerit.Accidit
802 3010 862 3066 in
885 3008 1187 3065 Britannia
1206 3009 1421 3064 minori
1441 3007 1752 3081 quoddam
1777 3006 2029 3062 miracu-

377 3103 523 3158 lum.
547 3105 697 3158 Nam
721 3099 972 3172 quidam
997 3097 1438 3154 nummularius
1457 3113 1603 3152 vasa
1623 3095 1893 3151 Ecclesiae
1917 3095 2028 3150 sibi

375 3193 508 3250 loco
555 3189 881 3248 vadimonii
922 3189 984 3246 in
1041 3205 1180 3246 arca
1225 3187 1484 3262 reposita
1531 3186 1836 3254 servabat;
1884 3202 2029 3243 casu

2141 335 2248 405 qui
2300 331 2453 388 illico
2491 331 2553 386 in
2593 330 2918 388 amentiam
2957 331 3107 387 versi
3152 337 3330 397 sunt;
3385 332 3486 388 sed
3530 337 3587 388 et
3625 349 3814 390 canes

2141 422 2289 478 forte
2332 421 2744 491 ascenderant,
2777 425 2834 476 et
2879 420 2939 476 in
2991 421 3224 476 rabiem
3273 421 3501 478 eﬂ‘erati
3544 423 3809 480 fuerunt.

2146 510 2337 566 Sensit
2383 509 2668 566 dominus
2719 508 3005 565 ultionem
3052 509 3318 566 divinam
3359 527 3488 567 esse
3526 526 3598 566 eo
3639 511 3815 584 quod

2143 616 2289 656 vasa
2329 605 2583 669 sacrata,
2615 616 2738 656 non
2768 599 2859 655 his
2890 600 3241 673 deputanda
3269 600 3415 657 locis
3461 601 3555 657 vel
3583 603 3810 674 pactis,

2142 706 2252 763 pro
2264 690 2726 746 accommodata
2754 690 3012 763 pecunia
3037 691 3398 764 accepisset;
3424 690 3811 765 nimiumque

2143 780 2486 852 perterritus
2516 779 2666 850 fugit
2692 779 2767 836 ad
2797 779 3130 850 ecclesiam,
3162 781 3308 853 quid
3341 781 3565 837 factum
3613 782 3814 838 fuerat

2145 867 2426 924 omnibus
2464 866 2780 931 intimavit,
2813 872 2869 923 et
2900 883 3071 924 sacra
3101 884 3250 923 vasa
3291 869 3648 941 quantocius
3679 886 3717 925 a
3745 885 3811 925 se

2145 958 2360 1026 emisit,
2393 974 2515 1014 non
2545 958 2762 1014 minori
2806 958 3122 1015 formidine
3171 975 3356 1032 quam
3389 959 3532 1016 olim
3559 960 3812 1016 Philistii

2143 1063 2346 1103 arcam
2375 1047 2614 1102 foederis
2661 1047 2897 1103 Domini
2942 1051 3185 1120 propter
3229 1047 3643 1104 imminentem
3682 1049 3811 1104 cla-

2141 1135 2281 1192 dem
2312 1153 2348 1192 a
2378 1152 2439 1191 se
2465 1135 2839 1209 expulerunt.
2871 1138 3012 1202 Quae
3058 1153 3153 1193 res
3195 1137 3348 1192 adeo
3380 1143 3548 1194 terra:
3573 1138 3811 1194 incolas

2141 1225 2439 1292 exterruit,
2503 1231 2568 1282 ut
2625 1225 3058 1282 sceleratiorem
3116 1227 3385 1300 quolibet
3444 1227 3811 1284 indololatra

2141 1316 2464 1388 praedicent
2493 1315 2596 1388 qui
2624 1332 2796 1372 sacra
2821 1332 2967 1372 vasa
2992 1316 3276 1390 deinceps
3308 1317 3370 1372 in
3386 1317 3808 1374 vadimonium

2140 1405 2405 1476 pesuerit
2430 1404 2526 1459 vel
2557 1404 2869 1477 acceperit.
2913 1405 3217 1477 Perpende
3256 1421 3398 1476 ergo
3429 1410 3658 1478 quanta
3687 1403 3811 1460 cul-

2139 1508 2220 1565 pa
2252 1492 2326 1548 sit
2345 1508 2493 1548 vasa
2521 1493 2596 1548 de
2635 1491 2768 1548 sinu
2799 1491 3060 1548 ecclesiae
3090 1507 3320 1565 rapere,
3346 1496 3402 1549 et
3427 1492 3808 1549 saecularium

2141 1580 2424 1636 manibus
2456 1580 2844 1636 committere.

2211 1672 2468 1726 Caveant
2496 1669 2697 1742 itaque
2727 1669 2952 1743 praelati
2984 1669 3254 1726 Ecclesiae
3285 1686 3360 1727 ne
3380 1687 3474 1726 res
3496 1671 3610 1727 sibi
3637 1687 3809 1728 com-

2137 1758 2355 1814 missas
2403 1762 2459 1814 et
2508 1765 2851 1831 susceptam
2905 1775 3242 1833 pauperum
3287 1760 3806 1834 dispensationem

2137 1847 2504 1918 negligenter
2525 1853 2866 1922 tractantes,
2892 1848 3200 1906 incurrant
3222 1849 3650 1907 detrimentum
3675 1850 3806 1906 ani-

2137 1953 2252 1992 mae
2304 1954 2445 1993 suae.
2481 1937 2690 1992 Audivi
2739 1938 2899 1993 enim
2942 1937 3018 1994 de
3063 1937 3433 2011 quibusdam
3475 1939 3802 2013 episcopis,

2139 2029 2289 2084 sicut
2307 2028 2368 2083 in
2396 2027 2667 2100 quadam
2683 2027 2934 2100 epistola
2952 2044 3047 2084 me
3075 2028 3381 2101 scripsisse
3405 2028 3509 2085 tibi
3532 2030 3802 2099 memini,

2137 2117 2280 2188 quia
2328 2115 2638 2172 saecularia
2679 2132 2849 2172 arma
2893 2115 3388 2189 complectuntur,
3421 2123 3476 2173 et
3515 2117 3802 2173 militares

2137 2206 2343 2278 copias
2365 2204 2556 2278 pretio
2575 2205 2940 2276 conducunt,
2959 2211 3016 2261 et
3035 2206 3151 2262 alia
3173 2205 3391 2262 similia
3410 2222 3803 2280 nequaquam

2139 2295 2224 2350 eis
2247 2294 2663 2351 convenientia
2683 2299 3033 2367 sequuntur.
3069 2298 3149 2350 De
3174 2295 3396 2368 quibus
3416 2312 3540 2351 non
3561 2311 3672 2367 ego
3696 2296 3802 2352 sed

2137 2385 2464 2458 Propheta:
2511 2386 2845 2454 Principes,
2888 2385 3100 2458 inquit,
3151 2387 3334 2441 vestri
3377 2388 3523 2442 socii
3565 2388 3798 2456 furum,

2137 2475 2242 2548 qui
2274 2474 2387 2530 sibi
2425 2475 2713 2531 creditam
2744 2474 3137 2532 Ecclesiarum
3175 2475 3574 2532 substantiam
3609 2476 3670 2532 in
3700 2494 3798 2532 su-

2136 2563 2440 2637 pradictos
2487 2581 2634 2619 usus
2682 2563 2903 2620 nefarie
2951 2563 3287 2620 effundunt.
3337 2567 3544 2638 Spreto
3574 2566 3799 2639 quippe

2136 2651 2461 2724 episcopali
2491 2651 2709 2720 ofﬁcio,
2742 2670 2812 2709 ea
2843 2659 3137 2727 appetunt
3165 2671 3303 2728 quas
3333 2655 3690 2712 omnimodo
3716 2655 3802 2711 fu-

2139 2755 2275 2808 gere
2300 2746 2616 2814 oporteret.
2649 2741 2812 2798 Unde
2840 2743 3092 2799 consilio
3132 2759 3269 2799 meo
3299 2743 3525 2816 prealati
3550 2743 3795 2817 quique,

2135 2827 2197 2884 in
2251 2835 2546 2902 quantum
2595 2830 2941 2902 praevalent,
2986 2847 3196 2888 omnes
3245 2848 3283 2888 a
3331 2848 3395 2888 se
3452 2833 3800 2888 occasiones

2138 2917 2471 2988 abscidunt,
2503 2919 2724 2992 quibus
2771 2920 3092 2977 innumera
3135 2921 3362 2978 damna
3407 2921 3541 2977 filiis
3584 2922 3708 2976 suis
3741 2927 3800 2977 et

2139 3007 2316 3064 rebus
2342 3007 2751 3065 ecclesiasticis
2783 3010 3097 3082 provenire
3128 3011 3340 3078 solent,
3359 3016 3423 3066 ut
3450 3011 3598 3067 bene
3624 3009 3798 3066 mini-

2137 3102 2390 3154 strantes
2415 3098 2492 3154 ab
2521 3114 2593 3154 eo
2619 3099 2956 3155 mercedem
2990 3100 3277 3173 recipant,
3311 3101 3478 3172 cujus
3507 3105 3562 3156 et
3589 3100 3794 3157 locum

2135 3191 2356 3255 tenent,
2385 3191 2442 3243 et
2469 3187 2718 3258 vestigia
2742 3189 2912 3262 sequi
2941 3189 3246 3248 deberent.
3278 3189 3435 3246 Vale.

1701 3383 2482 3504 APPEND-‘X.

443 3601 762 3692 Epistolas
793 3602 1269 3670 canonicorum
1305 3598 1852 3680 Carnotensium,
1890 3596 2296 3753 lHildegaﬁi,
2335 3597 2688 3666 Guillelmi
2715 3599 2907 3670 ducis
2934 3601 3313 3686 Aquitaan
3337 3614 3402 3668 et
3429 3601 3723 3669 aliorum

1851 3710 1895 3753 υ
1914 3709 2323 3753 .urzmorum.

1848 3709 2323 3772 plurimorum.

746 3833 1078 3890 EPISTOLA
1117 3833 1272 3888 cxw
1310 3831 1470 3901 [olim
1511 3832 1660 3900 CIX).

376 3977 724 4034 Clarissima
759 3975 1188 4032 Turonensium
1233 3975 1680 4044 archiepiscopo
1716 3975 1796 4030 Η.
1823 3974 1898 4030 Α.
1929 3975 2026 4030 de-

445 4083 630 4123 canus
660 4073 715 4122 et
746 4071 869 4121 tota
918 4065 1300 4135 congregatio
1329 4065 1753 4120 canonicorum
1791 4064 2026 4120 Sanctae

442 4155 656 4210 Maria"
685 4154 1139 4209 Carnotensium
1165 4167 1362 4223 prona
1392 4158 1569 4223 atque
1597 4153 1809 4208 devota
1827 4153 2024 4221 ﬁdeli-

445 4243 584 4298 tatis
610 4241 946 4312 obsequium
979 4247 1032 4297 et
1062 4243 1350 4298 orationis
1377 4242 1755 4312 suffragium.

445 4374 643 4443 Nuper
661 4375 985 4444 antequam
1012 4374 1347 4428 Romanum
1376 4371 1527 4428 inter
1546 4388 1721 4442 agere
1752 4373 2028 4446 coepisset

2132 3833 2240 3896 ret,
2254 3828 2328 3884 de
2348 3828 2480 3901 ipso
2501 3827 2708 3886 itinere
2727 3829 3046 3886 nobiscum
3069 3846 3274 3900 agens,
3289 3831 3796 3904 conquerentibus

2130 3919 2338 3975 nosbis
2354 3923 2490 3992 post
2504 3920 2858 3976 abscessum
2875 3921 2924 3992 ej
2935 3938 3005 3976 us
3019 3921 3209 3978 multa
3221 3938 3334 3978 nos
3345 3938 3381 3978 a
3393 3921 3668 3995 pluribus
3688 3922 3795 3979 ad-

2131 4025 2305 4064 versa
2335 4024 2642 4081 passuros,
2674 4014 2730 4066 et
2756 4010 3114 4066 nominatim
3141 4027 3178 4066 a
3210 4011 3515 4068 Fulcherio
3545 4012 3795 4085 ejusque

2132 4097 2438 4170 nepotulo,
2485 4115 2733 4154 suorum
2781 4115 3025 4172 quoque
3074 4099 3399 4173 manipulis
3446 4100 3672 4167 furum,
3699 4100 3795 4156 ille

2133 4193 2476 4245 constanter
2517 4194 2574 4245 et
2601 4188 3038 4256 confortatorie,
3071 4194 3136 4246 ut
3164 4189 3333 4257 solet,
3361 4190 3425 4246 in
3451 4190 3672 4247 talibus
3701 4206 3793 4246 re-

2135 4277 2415 4350 spondit:
2451 4279 2736 4334 Malorum
2755 4279 3005 4351 injurias
3035 4279 3180 4336 boni
3205 4279 3622 4352 aequanimiter
3643 4279 3793 4336 ferre

2133 4365 2372 4422 debent.
2409 4368 2477 4422 Ut
2519 4366 2678 4422 enim
2727 4367 2840 4440 ipsi
2885 4367 3076 4440 legitis
3122 4368 3182 4424 in
3226 4369 3497 4442 quadam
3546 4368 3796 4425 homilia

371 4459 752 4516 beatissimus
794 4463 959 4516 Pater
985 4465 1187 4516 noster
1227 4461 1533 4517 Fulbertus
1565 4462 1676 4533 (49)
1707 4461 2024 4535 episcopus
2063 4478 2108 4531 1)
2132 4455 2292 4512 beati
2316 4472 2488 4528 papae
2520 4457 2799 4528 Gregorii,
2835 4458 3019 4514 bonus
3057 4475 3177 4515 non
3203 4461 3348 4529 fuit,
3379 4460 3642 4532 quisquis
3671 4476 3797 4516 ma-

371 4554 593 4615 vestro,
623 4554 689 4606 ut
717 4549 896 4620 scitis,
929 4549 1089 4606 dulci
1119 4566 1262 4605 usus
1284 4555 1371 4606 est
1399 4550 1716 4623 colloquio.
1748 4552 1911 4607 Unde
1933 4567 2025 4607 re-

370 4655 582 4695 versus
601 4638 750 4695 dum
777 4637 1047 4711 quadam
1068 4638 1164 4694 die
1184 4638 1246 4694 in
1262 4643 1560 4695 conventu
1585 4645 1790 4696 nostro
1810 4640 2026 4697 reside-

443 4817 551 4889 (49)
584 4815 924 4890 Fulbertum
973 4819 1221 4890 Romam
1271 4833 1409 4872 cum
1463 4816 1717 4890 Boberto
1754 4833 1891 4888 rege
1922 4833 2025 4890 pe-

371 4887 1050 4969 tiisseperegrinationis
1073 4904 1282 4969 causa
1321 4887 1614 4969 suspicor.
1657 4887 2025 4969 Repetenim

369 4958 680 5032 ﬂobertus,
711 4958 909 5032 inquit
951 4959 1164 5015 Paulus
1195 4959 1384 5015 Emil.
1419 4958 1477 5014 in
1518 4959 1670 5014 illius
1714 4959 1868 5032 Vita,
1891 4976 2024 5016 cum

371 5030 569 5085 Romae
589 5030 848 5093 esset,a_d
872 5031 999 5086 divi
1017 5033 1274 5100 apostoli
1299 5046 1470 5087 aram
1499 5031 1788 5099 scriptum
1811 5031 2024 5086 obtulit

368 5101 566 5172 pridie
590 5102 936 5168 festivitatis
967 5103 1228 5172 apostali
1268 5104 1328 5157 in
1377 5119 1490 5172 quo
1530 5101 1862 5172 antiphona
1892 5105 2026 5158 Cor-

371 5169 562 5245 nelius
588 5172 864 5245 Centurio
884 5169 1318 5229 continebatur.
1346 5169 1406 5228 In
1418 5171 1593 5228 veteri
1617 5169 2024 5245 manuscripto

373 5239 611 5296 Chron.:
639 5244 816 5296 Anno
842 5247 976 5296 M26
1003 5245 1144 5299 Rob.
1175 5260 1284 5300 rex
1313 5247 1685 5300 Francorum
1724 5239 2023 5312 piissimus

371 5311 618 5386 Romam
646 5327 829 5386 causa
858 5313 1183 5386 devotionis
1221 5323 1275 5371 et
1301 5311 1802 5386 peregrinationis
1837 5318 2021 5386 proﬁ-

373 5383 594 5456 ciscens
640 5383 837 5451 pridie
868 5385 1091 5456 vigiliae
1138 5387 1252 5455 Ap.
1293 5383 1478 5443 Pauli
1517 5387 1730 5442 obtulit
1767 5383 2018 5456 Antiph.

373 5451 602 5510 Cornel.
645 5451 951 5510 Centuriof
976 5457 1091 5511 Hic
1120 5451 1272 5514 enim
1305 5465 1433 5514 erat
1462 5459 1722 5514 numinis
1750 5451 2021 5514 reveren-

373 5525 652 5602 tissimus,
695 5525 1042 5602 liberalibus
1089 5531 1300 5585 studiis
1347 5533 1650 5602 sacrisque
1677 5530 2022 5602 disciplinis

370 5597 626 5666 deditus,
662 5598 882 5667 priscae
932 5602 1269 5659 sanctitatis
1315 5597 1601 5658 manus.
1646 5597 2022 5670 Antiphontis

2137 4546 2221 4601 los
2249 4561 2370 4601 non
2395 4547 2691 4603 toleravit.

2203 4641 2433 4713 Adjecit
2472 4649 2758 4718 praeterea
2784 4660 2846 4701 se
2875 4644 3049 4702 vobis
3094 4645 3234 4701 inde
3273 4645 3458 4702 fuisse
3498 4644 3788 4713 locutum,

2133 4835 2424 4895 sacraque
2451 4838 2705 4893 repensa
2726 4823 3000 4895 quaedam
3031 4824 3236 4891 edidit,
3244 4824 3476 4894 judicio
3505 4823 3794 4881 Ecclesia

2134 4894 2427 4967 universae
2453 4964 2461 4967 Α
2487 4894 2750 4967 probata
2807 4901 3196 4967 receptaque:
3261 4896 3551 4965 ejusmodi
3609 4900 3793 4967 sunt:

2137 4963 2333 5019 Sancti
2366 4963 2636 5038 Spiritus,
2669 4967 2712 5022 Ο
2741 4963 3083 5022 Constantia
3112 4963 3466 5038 martyrum.
3503 4966 3672 5034 Quod
3698 4982 3792 5022 re-

2132 5037 2506 5103 sponsorium
2560 5039 2950 5107 composuisse
2987 5038 3197 5105 ferunt
3243 5037 3377 5094 cum
3411 5038 3790 5106 Constantia,

2135 5107 2299 5180 illius
2329 5124 2504 5177 uxor,
2539 5109 2855 5164 Robertum
2904 5110 3187 5164 maritum
3231 5115 3494 5180 rogasset
3526 5115 3593 5164 ut
3621 5110 3682 5180 in
3714 5109 3792 5163 il-

2137 5177 2249 5250 lius
2274 5180 2533 5248 gratiam
2567 5181 2814 5250 aliquod
2835 5195 3075 5236 carmen
3107 5177 3401 5236 conderet.
3427 5180 3577 5237 Cum
3605 5179 3795 5236 Λυαί-

2134 5249 2325 5323 lenem
2367 5249 2678 5323 obsideret,
2722 5252 2893 5307 nullo
2935 5258 3320 5321 oppugnante
3377 5257 3790 5323 quassanteve,

2131 5319 2234 5374 sed
2261 5334 2325 5374 eo
2364 5321 2424 5374 in
2474 5322 2862 5378 tabernaculo
2913 5319 3162 5392 hymnos
3210 5319 3628 5387 concinnanle,
3678 5337 3793 5378 sua

2130 5395 2336 5463 sponte
2353 5406 2645 5463 magnam
2676 5409 2982 5449 murorum
3005 5399 3239 5463 partem
3272 5395 3529 5450 caruisse
3554 5395 3791 5463 ferunt,

2132 5461 2290 5516 velut
2322 5462 2607 5547 divinitus
2627 5480 2724 5547 hac
2763 5466 2992 5547 superis
3005 5461 3362 5547 veneratqri
3386 5481 3493 5547 suo
3520 5461 3792 5547 gratiam

2126 5540 2476 5660 piiﬁsentem
2546 5536 2958 5605 referentibus.
3035 5535 3196 5592 Paul.
3265 5535 3455 5592 Emi].
3524 5535 3588 5592 in
3652 5535 3790 5606 ejus
