4018 6176
160 131 263 184 265

1727 118 2115 179 EPISTOLIE.

3560 146 3665 199 266

160 267 265 307 νος
287 249 474 305 etiam
501 248 583 305 illi
605 253 663 305 et
679 250 852 306 nobis
870 248 1171 323 prodesse,
1198 239 1276 296 de
1309 242 1480 313 ipsis
1496 240 1854 298 malefacto-
1894 246 1944 300 Α
1971 243 2089 301 hoc
2107 244 2264 301 bene
2293 261 2364 303 ac
2394 246 2699 319 sapienter
2727 249 2885 306 facto
2941 252 3198 311 nimium
3255 259 3662 327 gratulaturo.

160 340 324 396 ribus
371 338 744 409 adjutorium
769 340 1114 412 promisisse.
1172 331 1375 394 QUOd
1419 331 1475 387 si
1518 331 1857 388 necessitas

161 432 422 497 urgeret,
455 427 738 500 praecepit
765 428 953 484 statim
981 430 1183 483 vestrae
1222 419 1639 492 paternitatis
1696 420 1857 477 sola-

157 518 311 573 tium
331 531 453 572 nos
482 514 668 571 adire.
695 516 865 581 Quod
889 532 1043 571 nunc
1063 512 1359 579 iacimus,
1426 508 1857 583 potentissime

157 608 350 671 Pater,
382 602 572 659 variis
600 602 760 675 pulsi
810 599 1299 660 tribulationibus.
1380 602 1532 654 Nam
1584 602 1655 654 ut
1706 597 1857 656 alias

156 694 542 760 omittamus,
602 691 684 748 illi
755 686 1238 753 anathematizati,
1298 702 1585 760 quorum
1668 704 1857 761 supra

158 781 584 847 meminimus,
610 785 936 853 postquam
963 776 1387 836 dilectissimus
1436 779 1611 849 pater
1651 782 1858 834 noster

158 873 322 929 viam
356 886 543 927 suam
571 869 777 936 tenuit,
807 874 992 925 terras
1011 872 1238 924 nostras
1268 880 1419 938 quae
1450 868 1597 921 sunt
1624 865 1689 921 in
1736 866 1856 923 mi-

52 994 57 1001 -
157 957 665 1030 nisterio,Heruci
686 962 744 1013 et
770 956 1012 1025 Tetoldi,
1042 954 1212 1028 quasi
1239 953 1376 1027 lupi
1404 953 1614 1011 caulas
1644 955 1857 1012 ovium

157 1050 598 1122 irrumpentes,
627 1046 805 1102 nobis
834 1044 1285 1101 immerentibus
1350 1043 1605 1116 praedati
1689 1050 1853 1102 sunt.

159 1142 367 1211 Neque
382 1136 576 1193 etiam
592 1134 819 1191 rabidis
836 1150 1047 1191 eorum
1064 1132 1370 1190 morsibus
1389 1131 1600 1189 ovium
1621 1134 1856 1191 damna

160 1228 541 1284 suffecerunt
572 1242 586 1293 ;
618 1226 744 1281 imo
766 1240 908 1280 vero
939 1223 1019 1280 ad
1046 1222 1484 1280 devastandam
1511 1224 1854 1297 quamdam

158 1317 428 1391 pastoris
458 1315 653 1389 ipsius
680 1318 1035 1387 potestatem
1056 1327 1193 1385 quas
1221 1310 1436 1368 dicitur
1458 1313 1855 1388 Ermenulphi

158 1404 323 1475 villa,
346 1420 415 1461 se
445 1406 887 1460 converterunt.
921 1400 1175 1457 Proinde
1202 1416 1491 1472 rogamus
1542 1420 1672 1473 vos,
1723 1405 1852 1477 jus-

161 1494 394 1552 tissima
414 1496 614 1561 Pater,
632 1496 700 1548 ut
715 1496 958 1564 propter
970 1505 1243 1547 amorem
1261 1494 1479 1547 sanctae
1497 1497 1849 1550 sanctarum

1971 333 2145 399 Quod
2179 334 2228 390 si
2258 350 2681 427 non__oramus.
2716 338 2928 395 saltem
2948 358 3061 398 nos
3088 352 3387 418 exspecta
3442 356 3669 427 suppli-

1967 439 2066 479 ces
2096 428 2230 481 tuos
2283 442 2296 479 :
2356 424 2528 480 illum
2576 442 2885 484 reversum
2937 447 3116 504 super
3154 435 3275 491 hoc
3310 424 3664 502 consultum

1964 512 2049 569 ire
2076 514 2389 586 debentes,
2420 532 2457 572 a
2486 517 2662 589 cujus
2702 523 2854 575 nutu
2881 523 3143 593 pendent
3187 534 3413 588 nostra
3472 537 3663 594 consi-

1963 601 2068 673 lia,
2100 619 2300 677 neque
2328 603 2568 661 interim
2599 606 2793 662 ullum
2821 607 3200 670 interdictum
3244 616 3441 676 facias
3471 625 3659 681 eccle-

1967 690 2068 746 siis
2093 692 2335 747 nostris.
2373 695 2526 750 Bene
2557 694 2803 766 agendo
2828 697 3053 765 valeas,
3110 701 3185 757 de
3242 710 3518 766 sacrario
3574 716 3658 770 tui

1966 780 2232 853 pectoris
2248 780 2397 854 quid
2428 784 2656 840 oraculi
2716 803 2896 860 super
2920 788 3048 845 haec
3094 794 3448 861 egrediatur
3478 802 3653 857 nobis

1965 868 2299 925 rescribere
2313 885 2390 926 ne
2408 874 2698 942 graveris,
2724 874 3296 954 iterumiterumque
3316 900 3388 941 ac
3410 904 3651 961 semper

1964 958 2193 1017 valeas.

2339 1034 2681 1092 EPISTOLA
2721 1037 2876 1092 CXVI
2915 1037 3076 1108 [olim
3118 1043 3276 1114 cxx.)

1961 1118 2214 1176 Amicus
2234 1122 2426 1179 amico
2447 1126 2822 1180 HILDEGARIUS
2846 1127 3124 1184 SIGIFRIDO
3149 1133 3334 1188 totius
3367 1134 3508 1190 boni
3524 1139 3648 1207 suf-

2463 1214 2793 1282 ﬁcientiam
2822 1223 3133 1283 precatur.

2035 1298 2191 1354 Dum
2222 1299 2389 1372 apud
2416 1316 2528 1357 nos
2558 1302 2900 1370 morareris,
2934 1303 3086 1361 inter
3113 1307 3351 1379 primos
3421 1312 3640 1369 amico-

1958 1401 2097 1442 rum
2123 1390 2682 1493 meorum‘habitus,
2694 1391 2856 1493 quid
2874 1393 3021 1491 mihi
3044 1395 3160 1450 tuis
3186 1397 3494 1471 obsequiis
3515 1402 3635 1473 ple-

1957 1490 2219 1549 rumque
2262 1478 2465 1535 dedito
2518 1478 2815 1553 pollicitus
2869 1480 2973 1550 sis,
3033 1500 3369 1543 memorem
3422 1493 3473 1545 te
3505 1506 3633 1548 esse

160 1583 439 1641 nomine
466 1585 712 1650 nostra,
740 1580 835 1637 cui
856 1579 1156 1637 servimus
1187 1578 1323 1636 licet
1349 1578 1601 1651 indigni,
1652 1581 1847 1656 ipsius
1888 1598 1930 1653 Β
1955 1568 2124 1637 puto.
2160 1570 2292 1641 Ipse
2324 1572 2525 1625 tamen
2543 1570 2672 1641 ejus
2704 1569 2789 1626 rei
2814 1575 2866 1626 te
2885 1575 3455 1648 commonefaciens,
3483 1596 3630 1651 rogo

159 1689 413 1747 quoque
441 1669 810 1728 dilectissimi
839 1669 1042 1737 vestri,
1070 1667 1177 1741 qui
1203 1668 1265 1724 in
1293 1669 1468 1725 vobis
1509 1670 1847 1744 plurimum

161 1762 435 1830 conﬁdit,
467 1765 528 1817 et
554 1776 667 1816 nos
694 1758 902 1816 abiens
930 1762 1127 1815 vestro
1156 1757 1492 1831 patrocinio
1513 1760 1842 1831 commisit,

160 1850 443 1926 praedam
490 1864 671 1906 suam
724 1852 782 1904 et
806 1850 1077 1905 nostram
1124 1845 1373 1904 reddere
1406 1847 1666 1919 faciatis,
1701 1865 1844 1905 cum

161 1945 392 2015 nepote
429 1943 620 1995 vestro
674 1935 1001 1994 Gaudfrido
1054 1950 1423 2010 magn0pere
1475 1937 1839 2008 satagendo,

161 2034 471 2105 quatenus
490 2026 608 2101 ipsi
636 2025 765 2100 lupi
793 2041 886 2082 res
915 2023 1148 2081 domini
1176 2026 1449 2097 praesulis
1479 2031 1537 2084 et
1595 2030 1841 2084 nostras

109 2170 115 2175 .
162 2120 455 2193 deinceps
491 2132 617 2174 non
643 2116 944 2190 diripiant,
969 2114 1065 2171 vel
1108 2113 1298 2173 donec
1347 2122 1657 2175 annuente
1719 2121 1839 2175 Deo

163 2210 293 2284 ipse
344 2208 579 2265 redeat.
635 2206 831 2263 Valete
904 2208 962 2261 et
1029 2221 1137 2262 vos
1195 2206 1495 2280 supplices
1575 2210 1835 2277 vestros,

163 2298 468 2373 quidquid
498 2297 575 2354 de
602 2296 676 2353 iis
706 2295 963 2368 egeritis,
995 2293 1345 2353 mandando
1372 2297 1597 2355 rescire
1618 2296 1839 2367 digna-

162 2404 330 2446 m'
562 2458 893 2515 EPISTOLA
930 2456 1061 2515 cxv
1097 2456 1257 2529 [olim
1302 2459 1428 2531 0x1.

788 2548 983 2619 (Anno
1016 2547 1199 2618 1022.)

171 2636 521 2695 Venerabili
542 2638 674 2691 Lex.
703 2640 873 2705 pont.
908 2637 1077 2690 Hann.
1112 2651 1385 2707 congreg.
1421 2652 1643 2694 canon.
1676 2637 1837 2693 San-

226 2734 344 2785 ctte
368 2726 587 2782 Mariae
617 2726 863 2782 Carnot.
890 2726 1224 2795 plurmum
1243 2726 1476 2783 salvere
1506 2733 1562 2783 et
1612 2727 1835 2783 oratio-

227 2819 322 2873 nis
339 2816 663 2885 suffragia.

224 2906 431 2973 Iubes,
459 2904 679 2977 inclyte
700 2903 942 2977 praasul,
980 2920 1092 2960 nos
1117 2903 1259 2962 dare
1284 2905 1390 2962 tibi
1416 2903 1695 2962 circadas
1716 2904 1830 2976 (34)

1954 1658 2022 1709 ut
2050 1656 2390 1713 secundum
2421 1658 2890 1731 promissionem
2939 1665 3104 1717 tuam
3158 1664 3360 1722 mittas
3404 1683 3628 1741 equum

1956 1741 2450 1814 ambulatorium,
2471 1746 2718 1820 qualem
2746 1752 2800 1803 te
2831 1748 2996 1817 dare,
3029 1765 3141 1807 nos
3181 1769 3425 1829 quoque
3476 1761 3625 1814 rcci-

1953 1846 2095 1904 pere
2125 1832 2336 1892 deceat
2364 1853 2377 1891 :
2414 1852 2556 1893 cum
2585 1837 2700 1893 illis
2731 1836 3015 1909 equidem
3050 1842 3242 1898 sentio
3274 1845 3377 1916 qui
3430 1847 3630 1903 amici-

1952 1920 2099 1978 tiam
2127 1938 2252 1980 non
2282 1930 2529 1998 propter
2556 1942 2620 1982 se
2644 1930 2900 1993 tantum,
2925 1927 3032 1983 sed
3062 1935 3118 1985 et
3141 1939 3385 2005 propter
3414 1936 3625 1992 utilita-

1950 2013 2072 2068 tem
2098 2019 2349 2071 censent
2375 2031 2507 2072 esse
2533 2015 2956 2090 expetendam.
2989 2018 3096 2075 Diu
3123 2021 3332 2078 vivens
3366 2028 3423 2079 et
3469 2023 3623 2081 bene

1949 2115 2137 2171 agens
2159 2103 2413 2176 praemio
2445 2110 2666 2162 aeterno
2708 2105 2973 2178 potiaris.

2301 2196 2638 2251 EPISTOLA
2677 2196 2853 2251 cxvn
2894 2196 3056 2267 [olim
3098 2201 3277 2272 cxn.]

1948 2280 2347 2351 HILDEGARIUS,
2370 2282 2600 2340 domini
2625 2282 2903 2339 Fulberti
2928 2286 3280 2358 discipulus,
3326 2291 3618 2348 SIGEFRIDO

2232 2371 2363 2428 Hic.
2396 2386 2544 2428 com.
2574 2373 2790 2441 capell.
2822 2373 3022 2431 adhuc
3050 2378 3328 2436 salutem.

2015 2457 2226 2514 Verbis
2246 2459 2333 2515 tui
2353 2459 2537 2517 ﬁdem
2563 2460 2808 2518 minime
2832 2479 3075 2520 servans
3101 2466 3204 2522 diu
3225 2484 3320 2523 me
3338 2467 3612 2524 fefellisti.

1944 2547 2132 2619 Unde,
2166 2564 2312 2605 cum
2341 2566 2440 2606 me
2482 2550 2801 2624 deceptum
2855 2569 2983 2609 esse
3033 2553 3293 2623 doleam,
3343 2560 3468 2613 tum
3500 2575 3612 2631 pro

1941 2635 2265 2694 mendacio
2315 2642 2420 2696 tuo
2468 2640 2666 2712 pudor
2715 2640 2861 2697 mihi
2916 2643 3221 2699 maximus
3300 2645 3608 2718 ingeritur.

1940 2728 2069 2782 Non
2094 2724 2259 2782 enim
2284 2728 2522 2785 deceret
2575 2732 2801 2786 tantam
2854 2747 3183 2804 personam
3239 2734 3607 2805 probrosum

1941 2812 2213 2871 falsitatis
2239 2833 2465 2874 nomen
2496 2817 2714 2875 subire.
2757 2821 3130 2878 Horrendum
3160 2822 3339 2878 etiam
3369 2829 3520 2879 esset
3549 2824 3612 2879 in

1940 2901 2239 2975 sacrilegii
2260 2906 2485 2964 crimen
2509 2906 2787 2975 incidere,
2804 2909 2969 2984 quia,
2994 2910 3388 2993 sicutlegi‘tur,
3420 2912 3611 2969 Verba

159 2996 230 3053 de
258 2994 534 3053 ecclesiis
562 2993 778 3051 nostris
807 3010 943 3068 quae
975 2998 1113 3049 sunt
1136 2994 1198 3050 in
1226 2994 1534 3069 episcopio
1582 2998 1705 3049 tuo.
1761 2997 1833 3051 At
1873 2993 1913 3011 ν
1937 2993 2268 3050 sacerdotis
2297 3002 2406 3052 aut
2435 3012 2575 3054 vera
2606 2999 2921 3070 sacrilega.
2978 2999 3242 3057 Obsecro
3272 3001 3472 3075 itaque
3502 3018 3611 3076 per

160 3102 268 3143 nos
298 3083 612 3141 serenitati
640 3087 756 3141 tuae
778 3099 990 3140 verum
1016 3082 1309 3157 quiddam
1331 3085 1615 3141 intimare
1670 3083 1833 3139 volu-

160 3192 319 3244 mus,
355 3173 583 3231 scilicet
610 3173 778 3248 quod
807 3172 1076 3246 episcopi
1113 3176 1304 3231 Beata:
1329 3174 1544 3245 Mariae,
1590 3174 1655 3228 in
1684 3188 1834 3246 quo-

158 3281 293 3322 rum
317 3263 570 3320 dioecesi
598 3261 985 3336 possidemus
1011 3261 1313 3333 ecclesias,
1364 3264 1533 3320 hunc
1591 3278 1833 3335 semper

160 3354 386 3411 amoris
409 3357 469 3409 et
503 3350 842 3409 reverentiae
872 3350 1100 3407 cultum
1141 3351 1546 3409 exhibuerunt
1606 3355 1830 3407 sanctae

161 3442 512 3495 sanctarum
541 3436 808 3493 Dominae
837 3441 1076 3504 nostrae,
1105 3439 1169 3492 ut
1224 3452 1262 3493 a
1307 3436 1485 3493 nobis
1534 3436 1667 3508 ejus
1696 3435 1833 3493 licet

158 3526 427 3600 indignis
456 3526 699 3583 famulis
726 3542 1116 3600 nequaquam
1145 3524 1449 3597 exigerent
1469 3525 1528 3582 id
1548 3525 1829 3598 obsequii

159 3616 326 3691 quod
355 3616 632 3690 requiris.
673 3615 835 3682 Vide,
890 3632 1118 3689 quasso,
1151 3632 1228 3672 ne
1278 3615 1612 3691 importuni
1649 3631 1829 3689 voce-

158 3723 317 3778 mur,
348 3706 501 3763 dum
529 3719 816 3775 rogamus
836 3709 912 3772 te,
944 3704 1206 3776 benigne
1231 3708 1420 3775 Pater,
1448 3709 1529 3774 ut,
1574 3705 1830 3764 honesta

160 3801 510 3854 sanctorum
555 3797 797 3850 Patrum
844 3810 1104 3867 sequens
1154 3793 1431 3864 vestigia,
1492 3809 1607 3850 nos
1645 3793 1829 3866 hujus

157 3886 470 3960 pensionis
496 3884 747 3955 angaria
779 3883 1122 3940 nullatenus
1171 3882 1423 3955 obliges,
1476 3900 1555 3940 ne
1601 3882 1665 3939 in
1712 3882 1829 3941 hac

156 3979 339 4050 parte
366 3973 538 4030 nobis
564 3972 863 4031 oﬁciendi
891 3972 1122 4047 primus
1151 3978 1361 4031 auctor
1398 3973 1529 4047 ipse
1579 3973 1821 4030 noteris.

158 4066 459 4139 Optamus
485 4063 642 4121 enim
672 4063 892 4137 potius,
922 4078 1047 4119 non
1072 4079 1263 4137 parvo
1288 4067 1408 4119 tuae
1435 4063 1632 4136 ipsius
1674 4062 1827 4120 utili-

156 4153 294 4210 tatis
322 4168 532 4210 amore
551 4152 735 4221 ducti,
761 4152 822 4208 in
848 4152 989 4209 albo
1013 4152 1200 4209 felicis
1230 4151 1460 4209 ordinis
1478 4151 1825 4209 benefacto-

1940 3084 2215 3139 sanctam
2240 3084 2569 3143 amicitiam
2593 3104 2729 3160 quae
2763 3088 2918 3146 inter
2951 3106 3064 3145 nos
3112 3105 3240 3146 esse
3285 3091 3481 3159 debet,
3542 3096 3609 3149 ut

1937 3169 2204 3227 honestas
2247 3174 2510 3230 veritatis
2565 3175 2742 3231 famae
2800 3181 2855 3232 te
2910 3177 3272 3249 reconcilies,
3316 3180 3607 3237 mittendo

1938 3258 2086 3315 mihi
2117 3260 2197 3316 ad
2216 3277 2485 3334 praesens
2511 3279 2619 3337 per
2644 3266 2989 3323 Gauterium
3036 3268 3406 3325 monachum
3460 3269 3606 3326 olim

1938 3364 2166 3421 meum,
2220 3353 2432 3408 merito
2480 3353 2628 3409 mihi
2684 3355 3051 3427 promissum
3110 3355 3220 3411 abs
3288 3361 3340 3413 te
3410 3357 3608 3414 cabal-

1935 3436 2085 3494 lum.
2138 3440 2312 3505 Quod
2357 3441 2420 3497 ni
2472 3441 2700 3509 feceris,
2760 3444 2999 3500 noveris
3068 3449 3121 3500 te
3201 3445 3470 3502 funditus
3525 3446 3603 3502 ab

1938 3541 2144 3584 amore
2201 3532 2407 3584 nostro
2465 3529 2784 3600 decidisse,
2832 3536 2976 3589 teste
3038 3533 3401 3591 conscientia
3444 3552 3601 3605 mea,

1935 3615 2211 3689 dixerim,
2266 3616 2327 3673 in
2379 3618 2495 3675 hoc
2542 3621 2709 3693 quod
2768 3636 2879 3693 ego
2932 3626 2985 3679 te
3031 3638 3202 3695 rogo,
3237 3640 3361 3680 non
3411 3624 3605 3695 magis

1934 3704 2246 3762 utilitatem
2276 3722 2478 3764 meam
2507 3725 2695 3781 quam
2744 3714 2913 3767 tuam
2963 3716 3019 3768 et
3068 3712 3249 3769 simul
3308 3714 3602 3771 honorem

1933 3797 2171 3867 exopto.

2256 3884 2586 3940 EPISTOLA
2633 3888 2836 3942 CXVIII
2876 3888 3038 3957 [olim
3071 3890 3269 3959 cxm].

1937 3973 2117 4042 Quem
2127 3988 2304 4044 purae
2327 3973 2663 4029 dilectionis
2684 3975 2905 4043 affectu
2921 3977 3062 4031 colit
3092 3978 3384 4033 seniorem
3425 3994 3598 4035 suum

2186 4064 2247 4118 E.
2292 4064 2669 4117 HILDEGARIUS
2714 4063 3051 4131 plurimum
3110 4066 3345 4122 salutis.

2004 4150 2116 4223 (51)
2153 4149 2628 4221 Potionemlcra,
2655 4166 2842 4223 quam
2891 4152 3175 4209 dominus
3219 4155 3439 4227 praesul
3493 4156 3599 4213 tibi

156 4257 293 4299 rum
319 4245 738 4299 nostrorumte
767 4241 1084 4312 recenscri,
1110 4245 1177 4297 ut
1205 4257 1343 4298 cum
1374 4257 1488 4315 pro
1519 4240 1654 4311 illis,
1696 4245 1824 4298 tum
1864 4311 1899 4317 _
1935 4239 2129 4309 mittit,
2158 4255 2361 4296 sumes
2389 4255 2531 4295 cum
2561 4255 2722 4313 aqua
2746 4240 2940 4297 calida
2991 4246 3127 4299 ante
3175 4246 3598 4317 crepusculum

158 4330 336 4388 etiam
362 4346 477 4404 pro
496 4334 555 4387 te
562 4330 707 4402 juge
730 4330 983 4387 Domino
1005 4311 1729 4399 sacriﬁcium—offerentes,
1752 4346 1823 4389 ac
1862 4311 1908 4367 ί)
1932 4329 2070 4387 diei.
2100 4332 2276 4386 Nocte
2301 4345 2426 4403 qua
2455 4311 2640 4385 debes
2662 4346 2798 4386 eam
2827 4331 3115 4405 accipere,
3137 4348 3259 4389 non
3274 4311 3547 4392 coenahis
3580 4356 3594 4405 ;

159 4419 556 4478 humanitatis
609 4424 725 4476 tute
769 4418 1066 4477 beneﬁcia
1119 4436 1326 4477 coram
1355 4420 1456 4477 illa
1483 4420 1821 4494 recitantes,

158 4509 415 4581 dignum
444 4513 500 4566 te
529 4507 682 4565 libro
706 4525 951 4583 quoque
971 4510 1108 4565 vita;
1138 4508 1391 4566 ccclestis
1409 4510 1590 4567 inseri
1610 4511 1826 4583 praedi-

159 4614 388 4655 cemus.
419 4601 710 4654 Praeterea
733 4613 858 4654 non
887 4597 1253 4656 arbitramur
1277 4598 1500 4655 notities
1544 4602 1660 4655 tuae
1704 4615 1826 4657 am-

155 4687 519 4761 plitudinem
541 4687 879 4761 praeterisse
909 4687 1228 4744 dominum
1255 4692 1529 4745 nostrum
1588 4688 1823 4747 Fulber-

154 4781 283 4834 tum
309 4776 691 4850 episcopum,
719 4776 816 4833 cui
846 4782 901 4834 te
930 4776 1103 4834 valde
1129 4776 1381 4834 charum
1409 4794 1542 4836 esse
1576 4779 1821 4851 scimus,

155 4864 413 4918 Romam
434 4875 702 4935 pergere.
737 4860 910 4928 Quod
933 4860 1069 4918 ideo
1096 4877 1530 4935 memoramus,
1562 4867 1648 4934 ut,
1693 4864 1743 4920 si
1759 4863 1825 4920 li-

151 4948 454 5008 beralitati
472 4954 591 5006 tute
617 4949 908 5024 placuerit
932 4954 1152 5007 nostrae
1173 4950 1442 5024 petitioni
1464 4951 1686 5021 favere,
1710 4968 1822 5009 nos

151 5038 213 5097 id
235 5039 345 5108 illi,
378 5055 522 5096 cum
545 5038 802 5110 redierit,
825 5039 1299 5108 innotescamus,
1322 5040 1426 5097 tibi
1448 5040 1693 5115 quidem
1713 5057 1822 5115 pro

221 5166 338 5239 (50)
356 5164 706 5248 .Canonicos
734 5167 1134 5248 parnotenses
1162 5166 1492 5248 aliquando
1536 5166 1823 5248 episcopo

156 5234 508 5313 Lexoviensi
536 5236 614 5313 de
635 5234 898 5313 ecclesiis
930 5236 1054 5293 suis
1076 5234 1430 5313 visitationis
1455 5239 1556 5313 jus
1571 5234 1825 5313 "persol-

154 5308 313 5365 visse
341 5311 618 5382 apparet.
650 5311 878 5382 Nomen
905 5313 1109 5382 autem
1136 5310 1384 5382 circada
1430 5308 1624 5367 oritur
1646 5327 1683 5367 a
1713 5310 1827 5367 cir-

154 5379 596 5437 cumeofUtitur
620 5396 691 5436 eo
723 5380 905 5436 verbo
954 5380 1174 5438 senius
1205 5380 1562 5437 Hincmarus
1599 5382 1826 5438 archie-

196 5450 389 5526 iscop.
423 5453 589 5507 Rem.
621 5451 791 5523 epist.
852 5456 902 5526 t,
937 5450 1016 5508 ad
1037 5450 1193 5526 Lud.
1229 5452 1390 5509 Balb.
1429 5452 1600 5525 imp.,
1642 5469 1826 5526 quem

195 5495 589 5597 ἔξιὶῗιιιῖρεῖξ
610 5495 750 5597 ᾆ¹ιιῐ
758 5495 985 5597 ἐοοίεξ.
1000 5539 1062 5597 m
1082 5495 1194 5597 ξειὸ
1215 5495 1399 5595 νὲἇῆὀ
1429 5495 1554 5594 ’ᾖρῖ
1574 5495 1830 5597 ὀεῖἆᾶἴ-

154 5594 386 5652 nobiles
416 5594 691 5651 circadas
712 5598 769 5651 et
790 5609 905 5665 per
933 5594 1226 5653 indebitus
1264 5594 1827 5654 consuetudinarias

403 5683 656 5744 Pirum.
695 5685 870 5743 CXLI.

1933 4422 1991 4475 et
2025 4418 2159 4492 ipsa
2186 4422 2361 4475 nocte
2385 4417 2646 4491 positam
2665 4419 2974 4493 potionem
3003 4420 3066 4476 in
3096 4422 3362 4488 vasculo,
3390 4423 3451 4478 in
3472 4441 3595 4497 quo

1931 4506 2420 4581 distemperanda
2441 4510 2548 4576 est,
2605 4525 2877 4581 asserges
2909 4509 3049 4566 salis
3078 4525 3338 4580 gemma.
3388 4509 3501 4575 vel,
3546 4507 3595 4562 si

1930 4596 2059 4654 hinc
2088 4613 2214 4655 non
2235 4597 2423 4666 adest,
2457 4596 2714 4655 delicato
2736 4598 2857 4654 sale
2874 4598 2952 4655 ad
2976 4613 3235 4671 pensum
3258 4596 3435 4651 unius
3456 4595 3595 4651 scri-

1929 4684 2075 4759 puli.
2108 4689 2367 4759 Accepta
2395 4684 2640 4759 potione
2692 4686 2900 4742 sedeas
2923 4690 3059 4741 ante
3113 4684 3316 4740 focum
3363 4682 3594 4755 absque

1931 4774 2054 4832 ullo
2084 4775 2367 4844 tumultu,
2438 4790 2659 4833 cavens
2685 4775 2791 4832 tibi
2813 4776 3050 4848 penitus
3080 4790 3116 4829 a
3146 4773 3362 4844 frigore
3388 4790 3400 4840 ;
3437 4777 3513 4840 et,
3545 4773 3595 4829 si

1929 4863 2180 4939 paulum
2210 4863 2512 4934 cubueris,
2532 4880 2657 4921 non
2686 4864 2925 4921 nocebit
2956 4861 3133 4918 :nolo
3150 4865 3350 4917 tamen
3374 4864 3441 4918 ut
3454 4861 3592 4918 dor-

1927 4954 2103 5011 mias.
2136 4956 2285 5012 Cum
2340 4955 2608 5028 primum
2639 4954 2853 5010 senties
2894 4949 3120 5007 moveri
3160 4949 3264 5006 tibi
3301 4955 3591 5021 ventrem,

1928 5042 2255 5100 deambula
2290 5042 2676 5116 pedetentim,
2707 5047 2766 5098 et
2795 5040 2877 5097 sic
2906 5039 2984 5095 ad
3016 5038 3504 5096 secessumvade.
3538 5040 3596 5098 Si

1930 5169 2270 5227 exactiones
2297 5173 2438 5224 ante
2467 5168 2685 5238 viginti
2710 5180 2899 5223 annos
2928 5164 3236 5234 impositas
3290 5181 3409 5222 non
3439 5170 3597 5238 afﬂi-

1975 5244 2181 5296 antur.

1933 5257 2456 5381 θαέἶῖἲδοιίοηθω
2487 5308 2638 5381 iero,
2660 5322 2876 5381 vocam
2929 5323 3163 5381 sacram
3208 5308 3590 5381 medicinam.

1934 5378 2103 5462 Quid
2117 5379 2190 5435 sit
2213 5385 2415 5462 autem
2433 5378 2596 5450 potio
2615 5379 2762 5462 iero,
2792 5378 2989 5462 sciunt
3000 5380 3222 5462 medici
3248 5398 3259 5434 :
3287 5381 3595 5462 multiplex

1933 5457 2023 5509 est
2052 5462 2262 5521 genus.
2281 5453 2521 5532 _Nomen
2548 5454 2749 5505 autem
2775 5450 3014 5532 scripuli
3032 5450 3594 5577 interpretatui'vwse

1936 5522 2248 5577 Fulbertus
2277 5537 2338 5577 in
2367 5518 2643 5577 VBI‘SlbuS
2670 5520 2744 5577 de
2774 5537 2952 5577 uncia
2991 5528 3049 5577 et
3099 5523 3373 5577 partibus
3425 5524 3440 5577 (
3502 5524 3594 5577 uie

1936 5518 2248 5596 Fulbertus
2277 5522 2338 5577 in
2367 5518 2643 5577 versibus
2670 5520 2744 5577 de
2774 5518 2952 5579 uncia
2991 5528 3049 5580 et
3099 5518 3373 5596 paf‘tibus
3425 5524 3440 5594 (
3456 5518 3597 5578 Vide

1935 5594 2152 5666 infra).
