3996 6176
413 174 524 228 267

1465 168 1521 221 S.
1565 163 1898 220 FULBERTI
1937 155 2416 217 CARNUT‘ENSIS
2458 158 2785 213 EPISL‘OPI.

3727 155 3839 207 268

412 299 655 369 propter
684 292 1041 349 solutionem
1065 288 1315 346 tandem
1344 288 1565 360 ceperit
1584 292 1638 343 te
1666 287 1812 355 sitis,
1838 297 2063 357 nequa-
2103 283 2150 335 A
2179 278 2264 369 les
2289 277 2979 352 eligendumproposuit.
3013 276 3183 337 Quod
3211 276 3261 330 si
3279 274 3434 369 bene
3451 272 3832 369 advertisses,

412 399 600 457 quam
620 382 810 447 bibes,
839 378 951 435 nisi
979 378 1297 451 paululum
1329 376 1480 433 aceti
1515 388 1655 432 cum
1676 389 1842 448 aqua
1872 371 2067 430 calida

412 473 590 542 misti,
616 475 859 544 prOpter
880 469 1261 525 stomachum
1290 466 1645 524 diluendum
1682 482 1791 521 seu
1808 464 2069 520 relevan-

411 561 558 618 dum
589 559 785 632 :quod
815 557 994 615 etiam
1019 571 1143 613 non
1175 561 1423 628 urgente
1450 556 1542 613 siti
1571 555 1766 611 facere
1819 551 2071 627 poteris,

408 649 700 705 solutione
721 647 1169 721 propemodum
1192 651 1464 703 vocante.
1497 643 1791 701 Prandere
1833 642 2070 699 diﬂeres

407 750 727 812 quousque
758 738 974 794 senties
996 737 1389 793 catarthicum
1417 735 1567 791 nihil
1613 733 1873 807 amplius
1926 747 2069 805 ope-

407 828 526 884 rari
554 827 721 884 velle.
756 829 903 884 Cum
943 826 1167 883 sederis
1192 826 1270 883 ad
1297 840 1598 892 mensam,
1623 823 1759 879 vide
1794 837 1869 878 ne
1920 821 2067 894 quid

407 918 607 989 nimis,
632 932 829 990 neque
858 916 1191 973 manduees
1217 914 1444 987 aliquid
1471 913 1774 986 stipticum
1808 909 1905 967 vel
1932 910 2069 983 plus

409 1022 585 1079 aequo
612 1005 857 1061 salsum.
887 1005 1065 1060 Plura
1086 1004 1160 1060 de
1187 1002 1626 1059 observationis
1658 1000 1843 1057 modo
1895 1003 2068 1055 nota-

407 1111 555 1165 rem,
584 1095 697 1151 nisi
747 1110 945 1168 pauca
1000 1092 1339 1149 sufﬁcerent
1368 1091 1641 1165 sapienti.
1706 1094 1824 1146 Hoc
1867 1095 2070 1145 tamen

408 1184 663 1240 scribere
679 1199 775 1239 me
797 1182 970 1253 jubet
988 1180 1191 1237 nescia
1208 1181 1488 1237 simulare
1506 1179 1785 1251 charitas,
1812 1183 1876 1234 ut
1892 1176 2070 1234 talem

405 1273 663 1344 potionis
690 1273 870 1343 hujus
902 1268 1121 1327 sentias
1148 1272 1448 1341 effectum,
1479 1274 1777 1343 quatenus
1832 1283 2069 1341 semper

401 1360 722 1416 incolumis
747 1374 1114 1433 perseveres.
1155 1354 1314 1416 Vale.

755 1449 1094 1506 EPISTULA
1135 1450 1285 1505 CXIX
1327 1447 1493 1517 [olim
1524 1447 1722 1515 CXIV].

548 1540 922 1594 HILDEGARIUS
949 1540 1012 1594 G.
1044 1538 1224 1594 verba
1251 1536 1694 1606 trans/“armare
1716 1535 1780 1590 in
1804 1540 1920 1589 act.

2179 368 2583 425 inconsultum
2616 385 2736 425 non
2767 369 3043 424 dixisses.
3077 365 3448 421 Inconsultus
3468 363 3647 434 igitur
3668 363 3837 419 fecis-

2181 458 2242 525 ti,
2269 458 2374 531 qui
2405 464 2476 525 te,
2513 463 2576 514 ut
2598 464 2736 531 post
2765 457 2983 514 clarius
3011 454 3280 529 liquebit,
3316 454 3373 508 in
3399 453 3668 526 pejorem
3696 469 3839 525 par—

2182 552 2299 604 tem
2328 547 2562 605 ﬂexisti.
2590 552 2714 604 Non
2746 552 2966 603 temere
2999 562 3137 600 vero
3162 561 3232 601 ac
3262 559 3386 599 non
3418 543 3545 598 sine
3573 542 3753 615 culpa
3784 548 3838 598 te

2180 641 2237 692 et
2263 641 2399 693 tuos
2429 637 2611 693 fuisse
2637 635 2982 692 interdictos
3036 637 3324 689 testantur
3352 631 3619 703 reliquiae
3642 630 3841 686 vinea-

2178 741 2315 781 rum
2345 726 2404 781 in
2425 726 2647 798 quibus
2670 729 2869 782 vestra
2897 723 3073 779 ﬁxisti
3107 727 3320 779 castra.
3355 720 3529 787 Quod
3558 720 3618 775 in
3634 736 3841 776 exem-

2177 814 2344 887 plum
2377 814 2585 870 datum
2615 813 2841 869 caeteris
2868 812 3091 885 quibus
3134 809 3454 866 accerrime
3480 808 3743 881 culparis
3776 809 3844 863 li-

2178 902 2319 958 dem
2357 902 2513 957 facit.
2545 905 2621 957 'l‘e
2650 917 2894 974 quoque
2922 904 3203 956 vocatum
3235 913 3385 963 esse,
3426 896 3532 969 qui
3564 896 3669 952 tibi
3693 896 3839 952 mis-

2180 1008 2280 1047 sas
2309 1007 2346 1046 a
2374 1007 2469 1046 me
2501 990 2648 1046 sciat
2667 990 2909 1059 litteras,
2941 989 3077 1062 quis
3102 988 3195 1043 vel
3220 987 3471 1043 insanus
3514 1000 3638 1042 non
3680 1002 3844 1042 asse-

2178 1082 2315 1137 rat?
2343 1084 2418 1136 'l‘e
2450 1080 2648 1149 igitur,
2683 1080 2879 1145 frater,
2910 1077 3336 1134 rationabiliter
3360 1092 3473 1148 pro
3499 1080 3601 1131 tua
3654 1075 3843 1148 culpa

2178 1174 2235 1226 et
2259 1170 2544 1226 canonice
2575 1173 2853 1224 vocatum
2883 1172 2940 1223 et
2969 1183 3006 1223 a
3027 1166 3232 1222 divino
3262 1164 3463 1221 ofﬁcio
3492 1170 3843 1237 separatum

2176 1257 2662 1328 recognoscendo
2691 1256 2933 1330 plange,
2961 1259 3020 1311 et
3058 1253 3404 1328 plangendo
3443 1252 3523 1308 ad
3575 1252 3844 1309 satisfac-

2180 1348 2403 1403 tionem
2429 1351 2739 1402 revertere.
2771 1345 2945 1411 Quod
2970 1344 3022 1399 si
3048 1342 3538 1416 quadragenario
3580 1342 3843 1398 vocatio-

2178 1436 2270 1491 nis
2300 1436 2493 1508 spatio
2521 1435 2652 1505 lege
2675 1449 2980 1490 canonum
3010 1437 3065 1488 te
3090 1431 3409 1487 defendere
3437 1429 3663 1498 niteris,
3713 1429 3841 1486 seio

2176 1524 2322 1597 quia
2350 1524 2681 1593 singulares
2710 1539 2910 1578 causae
2942 1521 3035 1577 vel
3062 1535 3332 1593 personae
3362 1535 3488 1575 non
3558 1518 3843 1593 prejudi-

473 1628 630 1697 l‘uae,
665 1625 747 1682 mi
778 1626 1041 1693 domine,
1075 1625 1439 1681 charitativae
1470 1620 1887 1695 promissionis
1916 1633 2067 1676 nun-
2096 1634 2137 1690 Β
2179 1619 2318 1671 cant
2344 1614 2479 1684 legi.
2513 1617 2661 1670 Nam
2689 1618 2743 1669 te
2772 1612 2833 1667 in
2889 1611 3151 1667 furorem
3182 1625 3447 1679 versum,
3478 1614 3536 1665 et
3587 1625 3661 1665 ex
3688 1624 3842 1681 prie-

403 1713 553 1770 tium
580 1714 871 1771 hactenus
902 1714 1204 1769 sustinens
1235 1711 1507 1768 laboravi
1529 1709 1805 1767 nimium.
1842 1708 2068 1767 Sollici-

404 1810 498 1859 tus
542 1816 808 1875 namque
837 1802 984 1876 quid
1033 1808 1146 1857 tuae
1198 1799 1533 1858 celsitudini
1584 1814 1735 1857 mea:
1790 1797 2069 1874 parvitati

402 1892 724 1965 placuisset
750 1891 1084 1961 designare,
1113 1891 1551 1964 percunctabar
1579 1890 1742 1946 unde
1774 1904 1905 1945 sese
1926 1886 2070 1944 reci-

401 1984 610 2053 perent
633 1979 890 2036 viatores
917 1995 1192 2052 quosque
1219 1979 1514 2052 pendens,
1546 1978 1624 2036 ab
1682 1978 1848 2035 urbis
1906 1976 2067 2034 vallo

401 2069 523 2125 huc
547 2067 920 2142 respiciente.
958 2069 1199 2125 Nemine
1229 2084 1373 2125 vero
1395 2068 1574 2125 dante
1595 2076 1958 2141 responsum
1976 2066 2065 2124 tui

402 2158 477 2214 de
499 2163 688 2230 parte,
710 2163 960 2214 moestus
981 2156 1257 2215 redibam
1272 2157 1525 2214 domum
1544 2157 1671 2227 jam
1694 2157 1850 2213 facta
1869 2159 2064 2212 nocte.

403 2246 519 2304 Sed
546 2247 693 2320 quia
723 2246 785 2301 in
812 2245 1096 2302 humanis
1125 2246 1459 2319 perfectum
1483 2244 1567 2301 nil
1598 2248 1789 2301 exstat
1817 2260 1890 2300 ex
1919 2249 2062 2313 toto,

400 2336 673 2392 humano
699 2336 1002 2409 parcimus
1021 2335 1284 2407 ingenio.
1315 2337 1453 2392 Peto
1478 2338 1682 2391 tamen
1709 2350 1785 2391 ne
1808 2348 2064 2408 proruas

406 2424 468 2480 in
498 2425 683 2481 verba
704 2422 845 2481 talis
873 2425 1292 2496 excusatiOnis,
1316 2425 1463 2497 quin
1490 2424 1657 2497 quod
1678 2420 1977 2498 pollicitus
2002 2438 2064 2478 es

405 2511 733 2585 adimplere
789 2511 1031 2569 studeas
1074 2511 1202 2569 sine
1264 2511 1401 2568 fuco
1458 2510 1761 2568 dilationis
1808 2529 1821 2567 :
1864 2510 2063 2583 igitur,

404 2606 469 2657 ut
498 2602 807 2658 certiorem
836 2601 1075 2670 reddas,
1108 2601 1336 2658 mando
1363 2605 1420 2658 et
1447 2600 1738 2674 deprecor
1765 2604 2064 2675 quatenus

402 2690 649 2747 innuere
660 2690 921 2762 digneris
942 2688 1090 2764 quid
1118 2706 1216 2747 me
1228 2705 1403 2761 agere
1413 2688 1648 2762 jubeas.
1667 2689 1834 2761 Nolo,
1858 2689 1942 2745 mi
1962 2687 2066 2744 do-

402 2779 582 2851 mine,
595 2779 830 2837 haesites
859 2779 919 2836 in
934 2778 1190 2849 calamo,
1204 2780 1437 2836 bonum
1452 2792 1606 2853 opus
1620 2774 1854 2835 habens
1866 2777 1925 2834 in
1942 2777 2068 2833 ani—

402 2882 523 2937 mo,
546 2866 837 2941 quoniam
848 2867 1282 2941 inperfectione
1294 2867 1401 2924 erit
1412 2883 1484 2923 ex
1499 2867 1602 2922 Dei
1632 2866 1874 2923 auxilio.
1904 2865 2062 2922 Vale.

775 2957 1110 3013 EPISTULA
1140 2954 1273 3013 cxx
1312 2958 1480 3028 [olim
1520 2957 1691 3027 CXV].

497 3045 809 3103 Guillelmi
837 3045 1005 3102 ducis
1034 3046 1382 3117 Aquitaniae
1411 3046 1493 3102 ad
1520 3042 1967 3117 Hildegarium.

608 3133 771 3206 (Vide
800 3133 957 3191 infra
994 3133 1056 3190 in
1087 3137 1405 3191 GUILLELMO
1436 3133 1516 3192 ad
1546 3148 1644 3191 an.
1674 3134 1858 3206 1030.)

750 3221 1090 3283 EPISTOLA
1131 3227 1280 3283 CXXI
1320 3226 1486 3296 [olim
1528 3224 1728 3295 CXVI].

476 3315 652 3370 lima.
694 3316 951 3385 praesuli
993 3318 1057 3370 ll.
1110 3312 1467 3371 Turonensis
1510 3313 1995 3383 archiepiscopus

1014 3420 1019 3425 '
1090 3404 1366 3460 salutem.

477 3490 759 3557 Quamvis
786 3495 889 3547 tua
916 3504 1109 3564 nuper
1138 3491 1217 3547 ad
1245 3507 1343 3547 me
1374 3489 1600 3546 direCta
1648 3486 1899 3562 epistola
1951 3486 2067 3544 sibi

409 3579 715 3650 condigna
743 3584 1041 3636 mereatur
1068 3580 1379 3652 rescripta,
1413 3579 1599 3636 satius
1637 3582 1840 3635 tamen
1869 3576 2069 3635 existi-

407 3668 566 3725 mavi
590 3668 1143 3742 responsisinterim
1164 3680 1287 3724 suae
1310 3668 1706 3725 contumaciae
1730 3666 1946 3724 debitis
1963 3683 2067 3723 su-

407 3756 741 3831 persedere,
768 3773 958 3831 quam
988 3762 1104 3813 tute
1135 3757 1309 3815 saluti
1334 3760 1632 3831 quantum
1676 3758 1755 3814 ad
1795 3772 1910 3813 nos
1939 3764 2067 3813 non

406 3847 735 3915 consulere,
769 3851 826 3903 et
848 3846 1001 3902 inter
1032 3845 1473 3903 consulendum
1498 3846 1872 3920 quibusdam
1917 3845 2071 3919 epis-

407 3935 539 3991 tolae
564 3935 711 3992 locis
731 3934 986 3992 discrete
1009 3938 1065 3991 et
1086 3933 1387 3992 humniter
1407 3950 1531 3991 non
1548 3935 1932 4009 respondere.
1957 3938 2068 3991 Me-

406 4025 678 4081 dicorum
703 4024 863 4080 enim
880 4028 969 4081 est
987 4023 1436 4081 melancholicis
1462 4024 1585 4080 sive
1616 4023 1927 4092 maniacis,
1961 4039 2067 4080 seu

406 4113 670 4185 qualibet
687 4113 803 4170 alia
831 4112 1173 4170 valetudine
1194 4110 1635 4185 laborantibus,
1660 4110 1796 4170 licet
1814 4113 2067 4185 ingratis

408 4206 463 4256 ct
482 4201 764 4257 conviciis
793 4202 1084 4258 artificem
1099 4202 1533 4260 lacessentibus
1558 4200 1950 4260 nihilominus
1982 4207 2065 4259 ta-

410 4302 547 4345 men
566 4304 689 4345 sure
706 4292 846 4346 artis
872 4292 1280 4364 experimenta
1294 4290 1665 4366 impendere,
1699 4296 1757 4349 et
1777 4297 1841 4349 ut
1858 4302 2067 4350 curen-

411 4383 506 4434 tur
530 4378 808 4435 attentius
830 4379 1118 4437 insistere.
1146 4380 1311 4438 Unde
1340 4387 1398 4438 et
1431 4396 1529 4439 me
1577 4392 1688 4439 nec
1727 4382 2067 4456 professum

409 4466 655 4539 quidem
676 4466 1003 4541 medicum,
1016 4467 1242 4543 quippe
1252 4469 1788 4542 imperitissimum,
1804 4471 1853 4527 si
1861 4472 2070 4527 tamen

410 4554 487 4610 ad
508 4554 622 4611 hoc
638 4555 772 4623 jure
791 4555 1155 4629 praslationis
1179 4561 1482 4631 utcunque
1501 4562 1871 4631 provectum,
1889 4558 1994 4632 qui
2015 4562 2070 4614 te

410 4641 459 4697 si
506 4642 803 4699 exorbites
878 4643 1136 4701 debeam
1186 4645 1499 4717 corrigere,
1570 4651 1925 4719 oportetque
1995 4654 2070 4702 ex

410 4731 700 4804 coemptis
720 4737 1065 4789 sanctorum
1094 4734 1339 4791 Patrum
1369 4732 1618 4791 medelis
1664 4733 1792 4804 tibi,
1830 4734 1966 4792 licet
1982 4735 2073 4791 in-

409 4825 597 4891 grato,
626 4821 933 4890 medicari,
965 4827 1022 4878 et
1043 4825 1107 4878 ut
1127 4822 1370 4895 cureris,
1394 4823 1542 4880 velis
1571 4823 1748 4895 nolis,
1775 4823 2065 4881 insistere.

412 4909 524 4966 Sed
540 4908 901 4984 priusquam
918 4910 995 4967 ad
1003 4911 1119 4967 hoc
1133 4910 1392 4981 veniam,
1411 4911 1573 4981 libet,
1592 4916 1653 4969 ut
1663 4911 1807 4985 dixi,
1827 4911 2072 4986 quibus-

409 4997 554 5054 dam
576 5002 692 5055 tuas
711 4999 981 5073 epistolae
1000 4998 1150 5056 locis
1181 4999 1427 5057 obviare
1466 5018 1478 5056 :
1515 5017 1663 5058 nam
1680 5006 1911 5074 caetera,
1932 5012 2069 5075 qua

412 5086 734 5157 plurimam
773 5094 1008 5162 partem
1051 5088 1208 5145 illine
1261 5094 1579 5163 occupant,
1647 5090 2070 5163 praetereunda

415 5190 648 5231 (³811860.

484 5264 656 5328 Quod
686 5280 829 5336 ergo
853 5282 951 5322 me
976 5267 1328 5324 inconsulta
1359 5268 1766 5342 conceptionis
1787 5269 1989 5339 fuisse,
2012 5272 2073 5326 et

415 5356 633 5409 temere
663 5370 734 5411 ac
764 5355 891 5412 sine
916 5355 1096 5431 culpa
1122 5361 1178 5414 te
1198 5372 1323 5415 non
1347 5362 1630 5416 vocatum
1650 5371 1687 5416 a
1713 5358 1918 5417 divino
1943 5359 2072 5417 ofﬁ-

412 5441 503 5499 cio
562 5458 873 5517 separasse
922 5445 1276 5516 criminaris,
1321 5451 1482 5505 certa
1533 5452 1590 5504 et
1617 5432 2073 5521 inexpugnabili

411 5548 427 5582 ‹
446 5532 1153 5592 ontradictionedestruo.
1174 5535 1515 5594 Inconsulta
1533 5550 1799 5609 namque
1820 5552 2072 5609 concep-

410 5622 490 5679 tfo
521 5638 646 5681 non
671 5623 781 5683 fuit
807 5641 941 5700 quae
973 5624 1078 5683 tibi
1104 5624 1509 5683 conditionem
1537 5625 1686 5700 quid
1715 5625 1915 5699 potius
1955 5626 2072 5686 vels-

2177 1704 2303 1758 sule
2330 1703 2548 1758 ducem
2578 1707 2664 1759 tot
2691 1706 3064 1757 armatorum
3085 1699 3331 1767 factum,
3348 1703 3538 1755 totam
3556 1703 3834 1755 nostram

2176 1793 2434 1865 patriam
2464 1792 2777 1848 crudeliter
2805 1797 3037 1847 vastare
3064 1804 3333 1855 cernens,
3367 1788 3613 1860 ferrum,
3638 1788 3837 1857 ignes,

2177 1882 2561 1955 diversasque
2587 1881 2765 1937 nobis
2795 1884 3017 1936 mortes
3036 1879 3357 1947 minatum,
3377 1876 3838 1950 imminentique

2176 1971 2369 2045 plagae
2387 1971 2883 2045 quadragenariae
2913 1968 3243 2026 vocationis
3271 1968 3538 2041 spatium
3565 1972 3632 2023 ut
3655 1967 3841 2023 desis-

2176 2066 2327 2117 teres
2356 2059 2504 2116 nihil
2527 2059 2738 2116 videns
2768 2059 3079 2132 prodesse,
3133 2057 3507 2114 venabulum
3553 2072 3702 2112 mox
3730 2055 3841 2112 tibi

2175 2150 2813 2207 excommunicationis
2862 2148 3140 2223 opposui,
3195 2152 3262 2203 ut
3310 2162 3384 2203 eo
3440 2146 3649 2203 saltem
3706 2145 3840 2201 viso

2176 2240 2429 2307 territus,
2453 2243 2506 2294 te
2521 2244 2580 2295 et
2599 2245 2733 2294 tuos
2766 2238 2859 2294 vel
2881 2238 2960 2293 ad
2988 2241 3364 2293 momentum
3399 2235 3750 2302 retreneres,
3780 2239 3844 2291 et

2176 2329 2497 2403 praesulem
2514 2345 2698 2401 quem
2711 2329 3000 2385 amiseras
3014 2340 3491 2397 recognosceres.
3510 2325 3842 2382 Sedtuma-

2172 2419 2331 2474 luisti
2380 2418 2481 2473 illo
2536 2416 3174 2474 excommunicationis
3232 2414 3530 2471 venabulo
3583 2413 3834 2486 conﬁgi,

2173 2524 2360 2581 quam
2375 2524 2410 2564 a
2429 2513 2624 2580 empta
2644 2506 2961 2579 tyrannide
2975 2505 3069 2561 Vel
3109 2505 3187 2561 ad
3208 2510 3500 2578 punctum
3522 2504 3829 2560 refrenari.

2173 2601 2321 2653 Nam
2351 2596 2516 2669 quod
2546 2596 2693 2651 dicis
2740 2600 2795 2651 te
2852 2594 3007 2663 regis
3064 2595 3178 2651 hoc
3228 2594 3403 2665 jussu
3456 2592 3693 2661 fecisse,
3723 2609 3835 2649 nec

2171 2701 2347 2756 nego,
2368 2701 2477 2741 nec
2494 2684 2865 2756 afﬁrmo,nec
2881 2683 3029 2757 quid
3044 2684 3157 2740 hoc
3171 2680 3841 2753 levetinteil‘igo.Cujns-

2173 2790 2412 2848 cunque
2434 2774 2593 2831 enim
2610 2775 2723 2831 hoc
2739 2775 2915 2845 jussu
2948 2773 3179 2841 feceris,
3229 2771 3442 2829 eadem
3483 2771 3758 2845 culpane
3790 2770 3839 2826 si

2174 2865 2372 2922 nullus
2390 2864 2631 2937 jusserit
2648 2864 2894 2933 urgeris.
2921 2868 3067 2919 Nam
3082 2863 3160 2919 ad
3182 2863 3707 2932 exaggerationem
3720 2867 3840 2917 tute

2174 2950 2364 3029 culpae
2388 2955 2500 3010 ista
2536 2955 2677 3009 satis
2706 2952 3104 3023 transgressio
3144 2951 3380 3018 sufﬁcit,
3417 2950 3581 3024 quod
3620 2954 3843 3023 praeter

2175 3058 2312 3101 mea
2332 3043 2415 3099 tui
2438 3041 2872 3116 archiepiscopi
2909 3040 3201 3110 consulta,
3244 3045 3449 3097 contra
3476 3039 3840 3096 canonicam

2173 3133 2585 3190 auctoritatem
2617 3133 2732 3188 tale
2762 3130 2989 3206 aliquid
3039 3131 3300 3204 incipere
3347 3129 3787 3204 prtesumpsisti
3824 3147 3840 3185 :

2171 3224 2457 3296 quodque
2478 3222 2655 3278 etiam
2687 3232 2782 3277 me
2801 3219 3050 3293 jubente
3076 3234 3202 3277 non
3254 3220 3562 3277 debuisses
3612 3219 3837 3288 facere,

2171 3313 2286 3369 hoc
2317 3316 2371 3369 te
2398 3312 2532 3385 ipso
2563 3311 2901 3368 consultare
2932 3310 3138 3366 liccisti.
3175 3310 3347 3377 Quod
3374 3313 3584 3366 autem
3646 3310 3734 3366 ais
3780 3313 3842 3366 te

2170 3403 2234 3458 in
2273 3401 2503 3457 malum
2535 3400 2757 3458 Odonis
2779 3415 2955 3472 agere
2978 3400 3331 3474 impulsum,
3371 3410 3482 3457 nec
3540 3400 3720 3457 etiam
3782 3399 3837 3456 ei

2175 3492 2482 3566 palmitem
2540 3490 2900 3561 destruxisti,
2953 3488 3058 3546 sed
3114 3489 3321 3546 vineas
3400 3489 3838 3547 canonicorum

2176 3581 2362 3638 sancti
2385 3580 2653 3651 Mauritii,
2675 3584 2892 3654 praeter
2910 3585 3121 3637 caetera
3143 3594 3279 3653 quae
3309 3578 3369 3636 in
3389 3583 3551 3636 tuam
3578 3578 3837 3636 matrem

2175 3669 2498 3726 Ecclesium
2521 3669 2694 3741 jussu
2724 3668 2805 3725 tui
2826 3668 2894 3725 'D.
2921 3668 3193 3725 Fulconis
3213 3667 3462 3724 intulisti
3480 3667 3834 3741 opprobriis,

2170 3758 2370 3815 radice
2384 3763 2553 3815 tenus
2567 3757 2991 3814 comminuist'i.
3006 3758 3106 3813 His
3117 3756 3402 3813 de'ca‘u‘sis
3420 3756 3837 3813 excommuni-

2176 3849 2429 3905 catorias
2451 3846 2556 3904 tibi
2586 3848 2829 3917 litteras,
2843 3858 2998 3920 quas
3017 3851 3224 3902 contra
3238 3846 3338 3917 jus
3362 3848 3424 3902 ‘e't
3451 3847 3541 3902 fas
3558 3845 3842 3902 audacia!

2173 3942 2345 3994 notas
2376 3937 2543 4008 dicis,
2579 3937 2735 3993 misi.
2771 3940 2884 3993 Nec
2910 3941 2965 3992 te
2986 3936 3248 4010 oportuit
3270 3938 3443 3992 tuum
3462 3934 3832 4005 magistrum

2174 4031 2229 4081 et
2267 4025 2582 4081 dominum
2612 4030 2734 4081 tam
2785 4030 3008 4079 temere
3049 4021 3505 4097 reprehendere,
3549 4028 3614 4079 ut
3670 4030 3707 4079 a
3734 4025 3842 4079 tuo

2174 4115 2455 4188 incuspto,
2482 4114 2879 4187 resipisceres,
2909 4112 3235 4185 transmisi,
3261 4120 3387 4169 non
3436 4117 3503 4167 ut
3531 4117 3589 4169 te
3619 4111 3839 4168 vellem

2176 4203 2329 4260 ﬂecti
2359 4203 2418 4259 in
2450 4216 2585 4260 eam
2614 4208 2847 4277 partem
2877 4216 3001 4276 qua
3038 4201 3330 4258 corruisti.
3377 4200 3553 4267 Quod
3584 4200 3842 4257 discrete

2177 4309 2253 4350 an
2284 4293 2597 4349 indiscrete
2630 4292 2891 4357 fecerim,
2926 4298 3029 4348 tua
3053 4291 3406 4364 juridicialis
3427 4290 3581 4347 libra
3604 4293 3838 4363 penset,

2177 4382 2280 4456 qui
2325 4380 2726 4438 consultorem
2774 4392 3040 4454 quaerere
3094 4384 3330 4437 mones.
3419 4383 3493 4436 At
3551 4379 3603 4435 si
3657 4378 3843 4435 indis-

2179 4476 2332 4528 crete
2391 4486 2461 4527 ac
2527 4470 2653 4525 sine
2713 4482 2897 4526 causa
2962 4470 3340 4526 temerariam
3403 4469 3466 4524 in
3525 4473 3601 4538 te,
3666 4467 3843 4541 quod

2179 4560 2367 4617 absit!
2396 4558 3082 4616 excommunicationem
3113 4559 3503 4629 intorsissem,
3548 4558 3844 4614 sustinere

2180 4656 2378 4706 tamen
2405 4648 2697 4721 judicium
2744 4647 2827 4703 tui
2867 4649 3145 4721 pastoris,
3195 4652 3261 4705 ‘e't
3306 4652 3351 4704 ἀ
3382 4658 3551 4704 sacra
3580 4645 3847 4703 celebra-

2179 4738 2335 4795 tione
2367 4748 2598 4794 cessare
2628 4735 2904 4793 debuisti.
2954 4736 3127 4802 Quod
3165 4736 3307 4809 quia
3358 4752 3482 4792 non
3530 4735 3741 4803 iecisti,
3790 4736 3853 4792 et

2177 4826 2530 4884 consultrice
2557 4824 2843 4898 superbia
2872 4824 2956 4881 tui
2983 4824 3255 4896 magistri
3284 4825 3595 4882 interacta
3642 4824 3852 4897 parvi-

2177 4916 2435 4990 pendisti
2458 4914 2746 4990 prudens,
2776 4914 2837 4971 in
2868 4915 3215 4985 Voraginem
3247 4919 3300 4971 te
3347 4914 3851 4971 excommunica-

2176 5006 2353 5062 tionis
2379 5003 2781 5078 praecipitasti.
2818 5004 3031 5077 Accipe
3061 5012 3243 5077 super
3269 5003 3385 5060 hoc
3434 5002 3578 5077 quid
3626 5001 3851 5059 beatus

2179 5093 2493 5164 Gregorius
2519 5093 2679 5149 dicat
2710 5110 2723 5147 :
2760 5093 2990 5158 Utrum,
3032 5092 3244 5165 inquit,
3267 5094 3437 5163 iuste
3487 5104 3567 5149 an
3618 5092 3858 5161 injuste

2180 5185 2399 5254 obliget
2442 5188 2680 5253 pastor,
2736 5182 2995 5252 pastoris
3052 5187 3251 5238 tamen
3308 5182 3603 5239 sententia
3672 5182 3861 5253 gregi

2181 5272 2442 5327 timenda
2473 5276 2578 5338 est,
2603 5284 2678 5326 ne
2698 5271 2750 5325 is
2778 5284 2881 5340 qua
2909 5269 3209 5339 subjectus
3232 5276 3339 5343 est,
3373 5276 3427 5327 et
3458 5284 3593 5326 cum
3614 5269 3861 5339 injuste

2176 5360 2437 5430 farsitan
2465 5360 2710 5429 ligatur,
2738 5358 2932 5427 ipsam
2992 5358 3374 5429 obligatianis
3431 5370 3555 5414 sua
3608 5362 3861 5415 senten-

2181 5448 2326 5504 tiam
2351 5463 2425 5504 ex
2454 5448 2580 5503 alia
2602 5447 2784 5516 culpa
2805 5451 3125 5504 mereatur.
3156 5434 3378 5504 Pastor
3406 5456 3547 5519 ergo
3598 5447 3693 5503 vel
3748 5446 3866 5503 ab-

2180 5539 2407 5595 solvere
2435 5537 2753 5593 indiscrete
2784 5537 3011 5607 timeat,
3044 5538 3137 5593 vel
3159 5538 3373 5608 ligare.
3410 5539 3466 5593 Is
3497 5542 3695 5594 autem
3741 5537 3867 5607 qui

2179 5626 2288 5682 sub
2312 5636 2501 5684 manu
2517 5628 2784 5696 pastoris
2804 5628 3091 5698 estligam‘
3102 5628 3445 5685 mnstret
3460 5628 3704 5698 injuste,
3732 5640 3867 5683 nec
