3996 6176
231 158 339 210 269

1762 152 1868 207 EPI
1874 151 2131 209 STOLE.

3555 167 3662 220 27G

229 276 492 349 pastoris
521 275 927 345 suijudicium
960 282 1175 334 temere
1202 279 1623 349 reprehendat,
1649 292 1745 347 ne,
1778 283 1830 334 et
1849 278 1893 331 si
1924 275 1971 329 Α
2009 276 2088 332 ad
2138 281 2397 335 mortem
2428 278 2649 335 inﬁxus
2679 296 2763 349 es,
2810 282 3233 341 satisfactionis
3276 285 3511 343 medela
3539 302 3663 344 non

230 366 458 435 injuste
490 366 715 436 ligatus
744 372 850 437 est,
878 382 951 423 ea:
980 369 1110 437 ipsa
1140 369 1381 425 tumidae
1417 367 1893 439 reprehensionis

230 456 516 527 superbia
544 457 727 526 culpa
757 473 888 529 quae
936 474 1053 515 non
1099 464 1229 516 erat
1251 460 1381 529 ﬁat.
1425 460 1722 515 Hactenus
1750 459 1895 514 bea-

232 550 327 601 tus
359 546 696 613 Gregorius.
732 548 850 601 Hac
894 546 1093 616 igitur,
1127 547 1326 621 frater,
1380 547 1897 619 argumentatione

229 632 543 689 convictus
591 649 731 689 cum
762 635 860 701 sis,
909 638 1497 693 excommunicatum
1523 642 1578 693 te
1607 652 1897 707 recogno-

230 722 460 778 scendo
499 722 715 779 iterum
743 724 985 796 plange,
1037 729 1094 781 et
1125 725 1468 798 plangendo
1507 743 1577 783 ac
1628 725 1897 783 satisfac-

224 811 458 868 tionem
490 817 801 870 revertere.
1701 816 1710 824 “

301 907 499 976 Atque
524 904 618 959 his
648 908 764 960 tuae
786 904 1049 978 epistola!
1069 905 1214 963 locis
1238 911 1473 964 tantum
1501 924 1624 965 non
1654 924 1899 981 respon-

227 993 396 1049 disse
429 990 964 1065 sufﬁciat,‘caeteris
990 996 1203 1070 aliquis
1253 996 1480 1055 otiosus
1513 998 1893 1072 respondeat.

227 1087 381 1141 Nam
414 1101 529 1155 ego
558 1084 659 1140 illa
691 1102 826 1159 quae
857 1088 1052 1158 magis
1084 1092 1220 1144 sunt
1262 1090 1603 1145 necessaria
1638 1094 1694 1145 et
1725 1088 1896 1163 polli-

227 1173 387 1229 citus
412 1190 548 1229 sum
576 1176 641 1229 Η.
676 1174 839 1230 fratri
868 1190 1226 1249 prosequar.
1258 1177 1643 1251 Contemplor
1666 1194 1736 1234 ex
1768 1195 1895 1234 mo-

226 1262 392 1319 h'bus
424 1263 509 1318 tui
540 1262 809 1336 corporis
836 1263 1071 1322 diversa
1104 1282 1325 1337 genera
1354 1267 1707 1339 passionum
1728 1272 1897 1323 tuam

228 1352 576 1423 germinare
604 1354 891 1409 animam:
917 1355 1137 1427 quibus
1170 1355 1217 1411 si
1247 1356 1448 1429 aliquo
1476 1356 1894 1429 medicamine,

224 1442 593 1515 priusquam
619 1443 680 1498 in
703 1445 858 1499 vires
887 1444 1203 1517 prodeant,
1222 1462 1345 1501 non
1367 1447 1695 1503 occurritur
1721 1447 1900 1504 mira-

226 1531 415 1588 bilem
445 1536 564 1587 tuae
615 1532 831 1589 animze
863 1534 1238 1604 generabunt
1285 1541 1560 1593 mortem.
1615 1536 1729 1595 Sed
1762 1554 1899 1593 con-

2007 367 2370 425 subvenerit.
2406 370 2555 435 Quo,
2592 376 2653 426 ut
2679 370 2836 441 dico,
2863 388 2972 445 per
3000 374 3466 433 satisfactionem
3488 392 3663 433 sana-

2004 462 2086 522 to,
2119 462 2383 515 tumores
2409 458 2564 516 illico
2591 461 2907 533 superbiae,
2940 466 3404 538 contemptionis
3434 471 3490 522 et
3518 481 3667 539 prte-

2005 548 2364 621 sumptionis
2396 565 2551 621 quos
2581 549 2643 605 in
2690 553 2855 607 tuam
2896 553 3164 611 animam
3195 554 3530 612 induruisse
3561 570 3664 612 su-

2007 638 2225 711 spicor,
2254 638 2404 695 falce
2424 639 2795 697 discretionis
2817 644 3185 715 amputabis.

2078 727 2298 783 Deinde
2329 729 2758 802 amputationis
2806 730 2962 786 illius
2991 731 3242 789 vulnera
3268 735 3548 807 recentia,
3588 751 3662 791 ne

2006 816 2270 889 aliquam
2301 818 2483 875 aliam
2522 820 2872 892 passionem
2902 820 3205 891 generent,
3236 823 3489 895 pinnulis
3516 840 3661 881 cau-

2008 904 2150 961 terio
2190 906 2415 962 timoris
2441 908 2756 978 ustulabis,
2805 924 2991 981 quam
3034 914 3307 966 usturam
3356 927 3432 967 ne
3476 913 3665 983 frigus

2004 994 2324 1066 impietatis
2359 999 2582 1067 tangat.
2614 997 2919 1054 charitatis
2951 998 3164 1055 ardore
3190 1004 3248 1055 et
3275 1000 3407 1055 oleo
3435 1001 3663 1057 fovebis

2004 1081 2446 1141 misericordias.
2477 1085 2649 1150 Quod
2679 1086 2725 1140 si
2774 1085 2856 1141 ita
2888 1086 3115 1157 feceris,
3144 1091 3199 1142 et
3226 1088 3509 1161 superbia
3536 1089 3657 1157 illa,

2005 1187 2129 1243 qua
2148 1171 2465 1241 instigante
2489 1188 2789 1246 responsa
2815 1174 2874 1230 in
2900 1190 2997 1230 me
3020 1180 3141 1231 tam
3172 1180 3339 1232 torva
3356 1178 3660 1248 jaculatus

2005 1277 2089 1327 es,
2118 1265 2175 1317 et
2206 1262 2589 1335 contemptio,
2640 1279 2762 1335 qua
2804 1280 3009 1320 meum
3038 1264 3416 1322 interdictum
3464 1266 3665 1340 parvi-

2004 1351 2238 1423 pendis,
2284 1355 2339 1407 et
2385 1353 2792 1425 praesumptio,
2836 1369 2957 1425 qua
3001 1355 3556 1411 excommunicatus
3585 1356 3663 1411 ad

2006 1457 2241 1496 sacram
2271 1440 2731 1497 celebrationem
2758 1443 3013 1509 accedis,
3046 1444 3344 1516 peribunt.
3382 1447 3446 1500 Et
3484 1444 3663 1501 ratio-

2004 1529 2156 1585 nalis
2183 1546 2323 1602 pars
2355 1533 2468 1586 tuae
2495 1530 2711 1587 animus
2741 1546 2968 1602 magna
2997 1547 3069 1587 ex
3094 1537 3263 1605 parte
3284 1533 3371 1589 ad
3397 1533 3664 1589 incorru-

227 1635 385 1691 grua
420 1621 653 1694 quique
697 1622 963 1695 passioni
1006 1623 1386 1694 ignorabitur
1429 1625 1747 1693 medicina,
1783 1627 1895 1683 nisi
1926 1632 1968 1688 Β
2005 1618 2273 1692 ptionem
2316 1624 2661 1676 revertetur.
2706 1622 2845 1676 Post
2889 1621 3015 1677 haec
3046 1626 3249 1678 autem
3292 1622 3403 1679 has
3433 1622 3664 1679 virtutis

228 1710 517 1781 origines,
544 1716 621 1777 et,
654 1715 720 1768 ut
744 1712 824 1768 ita
852 1713 1072 1786 dicam,
1103 1713 1335 1772 radices
1366 1731 1596 1786 earum,
1627 1716 1895 1773 intentis-

230 1800 393 1857 sima
420 1800 780 1859 discretione
816 1801 1031 1860 fuerint
1067 1804 1407 1877 exploratae.
1453 1806 1734 1862 Omnium
1787 1807 1896 1863 ita-

229 1906 352 1962 que
374 1890 734 1963 passionum
758 1891 971 1948 animze
998 1910 1153 1949 unus
1171 1894 1305 1949 fons
1336 1898 1513 1967 atque
1535 1895 1897 1969 principium

236 1983 348 2035 est.
382 1978 725 2036 Secundum
744 1981 1095 2053 qualitatem
1126 1999 1272 2039 vero
1300 1983 1488 2057 partis
1518 2001 1654 2057 quae
1682 1984 1743 2040 in
1776 1985 1898 2041 ani-

232 2084 337 2122 ma
385 2068 594 2124 vitiata
638 2068 833 2137 fuerit,
886 2087 1269 2145 unaquzeque
1300 2073 1499 2145 passio
1535 2073 1895 2129 vocabulum

229 2157 496 2213 sortitur.
531 2158 705 2224 Quod
735 2164 792 2215 et
820 2161 1223 2233 corporalium
1268 2161 1620 2219 morborum
1650 2163 1898 2220 docetur

226 2247 531 2320 exemplo.
569 2248 624 2305 Si
650 2248 811 2305 enim
841 2251 931 2306 vis
960 2251 1123 2306 noxii
1149 2251 1421 2308 humoris
1466 2253 1767 2310 obsederit
1796 2270 1894 2311 ca-

226 2342 359 2410 put,
382 2338 782 2410 cephalagica
810 2340 1015 2412 passio
1044 2347 1446 2415 nuncupatur,
1480 2343 1528 2398 si
1554 2343 1758 2415 pedes,
1788 2361 1894 2414 po-

226 2427 504 2496 dagrita,
536 2426 589 2481 si
616 2443 856 2496 manus,
886 2429 1267 2499 chriragrica
1294 2431 1658 2487 nominatur.
1673 2435 1897 2506 Totque

226 2514 535 2570 vocabula
581 2516 761 2571 unius
807 2518 1078 2573 humoris
1119 2519 1360 2576 sortitur
1410 2521 1894 2591 incommoditas,

226 2609 379 2677 quot
406 2605 827 2662 membrorum
857 2607 1161 2664 obsederit
1189 2610 1515 2682 portiones.
1549 2614 1626 2667 De
1655 2611 1897 2667 visibili-

227 2693 344 2750 bus
371 2709 516 2765 ergo
547 2695 626 2751 ad
655 2694 970 2752 invisibilia
992 2701 1393 2769 transeuntes,
1425 2701 1898 2773 uniuscujusque

227 2784 452 2840 animae
478 2783 753 2856 partibus
768 2786 1251 2860 unumquodque
1270 2788 1475 2844 vitium
1497 2789 1693 2845 inesse
1712 2790 1899 2845 credi-

230 2889 391 2928 mus.
416 2875 616 2938 Quam
647 2874 1072 2946 sapientissimi
1093 2877 1318 2949 quique
1340 2878 1625 2951 tripartite
1656 2878 1901 2934 deﬁnie-

226 2970 372 3020 runt
400 2980 534 3020 esse
564 2964 816 3021 virtutis.
838 2969 986 3022 Nam
1016 2971 1072 3023 et
1100 2968 1473 3025 rationabilis
1494 2973 1602 3036 est,
1626 2974 1681 3025 et
1701 2969 1899 3025 irasci-
1931 2992 1972 3046 ρ

224 3053 387 3121 bilis,
422 3058 482 3110 et
519 3055 1022 3127 concupiscibilis.
1076 3058 1418 3115 Secundum
1470 3074 1613 3129 ergo
1642 3059 1898 3133 qualita-

227 3148 352 3200 tem
380 3143 601 3200 vitiatae
626 3144 834 3217 partis,
874 3145 1111 3203 iniectio
1147 3149 1440 3222 cujusque
1493 3149 1673 3222 pestis
1703 3149 1898 3205 nomi-

222 3238 446 3289 natur:
482 3248 626 3287 nam
653 3232 700 3287 si
727 3234 1149 3290 rationabilem
1177 3241 1409 3309 partem
1436 3237 1899 3305 infecerit,ceno-

224 3321 426 3379 doxite
458 3320 757 3389 elationis,
776 3322 1034 3389 invidiae,
1055 3325 1370 3396 superbite,
1391 3326 1897 3399 praesumptionis,

224 3412 531 3467 haereseos
560 3410 705 3466 vitia
738 3413 1094 3483 procreabit.
1146 3414 1201 3470 Si
1232 3414 1594 3471 irascibilem
1624 3416 1900 3472 vulnera-

226 3499 395 3571 verit,
424 3499 717 3569 furorem,
744 3499 1203 3573 impatientiam,
1238 3504 1557 3572 tristitiam,
1602 3505 1897 3575 acediam,

226 3587 813 3659 pusillanimitatem,
875 3590 1407 3666 crudelitatemque
1478 3595 1783 3667 parturiet.
1844 3595 1900 3651 Si

227 3676 768 3749 concupiscibilem
834 3678 1101 3737 infecerit
1154 3682 1492 3755 portionem
1551 3684 1899 3753 gastrimar-

232 3765 420 3835 giam,
480 3766 959 3836 fornicationem,
1019 3769 1474 3844 philargyriam,
1504 3777 1561 3828 et
1601 3772 1901 3829 desideria

232 3854 418 3910 noxia
440 3859 798 3930 terrenaque
851 3859 1178 3928 generabit.
1232 3860 1658 3917 Animadverto
1699 3861 1897 3930 igitur,

234 3944 442 4013 frater,
463 3960 532 3999 ex
574 3945 838 4001 motibus
869 3948 974 4019 tui,
1001 3953 1067 4004 ut
1090 3949 1234 4015 dixi,
1268 3950 1555 4023 corporis,
1586 3956 1751 4006 tuam
1777 3950 1901 4006 ani-

238 4046 414 4086 mam
448 4048 612 4089 suam
670 4049 955 4103 generare
986 4042 1261 4093 mortem.
1312 4042 1460 4094 Nan;
1510 4055 1647 4093 cum
1683 4044 1743 4094 tu
1768 4042 1902 4095 tau-

235 4126 361 4176 tam
416 4122 479 4176 in
509 4138 626 4190 me,
669 4129 840 4180 tuum
895 4127 1226 4198 praesertim
1267 4128 1645 4199 magistrum,
1700 4145 1905 4201 super-
1965 4169 1974 4177 .

232 4211 421 4279 biam,
456 4213 963 4286 contemptionem
993 4222 1048 4273 et
1068 4217 1600 4291 praesumptionem
1626 4217 1905 4274 demons-

2006 1708 2254 1782 species,
2273 1708 2690 1776 humilitatem,
2712 1710 3060 1781 patientiam
3091 1714 3149 1767 et
3176 1710 3581 1768 obedientiam
3603 1712 3665 1768 in

2004 1814 2196 1853 unum
2224 1798 2396 1853 melle
2424 1798 2769 1854 divinorum
2793 1798 3171 1870 eloquiorum
3198 1801 3497 1867 conﬁcies,
3530 1806 3586 1857 et
3604 1802 3666 1857 in

2004 1887 2231 1944 buxula
2246 1892 2361 1943 tuae
2390 1888 2605 1946 mentis
2632 1889 2745 1945 hoc
2762 1888 3101 1945 antidotum
3126 1888 3439 1958 diligenter
3459 1907 3665 1945 recon-

2005 1977 2298 2049 des,unde
2326 1978 2743 2051 quotidianam
2763 1982 2866 2034 tua
2892 1977 3097 2035 anima
3127 1977 3370 2034 diaetam
3394 1995 3663 2047 sumens,

2004 2083 2124 2123 non
2159 2066 2357 2123 solum
2385 2066 2496 2124 has
2527 2070 2724 2140 pestes
2750 2067 2812 2123 in
2832 2071 3191 2140 perpetuum
3215 2082 3338 2123 non
3365 2067 3664 2136 germina-

2003 2155 2225 2225 bit,sed
2255 2157 2435 2214 etiam
2464 2173 2501 2213 a
2530 2156 2756 2213 caeteris
2784 2155 3074 2213 omnibus
3108 2154 3456 2230 incorrupta
3484 2156 3668 2226 fulge-

2002 2246 2108 2303 bit.
2138 2247 2236 2302 His
2267 2251 2341 2313 te,
2371 2245 2571 2314 frater,
2599 2261 2875 2315 monens,
2900 2262 3024 2304 non
3050 2245 3210 2303 fastu
3233 2245 3494 2303 doctoris
3519 2245 3660 2302 effe-

2005 2352 2123 2402 ror,
2156 2335 2263 2392 sed
2293 2335 2558 2392 ofﬁcium
2591 2351 2740 2392 mete
2783 2334 3147 2409 prtelationis
3200 2334 3467 2410 trepidus
3496 2351 3665 2392 exse-

2005 2441 2179 2496 quor,
2205 2424 2426 2497 quibus
2457 2424 2506 2479 si
2555 2423 2859 2491 annueris,
2890 2429 3029 2493 tuae,
3084 2429 3148 2480 ut
3184 2423 3459 2492 arbitror,
3492 2422 3667 2481 saluti

2004 2512 2370 2587 providebis.
2399 2512 2455 2569 Si
2486 2517 2687 2568 autem
2712 2512 2879 2585 quod
2905 2512 3092 2567 absit!
3128 2511 3293 2567 aliter
3322 2511 3541 2584 pariter
3568 2528 3668 2568 ne-

2007 2602 2278 2673 glexeris,
2305 2600 2473 2674 quod
2500 2600 2649 2656 meis
2675 2604 3013 2673 repugnent
3049 2599 3219 2657 factis
3249 2600 3395 2671 (sic),
3429 2599 3508 2656 ad
3550 2600 3666 2657 hoc

2008 2694 2063 2747 te
2090 2706 2287 2746 errore
2310 2688 2624 2745 Dominica
2650 2704 2797 2744 voce
2825 2687 3107 2761 reprimo,
3156 2704 3279 2760 qua
3310 2686 3420 2743 ait:
3468 2688 3668 2758 Super

2009 2781 2357 2837 cathedram
2387 2779 2585 2849 Moysi
2622 2777 2903 2835 sederunt
2954 2777 3180 2834 Scribe
3219 2782 3273 2833 et
3310 2778 3621 2834 Paearisa’i
3644 2791 3667 2848 ,'

2008 2884 2374 2940 quaecunque
2403 2882 2542 2939 ergo
2567 2866 2842 2923 discerent
2862 2867 3020 2922 vobis
3042 2872 3273 2922 servate
3301 2872 3356 2923 et
3374 2866 3666 2937 facz'te,se-

2010 2958 2271 3013 cundum
2322 2972 2459 3014 vero
2485 2971 2666 3026 opera
2698 2956 2942 3011 illorum
2974 2956 3161 3011 nolite
3183 2956 3415 3025 facere:
3459 2955 3669 3011 dicunt

2008 3047 2165 3102 enim
2196 3051 2249 3102 et
2271 3061 2390 3101 non
2417 3046 2658 3115 faciunt
2688 3045 3117 3115 (Matth.xx1n),
3148 3048 3224 3104 2).
3261 3043 3479 3101 Scribis
3508 3043 3670 3100 enim

2009 3142 2067 3193 et
2114 3136 2447 3203 Pharisaeis,
2500 3140 2565 3192 ut
2594 3138 2658 3191 tu
2712 3134 2839 3208 ipse
2868 3134 3084 3191 melius
3116 3133 3291 3201 nosti,
3345 3133 3668 3190 commissa

2009 3229 2137 3282 erat
2165 3225 2437 3281 doctrina
2463 3223 2701 3293 legis,ut
2730 3239 2864 3280 eam
2890 3227 3257 3296 exponerent
3286 3222 3663 3279 auditoribus

2011 3313 2155 3370 suis.
2181 3314 2319 3369 Ideo
2351 3312 2641 3368 Dominus
2674 3312 2838 3368 dixit:
2873 3314 3070 3381 Super
3098 3311 3448 3368 cathedram
3474 3311 3669 3380 Moysi

2013 3405 2289 3460 sederunt
2318 3402 2539 3460 Scribze
2568 3408 2622 3458 et
2664 3402 2982 3470 Pharisaei,
3012 3400 3072 3456 id
3103 3405 3213 3473 est,
3245 3415 3425 3473 super
3450 3397 3668 3455 doctri-

2010 3508 2155 3547 nam
2184 3491 2330 3561 legis
2358 3509 2370 3559 ;
2403 3506 2663 3563 quorum
2695 3486 2886 3555 dictis,
2914 3488 3269 3562 posthabitis
3295 3487 3484 3558 factis,
3506 3487 3671 3544 audi-

2008 3586 2167 3637 tores
2219 3580 2635 3653 obtemperare
2691 3579 2887 3650 jussit,
2946 3595 3084 3635 cum
3111 3578 3229 3633 ait:
3278 3577 3673 3649 Quaecumque

2008 3686 2149 3739 ergo
2187 3669 2453 3726 dixerint
2492 3668 2652 3724 vobis
2702 3673 2935 3724 servate
2992 3672 3045 3723 et
3090 3667 3297 3737 facile,
3345 3665 3669 3722 secundum

2009 3775 2147 3816 vero
2194 3774 2375 3828 opera
2426 3759 2671 3813 illorum
2726 3758 2911 3813 nolite
2936 3758 3159 3827 facere.
3204 3754 3468 3812 Pharisae
3508 3754 3670 3810 enim

2009 3847 2175 3920 quod
2200 3846 2503 3902 docebant
2530 3844 2703 3901 malis
2734 3843 3018 3917 operibus
3062 3841 3471 3913 destruebant,
3503 3841 3670 3914 quod

2011 3936 2301 3993 Dominus
2336 3935 2773 4010 subsequenter
2802 3932 3111 4005 adjunxit:
3157 3933 3381 3987 Dicunt
3413 3931 3588 4000 enim,
3616 3936 3673 3986 et

2011 4043 2132 4083 non
2156 4027 2416 4097 faciunt.
2448 4023 2615 4081 Tales
2643 4026 2781 4078 sunt
2828 4022 3011 4077 modo
3039 4021 3101 4076 in
3127 4020 3386 4077 Ecclesia
3414 4017 3668 4092 epistoli,

2010 4113 2344 4189 presbyteri
2392 4118 2449 4169 et
2477 4112 2751 4180 abbates,
2784 4110 2887 4183 qui
2918 4109 3071 4165 bene
3125 4110 3361 4179 docent,
3407 4114 3463 4165 et
3511 4107 3670 4165 male

2011 4204 2261 4271 vivunt;
2294 4202 2368 4258 de
2399 4217 2659 4275 quorum
2690 4214 2944 4255 numero
2974 4203 3031 4254 et
3076 4214 3173 4254 me
3198 4213 3330 4254 esse
3360 4196 3667 4254 conﬁteor.

230 4304 444 4370 trares,
485 4306 740 4374 apparet
784 4287 1155 4360 rationabilis
1218 4287 1355 4362 tute
1392 4306 1610 4363 animae
1667 4311 1899 4379 partem

2023 4292 2131 4349 Sed
2183 4296 2385 4347 tamen
2437 4290 2582 4363 quia
2636 4305 2814 4362 super
2864 4287 3211 4346 cathedram
3260 4287 3546 4344 doctrinas
3615 4290 3674 4343 et

231 4389 657 4446 miserabiliter
686 4407 812 4447 esse
842 4398 1209 4467 corruptam.
1260 4395 1442 4451 Certis
1479 4394 1637 4451 enim
1660 4394 1901 4466 judiciis

231 4478 356 4535 haec
388 4478 509 4534 tria
540 4478 604 4534 in
634 4483 688 4535 te
719 4485 1039 4538 notantur:
1073 4483 1359 4557 superbia
1396 4483 1688 4553 videlicet,
1738 4482 1906 4556 quod

233 4572 355 4623 tam
390 4568 659 4641 superbe
682 4570 1131 4645 archiepiscopo
1147 4572 1496 4647 respondes;
1517 4572 1902 4646 contemptio,

233 4657 402 4729 quod
439 4674 553 4712 sua
578 4657 890 4716 interdicta
938 4661 1344 4734 parvipendis,
1384 4677 1543 4734 quae,
1586 4661 1721 4718 licet
1748 4661 1905 4732 inju-

236 4752 343 4811 sta,
381 4746 557 4819 quod
579 4747 772 4803 absit!
805 4754 1019 4821 essent,
1046 4755 1268 4821 tamen,
1288 4751 1439 4807 sicut
1469 4751 1742 4824 superius
1772 4766 1911 4824 pro-

234 4834 401 4901 bavi,
432 4835 706 4893 timenda
747 4837 854 4893 tibi
895 4855 1026 4894 esse
1078 4839 1464 4909 debuissent;
1518 4839 1909 4913 praesumptio

231 4923 680 4996 quoque.un
690 4925 848 4996 juste
866 4942 943 4982 an
965 4926 1184 4998 injuste
1206 4927 1553 4984 interdictus
1576 4927 1653 4984 ad
1672 4943 1908 4983 sacram

235 5013 705 5069 celebrationem
749 5016 1004 5071 accedis.
1056 5019 1322 5083 Quorum
1352 5018 1530 5073 trium
1557 5016 1784 5089 judicia
1812 5032 1908 5072 ra-

235 5102 612 5173 tionabilem,
645 5108 709 5159 ut
738 5104 882 5177 dixi,
918 5105 1136 5163 animae
1162 5111 1278 5163 tuae
1309 5106 1910 5180 partem'praedicant

235 5208 371 5249 esse
409 5193 706 5249 vitiatam.
755 5194 1001 5268 Reliqua
1040 5201 1242 5253 autem
1274 5198 1321 5252 si
1356 5214 1479 5270 qua
1509 5198 1570 5253 in
1598 5202 1650 5253 te
1691 5196 1907 5268 germi-

235 5285 389 5337 nant
435 5286 561 5338 tute
592 5282 719 5356 ipse
765 5283 998 5340 videris.
1052 5289 1200 5342 Nam
1230 5286 1369 5342 huic
1400 5302 1511 5357 ego
1536 5285 1691 5360 parti
1720 5301 1909 5358 quam

240 5375 365 5427 tam
392 5370 729 5428 horibiliter
749 5380 1092 5451 corruptam
1116 5376 1614 5449 cerno,quiddam
1636 5391 1709 5431 ex
1740 5390 1910 5431 sanc-

240 5464 443 5515 torum
463 5462 706 5516 Patrum
731 5463 1198 5535 coemptis,sicut
1228 5463 1527 5537 pollicitus
1548 5463 1910 5531 sum,mede-

239 5548 312 5604 lis
344 5566 472 5623 quo
500 5552 797 5607 revoceris
827 5552 904 5607 ad
955 5552 1207 5609 salutem
1237 5554 1597 5627 procurabo.
1640 5553 1751 5608 Sed
1778 5553 1907 5608 haec

244 5639 593 5711 procuratio
622 5640 707 5697 nil
760 5640 867 5698 tibi
890 5642 1172 5714 proderit,
1220 5644 1269 5700 si
1306 5642 1473 5716 prius
1522 5641 1753 5699 vulneri
1780 5658 1902 5715 quo

2011 4380 2396 4455 praelationis,
2418 4379 2552 4436 licet
2595 4378 2880 4448 indignus
2910 4380 2967 4434 et
3012 4377 3343 4451 imperitus,
3371 4393 3481 4433 nec
3511 4375 3671 4432 dicta

2013 4470 2181 4527 factis
2238 4484 2662 4542 compensans,
2722 4466 2923 4535 sedeo,
2959 4467 3179 4540 siquid
3227 4466 3371 4522 boni
3416 4481 3452 4520 a
3481 4480 3578 4520 me
3607 4464 3670 4518 in

2014 4560 2114 4616 illa
2152 4559 2439 4616 cathedra
2469 4557 2709 4615 sedente
2760 4561 3131 4630 praeceptum
3180 4555 3286 4612 tibi
3329 4553 3520 4619 fuerit,
3550 4554 3664 4607 Do-

2014 4648 2256 4716 minica,
2290 4653 2357 4704 ut
2385 4647 2578 4715 audis,
2612 4646 3021 4703 admonitione
3054 4645 3373 4701 observare
3398 4638 3667 4697 debebis.

2018 4738 2188 4804 Quod
2211 4737 2260 4793 si
2290 4737 2639 4810 neglexeris,
2674 4734 2995 4792 Dominicis
3031 4730 3344 4807 praeceptis
3373 4728 3672 4803 apertissi-

2016 4843 2113 4883 me
2144 4826 2484 4883 contraibis.
2518 4825 2676 4881 Vale.

2340 4915 2676 4973 EPISTOLA
2714 4914 2889 4969 oxxn
2916 4912 3081 4983 [olim
3109 4911 3354 4981 cxvm].

2640 5004 2835 5073 (Anno
2869 5000 3048 5066 1014).

2018 5093 2520 5163 Guillelmi,ducts
2535 5089 2988 5164 Aquitanite,ad
3006 5087 3351 5143 Aribertum
3373 5088 3666 5144 abbatem.

2434 5180 2594 5253 (Vide
2625 5179 2777 5236 infra
2807 5180 2869 5234 in
2898 5177 3262 5249 GiriLLELMo.)

2264 5279 2599 5336 EPISTOLA
2629 5277 2829 5333 CXXIII
2860 5275 3025 5346 [olim
3058 5277 3261 5332 CXVIII
3284 5276 3421 5347 bis].

2016 5372 2238 5428 Sancto
2265 5374 2320 5425 et
2349 5366 2680 5424 venerabili
2724 5364 3245 5435 Andegavensium
3287 5367 3557 5435 episeopo
3584 5367 3674 5433 N.,

2092 5456 2700 5526 lsemeenrcs,humil2’s
2731 5457 3119 5512 Pictavorum
3138 5455 3433 5523 sacerdos,
3459 5456 3677 5525 sit/fra-

2087 5551 2249 5621 gium
2282 5547 2567 5603 orationis
2599 5549 2653 5601 et
2675 5544 2985 5614 ﬁdelitatis
3012 5545 3374 5615 obsequium.

2092 5640 2241 5696 Cum
2269 5633 2417 5692 mihi
2436 5637 2719 5691 constans
2749 5631 3081 5690 dilectionis
3098 5636 3310 5689 vestrze
3341 5631 3415 5688 sit
3440 5629 3681 5689 habitus
