4018 6176
341 183 438 234 271
1393 166 1448 219 S.
1502 160 1838 219 FULBERTI
1885 155 2369 214 CARNOTENSIS
2416 153 2725 214 EPISCOPl
3676 157 3789 209 2'72

341 318 413 358 eo
443 297 638 369 magis
689 292 1036 366 gauderem,
1090 289 1311 364 praesul
1365 287 1613 362 optime,
1671 300 1795 358 quo
1832 279 2004 338 vobis
2040 283 2090 336 Α
2120 279 2414 369 gaudere,
2460 280 2665 354 aliquo
2718 278 2896 336 vestri
2935 276 3325 335 incommodo
3373 275 3565 369 obiter
3604 275 3789 334 vobis

342 390 559 463 saepius
614 384 905 460 placitura
955 381 1233 437 facerem.
1268 377 1504 435 Noverit
1541 391 1687 446 ergo
1717 370 2005 463 serenitas

339 457 539 534 vestra
581 457 749 548 quod
777 469 1170 527 libentissime
1209 466 1476 524 venirem
1526 463 1606 520 ad
1648 457 2002 536 pretiosissi-

2115 367 2280 424 illato
2305 368 2654 426 turbemur:
2705 367 2873 441 quod
2904 367 2952 423 si
2978 366 3294 433 accideret,
3326 364 3538 421 laetitiae
3570 369 3790 422 vestrae

2116 455 2506 516 solemnitatis
2554 458 2616 514 in
2668 456 3006 514 maximum
3059 460 3385 513 verteretur
3434 471 3789 512 maerorem.

339 584 505 624 mam
534 546 927 621 dedicationis
961 557 1165 630 templi
1196 555 1375 613 vestri
1405 553 1866 616 solemnitatem,
1890 546 2004 604 nisi
2113 546 2311 604 Valete
2335 548 2598 606 feliciter.

337 657 625 713 detineret
649 668 745 709 me
789 665 973 707 causa
1018 645 1406 718 hujusmodi:
1458 643 1748 700 Dominus
1802 641 2004 695 noster

338 744 684 802 Guillelmus
703 755 928 808 comes,
960 736 1166 793 habito
1193 733 1441 792 consilio
1468 749 1608 790 cum
1637 729 1812 795 Italis,
1845 743 1999 800 prte-

335 835 489 909 cepit
543 831 712 902 mihi,
744 833 802 886 et
858 825 1123 884 Dominis
1151 824 1301 881 meis
1362 822 1538 879 lsloni
1587 825 1765 892 atque
1801 815 2000 872 Rohos

335 921 726 998 coepiscopis,
779 916 889 974 sua
915 915 1198 990 quaedam
1259 913 1414 970 seria
1458 923 1805 986 procurem,
1859 921 1997 979 quae

332 997 672 1070 nullatenus
697 1012 836 1064 sunt
856 1005 1029 1062 nobis
1059 1000 1502 1077 postponenda.
1532 999 1654 1054 Hac
1681 997 1756 1053 de
1787 1009 1995 1060 causa,

330 1101 474 1174 quia
503 1097 854 1156 charitatem
904 1097 1160 1148 vestram
1214 1090 1496 1146 invitatus
1529 1085 1694 1143 adire
1735 1097 1994 1174 nequeo,

331 1171 455 1246 non
484 1203 700 1262 parum
731 1184 1005 1240 animum
1030 1195 1235 1236 meum
1264 1176 1579 1251 occupavit
1619 1171 1992 1245 aegritudinis

331 1277 580 1336 affectus
607 1293 622 1330 :
657 1273 762 1330 sed
815 1273 928 1327 hoc
957 1267 1318 1337 consolator,
1377 1266 1521 1339 quia
1555 1279 1732 1338 spero
1761 1276 1857 1318 me
1885 1275 1994 1334 per

331 1367 432 1423 Dei
477 1363 736 1435 gratiam
783 1359 931 1416 alias
960 1356 1172 1414 officiis
1198 1354 1408 1411 vestris
1451 1351 1724 1411 alacriter
1750 1349 1991 1407 adfutu-

327 1471 484 1512 rum.
517 1452 713 1509 Valete
735 1465 941 1514 coram
972 1450 1091 1503 Deo
1118 1446 1177 1502 in
1208 1444 1458 1502 sanitate
1488 1440 1811 1511 condigna.

664 1567 1001 1624 EPISTOLA
1039 1565 1236 1620 CXXIV
1263 1561 1428 1632 [olim
1460 1559 1654 1629 CXIX].

2394 639 2730 695 EPISTOLA
2760 638 3006 694 CXXVIII
3047 636 3215 707 [olim
3247 635 3490 706 CXXIII].

2741 726 2937 795 (Anno
2969 725 3151 796 1024.)

2112 817 2549 889 Quem-jugiter
2578 817 2640 873 in
2665 815 3020 888 praecordiis
3045 816 3264 872 animae
3293 829 3414 871 suae
3439 816 3605 884 fovet
3623 815 3698 870 D.
3732 819 3793 871 et

2340 914 2396 965 et
2420 909 2597 978 patri
2619 922 2725 963 suo
2757 909 2815 962 F.
2853 908 2985 962 Hea.
3008 911 3304 976 perpetuo
3329 906 3547 976 vigere.

2180 999 2309 1053 Dux
2335 1001 2536 1053 noster
2565 994 2913 1052 Guillelmus
2942 994 3115 1051 vobis
3148 993 3551 1050 amicissimus
3579 993 3791 1067 profe-

2105 1091 2309 1143 cturus
2336 1093 2425 1143 est
2471 1087 2533 1142 in
2592 1084 2820 1141 Italiam
2869 1083 2964 1140 die
2989 1085 3154 1140 Jovis
3200 1083 3472 1157 proxime
3499 1089 3790 1154 venturo,

2104 1175 2393 1232 sciscitari
2422 1174 2497 1231 de
2523 1191 2712 1231 causa
2739 1173 2843 1230 ﬁlii
2875 1173 2989 1242 sui,
3023 1173 3075 1229 si
3102 1189 3243 1229 cum
3269 1173 3499 1229 honore
3529 1178 3589 1229 et
3617 1173 3790 1230 inco-

2101 1263 2392 1322 luminate
2423 1280 2534 1320 sua
2559 1263 2686 1320 ﬁeri
2715 1269 2915 1337 queat.
2950 1262 3076 1319 Itali
3107 1261 3270 1319 enim
3299 1261 3609 1331 elegerunt
3638 1278 3789 1318 eum

2102 1353 2216 1410 sibi
2231 1353 2310 1410 ad
2323 1352 2839 1422 regem,facientes
2861 1352 2914 1408 ei
2933 1355 3400 1418 sacramentum,
3418 1356 3476 1407 et
3494 1350 3677 1407 Italiae
3695 1368 3787 1408 re-

2101 1457 2292 1513 gnum
2306 1440 2761 1508 concedendi,et
2774 1443 3110 1497 Romanum
3124 1439 3786 1513 imperiumkicquiren-

2098 1531 2295 1606 di,per
2307 1536 2534 1588 rectam
2555 1530 3060 1604 ﬁdem,quantum
3077 1532 3478 1602 possunt.tlac
3495 1529 3574 1585 de
3586 1545 3785 1586 causa

329 1656 639 1714 Guillelmi
657 1618 895 1711 2.5.7.};
905 1618 1144 1724 gnua...-
1163 1650 1245 1706 ad
1264 1618 1527 1704 ‘Leonem
1563 1618 1983 1702 Vercellensem

2138 1637 2504 1678 Iraecessurus
2529 1625 2618 1677 est
2645 1619 2912 1692 prudens
2937 1624 3108 1692 pater
3127 1618 3338 1686 filium,
3368 1635 3554 1691 quem
3581 1634 3779 1692 supra

976 1741 1334 1810 episcopum.

747 1830 906 1903 (Vide
931 1829 1086 1885 infra
1115 1829 1176 1884 in
1204 1826 1566 1897 GI'ILIJZLIO).

675 1947 1016 2002 EPISTOIA
1055 1945 1228 2000 CXXV
1267 1942 1427 2013 [olim
1471 1940 1640 2012 CXX].

328 2039 577 2095 Domino
606 2053 712 2092 suo
737 2034 1087 2091 charissima
1131 2034 1447 2088 FL‘LBERTt'S
1478 2028 1736 2098 praesuli
1773 2029 1836 2082 ll.
1870 2042 1987 2081 om-

657 2125 822 2180 nium
849 2121 1313 2193 expetendorum
1343 2132 1656 2174 summam.

400 2215 569 2283 Quod
604 2220 740 2270 ante
765 2211 1099 2269 vindemias
1128 2226 1250 2266 non
1279 2211 1476 2265 reviso
1506 2223 1638 2273 vos,
1679 2208 1868 2272 Pater,
1900 2202 1984 2259 di-

325 2304 663 2364 lectissimis
698 2301 892 2359 fratris
946 2303 1004 2356 Β.
1038 2299 1286 2356 morbus
1312 2314 1408 2354 me
1434 2295 1678 2364 detinet,
1705 2311 1843 2350 cum
1876 2309 1984 2367 op-

325 2399 654 2469 portunum
709 2391 904 2461 fuerit,
935 2394 1234 2446 annuente
1294 2389 1434 2458 Deo,
1486 2384 1876 2441 libentissime
1925 2381 1985 2437 id

325 2489 621 2541 acturum.
655 2481 883 2553 Scripto
910 2483 1107 2536 vestro
1140 2477 1375 2534 interim
1408 2491 1615 2548 quaeso
1645 2473 1792 2530 mihi
1818 2473 1986 2528 inno-

328 2579 547 2630 tescere
577 2568 889 2644 quomodo
941 2584 1044 2624 vos
1074 2566 1285 2638 agatis,
1317 2570 1373 2620 et
1403 2563 1660 2637 qualiter
1689 2559 1983 2618 condisci—

324 2661 450 2735 puli
480 2660 594 2716 mei
625 2675 689 2715 se
715 2662 923 2728 gerant
948 2656 1007 2712 in
1039 2655 1236 2722 scolis,
1259 2659 1315 2710 et
1341 2669 1416 2708 an
1446 2652 1660 2709 melius
1690 2650 1865 2707 solito
1893 2665 1985 2706 ce-

321 2749 551 2805 lebrent
576 2746 898 2803 canonicas
924 2742 1290 2800 horas.Mitto
1311 2741 1483 2796 vobis
1513 2755 1707 2796 unum
1735 2754 1806 2795 ex
1838 2737 1985 2792 duo-

323 2838 438 2895 bus
467 2835 678 2893 libellis
704 2851 860 2907 quos
907 2831 1139 2888 amicus
1170 2835 1373 2886 noster
1426 2845 1628 2885 comes
1656 2831 1719 2884 ϐ.
1751 2825 1985 2898 rogavit

325 2924 658 2983 transcribi.
694 2922 1035 2979 lmmissum
1061 2921 1302 2976 cuidam
1323 2920 1484 2975 hunc
1509 2917 1732 2973 librum
1763 2917 1822 2971 in
1845 2930 1986 2971 arca

324 3034 460 3073 mea
481 3014 713 3071 celabat
728 3012 1220 3084 oblivio,putante
1243 3026 1338 3066 me
1356 3009 1524 3064 illum
1540 3007 1714 3064 vobis
1739 3022 1869 3063 esse
1887 3005 1986 3061 de-

320 3103 594 3162 latum.Si
617 3119 725 3158 vos
755 3101 848 3158 vel
878 3107 1104 3157 vestros
1136 3100 1197 3156 in
1214 3098 1538 3172 quaerendo
1556 3097 1834 3154 laborare
1853 3095 1984 3162 feci,

323 3211 458 3250 mea
488 3192 685 3267 culpa.
736 3190 1016 3258 Salutate,
1050 3204 1297 3262 praecor,
1332 3187 1456 3243 vice
1497 3203 1636 3243 mea
1666 3185 1986 3242 dominum

247 3313 252 3318 -
321 3299 525 3339 meum
558 3282 838 3352 Sigonem
883 3283 939 3334 et
972 3277 1331 3334 lliduinum:
1375 3276 1659 3350 priorem,
1711 3273 1986 3330 animum

322 3389 546 3439 meum,
579 3377 634 3428 et
682 3369 936 3426 alterum
965 3368 1182 3423 anima:
1214 3382 1362 3422 meae
1405 3365 1747 3420 dimidium.
1782 3361 1985 3420 Crateri

326 3460 500 3515 vestri
525 3474 736 3514 omnes
767 3455 915 3511 salvi
945 3455 1061 3510 sint
1090 3454 1150 3509 in
1176 3453 1680 3520 Christo,summa
1711 3449 1983 3505 omnium

323 3547 514 3602 salute
544 3561 654 3600 vos
684 3547 1048 3616 protegente.
1080 3549 1288 3596 Amen.

631 3646 966 3702 EPISTOIA
1005 3645 1199 3699 CXXVI
1268 3643 1431 3712 [olim
1473 3643 1666 3711 CXXI].

463 3737 676 3796 Fratri
704 3737 765 3791 E.
798 3734 1172 3788 HILDEGMIIITS
1199 3746 1373 3787 omne
1404 3730 1620 3786 bonum
1651 3736 1838 3799 optat.

393 3826 534 3884 Volo
577 3822 803 3881 scribas
834 3820 1000 3888 mihi,
1049 3818 1418 3886 charissime,
1471 3834 1659 3891 quam
1697 3817 1850 3875 bene
1881 3817 1985 3873 tibi

319 3916 608 3994 procedat
650 3911 1073 3970 scholasticum
1128 3908 1395 3966 ofﬁcium
1446 3925 1482 3965 a
1552 3908 1802 3964 domino
1845 3924 1983 3965 meo

317 4006 595 4082 praesule,
649 4009 865 4076 rogatu
924 4018 1082 4067 meo,
1142 4015 1338 4073 nuper
1391 3998 1495 4055 tibi
1547 3998 1979 4065 commissum;

317 4101 616 4171 quantum
641 4096 772 4166 ejus
824 4092 1080 4164 gratiam
1112 4090 1333 4154 inieris,
1361 4089 1465 4162 qui
1499 4093 1552 4145 te
1577 4088 1979 4160 demulceant,

318 4187 424 4260 qui
474 4184 811 4250 mordeant,
865 4198 1053 4256 quam
1118 4179 1438 4236 incolumis
1499 4183 1622 4235 tute
1681 4177 1978 4235 consistis.

317 4274 684 4349 Prosperitas
717 4278 821 4330 tua
851 4271 1016 4328 salus
1073 4270 1219 4326 mihi
1243 4275 1350 4336 est,
1385 4269 1719 4328 adversitas
1744 4269 1981 4340 aegritu-

316 4365 418 4423 do.
448 4363 657 4421 Valeas
691 4377 930 4435 semper
958 4360 1020 4417 in
1048 4360 1295 4418 Christo.

627 4474 962 4530 EPISTULA
1001 4474 1223 4528 cxxvu
1250 4471 1416 4542 [olim
1449 4469 1668 4542 cxxn].

403 4564 589 4622 Arcti.
624 4567 662 4620 Ι.
697 4562 941 4619 humilis
970 4562 1278 4632 episcopus
1307 4566 1592 4616 aeternam
1622 4560 1898 4616 salutem.

384 4659 627 4726 Magnas
658 4651 878 4724 gratias
906 4651 1218 4707 referimus
1261 4655 1472 4705 vestrae
1504 4648 1791 4716 charitati,
1825 4647 1973 4720 peti-

314 4746 534 4803 tionem
564 4747 829 4800 nostram
852 4740 1088 4814 explere
1121 4739 1234 4796 sub
1263 4737 1602 4795 rationabili
1633 4737 1972 4794 conditione

311 4833 699 4907 promittenti.
746 4831 850 4888 Cui
877 4829 1206 4886 conditioni
1236 4827 1384 4884 velle
1431 4844 1543 4884 nos
1573 4827 1846 4884 alacriter
1867 4827 1972 4884 de-

313 4924 552 4991 servire,
607 4921 714 4978 sed
770 4919 1018 4977 minime
1072 4933 1275 4990 posse,
1332 4916 1732 4986 magnitudini
1761 4921 1971 4972 vestrae

310 5017 520 5067 notum
551 5010 820 5066 facimus.
857 5011 1135 5065 Doctores
1174 5005 1335 5061 enim
1377 5005 1598 5061 itineris
1627 5004 1738 5078 ipsi
1769 5004 1970 5061 multis

311 5099 584 5172 occupati
615 5099 841 5156 mittere
871 5097 1044 5155 vobis
1069 5111 1192 5152 non
1217 5111 1561 5168 possumus.
1593 5097 1706 5151 Nec
1731 5094 1809 5150 ab
1838 5095 1970 5168 ipso

312 5187 546 5242 comite.
577 5190 664 5242 Vu
693 5201 960 5259 quaerere
1004 5185 1298 5252 valemus,
1359 5182 1650 5258 quoniam
1705 5183 1879 5240 abest
1907 5183 1968 5239 in

311 5274 750 5347 expeditionem
806 5275 1128 5348 profectus,
1160 5278 1226 5330 ut
1274 5273 1460 5332 aiunt.
1513 5289 1636 5329 non
1667 5273 1968 5330 rediturus

310 5378 502 5434 usque
529 5361 608 5418 ad
639 5362 944 5418 decimum
973 5363 1294 5436 septimum
1327 5361 1623 5418 Kalendas
1654 5362 1966 5429 Novemb.,

309 5468 449 5508 cum
482 5451 754 5525 sequenti
781 5451 876 5507 die
907 5451 1095 5508 simus
1123 5452 1456 5509 dedicaturi
1487 5451 1799 5508 ecclesiam
1825 5467 1965 5506 nos-

309 5546 482 5598 tram.
514 5541 800 5598 Nolumus
847 5555 988 5610 ergo
1018 5540 1428 5597 excellentiam
1465 5546 1726 5597 vestram
1753 5538 1964 5607 fatiga-

307 5638 438 5689 tum
467 5631 558 5704 iri,
591 5647 665 5688 ne
710 5630 880 5700 forte,
913 5647 1052 5686 cum
1095 5630 1374 5687 volumus
1424 5627 1740 5702 praesentia
1769 5633 1967 5684 vestra

2013 4349 2060 4404 Β

2098 1711 2243 1779 dixi,
2275 1727 2416 1767 cum
2444 1710 2593 1783 ipsis
2622 1709 3082 1766 deliberaturus.
3136 1711 3302 1764 Nunc
3331 1723 3474 1778 ergo
3499 1708 3778 1781 pruden-

2096 1800 2191 1856 tiae
2217 1804 2425 1856 vestrae
2454 1804 2543 1856 est
2570 1799 2889 1855 decernere
2921 1802 3120 1854 utrum
3150 1796 3229 1854 ad
3250 1812 3362 1854 nos
3387 1796 3483 1853 illo
3517 1797 3778 1854 absente

2095 1890 2346 1947 veniatis
2397 1890 2571 1961 juxta
2620 1888 2983 1945 condictum.
3048 1888 3104 1945 Si
3147 1887 3443 1957 veneritis,
3483 1887 3777 1944 victualia

2095 1979 2272 2036 vobis
2304 1981 2424 2035 Deo
2463 1978 2751 2047 largiente
2780 1993 2904 2034 non
2947 1977 3218 2033 deerunt.
3249 1977 3416 2034 Unde
3452 1976 3776 2050 quodlibet

2095 2069 2269 2125 vobis
2294 2068 2606 2142 placuerit,
2641 2068 2844 2124 litteris
2873 2067 3019 2123 mihi
3045 2083 3194 2138 rogo
3219 2067 3568 2124 siﬁniticari.
3615 2072 3772 2124 Inte-

2095 2175 2201 2216 rea
2231 2163 2289 2215 et
2314 2174 2552 2232 semper
2580 2173 2720 2214 cum
2751 2156 3036 2213 omnibus
3062 2157 3272 2212 vestris
3301 2155 3453 2213 bene
3482 2155 3762 2223 valeatis,

2095 2247 2472 2305 sanctissime
2521 2249 2708 2314 Pater,
2740 2245 2874 2302 vitae
2922 2245 3100 2302 nobis
3153 2245 3408 2302 dulcedo
3453 2245 3677 2318 pariter
3707 2249 3772 2300 et

2097 2337 2306 2409 gloria.
2342 2336 2398 2394 Si
2425 2336 2772 2393 transieritis
2803 2336 3106 2403 Bituricas,
3139 2352 3279 2392 cum
3305 2335 3511 2392 Odoue
3542 2335 3621 2391 de
3651 2338 3771 2391 Do-

2094 2425 2169 2482 lis
2206 2426 2396 2483 amice
2427 2425 2763 2499 loquimini.
2815 2425 3017 2481 Inveni
3048 2425 3215 2481 illum
3257 2425 3318 2481 in
3364 2427 3642 2481 Romano
3673 2424 3769 2480 iti-

2094 2532 2236 2574 nere
2282 2515 2640 2589 prudentem
2670 2515 2883 2586 virum,
2917 2519 2974 2571 et
3023 2530 3195 2589 spero
3218 2513 3389 2571 vobis
3413 2513 3772 2588 obsequen-

2092 2605 2393 2663 tissimum
2442 2604 2588 2672 fore,
2633 2603 2680 2659 si
2707 2603 2856 2676 quid
2902 2603 3176 2677 obsequii
3205 2603 3376 2660 vultis
3406 2602 3486 2660 ab
3535 2619 3611 2660 eo
3637 2622 3652 2670 ;
3681 2607 3773 2660 est

2095 2694 2276 2751 etiam
2304 2692 2506 2749 comiti
2538 2696 2743 2748 nostro
2773 2691 3084 2748 Guillelmo
3111 2691 3341 2748 satelles
3370 2691 3774 2748 ﬁdelissimus

2094 2786 2152 2838 et
2180 2779 2698 2836 familiarissimus.
2747 2779 2923 2836 Fulco
2972 2796 3176 2837 comes
3213 2779 3548 2854 appellatus
3597 2797 3635 2836 a
3665 2796 3773 2837 co-

2094 2867 2236 2924 mite
2269 2867 2580 2924 Guillelmo
2609 2884 2684 2924 ne
2714 2868 2888 2924 vobis
2919 2868 3073 2925 inter
3087 2869 3214 2925 vias
3242 2868 3520 2925 technam
3545 2868 3774 2926 molia-

2025 2991 2068 3045 C
2097 2960 2214 3025 tur,
2243 2956 2556 3030 respondit
2611 2957 2671 3014 in
2700 2974 2843 3014 vera
2872 2957 3012 3023 fide,
3043 2959 3197 3015 sicut
3220 2957 3388 3014 vobis
3420 2959 3612 3014 visum
3646 2964 3770 3030 est,

2097 3046 2328 3102 nullam
2358 3063 2421 3102 se
2466 3047 2849 3115 moliturum;
2895 3046 3046 3104 velle
3078 3049 3256 3104 etiam
3303 3047 3412 3103 sibi
3454 3063 3771 3120 praeman-

2094 3135 2226 3194 dari
2255 3142 2521 3193 vestrum
2550 3136 2897 3204 adventum,
2930 3143 2995 3193 ut
3025 3137 3320 3194 conducat
3345 3153 3446 3194 vos
3475 3152 3585 3210 per
3615 3153 3761 3195 sua.

2094 3228 2453 3300 Prosperum
2498 3226 2608 3282 iter
2658 3226 2835 3283 faciat
2858 3226 3030 3282 vobis
3071 3230 3223 3284 Deus
3272 3226 3623 3283 salutarium
3654 3243 3773 3284 no—

2093 3319 2373 3371 strorum.

2407 3406 2743 3462 EPISTULA
2783 3407 2974 3462 CXXIX
3003 3406 3166 3476 [olim
3207 3405 3443 3475 CXXIV].

2169 3493 2480 3550 Guillelmi
2506 3494 2675 3550 ducis
2704 3495 3054 3565 Aquitaniae
3081 3494 3164 3551 ad
3189 3495 3688 3551 marchionem'“.

2521 3582 2685 3653 (Vide
2714 3582 2868 3639 infra
2892 3582 2955 3638 in
2987 3584 3343 3655 GUILLELMO).

2419 3671 2754 3728 EPISTOLA
2795 3674 2964 3729 cxxx
3005 3674 3168 3744 [olim
3210 3672 3448 3744 CXXV]-

2199 3761 2412 3816 Leonis
2463 3761 2849 3817 Vercellensis
2888 3762 2970 3817 ad
3016 3762 3402 3818 Guillelmum
3440 3763 3656 3822 ducem

2747 3850 3112 3922 Aquitaniae.

2509 3938 2672 4010 (Vide
2704 3938 2859 3994 infra
2887 3939 2948 3995 in
2982 3940 3337 4012 Genu-21.310).

2413 4028 2749 4084 EPISTOLA
2789 4028 2982 4084 CXXXI
3023 4029 3187 4100 [olim
3228 4028 3468 4099 CXXVI].

2093 4116 2404 4173 Guillelmi
2425 4117 2592 4173 ducis
2635 4117 2980 4189 Aquitaniae
3010 4119 3092 4175 ad
3136 4119 3386 4176 Leonem
3429 4119 3773 4178 Vercellen-

2657 4221 2776 4262 sem
2823 4207 3182 4276 episcopum.

2503 4293 2667 4365 (Vide
2699 4293 2852 4351 infra
2883 4294 2943 4350 in
2971 4295 3333 4367 GUILLBLuo).

2397 4384 2691 4440 EPISOLA
2729 4385 2948 4441 CXXXII
2979 4386 3145 4457 [olim
3177 4385 3443 4457 CXXVII].

2085 4473 2337 4528 Domino
2361 4487 2468 4528 suo
2513 4475 2796 4528 FL'Leearo
2837 4475 3209 4530 HlLDEGARlL’S
3253 4473 3450 4543 ﬁdelis
3495 4478 3630 4544 ejus
3678 4477 3765 4532 ad

2418 4567 2618 4618 votum
2649 4563 2850 4619 omnia
2878 4563 3019 4620 bene
3047 4563 3409 4633 contingere.

2155 4650 2414 4706 Priorem
2444 4654 2559 4706 tuae
2601 4651 2961 4724 pcenitentiaa
2992 4667 3262 4719 causam,
3309 4667 3492 4725 super
3520 4653 3757 4709 honore

2081 4737 2241 4795 beati
2272 4738 2469 4795 Hilarii
2495 4745 2794 4813 suscepto,
2821 4741 3048 4812 justam
3077 4757 3209 4797 esse
3243 4740 3401 4809 novi,
3431 4743 3756 4800 Pater.0b-

2083 4844 2344 4901 sequens
2373 4827 2552 4899 igitur
2587 4830 2890 4886 mandatis
2920 4830 3203 4902 tuis,cum
3233 4830 3345 4886 sim
3377 4835 3625 4888 tuorum
3645 4832 3759 4888 mi-

2081 4918 2308 4987 nimus,
2364 4917 2583 4991 vixque
2637 4918 2956 4975 necessarii
3004 4919 3248 4976 nomine
3301 4919 3550 4990 dignus,
3602 4921 3755 4977 illud

2081 5007 2487 5078 competenter
2529 5003 2782 5060 dixerim
2830 5003 2996 5077 quod
3046 5005 3129 5060 tui
3176 5006 3496 5074 praesentia
3545 5023 3755 5063 carere

2081 5093 2339 5150 multum
2356 5092 2503 5148 mihi
2521 5092 2594 5148 sit
2605 5092 3060 5150 incommodum
3070 5098 3154 5161 ,ut
3164 5099 3302 5167 pote
3315 5095 3754 5169 rudi,quotidie

2080 5183 2195 5238 tuis
2219 5181 2655 5239 eruditionibus
2703 5182 2917 5254 egenti,
2948 5199 3057 5239 nec
3085 5199 3206 5240 non
3234 5184 3313 5240 ab
3342 5185 3640 5258 obsequio
3667 5186 3754 5242 al-

2079 5288 2193 5328 mae
2223 5271 2322 5328 Dei
2349 5271 2608 5328 Parentis
2633 5273 2760 5344 jam
2782 5272 2886 5328 diu
2909 5273 3166 5330 vacanti:
3195 5273 3348 5331 ferre
3371 5281 3576 5332 tamen
3608 5277 3750 5343 hoc,

2077 5365 2134 5416 et
2164 5366 2294 5417 tuas
2321 5361 2455 5418 licet
2484 5378 2697 5433 graves
2728 5362 2803 5418 ad
2835 5378 2948 5418 nos
2997 5363 3272 5420 veniendi
3297 5364 3747 5438 protelationes,

2075 5451 2221 5524 quia
2252 5450 2336 5507 sic
2363 5451 2561 5522 jubes,
2611 5457 2916 5524 utcunque
2967 5458 3324 5524 satagerem,
3367 5454 3516 5510 dum
3548 5461 3750 5512 certus

2076 5556 2270 5596 essem
2309 5540 2621 5598 ecclesiam
2675 5541 2874 5598 Sancti
2929 5541 3146 5609 Hilarii,
3203 5548 3318 5599 ate
3367 5543 3427 5598 in
3459 5545 3750 5616 proximo

2076 5627 2598 5702 frequentandam,
2653 5629 3033 5702 aliquatenus
3062 5629 3328 5688 exaltari.
3370 5633 3562 5690 Tanta
3589 5640 3756 5690 esset
