4018 6176
260 185 371 238 273

261 304 412 363 mihi
439 302 656 361 exinde
688 307 1061 378 proventura
1089 320 1295 362 coram
1323 308 1444 362 Deo
1488 309 1546 364 et
1585 303 1940 362 hominibus

259 394 499 466 gratia!
556 394 732 466 cujus
790 409 899 468 spe
957 394 1339 451 vehementer
1377 399 1588 468 captus
1628 393 1852 449 mirum
1880 392 1945 448 in

270 492 312 553 Β
330 484 527 541 odum
558 499 595 540 a
620 482 897 540 clientela
917 487 1019 541 tua
1046 483 1256 541 tandiu
1287 483 1500 541 abesse
1544 487 1601 540 et
1649 499 1687 540 a
1737 497 1949 556 supra-

180 619 204 631 -
255 572 439 629 dictae
472 571 740 628 dominae
787 571 1025 628 servitio
1071 572 1248 646 quasi
1290 571 1661 646 emancipari
1688 569 1948 644 pertule-

254 664 376 720 rim
411 683 424 720 :
463 661 612 719 tanti
654 665 815 718 esset
872 661 1021 718 mihi
1062 666 1351 736 praeterea
1387 661 1726 736 quamdam
1765 659 1943 716 fama;

256 757 379 809 tua:
409 749 889 808 minorationem
936 749 1138 821 abigi!
1193 767 1382 824 quam
1430 750 1810 820 ingruentem
1859 747 1943 803 vi-

251 841 398 910 deo,
446 840 564 896 nisi
619 839 789 913 quod
843 844 910 895 tu
951 838 1075 912 ipse
1121 839 1254 896 loco
1298 843 1579 912 suscepto
1609 835 1937 912 praefueris.

252 928 377 986 Sed
401 945 551 985 cum
580 931 634 984 te
662 926 804 1001 plus
839 926 1086 982 biennio
1105 926 1423 984 detinuerit
1441 926 1581 982 hinc
1602 923 1940 982 sollicitudo

248 1017 606 1094 pastoralis,
686 1015 834 1072 hinc
888 1016 1226 1090 principum
1283 1015 1610 1086 discordia,
1659 1031 1771 1071 nec
1815 1013 1940 1070 scio

246 1107 516 1182 quando
546 1105 660 1164 nisi
688 1105 806 1162 illis
841 1105 1206 1162 abeuntibus
1227 1105 1676 1179 componenda,
1721 1102 1938 1160 orturis

246 1197 512 1254 forsitan
543 1194 669 1252 aliis
695 1193 985 1269 pluribus
1020 1193 1219 1250 causis
1251 1199 1304 1251 te
1359 1193 1564 1250 itidem
1603 1195 1937 1249 remoratu-

245 1288 358 1356 ris,
420 1285 525 1342 vix
583 1283 776 1341 ausim
837 1299 1084 1356 sperare
1124 1288 1176 1340 te
1220 1283 1316 1340 vel
1349 1283 1537 1340 semel
1562 1282 1936 1339 Pictavorum

245 1379 408 1434 ﬁnes
439 1375 712 1442 revisere,
766 1378 852 1441 et,
906 1377 1089 1447 prout
1125 1374 1280 1445 geris
1309 1373 1536 1440 animo,
1587 1371 1670 1428 illi
1697 1371 1938 1443 egregio

246 1464 586 1524 confessori
616 1462 832 1521 Christi
854 1461 1178 1518 deservire.
1212 1462 1482 1536 Sperabo
1505 1466 1707 1518 tamen
1732 1459 1933 1530 etiam,

244 1557 480 1626 adhuc,
513 1555 655 1610 sicut
676 1550 1014 1625 promittis,
1046 1550 1171 1607 vice
1211 1555 1314 1608 tua
1354 1550 1524 1624 quod
1574 1554 1783 1624 potero
1813 1563 1936 1604 ser-

243 1647 423 1703 viens
450 1642 694 1709 interim,
719 1641 943 1697 laetum
965 1639 1052 1696 rei
1082 1641 1305 1696 exitum
1352 1639 1500 1696 mihi
1553 1638 1779 1712 tibique
1823 1652 1931 1693 an-

243 1750 439 1790 nuere
472 1729 788 1788 Dominum
821 1727 1093 1785 assiduis
1118 1728 1367 1785 vocibus
1389 1732 1447 1784 et
1489 1725 1720 1784 anhelis
1748 1724 1934 1798 preci-

244 1824 368 1880 bus
400 1837 602 1879 orans.
634 1819 755 1885 Dic,
794 1833 1042 1892 quaeso,
1075 1820 1258 1887 Pater,
1314 1817 1452 1890 quis
1506 1831 1779 1890 unquam
1822 1815 1933 1871 tiro

249 1913 386 1968 sine
442 1911 588 1967 duce
630 1908 966 1966 militavit?
1023 1907 1161 1974 Quis
1203 1907 1323 1964 alto
1368 1905 1521 1962 mari
1552 1905 1678 1962 sine
1707 1904 1932 1975 remige

254 1999 496 2057 credere
527 2015 584 2055 se
613 1997 853 2055 voluit?
903 1995 1254 2053 Guillelmus
1301 2012 1506 2053 comes
1535 1994 1766 2052 amicus
1796 1999 1933 2050 tuus

247 2095 307 2146 et
364 2088 631 2146 canonici
683 2087 887 2144 nostri
941 2091 997 2142 te
1054 2087 1381 2144 resalutant
1414 2085 1616 2141 adhuc
1658 2083 1930 2139 ﬁdeliter.

239 2177 546 2234 Jordanus
571 2176 742 2232 etiam
771 2174 1231 2231 Lemovicensis
1259 2174 1602 2248 episcopus,
1645 2171 1741 2228 cui
1787 2171 1931 2228 olim

242 2265 606 2337 suffragium
634 2262 972 2338 praestitisti
996 2263 1161 2336 apud
1212 2262 1736 2336 archiepiscopum
1778 2259 1933 2316 Bitu-

239 2356 564 2422 ricensem,
590 2353 857 2427 plurima
890 2356 949 2408 te
978 2351 1168 2410 salute
1201 2352 1549 2426 impertiens
1590 2354 1762 2422 rogat
1786 2365 1930 2422 sup-

238 2444 478 2519 pliciter
506 2448 569 2499 ut
587 2443 782 2499 mittas
815 2441 874 2497 ei
911 2441 1099 2498 Vitam
1132 2441 1327 2498 sancti
1359 2439 1671 2510 Leonardi,
1712 2439 1774 2495 in
1802 2438 1928 2512 epi-

239 2537 496 2608 scopato
523 2548 628 2589 suo
651 2529 1116 2606 quiescentis,ut
1150 2531 1323 2588 aiunt
1347 2531 1497 2601 (52);
1528 2529 1610 2585 sic
1638 2528 1738 2585 ubi
1757 2543 1927 2601 repe-

237 2625 356 2681 rire
383 2622 624 2697 poteris,
654 2622 913 2696 pulchre
944 2619 1110 2679 dicas
1144 2623 1265 2677 hoc
1294 2621 1629 2678 feneratum
1669 2633 1818 2674 esse.
1847 2621 1930 2674 Ex

239 2730 382 2771 mea
410 2728 650 2787 quoque
679 2716 853 2786 parte
882 2724 1002 2765 non
1031 2728 1158 2768 vos
1193 2710 1500 2784 poeniteat,
1553 2713 1605 2765 te
1657 2707 1792 2764 dico
1823 2707 1931 2764 do-

238 2805 484 2863 minum
509 2819 730 2870 meum,
779 2799 1228 2858 charissimum
1279 2805 1448 2857 tuum
1490 2813 1736 2872 quoque
1767 2797 1932 2869 Sigo-

239 2911 409 2965 nem,
436 2892 641 2967 probis
667 2890 946 2948 moribus
973 2895 1029 2948 et
1073 2889 1314 2947 artibus
1363 2903 1678 2958 magnum,
1736 2890 1927 2943 cente-

1815 179 2191 237 EPISTOLE.

3617 192 3723 248 2η

2057 302 2454 374 caligantibus
2483 307 2670 364 oculis
2697 309 3092 383 prOphetans,
3122 310 3185 366 in
3214 311 3615 385 praisentique
3653 315 3724 369 ti-

2055 391 2204 448 lium
2258 410 2380 450 non
2435 395 2663 464 videns,
2697 398 2886 454 multa
2915 398 3062 454 mihi
3088 397 3252 456 bona
3305 400 3366 456 in
3414 406 3723 474 posterum

2055 481 2396 554 provideas.
2434 485 2594 542 Feria
2624 486 2892 543 secunda
2916 493 3058 560 post
3081 493 3326 545 octavas
3351 493 3725 547 Pentecosles

2053 570 2404 642 proﬁciscar
2451 575 2529 630 ad
2571 580 2644 645 te,
2677 575 2725 630 si
2749 581 2978 649 potero,
3036 576 3358 634 resciturus
3390 582 3590 634 utrum
3621 596 3726 635 ve-

2051 658 2186 714 nias
2217 660 2294 716 ad
2326 662 2604 718 comitem
2633 663 2694 720 in
2725 664 2911 720 natali
2941 665 3133 721 sancti
3160 665 3426 722 Joannis.
3453 666 3611 724 Vale.

2368 752 2702 809 EPISTOLA
2743 755 2959 810 CXXXV
2991 754 3156 822 [olim
3190 756 3406 824 CXXX].

2049 839 2304 894 Domino
2328 842 2392 896 Β.
2417 843 2758 898 venerando
2783 848 2962 912 atque
2989 843 3244 898 amabili
3264 843 3490 899 decano
3513 843 3726 901 Sancti

2415 930 2647 988 Hilarii
2675 933 2742 988 H.
2776 937 3062 988 aeternam
3085 933 3362 989 salutem.

2122 1016 2312 1073 Multae
2343 1017 2512 1074 vobis
2542 1020 2746 1088 gratiae
2785 1020 3120 1077 referantur
3171 1037 3243 1076 ex
3287 1025 3456 1094 parte
3507 1021 3608 1077 Dei
3665 1027 3723 1078 et

2046 1105 2281 1161 domini
2312 1107 2428 1162 mei
2459 1107 2746 1181 episcopi,
2794 1113 2851 1164 et
2893 1125 3050 1176 mea,
3083 1109 3268 1182 quod,
3325 1109 3478 1165 sicut
3503 1109 3716 1177 dicitis,

2044 1210 2176 1250 rem
2203 1195 2398 1251 Sancti
2435 1196 2627 1252 Hilarii
2674 1196 2828 1253 bene
2878 1197 3242 1254 custodistis.
3277 1198 3421 1254 Hinc
3451 1199 3720 1270 profecto

2043 1301 2153 1340 vos
2179 1285 2309 1356 ejus
2328 1285 2568 1342 ﬁdelem
2593 1302 2725 1342 esse
2755 1287 3018 1342 amicum
3050 1292 3107 1342 et
3135 1292 3428 1353 nostrum,
3452 1304 3716 1359 quorum

2045 1374 2242 1430 vicem
2301 1375 2546 1448 exsequi
2594 1375 2957 1446 studueritis,
3026 1376 3353 1432 certissime
3421 1376 3712 1449 probatis.

2047 1463 2202 1529 Quia
2233 1480 2373 1520 vero
2404 1463 2578 1520 nobis
2605 1465 2664 1520 in
2696 1464 2974 1538 praesenti
3001 1481 3110 1520 vos
3139 1464 3347 1520 audire
3389 1480 3508 1520 non
3558 1465 3712 1535 licet,

2045 1551 2124 1608 de
2153 1553 2378 1626 quibus
2407 1569 2518 1609 nos
2542 1552 3320 1624 interrogastis,signiﬁcare
3344 1553 3711 1624 curavimus,

1975 1663 2015 1718 Β
2045 1644 2114 1695 ut
2145 1641 2381 1711 triginta
2407 1642 2674 1715 quinque
2703 1642 2909 1712 libras,
2941 1647 2999 1697 et
3041 1641 3189 1697 alias
3221 1658 3373 1714 quas
3417 1642 3587 1698 vobis
3625 1643 3712 1698 di-

2044 1729 2204 1801 misi,
2231 1730 2292 1787 in
2317 1747 2473 1804 opus
2505 1731 2703 1788 Sancti
2737 1730 2932 1787 Hilarii
2958 1746 3066 1803 per
3097 1730 3414 1786 consilium
3436 1730 3582 1787 boni
3601 1731 3710 1786 du-

2045 1819 2130 1875 cis
2164 1820 2456 1879 Guillehni
2487 1820 2858 1894 expendatis,
2889 1819 3120 1876 nullam
3169 1819 3317 1876 mihi
3363 1825 3595 1892 partem
3623 1836 3709 1875 re-

2043 1915 2368 1966 servantes.
2403 1914 2529 1967 Non
2559 1909 2722 1966 enim
2750 1925 3000 1983 possum
3032 1925 3129 1964 me
3158 1908 3546 1964 intromittere
3578 1924 3708 1964 am-

2042 1998 2201 2072 plius
2257 1999 2332 2055 de
2385 1998 2584 2056 ofﬁcio
2643 1999 2839 2056 Sancti
2882 1996 3103 2064 Hilarii,
3133 2014 3274 2054 cum
3309 1997 3490 2053 etiam
3517 1996 3614 2053 via
3637 1996 3710 2052 sit

2044 2088 2190 2144 mihi
2233 2093 2290 2144 et
2335 2087 2584 2145 domino
2636 2103 2773 2143 meo
2826 2085 3113 2160 episcopo
3158 2084 3412 2142 difficilis
3468 2090 3711 2157 propter

2046 2178 2248 2234 steculi
2268 2178 2563 2235 malitiam
2594 2193 2782 2249 quam
2820 2175 3032 2242 nostis,
3065 2181 3123 2231 et
3146 2176 3228 2232 ita
3259 2177 3488 2232 Sanctae
3519 2173 3709 2230 Maria:

2044 2263 2280 2319 servitio
2310 2267 2516 2319 tenear
2541 2260 2837 2332 astrictus,
2867 2265 2931 2316 ut
2952 2260 3031 2316 ab
3053 2261 3168 2317 hoc
3200 2260 3328 2318 sine
3357 2259 3585 2314 damno
3616 2257 3711 2313 vel

2041 2351 2221 2425 culpa
2247 2352 2541 2410 dimoveri
2566 2366 2885 2423 nequeam.
2941 2350 3053 2407 Sed
3093 2355 3151 2406 et
3177 2349 3370 2422 ipsius
3409 2347 3510 2404 Dei
3536 2346 3710 2403 Geni-

2039 2441 2151 2496 trix
2174 2441 2567 2498 eminantiam
2598 2439 2761 2513 apud
2795 2441 3081 2496 Sanctum
3143 2437 3446 2503 Hilarium,
3490 2436 3538 2491 si
3584 2450 3711 2508 qua

2039 2547 2112 2587 ex
2142 2548 2240 2587 me
2267 2536 2377 2603 est,
2410 2531 2591 2602 hujus
2635 2528 2718 2584 rei
2766 2528 3077 2602 deprecari
3116 2544 3294 2601 posse
3351 2542 3486 2582 reor
3523 2525 3710 2581 offen-

2040 2635 2172 2675 sam
2204 2637 2217 2675 :
2252 2635 2362 2677 nec
2383 2619 2545 2677 enim
2564 2617 2734 2673 illum
2760 2617 3053 2673 honorem
3081 2615 3325 2672 cuilibet
3354 2613 3707 2670 inferiorum

2038 2711 2509 2783 postposuerim,
2568 2706 2672 2763 sed
2721 2706 2816 2778 [si]
2874 2705 3160 2762 clientelae
3208 2703 3403 2761 Matris
3449 2700 3704 2767 Domini,

2036 2815 2174 2871 quae
2204 2799 2386 2855 etiam
2408 2795 2910 2866 archangelorum
2937 2795 3212 2853 omnium
3256 2789 3529 2862 dignitati
3553 2805 3706 2862 prae-

2035 2887 2159 2944 lata
2187 2892 2298 2961 est,
2327 2889 2482 2960 jure,
2515 2890 2580 2942 ut
2607 2890 2754 2959 puta
2774 2885 2824 2957 ej
2836 2903 2903 2941 us
2928 2885 3210 2942 alumnus
3230 2879 3706 2956 quantuluscun-

239 3001 356 3042 nas
379 2964 655 3077 millenas
684 2980 963 3054 excipere
982 2980 1232 3038 salutes.
1266 2982 1345 3077 Ne
1375 2983 1452 3050 te,
1471 2974 1923 3077 ‘quaaso,s‘cripti
1965 3020 2007 3077 Ο
2035 2993 2176 3050 que,
2207 2993 2306 3034 me
2335 2976 2718 3034 reddiderim.
2774 2975 2984 3032 Dicetis
3037 2989 3180 3044 ergo
3234 2971 3316 3072 illi
3365 2964 3705 3077 prudentis;

240 3073 366 3132 mei
389 3072 609 3130 tmdeat
628 3077 685 3129 et
701 3051 1086 3145 ineptiarum.
1135 3068 1426 3135 Quaedam
1470 3064 1681 3135 legatis
1727 3065 1922 3122 dicere
1965 3051 2007 3077 υ
2036 3067 2189 3124 simo
2215 3067 2377 3123 dulci
2401 3083 2474 3124 ex
2516 3070 2685 3140 parte
2733 3064 2963 3121 domini
3015 3062 3134 3120 mei
3175 3059 3465 3135 episcopi,
3514 3059 3579 3111 ut
3603 3051 3705 3110 tali

235 3163 403 3235 jussi
429 3178 570 3236 quae
599 3160 810 3217 audire
835 3159 1055 3234 poteris
1091 3174 1234 3214 cum
1261 3154 1539 3214 volueris.
1585 3154 1744 3226 Vale,
1789 3155 1925 3212 cha-

245 3253 491 3310 rissime
517 3255 707 3309 Pater.

506 3341 846 3398 EPISTOLA
885 3341 1130 3396 CXXXIII
1170 3337 1335 3408 [olim
1379 3337 1670 3406 CXXVIII].

360 3429 680 3486 Guillelmi
729 3428 901 3484 ducis
949 3426 1300 3498 Aquitania
1353 3426 1436 3482 ad
1463 3425 1814 3481 Fulbertum

673 3517 838 3589 (Vide
862 3516 1021 3572 infra
1045 3516 1107 3570 in
1143 3516 1502 3585 GUlLLELMO).

540 3608 878 3664 EPISTOLA
918 3607 1163 3663 CXXXIV
1203 3605 1367 3674 [olim
1401 3603 1638 3674 CXXIX].

243 3700 510 3756 Domino
529 3713 636 3753 suo
663 3699 952 3752 Fumearo
987 3693 1258 3762 episcopo
1314 3695 1688 3749 HILDBGARIUS
1725 3705 1926 3748 servu-

509 3787 601 3842 ιω
631 3787 760 3856 eius
787 3783 1084 3855 gaudium
1109 3788 1416 3852 perpetuae
1444 3781 1678 3837 salutis.

326 3883 393 3933 In
420 3875 626 3932 litteris
659 3872 837 3930 amici
865 3871 953 3929 tui
1012 3873 1075 3926 G.
1128 3870 1358 3927 comitis
1409 3867 1664 3925 multam
1716 3867 1925 3941 depre-

249 3965 520 4023 hendere
546 3969 717 4038 potes
747 3978 892 4033 erga
931 3965 988 4017 te
1040 3959 1472 4030 benignitatem
1491 4002 1504 4027 ,
1565 3956 1927 4015 familiarita-

254 4060 420 4125 tem,
442 4053 782 4122 amicitiam,
835 4049 1255 4107 sustinentiam
1308 4065 1445 4123 quae
1488 4063 1612 4105 non
1656 4063 1810 4121 opus
1838 4051 1928 4104 est

249 4144 408 4202 mihi
432 4159 728 4218 exponere
749 4142 855 4198 tibi
886 4141 1113 4214 optime
1143 4139 1368 4196 scienti.
1419 4137 1547 4194 Vita
1589 4141 1693 4194 tua
1738 4153 1808 4192 ac
1855 4136 1925 4193 il-

247 4235 371 4292 lius
403 4232 640 4303 comite,
681 4247 804 4289 non
832 4230 1070 4288 amittes
1114 4233 1460 4302 susceptum
1507 4227 1822 4295 honorem,
1879 4226 1928 4283 si

249 4329 458 4380 tenere
483 4321 763 4378 volueris.
799 4318 1038 4378 Suadeo
1069 4333 1211 4389 ergo
1237 4333 1312 4374 ne
1342 4317 1527 4374 facias
1574 4315 1669 4372 vel
1699 4315 1926 4372 scribas

248 4414 306 4470 ei
331 4411 680 4486 repudium,
712 4411 761 4466 si
780 4405 1060 4479 intelligis
1085 4407 1208 4465 fore
1236 4407 1340 4464 tibi
1369 4406 1509 4464 utile
1557 4411 1616 4463 et
1659 4405 1925 4462 ecclesias

249 4510 375 4561 tum
405 4501 840 4569 restaurationi,
873 4504 932 4557 et
956 4500 1009 4554 si
1033 4502 1119 4555 est
1149 4498 1253 4554 tibi
1285 4498 1527 4555 animus
1571 4502 1626 4554 et
1671 4495 1923 4553 facultas

254 4594 340 4651 ad
370 4592 578 4666 ipsum
609 4591 906 4658 veniendi,
960 4593 1026 4645 ut
1073 4593 1266 4661 rogat,
1325 4593 1382 4645 et
1436 4587 1582 4644 mihi
1634 4585 1926 4643 vicarium

256 4679 639 4753 subrogandi
661 4680 753 4737 vel
773 4680 1006 4737 socium
1036 4678 1318 4736 addendi.
1378 4677 1723 4734 Nullatenus
1764 4675 1926 4732 enim

258 4774 414 4830 ferre
444 4786 719 4845 possum,
750 4770 865 4826 nisi
886 4768 1156 4841 jussione
1179 4773 1280 4825 tua
1298 4773 1562 4840 coactus,
1593 4767 1686 4823 vel
1707 4767 1926 4823 absen-

253 4862 372 4920 tari
404 4861 641 4934 penitus
671 4877 788 4929 me,
811 4859 902 4916 vel
927 4859 1142 4915 abesse
1166 4858 1390 4915 diutius
1417 4856 1722 4931 obsequiis
1751 4857 1927 4914 almae

258 4953 368 5010 Dei
395 4950 700 5008 Genitricis
729 4956 785 5006 et
813 4951 948 5014 tuis,
979 4947 1328 5004 desiderans
1360 4953 1423 5004 ut
1451 4964 1664 5005 cervus
1693 4947 1772 5003 ad
1800 4946 1930 5004 fon-

260 5047 352 5099 tes
384 5056 685 5114 aquarum
713 5039 829 5096 tuis
857 5037 1091 5112 plenius
1117 5037 1325 5094 instrui
1364 5037 1762 5107 documentis,
1795 5053 1925 5094 om-

259 5133 323 5188 ni
357 5146 507 5187 auro
533 5133 590 5186 et
613 5133 882 5200 argento,
905 5127 1038 5199 ipsa
1062 5127 1242 5183 etiam
1285 5127 1408 5182 vita
1449 5127 1597 5184 mihi
1646 5126 1927 5184 chariori-

257 5223 402 5278 bus.
435 5219 580 5275 Volo
610 5218 844 5275 interim
873 5216 1127 5273 mandes
1154 5217 1324 5287 mihi,
1349 5216 1506 5274 bone
1544 5220 1732 5286 Pater,
1777 5217 1926 5290 quid

257 5309 560 5367 mercedis
583 5309 693 5366 erit
719 5305 911 5364 labori
949 5321 1106 5377 meo,
1152 5305 1382 5362 tantulo
1431 5305 1668 5374 scilicet,
1725 5311 1926 5364 utrum

253 5397 482 5471 jubeas
511 5398 588 5454 ad
614 5411 880 5470 prmsens
900 5410 1024 5452 non
1054 5395 1322 5452 obturari
1352 5411 1420 5452 os
1449 5395 1618 5452 bovis
1645 5395 1925 5452 trituran-

255 5488 340 5546 ‘tis
372 5506 387 5544 :
413 5503 514 5556 an,
537 5486 702 5543 velut
731 5490 893 5542 Isaac
919 5484 1107 5542 Jacob
1125 5485 1318 5542 ﬁlium
1341 5502 1518 5542 suum
1540 5485 1926 5558 benedicens,

340 5669 460 5740 (52)
500 5669 637 5729 Erat
663 5664 842 5736 igitur
867 5665 1092 5726 incerta
1121 5663 1376 5722 traditio.

2033 3155 2246 3212 rectori
2273 3155 2608 3212 committat
2635 3153 2836 3210 locum
2865 3151 3064 3210 Sancti
3093 3148 3312 3215 Hilarii,
3359 3160 3543 3218 quem
3592 3154 3704 3195 nec

2033 3243 2354 3302 difﬁcultas
2381 3244 2627 3311 itineris,
2660 3259 2770 3298 nec
2794 3241 3096 3315 imperitia
3121 3232 3504 3294 ecclesiastici
3541 3227 3702 3284 ordi-

2032 3334 2126 3391 nis
2154 3334 2234 3391 ab
2263 3335 2396 3406 ejus
2427 3332 2723 3406 obsequio
2749 3331 3030 3388 detineat.
3061 3332 3126 3384 Et
3148 3327 3244 3383 has
3277 3325 3419 3379 sunt
3445 3317 3704 3376 rationes

2033 3424 2108 3480 de
2137 3424 2361 3498 quibus
2384 3421 2748 3496 Reginaldus
2777 3421 2908 3477 vice
2939 3417 3232 3476 dominus
3285 3410 3364 3469 ad
3405 3407 3704 3498 seniorem

2033 3493 2240 3570 meum
2270 3493 2626 3587 episcopum
2657 3511 2891 3568 locutus
2923 3513 3034 3580 est,
3058 3509 3120 3563 et
3140 3501 3304 3560 unde
3323 3498 3502 3557 talem
3532 3493 3703 3551 vobis

2032 3601 2219 3658 ﬁnem
2248 3602 2636 3659 mandamus.
2671 3603 2837 3656 Nunc
2861 3603 3132 3655 vestram
3161 3590 3530 3655 charitatem,
3565 3600 3702 3659 qua:

2035 3706 2273 3764 semper
2315 3689 2463 3747 mihi
2494 3689 2603 3745 fuit
2631 3686 3125 3761 praesentissima,
3177 3696 3345 3752 rogo,
3394 3673 3700 3734 dilectissi-

2033 3796 2152 3850 me,
2179 3784 2245 3837 ut
2273 3796 2485 3836 omnes
2515 3777 2760 3835 clericos
2789 3775 3030 3833 Domini
3057 3771 3246 3828 nostri
3274 3765 3601 3826 dulcissimi
3630 3781 3699 3822 ac

2032 3869 2366 3926 beatissimi
2392 3870 2580 3925 Patris
2613 3865 2832 3934 Hilarii,
2864 3882 2901 3921 a
2927 3877 3121 3937 parvo
3147 3877 3341 3933 usque
3389 3858 3466 3915 ad
3514 3857 3702 3926 majo-

2032 3974 2183 4026 rem,
2218 3974 2292 4014 ex
2322 3974 2459 4015 meo
2489 3954 2733 4012 nomine
2783 3951 3075 4016 salutetis,
3127 3954 3185 4006 et
3229 3947 3511 4005 omnibus
3561 3961 3696 4000 ora-

2034 4047 2267 4105 tionum
2295 4046 2498 4104 ﬁdelia
2525 4043 2753 4102 dicatis.
2803 4041 2920 4115 Ipsi
2969 4041 3151 4098 etiam
3190 4037 3390 4096 comiti
3415 4041 3696 4093 centenas

2034 4138 2308 4194 millenas
2365 4136 2585 4193 salutes
2627 4148 2701 4189 ex
2746 4148 2883 4189 mea
2929 4134 3096 4205 parte
3145 4127 3480 4194 conferatis,
3512 4140 3694 4199 quem

2035 4243 2161 4302 prae
2182 4226 2466 4284 omnibus
2502 4222 2668 4282 laicis
2697 4221 2900 4293 diligo,
2931 4219 3289 4278 memoriam
3321 4218 3450 4289 ejus
3472 4217 3534 4273 in
3559 4230 3694 4272 ora-

2036 4315 2299 4372 tionibus
2329 4313 2479 4371 meis
2505 4311 2584 4370 ad
2611 4310 2934 4368 Dominum
2958 4308 3204 4378 faciens,
3243 4305 3694 4381 qualescunque

2036 4404 2108 4472 ei,
2144 4419 2254 4477 pro
2281 4418 2488 4461 amore
2517 4405 2576 4458 et
2602 4398 2909 4456 beneﬁciis
2933 4414 3071 4471 quas
3099 4396 3248 4453 mihi
3275 4393 3563 4465 exhibuit,
3603 4392 3692 4448 in-

2037 4493 2378 4550 desinenter
2407 4490 2627 4563 gratias
2676 4503 2882 4558 agens.
2926 4486 3200 4544 Similiter
3250 4489 3454 4541 autem
3498 4479 3692 4537 domi-

2034 4599 2186 4639 num
2216 4599 2421 4639 meum
2448 4578 2839 4636 lsembertum
2868 4577 3220 4649 episcopum
3266 4573 3536 4637 salutate,
3587 4568 3694 4623 ob-

2038 4691 2225 4741 secro,
2260 4673 2432 4744 cujus
2451 4672 2512 4728 in
2544 4686 2640 4726 me
2669 4667 3050 4737 benignitatis
3074 4682 3144 4722 ac
3167 4662 3477 4720 hilaritatis
3500 4675 3694 4732 quan-

2038 4767 2099 4820 ta
2129 4762 2304 4818 fuerit
2331 4759 2539 4831 gratia,
2573 4757 2912 4814 nullatenus
2942 4754 3138 4810 dicere
3159 4769 3256 4808 me
3278 4751 3417 4807 sinit
3434 4747 3694 4822 probita-

2034 4851 2109 4907 tis
2137 4851 2268 4923 ejus
2295 4849 2597 4905 immensa
2621 4843 2994 4915 magnitudo.
3022 4841 3137 4900 Sed
3164 4844 3222 4896 et
3247 4838 3441 4895 ﬁlium
3461 4835 3694 4892 comitis

2035 4945 2094 4998 et
2122 4939 2434 4996 dominam
2454 4936 2840 5002 comitissam,
2871 4948 2981 4990 nec
3007 4947 3133 4989 non
3160 4934 3217 4986 et
3243 4927 3415 4997 alios,
3431 4941 3693 5000 quorum

2033 5027 2453 5086 benevolentia
2505 5025 2613 5082 etsi
2669 5023 3002 5081 immeritus
3056 5017 3421 5091 gaudebam,
3478 5014 3692 5071 eodem

2037 5118 2243 5176 salutis
2281 5130 2530 5173 munere
2581 5118 2827 5172 cunctos
2882 5109 3170 5186 impertiri
3215 5123 3292 5163 ne
3334 5105 3554 5179 pigeat.
3603 5103 3695 5160 Ad

2035 5221 2341 5263 summam
2385 5219 2491 5262 vos
2533 5203 2733 5278 ipsum
2776 5202 2930 5259 bene
2975 5199 3168 5256 valere
3215 5200 3456 5270 optans,
3512 5193 3696 5249 ﬁnem

2036 5293 2321 5350 orationis
2351 5291 2524 5350 facio.
