  <div class='ocr_page' id='page_1' title='image "/cluster/home/n/w/nwhite01/storage/ocr_20150623/141/hvd.32044054760012/143.png"; bbox 0 0 4018 6176; ppageno 0'>
   <div class='ocr_carea' id='block_1_1' title="bbox 352 187 2689 259">
    <p class='ocr_par' dir='ltr' id='par_1_1' title="bbox 352 187 2689 259">
     <span class='ocr_line' id='line_1_1' title="bbox 352 187 2689 259; baseline -0.008 0"><span class='ocrx_word' id='word_1_1' title='bbox 352 207 422 259; x_wconf 80' lang='lat'><strong>75</strong></span> <span class='ocrx_word' id='word_1_2' title='bbox 1381 197 1437 253; x_wconf 91' lang='lat' dir='ltr'><strong>S.</strong></span> <span class='ocrx_word' id='word_1_3' title='bbox 1480 196 1818 253; x_wconf 85' lang='lat' dir='ltr'><strong>FULBERTI</strong></span> <span class='ocrx_word' id='word_1_4' title='bbox 1857 188 2339 251; x_wconf 77' lang='lat' dir='ltr'><strong>CARNOTENSIS</strong></span> <span class='ocrx_word' id='word_1_5' title='bbox 2382 187 2689 244; x_wconf 85' lang='lat' dir='ltr'><strong>EPISCOPI</strong></span> 
     </span>
    </p>
   </div>
   <div class='ocr_carea' id='block_1_2' title="bbox 603 322 1680 393">
    <p class='ocr_par' dir='ltr' id='par_1_2' title="bbox 603 322 1680 393">
     <span class='ocr_line' id='line_1_2' title="bbox 603 322 1680 393; baseline -0.003 -13"><span class='ocrx_word' id='word_1_6' title='bbox 603 325 936 381; x_wconf 82' lang='lat' dir='ltr'><strong>EPISTOLA</strong></span> <span class='ocrx_word' id='word_1_7' title='bbox 974 324 1213 379; x_wconf 80' lang='lat' dir='ltr'><strong>CXXXVI</strong></span> <span class='ocrx_word' id='word_1_8' title='bbox 1242 322 1409 393; x_wconf 87' lang='lat' dir='ltr'><strong>[olim</strong></span> <span class='ocrx_word' id='word_1_9' title='bbox 1443 323 1680 392; x_wconf 84' lang='lat' dir='ltr'><strong>CXXXI].</strong></span> 
     </span>
    </p>
   </div>
   <div class='ocr_carea' id='block_1_3' title="bbox 947 411 1358 482">
    <p class='ocr_par' dir='ltr' id='par_1_3' title="bbox 947 411 1358 482">
     <span class='ocr_line' id='line_1_3' title="bbox 947 411 1358 482; baseline 0.005 -16"><span class='ocrx_word' id='word_1_10' title='bbox 947 411 1142 482; x_wconf 83' lang='lat' dir='ltr'><strong>(Anno</strong></span> <span class='ocrx_word' id='word_1_11' title='bbox 1178 414 1358 482; x_wconf 74' lang='lat'><strong>1029).</strong></span> 
     </span>
    </p>
   </div>
   <div class='ocr_carea' id='block_1_4' title="bbox 314 500 1981 571">
    <p class='ocr_par' dir='ltr' id='par_1_4' title="bbox 314 500 1981 571">
     <span class='ocr_line' id='line_1_4' title="bbox 314 500 1981 571; baseline -0.007 -7"><span class='ocrx_word' id='word_1_12' title='bbox 314 507 504 564; x_wconf 85' lang='lat' dir='ltr'><strong>Sacro</strong></span> <span class='ocrx_word' id='word_1_13' title='bbox 531 503 962 560; x_wconf 84' lang='lat' dir='ltr'><strong>Senonensium</strong></span> <span class='ocrx_word' id='word_1_14' title='bbox 987 500 1414 571; x_wconf 74' lang='lat' dir='ltr'><strong>archiprzesuli</strong></span> <span class='ocrx_word' id='word_1_15' title='bbox 1441 504 1788 557; x_wconf 72' lang='lat' dir='ltr'><strong>Leomemeo</strong></span> <span class='ocrx_word' id='word_1_16' title='bbox 1807 513 1981 555; x_wconf 86' lang='lat' dir='ltr'><strong>cano-</strong></span> 
     </span>
    </p>
   </div>
   <div class='ocr_carea' id='block_1_5' title="bbox 385 589 1980 651">
    <p class='ocr_par' dir='ltr' id='par_1_5' title="bbox 385 589 1980 651">
     <span class='ocr_line' id='line_1_5' title="bbox 385 589 1980 651; baseline -0.006 0"><span class='ocrx_word' id='word_1_17' title='bbox 385 594 513 651; x_wconf 88' lang='lat' dir='ltr'><strong>nici</strong></span> <span class='ocrx_word' id='word_1_18' title='bbox 546 593 788 650; x_wconf 66' lang='lat' dir='ltr'><strong>Sanctae</strong></span> <span class='ocrx_word' id='word_1_19' title='bbox 810 592 1022 649; x_wconf 61' lang='lat' dir='ltr'><strong>Mariae</strong></span> <span class='ocrx_word' id='word_1_20' title='bbox 1050 590 1435 647; x_wconf 85' lang='lat' dir='ltr'><strong>Carnotensis</strong></span> <span class='ocrx_word' id='word_1_21' title='bbox 1455 592 1519 646; x_wconf 87' lang='lat' dir='ltr'><strong>in</strong></span> <span class='ocrx_word' id='word_1_22' title='bbox 1551 590 1792 646; x_wconf 77' lang='lat' dir='ltr'><strong>Christo</strong></span> <span class='ocrx_word' id='word_1_23' title='bbox 1819 589 1980 643; x_wconf 86' lang='lat' dir='ltr'><strong>salu-</strong></span> 
     </span>
    </p>
   </div>
   <div class='ocr_carea' id='block_1_6' title="bbox 390 680 1534 750">
    <p class='ocr_par' dir='ltr' id='par_1_6' title="bbox 390 680 1534 750">
     <span class='ocr_line' id='line_1_6' title="bbox 390 680 1534 750; baseline -0.005 -11"><span class='ocrx_word' id='word_1_24' title='bbox 390 688 503 739; x_wconf 85' lang='lat' dir='ltr'><strong>tem</strong></span> <span class='ocrx_word' id='word_1_25' title='bbox 529 685 587 738; x_wconf 85' lang='lat' dir='ltr'><strong>et</strong></span> <span class='ocrx_word' id='word_1_26' title='bbox 606 680 811 738; x_wconf 83' lang='lat' dir='ltr'><strong>adhuc</strong></span> <span class='ocrx_word' id='word_1_27' title='bbox 833 680 1145 750; x_wconf 77' lang='lat' dir='ltr'><strong>ﬁdelitatis</strong></span> <span class='ocrx_word' id='word_1_28' title='bbox 1174 680 1534 750; x_wconf 76' lang='lat' dir='ltr'><strong>obsequium.</strong></span> 
     </span>
    </p>
   </div>
   <div class='ocr_carea' id='block_1_7' title="bbox 388 765 1980 840">
    <p class='ocr_par' dir='ltr' id='par_1_7' title="bbox 388 765 1980 840">
     <span class='ocr_line' id='line_1_7' title="bbox 388 765 1980 840; baseline -0.006 -11"><span class='ocrx_word' id='word_1_29' title='bbox 388 771 634 830; x_wconf 86' lang='lat' dir='ltr'><strong>Multum</strong></span> <span class='ocrx_word' id='word_1_30' title='bbox 662 769 974 838; x_wconf 76' lang='lat' dir='ltr'><strong>miramur,</strong></span> <span class='ocrx_word' id='word_1_31' title='bbox 1004 770 1345 825; x_wconf 77' lang='lat' dir='ltr'><strong>venerande</strong></span> <span class='ocrx_word' id='word_1_32' title='bbox 1375 771 1561 836; x_wconf 90' lang='lat' dir='ltr'><strong>Pater,</strong></span> <span class='ocrx_word' id='word_1_33' title='bbox 1611 767 1775 840; x_wconf 88' lang='lat' dir='ltr'><strong>quod</strong></span> <span class='ocrx_word' id='word_1_34' title='bbox 1807 765 1980 821; x_wconf 86' lang='lat' dir='ltr'><strong>bonis</strong></span> 
     </span>
    </p>
   </div>
   <div class='ocr_carea' id='block_1_8' title="bbox 316 855 1983 927">
    <p class='ocr_par' dir='ltr' id='par_1_8' title="bbox 316 855 1983 927">
     <span class='ocr_line' id='line_1_8' title="bbox 316 855 1983 927; baseline -0.004 -10"><span class='ocrx_word' id='word_1_35' title='bbox 316 860 496 918; x_wconf 89' lang='lat' dir='ltr'><strong>initiis</strong></span> <span class='ocrx_word' id='word_1_36' title='bbox 521 864 647 916; x_wconf 88' lang='lat' dir='ltr'><strong>tam</strong></span> <span class='ocrx_word' id='word_1_37' title='bbox 671 859 867 916; x_wconf 87' lang='lat' dir='ltr'><strong>malos</strong></span> <span class='ocrx_word' id='word_1_38' title='bbox 913 858 1104 915; x_wconf 82' lang='lat' dir='ltr'><strong>exitus</strong></span> <span class='ocrx_word' id='word_1_39' title='bbox 1160 857 1423 914; x_wconf 77' lang='lat' dir='ltr'><strong>habuisti</strong></span> <span class='ocrx_word' id='word_1_40' title='bbox 1454 875 1467 912; x_wconf 94' lang='lat'>:</span> <span class='ocrx_word' id='word_1_41' title='bbox 1496 856 1765 913; x_wconf 82' lang='lat' dir='ltr'><strong>videlicet</strong></span> <span class='ocrx_word' id='word_1_42' title='bbox 1814 855 1983 927; x_wconf 89' lang='lat' dir='ltr'><strong>quod</strong></span> 
     </span>
    </p>
   </div>
   <div class='ocr_carea' id='block_1_9' title="bbox 318 945 1981 1024">
    <p class='ocr_par' dir='ltr' id='par_1_9' title="bbox 318 945 1981 1024">
     <span class='ocr_line' id='line_1_9' title="bbox 318 945 1981 1024; baseline -0.005 -17"><span class='ocrx_word' id='word_1_43' title='bbox 318 950 495 1008; x_wconf 91' lang='lat' dir='ltr'><strong>nobis</strong></span> <span class='ocrx_word' id='word_1_44' title='bbox 541 954 781 1024; x_wconf 79' lang='lat' dir='ltr'><strong>pastore</strong></span> <span class='ocrx_word' id='word_1_45' title='bbox 824 948 1185 1014; x_wconf 83' lang='lat' dir='ltr'><strong>carentibus,</strong></span> <span class='ocrx_word' id='word_1_46' title='bbox 1234 948 1295 1003; x_wconf 91' lang='lat' dir='ltr'><strong>in</strong></span> <span class='ocrx_word' id='word_1_47' title='bbox 1345 946 1529 1002; x_wconf 90' lang='lat' dir='ltr'><strong>altero</strong></span> <span class='ocrx_word' id='word_1_48' title='bbox 1567 945 1981 1001; x_wconf 85' lang='lat' dir='ltr'><strong>substituendo</strong></span> 
     </span>
    </p>
   </div>
   <div class='ocr_carea' id='block_1_10' title="bbox 318 1032 1983 1114">
    <p class='ocr_par' dir='ltr' id='par_1_10' title="bbox 318 1032 1983 1114">
     <span class='ocr_line' id='line_1_10' title="bbox 318 1032 1983 1114; baseline -0.007 -18"><span class='ocrx_word' id='word_1_49' title='bbox 318 1039 585 1114; x_wconf 89' lang='lat' dir='ltr'><strong>primum</strong></span> <span class='ocrx_word' id='word_1_50' title='bbox 611 1038 766 1094; x_wconf 86' lang='lat' dir='ltr'><strong>bene</strong></span> <span class='ocrx_word' id='word_1_51' title='bbox 786 1037 1002 1103; x_wconf 87' lang='lat' dir='ltr'><strong>favisti,</strong></span> <span class='ocrx_word' id='word_1_52' title='bbox 1021 1042 1079 1093; x_wconf 91' lang='lat' dir='ltr'><strong>et</strong></span> <span class='ocrx_word' id='word_1_53' title='bbox 1096 1040 1403 1109; x_wconf 90' lang='lat' dir='ltr'><strong>postremo</strong></span> <span class='ocrx_word' id='word_1_54' title='bbox 1429 1032 1782 1090; x_wconf 83' lang='lat' dir='ltr'><strong>sententiam</strong></span> <span class='ocrx_word' id='word_1_55' title='bbox 1815 1036 1983 1086; x_wconf 90' lang='lat' dir='ltr'><strong>tuam</strong></span> 
     </span>
    </p>
   </div>
   <div class='ocr_carea' id='block_1_11' title="bbox 321 1123 1981 1203">
    <p class='ocr_par' dir='ltr' id='par_1_11' title="bbox 321 1123 1981 1203">
     <span class='ocr_line' id='line_1_11' title="bbox 321 1123 1981 1203; baseline -0.007 -17"><span class='ocrx_word' id='word_1_56' title='bbox 321 1128 689 1203; x_wconf 88' lang='lat' dir='ltr'><strong>depravasti,</strong></span> <span class='ocrx_word' id='word_1_57' title='bbox 720 1127 904 1183; x_wconf 89' lang='lat' dir='ltr'><strong>alium</strong></span> <span class='ocrx_word' id='word_1_58' title='bbox 934 1128 1167 1199; x_wconf 80' lang='lat' dir='ltr'><strong>[quam]</strong></span> <span class='ocrx_word' id='word_1_59' title='bbox 1217 1142 1400 1198; x_wconf 87' lang='lat' dir='ltr'><strong>quem</strong></span> <span class='ocrx_word' id='word_1_60' title='bbox 1459 1141 1569 1180; x_wconf 89' lang='lat' dir='ltr'><strong>nos</strong></span> <span class='ocrx_word' id='word_1_61' title='bbox 1608 1123 1981 1192; x_wconf 88' lang='lat' dir='ltr'><strong>elegeramus</strong></span> 
     </span>
    </p>
   </div>
   <div class='ocr_carea' id='block_1_12' title="bbox 322 1211 1985 1285">
    <p class='ocr_par' dir='ltr' id='par_1_12' title="bbox 322 1211 1985 1285">
     <span class='ocr_line' id='line_1_12' title="bbox 322 1211 1985 1285; baseline -0.005 -10"><span class='ocrx_word' id='word_1_62' title='bbox 322 1217 680 1276; x_wconf 88' lang='lat' dir='ltr'><strong>ordinando.</strong></span> <span class='ocrx_word' id='word_1_63' title='bbox 713 1219 794 1271; x_wconf 86' lang='lat' dir='ltr'><strong>Ne</strong></span> <span class='ocrx_word' id='word_1_64' title='bbox 818 1220 1018 1272; x_wconf 86' lang='lat' dir='ltr'><strong>autem</strong></span> <span class='ocrx_word' id='word_1_65' title='bbox 1072 1215 1241 1270; x_wconf 90' lang='lat' dir='ltr'><strong>dicas</strong></span> <span class='ocrx_word' id='word_1_66' title='bbox 1284 1215 1595 1285; x_wconf 83' lang='lat' dir='ltr'><strong>ignorasse</strong></span> <span class='ocrx_word' id='word_1_67' title='bbox 1652 1217 1705 1268; x_wconf 90' lang='lat' dir='ltr'><strong>te</strong></span> <span class='ocrx_word' id='word_1_68' title='bbox 1755 1211 1985 1267; x_wconf 89' lang='lat' dir='ltr'><strong>electio-</strong></span> 
     </span>
    </p>
   </div>
   <div class='ocr_carea' id='block_1_13' title="bbox 322 1302 1986 1374">
    <p class='ocr_par' dir='ltr' id='par_1_13' title="bbox 322 1302 1986 1374">
     <span class='ocr_line' id='line_1_13' title="bbox 322 1302 1986 1374; baseline -0.006 -10"><span class='ocrx_word' id='word_1_69' title='bbox 322 1322 464 1364; x_wconf 88' lang='lat' dir='ltr'><strong>nem</strong></span> <span class='ocrx_word' id='word_1_70' title='bbox 490 1309 781 1373; x_wconf 88' lang='lat' dir='ltr'><strong>nostram,</strong></span> <span class='ocrx_word' id='word_1_71' title='bbox 808 1302 1237 1359; x_wconf 86' lang='lat' dir='ltr'><strong>mandavimus</strong></span> <span class='ocrx_word' id='word_1_72' title='bbox 1286 1302 1389 1358; x_wconf 87' lang='lat' dir='ltr'>tibi</span> <span class='ocrx_word' id='word_1_73' title='bbox 1420 1317 1527 1374; x_wconf 90' lang='lat' dir='ltr'><strong>per</strong></span> <span class='ocrx_word' id='word_1_74' title='bbox 1564 1302 1851 1357; x_wconf 83' lang='lat' dir='ltr'><strong>diaconos</strong></span> <span class='ocrx_word' id='word_1_75' title='bbox 1880 1315 1986 1355; x_wconf 90' lang='lat' dir='ltr'><strong>no-</strong></span> 
     </span>
    </p>
   </div>
   <div class='ocr_carea' id='block_1_14' title="bbox 323 1391 1979 1463">
    <p class='ocr_par' dir='ltr' id='par_1_14' title="bbox 323 1391 1979 1463">
     <span class='ocr_line' id='line_1_14' title="bbox 323 1391 1979 1463; baseline -0.005 -11"><span class='ocrx_word' id='word_1_76' title='bbox 323 1401 495 1463; x_wconf 90' lang='lat' dir='ltr'><strong>stros,</strong></span> <span class='ocrx_word' id='word_1_77' title='bbox 524 1392 863 1451; x_wconf 88' lang='lat' dir='ltr'><strong>Odelerium</strong></span> <span class='ocrx_word' id='word_1_78' title='bbox 887 1395 944 1448; x_wconf 90' lang='lat' dir='ltr'><strong>et</strong></span> <span class='ocrx_word' id='word_1_79' title='bbox 972 1392 1426 1460; x_wconf 88' lang='lat' dir='ltr'><strong>Frotmundum,</strong></span> <span class='ocrx_word' id='word_1_80' title='bbox 1477 1391 1726 1459; x_wconf 82' lang='lat' dir='ltr'><strong>elegisse</strong></span> <span class='ocrx_word' id='word_1_81' title='bbox 1776 1406 1884 1445; x_wconf 87' lang='lat' dir='ltr'><strong>nos</strong></span> <span class='ocrx_word' id='word_1_82' title='bbox 1914 1394 1979 1444; x_wconf 89' lang='grc' dir='ltr'>Λ.</span> 
     </span>
    </p>
   </div>
   <div class='ocr_carea' id='block_1_15' title="bbox 322 1478 1987 1553">
    <p class='ocr_par' dir='ltr' id='par_1_15' title="bbox 322 1478 1987 1553">
     <span class='ocr_line' id='line_1_15' title="bbox 322 1478 1987 1553; baseline -0.006 -11"><span class='ocrx_word' id='word_1_83' title='bbox 322 1486 642 1553; x_wconf 90' lang='lat' dir='ltr'><strong>decanum,</strong></span> <span class='ocrx_word' id='word_1_84' title='bbox 671 1497 811 1538; x_wconf 91' lang='lat' dir='ltr'><strong>cum</strong></span> <span class='ocrx_word' id='word_1_85' title='bbox 841 1481 1046 1538; x_wconf 87' lang='lat' dir='ltr'><strong>litteris</strong></span> <span class='ocrx_word' id='word_1_86' title='bbox 1074 1481 1295 1536; x_wconf 89' lang='lat' dir='ltr'><strong>nostris</strong></span> <span class='ocrx_word' id='word_1_87' title='bbox 1327 1480 1590 1552; x_wconf 85' lang='lat' dir='ltr'><strong>idipsum</strong></span> <span class='ocrx_word' id='word_1_88' title='bbox 1638 1478 1987 1535; x_wconf 88' lang='lat' dir='ltr'><strong>continenti-</strong></span> 
     </span>
    </p>
   </div>
   <div class='ocr_carea' id='block_1_16' title="bbox 321 1568 1982 1644">
    <p class='ocr_par' dir='ltr' id='par_1_16' title="bbox 321 1568 1982 1644">
     <span class='ocr_line' id='line_1_16' title="bbox 321 1568 1982 1644; baseline -0.005 -14"><span class='ocrx_word' id='word_1_89' title='bbox 321 1574 465 1641; x_wconf 89' lang='lat' dir='ltr'><strong>bus;</strong></span> <span class='ocrx_word' id='word_1_90' title='bbox 497 1570 601 1644; x_wconf 87' lang='lat' dir='ltr'><strong>qui</strong></span> <span class='ocrx_word' id='word_1_91' title='bbox 626 1570 759 1626; x_wconf 87' lang='lat' dir='ltr'><strong>talis</strong></span> <span class='ocrx_word' id='word_1_92' title='bbox 784 1569 960 1625; x_wconf 89' lang='lat' dir='ltr'><strong>nobis</strong></span> <span class='ocrx_word' id='word_1_93' title='bbox 987 1568 1324 1631; x_wconf 85' lang='lat' dir='ltr'><strong>videbatur,</strong></span> <span class='ocrx_word' id='word_1_94' title='bbox 1357 1568 1600 1639; x_wconf 89' lang='lat' dir='ltr'><strong>qualem</strong></span> <span class='ocrx_word' id='word_1_95' title='bbox 1631 1568 1982 1640; x_wconf 88' lang='lat' dir='ltr'><strong>episcopum</strong></span> 
     </span>
    </p>
   </div>
   <div class='ocr_carea' id='block_1_17' title="bbox 323 1656 1985 1730">
    <p class='ocr_par' dir='ltr' id='par_1_17' title="bbox 323 1656 1985 1730">
     <span class='ocr_line' id='line_1_17' title="bbox 323 1656 1985 1730; baseline -0.004 -13"><span class='ocrx_word' id='word_1_96' title='bbox 323 1660 587 1717; x_wconf 91' lang='lat' dir='ltr'><strong>ordinari</strong></span> <span class='ocrx_word' id='word_1_97' title='bbox 638 1660 859 1716; x_wconf 87' lang='lat' dir='ltr'><strong>debere</strong></span> <span class='ocrx_word' id='word_1_98' title='bbox 910 1659 1053 1730; x_wconf 83' lang='lat' dir='ltr'><strong>dicit</strong></span> <span class='ocrx_word' id='word_1_99' title='bbox 1131 1658 1452 1715; x_wconf 88' lang='lat' dir='ltr'><strong>concilium</strong></span> <span class='ocrx_word' id='word_1_100' title='bbox 1520 1656 1985 1725; x_wconf 79' lang='lat' dir='ltr'><strong>Cartliaginense</strong></span> 
     </span>
    </p>
   </div>
   <div class='ocr_carea' id='block_1_18' title="bbox 323 1745 1994 1822">
    <p class='ocr_par' dir='ltr' id='par_1_18' title="bbox 323 1745 1994 1822">
     <span class='ocr_line' id='line_1_18' title="bbox 323 1745 1994 1822; baseline -0.003 -17"><span class='ocrx_word' id='word_1_101' title='bbox 323 1753 626 1822; x_wconf 88' lang='lat' dir='ltr'><strong>quartum.</strong></span> <span class='ocrx_word' id='word_1_102' title='bbox 660 1748 834 1814; x_wconf 86' lang='lat' dir='ltr'><strong>Quod</strong></span> <span class='ocrx_word' id='word_1_103' title='bbox 887 1748 938 1802; x_wconf 89' lang='lat' dir='ltr'><strong>si</strong></span> <span class='ocrx_word' id='word_1_104' title='bbox 967 1748 1232 1819; x_wconf 80' lang='lat' dir='ltr'><strong>posthaec</strong></span> <span class='ocrx_word' id='word_1_105' title='bbox 1279 1746 1466 1801; x_wconf 90' lang='lat' dir='ltr'><strong>alium</strong></span> <span class='ocrx_word' id='word_1_106' title='bbox 1520 1745 1626 1801; x_wconf 88' lang='lat' dir='ltr'><strong>tibi</strong></span> <span class='ocrx_word' id='word_1_107' title='bbox 1651 1745 1994 1801; x_wconf 78' lang='lat' dir='ltr'><strong>obtulerunt</strong></span> 
     </span>
    </p>
   </div>
   <div class='ocr_carea' id='block_1_19' title="bbox 323 1834 1989 1908">
    <p class='ocr_par' dir='ltr' id='par_1_19' title="bbox 323 1834 1989 1908">
     <span class='ocr_line' id='line_1_19' title="bbox 323 1834 1989 1908; baseline -0.002 -15"><span class='ocrx_word' id='word_1_108' title='bbox 323 1837 419 1893; x_wconf 90' lang='lat' dir='ltr'><strong>vel</strong></span> <span class='ocrx_word' id='word_1_109' title='bbox 442 1850 547 1894; x_wconf 82' lang='lat' dir='ltr'><strong>rex</strong></span> <span class='ocrx_word' id='word_1_110' title='bbox 570 1836 663 1892; x_wconf 87' lang='lat' dir='ltr'><strong>vel</strong></span> <span class='ocrx_word' id='word_1_111' title='bbox 706 1836 889 1908; x_wconf 86' lang='lat' dir='ltr'><strong>aliqui</strong></span> <span class='ocrx_word' id='word_1_112' title='bbox 941 1851 1013 1891; x_wconf 79' lang='lat' dir='ltr'><strong>ex</strong></span> <span class='ocrx_word' id='word_1_113' title='bbox 1067 1834 1289 1891; x_wconf 88' lang='lat' dir='ltr'><strong>nostris</strong></span> <span class='ocrx_word' id='word_1_114' title='bbox 1339 1834 1542 1889; x_wconf 89' lang='lat' dir='ltr'><strong>minus</strong></span> <span class='ocrx_word' id='word_1_115' title='bbox 1600 1834 1989 1906; x_wconf 79' lang='lat' dir='ltr'><strong>sapientibus,</strong></span> 
     </span>
    </p>
   </div>
   <div class='ocr_carea' id='block_1_20' title="bbox 325 1924 1993 2000">
    <p class='ocr_par' dir='ltr' id='par_1_20' title="bbox 325 1924 1993 2000">
     <span class='ocr_line' id='line_1_20' title="bbox 325 1924 1993 2000; baseline -0.002 -17"><span class='ocrx_word' id='word_1_116' title='bbox 325 1927 686 2000; x_wconf 85' lang='lat' dir='ltr'><strong>oportuisset</strong></span> <span class='ocrx_word' id='word_1_117' title='bbox 714 1932 767 1982; x_wconf 93' lang='lat' dir='ltr'><strong>te</strong></span> <span class='ocrx_word' id='word_1_118' title='bbox 798 1941 1045 1982; x_wconf 86' lang='lat' dir='ltr'><strong>causam</strong></span> <span class='ocrx_word' id='word_1_119' title='bbox 1077 1925 1390 1995; x_wconf 80' lang='lat' dir='ltr'><strong>diligenter</strong></span> <span class='ocrx_word' id='word_1_120' title='bbox 1418 1924 1744 1993; x_wconf 83' lang='lat' dir='ltr'><strong>attendere,</strong></span> <span class='ocrx_word' id='word_1_121' title='bbox 1764 1930 1820 1980; x_wconf 91' lang='lat' dir='ltr'><strong>et</strong></span> <span class='ocrx_word' id='word_1_122' title='bbox 1842 1924 1993 1980; x_wconf 86' lang='lat' dir='ltr'><strong>inter</strong></span> 
     </span>
    </p>
   </div>
   <div class='ocr_carea' id='block_1_21' title="bbox 324 2013 1994 2087">
    <p class='ocr_par' dir='ltr' id='par_1_21' title="bbox 324 2013 1994 2087">
     <span class='ocr_line' id='line_1_21' title="bbox 324 2013 1994 2087; baseline -0.002 -17"><span class='ocrx_word' id='word_1_123' title='bbox 324 2030 437 2071; x_wconf 91' lang='lat' dir='ltr'><strong>nos</strong></span> <span class='ocrx_word' id='word_1_124' title='bbox 491 2014 657 2087; x_wconf 87' lang='lat' dir='ltr'><strong>ipsos</strong></span> <span class='ocrx_word' id='word_1_125' title='bbox 704 2013 1054 2085; x_wconf 89' lang='lat' dir='ltr'><strong>dijudicare,</strong></span> <span class='ocrx_word' id='word_1_126' title='bbox 1114 2030 1378 2087; x_wconf 91' lang='lat' dir='ltr'><strong>quorum</strong></span> <span class='ocrx_word' id='word_1_127' title='bbox 1424 2013 1626 2069; x_wconf 87' lang='lat' dir='ltr'><strong>sanior</strong></span> <span class='ocrx_word' id='word_1_128' title='bbox 1674 2013 1994 2067; x_wconf 82' lang='lat' dir='ltr'><strong>haberetur</strong></span> 
     </span>
    </p>
   </div>
   <div class='ocr_carea' id='block_1_22' title="bbox 325 2098 1994 2176">
    <p class='ocr_par' dir='ltr' id='par_1_22' title="bbox 325 2098 1994 2176">
     <span class='ocr_line' id='line_1_22' title="bbox 325 2098 1994 2176; baseline -0.003 -16"><span class='ocrx_word' id='word_1_129' title='bbox 325 2103 554 2167; x_wconf 85' lang='lat' dir='ltr'><strong>electio,</strong></span> <span class='ocrx_word' id='word_1_130' title='bbox 610 2103 785 2159; x_wconf 87' lang='lat' dir='ltr'><strong>sicut‘</strong></span> <span class='ocrx_word' id='word_1_131' title='bbox 813 2102 874 2158; x_wconf 92' lang='lat' dir='ltr'><strong>in</strong></span> <span class='ocrx_word' id='word_1_132' title='bbox 928 2102 1179 2159; x_wconf 86' lang='lat' dir='ltr'><strong>decretis</strong></span> <span class='ocrx_word' id='word_1_133' title='bbox 1224 2102 1434 2158; x_wconf 84' lang='lat' dir='ltr'><strong>Leonis</strong></span> <span class='ocrx_word' id='word_1_134' title='bbox 1463 2118 1639 2176; x_wconf 76' lang='lat' dir='ltr'><strong>papae</strong></span> <span class='ocrx_word' id='word_1_135' title='bbox 1673 2098 1994 2171; x_wconf 88' lang='lat' dir='ltr'><strong>signiﬁcari</strong></span> 
     </span>
    </p>
   </div>
   <div class='ocr_carea' id='block_1_23' title="bbox 232 2191 1994 2266">
    <p class='ocr_par' dir='ltr' id='par_1_23' title="bbox 232 2191 1994 2266">
     <span class='ocr_line' id='line_1_23' title="bbox 232 2191 1994 2266; baseline -0.003 -16"><span class='ocrx_word' id='word_1_136' title='bbox 232 2202 243 2224; x_wconf 89' lang='lat'><strong><em>‘</em></strong></span> <span class='ocrx_word' id='word_1_137' title='bbox 325 2193 548 2266; x_wconf 88' lang='lat' dir='ltr'><strong>optime</strong></span> <span class='ocrx_word' id='word_1_138' title='bbox 579 2192 735 2249; x_wconf 86' lang='lat' dir='ltr'><strong>nosti</strong></span> <span class='ocrx_word' id='word_1_139' title='bbox 775 2192 868 2247; x_wconf 88' lang='lat' dir='ltr'><strong>his</strong></span> <span class='ocrx_word' id='word_1_140' title='bbox 916 2191 1159 2249; x_wconf 86' lang='lat' dir='ltr'><strong>verbis:</strong></span> <span class='ocrx_word' id='word_1_141' title='bbox 1195 2193 1313 2248; x_wconf 85' lang='lat' dir='ltr'><em>Ille</em></span> <span class='ocrx_word' id='word_1_142' title='bbox 1368 2192 1638 2247; x_wconf 86' lang='lat' dir='ltr'><strong>omnibus</strong></span> <span class='ocrx_word' id='word_1_143' title='bbox 1686 2205 1994 2261; x_wconf 70' lang='lat' dir='ltr'><strong>praepone-</strong></span> 
     </span>
    </p>
   </div>
   <div class='ocr_carea' id='block_1_24' title="bbox 326 2279 1995 2353">
    <p class='ocr_par' dir='ltr' id='par_1_24' title="bbox 326 2279 1995 2353">
     <span class='ocr_line' id='line_1_24' title="bbox 326 2279 1995 2353; baseline -0.004 -15"><span class='ocrx_word' id='word_1_144' title='bbox 326 2287 447 2352; x_wconf 84' lang='lat' dir='ltr'><strong>tur,</strong></span> <span class='ocrx_word' id='word_1_145' title='bbox 487 2295 660 2353; x_wconf 82' lang='lat' dir='ltr'><strong>quem</strong></span> <span class='ocrx_word' id='word_1_146' title='bbox 707 2282 857 2338; x_wconf 86' lang='lat' dir='ltr'><strong>cteri</strong></span> <span class='ocrx_word' id='word_1_147' title='bbox 894 2281 1202 2353; x_wconf 77' lang='lat' dir='ltr'><strong>plebisque</strong></span> <span class='ocrx_word' id='word_1_148' title='bbox 1251 2295 1570 2336; x_wconf 76' lang='lat' dir='ltr'><strong>consensus</strong></span> <span class='ocrx_word' id='word_1_149' title='bbox 1619 2279 1995 2336; x_wconf 75' lang='lat' dir='ltr'><strong>concorditer</strong></span> 
     </span>
    </p>
   </div>
   <div class='ocr_carea' id='block_1_25' title="bbox 324 2370 1994 2441">
    <p class='ocr_par' dir='ltr' id='par_1_25' title="bbox 324 2370 1994 2441">
     <span class='ocr_line' id='line_1_25' title="bbox 324 2370 1994 2441; baseline -0.003 -14"><span class='ocrx_word' id='word_1_150' title='bbox 324 2371 703 2441; x_wconf 79' lang='lat' dir='ltr'><strong>postularent</strong></span> <span class='ocrx_word' id='word_1_151' title='bbox 735 2371 821 2426; x_wconf 91' lang='lat' dir='ltr'><strong>ita</strong></span> <span class='ocrx_word' id='word_1_152' title='bbox 851 2376 936 2439; x_wconf 91' lang='lat' dir='ltr'><strong>ut,</strong></span> <span class='ocrx_word' id='word_1_153' title='bbox 956 2371 1009 2425; x_wconf 89' lang='lat' dir='ltr'><strong>si</strong></span> <span class='ocrx_word' id='word_1_154' title='bbox 1035 2371 1099 2425; x_wconf 88' lang='lat' dir='ltr'><strong>in</strong></span> <span class='ocrx_word' id='word_1_155' title='bbox 1120 2370 1307 2426; x_wconf 88' lang='lat' dir='ltr'><strong>aliam</strong></span> <span class='ocrx_word' id='word_1_156' title='bbox 1335 2370 1497 2439; x_wconf 83' lang='lat' dir='ltr'><strong>forte</strong></span> <span class='ocrx_word' id='word_1_157' title='bbox 1516 2384 1833 2438; x_wconf 79' lang='lat' dir='ltr'><strong>personam</strong></span> <span class='ocrx_word' id='word_1_158' title='bbox 1855 2383 1994 2437; x_wconf 85' lang='lat' dir='ltr'><strong>par-</strong></span> 
     </span>
    </p>
   </div>
   <div class='ocr_carea' id='block_1_26' title="bbox 328 2458 1993 2528">
    <p class='ocr_par' dir='ltr' id='par_1_26' title="bbox 328 2458 1993 2528">
     <span class='ocr_line' id='line_1_26' title="bbox 328 2458 1993 2528; baseline -0.003 -12"><span class='ocrx_word' id='word_1_159' title='bbox 328 2462 474 2517; x_wconf 87' lang='lat' dir='ltr'><strong>tium</strong></span> <span class='ocrx_word' id='word_1_160' title='bbox 519 2474 581 2516; x_wconf 85' lang='lat' dir='ltr'><strong>se</strong></span> <span class='ocrx_word' id='word_1_161' title='bbox 613 2464 751 2515; x_wconf 88' lang='lat' dir='ltr'><strong>vota</strong></span> <span class='ocrx_word' id='word_1_162' title='bbox 799 2459 1133 2528; x_wconf 77' lang='lat' dir='ltr'><strong>diviserint,</strong></span> <span class='ocrx_word' id='word_1_163' title='bbox 1173 2460 1629 2528; x_wconf 76' lang='lat' dir='ltr'><strong>metropolitani</strong></span> <span class='ocrx_word' id='word_1_164' title='bbox 1662 2458 1896 2528; x_wconf 83' lang='lat' dir='ltr'><strong>judicio</strong></span> <span class='ocrx_word' id='word_1_165' title='bbox 1948 2458 1993 2511; x_wconf 85' lang='lat' dir='ltr'><strong>is</strong></span> 
     </span>
    </p>
   </div>
   <div class='ocr_carea' id='block_1_27' title="bbox 325 2546 1994 2618">
    <p class='ocr_par' dir='ltr' id='par_1_27' title="bbox 325 2546 1994 2618">
     <span class='ocr_line' id='line_1_27' title="bbox 325 2546 1994 2618; baseline -0.002 -13"><span class='ocrx_word' id='word_1_166' title='bbox 325 2550 535 2606; x_wconf 86' lang='lat' dir='ltr'><strong>saltem</strong></span> <span class='ocrx_word' id='word_1_167' title='bbox 565 2549 748 2604; x_wconf 80' lang='lat' dir='ltr'><strong>alteri</strong></span> <span class='ocrx_word' id='word_1_168' title='bbox 771 2554 1187 2618; x_wconf 66' lang='lat' dir='ltr'><strong>praeponatur,</strong></span> <span class='ocrx_word' id='word_1_169' title='bbox 1216 2562 1317 2617; x_wconf 85' lang='lat' dir='ltr'><strong>quz</strong></span> <span class='ocrx_word' id='word_1_170' title='bbox 1345 2547 1677 2616; x_wconf 82' lang='lat' dir='ltr'><strong>majonbus</strong></span> <span class='ocrx_word' id='word_1_171' title='bbox 1700 2552 1756 2602; x_wconf 88' lang='lat' dir='ltr'><strong>et</strong></span> <span class='ocrx_word' id='word_1_172' title='bbox 1780 2546 1994 2601; x_wconf 82' lang='lat' dir='ltr'><strong>studiis</strong></span> 
     </span>
    </p>
   </div>
   <div class='ocr_carea' id='block_1_28' title="bbox 326 2634 1995 2706">
    <p class='ocr_par' dir='ltr' id='par_1_28' title="bbox 326 2634 1995 2706">
     <span class='ocr_line' id='line_1_28' title="bbox 326 2634 1995 2706; baseline -0.003 -12"><span class='ocrx_word' id='word_1_173' title='bbox 326 2639 577 2694; x_wconf 88' lang='lat' dir='ltr'><strong>invatur</strong></span> <span class='ocrx_word' id='word_1_174' title='bbox 612 2641 671 2693; x_wconf 85' lang='lat' dir='ltr'><strong>et</strong></span> <span class='ocrx_word' id='word_1_175' title='bbox 698 2636 942 2693; x_wconf 85' lang='lat' dir='ltr'><strong>meritis.</strong></span> <span class='ocrx_word' id='word_1_176' title='bbox 971 2635 1261 2690; x_wconf 87' lang='lat' dir='ltr'><strong>Volumus</strong></span> <span class='ocrx_word' id='word_1_177' title='bbox 1290 2640 1491 2691; x_wconf 87' lang='lat' dir='ltr'><strong>autem</strong></span> <span class='ocrx_word' id='word_1_178' title='bbox 1533 2634 1681 2690; x_wconf 91' lang='lat' dir='ltr'><strong>scire</strong></span> <span class='ocrx_word' id='word_1_179' title='bbox 1733 2638 1786 2691; x_wconf 92' lang='lat' dir='ltr'><strong>te</strong></span> <span class='ocrx_word' id='word_1_180' title='bbox 1828 2634 1995 2706; x_wconf 89' lang='lat' dir='ltr'><strong>quod</strong></span> 
     </span>
    </p>
   </div>
   <div class='ocr_carea' id='block_1_29' title="bbox 326 2723 1994 2799">
    <p class='ocr_par' dir='ltr' id='par_1_29' title="bbox 326 2723 1994 2799">
     <span class='ocr_line' id='line_1_29' title="bbox 326 2723 1994 2799; baseline -0.003 -16"><span class='ocrx_word' id='word_1_181' title='bbox 326 2726 523 2799; x_wconf 84' lang='lat' dir='ltr'><strong>ipsam</strong></span> <span class='ocrx_word' id='word_1_182' title='bbox 566 2723 915 2782; x_wconf 85' lang='lat' dir='ltr'><strong>electionem</strong></span> <span class='ocrx_word' id='word_1_183' title='bbox 975 2729 1245 2781; x_wconf 90' lang='lat' dir='ltr'><strong>nostram</strong></span> <span class='ocrx_word' id='word_1_184' title='bbox 1296 2723 1726 2779; x_wconf 86' lang='lat' dir='ltr'><strong>mandavimus</strong></span> <span class='ocrx_word' id='word_1_185' title='bbox 1766 2723 1994 2779; x_wconf 91' lang='lat' dir='ltr'><strong>domno</strong></span> 
     </span>
    </p>
   </div>
   <div class='ocr_carea' id='block_1_30' title="bbox 326 2813 1997 2888">
    <p class='ocr_par' dir='ltr' id='par_1_30' title="bbox 326 2813 1997 2888">
     <span class='ocr_line' id='line_1_30' title="bbox 326 2813 1997 2888; baseline -0.001 -18"><span class='ocrx_word' id='word_1_186' title='bbox 326 2816 451 2885; x_wconf 87' lang='lat' dir='ltr'><strong>regi</strong></span> <span class='ocrx_word' id='word_1_187' title='bbox 483 2830 591 2888; x_wconf 77' lang='lat' dir='ltr'><strong>per</strong></span> <span class='ocrx_word' id='word_1_188' title='bbox 620 2828 764 2870; x_wconf 91' lang='lat' dir='ltr'><strong>suos</strong></span> <span class='ocrx_word' id='word_1_189' title='bbox 810 2815 1163 2884; x_wconf 87' lang='lat' dir='ltr'><strong>monachos,</strong></span> <span class='ocrx_word' id='word_1_190' title='bbox 1215 2813 1577 2869; x_wconf 89' lang='lat' dir='ltr'><strong>Hernaldum</strong></span> <span class='ocrx_word' id='word_1_191' title='bbox 1630 2813 1892 2885; x_wconf 89' lang='lat' dir='ltr'><strong>priorem</strong></span> <span class='ocrx_word' id='word_1_192' title='bbox 1940 2820 1997 2868; x_wconf 90' lang='lat' dir='ltr'><strong>et</strong></span> 
     </span>
    </p>
   </div>
   <div class='ocr_carea' id='block_1_31' title="bbox 327 2900 1996 2976">
    <p class='ocr_par' dir='ltr' id='par_1_31' title="bbox 327 2900 1996 2976">
     <span class='ocr_line' id='line_1_31' title="bbox 327 2900 1996 2976; baseline -0.002 -16"><span class='ocrx_word' id='word_1_193' title='bbox 327 2901 676 2960; x_wconf 81' lang='lat' dir='ltr'><strong>Bestaldum</strong></span> <span class='ocrx_word' id='word_1_194' title='bbox 693 2903 1088 2976; x_wconf 65' lang='lat' dir='ltr'><strong>praepositum</strong></span> <span class='ocrx_word' id='word_1_195' title='bbox 1118 2902 1307 2958; x_wconf 87' lang='lat' dir='ltr'><strong>sancti</strong></span> <span class='ocrx_word' id='word_1_196' title='bbox 1322 2900 1872 2973; x_wconf 90' lang='lat' dir='ltr'><strong>Dionysii.Quibus,</strong></span> <span class='ocrx_word' id='word_1_197' title='bbox 1891 2901 1996 2956; x_wconf 87' lang='lat' dir='ltr'><strong>ob-</strong></span> 
     </span>
    </p>
   </div>
   <div class='ocr_carea' id='block_1_32' title="bbox 325 2991 2072 3082">
    <p class='ocr_par' dir='ltr' id='par_1_32' title="bbox 325 2991 2072 3082">
     <span class='ocr_line' id='line_1_32' title="bbox 325 2991 2072 3082; baseline 0 -34"><span class='ocrx_word' id='word_1_198' title='bbox 325 2993 667 3082; x_wconf 82' lang='lat' dir='ltr'><strong>jicientibus</strong></span> <span class='ocrx_word' id='word_1_199' title='bbox 697 2992 874 3082; x_wconf 83' lang='lat' dir='ltr'><strong>nobis</strong></span> <span class='ocrx_word' id='word_1_200' title='bbox 899 2993 979 3082; x_wconf 85' lang='lat' dir='ltr'><strong>de</strong></span> <span class='ocrx_word' id='word_1_201' title='bbox 997 2992 1362 3082; x_wconf 83' lang='lat' dir='ltr'><strong>Theoderico</strong></span> <span class='ocrx_word' id='word_1_202' title='bbox 1389 2991 1731 3082; x_wconf 88' lang='lat' dir='ltr'><strong>ordinando</strong></span> <span class='ocrx_word' id='word_1_203' title='bbox 1762 2992 1993 3082; x_wconf 79' lang='lat' dir='ltr'><strong>regiam</strong></span> <span class='ocrx_word' id='word_1_204' title='bbox 2032 3025 2072 3082; x_wconf 62' lang='grc' dir='ltr'>ο</span> 
     </span>
    </p>
   </div>
   <div class='ocr_carea' id='block_1_33' title="bbox 329 3079 1994 3152">
    <p class='ocr_par' dir='ltr' id='par_1_33' title="bbox 329 3079 1994 3152">
     <span class='ocr_line' id='line_1_33' title="bbox 329 3079 1994 3152; baseline -0.001 -15"><span class='ocrx_word' id='word_1_205' title='bbox 329 3079 721 3152; x_wconf 80' lang='lat' dir='ltr'><strong>voluntatem,</strong></span> <span class='ocrx_word' id='word_1_206' title='bbox 753 3080 1124 3151; x_wconf 78' lang='lat' dir='ltr'><strong>injunximus</strong></span> <span class='ocrx_word' id='word_1_207' title='bbox 1172 3085 1237 3136; x_wconf 91' lang='lat' dir='ltr'><strong>ut</strong></span> <span class='ocrx_word' id='word_1_208' title='bbox 1279 3080 1543 3136; x_wconf 89' lang='lat' dir='ltr'><strong>dicerent</strong></span> <span class='ocrx_word' id='word_1_209' title='bbox 1566 3080 1690 3151; x_wconf 87' lang='lat' dir='ltr'><strong>regi</strong></span> <span class='ocrx_word' id='word_1_210' title='bbox 1720 3096 1797 3136; x_wconf 89' lang='lat' dir='ltr'><strong>ne</strong></span> <span class='ocrx_word' id='word_1_211' title='bbox 1823 3080 1883 3135; x_wconf 82' lang='lat' dir='ltr'><strong>id</strong></span> <span class='ocrx_word' id='word_1_212' title='bbox 1914 3085 1994 3136; x_wconf 90' lang='lat' dir='ltr'><strong>te-</strong></span> 
     </span>
    </p>
   </div>
   <div class='ocr_carea' id='block_1_34' title="bbox 331 3168 1996 3247">
    <p class='ocr_par' dir='ltr' id='par_1_34' title="bbox 331 3168 1996 3247">
     <span class='ocr_line' id='line_1_34' title="bbox 331 3168 1996 3247; baseline -0.001 -22"><span class='ocrx_word' id='word_1_213' title='bbox 331 3184 492 3225; x_wconf 90' lang='lat' dir='ltr'><strong>mere</strong></span> <span class='ocrx_word' id='word_1_214' title='bbox 540 3168 669 3225; x_wconf 85' lang='lat' dir='ltr'><strong>ﬁeri</strong></span> <span class='ocrx_word' id='word_1_215' title='bbox 719 3168 974 3240; x_wconf 89' lang='lat' dir='ltr'><strong>juberet.</strong></span> <span class='ocrx_word' id='word_1_216' title='bbox 1032 3172 1274 3225; x_wconf 88' lang='lat' dir='ltr'><strong>Vocaret</strong></span> <span class='ocrx_word' id='word_1_217' title='bbox 1314 3173 1515 3247; x_wconf 80' lang='lat' dir='ltr'><strong>autem</strong></span> <span class='ocrx_word' id='word_1_218' title='bbox 1555 3184 1668 3224; x_wconf 92' lang='lat' dir='ltr'><strong>nos</strong></span> <span class='ocrx_word' id='word_1_219' title='bbox 1717 3174 1911 3236; x_wconf 84' lang='lat' dir='ltr'><strong>antea,</strong></span> <span class='ocrx_word' id='word_1_220' title='bbox 1949 3169 1996 3224; x_wconf 90' lang='lat' dir='ltr'><strong>si</strong></span> 
     </span>
    </p>
   </div>
   <div class='ocr_carea' id='block_1_35' title="bbox 332 3258 1997 3333">
    <p class='ocr_par' dir='ltr' id='par_1_35' title="bbox 332 3258 1997 3333">
     <span class='ocr_line' id='line_1_35' title="bbox 332 3258 1997 3333; baseline 0 -18"><span class='ocrx_word' id='word_1_221' title='bbox 332 3258 446 3315; x_wconf 87' lang='lat' dir='ltr'><strong>sibi</strong></span> <span class='ocrx_word' id='word_1_222' title='bbox 475 3259 753 3333; x_wconf 88' lang='lat' dir='ltr'><strong>placeret,</strong></span> <span class='ocrx_word' id='word_1_223' title='bbox 787 3259 865 3315; x_wconf 90' lang='lat' dir='ltr'><strong>ad</strong></span> <span class='ocrx_word' id='word_1_224' title='bbox 892 3259 1120 3315; x_wconf 85' lang='lat' dir='ltr'><strong>curiam</strong></span> <span class='ocrx_word' id='word_1_225' title='bbox 1152 3276 1350 3330; x_wconf 89' lang='lat' dir='ltr'><strong>suam,</strong></span> <span class='ocrx_word' id='word_1_226' title='bbox 1401 3258 1497 3313; x_wconf 87' lang='lat' dir='ltr'><strong>vel</strong></span> <span class='ocrx_word' id='word_1_227' title='bbox 1542 3275 1664 3314; x_wconf 75' lang='lat' dir='ltr'><strong>sum</strong></span> <span class='ocrx_word' id='word_1_228' title='bbox 1705 3259 1997 3315; x_wconf 86' lang='lat' dir='ltr'><strong>voluntati</strong></span> 
     </span>
    </p>
   </div>
   <div class='ocr_carea' id='block_1_36' title="bbox 326 3348 1995 3419">
    <p class='ocr_par' dir='ltr' id='par_1_36' title="bbox 326 3348 1995 3419">
     <span class='ocr_line' id='line_1_36' title="bbox 326 3348 1995 3419; baseline -0.001 -13"><span class='ocrx_word' id='word_1_229' title='bbox 326 3360 747 3419; x_wconf 87' lang='lat' dir='ltr'><strong>consensuros,</strong></span> <span class='ocrx_word' id='word_1_230' title='bbox 776 3348 870 3405; x_wconf 86' lang='lat' dir='ltr'><strong>vel</strong></span> <span class='ocrx_word' id='word_1_231' title='bbox 898 3364 1005 3405; x_wconf 91' lang='lat' dir='ltr'><strong>cur</strong></span> <span class='ocrx_word' id='word_1_232' title='bbox 1028 3348 1480 3405; x_wconf 88' lang='lat' dir='ltr'><strong>dissentiremus</strong></span> <span class='ocrx_word' id='word_1_233' title='bbox 1506 3352 1880 3404; x_wconf 86' lang='lat' dir='ltr'><strong>ostensuros.</strong></span> <span class='ocrx_word' id='word_1_234' title='bbox 1898 3349 1995 3404; x_wconf 87' lang='lat' dir='ltr'><strong>His</strong></span> 
     </span>
    </p>
   </div>
   <div class='ocr_carea' id='block_1_37' title="bbox 328 3438 1991 3509">
    <p class='ocr_par' dir='ltr' id='par_1_37' title="bbox 328 3438 1991 3509">
     <span class='ocr_line' id='line_1_37' title="bbox 328 3438 1991 3509; baseline -0.001 -14"><span class='ocrx_word' id='word_1_235' title='bbox 328 3452 467 3495; x_wconf 82' lang='lat' dir='ltr'><strong>vero</strong></span> <span class='ocrx_word' id='word_1_236' title='bbox 515 3439 688 3494; x_wconf 84' lang='lat' dir='ltr'><strong>dictis</strong></span> <span class='ocrx_word' id='word_1_237' title='bbox 719 3438 936 3493; x_wconf 87' lang='lat' dir='ltr'><strong>nostris</strong></span> <span class='ocrx_word' id='word_1_238' title='bbox 983 3438 1109 3509; x_wconf 90' lang='lat' dir='ltr'><strong>ipse</strong></span> <span class='ocrx_word' id='word_1_239' title='bbox 1157 3438 1419 3493; x_wconf 91' lang='lat' dir='ltr'><strong>domnus</strong></span> <span class='ocrx_word' id='word_1_240' title='bbox 1467 3452 1571 3491; x_wconf 82' lang='lat' dir='ltr'><strong>rex</strong></span> <span class='ocrx_word' id='word_1_241' title='bbox 1615 3438 1991 3509; x_wconf 87' lang='lat' dir='ltr'><strong>contemptis,</strong></span> 
     </span>
    </p>
   </div>
   <div class='ocr_carea' id='block_1_38' title="bbox 326 3525 1997 3601">
    <p class='ocr_par' dir='ltr' id='par_1_38' title="bbox 326 3525 1997 3601">
     <span class='ocr_line' id='line_1_38' title="bbox 326 3525 1997 3601; baseline 0 -18"><span class='ocrx_word' id='word_1_242' title='bbox 326 3528 572 3601; x_wconf 87' lang='lat' dir='ltr'><strong>qualem</strong></span> <span class='ocrx_word' id='word_1_243' title='bbox 609 3526 722 3581; x_wconf 84' lang='lat' dir='ltr'><strong>sibi</strong></span> <span class='ocrx_word' id='word_1_244' title='bbox 768 3525 939 3581; x_wconf 90' lang='lat' dir='ltr'><strong>libuit</strong></span> <span class='ocrx_word' id='word_1_245' title='bbox 981 3541 1303 3598; x_wconf 88' lang='lat' dir='ltr'><strong>personam</strong></span> <span class='ocrx_word' id='word_1_246' title='bbox 1356 3526 1588 3597; x_wconf 87' lang='lat' dir='ltr'><strong>absque</strong></span> <span class='ocrx_word' id='word_1_247' title='bbox 1619 3529 1823 3582; x_wconf 87' lang='lat' dir='ltr'><strong>nostra</strong></span> <span class='ocrx_word' id='word_1_248' title='bbox 1854 3528 1997 3599; x_wconf 88' lang='lat' dir='ltr'><strong>peti-</strong></span> 
     </span>
    </p>
   </div>
   <div class='ocr_carea' id='block_1_39' title="bbox 326 3612 1992 3672">
    <p class='ocr_par' dir='ltr' id='par_1_39' title="bbox 326 3612 1992 3672">
     <span class='ocr_line' id='line_1_39' title="bbox 326 3612 1992 3672; baseline 0.001 -2"><span class='ocrx_word' id='word_1_249' title='bbox 326 3615 487 3671; x_wconf 87' lang='lat' dir='ltr'><strong>tione</strong></span> <span class='ocrx_word' id='word_1_250' title='bbox 512 3612 777 3671; x_wconf 84' lang='lat' dir='ltr'><strong>ordinari</strong></span> <span class='ocrx_word' id='word_1_251' title='bbox 804 3613 1093 3670; x_wconf 80' lang='lat' dir='ltr'><strong>violentus</strong></span> <span class='ocrx_word' id='word_1_252' title='bbox 1119 3614 1486 3670; x_wconf 84' lang='lat' dir='ltr'><strong>acceleravit.</strong></span> <span class='ocrx_word' id='word_1_253' title='bbox 1522 3618 1844 3670; x_wconf 81' lang='lat' dir='ltr'><strong>Immemor</strong></span> <span class='ocrx_word' id='word_1_254' title='bbox 1874 3614 1992 3672; x_wconf 90' lang='lat' dir='ltr'><strong>for-</strong></span> 
     </span>
    </p>
   </div>
   <div class='ocr_carea' id='block_1_40' title="bbox 326 3702 1993 3775">
    <p class='ocr_par' dir='ltr' id='par_1_40' title="bbox 326 3702 1993 3775">
     <span class='ocr_line' id='line_1_40' title="bbox 326 3702 1993 3775; baseline 0.001 -16"><span class='ocrx_word' id='word_1_255' title='bbox 326 3708 485 3761; x_wconf 88' lang='lat' dir='ltr'><strong>tasse</strong></span> <span class='ocrx_word' id='word_1_256' title='bbox 515 3702 670 3759; x_wconf 89' lang='lat' dir='ltr'><strong>illius</strong></span> <span class='ocrx_word' id='word_1_257' title='bbox 700 3702 842 3758; x_wconf 86' lang='lat' dir='ltr'><strong>dicti</strong></span> <span class='ocrx_word' id='word_1_258' title='bbox 874 3702 1241 3759; x_wconf 87' lang='lat' dir='ltr'><strong>Constantini</strong></span> <span class='ocrx_word' id='word_1_259' title='bbox 1272 3702 1482 3764; x_wconf 83' lang='lat' dir='ltr'><strong>Christ.</strong></span> <span class='ocrx_word' id='word_1_260' title='bbox 1514 3702 1993 3775; x_wconf 87' lang='lat' dir='ltr'><strong>imperatoris,de</strong></span> 
     </span>
    </p>
   </div>
   <div class='ocr_carea' id='block_1_41' title="bbox 325 3791 1991 3866">
    <p class='ocr_par' dir='ltr' id='par_1_41' title="bbox 325 3791 1991 3866">
     <span class='ocr_line' id='line_1_41' title="bbox 325 3791 1991 3866; baseline 0 -17"><span class='ocrx_word' id='word_1_261' title='bbox 325 3792 608 3849; x_wconf 87' lang='lat' dir='ltr'><strong>violentia</strong></span> <span class='ocrx_word' id='word_1_262' title='bbox 635 3791 978 3866; x_wconf 87' lang='lat' dir='ltr'><strong>principum</strong></span> <span class='ocrx_word' id='word_1_263' title='bbox 999 3796 1208 3847; x_wconf 86' lang='lat' dir='ltr'><strong>contra</strong></span> <span class='ocrx_word' id='word_1_264' title='bbox 1248 3808 1311 3847; x_wconf 90' lang='lat' dir='ltr'><strong>se</strong></span> <span class='ocrx_word' id='word_1_265' title='bbox 1333 3796 1389 3848; x_wconf 91' lang='lat' dir='ltr'><strong>et</strong></span> <span class='ocrx_word' id='word_1_266' title='bbox 1413 3797 1622 3848; x_wconf 88' lang='lat' dir='ltr'><strong>contra</strong></span> <span class='ocrx_word' id='word_1_267' title='bbox 1647 3791 1797 3848; x_wconf 90' lang='lat' dir='ltr'><strong>alios</strong></span> <span class='ocrx_word' id='word_1_268' title='bbox 1830 3793 1991 3864; x_wconf 89' lang='lat' dir='ltr'><strong>prin-</strong></span> 
     </span>
    </p>
   </div>
   <div class='ocr_carea' id='block_1_42' title="bbox 326 3880 1992 3957">
    <p class='ocr_par' dir='ltr' id='par_1_42' title="bbox 326 3880 1992 3957">
     <span class='ocr_line' id='line_1_42' title="bbox 326 3880 1992 3957; baseline -0.001 -18"><span class='ocrx_word' id='word_1_269' title='bbox 326 3881 487 3957; x_wconf 88' lang='lat' dir='ltr'><strong>cipes</strong></span> <span class='ocrx_word' id='word_1_270' title='bbox 516 3882 596 3939; x_wconf 89' lang='lat' dir='ltr'><strong>ita</strong></span> <span class='ocrx_word' id='word_1_271' title='bbox 628 3899 690 3937; x_wconf 92' lang='lat' dir='ltr'><strong>se</strong></span> <span class='ocrx_word' id='word_1_272' title='bbox 723 3881 1003 3938; x_wconf 87' lang='lat' dir='ltr'><strong>habentis</strong></span> <span class='ocrx_word' id='word_1_273' title='bbox 1037 3897 1050 3936; x_wconf 88' lang='lat'><strong>:</strong></span> <span class='ocrx_word' id='word_1_274' title='bbox 1088 3881 1484 3953; x_wconf 71' lang='lat' dir='ltr'><strong>Quaecunque,</strong></span> <span class='ocrx_word' id='word_1_275' title='bbox 1534 3880 1748 3954; x_wconf 87' lang='lat' dir='ltr'><strong>inquit,</strong></span> <span class='ocrx_word' id='word_1_276' title='bbox 1777 3888 1992 3939; x_wconf 82' lang='lat' dir='ltr'><strong>contra</strong></span> 
     </span>
    </p>
   </div>
   <div class='ocr_carea' id='block_1_43' title="bbox 328 3970 1987 4044">
    <p class='ocr_par' dir='ltr' id='par_1_43' title="bbox 328 3970 1987 4044">
     <span class='ocr_line' id='line_1_43' title="bbox 328 3970 1987 4044; baseline -0.001 -15"><span class='ocrx_word' id='word_1_277' title='bbox 328 3973 482 4044; x_wconf 82' lang='lat' dir='ltr'><strong>teges</strong></span> <span class='ocrx_word' id='word_1_278' title='bbox 508 3973 739 4043; x_wconf 80' lang='lat' dir='ltr'><strong>fuerint</strong></span> <span class='ocrx_word' id='word_1_279' title='bbox 771 3986 808 4029; x_wconf 90' lang='lat' dir='ltr'><strong>a</strong></span> <span class='ocrx_word' id='word_1_280' title='bbox 833 3970 1210 4042; x_wconf 75' lang='lat' dir='ltr'><strong>principibus</strong></span> <span class='ocrx_word' id='word_1_281' title='bbox 1236 3972 1500 4038; x_wconf 81' lang='lat' dir='ltr'><strong>obtenta,</strong></span> <span class='ocrx_word' id='word_1_282' title='bbox 1554 3987 1673 4026; x_wconf 86' lang='lat' dir='ltr'><strong>non</strong></span> <span class='ocrx_word' id='word_1_283' title='bbox 1724 3973 1987 4028; x_wconf 82' lang='lat' dir='ltr'><strong>valeant.</strong></span> 
     </span>
    </p>
   </div>
   <div class='ocr_carea' id='block_1_44' title="bbox 329 4060 1993 4134">
    <p class='ocr_par' dir='ltr' id='par_1_44' title="bbox 329 4060 1993 4134">
     <span class='ocr_line' id='line_1_44' title="bbox 329 4060 1993 4134; baseline -0.002 -15"><span class='ocrx_word' id='word_1_284' title='bbox 329 4061 464 4129; x_wconf 89' lang='lat' dir='ltr'><strong>Sed,</strong></span> <span class='ocrx_word' id='word_1_285' title='bbox 498 4066 560 4117; x_wconf 91' lang='lat' dir='ltr'><strong>ut</strong></span> <span class='ocrx_word' id='word_1_286' title='bbox 580 4061 659 4117; x_wconf 88' lang='lat' dir='ltr'><strong>ad</strong></span> <span class='ocrx_word' id='word_1_287' title='bbox 692 4074 958 4134; x_wconf 59' lang='lat' dir='ltr'><strong>praesens</strong></span> <span class='ocrx_word' id='word_1_288' title='bbox 987 4060 1064 4116; x_wconf 91' lang='lat' dir='ltr'><strong>de</strong></span> <span class='ocrx_word' id='word_1_289' title='bbox 1092 4060 1227 4132; x_wconf 89' lang='lat' dir='ltr'><strong>ipso</strong></span> <span class='ocrx_word' id='word_1_290' title='bbox 1254 4064 1580 4131; x_wconf 73' lang='lat' dir='ltr'><strong>taceamus,</strong></span> <span class='ocrx_word' id='word_1_291' title='bbox 1615 4060 1721 4133; x_wconf 87' lang='lat' dir='ltr'><strong>qui</strong></span> <span class='ocrx_word' id='word_1_292' title='bbox 1748 4076 1893 4118; x_wconf 88' lang='lat' dir='ltr'><strong>sane</strong></span> <span class='ocrx_word' id='word_1_293' title='bbox 1914 4061 1993 4116; x_wconf 85' lang='lat' dir='ltr'><strong>vi-</strong></span> 
     </span>
    </p>
   </div>
   <div class='ocr_carea' id='block_1_45' title="bbox 326 4149 1992 4221">
    <p class='ocr_par' dir='ltr' id='par_1_45' title="bbox 326 4149 1992 4221">
     <span class='ocr_line' id='line_1_45' title="bbox 326 4149 1992 4221; baseline 0.001 -16"><span class='ocrx_word' id='word_1_294' title='bbox 326 4150 480 4206; x_wconf 87' lang='lat' dir='ltr'><strong>derit</strong></span> <span class='ocrx_word' id='word_1_295' title='bbox 531 4154 734 4206; x_wconf 84' lang='lat' dir='ltr'><strong>utrum</strong></span> <span class='ocrx_word' id='word_1_296' title='bbox 781 4151 988 4207; x_wconf 88' lang='lat' dir='ltr'><strong>omnia</strong></span> <span class='ocrx_word' id='word_1_297' title='bbox 1030 4153 1185 4206; x_wconf 86' lang='lat' dir='ltr'><strong>recte</strong></span> <span class='ocrx_word' id='word_1_298' title='bbox 1240 4155 1400 4220; x_wconf 83' lang='lat' dir='ltr'><strong>agat,</strong></span> <span class='ocrx_word' id='word_1_299' title='bbox 1445 4166 1556 4206; x_wconf 91' lang='lat' dir='ltr'><strong>nec</strong></span> <span class='ocrx_word' id='word_1_300' title='bbox 1602 4154 1739 4221; x_wconf 86' lang='lat' dir='ltr'><strong>post</strong></span> <span class='ocrx_word' id='word_1_301' title='bbox 1765 4149 1992 4207; x_wconf 84' lang='lat' dir='ltr'><strong>factum</strong></span> 
     </span>
    </p>
   </div>
   <div class='ocr_carea' id='block_1_46' title="bbox 327 4238 1995 4311">
    <p class='ocr_par' dir='ltr' id='par_1_46' title="bbox 327 4238 1995 4311">
     <span class='ocr_line' id='line_1_46' title="bbox 327 4238 1995 4311; baseline 0.002 -18"><span class='ocrx_word' id='word_1_302' title='bbox 327 4238 655 4311; x_wconf 86' lang='lat' dir='ltr'><strong>poeniteat?</strong></span> <span class='ocrx_word' id='word_1_303' title='bbox 685 4240 774 4294; x_wconf 82' lang='lat' dir='ltr'><strong>Ad</strong></span> <span class='ocrx_word' id='word_1_304' title='bbox 795 4243 870 4305; x_wconf 90' lang='lat' dir='ltr'><strong>te,</strong></span> <span class='ocrx_word' id='word_1_305' title='bbox 896 4242 1083 4305; x_wconf 84' lang='lat' dir='ltr'><strong>Pater,</strong></span> <span class='ocrx_word' id='word_1_306' title='bbox 1126 4239 1519 4311; x_wconf 65' lang='lat' dir='ltr'><strong>querimoniae</strong></span> <span class='ocrx_word' id='word_1_307' title='bbox 1562 4242 1780 4295; x_wconf 79' lang='lat' dir='ltr'><strong>nostrae</strong></span> <span class='ocrx_word' id='word_1_308' title='bbox 1810 4238 1995 4296; x_wconf 86' lang='lat' dir='ltr'><strong>ﬂecti-</strong></span> 
     </span>
    </p>
   </div>
   <div class='ocr_carea' id='block_1_47' title="bbox 327 4326 1983 4400">
    <p class='ocr_par' dir='ltr' id='par_1_47' title="bbox 327 4326 1983 4400">
     <span class='ocr_line' id='line_1_47' title="bbox 327 4326 1983 4400; baseline 0.002 -18"><span class='ocrx_word' id='word_1_309' title='bbox 327 4340 466 4383; x_wconf 90' lang='lat' dir='ltr'><strong>mus</strong></span> <span class='ocrx_word' id='word_1_310' title='bbox 495 4326 832 4394; x_wconf 83' lang='lat' dir='ltr'><strong>articulum,</strong></span> <span class='ocrx_word' id='word_1_311' title='bbox 864 4342 1047 4400; x_wconf 88' lang='lat' dir='ltr'><strong>quem</strong></span> <span class='ocrx_word' id='word_1_312' title='bbox 1080 4327 1355 4384; x_wconf 60' lang='lat' dir='ltr'><strong>Ecclesia;</strong></span> <span class='ocrx_word' id='word_1_313' title='bbox 1385 4332 1603 4385; x_wconf 61' lang='lat' dir='ltr'><strong>nostras</strong></span> <span class='ocrx_word' id='word_1_314' title='bbox 1633 4345 1845 4385; x_wconf 89' lang='lat' dir='ltr'><strong>curam</strong></span> <span class='ocrx_word' id='word_1_315' title='bbox 1886 4346 1983 4386; x_wconf 91' lang='lat' dir='ltr'><strong>ne-</strong></span> 
     </span>
    </p>
   </div>
   <div class='ocr_carea' id='block_1_48' title="bbox 329 4415 1988 4488">
    <p class='ocr_par' dir='ltr' id='par_1_48' title="bbox 329 4415 1988 4488">
     <span class='ocr_line' id='line_1_48' title="bbox 329 4415 1988 4488; baseline 0.002 -17"><span class='ocrx_word' id='word_1_316' title='bbox 329 4415 602 4488; x_wconf 80' lang='lat' dir='ltr'><strong>glexisse,</strong></span> <span class='ocrx_word' id='word_1_317' title='bbox 630 4415 753 4471; x_wconf 92' lang='lat' dir='ltr'><strong>imo</strong></span> <span class='ocrx_word' id='word_1_318' title='bbox 783 4415 1117 4472; x_wconf 82' lang='lat' dir='ltr'><strong>auctoritati</strong></span> <span class='ocrx_word' id='word_1_319' title='bbox 1147 4420 1261 4471; x_wconf 74' lang='lat' dir='ltr'><strong>tuae</strong></span> <span class='ocrx_word' id='word_1_320' title='bbox 1290 4416 1580 4486; x_wconf 80' lang='lat' dir='ltr'><strong>derogare</strong></span> <span class='ocrx_word' id='word_1_321' title='bbox 1608 4418 1988 4475; x_wconf 86' lang='lat' dir='ltr'><strong>vehementer</strong></span> 
     </span>
    </p>
   </div>
   <div class='ocr_carea' id='block_1_49' title="bbox 326 4502 1990 4577">
    <p class='ocr_par' dir='ltr' id='par_1_49' title="bbox 326 4502 1990 4577">
     <span class='ocr_line' id='line_1_49' title="bbox 326 4502 1990 4577; baseline 0.001 -17"><span class='ocrx_word' id='word_1_322' title='bbox 326 4502 622 4575; x_wconf 80' lang='lat' dir='ltr'><strong>dolemus,</strong></span> <span class='ocrx_word' id='word_1_323' title='bbox 655 4503 1000 4576; x_wconf 85' lang='lat' dir='ltr'><strong>posthabito</strong></span> <span class='ocrx_word' id='word_1_324' title='bbox 1029 4503 1375 4575; x_wconf 81' lang='lat' dir='ltr'><strong>supradicto</strong></span> <span class='ocrx_word' id='word_1_325' title='bbox 1417 4504 1626 4559; x_wconf 88' lang='lat' dir='ltr'><strong>Leonis</strong></span> <span class='ocrx_word' id='word_1_326' title='bbox 1673 4520 1848 4577; x_wconf 79' lang='lat' dir='ltr'><strong>papae</strong></span> <span class='ocrx_word' id='word_1_327' title='bbox 1890 4506 1990 4562; x_wconf 88' lang='lat' dir='ltr'><strong>de-</strong></span> 
     </span>
    </p>
   </div>
   <div class='ocr_carea' id='block_1_50' title="bbox 327 4592 1988 4668">
    <p class='ocr_par' dir='ltr' id='par_1_50' title="bbox 327 4592 1988 4668">
     <span class='ocr_line' id='line_1_50' title="bbox 327 4592 1988 4668; baseline 0.001 -19"><span class='ocrx_word' id='word_1_328' title='bbox 327 4597 507 4649; x_wconf 87' lang='lat' dir='ltr'><strong>creto.</strong></span> <span class='ocrx_word' id='word_1_329' title='bbox 540 4592 716 4658; x_wconf 78' lang='lat' dir='ltr'><strong>Quod</strong></span> <span class='ocrx_word' id='word_1_330' title='bbox 746 4593 796 4648; x_wconf 89' lang='lat' dir='ltr'><strong>si</strong></span> <span class='ocrx_word' id='word_1_331' title='bbox 838 4592 1247 4662; x_wconf 83' lang='lat' dir='ltr'><strong>observasses,</strong></span> <span class='ocrx_word' id='word_1_332' title='bbox 1304 4592 1735 4650; x_wconf 84' lang='lat' dir='ltr'><strong>rationabiliter</strong></span> <span class='ocrx_word' id='word_1_333' title='bbox 1788 4594 1988 4668; x_wconf 90' lang='lat' dir='ltr'><strong>utique</strong></span> 
     </span>
    </p>
   </div>
   <div class='ocr_carea' id='block_1_51' title="bbox 326 4679 1984 4754">
    <p class='ocr_par' dir='ltr' id='par_1_51' title="bbox 326 4679 1984 4754">
     <span class='ocr_line' id='line_1_51' title="bbox 326 4679 1984 4754; baseline 0.001 -17"><span class='ocrx_word' id='word_1_334' title='bbox 326 4681 569 4753; x_wconf 78' lang='lat' dir='ltr'><strong>egisses,</strong></span> <span class='ocrx_word' id='word_1_335' title='bbox 598 4686 661 4737; x_wconf 90' lang='lat' dir='ltr'><strong>et</strong></span> <span class='ocrx_word' id='word_1_336' title='bbox 684 4679 840 4737; x_wconf 85' lang='lat' dir='ltr'><strong>bene</strong></span> <span class='ocrx_word' id='word_1_337' title='bbox 870 4679 1068 4747; x_wconf 90' lang='lat' dir='ltr'><strong>nobis,</strong></span> <span class='ocrx_word' id='word_1_338' title='bbox 1103 4684 1167 4736; x_wconf 89' lang='lat' dir='ltr'><strong>ut</strong></span> <span class='ocrx_word' id='word_1_339' title='bbox 1193 4679 1328 4736; x_wconf 88' lang='lat' dir='ltr'><strong>ﬁliis</strong></span> <span class='ocrx_word' id='word_1_340' title='bbox 1350 4684 1540 4754; x_wconf 88' lang='lat' dir='ltr'><strong>pater,</strong></span> <span class='ocrx_word' id='word_1_341' title='bbox 1564 4681 1984 4738; x_wconf 85' lang='lat' dir='ltr'><strong>consuluisses.</strong></span> 
     </span>
    </p>
   </div>
   <div class='ocr_carea' id='block_1_52' title="bbox 324 4769 1988 4843">
    <p class='ocr_par' dir='ltr' id='par_1_52' title="bbox 324 4769 1988 4843">
     <span class='ocr_line' id='line_1_52' title="bbox 324 4769 1988 4843; baseline 0.002 -17"><span class='ocrx_word' id='word_1_342' title='bbox 324 4773 397 4827; x_wconf 83' lang='lat' dir='ltr'><strong>At</strong></span> <span class='ocrx_word' id='word_1_343' title='bbox 418 4771 556 4843; x_wconf 82' lang='lat' dir='ltr'><strong>ipso</strong></span> <span class='ocrx_word' id='word_1_344' title='bbox 578 4769 803 4827; x_wconf 79' lang='lat' dir='ltr'><strong>violato</strong></span> <span class='ocrx_word' id='word_1_345' title='bbox 819 4784 1008 4843; x_wconf 90' lang='lat' dir='ltr'><strong>quam</strong></span> <span class='ocrx_word' id='word_1_346' title='bbox 1024 4769 1215 4826; x_wconf 87' lang='lat' dir='ltr'><strong>multa</strong></span> <span class='ocrx_word' id='word_1_347' title='bbox 1234 4769 1353 4826; x_wconf 82' lang='lat' dir='ltr'><strong>alia</strong></span> <span class='ocrx_word' id='word_1_348' title='bbox 1383 4773 1732 4826; x_wconf 84' lang='lat' dir='ltr'><strong>sanctorum</strong></span> <span class='ocrx_word' id='word_1_349' title='bbox 1748 4774 1988 4829; x_wconf 87' lang='lat' dir='ltr'><strong>Patrum</strong></span> 
     </span>
    </p>
   </div>
   <div class='ocr_carea' id='block_1_53' title="bbox 322 4857 1990 4932">
    <p class='ocr_par' dir='ltr' id='par_1_53' title="bbox 322 4857 1990 4932">
     <span class='ocr_line' id='line_1_53' title="bbox 322 4857 1990 4932; baseline 0.001 -17"><span class='ocrx_word' id='word_1_350' title='bbox 322 4858 666 4927; x_wconf 64' lang='lat' dir='ltr'><strong>violaveris,</strong></span> <span class='ocrx_word' id='word_1_351' title='bbox 699 4862 819 4915; x_wconf 88' lang='lat' dir='ltr'><strong>tute</strong></span> <span class='ocrx_word' id='word_1_352' title='bbox 848 4857 1181 4915; x_wconf 89' lang='lat' dir='ltr'><strong>considera.</strong></span> <span class='ocrx_word' id='word_1_353' title='bbox 1242 4863 1358 4915; x_wconf 86' lang='lat' dir='ltr'><strong>Nos</strong></span> <span class='ocrx_word' id='word_1_354' title='bbox 1390 4863 1592 4915; x_wconf 88' lang='lat' dir='ltr'><strong>tamen</strong></span> <span class='ocrx_word' id='word_1_355' title='bbox 1639 4875 1838 4932; x_wconf 83' lang='lat' dir='ltr'><strong>pauca</strong></span> <span class='ocrx_word' id='word_1_356' title='bbox 1882 4859 1990 4917; x_wconf 88' lang='lat' dir='ltr'><strong>tibi</strong></span> 
     </span>
    </p>
   </div>
   <div class='ocr_carea' id='block_1_54' title="bbox 323 4947 1988 5019">
    <p class='ocr_par' dir='ltr' id='par_1_54' title="bbox 323 4947 1988 5019">
     <span class='ocr_line' id='line_1_54' title="bbox 323 4947 1988 5019; baseline 0 -15"><span class='ocrx_word' id='word_1_357' title='bbox 323 4947 402 5005; x_wconf 83' lang='lat' dir='ltr'><strong>de</strong></span> <span class='ocrx_word' id='word_1_358' title='bbox 427 4948 631 5005; x_wconf 81' lang='lat' dir='ltr'><strong>multis</strong></span> <span class='ocrx_word' id='word_1_359' title='bbox 660 4948 1000 5005; x_wconf 87' lang='lat' dir='ltr'><strong>scribimus.</strong></span> <span class='ocrx_word' id='word_1_360' title='bbox 1035 4947 1268 5019; x_wconf 82' lang='lat' dir='ltr'><strong>Legitur</strong></span> <span class='ocrx_word' id='word_1_361' title='bbox 1312 4948 1375 5004; x_wconf 90' lang='lat' dir='ltr'><strong>in</strong></span> <span class='ocrx_word' id='word_1_362' title='bbox 1405 4948 1658 5005; x_wconf 82' lang='lat' dir='ltr'><strong>decretis</strong></span> <span class='ocrx_word' id='word_1_363' title='bbox 1691 4948 1988 5007; x_wconf 71' lang='lat' dir='ltr'><strong>leestini</strong></span> 
     </span>
    </p>
   </div>
   <div class='ocr_carea' id='block_1_55' title="bbox 324 5038 1989 5110">
    <p class='ocr_par' dir='ltr' id='par_1_55' title="bbox 324 5038 1989 5110">
     <span class='ocr_line' id='line_1_55' title="bbox 324 5038 1989 5110; baseline 0.014 -24"><span class='ocrx_word' id='word_1_364' title='bbox 324 5048 537 5110; x_wconf 60' lang='lat' dir='ltr'><strong>papa:</strong></span> <span class='ocrx_word' id='word_1_365' title='bbox 566 5039 792 5094; x_wconf 79' lang='lat' dir='ltr'><strong>Nullus</strong></span> <span class='ocrx_word' id='word_1_366' title='bbox 819 5038 1023 5095; x_wconf 85' lang='lat' dir='ltr'><strong>invitis</strong></span> <span class='ocrx_word' id='word_1_367' title='bbox 1050 5038 1230 5094; x_wconf 81' lang='lat' dir='ltr'><strong>detur</strong></span> <span class='ocrx_word' id='word_1_368' title='bbox 1255 5039 1561 5109; x_wconf 85' lang='lat' dir='ltr'><strong>episcopus</strong></span> <span class='ocrx_word' id='word_1_369' title='bbox 1590 5053 1615 5095; x_wconf 81' lang='lat'><strong>.&#39;</strong></span> <span class='ocrx_word' id='word_1_370' title='bbox 1649 5039 1819 5105; x_wconf 66' lang='lat' dir='ltr'><strong>cieri,</strong></span> <span class='ocrx_word' id='word_1_371' title='bbox 1861 5039 1989 5107; x_wconf 63' lang='grc' dir='ltr'><strong>βλε-</strong></span> 
     </span>
    </p>
   </div>
   <div class='ocr_carea' id='block_1_56' title="bbox 326 5125 1984 5198">
    <p class='ocr_par' dir='ltr' id='par_1_56' title="bbox 326 5125 1984 5198">
     <span class='ocr_line' id='line_1_56' title="bbox 326 5125 1984 5198; baseline 0.002 -18"><span class='ocrx_word' id='word_1_372' title='bbox 326 5125 413 5180; x_wconf 84' lang='lat' dir='ltr'><strong>bis</strong></span> <span class='ocrx_word' id='word_1_373' title='bbox 439 5131 495 5181; x_wconf 88' lang='lat' dir='ltr'><strong>et</strong></span> <span class='ocrx_word' id='word_1_374' title='bbox 524 5128 755 5182; x_wconf 77' lang='lat' dir='ltr'><strong>ordinis</strong></span> <span class='ocrx_word' id='word_1_375' title='bbox 784 5138 1102 5184; x_wconf 81' lang='lat' dir='ltr'><strong>consensus</strong></span> <span class='ocrx_word' id='word_1_376' title='bbox 1130 5132 1186 5183; x_wconf 90' lang='lat' dir='ltr'><strong>et</strong></span> <span class='ocrx_word' id='word_1_377' title='bbox 1227 5128 1588 5184; x_wconf 81' lang='lat' dir='ltr'><strong>desiderium</strong></span> <span class='ocrx_word' id='word_1_378' title='bbox 1613 5129 1984 5198; x_wconf 84' lang='lat' dir='ltr'><strong>requiratur.</strong></span> 
     </span>
    </p>
   </div>
   <div class='ocr_carea' id='block_1_57' title="bbox 326 5213 1992 5286">
    <p class='ocr_par' dir='ltr' id='par_1_57' title="bbox 326 5213 1992 5286">
     <span class='ocr_line' id='line_1_57' title="bbox 326 5213 1992 5286; baseline 0.004 -20"><span class='ocrx_word' id='word_1_379' title='bbox 326 5213 395 5266; x_wconf 72' lang='lat' dir='ltr'><strong>Et</strong></span> <span class='ocrx_word' id='word_1_380' title='bbox 423 5217 561 5284; x_wconf 82' lang='lat' dir='ltr'><strong>post</strong></span> <span class='ocrx_word' id='word_1_381' title='bbox 587 5228 789 5285; x_wconf 88' lang='lat' dir='ltr'><strong>pauca</strong></span> <span class='ocrx_word' id='word_1_382' title='bbox 818 5232 831 5269; x_wconf 90' lang='lat'><strong>:</strong></span> <span class='ocrx_word' id='word_1_383' title='bbox 872 5216 963 5271; x_wconf 85' lang='lat' dir='ltr'><strong>Sit</strong></span> <span class='ocrx_word' id='word_1_384' title='bbox 987 5216 1256 5286; x_wconf 80' lang='lat' dir='ltr'><strong>facultas</strong></span> <span class='ocrx_word' id='word_1_385' title='bbox 1283 5216 1514 5273; x_wconf 77' lang='lat' dir='ltr'><strong>clericis</strong></span> <span class='ocrx_word' id='word_1_386' title='bbox 1564 5216 1882 5283; x_wconf 87' lang='lat' dir='ltr'><strong>renitendi,</strong></span> <span class='ocrx_word' id='word_1_387' title='bbox 1936 5217 1992 5273; x_wconf 90' lang='lat' dir='ltr'><strong>si</strong></span> 
     </span>
    </p>
   </div>
   <div class='ocr_carea' id='block_1_58' title="bbox 324 5302 1988 5379">
    <p class='ocr_par' dir='ltr' id='par_1_58' title="bbox 324 5302 1988 5379">
     <span class='ocr_line' id='line_1_58' title="bbox 324 5302 1988 5379; baseline 0.004 -21"><span class='ocrx_word' id='word_1_388' title='bbox 324 5317 386 5358; x_wconf 86' lang='lat' dir='ltr'><strong>se</strong></span> <span class='ocrx_word' id='word_1_389' title='bbox 436 5302 699 5358; x_wconf 86' lang='lat' dir='ltr'><strong>viderint</strong></span> <span class='ocrx_word' id='word_1_390' title='bbox 741 5308 1147 5376; x_wconf 74' lang='lat' dir='ltr'><strong>praegravari,</strong></span> <span class='ocrx_word' id='word_1_391' title='bbox 1202 5312 1258 5362; x_wconf 88' lang='lat' dir='ltr'><strong>et</strong></span> <span class='ocrx_word' id='word_1_392' title='bbox 1307 5322 1452 5379; x_wconf 90' lang='lat' dir='ltr'><strong>quos</strong></span> <span class='ocrx_word' id='word_1_393' title='bbox 1507 5306 1622 5362; x_wconf 84' lang='lat' dir='ltr'><strong>sibi</strong></span> <span class='ocrx_word' id='word_1_394' title='bbox 1662 5308 1862 5377; x_wconf 82' lang='lat' dir='ltr'><strong>ingeri</strong></span> <span class='ocrx_word' id='word_1_395' title='bbox 1912 5322 1988 5365; x_wconf 72' lang='lat' dir='ltr'><strong>ea‘</strong></span> 
     </span>
    </p>
   </div>
   <div class='ocr_carea' id='block_1_59' title="bbox 326 5397 1982 5469">
    <p class='ocr_par' dir='ltr' id='par_1_59' title="bbox 326 5397 1982 5469">
     <span class='ocr_line' id='line_1_59' title="bbox 326 5397 1982 5469; baseline 0.004 -22"><span class='ocrx_word' id='word_1_396' title='bbox 326 5397 665 5449; x_wconf 88' lang='lat' dir='ltr'><strong>transverso</strong></span> <span class='ocrx_word' id='word_1_397' title='bbox 704 5397 1000 5462; x_wconf 87' lang='lat' dir='ltr'><strong>noverint,</strong></span> <span class='ocrx_word' id='word_1_398' title='bbox 1056 5413 1175 5452; x_wconf 89' lang='lat' dir='ltr'><strong>non</strong></span> <span class='ocrx_word' id='word_1_399' title='bbox 1229 5398 1477 5454; x_wconf 85' lang='lat' dir='ltr'><strong>timeant</strong></span> <span class='ocrx_word' id='word_1_400' title='bbox 1512 5398 1831 5467; x_wconf 80' lang='lat' dir='ltr'><strong>refutare:</strong></span> <span class='ocrx_word' id='word_1_401' title='bbox 1860 5399 1982 5469; x_wconf 87' lang='lat' dir='ltr'><strong>qui,</strong></span> 
     </span>
    </p>
   </div>
   <div class='ocr_carea' id='block_1_60' title="bbox 322 5482 1989 5558">
    <p class='ocr_par' dir='ltr' id='par_1_60' title="bbox 322 5482 1989 5558">
     <span class='ocr_line' id='line_1_60' title="bbox 322 5482 1989 5558; baseline 0.003 -21"><span class='ocrx_word' id='word_1_402' title='bbox 322 5482 379 5537; x_wconf 82' lang='lat' dir='ltr'><strong>si</strong></span> <span class='ocrx_word' id='word_1_403' title='bbox 421 5497 542 5537; x_wconf 87' lang='lat' dir='ltr'><strong>non</strong></span> <span class='ocrx_word' id='word_1_404' title='bbox 584 5483 843 5539; x_wconf 88' lang='lat' dir='ltr'><strong>debitum</strong></span> <span class='ocrx_word' id='word_1_405' title='bbox 886 5486 1176 5554; x_wconf 86' lang='lat' dir='ltr'><strong>primum,</strong></span> <span class='ocrx_word' id='word_1_406' title='bbox 1227 5487 1324 5541; x_wconf 88' lang='lat' dir='ltr'><strong>vel</strong></span> <span class='ocrx_word' id='word_1_407' title='bbox 1367 5487 1640 5554; x_wconf 89' lang='lat' dir='ltr'><strong>liberum,</strong></span> <span class='ocrx_word' id='word_1_408' title='bbox 1689 5487 1760 5542; x_wconf 90' lang='lat' dir='ltr'><strong>de</strong></span> <span class='ocrx_word' id='word_1_409' title='bbox 1788 5501 1853 5542; x_wconf 91' lang='lat' dir='ltr'><strong>eo</strong></span> <span class='ocrx_word' id='word_1_410' title='bbox 1882 5488 1989 5558; x_wconf 85' lang='lat' dir='ltr'><strong>qui</strong></span> 
     </span>
    </p>
   </div>
   <div class='ocr_carea' id='block_1_61' title="bbox 323 5575 1985 5644">
    <p class='ocr_par' dir='ltr' id='par_1_61' title="bbox 323 5575 1985 5644">
     <span class='ocr_line' id='line_1_61' title="bbox 323 5575 1985 5644; baseline 0.002 -15"><span class='ocrx_word' id='word_1_411' title='bbox 323 5586 417 5629; x_wconf 86' lang='lat' dir='ltr'><strong>eos</strong></span> <span class='ocrx_word' id='word_1_412' title='bbox 446 5578 719 5630; x_wconf 88' lang='lat' dir='ltr'><strong>recturus</strong></span> <span class='ocrx_word' id='word_1_413' title='bbox 745 5580 849 5643; x_wconf 87' lang='lat' dir='ltr'><strong>est,</strong></span> <span class='ocrx_word' id='word_1_414' title='bbox 882 5575 1094 5632; x_wconf 83' lang='lat' dir='ltr'><strong>debent</strong></span> <span class='ocrx_word' id='word_1_415' title='bbox 1128 5576 1346 5631; x_wconf 86' lang='lat' dir='ltr'><strong>habere</strong></span> <span class='ocrx_word' id='word_1_416' title='bbox 1365 5576 1688 5644; x_wconf 76' lang='lat' dir='ltr'><strong>judicium.</strong></span> <span class='ocrx_word' id='word_1_417' title='bbox 1738 5579 1882 5631; x_wconf 90' lang='lat' dir='ltr'><strong>Item</strong></span> <span class='ocrx_word' id='word_1_418' title='bbox 1911 5592 1985 5632; x_wconf 82' lang='lat' dir='ltr'><strong>ex</strong></span> 
     </span>
    </p>
   </div>
   <div class='ocr_carea' id='block_1_62' title="bbox 323 5661 1984 5735">
    <p class='ocr_par' dir='ltr' id='par_1_62' title="bbox 323 5661 1984 5735">
     <span class='ocr_line' id='line_1_62' title="bbox 323 5661 1984 5735; baseline 0.002 -17"><span class='ocrx_word' id='word_1_419' title='bbox 323 5661 573 5725; x_wconf 82' lang='lat' dir='ltr'><strong>concilio</strong></span> <span class='ocrx_word' id='word_1_420' title='bbox 602 5663 1056 5735; x_wconf 85' lang='lat' dir='ltr'><strong>(‘arthaginensi</strong></span> <span class='ocrx_word' id='word_1_421' title='bbox 1080 5663 1249 5720; x_wconf 88' lang='lat' dir='ltr'><strong>tertio</strong></span> <span class='ocrx_word' id='word_1_422' title='bbox 1281 5681 1294 5719; x_wconf 90' lang='lat'>:</span> <span class='ocrx_word' id='word_1_423' title='bbox 1326 5665 1400 5721; x_wconf 87' lang='lat' dir='ltr'><strong>Et</strong></span> <span class='ocrx_word' id='word_1_424' title='bbox 1432 5666 1594 5720; x_wconf 85' lang='lat' dir='ltr'><strong>illud</strong></span> <span class='ocrx_word' id='word_1_425' title='bbox 1621 5671 1705 5721; x_wconf 86' lang='lat' dir='ltr'><strong>est</strong></span> <span class='ocrx_word' id='word_1_426' title='bbox 1717 5669 1984 5723; x_wconf 84' lang='lat' dir='ltr'><strong>statuen-</strong></span> 
     </span>
    </p>
   </div>
   <div class='ocr_carea' id='block_1_63' title="bbox 3653 185 3772 240">
    <p class='ocr_par' dir='ltr' id='par_1_63' title="bbox 3653 185 3772 240">
     <span class='ocr_line' id='line_1_63' title="bbox 3653 185 3772 240; baseline -0.017 0"><span class='ocrx_word' id='word_1_427' title='bbox 3653 185 3772 240; x_wconf 68' lang='lat'><strong>276</strong></span> 
     </span>
    </p>
   </div>
   <div class='ocr_carea' id='block_1_64' title="bbox 2016 308 3774 383">
    <p class='ocr_par' dir='ltr' id='par_1_64' title="bbox 2016 308 3774 383">
     <span class='ocr_line' id='line_1_64' title="bbox 2016 308 3774 383; baseline -0.002 -11"><span class='ocrx_word' id='word_1_428' title='bbox 2016 319 2062 372; x_wconf 84' lang='lat' dir='ltr'><strong>A</strong></span> <span class='ocrx_word' id='word_1_429' title='bbox 2092 315 2237 370; x_wconf 88' lang='lat' dir='ltr'><strong>dum</strong></span> <span class='ocrx_word' id='word_1_430' title='bbox 2262 318 2349 379; x_wconf 84' lang='lat' dir='ltr'><strong>ut,</strong></span> <span class='ocrx_word' id='word_1_431' title='bbox 2367 312 2609 383; x_wconf 84' lang='lat' dir='ltr'><strong>quando</strong></span> <span class='ocrx_word' id='word_1_432' title='bbox 2641 310 2722 366; x_wconf 88' lang='lat' dir='ltr'><strong>ad</strong></span> <span class='ocrx_word' id='word_1_433' title='bbox 2741 308 3082 380; x_wconf 85' lang='lat' dir='ltr'><strong>eligendum</strong></span> <span class='ocrx_word' id='word_1_434' title='bbox 3110 309 3449 379; x_wconf 81' lang='lat' dir='ltr'><strong>episcopum</strong></span> <span class='ocrx_word' id='word_1_435' title='bbox 3482 325 3774 369; x_wconf 85' lang='lat' dir='ltr'><strong>convene-</strong></span> 
     </span>
    </p>
   </div>
   <div class='ocr_carea' id='block_1_65' title="bbox 2093 398 3773 473">
    <p class='ocr_par' dir='ltr' id='par_1_65' title="bbox 2093 398 3773 473">
     <span class='ocr_line' id='line_1_65' title="bbox 2093 398 3773 473; baseline -0.003 -12"><span class='ocrx_word' id='word_1_436' title='bbox 2093 405 2302 469; x_wconf 83' lang='lat' dir='ltr'><strong>rimus,</strong></span> <span class='ocrx_word' id='word_1_437' title='bbox 2333 403 2387 457; x_wconf 88' lang='lat' dir='ltr'><strong>si</strong></span> <span class='ocrx_word' id='word_1_438' title='bbox 2412 416 2531 473; x_wconf 87' lang='lat' dir='ltr'><strong>qua</strong></span> <span class='ocrx_word' id='word_1_439' title='bbox 2559 399 2957 457; x_wconf 85' lang='lat' dir='ltr'><strong>contradictio</strong></span> <span class='ocrx_word' id='word_1_440' title='bbox 2980 399 3169 468; x_wconf 84' lang='lat' dir='ltr'><strong>fuerit</strong></span> <span class='ocrx_word' id='word_1_441' title='bbox 3198 398 3582 472; x_wconf 86' lang='lat' dir='ltr'><strong>oborta,quia</strong></span> <span class='ocrx_word' id='word_1_442' title='bbox 3611 401 3773 457; x_wconf 88' lang='lat' dir='ltr'><strong>talia</strong></span> 
     </span>
    </p>
   </div>
   <div class='ocr_carea' id='block_1_66' title="bbox 2090 488 3775 563">
    <p class='ocr_par' dir='ltr' id='par_1_66' title="bbox 2090 488 3775 563">
     <span class='ocr_line' id='line_1_66' title="bbox 2090 488 3775 563; baseline -0.001 -15"><span class='ocrx_word' id='word_1_443' title='bbox 2090 494 2262 563; x_wconf 85' lang='lat' dir='ltr'><strong>facta</strong></span> <span class='ocrx_word' id='word_1_444' title='bbox 2290 496 2431 545; x_wconf 89' lang='lat' dir='ltr'><strong>sunt</strong></span> <span class='ocrx_word' id='word_1_445' title='bbox 2456 488 2619 559; x_wconf 65' lang='lat' dir='ltr'><strong>apud</strong></span> <span class='ocrx_word' id='word_1_446' title='bbox 2642 504 2768 553; x_wconf 87' lang='lat' dir='ltr'><strong>nos,</strong></span> <span class='ocrx_word' id='word_1_447' title='bbox 2803 503 2922 542; x_wconf 87' lang='lat' dir='ltr'><strong>non</strong></span> <span class='ocrx_word' id='word_1_448' title='bbox 2945 494 3339 557; x_wconf 63' lang='lat' dir='ltr'><strong>praesumant,</strong></span> <span class='ocrx_word' id='word_1_449' title='bbox 3382 489 3463 544; x_wconf 88' lang='lat' dir='ltr'><strong>ad</strong></span> <span class='ocrx_word' id='word_1_450' title='bbox 3483 504 3775 561; x_wconf 80' lang='lat' dir='ltr'><strong>purgan-</strong></span> 
     </span>
    </p>
   </div>
   <div class='ocr_carea' id='block_1_67' title="bbox 2093 576 3778 650">
    <p class='ocr_par' dir='ltr' id='par_1_67' title="bbox 2093 576 3778 650">
     <span class='ocr_line' id='line_1_67' title="bbox 2093 576 3778 650; baseline -0.002 -13"><span class='ocrx_word' id='word_1_451' title='bbox 2093 583 2235 637; x_wconf 87' lang='lat' dir='ltr'><strong>dum</strong></span> <span class='ocrx_word' id='word_1_452' title='bbox 2266 595 2398 636; x_wconf 85' lang='lat' dir='ltr'><strong>eum</strong></span> <span class='ocrx_word' id='word_1_453' title='bbox 2425 579 2531 650; x_wconf 85' lang='lat' dir='ltr'><strong>qui</strong></span> <span class='ocrx_word' id='word_1_454' title='bbox 2558 576 2933 634; x_wconf 85' lang='lat' dir='ltr'><strong>ordinandus</strong></span> <span class='ocrx_word' id='word_1_455' title='bbox 2963 581 3067 643; x_wconf 87' lang='lat' dir='ltr'><strong>est,</strong></span> <span class='ocrx_word' id='word_1_456' title='bbox 3103 580 3220 632; x_wconf 86' lang='lat' dir='ltr'><strong>tres</strong></span> <span class='ocrx_word' id='word_1_457' title='bbox 3241 579 3396 647; x_wconf 86' lang='lat' dir='ltr'><strong>jam,</strong></span> <span class='ocrx_word' id='word_1_458' title='bbox 3442 579 3548 634; x_wconf 89' lang='lat' dir='ltr'><strong>sed</strong></span> <span class='ocrx_word' id='word_1_459' title='bbox 3560 585 3778 648; x_wconf 86' lang='lat' dir='ltr'><strong>postu-</strong></span> 
     </span>
    </p>
   </div>
   <div class='ocr_carea' id='block_1_68' title="bbox 2096 666 3779 737">
    <p class='ocr_par' dir='ltr' id='par_1_68' title="bbox 2096 666 3779 737">
     <span class='ocr_line' id='line_1_68' title="bbox 2096 666 3779 737; baseline -0.002 -10"><span class='ocrx_word' id='word_1_460' title='bbox 2096 673 2297 728; x_wconf 84' lang='lat' dir='ltr'><strong>lentur</strong></span> <span class='ocrx_word' id='word_1_461' title='bbox 2322 669 2401 725; x_wconf 89' lang='lat' dir='ltr'><strong>ad</strong></span> <span class='ocrx_word' id='word_1_462' title='bbox 2428 683 2743 724; x_wconf 86' lang='lat' dir='ltr'><strong>numerum</strong></span> <span class='ocrx_word' id='word_1_463' title='bbox 2763 666 3133 735; x_wconf 80' lang='lat' dir='ltr'><strong>supradictm</strong></span> <span class='ocrx_word' id='word_1_464' title='bbox 3148 682 3247 720; x_wconf 88' lang='lat' dir='ltr'><strong>um</strong></span> <span class='ocrx_word' id='word_1_465' title='bbox 3267 667 3385 723; x_wconf 89' lang='lat' dir='ltr'><strong>duo</strong></span> <span class='ocrx_word' id='word_1_466' title='bbox 3407 669 3501 723; x_wconf 87' lang='lat' dir='ltr'><strong>vel</strong></span> <span class='ocrx_word' id='word_1_467' title='bbox 3531 673 3655 724; x_wconf 88' lang='lat' dir='ltr'><strong>tres</strong></span> <span class='ocrx_word' id='word_1_468' title='bbox 3672 683 3697 737; x_wconf 81' lang='lat'><strong>,&#39;</strong></span> <span class='ocrx_word' id='word_1_469' title='bbox 3714 674 3779 724; x_wconf 87' lang='lat' dir='ltr'><strong>et</strong></span> 
     </span>
    </p>
   </div>
   <div class='ocr_carea' id='block_1_69' title="bbox 2094 754 3779 827">
    <p class='ocr_par' dir='ltr' id='par_1_69' title="bbox 2094 754 3779 827">
     <span class='ocr_line' id='line_1_69' title="bbox 2094 754 3779 827; baseline -0.003 -12"><span class='ocrx_word' id='word_1_470' title='bbox 2094 762 2157 815; x_wconf 85' lang='lat' dir='ltr'><strong>in</strong></span> <span class='ocrx_word' id='word_1_471' title='bbox 2180 759 2381 815; x_wconf 84' lang='lat' dir='ltr'><strong>eadem</strong></span> <span class='ocrx_word' id='word_1_472' title='bbox 2406 757 2599 827; x_wconf 85' lang='lat' dir='ltr'><strong>plebe,</strong></span> <span class='ocrx_word' id='word_1_473' title='bbox 2655 757 2755 811; x_wconf 89' lang='lat' dir='ltr'><strong>cui</strong></span> <span class='ocrx_word' id='word_1_474' title='bbox 2782 754 3154 810; x_wconf 73' lang='lat' dir='ltr'><strong>ordinandus</strong></span> <span class='ocrx_word' id='word_1_475' title='bbox 3190 760 3295 823; x_wconf 88' lang='lat' dir='ltr'><strong>est,</strong></span> <span class='ocrx_word' id='word_1_476' title='bbox 3353 756 3779 813; x_wconf 77' lang='lat' dir='ltr'><strong>discutiantur</strong></span> 
     </span>
    </p>
   </div>
   <div class='ocr_carea' id='block_1_70' title="bbox 2088 844 3780 919">
    <p class='ocr_par' dir='ltr' id='par_1_70' title="bbox 2088 844 3780 919">
     <span class='ocr_line' id='line_1_70' title="bbox 2088 844 3780 919; baseline -0.002 -15"><span class='ocrx_word' id='word_1_477' title='bbox 2088 851 2287 919; x_wconf 85' lang='lat' dir='ltr'><strong>primo</strong></span> <span class='ocrx_word' id='word_1_478' title='bbox 2329 860 2601 917; x_wconf 73' lang='lat' dir='ltr'><strong>persona:</strong></span> <span class='ocrx_word' id='word_1_479' title='bbox 2644 844 3201 901; x_wconf 83' lang='lat' dir='ltr'><strong>contradicentium.</strong></span> <span class='ocrx_word' id='word_1_480' title='bbox 3280 845 3592 902; x_wconf 88' lang='lat' dir='ltr'><strong>Postremo</strong></span> <span class='ocrx_word' id='word_1_481' title='bbox 3656 846 3780 901; x_wconf 86' lang='lat' dir='ltr'><strong>illa</strong></span> 
     </span>
    </p>
   </div>
   <div class='ocr_carea' id='block_1_71' title="bbox 2094 935 3780 1009">
    <p class='ocr_par' dir='ltr' id='par_1_71' title="bbox 2094 935 3780 1009">
     <span class='ocr_line' id='line_1_71' title="bbox 2094 935 3780 1009; baseline -0.003 -14"><span class='ocrx_word' id='word_1_482' title='bbox 2094 939 2270 995; x_wconf 86' lang='lat' dir='ltr'><strong>etiam</strong></span> <span class='ocrx_word' id='word_1_483' title='bbox 2295 951 2427 1009; x_wconf 64' lang='lat' dir='ltr'><strong>qua?</strong></span> <span class='ocrx_word' id='word_1_484' title='bbox 2456 935 2829 1005; x_wconf 83' lang='lat' dir='ltr'><strong>objiciuntur</strong></span> <span class='ocrx_word' id='word_1_485' title='bbox 2843 938 3321 1003; x_wconf 86' lang='lat' dir='ltr'><strong>pertractantur,</strong></span> <span class='ocrx_word' id='word_1_486' title='bbox 3348 940 3424 1004; x_wconf 89' lang='lat' dir='ltr'><strong>et,</strong></span> <span class='ocrx_word' id='word_1_487' title='bbox 3462 950 3599 990; x_wconf 88' lang='lat' dir='ltr'><strong>cum</strong></span> <span class='ocrx_word' id='word_1_488' title='bbox 3618 951 3780 1004; x_wconf 80' lang='lat' dir='ltr'><strong>pur-</strong></span> 
     </span>
    </p>
   </div>
   <div class='ocr_carea' id='block_1_72' title="bbox 2094 1022 3780 1099">
    <p class='ocr_par' dir='ltr' id='par_1_72' title="bbox 2094 1022 3780 1099">
     <span class='ocr_line' id='line_1_72' title="bbox 2094 1022 3780 1099; baseline -0.003 -16"><span class='ocrx_word' id='word_1_489' title='bbox 2094 1034 2271 1099; x_wconf 87' lang='lat' dir='ltr'><strong>gatus</strong></span> <span class='ocrx_word' id='word_1_490' title='bbox 2285 1026 2498 1096; x_wconf 84' lang='lat' dir='ltr'><strong>fuerit,</strong></span> <span class='ocrx_word' id='word_1_491' title='bbox 2522 1023 2630 1079; x_wconf 87' lang='lat' dir='ltr'><strong>sub</strong></span> <span class='ocrx_word' id='word_1_492' title='bbox 2657 1029 2973 1091; x_wconf 85' lang='lat' dir='ltr'><strong>conspectu</strong></span> <span class='ocrx_word' id='word_1_493' title='bbox 2995 1022 3242 1091; x_wconf 87' lang='lat' dir='ltr'><strong>publico</strong></span> <span class='ocrx_word' id='word_1_494' title='bbox 3287 1023 3375 1078; x_wconf 88' lang='lat' dir='ltr'><strong>ita</strong></span> <span class='ocrx_word' id='word_1_495' title='bbox 3404 1023 3650 1080; x_wconf 85' lang='lat' dir='ltr'><strong>demum</strong></span> <span class='ocrx_word' id='word_1_496' title='bbox 3679 1039 3780 1079; x_wconf 83' lang='lat' dir='ltr'><strong>or-</strong></span> 
     </span>
    </p>
   </div>
   <div class='ocr_carea' id='block_1_73' title="bbox 2096 1110 3782 1183">
    <p class='ocr_par' dir='ltr' id='par_1_73' title="bbox 2096 1110 3782 1183">
     <span class='ocr_line' id='line_1_73' title="bbox 2096 1110 3782 1183; baseline -0.001 -15"><span class='ocrx_word' id='word_1_497' title='bbox 2096 1114 2358 1169; x_wconf 86' lang='lat' dir='ltr'><strong>dinetur.</strong></span> <span class='ocrx_word' id='word_1_498' title='bbox 2393 1115 2540 1167; x_wconf 86' lang='lat' dir='ltr'><strong>Ecce</strong></span> <span class='ocrx_word' id='word_1_499' title='bbox 2564 1112 2875 1183; x_wconf 89' lang='lat' dir='ltr'><strong>quomodo</strong></span> <span class='ocrx_word' id='word_1_500' title='bbox 2901 1114 3142 1167; x_wconf 84' lang='lat' dir='ltr'><strong>Patrum</strong></span> <span class='ocrx_word' id='word_1_501' title='bbox 3188 1111 3493 1168; x_wconf 65' lang='lat' dir='ltr'><strong>sententiis</strong></span> <span class='ocrx_word' id='word_1_502' title='bbox 3542 1110 3782 1167; x_wconf 83' lang='lat' dir='ltr'><strong>violan-</strong></span> 
     </span>
    </p>
   </div>
   <div class='ocr_carea' id='block_1_74' title="bbox 2099 1199 3779 1274">
    <p class='ocr_par' dir='ltr' id='par_1_74' title="bbox 2099 1199 3779 1274">
     <span class='ocr_line' id='line_1_74' title="bbox 2099 1199 3779 1274; baseline -0.001 -17"><span class='ocrx_word' id='word_1_503' title='bbox 2099 1207 2211 1258; x_wconf 90' lang='lat' dir='ltr'><strong>tur.</strong></span> <span class='ocrx_word' id='word_1_504' title='bbox 2238 1200 2416 1256; x_wconf 83' lang='lat' dir='ltr'><strong>Nobis</strong></span> <span class='ocrx_word' id='word_1_505' title='bbox 2438 1200 2598 1256; x_wconf 88' lang='lat' dir='ltr'><strong>enim</strong></span> <span class='ocrx_word' id='word_1_506' title='bbox 2625 1200 2821 1256; x_wconf 86' lang='lat' dir='ltr'><strong>invitis</strong></span> <span class='ocrx_word' id='word_1_507' title='bbox 2843 1199 3163 1256; x_wconf 88' lang='lat' dir='ltr'><strong>obtrudere</strong></span> <span class='ocrx_word' id='word_1_508' title='bbox 3183 1199 3361 1256; x_wconf 89' lang='lat' dir='ltr'><strong>vultis</strong></span> <span class='ocrx_word' id='word_1_509' title='bbox 3385 1201 3779 1274; x_wconf 87' lang='lat' dir='ltr'><strong>episcopum,</strong></span> 
     </span>
    </p>
   </div>
   <div class='ocr_carea' id='block_1_75' title="bbox 2096 1289 3782 1362">
    <p class='ocr_par' dir='ltr' id='par_1_75' title="bbox 2096 1289 3782 1362">
     <span class='ocr_line' id='line_1_75' title="bbox 2096 1289 3782 1362; baseline -0.001 -14"><span class='ocrx_word' id='word_1_510' title='bbox 2096 1308 2207 1348; x_wconf 87' lang='lat' dir='ltr'><strong>nec</strong></span> <span class='ocrx_word' id='word_1_511' title='bbox 2231 1290 2579 1347; x_wconf 87' lang='lat' dir='ltr'><strong>conceditur</strong></span> <span class='ocrx_word' id='word_1_512' title='bbox 2603 1290 2777 1345; x_wconf 91' lang='lat' dir='ltr'><strong>nobis</strong></span> <span class='ocrx_word' id='word_1_513' title='bbox 2806 1290 3082 1358; x_wconf 87' lang='lat' dir='ltr'><strong>liberum,</strong></span> <span class='ocrx_word' id='word_1_514' title='bbox 3114 1289 3189 1346; x_wconf 92' lang='lat' dir='ltr'><strong>de</strong></span> <span class='ocrx_word' id='word_1_515' title='bbox 3216 1305 3287 1346; x_wconf 94' lang='lat' dir='ltr'><strong>eo</strong></span> <span class='ocrx_word' id='word_1_516' title='bbox 3313 1290 3420 1362; x_wconf 88' lang='lat' dir='ltr'><strong>qui</strong></span> <span class='ocrx_word' id='word_1_517' title='bbox 3446 1306 3561 1346; x_wconf 90' lang='lat' dir='ltr'><strong>nos</strong></span> <span class='ocrx_word' id='word_1_518' title='bbox 3579 1295 3782 1347; x_wconf 90' lang='lat' dir='ltr'><strong>rectu-</strong></span> 
     </span>
    </p>
   </div>
   <div class='ocr_carea' id='block_1_76' title="bbox 2097 1376 3781 1452">
    <p class='ocr_par' dir='ltr' id='par_1_76' title="bbox 2097 1376 3781 1452">
     <span class='ocr_line' id='line_1_76' title="bbox 2097 1376 3781 1452; baseline 0 -16"><span class='ocrx_word' id='word_1_519' title='bbox 2097 1376 2199 1437; x_wconf 79' lang='lat' dir='ltr'><strong>rus</strong></span> <span class='ocrx_word' id='word_1_520' title='bbox 2228 1380 2319 1451; x_wconf 88' lang='lat' dir='ltr'><strong>sit,</strong></span> <span class='ocrx_word' id='word_1_521' title='bbox 2347 1379 2572 1435; x_wconf 89' lang='lat' dir='ltr'><strong>habere</strong></span> <span class='ocrx_word' id='word_1_522' title='bbox 2597 1379 2923 1450; x_wconf 88' lang='lat' dir='ltr'><strong>judicium;</strong></span> <span class='ocrx_word' id='word_1_523' title='bbox 2980 1384 3053 1446; x_wconf 90' lang='lat' dir='ltr'><strong>et,</strong></span> <span class='ocrx_word' id='word_1_524' title='bbox 3096 1396 3237 1435; x_wconf 89' lang='lat' dir='ltr'><strong>cum</strong></span> <span class='ocrx_word' id='word_1_525' title='bbox 3281 1378 3419 1435; x_wconf 90' lang='lat' dir='ltr'><strong>huic</strong></span> <span class='ocrx_word' id='word_1_526' title='bbox 3469 1379 3577 1452; x_wconf 87' lang='lat' dir='ltr'><strong>qui</strong></span> <span class='ocrx_word' id='word_1_527' title='bbox 3606 1379 3781 1436; x_wconf 88' lang='lat' dir='ltr'><strong>ordi-</strong></span> 
     </span>
    </p>
   </div>
   <div class='ocr_carea' id='block_1_77' title="bbox 2096 1468 3780 1541">
    <p class='ocr_par' dir='ltr' id='par_1_77' title="bbox 2096 1468 3780 1541">
     <span class='ocr_line' id='line_1_77' title="bbox 2096 1468 3780 1541; baseline -0.001 -15"><span class='ocrx_word' id='word_1_528' title='bbox 2096 1470 2339 1526; x_wconf 89' lang='lat' dir='ltr'><strong>nandus</strong></span> <span class='ocrx_word' id='word_1_529' title='bbox 2370 1473 2498 1526; x_wconf 90' lang='lat' dir='ltr'><strong>erat</strong></span> <span class='ocrx_word' id='word_1_530' title='bbox 2525 1468 3045 1535; x_wconf 88' lang='lat' dir='ltr'><strong>contradiceretur,</strong></span> <span class='ocrx_word' id='word_1_531' title='bbox 3062 1468 3307 1524; x_wconf 91' lang='lat' dir='ltr'><strong>minime</strong></span> <span class='ocrx_word' id='word_1_532' title='bbox 3340 1472 3602 1541; x_wconf 89' lang='lat' dir='ltr'><strong>purgata</strong></span> <span class='ocrx_word' id='word_1_533' title='bbox 3629 1472 3780 1525; x_wconf 87' lang='lat' dir='ltr'><strong>sunt</strong></span> 
     </span>
    </p>
   </div>
   <div class='ocr_carea' id='block_1_78' title="bbox 2097 1557 3782 1633">
    <p class='ocr_par' dir='ltr' id='par_1_78' title="bbox 2097 1557 3782 1633">
     <span class='ocr_line' id='line_1_78' title="bbox 2097 1557 3782 1633; baseline -0.001 -19"><span class='ocrx_word' id='word_1_534' title='bbox 2097 1576 2234 1633; x_wconf 79' lang='lat' dir='ltr'><strong>quae</strong></span> <span class='ocrx_word' id='word_1_535' title='bbox 2260 1558 2717 1629; x_wconf 89' lang='lat' dir='ltr'><strong>objiciebantur,</strong></span> <span class='ocrx_word' id='word_1_536' title='bbox 2750 1574 2858 1613; x_wconf 88' lang='lat' dir='ltr'><strong>nec</strong></span> <span class='ocrx_word' id='word_1_537' title='bbox 2882 1573 3154 1629; x_wconf 78' lang='lat' dir='ltr'><strong>personae</strong></span> <span class='ocrx_word' id='word_1_538' title='bbox 3184 1557 3280 1613; x_wconf 86' lang='lat' dir='ltr'><strong>vel</strong></span> <span class='ocrx_word' id='word_1_539' title='bbox 3315 1558 3576 1614; x_wconf 88' lang='lat' dir='ltr'><strong>rationes</strong></span> <span class='ocrx_word' id='word_1_540' title='bbox 3635 1574 3782 1614; x_wconf 88' lang='lat' dir='ltr'><strong>con-</strong></span> 
     </span>
    </p>
   </div>
   <div class='ocr_carea' id='block_1_79' title="bbox 2025 1648 3777 1724">
    <p class='ocr_par' dir='ltr' id='par_1_79' title="bbox 2025 1648 3777 1724">
     <span class='ocr_line' id='line_1_79' title="bbox 2025 1648 3777 1724; baseline -0.001 -19"><span class='ocrx_word' id='word_1_541' title='bbox 2025 1671 2067 1724; x_wconf 77' lang='grc' dir='ltr'>Β</span> <span class='ocrx_word' id='word_1_542' title='bbox 2100 1648 2516 1705; x_wconf 85' lang='lat' dir='ltr'><strong>tradieentium</strong></span> <span class='ocrx_word' id='word_1_543' title='bbox 2542 1648 2847 1705; x_wconf 71' lang='lat' dir='ltr'><strong>discussae.</strong></span> <span class='ocrx_word' id='word_1_544' title='bbox 2884 1649 3026 1713; x_wconf 64' lang='lat' dir='ltr'><strong>Quae</strong></span> <span class='ocrx_word' id='word_1_545' title='bbox 3056 1664 3196 1703; x_wconf 91' lang='lat' dir='ltr'><strong>eum</strong></span> <span class='ocrx_word' id='word_1_546' title='bbox 3227 1648 3306 1704; x_wconf 88' lang='lat' dir='ltr'><strong>ita</strong></span> <span class='ocrx_word' id='word_1_547' title='bbox 3333 1648 3468 1714; x_wconf 90' lang='lat' dir='ltr'><strong>sint,</strong></span> <span class='ocrx_word' id='word_1_548' title='bbox 3502 1664 3777 1721; x_wconf 86' lang='lat' dir='ltr'><strong>cumque</strong></span> 
     </span>
    </p>
   </div>
   <div class='ocr_carea' id='block_1_80' title="bbox 2098 1737 3779 1807">
    <p class='ocr_par' dir='ltr' id='par_1_80' title="bbox 2098 1737 3779 1807">
     <span class='ocr_line' id='line_1_80' title="bbox 2098 1737 3779 1807; baseline 0.001 -14"><span class='ocrx_word' id='word_1_549' title='bbox 2098 1739 2295 1807; x_wconf 81' lang='lat' dir='ltr'><strong>legem</strong></span> <span class='ocrx_word' id='word_1_550' title='bbox 2317 1738 2673 1795; x_wconf 88' lang='lat' dir='ltr'><strong>canonicam</strong></span> <span class='ocrx_word' id='word_1_551' title='bbox 2698 1737 2759 1793; x_wconf 89' lang='lat' dir='ltr'><strong>in</strong></span> <span class='ocrx_word' id='word_1_552' title='bbox 2786 1737 2904 1792; x_wconf 87' lang='lat' dir='ltr'><strong>hoc</strong></span> <span class='ocrx_word' id='word_1_553' title='bbox 2932 1737 3170 1806; x_wconf 87' lang='lat' dir='ltr'><strong>negotio</strong></span> <span class='ocrx_word' id='word_1_554' title='bbox 3197 1737 3552 1793; x_wconf 89' lang='lat' dir='ltr'><strong>multimode</strong></span> <span class='ocrx_word' id='word_1_555' title='bbox 3581 1738 3779 1794; x_wconf 83' lang='lat' dir='ltr'><strong>solve-</strong></span> 
     </span>
    </p>
   </div>
   <div class='ocr_carea' id='block_1_81' title="bbox 2100 1825 3779 1900">
    <p class='ocr_par' dir='ltr' id='par_1_81' title="bbox 2100 1825 3779 1900">
     <span class='ocr_line' id='line_1_81' title="bbox 2100 1825 3779 1900; baseline 0.001 -18"><span class='ocrx_word' id='word_1_556' title='bbox 2100 1828 2201 1897; x_wconf 91' lang='lat' dir='ltr'><strong>ris,</strong></span> <span class='ocrx_word' id='word_1_557' title='bbox 2232 1843 2551 1882; x_wconf 89' lang='lat' dir='ltr'><strong>monemus</strong></span> <span class='ocrx_word' id='word_1_558' title='bbox 2581 1831 2635 1883; x_wconf 90' lang='lat' dir='ltr'><strong>te</strong></span> <span class='ocrx_word' id='word_1_559' title='bbox 2664 1842 2787 1882; x_wconf 90' lang='lat' dir='ltr'><strong>non</strong></span> <span class='ocrx_word' id='word_1_560' title='bbox 2804 1825 3195 1898; x_wconf 91' lang='lat' dir='ltr'><strong>increpando,</strong></span> <span class='ocrx_word' id='word_1_561' title='bbox 3218 1842 3415 1900; x_wconf 85' lang='lat' dir='ltr'><strong>neque</strong></span> <span class='ocrx_word' id='word_1_562' title='bbox 3434 1826 3779 1898; x_wconf 67' lang='lat' dir='ltr'><strong>dijudicano</strong></span> 
     </span>
    </p>
   </div>
   <div class='ocr_carea' id='block_1_82' title="bbox 2100 1915 3777 1990">
    <p class='ocr_par' dir='ltr' id='par_1_82' title="bbox 2100 1915 3777 1990">
     <span class='ocr_line' id='line_1_82' title="bbox 2100 1915 3777 1990; baseline 0.001 -18"><span class='ocrx_word' id='word_1_563' title='bbox 2100 1917 2201 1985; x_wconf 89' lang='lat' dir='ltr'><strong>do,</strong></span> <span class='ocrx_word' id='word_1_564' title='bbox 2217 1916 2323 1973; x_wconf 88' lang='lat' dir='ltr'><strong>sed</strong></span> <span class='ocrx_word' id='word_1_565' title='bbox 2349 1916 2565 1971; x_wconf 70' lang='lat' dir='ltr'><strong>atfectu</strong></span> <span class='ocrx_word' id='word_1_566' title='bbox 2588 1916 2849 1971; x_wconf 89' lang='lat' dir='ltr'><strong>ﬁliorum</strong></span> <span class='ocrx_word' id='word_1_567' title='bbox 2875 1915 3403 1989; x_wconf 86' lang='lat' dir='ltr'><strong>obsecrando,ipsi</strong></span> <span class='ocrx_word' id='word_1_568' title='bbox 3432 1916 3551 1986; x_wconf 89' lang='lat' dir='ltr'><strong>legi</strong></span> <span class='ocrx_word' id='word_1_569' title='bbox 3577 1933 3777 1990; x_wconf 88' lang='lat' dir='ltr'><strong>quam</strong></span> 
     </span>
    </p>
   </div>
   <div class='ocr_carea' id='block_1_83' title="bbox 2100 2004 3778 2078">
    <p class='ocr_par' dir='ltr' id='par_1_83' title="bbox 2100 2004 3778 2078">
     <span class='ocr_line' id='line_1_83' title="bbox 2100 2004 3778 2078; baseline 0.001 -17"><span class='ocrx_word' id='word_1_570' title='bbox 2100 2006 2421 2061; x_wconf 70' lang='lat' dir='ltr'><strong>offenderis</strong></span> <span class='ocrx_word' id='word_1_571' title='bbox 2452 2005 2905 2061; x_wconf 87' lang='lat' dir='ltr'><strong>reconciliatum</strong></span> <span class='ocrx_word' id='word_1_572' title='bbox 2929 2004 3019 2073; x_wconf 91' lang='lat' dir='ltr'><strong>iri,</strong></span> <span class='ocrx_word' id='word_1_573' title='bbox 3060 2004 3404 2062; x_wconf 87' lang='lat' dir='ltr'><strong>conﬁtendo</strong></span> <span class='ocrx_word' id='word_1_574' title='bbox 3436 2005 3686 2078; x_wconf 87' lang='lat' dir='ltr'><strong>culpam</strong></span> <span class='ocrx_word' id='word_1_575' title='bbox 3719 2010 3778 2062; x_wconf 87' lang='lat' dir='ltr'><strong>et</strong></span> 
     </span>
    </p>
   </div>
   <div class='ocr_carea' id='block_1_84' title="bbox 2099 2094 3776 2168">
    <p class='ocr_par' dir='ltr' id='par_1_84' title="bbox 2099 2094 3776 2168">
     <span class='ocr_line' id='line_1_84' title="bbox 2099 2094 3776 2168; baseline 0 -18"><span class='ocrx_word' id='word_1_576' title='bbox 2099 2094 2467 2168; x_wconf 83' lang='lat' dir='ltr'><strong>paenitendo.</strong></span> <span class='ocrx_word' id='word_1_577' title='bbox 2522 2098 2636 2153; x_wconf 85' lang='lat' dir='ltr'><strong>Nec</strong></span> <span class='ocrx_word' id='word_1_578' title='bbox 2688 2094 2915 2167; x_wconf 87' lang='lat' dir='ltr'><strong>pudeat</strong></span> <span class='ocrx_word' id='word_1_579' title='bbox 2960 2099 3012 2150; x_wconf 88' lang='lat' dir='ltr'><strong>te</strong></span> <span class='ocrx_word' id='word_1_580' title='bbox 3043 2095 3239 2151; x_wconf 90' lang='lat' dir='ltr'><strong>dicere</strong></span> <span class='ocrx_word' id='word_1_581' title='bbox 3269 2095 3623 2151; x_wconf 85' lang='lat' dir='ltr'><strong>necessariis</strong></span> <span class='ocrx_word' id='word_1_582' title='bbox 3654 2096 3776 2151; x_wconf 86' lang='lat' dir='ltr'><strong>tuis</strong></span> 
     </span>
    </p>
   </div>
   <div class='ocr_carea' id='block_1_85' title="bbox 2101 2183 3774 2257">
    <p class='ocr_par' dir='ltr' id='par_1_85' title="bbox 2101 2183 3774 2257">
     <span class='ocr_line' id='line_1_85' title="bbox 2101 2183 3774 2257; baseline 0.001 -18"><span class='ocrx_word' id='word_1_583' title='bbox 2101 2188 2327 2239; x_wconf 87' lang='lat' dir='ltr'><strong>secreto</strong></span> <span class='ocrx_word' id='word_1_584' title='bbox 2355 2183 2675 2239; x_wconf 83' lang='lat' dir='ltr'><strong>Dominum</strong></span> <span class='ocrx_word' id='word_1_585' title='bbox 2706 2183 3071 2253; x_wconf 87' lang='lat' dir='ltr'><strong>timentibus,</strong></span> <span class='ocrx_word' id='word_1_586' title='bbox 3095 2187 3153 2239; x_wconf 93' lang='lat' dir='ltr'><strong>et</strong></span> <span class='ocrx_word' id='word_1_587' title='bbox 3172 2183 3231 2238; x_wconf 91' lang='lat' dir='ltr'><strong>in</strong></span> <span class='ocrx_word' id='word_1_588' title='bbox 3253 2184 3384 2254; x_wconf 82' lang='lat' dir='ltr'><strong>lege</strong></span> <span class='ocrx_word' id='word_1_589' title='bbox 3404 2184 3591 2257; x_wconf 89' lang='lat' dir='ltr'><strong>ipsius</strong></span> <span class='ocrx_word' id='word_1_590' title='bbox 3611 2185 3774 2241; x_wconf 87' lang='lat' dir='ltr'><strong>bene</strong></span> 
     </span>
    </p>
   </div>
   <div class='ocr_carea' id='block_1_86' title="bbox 2100 2269 3777 2346">
    <p class='ocr_par' dir='ltr' id='par_1_86' title="bbox 2100 2269 3777 2346">
     <span class='ocr_line' id='line_1_86' title="bbox 2100 2269 3777 2346; baseline 0.001 -17"><span class='ocrx_word' id='word_1_591' title='bbox 2100 2269 2529 2344; x_wconf 28' lang='lat' dir='ltr'><strong>eruditis,’jam</strong></span> <span class='ocrx_word' id='word_1_592' title='bbox 2568 2272 2814 2329; x_wconf 87' lang='lat' dir='ltr'><strong>tandem</strong></span> <span class='ocrx_word' id='word_1_593' title='bbox 2869 2277 2924 2328; x_wconf 89' lang='lat' dir='ltr'><strong>te</strong></span> <span class='ocrx_word' id='word_1_594' title='bbox 2969 2272 3464 2330; x_wconf 88' lang='lat' dir='ltr'><strong>animadvertisse</strong></span> <span class='ocrx_word' id='word_1_595' title='bbox 3512 2290 3583 2329; x_wconf 89' lang='lat' dir='ltr'><strong>ea</strong></span> <span class='ocrx_word' id='word_1_596' title='bbox 3630 2290 3777 2346; x_wconf 69' lang='lat' dir='ltr'><strong>quas</strong></span> 
     </span>
    </p>
   </div>
   <div class='ocr_carea' id='block_1_87' title="bbox 2098 2362 3778 2431">
    <p class='ocr_par' dir='ltr' id='par_1_87' title="bbox 2098 2362 3778 2431">
     <span class='ocr_line' id='line_1_87' title="bbox 2098 2362 3778 2431; baseline 0.001 -13"><span class='ocrx_word' id='word_1_597' title='bbox 2098 2363 2249 2419; x_wconf 86' lang='lat' dir='ltr'><strong>ﬁunt</strong></span> <span class='ocrx_word' id='word_1_598' title='bbox 2278 2367 2484 2419; x_wconf 88' lang='lat' dir='ltr'><strong>contra</strong></span> <span class='ocrx_word' id='word_1_599' title='bbox 2516 2367 2735 2419; x_wconf 87' lang='lat' dir='ltr'><strong>statuta</strong></span> <span class='ocrx_word' id='word_1_600' title='bbox 2756 2378 3060 2418; x_wconf 86' lang='lat' dir='ltr'><strong>canonum</strong></span> <span class='ocrx_word' id='word_1_601' title='bbox 3088 2378 3215 2417; x_wconf 89' lang='lat' dir='ltr'><strong>non</strong></span> <span class='ocrx_word' id='word_1_602' title='bbox 3235 2362 3453 2419; x_wconf 90' lang='lat' dir='ltr'><strong>debere</strong></span> <span class='ocrx_word' id='word_1_603' title='bbox 3475 2364 3778 2431; x_wconf 87' lang='lat' dir='ltr'><strong>stare,sed</strong></span> 
     </span>
    </p>
   </div>
   <div class='ocr_carea' id='block_1_88' title="bbox 2100 2452 3777 2524">
    <p class='ocr_par' dir='ltr' id='par_1_88' title="bbox 2100 2452 3777 2524">
     <span class='ocr_line' id='line_1_88' title="bbox 2100 2452 3777 2524; baseline 0.001 -16"><span class='ocrx_word' id='word_1_604' title='bbox 2100 2456 2157 2508; x_wconf 87' lang='lat' dir='ltr'><strong>et</strong></span> <span class='ocrx_word' id='word_1_605' title='bbox 2186 2452 2467 2509; x_wconf 82' lang='lat' dir='ltr'><strong>facientes</strong></span> <span class='ocrx_word' id='word_1_606' title='bbox 2488 2452 2777 2524; x_wconf 67' lang='lat' dir='ltr'><strong>prenitere</strong></span> <span class='ocrx_word' id='word_1_607' title='bbox 2808 2456 3100 2524; x_wconf 87' lang='lat' dir='ltr'><strong>oportere.</strong></span> <span class='ocrx_word' id='word_1_608' title='bbox 3158 2453 3331 2518; x_wconf 88' lang='lat' dir='ltr'><strong>Quod</strong></span> <span class='ocrx_word' id='word_1_609' title='bbox 3379 2452 3428 2508; x_wconf 92' lang='lat' dir='ltr'><strong>si</strong></span> <span class='ocrx_word' id='word_1_610' title='bbox 3475 2452 3631 2509; x_wconf 89' lang='lat' dir='ltr'><strong>forte</strong></span> <span class='ocrx_word' id='word_1_611' title='bbox 3670 2469 3777 2509; x_wconf 80' lang='lat' dir='ltr'><strong>rex</strong></span> 
     </span>
    </p>
   </div>
   <div class='ocr_carea' id='block_1_89' title="bbox 2100 2541 3778 2616">
    <p class='ocr_par' dir='ltr' id='par_1_89' title="bbox 2100 2541 3778 2616">
     <span class='ocr_line' id='line_1_89' title="bbox 2100 2541 3778 2616; baseline 0.001 -17"><span class='ocrx_word' id='word_1_612' title='bbox 2100 2542 2456 2599; x_wconf 89' lang='lat' dir='ltr'><strong>auctoritate</strong></span> <span class='ocrx_word' id='word_1_613' title='bbox 2488 2546 2591 2598; x_wconf 90' lang='lat' dir='ltr'><strong>tua</strong></span> <span class='ocrx_word' id='word_1_614' title='bbox 2618 2541 2903 2614; x_wconf 90' lang='lat' dir='ltr'><strong>deinceps</strong></span> <span class='ocrx_word' id='word_1_615' title='bbox 2934 2542 3778 2616; x_wconf 86' lang='lat' dir='ltr'><strong>eorroborarivoluerit,quod</strong></span> 
     </span>
    </p>
   </div>
   <div class='ocr_carea' id='block_1_90' title="bbox 2102 2630 3775 2704">
    <p class='ocr_par' dir='ltr' id='par_1_90' title="bbox 2102 2630 3775 2704">
     <span class='ocr_line' id='line_1_90' title="bbox 2102 2630 3775 2704; baseline 0 -17"><span class='ocrx_word' id='word_1_616' title='bbox 2102 2631 2229 2687; x_wconf 88' lang='lat' dir='ltr'><strong>sine</strong></span> <span class='ocrx_word' id='word_1_617' title='bbox 2264 2630 2557 2687; x_wconf 90' lang='lat' dir='ltr'><strong>solutione</strong></span> <span class='ocrx_word' id='word_1_618' title='bbox 2586 2646 2891 2687; x_wconf 91' lang='lat' dir='ltr'><strong>canonum</strong></span> <span class='ocrx_word' id='word_1_619' title='bbox 2924 2636 3080 2688; x_wconf 89' lang='lat' dir='ltr'><strong>stare</strong></span> <span class='ocrx_word' id='word_1_620' title='bbox 3108 2647 3231 2687; x_wconf 90' lang='lat' dir='ltr'><strong>non</strong></span> <span class='ocrx_word' id='word_1_621' title='bbox 3262 2632 3470 2704; x_wconf 88' lang='lat' dir='ltr'><strong>possit,</strong></span> <span class='ocrx_word' id='word_1_622' title='bbox 3524 2632 3775 2704; x_wconf 88' lang='lat' dir='ltr'><strong>videris,</strong></span> 
     </span>
    </p>
   </div>
   <div class='ocr_carea' id='block_1_91' title="bbox 2099 2720 3778 2793">
    <p class='ocr_par' dir='ltr' id='par_1_91' title="bbox 2099 2720 3778 2793">
     <span class='ocr_line' id='line_1_91' title="bbox 2099 2720 3778 2793; baseline 0.001 -18"><span class='ocrx_word' id='word_1_623' title='bbox 2099 2723 2291 2790; x_wconf 89' lang='lat' dir='ltr'><strong>Pater,</strong></span> <span class='ocrx_word' id='word_1_624' title='bbox 2310 2736 2384 2776; x_wconf 91' lang='lat' dir='ltr'><strong>ne</strong></span> <span class='ocrx_word' id='word_1_625' title='bbox 2409 2720 2658 2790; x_wconf 87' lang='lat' dir='ltr'><strong>adjicias</strong></span> <span class='ocrx_word' id='word_1_626' title='bbox 2689 2724 3005 2792; x_wconf 89' lang='lat' dir='ltr'><strong>peccatum</strong></span> <span class='ocrx_word' id='word_1_627' title='bbox 3027 2736 3206 2793; x_wconf 90' lang='lat' dir='ltr'><strong>super</strong></span> <span class='ocrx_word' id='word_1_628' title='bbox 3236 2725 3552 2793; x_wconf 89' lang='lat' dir='ltr'><strong>peccatum</strong></span> <span class='ocrx_word' id='word_1_629' title='bbox 3601 2740 3615 2776; x_wconf 91' lang='lat'><strong>:</strong></span> <span class='ocrx_word' id='word_1_630' title='bbox 3666 2722 3778 2778; x_wconf 88' lang='lat' dir='ltr'><strong>sed</strong></span> 
     </span>
    </p>
   </div>
   <div class='ocr_carea' id='block_1_92' title="bbox 2101 2808 3781 2882">
    <p class='ocr_par' dir='ltr' id='par_1_92' title="bbox 2101 2808 3781 2882">
     <span class='ocr_line' id='line_1_92' title="bbox 2101 2808 3781 2882; baseline 0.002 -18"><span class='ocrx_word' id='word_1_631' title='bbox 2101 2812 2223 2876; x_wconf 89' lang='lat' dir='ltr'><strong>aut,</strong></span> <span class='ocrx_word' id='word_1_632' title='bbox 2247 2813 2546 2881; x_wconf 88' lang='lat' dir='ltr'><strong>quantum</strong></span> <span class='ocrx_word' id='word_1_633' title='bbox 2566 2809 2811 2882; x_wconf 88' lang='lat' dir='ltr'><strong>poteris,</strong></span> <span class='ocrx_word' id='word_1_634' title='bbox 2828 2808 2888 2864; x_wconf 89' lang='lat' dir='ltr'><strong>id</strong></span> <span class='ocrx_word' id='word_1_635' title='bbox 2911 2809 3301 2865; x_wconf 90' lang='lat' dir='ltr'><strong>corroborare</strong></span> <span class='ocrx_word' id='word_1_636' title='bbox 3323 2809 3781 2880; x_wconf 81' lang='lat' dir='ltr'><strong>dissimula,aut</strong></span> 
     </span>
    </p>
   </div>
   <div class='ocr_carea' id='block_1_93' title="bbox 2102 2898 3778 2972">
    <p class='ocr_par' dir='ltr' id='par_1_93' title="bbox 2102 2898 3778 2972">
     <span class='ocr_line' id='line_1_93' title="bbox 2102 2898 3778 2972; baseline 0.001 -19"><span class='ocrx_word' id='word_1_637' title='bbox 2102 2898 2412 2954; x_wconf 83' lang='lat' dir='ltr'><strong>manifeste</strong></span> <span class='ocrx_word' id='word_1_638' title='bbox 2429 2898 2596 2954; x_wconf 89' lang='lat' dir='ltr'><strong>salva</strong></span> <span class='ocrx_word' id='word_1_639' title='bbox 2616 2898 2820 2967; x_wconf 88' lang='lat' dir='ltr'><strong>legum</strong></span> <span class='ocrx_word' id='word_1_640' title='bbox 2843 2899 3193 2955; x_wconf 87' lang='lat' dir='ltr'><strong>auctoritate</strong></span> <span class='ocrx_word' id='word_1_641' title='bbox 3210 2898 3272 2954; x_wconf 91' lang='lat' dir='ltr'><strong>id</strong></span> <span class='ocrx_word' id='word_1_642' title='bbox 3294 2904 3346 2955; x_wconf 89' lang='lat' dir='ltr'><strong>te</strong></span> <span class='ocrx_word' id='word_1_643' title='bbox 3376 2898 3622 2972; x_wconf 73' lang='lat' dir='ltr'><strong>exsequi</strong></span> <span class='ocrx_word' id='word_1_644' title='bbox 3643 2915 3778 2955; x_wconf 89' lang='lat' dir='ltr'><strong>non</strong></span> 
     </span>
    </p>
   </div>
   <div class='ocr_carea' id='block_1_94' title="bbox 2102 2987 3775 3061">
    <p class='ocr_par' dir='ltr' id='par_1_94' title="bbox 2102 2987 3775 3061">
     <span class='ocr_line' id='line_1_94' title="bbox 2102 2987 3775 3061; baseline 0.002 -20"><span class='ocrx_word' id='word_1_645' title='bbox 2102 2987 2297 3043; x_wconf 88' lang='lat' dir='ltr'><strong>valere</strong></span> <span class='ocrx_word' id='word_1_646' title='bbox 2318 2987 2648 3061; x_wconf 86' lang='lat' dir='ltr'><strong>proclama.</strong></span> <span class='ocrx_word' id='word_1_647' title='bbox 2670 2991 2971 3043; x_wconf 85' lang='lat' dir='ltr'><strong>Postremo</strong></span> <span class='ocrx_word' id='word_1_648' title='bbox 3002 2988 3347 3060; x_wconf 89' lang='lat' dir='ltr'><strong>suppliciter</strong></span> <span class='ocrx_word' id='word_1_649' title='bbox 3372 3004 3614 3044; x_wconf 90' lang='lat' dir='ltr'><strong>oramus</strong></span> <span class='ocrx_word' id='word_1_650' title='bbox 3633 2988 3775 3044; x_wconf 69' lang='lat' dir='ltr'><strong>haec</strong></span> 
     </span>
    </p>
   </div>
   <div class='ocr_carea' id='block_1_95' title="bbox 2104 3076 3772 3150">
    <p class='ocr_par' dir='ltr' id='par_1_95' title="bbox 2104 3076 3772 3150">
     <span class='ocr_line' id='line_1_95' title="bbox 2104 3076 3772 3150; baseline 0.001 -18"><span class='ocrx_word' id='word_1_651' title='bbox 2104 3077 2325 3149; x_wconf 89' lang='lat' dir='ltr'><strong>scripta</strong></span> <span class='ocrx_word' id='word_1_652' title='bbox 2341 3081 2546 3133; x_wconf 85' lang='lat' dir='ltr'><strong>nostra</strong></span> <span class='ocrx_word' id='word_1_653' title='bbox 2560 3077 2806 3133; x_wconf 90' lang='lat' dir='ltr'><strong>minime</strong></span> <span class='ocrx_word' id='word_1_654' title='bbox 2826 3077 3143 3150; x_wconf 88' lang='lat' dir='ltr'><strong>publicari,</strong></span> <span class='ocrx_word' id='word_1_655' title='bbox 3160 3095 3296 3150; x_wconf 76' lang='lat' dir='ltr'><strong>quas</strong></span> <span class='ocrx_word' id='word_1_656' title='bbox 3315 3078 3469 3150; x_wconf 86' lang='lat' dir='ltr'><strong>apud</strong></span> <span class='ocrx_word' id='word_1_657' title='bbox 3491 3076 3571 3133; x_wconf 90' lang='lat' dir='ltr'><strong>tui</strong></span> <span class='ocrx_word' id='word_1_658' title='bbox 3594 3078 3772 3135; x_wconf 85' lang='lat' dir='ltr'><strong>chari</strong></span> 
     </span>
    </p>
   </div>
   <div class='ocr_carea' id='block_1_96' title="bbox 2101 3166 3775 3239">
    <p class='ocr_par' dir='ltr' id='par_1_96' title="bbox 2101 3166 3775 3239">
     <span class='ocr_line' id='line_1_96' title="bbox 2101 3166 3775 3239; baseline 0.001 -17"><span class='ocrx_word' id='word_1_659' title='bbox 2101 3167 2360 3239; x_wconf 88' lang='lat' dir='ltr'><strong>pectoris</strong></span> <span class='ocrx_word' id='word_1_660' title='bbox 2391 3171 2684 3223; x_wconf 90' lang='lat' dir='ltr'><strong>secretum</strong></span> <span class='ocrx_word' id='word_1_661' title='bbox 2711 3183 2987 3239; x_wconf 90' lang='lat' dir='ltr'><strong>promere</strong></span> <span class='ocrx_word' id='word_1_662' title='bbox 3021 3168 3337 3224; x_wconf 86' lang='lat' dir='ltr'><strong>audemus.</strong></span> <span class='ocrx_word' id='word_1_663' title='bbox 3368 3166 3639 3223; x_wconf 80' lang='lat' dir='ltr'><strong>Rescribe</strong></span> <span class='ocrx_word' id='word_1_664' title='bbox 3670 3184 3775 3224; x_wconf 79' lang='lat' dir='ltr'><strong>ve-</strong></span> 
     </span>
    </p>
   </div>
   <div class='ocr_carea' id='block_1_97' title="bbox 2100 3255 3778 3328">
    <p class='ocr_par' dir='ltr' id='par_1_97' title="bbox 2100 3255 3778 3328">
     <span class='ocr_line' id='line_1_97' title="bbox 2100 3255 3778 3328; baseline 0.001 -17"><span class='ocrx_word' id='word_1_665' title='bbox 2100 3272 2169 3311; x_wconf 92' lang='lat' dir='ltr'><strong>ro</strong></span> <span class='ocrx_word' id='word_1_666' title='bbox 2196 3256 2373 3312; x_wconf 90' lang='lat' dir='ltr'><strong>nobis</strong></span> <span class='ocrx_word' id='word_1_667' title='bbox 2400 3256 2447 3311; x_wconf 91' lang='lat' dir='ltr'><strong>si</strong></span> <span class='ocrx_word' id='word_1_668' title='bbox 2479 3257 2627 3328; x_wconf 87' lang='lat' dir='ltr'><strong>quid</strong></span> <span class='ocrx_word' id='word_1_669' title='bbox 2659 3256 2761 3312; x_wconf 89' lang='lat' dir='ltr'><strong>tibi</strong></span> <span class='ocrx_word' id='word_1_670' title='bbox 2793 3257 3026 3312; x_wconf 91' lang='lat' dir='ltr'><strong>videtur</strong></span> <span class='ocrx_word' id='word_1_671' title='bbox 3052 3261 3259 3313; x_wconf 90' lang='lat' dir='ltr'><strong>contra</strong></span> <span class='ocrx_word' id='word_1_672' title='bbox 3287 3258 3415 3312; x_wconf 68' lang='lat' dir='ltr'><strong>haec</strong></span> <span class='ocrx_word' id='word_1_673' title='bbox 3441 3255 3778 3313; x_wconf 84' lang='lat' dir='ltr'><strong>rationabi-</strong></span> 
     </span>
    </p>
   </div>
   <div class='ocr_carea' id='block_1_98' title="bbox 2099 3343 3774 3418">
    <p class='ocr_par' dir='ltr' id='par_1_98' title="bbox 2099 3343 3774 3418">
     <span class='ocr_line' id='line_1_98' title="bbox 2099 3343 3774 3418; baseline 0.001 -19"><span class='ocrx_word' id='word_1_674' title='bbox 2099 3343 2231 3400; x_wconf 88' lang='lat' dir='ltr'><strong>liter</strong></span> <span class='ocrx_word' id='word_1_675' title='bbox 2252 3345 2708 3418; x_wconf 91' lang='lat' dir='ltr'><strong>opponendum.</strong></span> <span class='ocrx_word' id='word_1_676' title='bbox 2743 3348 2971 3415; x_wconf 83' lang='lat' dir='ltr'><strong>Rugeat</strong></span> <span class='ocrx_word' id='word_1_677' title='bbox 2998 3345 3101 3401; x_wconf 90' lang='lat' dir='ltr'><strong>tibi</strong></span> <span class='ocrx_word' id='word_1_678' title='bbox 3128 3349 3282 3402; x_wconf 90' lang='lat' dir='ltr'><strong>Deus</strong></span> <span class='ocrx_word' id='word_1_679' title='bbox 3315 3345 3598 3418; x_wconf 87' lang='lat' dir='ltr'><strong>Spiritum</strong></span> <span class='ocrx_word' id='word_1_680' title='bbox 3627 3361 3774 3400; x_wconf 82' lang='lat' dir='ltr'><strong>con-</strong></span> 
     </span>
    </p>
   </div>
   <div class='ocr_carea' id='block_1_99' title="bbox 2103 3432 3513 3507">
    <p class='ocr_par' dir='ltr' id='par_1_99' title="bbox 2103 3432 3513 3507">
     <span class='ocr_line' id='line_1_99' title="bbox 2103 3432 3513 3507; baseline 0.001 -20"><span class='ocrx_word' id='word_1_681' title='bbox 2103 3432 2215 3488; x_wconf 89' lang='lat' dir='ltr'><strong>silii</strong></span> <span class='ocrx_word' id='word_1_682' title='bbox 2246 3438 2303 3489; x_wconf 91' lang='lat' dir='ltr'><strong>et</strong></span> <span class='ocrx_word' id='word_1_683' title='bbox 2330 3434 2718 3503; x_wconf 88' lang='lat' dir='ltr'><strong>fortitudinis,</strong></span> <span class='ocrx_word' id='word_1_684' title='bbox 2743 3434 3048 3507; x_wconf 64' lang='lat' dir='ltr'><strong>sapientia)</strong></span> <span class='ocrx_word' id='word_1_685' title='bbox 3080 3438 3137 3491; x_wconf 91' lang='lat' dir='ltr'><strong>et</strong></span> <span class='ocrx_word' id='word_1_686' title='bbox 3163 3433 3513 3490; x_wconf 87' lang='lat' dir='ltr'><strong>intellectus.</strong></span> 
     </span>
    </p>
   </div>
   <div class='ocr_carea' id='block_1_100' title="bbox 2372 3523 3504 3593">
    <p class='ocr_par' dir='ltr' id='par_1_100' title="bbox 2372 3523 3504 3593">
     <span class='ocr_line' id='line_1_100' title="bbox 2372 3523 3504 3593; baseline 0 -16"><span class='ocrx_word' id='word_1_687' title='bbox 2372 3524 2707 3579; x_wconf 87' lang='lat' dir='ltr'><strong>EPISTOLA</strong></span> <span class='ocrx_word' id='word_1_688' title='bbox 2748 3524 3013 3580; x_wconf 83' lang='lat' dir='ltr'><strong>CXXXVII</strong></span> <span class='ocrx_word' id='word_1_689' title='bbox 3044 3524 3210 3593; x_wconf 72' lang='lat' dir='ltr'><strong>[olim</strong></span> <span class='ocrx_word' id='word_1_690' title='bbox 3240 3523 3504 3593; x_wconf 75' lang='lat' dir='ltr'><strong>CXXXII].</strong></span> 
     </span>
    </p>
   </div>
   <div class='ocr_carea' id='block_1_101' title="bbox 2098 3610 3770 3682">
    <p class='ocr_par' dir='ltr' id='par_1_101' title="bbox 2098 3610 3770 3682">
     <span class='ocr_line' id='line_1_101' title="bbox 2098 3610 3770 3682; baseline 0.001 -16"><span class='ocrx_word' id='word_1_691' title='bbox 2098 3610 2334 3667; x_wconf 87' lang='lat' dir='ltr'><strong>Sanctis</strong></span> <span class='ocrx_word' id='word_1_692' title='bbox 2344 3612 2707 3680; x_wconf 75' lang='lat' dir='ltr'><strong>praesulibus</strong></span> <span class='ocrx_word' id='word_1_693' title='bbox 2733 3614 2796 3668; x_wconf 92' lang='lat' dir='ltr'><strong>G.</strong></span> <span class='ocrx_word' id='word_1_694' title='bbox 2831 3612 3201 3672; x_wconf 86' lang='lat' dir='ltr'><strong>Belvacensi.</strong></span> <span class='ocrx_word' id='word_1_695' title='bbox 3227 3613 3292 3669; x_wconf 92' lang='grc' dir='ltr'><strong>Ο.</strong></span> <span class='ocrx_word' id='word_1_696' title='bbox 3317 3612 3770 3682; x_wconf 83' lang='lat' dir='ltr'><strong>Aurelianensi,</strong></span> 
     </span>
    </p>
   </div>
   <div class='ocr_carea' id='block_1_102' title="bbox 2171 3700 3777 3771">
    <p class='ocr_par' dir='ltr' id='par_1_102' title="bbox 2171 3700 3777 3771">
     <span class='ocr_line' id='line_1_102' title="bbox 2171 3700 3777 3771; baseline 0.001 -15"><span class='ocrx_word' id='word_1_697' title='bbox 2171 3700 2245 3757; x_wconf 83' lang='lat' dir='ltr'><strong>A.</strong></span> <span class='ocrx_word' id='word_1_698' title='bbox 2288 3702 2638 3771; x_wconf 86' lang='lat' dir='ltr'><strong>Turonensi,</strong></span> <span class='ocrx_word' id='word_1_699' title='bbox 2668 3703 2874 3759; x_wconf 84' lang='lat' dir='ltr'><strong>clerici</strong></span> <span class='ocrx_word' id='word_1_700' title='bbox 2898 3703 3139 3759; x_wconf 55' lang='lat' dir='ltr'><strong>Sanctis</strong></span> <span class='ocrx_word' id='word_1_701' title='bbox 3183 3703 3399 3757; x_wconf 76' lang='lat' dir='ltr'><strong>Maria:</strong></span> <span class='ocrx_word' id='word_1_702' title='bbox 3439 3702 3777 3758; x_wconf 79' lang='lat' dir='ltr'><strong>Cometen-</strong></span> 
     </span>
    </p>
   </div>
   <div class='ocr_carea' id='block_1_103' title="bbox 2170 3791 3769 3862">
    <p class='ocr_par' dir='ltr' id='par_1_103' title="bbox 2170 3791 3769 3862">
     <span class='ocr_line' id='line_1_103' title="bbox 2170 3791 3769 3862; baseline 0.002 -17"><span class='ocrx_word' id='word_1_703' title='bbox 2170 3791 2271 3862; x_wconf 89' lang='lat' dir='ltr'><strong>sis,</strong></span> <span class='ocrx_word' id='word_1_704' title='bbox 2301 3791 2527 3860; x_wconf 81' lang='lat' dir='ltr'><strong>famuli</strong></span> <span class='ocrx_word' id='word_1_705' title='bbox 2550 3806 2754 3847; x_wconf 84' lang='lat' dir='ltr'><strong>eorum</strong></span> <span class='ocrx_word' id='word_1_706' title='bbox 2784 3797 2838 3848; x_wconf 91' lang='lat' dir='ltr'><strong>et</strong></span> <span class='ocrx_word' id='word_1_707' title='bbox 2865 3792 3094 3861; x_wconf 83' lang='lat' dir='ltr'><strong>fratres</strong></span> <span class='ocrx_word' id='word_1_708' title='bbox 3124 3793 3186 3847; x_wconf 89' lang='lat' dir='ltr'><strong>in</strong></span> <span class='ocrx_word' id='word_1_709' title='bbox 3206 3793 3457 3851; x_wconf 85' lang='lat' dir='ltr'><strong>Damino</strong></span> <span class='ocrx_word' id='word_1_710' title='bbox 3488 3793 3769 3848; x_wconf 86' lang='lat' dir='ltr'><strong>salutem.</strong></span> 
     </span>
    </p>
   </div>
   <div class='ocr_carea' id='block_1_104' title="bbox 2172 3878 3774 3952">
    <p class='ocr_par' dir='ltr' id='par_1_104' title="bbox 2172 3878 3774 3952">
     <span class='ocr_line' id='line_1_104' title="bbox 2172 3878 3774 3952; baseline -0.001 -16"><span class='ocrx_word' id='word_1_711' title='bbox 2172 3878 2610 3950; x_wconf 84' lang='lat' dir='ltr'><strong>Conquerimur</strong></span> <span class='ocrx_word' id='word_1_712' title='bbox 2631 3880 2795 3951; x_wconf 87' lang='lat' dir='ltr'><strong>apud</strong></span> <span class='ocrx_word' id='word_1_713' title='bbox 2818 3895 2948 3945; x_wconf 88' lang='lat' dir='ltr'><strong>vos,</strong></span> <span class='ocrx_word' id='word_1_714' title='bbox 2977 3882 3195 3947; x_wconf 86' lang='lat' dir='ltr'><strong>Patres,</strong></span> <span class='ocrx_word' id='word_1_715' title='bbox 3215 3879 3290 3935; x_wconf 88' lang='lat' dir='ltr'><strong>de</strong></span> <span class='ocrx_word' id='word_1_716' title='bbox 3312 3878 3774 3952; x_wconf 83' lang='lat' dir='ltr'><strong>archiepiscopo</strong></span> 
     </span>
    </p>
   </div>
   <div class='ocr_carea' id='block_1_105' title="bbox 2099 3967 3775 4041">
    <p class='ocr_par' dir='ltr' id='par_1_105' title="bbox 2099 3967 3775 4041">
     <span class='ocr_line' id='line_1_105' title="bbox 2099 3967 3775 4041; baseline 0.002 -19"><span class='ocrx_word' id='word_1_717' title='bbox 2099 3972 2327 4037; x_wconf 90' lang='lat' dir='ltr'><strong>nostro,</strong></span> <span class='ocrx_word' id='word_1_718' title='bbox 2358 3971 2415 4023; x_wconf 88' lang='lat' dir='ltr'><strong>et</strong></span> <span class='ocrx_word' id='word_1_719' title='bbox 2444 3983 2606 4038; x_wconf 88' lang='lat' dir='ltr'><strong>rege,</strong></span> <span class='ocrx_word' id='word_1_720' title='bbox 2636 3967 2743 4040; x_wconf 88' lang='lat' dir='ltr'><strong>qui</strong></span> <span class='ocrx_word' id='word_1_721' title='bbox 2767 3967 2944 4024; x_wconf 89' lang='lat' dir='ltr'><strong>nobis</strong></span> <span class='ocrx_word' id='word_1_722' title='bbox 2969 3968 3166 4024; x_wconf 87' lang='lat' dir='ltr'><strong>invitis</strong></span> <span class='ocrx_word' id='word_1_723' title='bbox 3194 3968 3552 4041; x_wconf 90' lang='lat' dir='ltr'><strong>episcopum</strong></span> <span class='ocrx_word' id='word_1_724' title='bbox 3583 3968 3775 4025; x_wconf 87' lang='lat' dir='ltr'><strong>dona-</strong></span> 
     </span>
    </p>
   </div>
   <div class='ocr_carea' id='block_1_106' title="bbox 2098 4056 3775 4130">
    <p class='ocr_par' dir='ltr' id='par_1_106' title="bbox 2098 4056 3775 4130">
     <span class='ocr_line' id='line_1_106' title="bbox 2098 4056 3775 4130; baseline 0.002 -18"><span class='ocrx_word' id='word_1_725' title='bbox 2098 4073 2162 4112; x_wconf 87' lang='lat' dir='ltr'><strong>re</strong></span> <span class='ocrx_word' id='word_1_726' title='bbox 2199 4056 2403 4113; x_wconf 88' lang='lat' dir='ltr'><strong>volunt</strong></span> <span class='ocrx_word' id='word_1_727' title='bbox 2430 4058 2762 4130; x_wconf 86' lang='lat' dir='ltr'><strong>quemdam</strong></span> <span class='ocrx_word' id='word_1_728' title='bbox 2786 4057 3056 4128; x_wconf 85' lang='lat' dir='ltr'><strong>idiotam,</strong></span> <span class='ocrx_word' id='word_1_729' title='bbox 3086 4062 3150 4114; x_wconf 92' lang='lat' dir='ltr'><strong>ut</strong></span> <span class='ocrx_word' id='word_1_730' title='bbox 3174 4057 3354 4128; x_wconf 85' lang='lat' dir='ltr'><strong>scitis,</strong></span> <span class='ocrx_word' id='word_1_731' title='bbox 3386 4061 3443 4112; x_wconf 89' lang='lat' dir='ltr'><strong>et</strong></span> <span class='ocrx_word' id='word_1_732' title='bbox 3465 4058 3775 4129; x_wconf 89' lang='lat' dir='ltr'><strong>ejusmodi</strong></span> 
     </span>
    </p>
   </div>
   <div class='ocr_carea' id='block_1_107' title="bbox 2100 4146 3774 4219">
    <p class='ocr_par' dir='ltr' id='par_1_107' title="bbox 2100 4146 3774 4219">
     <span class='ocr_line' id='line_1_107' title="bbox 2100 4146 3774 4219; baseline 0.001 -17"><span class='ocrx_word' id='word_1_733' title='bbox 2100 4146 2296 4204; x_wconf 78' lang='lat' dir='ltr'><strong>ofﬁcio</strong></span> <span class='ocrx_word' id='word_1_734' title='bbox 2327 4146 2675 4216; x_wconf 87' lang='lat' dir='ltr'><strong>indignum:</strong></span> <span class='ocrx_word' id='word_1_735' title='bbox 2708 4151 3021 4219; x_wconf 88' lang='lat' dir='ltr'><strong>precantes</strong></span> <span class='ocrx_word' id='word_1_736' title='bbox 3052 4146 3341 4204; x_wconf 78' lang='lat' dir='ltr'><strong>auxilium</strong></span> <span class='ocrx_word' id='word_1_737' title='bbox 3384 4152 3651 4205; x_wconf 88' lang='lat' dir='ltr'><strong>vestrum</strong></span> <span class='ocrx_word' id='word_1_738' title='bbox 3707 4152 3774 4203; x_wconf 89' lang='lat' dir='ltr'><strong>ut</strong></span> 
     </span>
    </p>
   </div>
   <div class='ocr_carea' id='block_1_108' title="bbox 2098 4235 3768 4311">
    <p class='ocr_par' dir='ltr' id='par_1_108' title="bbox 2098 4235 3768 4311">
     <span class='ocr_line' id='line_1_108' title="bbox 2098 4235 3768 4311; baseline 0.002 -21"><span class='ocrx_word' id='word_1_739' title='bbox 2098 4235 2361 4306; x_wconf 89' lang='lat' dir='ltr'><strong>vigeletis</strong></span> <span class='ocrx_word' id='word_1_740' title='bbox 2412 4236 2565 4292; x_wconf 89' lang='lat' dir='ltr'><strong>sicut</strong></span> <span class='ocrx_word' id='word_1_741' title='bbox 2612 4235 2761 4292; x_wconf 90' lang='lat' dir='ltr'><strong>boni</strong></span> <span class='ocrx_word' id='word_1_742' title='bbox 2816 4236 3087 4293; x_wconf 68' lang='lat' dir='ltr'><strong>Ecclesia:</strong></span> <span class='ocrx_word' id='word_1_743' title='bbox 3135 4237 3768 4311; x_wconf 80' lang='lat' dir='ltr'><strong>pastoresadportas</strong></span> 
     </span>
    </p>
   </div>
   <div class='ocr_carea' id='block_1_109' title="bbox 2101 4325 3772 4401">
    <p class='ocr_par' dir='ltr' id='par_1_109' title="bbox 2101 4325 3772 4401">
     <span class='ocr_line' id='line_1_109' title="bbox 2101 4325 3772 4401; baseline 0.001 -20"><span class='ocrx_word' id='word_1_744' title='bbox 2101 4326 2252 4396; x_wconf 90' lang='lat' dir='ltr'><strong>ejus,</strong></span> <span class='ocrx_word' id='word_1_745' title='bbox 2279 4341 2356 4382; x_wconf 89' lang='lat' dir='ltr'><strong>ne</strong></span> <span class='ocrx_word' id='word_1_746' title='bbox 2377 4325 2633 4382; x_wconf 89' lang='lat' dir='ltr'><strong>introeat</strong></span> <span class='ocrx_word' id='word_1_747' title='bbox 2658 4325 2719 4380; x_wconf 89' lang='lat' dir='ltr'><strong>in</strong></span> <span class='ocrx_word' id='word_1_748' title='bbox 2749 4326 2914 4382; x_wconf 89' lang='lat' dir='ltr'><strong>illam</strong></span> <span class='ocrx_word' id='word_1_749' title='bbox 2942 4326 3040 4383; x_wconf 90' lang='lat' dir='ltr'><strong>ille</strong></span> <span class='ocrx_word' id='word_1_750' title='bbox 3069 4325 3227 4396; x_wconf 81' lang='lat' dir='ltr'><strong>talis,</strong></span> <span class='ocrx_word' id='word_1_751' title='bbox 3260 4327 3363 4400; x_wconf 91' lang='lat' dir='ltr'><strong>qui</strong></span> <span class='ocrx_word' id='word_1_752' title='bbox 3387 4342 3515 4383; x_wconf 91' lang='lat' dir='ltr'><strong>non</strong></span> <span class='ocrx_word' id='word_1_753' title='bbox 3555 4326 3772 4401; x_wconf 66' lang='lat' dir='ltr'><strong>quassi-</strong></span> 
     </span>
    </p>
   </div>
   <div class='ocr_carea' id='block_1_110' title="bbox 2101 4415 3767 4487">
    <p class='ocr_par' dir='ltr' id='par_1_110' title="bbox 2101 4415 3767 4487">
     <span class='ocr_line' id='line_1_110' title="bbox 2101 4415 3767 4487; baseline 0 -16"><span class='ocrx_word' id='word_1_754' title='bbox 2101 4416 2248 4471; x_wconf 87' lang='lat' dir='ltr'><strong>verit</strong></span> <span class='ocrx_word' id='word_1_755' title='bbox 2296 4415 2515 4470; x_wconf 87' lang='lat' dir='ltr'><strong>intrare</strong></span> <span class='ocrx_word' id='word_1_756' title='bbox 2568 4430 2676 4487; x_wconf 89' lang='lat' dir='ltr'><strong>per</strong></span> <span class='ocrx_word' id='word_1_757' title='bbox 2721 4415 2964 4485; x_wconf 88' lang='lat' dir='ltr'><strong>ostium,</strong></span> <span class='ocrx_word' id='word_1_758' title='bbox 3012 4416 3119 4472; x_wconf 90' lang='lat' dir='ltr'><strong>sed</strong></span> <span class='ocrx_word' id='word_1_759' title='bbox 3146 4415 3389 4473; x_wconf 86' lang='lat' dir='ltr'><strong>aliunde</strong></span> <span class='ocrx_word' id='word_1_760' title='bbox 3420 4416 3767 4483; x_wconf 88' lang='lat' dir='ltr'><strong>ascendere,</strong></span> 
     </span>
    </p>
   </div>
   <div class='ocr_carea' id='block_1_111' title="bbox 2101 4502 3770 4578">
    <p class='ocr_par' dir='ltr' id='par_1_111' title="bbox 2101 4502 3770 4578">
     <span class='ocr_line' id='line_1_111' title="bbox 2101 4502 3770 4578; baseline 0.001 -20"><span class='ocrx_word' id='word_1_761' title='bbox 2101 4502 2255 4560; x_wconf 88' lang='lat' dir='ltr'><strong>sicut</strong></span> <span class='ocrx_word' id='word_1_762' title='bbox 2283 4503 2377 4559; x_wconf 87' lang='lat' dir='ltr'><strong>fur</strong></span> <span class='ocrx_word' id='word_1_763' title='bbox 2406 4507 2462 4559; x_wconf 90' lang='lat' dir='ltr'><strong>et</strong></span> <span class='ocrx_word' id='word_1_764' title='bbox 2490 4504 2641 4559; x_wconf 87' lang='lat' dir='ltr'><strong>latro</strong></span> <span class='ocrx_word' id='word_1_765' title='bbox 2672 4506 2868 4574; x_wconf 87' lang='lat' dir='ltr'><strong>(Joan.</strong></span> <span class='ocrx_word' id='word_1_766' title='bbox 2900 4522 2959 4573; x_wconf 77' lang='lat' dir='ltr'><strong>x,</strong></span> <span class='ocrx_word' id='word_1_767' title='bbox 2994 4505 3061 4578; x_wconf 87' lang='grc'><strong>1).</strong></span> <span class='ocrx_word' id='word_1_768' title='bbox 3097 4505 3274 4561; x_wconf 90' lang='lat' dir='ltr'><strong>Vobis</strong></span> <span class='ocrx_word' id='word_1_769' title='bbox 3324 4504 3514 4561; x_wconf 88' lang='lat' dir='ltr'><strong>tribus</strong></span> <span class='ocrx_word' id='word_1_770' title='bbox 3561 4508 3770 4578; x_wconf 86' lang='lat' dir='ltr'><strong>portas</strong></span> 
     </span>
    </p>
   </div>
   <div class='ocr_carea' id='block_1_112' title="bbox 2098 4592 3769 4667">
    <p class='ocr_par' dir='ltr' id='par_1_112' title="bbox 2098 4592 3769 4667">
     <span class='ocr_line' id='line_1_112' title="bbox 2098 4592 3769 4667; baseline 0.001 -19"><span class='ocrx_word' id='word_1_771' title='bbox 2098 4592 2591 4660; x_wconf 88' lang='lat' dir='ltr'><strong>oustodientibus,</strong></span> <span class='ocrx_word' id='word_1_772' title='bbox 2625 4593 2824 4649; x_wconf 88' lang='lat' dir='ltr'><strong>sciatis</strong></span> <span class='ocrx_word' id='word_1_773' title='bbox 2876 4609 2986 4666; x_wconf 91' lang='lat' dir='ltr'><strong>pro</strong></span> <span class='ocrx_word' id='word_1_774' title='bbox 3031 4598 3191 4650; x_wconf 90' lang='lat' dir='ltr'><strong>certo</strong></span> <span class='ocrx_word' id='word_1_775' title='bbox 3245 4599 3528 4667; x_wconf 87' lang='lat' dir='ltr'><strong>quartum</strong></span> <span class='ocrx_word' id='word_1_776' title='bbox 3571 4599 3769 4650; x_wconf 89' lang='lat' dir='ltr'><strong>custo-</strong></span> 
     </span>
    </p>
   </div>
   <div class='ocr_carea' id='block_1_113' title="bbox 2097 4682 3771 4757">
    <p class='ocr_par' dir='ltr' id='par_1_113' title="bbox 2097 4682 3771 4757">
     <span class='ocr_line' id='line_1_113' title="bbox 2097 4682 3771 4757; baseline 0.001 -19"><span class='ocrx_word' id='word_1_777' title='bbox 2097 4682 2238 4739; x_wconf 88' lang='lat' dir='ltr'><strong>dem</strong></span> <span class='ocrx_word' id='word_1_778' title='bbox 2270 4682 2431 4751; x_wconf 87' lang='lat' dir='ltr'><strong>addi,</strong></span> <span class='ocrx_word' id='word_1_779' title='bbox 2465 4683 2739 4740; x_wconf 88' lang='lat' dir='ltr'><strong>Odonem</strong></span> <span class='ocrx_word' id='word_1_780' title='bbox 2769 4684 3072 4754; x_wconf 89' lang='lat' dir='ltr'><strong>comitem,</strong></span> <span class='ocrx_word' id='word_1_781' title='bbox 3113 4688 3170 4741; x_wconf 91' lang='lat' dir='ltr'><strong>et</strong></span> <span class='ocrx_word' id='word_1_782' title='bbox 3198 4686 3519 4756; x_wconf 80' lang='lat' dir='ltr'><strong>nunquam</strong></span> <span class='ocrx_word' id='word_1_783' title='bbox 3563 4700 3771 4757; x_wconf 85' lang='lat' dir='ltr'><strong>recep-</strong></span> 
     </span>
    </p>
   </div>
   <div class='ocr_carea' id='block_1_114' title="bbox 2096 4772 3769 4848">
    <p class='ocr_par' dir='ltr' id='par_1_114' title="bbox 2096 4772 3769 4848">
     <span class='ocr_line' id='line_1_114' title="bbox 2096 4772 3769 4848; baseline 0.001 -20"><span class='ocrx_word' id='word_1_784' title='bbox 2096 4776 2301 4829; x_wconf 84' lang='lat' dir='ltr'><strong>turum</strong></span> <span class='ocrx_word' id='word_1_785' title='bbox 2330 4772 2499 4829; x_wconf 91' lang='lat' dir='ltr'><strong>illum</strong></span> <span class='ocrx_word' id='word_1_786' title='bbox 2527 4773 2588 4829; x_wconf 92' lang='lat' dir='ltr'><strong>in</strong></span> <span class='ocrx_word' id='word_1_787' title='bbox 2621 4773 2918 4830; x_wconf 89' lang='lat' dir='ltr'><strong>civitatem</strong></span> <span class='ocrx_word' id='word_1_788' title='bbox 2946 4790 3145 4845; x_wconf 89' lang='lat' dir='ltr'><strong>suam,</strong></span> <span class='ocrx_word' id='word_1_789' title='bbox 3200 4774 3312 4829; x_wconf 91' lang='lat' dir='ltr'><strong>nisi</strong></span> <span class='ocrx_word' id='word_1_790' title='bbox 3344 4774 3511 4848; x_wconf 89' lang='lat' dir='ltr'><strong>prius</strong></span> <span class='ocrx_word' id='word_1_791' title='bbox 3566 4778 3769 4829; x_wconf 88' lang='lat' dir='ltr'><strong>vestro</strong></span> 
     </span>
    </p>
   </div>
   <div class='ocr_carea' id='block_1_115' title="bbox 2089 4862 3764 4936">
    <p class='ocr_par' dir='ltr' id='par_1_115' title="bbox 2089 4862 3764 4936">
     <span class='ocr_line' id='line_1_115' title="bbox 2089 4862 3764 4936; baseline -0.001 -17"><span class='ocrx_word' id='word_1_792' title='bbox 2089 4862 2318 4933; x_wconf 78' lang='lat' dir='ltr'><strong>judicio</strong></span> <span class='ocrx_word' id='word_1_793' title='bbox 2350 4862 2785 4931; x_wconf 83' lang='lat' dir='ltr'><strong>examinatum,</strong></span> <span class='ocrx_word' id='word_1_794' title='bbox 2819 4868 3022 4919; x_wconf 87' lang='lat' dir='ltr'><strong>utrum</strong></span> <span class='ocrx_word' id='word_1_795' title='bbox 3046 4863 3230 4936; x_wconf 87' lang='lat' dir='ltr'><strong>recipi</strong></span> <span class='ocrx_word' id='word_1_796' title='bbox 3258 4862 3477 4919; x_wconf 87' lang='lat' dir='ltr'><strong>debeat</strong></span> <span class='ocrx_word' id='word_1_797' title='bbox 3503 4879 3583 4919; x_wconf 89' lang='lat' dir='ltr'><strong>an</strong></span> <span class='ocrx_word' id='word_1_798' title='bbox 3613 4878 3764 4918; x_wconf 88' lang='lat' dir='ltr'><strong>non.</strong></span> 
     </span>
    </p>
   </div>
   <div class='ocr_carea' id='block_1_116' title="bbox 2097 4951 3769 5024">
    <p class='ocr_par' dir='ltr' id='par_1_116' title="bbox 2097 4951 3769 5024">
     <span class='ocr_line' id='line_1_116' title="bbox 2097 4951 3769 5024; baseline 0.001 -18"><span class='ocrx_word' id='word_1_799' title='bbox 2097 4951 2341 5022; x_wconf 88' lang='lat' dir='ltr'><strong>Vigilate</strong></span> <span class='ocrx_word' id='word_1_800' title='bbox 2407 4951 2587 5021; x_wconf 87' lang='lat' dir='ltr'><strong>igitur</strong></span> <span class='ocrx_word' id='word_1_801' title='bbox 2631 4952 2930 5022; x_wconf 87' lang='lat' dir='ltr'><strong>attentius,</strong></span> <span class='ocrx_word' id='word_1_802' title='bbox 2991 4955 3047 5008; x_wconf 88' lang='lat' dir='ltr'><strong>et</strong></span> <span class='ocrx_word' id='word_1_803' title='bbox 3094 4952 3409 5020; x_wconf 88' lang='lat' dir='ltr'><strong>diligenter</strong></span> <span class='ocrx_word' id='word_1_804' title='bbox 3483 4951 3769 5024; x_wconf 88' lang='lat' dir='ltr'><strong>inquirite</strong></span> 
     </span>
    </p>
   </div>
   <div class='ocr_carea' id='block_1_117' title="bbox 2095 5040 3766 5114">
    <p class='ocr_par' dir='ltr' id='par_1_117' title="bbox 2095 5040 3766 5114">
     <span class='ocr_line' id='line_1_117' title="bbox 2095 5040 3766 5114; baseline 0 -18"><span class='ocrx_word' id='word_1_805' title='bbox 2095 5056 2351 5098; x_wconf 89' lang='lat' dir='ltr'><strong>causam</strong></span> <span class='ocrx_word' id='word_1_806' title='bbox 2374 5056 2513 5097; x_wconf 89' lang='lat' dir='ltr'><strong>cum</strong></span> <span class='ocrx_word' id='word_1_807' title='bbox 2540 5042 2746 5097; x_wconf 81' lang='lat' dir='ltr'><strong>vestris</strong></span> <span class='ocrx_word' id='word_1_808' title='bbox 2778 5040 3148 5114; x_wconf 82' lang='lat' dir='ltr'><strong>sapientibus</strong></span> <span class='ocrx_word' id='word_1_809' title='bbox 3178 5040 3429 5113; x_wconf 89' lang='lat' dir='ltr'><strong>clericis,</strong></span> <span class='ocrx_word' id='word_1_810' title='bbox 3479 5045 3537 5096; x_wconf 90' lang='lat' dir='ltr'><strong>et</strong></span> <span class='ocrx_word' id='word_1_811' title='bbox 3581 5041 3766 5097; x_wconf 87' lang='lat' dir='ltr'><strong>nobis</strong></span> 
     </span>
    </p>
   </div>
   <div class='ocr_carea' id='block_1_118' title="bbox 2093 5128 3770 5205">
    <p class='ocr_par' dir='ltr' id='par_1_118' title="bbox 2093 5128 3770 5205">
     <span class='ocr_line' id='line_1_118' title="bbox 2093 5128 3770 5205; baseline 0.001 -20"><span class='ocrx_word' id='word_1_812' title='bbox 2093 5128 2336 5187; x_wconf 89' lang='lat' dir='ltr'><strong>famulis</strong></span> <span class='ocrx_word' id='word_1_813' title='bbox 2374 5130 2603 5201; x_wconf 88' lang='lat' dir='ltr'><strong>vestris,</strong></span> <span class='ocrx_word' id='word_1_814' title='bbox 2665 5131 2712 5186; x_wconf 87' lang='lat' dir='ltr'><strong>si</strong></span> <span class='ocrx_word' id='word_1_815' title='bbox 2770 5131 3122 5201; x_wconf 84' lang='lat' dir='ltr'><strong>dignemini,</strong></span> <span class='ocrx_word' id='word_1_816' title='bbox 3178 5147 3288 5187; x_wconf 91' lang='lat' dir='ltr'><strong>nec</strong></span> <span class='ocrx_word' id='word_1_817' title='bbox 3340 5135 3583 5205; x_wconf 87' lang='lat' dir='ltr'><strong>propter</strong></span> <span class='ocrx_word' id='word_1_818' title='bbox 3607 5131 3770 5201; x_wconf 88' lang='lat' dir='ltr'><strong>regis</strong></span> 
     </span>
    </p>
   </div>
   <div class='ocr_carea' id='block_1_119' title="bbox 2093 5219 3768 5293">
    <p class='ocr_par' dir='ltr' id='par_1_119' title="bbox 2093 5219 3768 5293">
     <span class='ocr_line' id='line_1_119' title="bbox 2093 5219 3768 5293; baseline 0.001 -17"><span class='ocrx_word' id='word_1_819' title='bbox 2093 5220 2491 5277; x_wconf 87' lang='lat' dir='ltr'><strong>reverentiam</strong></span> <span class='ocrx_word' id='word_1_820' title='bbox 2532 5221 2646 5277; x_wconf 89' lang='lat' dir='ltr'><strong>hoc</strong></span> <span class='ocrx_word' id='word_1_821' title='bbox 2699 5235 2874 5289; x_wconf 87' lang='lat' dir='ltr'><strong>agere</strong></span> <span class='ocrx_word' id='word_1_822' title='bbox 2945 5220 3332 5293; x_wconf 85' lang='lat' dir='ltr'><strong>pigritemini,</strong></span> <span class='ocrx_word' id='word_1_823' title='bbox 3399 5219 3576 5293; x_wconf 85' lang='lat' dir='ltr'><strong>quasi</strong></span> <span class='ocrx_word' id='word_1_824' title='bbox 3654 5219 3768 5277; x_wconf 91' lang='lat' dir='ltr'><strong>hoc</strong></span> 
     </span>
    </p>
   </div>
   <div class='ocr_carea' id='block_1_120' title="bbox 2092 5308 3768 5383">
    <p class='ocr_par' dir='ltr' id='par_1_120' title="bbox 2092 5308 3768 5383">
     <span class='ocr_line' id='line_1_120' title="bbox 2092 5308 3768 5383; baseline -0.001 -16"><span class='ocrx_word' id='word_1_825' title='bbox 2092 5312 2385 5383; x_wconf 88' lang='lat' dir='ltr'><strong>pertineat</strong></span> <span class='ocrx_word' id='word_1_826' title='bbox 2439 5309 2519 5366; x_wconf 88' lang='lat' dir='ltr'><strong>ad</strong></span> <span class='ocrx_word' id='word_1_827' title='bbox 2569 5308 2916 5367; x_wconf 85' lang='lat' dir='ltr'><strong>ﬁdelitatem</strong></span> <span class='ocrx_word' id='word_1_828' title='bbox 2970 5310 3119 5381; x_wconf 87' lang='lat' dir='ltr'><strong>ejus.</strong></span> <span class='ocrx_word' id='word_1_829' title='bbox 3198 5313 3339 5366; x_wconf 88' lang='lat' dir='ltr'><strong>Vere</strong></span> <span class='ocrx_word' id='word_1_830' title='bbox 3403 5311 3627 5380; x_wconf 76' lang='lat' dir='ltr'><strong>etenim</strong></span> <span class='ocrx_word' id='word_1_831' title='bbox 3681 5309 3768 5366; x_wconf 87' lang='lat' dir='ltr'><strong>illi</strong></span> 
     </span>
    </p>
   </div>
   <div class='ocr_carea' id='block_1_121' title="bbox 2092 5398 3766 5471">
    <p class='ocr_par' dir='ltr' id='par_1_121' title="bbox 2092 5398 3766 5471">
     <span class='ocr_line' id='line_1_121' title="bbox 2092 5398 3766 5471; baseline -0.001 -16"><span class='ocrx_word' id='word_1_832' title='bbox 2092 5398 2391 5456; x_wconf 88' lang='lat' dir='ltr'><strong>ﬁdeliores</strong></span> <span class='ocrx_word' id='word_1_833' title='bbox 2469 5398 2629 5454; x_wconf 89' lang='lat' dir='ltr'><strong>eritis</strong></span> <span class='ocrx_word' id='word_1_834' title='bbox 2660 5442 2674 5465; x_wconf 91' lang='lat'><strong>,</strong></span> <span class='ocrx_word' id='word_1_835' title='bbox 2753 5398 2801 5453; x_wconf 90' lang='lat' dir='ltr'><strong>si</strong></span> <span class='ocrx_word' id='word_1_836' title='bbox 2868 5414 3003 5471; x_wconf 76' lang='lat' dir='ltr'><strong>quae</strong></span> <span class='ocrx_word' id='word_1_837' title='bbox 3083 5402 3223 5454; x_wconf 89' lang='lat' dir='ltr'><strong>sunt</strong></span> <span class='ocrx_word' id='word_1_838' title='bbox 3287 5398 3649 5468; x_wconf 85' lang='lat' dir='ltr'><strong>corrigenda</strong></span> <span class='ocrx_word' id='word_1_839' title='bbox 3703 5398 3766 5454; x_wconf 86' lang='lat' dir='ltr'><strong>in</strong></span> 
     </span>
    </p>
   </div>
   <div class='ocr_carea' id='block_1_122' title="bbox 2092 5487 3767 5558">
    <p class='ocr_par' dir='ltr' id='par_1_122' title="bbox 2092 5487 3767 5558">
     <span class='ocr_line' id='line_1_122' title="bbox 2092 5487 3767 5558; baseline 0.001 -16"><span class='ocrx_word' id='word_1_840' title='bbox 2092 5503 2278 5557; x_wconf 89' lang='lat' dir='ltr'><strong>regno</strong></span> <span class='ocrx_word' id='word_1_841' title='bbox 2330 5488 2459 5558; x_wconf 89' lang='lat' dir='ltr'><strong>ejus</strong></span> <span class='ocrx_word' id='word_1_842' title='bbox 2516 5487 2885 5544; x_wconf 85' lang='lat' dir='ltr'><strong>correxeritis</strong></span> <span class='ocrx_word' id='word_1_843' title='bbox 2912 5529 2925 5553; x_wconf 95' lang='lat'><strong>,</strong></span> <span class='ocrx_word' id='word_1_844' title='bbox 3006 5491 3064 5544; x_wconf 91' lang='lat' dir='ltr'><strong>et</strong></span> <span class='ocrx_word' id='word_1_845' title='bbox 3134 5487 3408 5544; x_wconf 88' lang='lat' dir='ltr'><strong>animum</strong></span> <span class='ocrx_word' id='word_1_846' title='bbox 3483 5488 3617 5557; x_wconf 91' lang='lat' dir='ltr'><strong>ejus</strong></span> <span class='ocrx_word' id='word_1_847' title='bbox 3683 5487 3767 5544; x_wconf 86' lang='lat' dir='ltr'><strong>ad</strong></span> 
     </span>
    </p>
   </div>
   <div class='ocr_carea' id='block_1_123' title="bbox 2092 5573 3765 5649">
    <p class='ocr_par' dir='ltr' id='par_1_123' title="bbox 2092 5573 3765 5649">
     <span class='ocr_line' id='line_1_123' title="bbox 2092 5573 3765 5649; baseline -0.001 -19"><span class='ocrx_word' id='word_1_848' title='bbox 2092 5575 2370 5631; x_wconf 91' lang='lat' dir='ltr'><strong>eamdem</strong></span> <span class='ocrx_word' id='word_1_849' title='bbox 2447 5576 2876 5632; x_wconf 90' lang='lat' dir='ltr'><strong>correctionem</strong></span> <span class='ocrx_word' id='word_1_850' title='bbox 2963 5575 3391 5649; x_wconf 89' lang='lat' dir='ltr'><strong>compuleritis.</strong></span> <span class='ocrx_word' id='word_1_851' title='bbox 3466 5573 3765 5631; x_wconf 89' lang='lat' dir='ltr'><strong>Volumus</strong></span> 
     </span>
    </p>
   </div>
   <div class='ocr_carea' id='block_1_124' title="bbox 2091 5663 3766 5743">
    <p class='ocr_par' dir='ltr' id='par_1_124' title="bbox 2091 5663 3766 5743">
     <span class='ocr_line' id='line_1_124' title="bbox 2091 5663 3766 5743; baseline 0 -22"><span class='ocrx_word' id='word_1_852' title='bbox 2091 5669 2295 5721; x_wconf 89' lang='lat' dir='ltr'><strong>autem</strong></span> <span class='ocrx_word' id='word_1_853' title='bbox 2370 5664 2522 5720; x_wconf 89' lang='lat' dir='ltr'><strong>scire</strong></span> <span class='ocrx_word' id='word_1_854' title='bbox 2593 5681 2700 5721; x_wconf 90' lang='lat' dir='ltr'><strong>vos</strong></span> <span class='ocrx_word' id='word_1_855' title='bbox 2774 5668 2842 5720; x_wconf 82' lang='grc' dir='ltr'><strong>Α.</strong></span> <span class='ocrx_word' id='word_1_856' title='bbox 2915 5664 3217 5727; x_wconf 87' lang='lat' dir='ltr'><strong>decanum</strong></span> <span class='ocrx_word' id='word_1_857' title='bbox 3298 5679 3482 5743; x_wconf 85' lang='lat' dir='ltr'><strong>quem</strong></span> <span class='ocrx_word' id='word_1_858' title='bbox 3564 5663 3766 5735; x_wconf 78' lang='lat' dir='ltr'><strong>elege-</strong></span> 
     </span>
    </p>
   </div>
  </div>
