4018 6176
180 161 283 213 ΤΠ

1113 153 1520 214 TRACTATUS
1560 155 1624 207 1N
1665 152 1863 209 vens.
1913 155 1929 211 l
1972 156 2134 213 CAP.
2177 160 2267 216 xu
2298 152 2454 219 AC’I‘.
2495 164 2736 220 APOST.

3548 175 3652 228 278

178 296 392 337 ramus
413 278 644 335 factum
667 294 806 335 esse
831 280 1231 352 monachum,
1260 276 1644 337 nihilominus
1668 280 1867 333 tamen
1909 284 1958 337 Α
1986 297 2124 336 cum
2162 284 2481 341 Hereberto
2511 293 2727 358 nepote
2756 293 2877 356 tuo,
2908 306 3227 363 usquequo
3256 291 3457 361 fruges
3488 310 3656 350 novas

178 386 289 427 nos
315 385 466 425 eum
490 373 705 442 optare
729 369 913 426 nobis
932 370 1064 426 ﬁeri
1091 371 1437 443 episcopum
1462 386 1475 436 ;
1506 383 1643 425 cum
1671 381 1870 439 repro—

174 461 365 517 batus
392 458 576 516 fuerit
602 459 702 515 ille
722 459 932 533 lupus,
963 477 1151 533 quem
1182 460 1435 535 probare
1482 456 1727 530 potestis
1779 456 1870 511 in-

176 551 464 621 dignum.
509 549 690 616 Quod
727 566 837 606 vos
866 550 1132 608 invicem
1162 554 1331 608 caute
1372 554 1430 607 et
1456 547 1767 618 diligenter
1809 551 1869 604 et

176 644 407 696 secrete
428 638 771 696 deliberare
802 640 1089 713 petimus,
1150 645 1347 696 utrum
1390 637 1516 694 ﬁeri
1542 635 1731 710 possit
1785 650 1869 692 an

174 745 326 800 non,
361 733 421 785 et
472 728 654 785 nobis
684 729 875 785 servis
925 729 1144 787 vestris
1172 746 1243 786 ac
1268 727 1548 785 fratribus
1576 724 1869 782 delibera-

178 818 361 875 tionis
386 822 613 874 vestras
639 817 828 874 ﬁnem
866 817 1260 885 innotescere,
1289 817 1409 873 sive
1463 815 1687 882 litteris,
1741 813 1868 869 sive

177 908 382 978 legato
406 906 599 964 ﬁdeli.
628 907 769 964 Hine
799 912 1005 965 autem
1035 907 1225 964 verba
1250 910 1455 964 nostra
1477 904 1673 961 videte
1715 903 1867 959 inte-

176 998 301 1054 rinr
320 1014 402 1054 ne
431 997 838 1070 publicentur.
865 997 1097 1055 Valete.

392 1089 737 1145 EPISTULA
776 1087 1113 1144 CXXXVIII
1146 1087 1307 1157 [olim
1331 1085 1659 1155 CXXXIII].

180 1178 367 1245 Quem
408 1191 598 1246 super
644 1192 847 1232 omnes
892 1176 1137 1234 abbates
1190 1177 1452 1246 diligunt
1494 1173 1870 1230 sanctissimo

244 1249 429 1319 patri
457 1246 524 1303 0.
560 1249 839 1306 canonici
859 1247 1103 1305 Sanctw
1127 1248 1341 1304 Mariae
1369 1248 1633 1304 omnium
1682 1246 1873 1301 virtu-

249 1328 381 1380 tum
415 1321 625 1394 gratia
647 1320 1043 1393 pra/algere.

249 1409 662 1469 Obsecremus
716 1424 835 1464 vos
885 1407 950 1463 in
989 1406 1234 1464 nomine
1282 1410 1502 1463 sanctae
1551 1404 1869 1474 Trinitatis,

173 1516 250 1561 ne
279 1498 543 1559 faveatis
568 1502 771 1557 contra
816 1498 923 1569 jus
966 1501 1024 1557 et
1051 1496 1144 1552 fas
1198 1496 1466 1569 partibus
1522 1494 1875 1553 Theodorici

176 1588 452 1649 simulati
479 1587 761 1665 episcopi,
822 1602 1028 1659 neque
1081 1585 1380 1645 suadeatis
1431 1585 1621 1642 Odoni
1665 1585 1874 1641 comiti

174 1680 377 1735 facere
405 1694 548 1733 cum
568 1693 635 1732 eo
660 1675 1070 1731 concordiam
1097 1679 1302 1730 contra
1319 1680 1666 1733 sanctorum
1691 1690 1873 1732 cano-

172 1786 330 1835 num
360 1767 797 1829 auctoritatem.
839 1763 1254 1829 Clarissimum
1300 1764 1613 1839 speculum
1666 1763 1874 1841 posuit

174 1876 293 1916 vos
321 1862 481 1917 Deus
516 1856 575 1917 in
598 1854 866 1926 mundo,
900 1853 1097 1913 videte
1127 1870 1200 1911 ne
1231 1854 1502 1927 qualibet
1556 1852 1873 1925 nigredine

175 1946 610 2014 obscuremini,
655 1960 791 2018 qua
846 1943 1222 2005 offuscentur
1279 1943 1425 2012 alii;
1496 1943 1600 2001 sed
1632 1960 1875 2025 semper

177 2054 334 2097 vero
362 2034 581 2094 lumine
607 2031 1058 2106 respondeatis,
1091 2047 1211 2107 quo
1238 2035 1294 2088 et
1324 2032 1425 2095 alii
1468 2031 1703 2115 possint
1741 2031 1871 2088 illu-

175 2126 382 2189 strari.
418 2124 628 2196 Valete,
648 2121 1014 2181 beatissime
1044 2121 1231 2189 Pater,
1267 2126 1325 2179 et
1351 2122 1657 2183 rescribite
1687 2121 1868 2183 nobis

174 2215 326 2290 quid
352 2214 571 2273 melius
608 2211 678 2269 de
699 2213 825 2275 hac
866 2226 1056 2271 causa
1082 2209 1252 2266 vobis
1284 2211 1537 2275 videtur.

421 2301 758 2365 EPISTOLA
802 2298 1105 2356 CXXXIX
1134 2298 1297 2369 [olim
1330 2300 1616 2371 cxxxm.

175 2393 245 2448 In
272 2392 527 2449 Christo
550 2388 662 2444 sibi
679 2388 906 2444 dilecto
926 2401 1267 2459 semperque
1287 2388 1597 2457 diligendo
1624 2388 1867 2455 domino

249 2465 564 2518 Rursum
604 2459 992 2513 HILDEGARIUS
1042 2472 1243 2513 servus
1291 2461 1419 2528 ejus
1474 2460 1696 2526 ﬁdelis,
1736 2473 1868 2530 qua:

242 2539 418 2590 retro
447 2537 591 2588 sunt
618 2531 917 2599 oblivisci,
946 2533 999 2585 et
1013 2529 1244 2600 jugiter
1270 2530 1333 2585 in
1373 2532 1687 2587 anteriora
1737 2529 1864 2585 ten-

247 2696 459 2751 Causa
499 2689 808 2748 oharitatis
838 2686 1137 2763 pollicitus
1177 2704 1311 2745 sum
1363 2689 1712 2747 conversari
1742 2706 1864 2746 me.-

1985 369 2366 444 colligantur,
2399 374 2590 430 amice
2615 375 2782 431 illum
2814 377 3151 445 habiturus,
3203 381 3439 437 interim
3479 384 3660 456 quasi

1982 462 2314 532 praesentiae
2347 467 2462 520 tute
2506 463 2818 521 vicarium.
2877 468 3105 539 Scripta
3158 487 3293 543 quae
3353 472 3456 528 tibi
3508 473 3659 529 mitti

1980 549 2206 622 poscis,
2239 552 2462 623 partim
2493 552 2804 620 mittimus,
2828 556 3047 627 partim
3068 559 3338 632 minime,
3362 561 3507 633 quia
3535 577 3659 618 non

1983 642 2122 695 sunt
2145 638 2341 696 missu
2367 640 2565 697 facilia
2602 658 2613 695 :
2642 658 2777 713 quae
2808 659 2951 698 vero
2978 647 3311 716 mittuntur,
3341 656 3397 705 et
3451 650 3658 707 difﬁci—

1980 724 2061 782 lia
2091 731 2232 783 sunt
2253 728 2499 798 cognitu
2544 733 2600 784 et
2629 734 3097 802 pernecessaria,
3153 736 3227 792 de
3280 746 3658 797 sacramento

1980 813 2252 872 videlicet
2283 817 2549 889 corporis
2575 824 2631 873 et
2652 820 2961 889 sanguinis
2986 822 3219 880 Domini
3244 844 3258 893 ;
3291 842 3429 898 quas
3457 828 3505 883 si
3534 845 3658 885 non

1981 903 2162 974 digne
2217 921 2289 961 ac
2348 904 2600 961 ﬁdeliter
2648 908 3036 982 percipimus,
3068 912 3261 969 vivere
3308 930 3435 971 non
3477 918 3660 974 habe-

1982 1009 2139 1049 mus.
2177 996 2257 1049 De
2283 993 2745 1063 cogitationibus
2768 1001 2969 1054 autem
2999 1016 3135 1072 (Illte
3183 1020 3245 1058 se
3310 1003 3659 1061 nolentibus

1981 1080 2160 1137 nobis
2178 1082 2571 1151 ingerunt,ita
2599 1084 2894 1141 sentiebat
2921 1086 3310 1145 charissimus
3328 1096 3496 1164 pater
3526 1109 3662 1148 nos-

1985 1174 2070 1225 ter
2101 1170 2415 1227 Fulhertus
2448 1190 2460 1226 :
2495 1172 2579 1227 nil
2632 1189 2735 1229 eas
2792 1191 3029 1249 nocere,
3086 1178 3135 1233 si
3184 1180 3437 1235 tandem
3467 1182 3652 1238 menti

1982 1257 2238 1314 minime
2259 1258 2597 1331 placuerint
2628 1278 2640 1329 ;
2702 1261 2876 1331 signo
2908 1265 3101 1320 crucis
3156 1266 3492 1337 abigendas
3524 1288 3657 1327 esse

1984 1347 2063 1407 ab
2103 1348 2332 1416 animo,
2387 1348 2548 1405 velut
2606 1367 2846 1408 muscas
2889 1353 2967 1410 ab
3024 1354 3211 1411 oculis
3241 1356 3654 1431 importunus;

1982 1436 2279 1495 rationem
2311 1437 2661 1510 ponendam
2684 1456 2811 1496 esse
2845 1442 3062 1499 mentis
3093 1432 3423 1514 cusﬁdem,
3455 1465 3656 1505 rerum

1983 1526 2224 1583 utilium
2254 1526 2660 1599 receptricem,
2691 1530 2914 1602 quibus
2939 1533 3087 1588 dum
3119 1540 3413 1608 occupata
3458 1537 3653 1608 fuerit,

1913 1641 1954 1693 Β
1985 1616 2064 1672 ab
2089 1615 2404 1672 inutilibus
2432 1617 2641 1691 impeti
2672 1620 2764 1675 vel
2792 1624 3095 1693 penetrari
3122 1641 3245 1681 non
3276 1629 3465 1699 possit
3492 1646 3503 1683 :
3559 1631 3655 1688 cui

1981 1705 2292 1762 sententia:
2317 1706 2540 1764 multas
2574 1708 2720 1764 alias
2748 1709 2811 1766 in
2838 1711 2978 1766 Vitis
3010 1715 3249 1770 Patrum
3280 1718 3654 1775 consentien-

1982 1800 2068 1851 tes
2096 1794 2360 1867 reperire
2385 1800 2580 1868 potes,
2614 1814 2750 1869 quae
2792 1803 2960 1855 tuum
2990 1801 3260 1859 animum
3313 1806 3536 1879 optime
3569 1824 3653 1864 re-

1979 1883 2296 1953 levabunt,
2327 1884 2657 1956 opitulante
2684 1887 2898 1945 Christi
2928 1890 3140 1959 gratia,
3174 1891 3300 1949 sine
3329 1910 3453 1966 qua
3506 1897 3652 1953 nihil

1981 1972 2261 2031 valemus
2293 1973 2388 2028 vel
2416 1990 2643 2032 sumus.
2671 1980 2895 2033 Caetera
2928 1994 3067 2034 vero
3096 1997 3233 2053 quae
3261 1982 3340 2038 ad
3390 1999 3651 2056 praesens

1980 2078 2106 2118 non
2137 2062 2476 2136 mittuntur,
2507 2065 2653 2139 quia
2679 2082 2791 2124 nec
2818 2067 2971 2123 adeo
3020 2070 3244 2143 scriptu
3282 2072 3497 2142 facilia,
3540 2091 3650 2132 nec

1981 2152 2124 2208 satis
2182 2152 2468 2210 idoneum
2525 2156 2800 2226 gerulum
2852 2157 3075 2215 habere
3116 2161 3303 2217 modo
3349 2162 3645 2233 videntur,

1980 2244 2101 2296 Deo
2131 2240 2391 2314 volente,
2424 2260 2601 2317 spero
2627 2261 2724 2301 me
2745 2246 2851 2303 tibi
2905 2246 3234 2306 missurum
3283 2251 3376 2307 vel
3422 2252 3649 2309 delatu-

1975 2345 2139 2398 rum,
2168 2346 2308 2388 cum
2338 2338 2750 2407 opportunum
2780 2339 3016 2409 tempus
3061 2342 3119 2394 et
3162 2339 3415 2397 latorem
3478 2341 3646 2399 inve-

1975 2421 2191 2479 nerim.
2226 2423 2461 2493 Valeas,
2507 2426 2710 2482 animo
2764 2443 2900 2483 meo
2955 2429 3322 2500 charissime,
3373 2438 3647 2489 mortuus

1974 2509 2117 2565 huic
2142 2512 2376 2568 mundo
2409 2513 2709 2570 Christum
2740 2514 2843 2570 tibi
2873 2515 3068 2572 vivere
3099 2518 3281 2585 noris,
3306 2520 3509 2576 virtuti
3560 2522 3646 2577 vi-

1972 2613 2104 2663 vas,
2137 2598 2212 2656 sit
2241 2599 2350 2656 tibi
2378 2618 2545 2658 mors
2594 2602 2896 2672 vitiorum,
2936 2621 3044 2662 ora
3098 2621 3210 2677 pro
3258 2623 3359 2662 me
3415 2608 3643 2665 famulo

1975 2690 2099 2755 tuo,
2132 2689 2321 2745 Pater.

1063 3048 1746 3177 SANG'I'I
1862 3048 2767 3182 PULBEBTI

1589 3291 1737 3377 TR
1748 3292 2087 3381 ACTAT
2092 3288 2157 3378 U
2170 3295 2228 3381 S

259 3506 341 3567 IN
389 3519 598 3566 ILLUD
638 3503 977 3563 ACTORUM
1006 3519 1124 3573 x11,
1160 3502 1192 3561 1
1228 3517 1242 3560 ε
1276 3498 1445 3560 Misit
1472 3496 1746 3558 Herodes
1776 3518 1888 3560 res
1911 3519 2150 3578 manus,
2184 3512 2249 3562 ut
2276 3503 2582 3584 afﬂigeret
2624 3503 2914 3584 quosdam
2946 3503 3017 3565 de
3066 3501 3369 3572 Ecclesia,
3401 3507 3548 3572 etc.,

1201 3660 1438 3723 Factus
1470 3658 1536 3719 in
1568 3657 1762 3719 Festo
1795 3661 2000 3722 sancti
2031 3662 2207 3724 Petri
2240 3665 2321 3725 ad
2352 3664 2627 3727 Vincula

1092 3821 1400 3893 (GALLAND.
1428 3816 1722 3883 Biblioth.
1750 3825 1844 3884 vet
1873 3820 2047 3885 Patr.
2072 3822 2221 3879 tom.
2258 3824 2392 3892 XIV,
2417 3838 2556 3898 pag.
2595 3823 2744 3893 177.)

271 4024 647 4096 Scripturam
673 4036 911 4084 sacram
957 4024 1139 4089 recte,
1186 4036 1327 4079 cum
1372 4018 1536 4089 legit,
1595 4018 1867 4091 intelligit
1904 4027 1945 4081 C
1975 4024 2142 4096 quod
2172 4024 2250 4085 ab
2283 4041 2355 4082 eo
2375 4024 2761 4082 faudabiliter
2790 4030 3031 4096 gestum
3089 4031 3198 4096 est,
3250 4027 3485 4083 malum
3539 4025 3640 4083 ali-

182 4115 302 4190 qui
331 4112 557 4173 modos
580 4112 849 4174 locutum
873 4111 1003 4183 ejus
1031 4127 1155 4172 non
1179 4108 1449 4180 negligit.
1502 4111 1618 4165 Hos
1667 4113 1870 4169 autem

184 4203 586 4267 considerare
612 4217 737 4259 non
778 4199 1012 4271 sufﬁcit,
1042 4200 1158 4257 nisi
1183 4199 1290 4272 qui
1318 4213 1459 4255 eam
1486 4197 1872 4256 meditatione

184 4294 490 4357 continua
513 4291 934 4365 irequentavit.
963 4294 1112 4351 Nam
1136 4288 1309 4357 sicut,
1340 4287 1577 4345 homini
1632 4287 1873 4353 cuilibet

184 4381 576 4458 frequentius
596 4379 1014 4453 colloquendo,
1042 4378 1335 4452 paulatim
1361 4377 1539 4450 cujus
1583 4376 1658 4434 sit
1680 4378 1873 4451 quali:—

186 4474 324 4538 tatis
353 4469 767 4537 adventimus,
816 4468 896 4528 ita
927 4472 985 4525 et
1011 4483 1243 4529 morem
1295 4467 1613 4539 Scripturee
1665 4482 1869 4536 sacrae,

185 4563 421 4627 sapius
451 4575 594 4621 eam
623 4558 1017 4626 retractando,
1050 4555 1496 4628 cognoscimus.
1522 4559 1662 4628 Ipsa
1687 4555 1870 4625 enim,

185 4652 346 4713 sicut
376 4653 624 4708 Patrum
653 4646 995 4716 magisterio
1024 4644 1371 4716 edocemur,
1398 4656 1869 4716 nonnunquam,

183 4757 299 4816 per
323 4741 451 4797 hoc
475 4736 649 4810 quod
677 4733 1147 4808 vituperabiliter
1165 4735 1341 4806 juxta
1389 4732 1703 4790 historiam
1743 4748 1871 4804 ges-

184 4837 323 4889 tum
351 4831 591 4893 narrat,
612 4824 887 4887 virtutem
914 4824 1092 4885 laude
1139 4823 1391 4895 dignam
1440 4823 1617 4894 juxta
1667 4822 1874 4895 mysti-

185 4936 334 4982 cum
353 4914 732 4977 intellectum
765 4912 1079 4984 signiﬁcat.
1106 4913 1228 4973 Hoc
1278 4916 1483 4979 autem
1537 4911 1600 4969 in
1648 4927 1720 4968 eo
1775 4911 1872 4969 vel

184 5008 470 5069 maxime
503 5003 709 5071 claret,
735 5002 903 5076 quod
930 5002 1007 5059 de
1063 5002 1252 5060 David
1297 5006 1355 5060 et
1401 5001 1538 5060 Urio
1576 5016 1748 5057 sacra
1778 5001 1870 5058 Hi-

185 5097 386 5157 storia
414 5099 660 5166 gestum
688 5092 905 5151 refert:
933 5092 1039 5153 ubi
1066 5096 1122 5149 et
1167 5091 1314 5151 Uria:
1357 5091 1647 5150 innocens
1691 5090 1871 5150 devo-

184 5187 294 5253 tin,
325 5183 687 5249 Iudaeorum
714 5180 1123 5246 inﬁdelitatem
1143 5179 1477 5251 designavit
1506 5198 1521 5248 ;
1553 5183 1610 5236 et
1662 5195 1872 5253 pecca-

185 5279 325 5341 tum
388 5270 657 5341 Davidis,
711 5273 1161 5329 sacramentum
1217 5284 1512 5340 magnum
1565 5268 1776 5329 Christi
1813 5272 1872 5325 et

1978 4113 2145 4186 quod
2182 4112 2566 4184 designetur;
2626 4128 2737 4169 nec
2787 4114 3016 4187 injusto
3059 4114 3305 4187 jllStllltB
3360 4115 3640 4173 meritum

1979 4201 2265 4274 conferat,
2321 4201 2552 4259 etiamsi
2603 4218 2711 4275 per
2769 4204 2887 4261 hoc
2940 4205 3103 4277 quod
3166 4205 3643 4280 improbabiliter

1979 4289 2181 4359 gessit,
2212 4289 2459 4362 aliquod
2478 4289 2713 4347 bonum
2743 4290 3052 4362 ﬁguretur.
3086 4298 3287 4367 Neque
3318 4296 3478 4352 enim
3509 4310 3642 4368 pec-

1979 4382 2180 4437 catum
2210 4379 2399 4438 David
2441 4378 2579 4437 ideo
2630 4386 2947 4452 peccatum
3004 4399 3129 4440 non
3179 4384 3287 4441 fuit
3341 4385 3485 4458 quia
3536 4384 3641 4440 bo—

1979 4483 2127 4533 num
2189 4467 2339 4531 illud
2384 4467 2721 4525 maximum
2764 4469 3064 4542 ﬁguravit,
3114 4477 3218 4529 aut
3273 4474 3417 4530 Urise
3466 4472 3639 4527 inno-

1980 4556 2175 4623 centia
2221 4556 2456 4625 malum
2510 4556 2621 4615 fuit
2641 4558 2785 4630 quia
2812 4559 3068 4616 inﬁdelis
3093 4562 3302 4634 populi
3353 4560 3636 4615 duritiam

1978 4645 2289 4717 desigavit.
2345 4648 2480 4705 Haec
2522 4646 2747 4704 ideirco
2791 4649 3213 4720 praemisimus,
3284 4664 3359 4705 ne
3414 4646 3635 4703 meritis

1978 4734 2323 4807 apostolicis
2373 4734 2699 4804 derogasse
2753 4736 2834 4792 ab
2887 4736 3090 4808 aliquo
3111 4736 3470 4807 judicemur,
3494 4750 3632 4790 cum

1976 4839 2083 4897 per
2112 4840 2185 4880 ea
2212 4840 2345 4897 quae
2370 4823 2445 4880 de
2496 4822 2611 4882 illis
2663 4823 2727 4880 in
2773 4824 3064 4881 hodierna
3109 4824 3361 4882 lectione
3388 4838 3636 4879 narran-

1978 4917 2092 4982 tur,
2118 4912 2346 4987 aliquid
2373 4912 2542 4986 quod
2567 4914 2864 4971 sanctitati
2888 4928 3098 4970 eorum
3150 4929 3275 4969 non
3318 4917 3630 4983 congruat,

1977 5004 2315 5075 signiﬁcare
2356 5003 2704 5060 dixerimus.
2762 5003 2949 5060 Hodie
2995 5018 3261 5076 namque
3313 5001 3508 5073 nobis,
3556 5002 3632 5059 de

1978 5109 2144 5153 more
2175 5090 2470 5162 Ecclesiae,
2493 5092 2904 5164 apostolorum
2959 5095 3214 5148 Aeniam
3265 5091 3438 5148 lectio
3482 5090 3631 5147 reci-

1978 5186 2153 5254 tatur,
2182 5182 2245 5238 in
2274 5196 2401 5254 qua
2437 5179 2620 5238 frater
2653 5180 2897 5237 Joannis
2932 5180 3189 5237 Jacobus
3246 5180 3445 5254 gladio
3496 5196 3633 5238 nar—

1976 5275 2140 5329 ratur
2163 5270 2414 5337 occisus,
2439 5269 2749 5341 apostolus
2777 5285 3022 5343 quoque
3048 5272 3249 5328 Petrus
3276 5275 3333 5327 et
3355 5286 3628 5344 compre-

188 5361 489 5429 Eoclesite
525 5358 826 5430 ﬁguravit.
881 5357 1201 5419 Sciendum
1246 5362 1447 5417 tamen
1493 5357 1640 5431 quia
1683 5358 1746 5415 in
1773 5358 1869 5414 his
1907 5380 1951 5434 ι)
1976 5359 2205 5416 hensus
2241 5356 2453 5427 legitur
2499 5360 2559 5412 et
2613 5362 2913 5431 exceptus.
2975 5358 3165 5428 Digna
3219 5376 3467 5435 prorsus
3508 5358 3627 5413 ﬁde

187 5470 335 5526 quin
360 5448 751 5513 historiaIiter
778 5452 911 5507 acta
939 5447 1293 5515 referuntur,
1325 5447 1634 5518 agentium
1663 5463 1864 5504 causae

189 5547 453 5615 propter
478 5537 976 5609 signiﬁcationem
999 5552 1121 5593 non
1147 5540 1455 5593 mutantur
1488 5557 1503 5603 ι
1530 5536 1613 5592 ita
1663 5540 1728 5593 ut
1754 5552 1867 5593 nec

187 5631 363 5705 im
382 5627 617 5705 aliqud
644 5627 723 5697 de
750 5626 978 5700 iustitia
1031 5641 1143 5683 sua
1178 5625 1430 5695 minuat,
1483 5625 1716 5684 etiamsi
1757 5640 1866 5702 per

1970 5445 2223 5505 historia
2278 5448 2386 5519 est,
2467 5443 2647 5502 etiam
2671 5446 2837 5518 μετα
2885 5446 3138 5506 litteram
3212 5446 3629 5504 venerabiliter

1972 5534 2430 5609 amplectenda;
2483 5540 2921 5605 verumtamen,
2974 5536 3119 5610 quia
3188 5539 3250 5593 in
3334 5533 3626 5608 spirituali

1971 5625 2127 5685 libro
2155 5624 2425 5701 Ecclesiae
2448 5625 2783 5684 continetur
2828 5629 2885 5684 et
2907 5642 2981 5682 ex
3002 5625 3104 5682 illa
3118 5625 3399 5701 quadam
3424 5626 3622 5679 Patres
