3996 6176
368 178 471 230 279

1407 171 1463 226 S.
1506 171 1848 226 FULBEBTI
1889 165 2368 226 CARNOTENSIS
2407 165 2748 224 EPISCOPI.

3686 167 3794 224 280

367 296 743 370 spiritualiter
771 293 1126 350 intellexisse
1152 293 1406 362 legimus
1435 312 1448 363 ;
1480 309 1602 351 non
1644 294 1880 351 videtur
1934 292 2020 349 in-
2059 294 2107 348 Δ
2136 289 2361 362 quibus
2389 289 2497 346 etsi
2548 290 2955 347 numerositas
3004 288 3449 363 triumphorum
3506 304 3793 347 coronam

367 402 704 455 congruum
735 385 803 451 si,
831 382 1090 439 historiae
1123 384 1364 440 veritate
1402 388 1656 451 servata,
1714 382 2023 457 quomodo

366 473 746 547 spiritualiter
801 475 924 527 tota
981 472 1171 546 possit
1213 472 1459 543 intelligi
1514 473 2022 529 demonstremus.

368 564 484 619 Sed
506 564 632 633 jam
667 560 989 616 audiamus
1018 561 1351 617 exordium.

438 656 475 707 1.
509 651 674 705 Misit
704 651 967 706 Herodes
999 667 1108 707 rex
1135 667 1370 718 manus,
1398 657 1460 706 ut
1502 652 1801 722 afﬂigeret
1853 665 2028 722 quos-

364 740 504 796 dam
535 740 607 795 de
632 740 903 796 Ecclesia
931 740 1087 809 (Act.
1120 756 1220 810 xu,
1258 744 1277 795 1
1307 742 1509 812 seqq.).
1542 741 1728 806 Quem
1774 738 1889 794 sub
1923 738 2031 793 He-

364 826 527 881 rodis
555 824 855 882 vocabulo
885 827 1151 897 accipere
1173 826 1504 882 debeamus
1532 826 1953 897 signiﬁcatum,
1973 828 2032 881 et

365 916 627 973 nominis
657 916 787 987 ejus
819 915 1218 989 appellatione
1251 921 1308 972 et
1328 916 1524 988 operis
1551 916 1896 972 crudelitate
1927 915 2030 971 do-

368 1005 858 1061 cemur.Herodes
888 1005 1110 1078 quippe
1140 1006 1426 1075 petliceus
1456 1006 1888 1079 interpretatur,
1907 1022 2029 1079 quo

368 1094 613 1150 nomine
638 1099 796 1149 recte
837 1095 1121 1167 antiquus
1179 1094 1429 1150 humani
1472 1095 1705 1165 generis
1749 1096 2031 1152 adversa-

368 1184 492 1238 rius
522 1184 868 1253 designatur
893 1202 905 1250 ;
941 1184 1111 1253 cujus
1143 1183 1524 1240 suasionibus
1543 1184 1690 1241 dum
1720 1184 1899 1258 primi
1921 1185 2027 1240 ho-

347 1270 564 1327 ‘mincs
594 1272 994 1339 crediderunt,
1055 1273 1205 1328 stola
1259 1273 1719 1330 immortalitatis
1773 1274 2026 1348 perdita,

371 1361 651 1433 pellieeas
680 1362 913 1437 tunicas
945 1362 1322 1418 mortalitatis
1379 1363 1605 1419 indices
1645 1368 2022 1437 acceperunt.

370 1453 541 1520 Nam,
572 1449 714 1522 quia
744 1436 928 1522 pﬁles
958 1451 1208 1506 mortuis
1230 1451 1594 1507 animalibus
1617 1436 1807 1509 solent
1834 1452 2028 1509 detra-

368 1538 451 1605 hi,
485 1554 607 1594 non
658 1538 986 1608 incongrue
1038 1554 1145 1611 per
1200 1540 1479 1613 pelliceas
1533 1542 1766 1598 tunicas
1815 1542 2029 1598 dicitur

2136 377 2396 435 victorias
2425 379 2798 453 repromittit,
2830 380 2946 436 hoc
2977 378 3182 453 ipsum
3213 383 3417 436 tamen
3447 379 3615 452 quod
3668 395 3793 436 ere-

2134 467 2246 525 bro
2275 467 2563 526 dimicare
2594 473 2912 540 coguntur,
2972 484 3076 525 eos
3123 468 3510 525 vehementer
3565 467 3791 538 aﬁligit.

2122 556 2400 619 -Scientes
2425 572 2692 631 namque
2721 557 3053 614 humanam
3082 556 3460 627 fragilitatem
3485 556 3567 613 ad
3586 573 3796 614 casum
3836 564 3847 568 '

2134 661 2263 702 esse
2285 645 2675 719 praecipitem,
2719 646 2894 703 valde
2947 646 3206 720 suspecti
3249 650 3411 714 sunt,
3456 662 3531 703 ne
3581 645 3794 715 hostis,

2136 736 2239 809 qui
2266 752 2369 793 eos
2398 736 2477 793 ad
2507 740 2810 794 certamen
2838 736 3210 810 frequentius
3222 741 3527 811 provocat,
3585 736 3797 793 remis-

2139 823 2265 880 sius
2295 823 2669 882 decertantes
2698 824 3067 899 quandoque
3118 825 3412 882 devincat.
3454 825 3796 883 Notandum

2135 911 2361 969 interea
2390 913 2557 987 quod
2586 929 2710 970 non
2741 914 2992 971 dicitur:
3033 915 3105 972 Ut
3123 916 3421 985 afﬂigeret
3439 915 3796 986 Ecclesium,

2138 1002 2245 1058 sed
2265 1002 2551 1074 quosdam
2582 1004 2656 1059 de
2682 1004 2954 1061 Ecclesia
2988 1021 3003 1072 ;
3029 1004 3198 1077 quia,
3228 1003 3338 1060 etsi
3351 1002 3557 1061 ﬁdeles
3580 1019 3798 1060 omnes

2137 1091 2276 1148 odio
2308 1091 2571 1162 generali
2598 1092 2999 1167 persequitur,
3048 1093 3435 1150 acerbitatem
3486 1097 3691 1150 tamen
3734 1093 3799 1149 il-

2133 1180 2249 1236 lius
2276 1180 2355 1236 illi
2414 1181 2656 1252 gravius
2724 1181 3007 1254 sentiunt,
3061 1182 3167 1255 qui
3215 1181 3446 1239 levibus
3487 1182 3797 1239 desideriis

2136 1270 2267 1341 ejus
2317 1275 2556 1327 matura
2605 1270 2893 1341 gravitate
2945 1271 3246 1328 resistunt.
3316 1272 3478 1338 Quos
3524 1270 3800 1329 videlicet

2136 1362 2302 1415 tanto
2330 1359 2588 1416 atrocius
2614 1360 2951 1433 impugnat,
2984 1364 3213 1433 quanto
3241 1376 3345 1416 eos
3376 1359 3584 1417 fortius
3619 1375 3798 1434 repu-

2136 1452 2388 1518 gnantes
2409 1448 2765 1505 considerat.
2797 1448 2892 1504 Vel
2913 1454 3067 1505 certe
3096 1448 3294 1504 missis
3319 1449 3601 1505 manibus
3615 1466 3798 1523 quos-

2137 1536 2282 1593 dam
2314 1537 2652 1611 specialiter
2678 1538 2941 1594 Herodes
2970 1537 3199 1608 afﬂigit,
3232 1554 3394 1607 cum,
3440 1544 3797 1595 testamenta

370 1628 702 1683 mortalitas
732 1627 996 1698 ﬁgurari.
1031 1631 1191 1694 Quas
1217 1629 1464 1701 quidem
1494 1631 1726 1687 tunicas
1758 1634 1912 1687 Deus
1950 1632 2028 1689 fe-
2066 1645 2108 1699 B
2137 1625 2296 1682 illius
2322 1626 2452 1683 aliis
2475 1626 2888 1697 evadentibus,
2921 1627 3071 1684 alios
3092 1627 3166 1684 ad
3199 1626 3477 1685 Vitiorum
3530 1628 3809 1704 precipi-A

367 1717 516 1773 cisse
546 1722 602 1773 et
626 1718 900 1773 homines
924 1717 1193 1773 induisse
1235 1718 1451 1789 legitur
1484 1739 1497 1788 ;
1532 1737 1655 1777 non
1708 1722 1875 1795 quod
1920 1738 2025 1778 eos

368 1806 496 1879 ipse
527 1807 809 1862 mortales
838 1807 1146 1878 creaverit,
1182 1807 1255 1863 de
1312 1825 1435 1881 quo
1495 1811 1795 1884 Scriptura
1845 1829 2029 1870 verax

365 1896 653 1953 veraciter
680 1899 1037 1967 protestatur
1070 1914 1083 1951 :
1121 1898 1271 1965 Quia
1301 1899 1458 1955 Deus
1499 1907 1746 1958 mortem
1776 1918 1896 1960 non
1937 1905 2027 1974 fe-

368 1986 497 2054 cit;
527 1982 634 2038 sed
664 1982 826 2055 quia,
874 2000 1028 2057 quos
1050 1985 1129 2040 ad
1160 1986 1345 2042 vitam
1372 1992 1675 2059 aeternam,
1706 1991 1754 2047 si
1783 1991 2031 2049 manda-

369 2077 497 2128 tum
555 2077 876 2143 servarent,
936 2074 1222 2142 condidit,
1278 2081 1417 2148 post
1476 2080 2028 2150 praevaricationem

370 2159 652 2216 mortales
711 2161 898 2217 factos
955 2162 1087 2235 ipsa
1114 2164 1292 2220 vestis
1322 2166 1603 2238 qualitate
1654 2171 2024 2228 monstravit.

371 2250 486 2307 Sed
513 2249 693 2320 hujus
726 2249 1060 2307 indumenti
1088 2252 1213 2325 ipse
1243 2255 1482 2328 proprie
1533 2257 1879 2315 hominibus
1929 2275 2031 2316 au-

369 2343 494 2394 ctor
523 2339 759 2408 exstitit,
786 2340 889 2412 qui
917 2341 1001 2396 eis
1026 2341 1267 2415 culpam
1292 2361 1413 2417 qua
1468 2345 1613 2403 illud
1663 2353 2030 2405 mererentur

368 2425 766 2498 promissione
797 2428 1133 2486 seductoria
1160 2433 1475 2505 persuasit.
1504 2437 1530 2490 J
1539 2450 1639 2491 ure
1682 2436 1860 2507 igitur
1900 2438 2026 2511 ipse

369 2514 654 2587 pellieeus
687 2515 1051 2587 nominatur,
1077 2520 1250 2590 cujus
1279 2521 1558 2579 instinctu
1604 2524 1874 2582 humana
1927 2542 2030 2583 na-

370 2608 503 2659 tura
526 2604 785 2677 pclliceis
812 2606 1027 2662 tunicis
1082 2614 1337 2666 mortem
1384 2611 1859 2681 significantibus
1884 2616 2030 2673 ami-

369 2692 537 2750 citur.
572 2697 691 2749 Rex
720 2699 921 2751 autem
950 2696 1211 2754 Herodes
1236 2700 1342 2756 iste
1363 2708 1631 2770 vocatur,
1656 2705 1798 2777 quia
1826 2705 2027 2779 ipsum

369 2799 497 2839 esse
525 2799 717 2854 regem
742 2801 923 2855 super
952 2802 1150 2844 omnes
1178 2791 1336 2858 ﬁlios
1388 2794 1683 2862 superbire
1727 2795 2027 2868 Scriptura

368 2875 649 2938 testatur;
681 2872 868 2943 quiet
923 2875 1206 2932 omnibus
1254 2880 1526 2948 regimini
1576 2897 1686 2937 suo
1741 2883 2026 2955 subjectis

367 2958 445 3014 ad
475 2964 728 3014 mortem
754 2966 1107 3053 perpetuam
1132 2966 1522 3039 principatur.
1552 2970 1733 3042 Cujus
1773 2972 2022 3030 Herodis
2053 2995 2095 3053 ο

367 3062 590 3137 manus
623 3053 763 3137 sunt
785 3049 876 3105 vel
907 3051 1155 3123 maligni
1187 3053 1425 3127 spiritus
1451 3059 1553 3131 qui
1583 3059 1663 3117 illi
1692 3060 1771 3118 ad
1811 3062 2024 3137 decep-

369 3134 594 3190 tionein
620 3135 1055 3210 obsequuntur,
1086 3141 1181 3198 vel
1228 3149 1382 3201 certe
1431 3150 1691 3220 perversi
1727 3134 2022 3222 homines,

368 3222 429 3278 in
454 3222 696 3295 quibus,
727 3225 898 3295 juxta
922 3229 1090 3285 Pauli
1137 3248 1371 3303 vocem,
1430 3238 1762 3309 iniquitatis
1814 3248 2027 3312 myste-

367 3313 525 3404 riwrz
566 3320 892 3404 cperatar.
954 3318 1151 3374 Hostis
1201 3321 1447 3395 quippe,
1501 3326 1784 3385 humanae
1832 3331 2027 3404 perdi-

365 3399 541 3455 tionis
562 3400 971 3458 insatiabiliter
998 3406 1228 3474 avidus,
1280 3425 1417 3466 cum
1448 3412 1501 3467 ei
1549 3414 1627 3470 ad
1656 3399 1864 3474 votum
1917 3436 2027 3477 sua

368 3489 567 3544 solum
598 3490 863 3561 nequitia
888 3507 1009 3548 non
1040 3495 1307 3567 plenarie
1361 3500 1663 3570 satisfecit,
1724 3506 1803 3562 ad
1858 3524 2025 3566 exsa-

370 3576 640 3631 tiandam
671 3578 895 3635 famem
927 3597 1051 3636 sure
1082 3585 1322 3642 malitia».
1362 3589 1555 3645 socios
1591 3592 1703 3649 sibi
1732 3595 1824 3652 vel
1860 3598 2026 3655 mali-

368 3680 520 3756 gnos
551 3664 791 3756 spiritus
820 3668 915 3724 vel
940 3670 1214 3728 homines
1242 3690 1554 3747 perversos
1585 3682 1877 3756 adjungit.
1913 3688 2022 3754 Qui

368 3753 658 3809 nimirum
713 3755 792 3811 ad
847 3757 1153 3818 liesionem
1210 3763 1508 3824 bonorum
1588 3753 1757 3829 toties
1783 3753 2022 3834 imanus

366 3840 563 3939 mittit,
596 3843 832 3939 quoties
876 3847 1043 3903 cordi
1072 3864 1282 3908 eorum
1311 3854 1405 3910 vel
1433 3872 1542 3930 per
1581 3858 1880 3934 subjectos
1909 3866 2023 3939 spi-

366 3925 513 3982 ritus
544 3928 862 3989 immunda
884 3934 1180 3995 desideria
1200 3940 1407 4013 injicit,
1433 3925 1526 4002 vel
1554 3963 1663 4020 per
1686 3925 2022 4013 humanam

369 4016 659 4074 saevitiam
681 4026 890 4078 contra
919 4039 1021 4080 eos
1049 4026 1112 4082 in
1135 4030 1408 4089 exteriori
1431 4016 1752 4095 acerbitate
1784 4043 2023 4100 crudes-

365 4103 461 4204 cit.
487 4106 657 4204 Quod
683 4109 844 4166 enim
875 4117 1083 4171 contra
1105 4122 1286 4191 caput
1317 4126 1594 4182 nostrum
1642 4129 1827 4186 semel
1880 4133 2020 4204 egit,

365 4189 480 4246 hoc
502 4193 679 4249 etiam
711 4203 919 4257 contra
947 4217 1059 4259 nos
1114 4189 1391 4266 membra
1441 4211 1570 4285 ejus
1621 4189 2024 4280 indesinenter

365 4292 541 4377 agere
569 4297 693 4377 non
718 4286 949 4346 omittit.
977 4294 1127 4348 Nam
1149 4296 1292 4368 quia
1322 4306 1585 4360 mentem
1610 4306 1741 4377 ejus
1790 4313 2019 4369 tentan-

364 4365 443 4460 do
464 4374 781 4460 penetrare
807 4391 928 4433 non
957 4365 1190 4452 potuit;
1204 4384 1284 4441 ad
1330 4365 1744 4460 perimendam
1774 4413 2019 4458 carnem

362 4452 570 4525 ipsius,
604 4475 824 4518 manus
845 4481 1006 4536 suas,
1036 4470 1307 4531 videlicet
1330 4452 1542 4536 :Iudteo
1569 4486 1626 4538 et
1666 4484 1883 4544 milites
1914 4492 2023 4547 Ro-

361 4553 901 4648 manos,‘armavit.
938 4556 1029 4613 Sic
1060 4575 1203 4630 ergo
1255 4564 1432 4622 etiam
1491 4585 1673 4641 nunc,
1722 4576 1955 4648 quoties
1983 4596 2021 4637 a

360 4632 538 4687 corde
566 4634 890 4739 electorum
919 4646 1240 4739 repellitur,
1264 4657 1328 4709 ut
1356 4670 1459 4712 eos
1479 4632 1690 4717 saltem
1720 4632 1782 4719 in
1812 4632 2021 4739 corpo:

358 4733 420 4773 re
448 4807 458 4818 .
486 4722 762 4818 perimat,
822 4728 1048 4790 invidia
1093 4738 1437 4800 ardescente
1494 4722 2018 4813 succenditur.

357 4808 503 4909 quid
535 4817 738 4909 autem
770 4820 1076 4909 tantopere
1108 4829 1329 4899 saeviat,
1362 4836 1646 4909 aperitur,
1680 4808 2014 4901 cumisuh:

356 4895 559 4996 ditur:
620 4904 692 4958 Ut
745 4908 1045 4996 afﬂigeret
1104 4895 1422 4987 quosdam.
1447 4926 1521 4983 de
1909 4895 2016 4992 Ea

355 5000 515 5095 enim
537 4995 994 5095 quamprimum
1023 5002 1271 5064 intentio
1300 5009 1467 5069 illum
1498 5016 1577 5072 ad
1606 5022 2016 5095 contemplan-

355 5070 853 5175 dam‘electorum
881 5087 1288 5154 innocentiam
1318 5104 1593 5175 concitat,
1652 5112 1717 5165 ut
1766 5070 1883 5167 velr
1907 5128 2016 5169 eos

352 5161 676 5272 irpiulpam
704 5185 1004 5272 perversa.
1025 5183 1338 5245 suadendo
1386 5161 1644 5264 dejiciat,
1687 5196 1782 5253 vel
1832 5204 2014 5270 certe,

346 5436 535 5535 Ξένξδ
572 5436 1096 5535 ’θοηίθΨΡῙδοΐξᾘιθ
1160 5436 1553 5525 requiescere?
1593 5436 1844 5535 appetit,
1893 5462 2012 5518 hoc

344 5516 877 5614 ipso'vehementer
906 5530 1190 5604 afﬂigitur
1212 5516 1377 5614 q-uod
1408 5516 2011 5609 occultoIiIn—sidiatori

343 5607 627 5664 continua
676 5620 1098 5686 congressione
1170 5607 1508 5703 repugnare
1572 5607 2003 5717 compellitur;

2137 1716 2221 1773 tia
2252 1716 2451 1773 trahit.

2212 1809 2275 1861 ll.
2307 1806 2621 1879 Sequitur:
2674 1807 2905 1865 Occidit
2956 1815 3153 1867 autem
3202 1809 3491 1866 Jacobum
3540 1814 3795 1879 fratrem

2137 1898 2383 1952 Joannis
2411 1895 2638 1967 gladio.
2663 1896 2830 1954 Hanc
2860 1896 3108 1971 quidem
3137 1898 3295 1955 beati
3330 1895 3534 1955 Jacobi
3562 1897 3796 1972 passio-

2138 1999 2282 2041 nem
2311 1985 2478 2041 omni
2506 1986 2889 2044 veneratione
2940 1987 3324 2061 suscipimus,
3377 1986 3688 2044 credentes
3741 1991 3798 2043 et

2136 2072 2305 2129 illum
2336 2089 2445 2147 pro
2476 2073 2780 2148 triumpho
2805 2076 3075 2149 martyrii
3099 2076 3340 2148 justitiae
3361 2091 3586 2133 corona
3608 2076 3797 2133 dona-

2139 2165 2288 2232 tum,
2316 2166 2373 2218 et
2396 2162 2635 2219 hostem
2660 2164 2853 2237 ipsius
2892 2181 3003 2239 pro
3047 2181 3155 2221 sua
3211 2164 3551 2222 crudelitate
3602 2169 3799 2222 morte

2138 2256 2362 2308 aeterna
2390 2252 2763 2311 mulctatum.
2800 2255 2915 2311 Sed
2942 2255 3109 2329 quod
3129 2256 3300 2327 juxta
3342 2255 3653 2312 historiam
3706 2271 3799 2311 se-

2138 2338 2259 2395 mel
2281 2339 2506 2397 factum
2536 2341 2897 2410 audivimus,
2928 2356 3051 2399 non
3081 2344 3298 2400 frutras
3311 2343 3623 2416 quomodo
3650 2359 3800 2418 quo-

2138 2425 2278 2485 tidie
2306 2428 2413 2485 ﬁat
2439 2430 2708 2502 mystice,
2741 2437 3210 2504 perscrutamur.
3244 2433 3393 2499 Quia
3421 2432 3603 2505 igitur
3624 2434 3795 2490 Jaco-

2134 2515 2250 2574 bus
2279 2519 2544 2576 luctator
2562 2524 2618 2576 et
2641 2522 3070 2591 supplantator
3085 2522 3523 2596 interpretatur,
3547 2527 3603 2579 et
3623 2525 3798 2579 Joan-

2135 2622 2265 2677 nes,
2285 2609 2489 2679 gratia
2519 2610 2651 2679 Dei,
2680 2615 2934 2683 possunt
2973 2628 3082 2685 per
3134 2613 3263 2668 hth
3319 2612 3442 2669 duo
3496 2611 3797 2670 vocabula

2136 2695 2258 2753 duo
2288 2696 2350 2752 in
2380 2697 2639 2755 Ecclesia
2663 2699 2903 2756 ordines
2930 2701 3177 2771 ﬁgurari
3208 2719 3220 2756 :
3258 2702 3436 2758 unius
3461 2701 3685 2759 scilicet
3709 2702 3796 2758 in-

2137 2785 2505 2858 cipientium,
2533 2787 2640 2861 qui
2670 2788 2870 2846 adhuc
2894 2789 2955 2846 in
2983 2789 3145 2847 lucta
3164 2790 3304 2848 ﬁdei
3351 2796 3561 2850 contra
3591 2790 3797 2848 diabo-

2134 2873 2263 2931 lum
2291 2879 2477 2933 certat
2510 2893 2523 2943 ;
2552 2876 2704 2934 alius
2731 2882 2933 2936 autem
2970 2895 3182 2937 eorum
3220 2881 3346 2954 qui,
3402 2896 3511 2955 per
3538 2880 3794 2951 gratiam

2139 2963 2241 3020 Dei
2270 2969 2550 3039 superato
2580 2966 2946 3041 adversario,
2978 2968 3145 3026 nulla
3184 2971 3314 3042 jam
3346 2970 3557 3028 mentis
3607 2970 3793 3026 insta-

2135 3051 2425 3110 bilitatem
2454 3054 2711 3112 vacillat.
2744 3061 2796 3113 Is
2821 3062 3022 3114 autem
3052 3057 3157 3132 qui
3181 3058 3456 3128 luctatur,
3476 3058 3660 3116 modo
3691 3075 3795 3114 su-

2134 3154 2266 3215 pra,
2296 3142 2482 3199 modo
2504 3143 2659 3202 infra
2686 3144 3028 3220 inspicitur;
3059 3148 3140 3204 ita
3160 3153 3219 3205 et
3229 3147 3354 3222 qui,
3378 3147 3637 3206 necdum
3653 3163 3795 3223 per-

2135 3231 2283 3288 fecte
2313 3234 2672 3306 compressis
2702 3234 2900 3291 carnis
2927 3236 3214 3308 motibus,
3243 3242 3451 3295 contra
3478 3236 3795 3294 diabolum

2133 3318 2456 3394 luctantur,
2487 3322 2569 3379 sic
2595 3322 2765 3379 illum
2796 3323 2910 3381 sibi
2939 3325 3322 3397 subjicientes
3378 3326 3792 3401 supplantant,

2134 3411 2201 3464 ut
2228 3407 2307 3465 ab
2358 3409 2461 3466 illo
2512 3411 2691 3469 etiam
2747 3412 3085 3487 aliquoties,
3140 3415 3352 3473 saltem
3400 3415 3793 3473 delectatione

2132 3497 2335 3565 noxia,
2359 3498 2835 3573 supplantentur.
2870 3503 3013 3569 Quae
3043 3503 3316 3561 videlicet
3367 3505 3551 3562 noxia
3598 3503 3795 3561 delec-

2134 3586 2275 3643 tatio
2301 3586 2350 3642 si
2378 3603 2502 3644 non
2532 3588 2647 3645 cito
2674 3593 3098 3665 compescitur,
3127 3594 3401 3667 protinus
3432 3594 3660 3666 anima,
3705 3594 3794 3650 vi-

2133 3673 2264 3731 talis
2296 3675 2443 3733 ﬂatu
2457 3676 2699 3748 justitiaa
2730 3681 2983 3753 perdito,
3008 3698 3345 3740 consensus
3384 3684 3587 3755 gladio
3618 3682 3793 3741 truci—

2130 3762 2326 3820 datur.
2351 3766 2522 3822 Recte
2542 3782 2685 3839 ergo
2697 3785 2808 3827 con
2815 3786 3027 3827 sensus
3041 3771 3419 3831 delectationi
3438 3772 3792 3841 succedens,

2131 3853 2367 3926 gladius
2420 3858 2774 3932 appellatur,
2833 3861 2998 3934 quia,
3041 3862 3198 3920 intra
3275 3869 3547 3921 sanctam
3599 3863 3797 3920 Eccle-

2132 3941 2305 4012 siam,
2335 3944 2417 4002 illi
2441 3962 2686 4021 quoque
2718 3949 2823 4023 qui
2875 3950 3302 4009 blandimentis
3343 3952 3564 4010 diaboli
3617 3968 3794 4009 enor-

2131 4032 2306 4091 miter
2335 4036 2760 4110 succumbunt,
2790 4056 2930 4096 cum
2956 4040 3069 4097 illis
3096 4042 3203 4115 qui
3249 4058 3356 4117 per
3383 4043 3637 4115 gratiam
3688 4042 3795 4100 Dei

2129 4122 2193 4179 in
2211 4122 2421 4181 virtute
2449 4126 2692 4199 perfecti
2723 4133 2880 4198 sunt,
2910 4145 3032 4186 uno
3056 4130 3223 4187 verbi
3245 4130 3472 4188 semine
3493 4133 3795 4208 concepti,

2130 4228 2254 4270 uno
2280 4218 2501 4271 sancta:
2530 4216 2737 4274 matris
2762 4219 3037 4276 Ecclesiae
3065 4224 3233 4277 utero
3263 4226 3405 4279 sunt
3429 4222 3639 4280 renati.
3674 4223 3799 4281 Sic»

2132 4318 2251 4376 que
2273 4302 2407 4361 illos
2439 4306 2786 4365 meritorum
2811 4309 3125 4367 diversitas
3154 4317 3415 4386 separat,
3474 4318 3541 4370 ut
3586 4319 3797 4370 tamen

2133 4397 2647 4452 sacramentorum
2676 4399 3025 4456 communio
3053 4400 3346 4474 quadam,
3375 4407 3437 4459 ut
3490 4402 3573 4459 ita
3626 4402 3796 4460 dixe-v

2130 4481 2266 4551 rim,
2293 4483 2435 4540 ﬁdei
2459 4487 2977 4558 consanguinitate
3007 4491 3355 4562 conjungat.
3386 4495 3501 4549 Nec
3557 4509 3791 4550 novum

2131 4586 2276 4628 sane
2302 4571 2351 4628 si
2398 4588 2604 4630 semen
2643 4576 2893 4634 verbum
2945 4578 3180 4649 dicitur,
3236 4580 3381 4654 quia
3430 4586 3491 4638 et
3538 4582 3787 4650 Paulus,

2130 4675 2268 4715 cum
2322 4660 2483 4717 idem
2535 4663 2791 4720 verbum
2836 4681 3017 4739 super
3069 4667 3256 4724 corda
3333 4670 3789 4727 Atheniensium

2129 4754 2454 4822 spargeret,
2481 4749 2560 4806 ab
2586 4751 2816 4810 eisdem
2857 4754 3319 4814 Seminiverbius
3371 4763 3620 4816 vocatus
3670 4764 3785 4816 est.

2131 4837 2189 4896 Si
2212 4842 2417 4895 autem
2444 4855 2553 4913 per
2576 4841 2735 4899 hanc
2763 4845 3029 4918 Apostoli
3052 4861 3263 4903 necem
3290 4863 3416 4905 non
3461 4864 3629 4906 mors
3652 4865 3793 4923 peo-

2127 4928 2264 5001 cati,
2298 4929 2404 4985 sed
2432 4930 2654 5002 carnis,
2686 4933 2992 5007 accipitur,
3023 4935 3337 4995 sciendum
3366 4942 3457 4995 est
3483 4938 3629 5012 quia
3658 4955 3791 4996 cru-

2128 5017 2277 5075 delis
2307 5018 2708 5090 adversarius,
2737 5020 3044 5080 lassionem
3067 5024 3372 5083 bonorum
3392 5042 3634 5101 semper
3655 5044 3793 5085 esu-

2127 5109 2306 5179 riens,
2338 5126 2479 5166 cum
2504 5110 2589 5183 (ut
2608 5127 2793 5185 supra
2820 5110 3049 5178 dictum
3080 5118 3186 5188 est)
3218 5117 3298 5174 ad
3327 5116 3676 5176 interiorem
3724 5134 3789 5176 se

2125 5198 2445 5270 praevalere
2472 5215 2596 5256 non
2621 5216 2802 5275 posse
2823 5203 3178 5274 considerat,
3211 5222 3352 5263 eum
3376 5207 3483 5281 qui
3530 5206 3647 5265 sibi
3698 5225 3792 5267 re~

2127 5286 2296 5357 sistit,
2327 5288 2540 5346 saltem
2587 5291 2972 5364 corporaliter
3023 5295 3319 5354 trucidare
3363 5296 3619 5354 festinat.
3669 5299 3787 5356 Sed

1989 5405 2013 5416 -
2124 5375 2395 5448 quolibet
2442 5378 2628 5435 modo
2675 5379 2874 5437 electis
2927 5390 3159 5452 noceat,
3213 5386 3346 5458 ejus
3403 5387 3630 5445 smvitia
3670 5387 3788 5445 illis

2123 5463 2386 5519 maxime
2424 5466 2621 5537 placet
2673 5468 2917 5541 quibus,
2968 5486 3079 5543 pro
3108 5488 3220 5529 sua
3244 5472 3608 5543 innocentia,
3659 5475 3786 5531 vita

2117 5549 2393 5608 ﬁdelium
2422 5554 2714 5627 displicet.

2196 5643 2288 5703 ιιι.
2309 5642 2474 5699 Unde
2491 5647 2549 5700 et
2576 5646 2844 5719 sequitur
2867 5667 2880 5705 :
2912 5650 3123 5709 Videas
3136 5659 3338 5712 autem
3351 5658 3497 5730 quia
3502 5657 3785 5727 placeret
