4018 6176
201 172 300 225 281

1115 169 1514 229 TRACTATUS
1552 170 1620 224 IN
1667 163 1868 223 VERS.
1924 172 1945 224 Ι
1997 170 2150 227 CAP.
2193 172 2285 226 XII
2326 175 2481 230 ACT.
2522 171 2764 232 APOST.

3563 181 3671 237 282

200 294 455 357 Judazis,
487 294 773 363 apposuit
801 295 1258 364 apprehendere
1285 302 1339 352 et
1391 297 1657 351 Petrum.
1687 291 1883 346 Judzei
1924 296 1974 348 Α
2004 297 2070 349 ut
2098 294 2419 352 robustum
2449 313 2753 370 quemque
2773 295 3052 370 decipiat,
3084 297 3444 372 multiplices
3498 302 3670 360 dece-

203 399 499 455 namque,
530 383 637 455 qui
670 386 1023 453 conﬁtentes
1052 385 1527 458 interpretantur,
1559 399 1712 455 quos
1737 381 1888 437 alios

199 474 319 530 hoc
350 473 416 529 in
443 473 578 529 loco
608 471 955 544 designant,
978 476 1099 530 nisi
1143 492 1242 531 eos
1263 475 1383 548 qui,
1411 475 1582 546 juxta
1636 476 1889 545 Aposto-

196 563 354 632 lum,
391 564 782 632 Conﬁtentur
811 580 873 620 se
901 580 1074 621 nosse
1115 565 1322 632 Deum,
1352 565 1532 634 factis
1562 568 1760 618 autem
1790 576 1891 616 ne-

198 659 357 724 gant
373 657 402 708 ?
429 655 690 707 Possunt
711 657 916 708 tamen
927 653 1273 710 Judaeorum
1293 652 1534 709 nomine
1562 651 1739 706 etiam
1768 649 1887 705 im-

197 741 421 798 mundi
451 741 696 814 spiritus
717 742 934 815 accipi,
962 743 1143 814 quiet
1162 742 1273 814 ipsi
1290 743 1348 798 in
1373 739 1710 811 Evangelio,
1735 739 1887 795 dum

197 832 276 887 de
306 830 590 886 obsessis
619 831 979 904 corporibus
1008 831 1384 904 pellerentur,
1417 845 1769 904 quanquam
1796 830 1890 885 in-

196 921 304 976 viti
340 920 654 977 Christum
688 921 786 976 Dei
819 920 939 976 vivi
967 921 1177 977 Filium
1233 921 1588 978 fatebantur.
1618 919 1728 976 Sed
1760 919 1888 974 sive

195 1027 530 1084 perversos
561 1011 857 1078 homines,
893 1027 1000 1066 seu
1024 1011 1370 1066 immundos
1389 1010 1626 1083 spiritus
1651 1009 1889 1065 Judan-

194 1117 338 1156 rum
370 1099 675 1155 vocabulo
701 1100 1052 1170 designatos
1078 1100 1464 1172 accipiamus,
1491 1103 1721 1154 constat
1749 1114 1891 1170 pro-

196 1190 356 1245 fecto
383 1189 537 1262 quia
592 1189 666 1243 de
715 1188 1027 1244 bonorum
1085 1188 1399 1244 afﬂictione
1457 1188 1690 1259 utrique
1743 1191 1888 1242 voto

196 1294 326 1334 non
353 1277 591 1350 dispari
626 1278 1030 1348 gratulantur.
1089 1277 1252 1334 Unde
1283 1282 1340 1333 et
1368 1277 1525 1332 idem
1557 1281 1739 1349 caput
1776 1276 1890 1331 ini-

197 1383 472 1441 quorum
505 1367 583 1422 ad
616 1367 1076 1440 persequendos
1108 1367 1300 1423 bonos
1331 1371 1496 1423 tanto
1553 1366 1890 1439 expeditius

198 1458 474 1528 accingit
522 1473 602 1525 se,
635 1463 873 1529 quanto
902 1475 965 1513 se
1018 1474 1127 1530 per
1157 1458 1268 1513 hoc
1296 1458 1449 1514 votis
1481 1474 1730 1513 suorum
1760 1473 1891 1512 am-

197 1549 365 1622 plius
397 1546 733 1603 satisfacere
771 1547 974 1602 sentit.
1008 1547 1122 1603 Sed
1146 1547 1307 1618 justo
1339 1553 1526 1603 morte
1558 1547 1756 1602 carnis
1780 1562 1889 1619 pe-

2002 383 2280 454 ptionum
2305 385 2555 458 laqueos
2581 388 2777 442 nectit.
2812 386 2982 442 Nulla
3005 393 3203 442 autem
3260 389 3458 446 callidi
3489 395 3672 448 tenta-

2001 472 2142 528 toris
2173 478 2300 530 arte
2331 481 2454 530 tam
2476 475 2590 531 cito
2610 476 2796 531 virtus
2827 476 3080 548 pectoris
3107 477 3466 541 inﬁrmatur.
3484 497 3673 554 quam

2003 577 2162 632 cum,
2197 563 2434 619 roboris
2458 565 2548 619 sui
2578 565 2733 620 vires
2766 565 2877 620 sibi
2905 581 3214 634 arrogans,
3250 568 3484 637 privata
3508 572 3674 643 apud

2003 667 2066 706 se
2096 653 2496 709 exsultatione
2523 653 2775 708 laetatur.
2806 657 2954 710 Nam
2992 670 3156 726 mox,
3187 671 3224 711 a
3251 673 3514 730 superno
3539 676 3675 733 pro-

1999 745 2219 798 tectore
2251 743 2546 810 desertus,
2577 743 2637 798 in
2667 743 2953 798 virtutum
2985 743 3243 799 culmine
3272 746 3377 801 diu
3425 749 3674 806 minime

2000 837 2366 904 perseverat,
2417 834 2563 905 quia
2607 849 2746 887 eum
2813 832 3027 888 exinde
3080 839 3292 889 ventus
3346 836 3675 894 elationum

1999 922 2332 993 perturbat.
2368 922 2457 976 Ab
2511 922 2631 977 alto
2661 938 2802 978 vero
2859 929 3237 979 corruentem
3291 924 3676 984 adversarius

1999 1010 2236 1082 excipit,
2282 1027 2420 1065 cum
2453 1027 2714 1084 superno
2742 1011 2964 1066 auxilio
2998 1013 3348 1068 destitutum
3380 1031 3488 1088 per
3517 1033 3678 1088 quae-

1997 1099 2142 1154 libet
2161 1099 2444 1154 vitiorum
2471 1099 2796 1171 praecipitia
2825 1101 3018 1157 trahit.
3051 1102 3234 1167 Quasi
3261 1119 3404 1174 ergo
3433 1106 3676 1178 apposi-

1999 1188 2072 1242 tis
2107 1187 2394 1243 manibus
2445 1191 2677 1243 Petrum
2743 1190 3002 1245 Herodes
3061 1192 3480 1263 apprehendit,
3535 1210 3674 1250 cum

1998 1277 2170 1332 illum
2207 1276 2308 1348 qui
2335 1293 2443 1349 per
2488 1277 2774 1332 virtutum
2807 1279 2915 1333 iter
2963 1280 3243 1348 gradiens
3299 1282 3510 1352 procul
3543 1299 3579 1337 a
3609 1299 3674 1336 se

1999 1367 2376 1434 discesserat,
2409 1368 2704 1439 protensis
2730 1368 3012 1424 fraudum
3035 1369 3266 1442 laqueis
3284 1370 3499 1426 iterum
3531 1372 3674 1428 irre-

2001 1455 2149 1511 tivit.
2207 1456 2296 1510 Ad
2346 1456 2512 1528 quod
2552 1457 2945 1512 astruendum
2974 1458 3022 1512 si
3067 1458 3413 1530 exemplum
3459 1461 3672 1532 quaeri-

2002 1550 2117 1611 tur,
2145 1561 2269 1600 non
2303 1549 2391 1599 est
2421 1561 2576 1617 opus
2627 1551 2691 1601 ut
2739 1546 2976 1616 longius
3031 1561 3376 1615 evagemur.
3427 1549 3576 1611 Quia
3617 1550 3669 1604 is

194 1642 466 1709 rempto,
498 1651 634 1708 pars
685 1634 916 1706 iniqua
945 1634 1217 1702 exsultat,
1251 1636 1395 1707 quia
1450 1635 1719 1691 videlicet
1748 1634 1833 1689 illi
1859 1651 1892 1690 e
1926 1653 1966 1706 Β
2001 1633 2131 1706 ipse
2161 1637 2387 1702 Petrus,
2421 1634 2595 1705 cujus
2639 1633 2948 1690 historiam
3003 1635 3264 1703 ﬁgurata
3318 1636 3669 1709 interpreta-

196 1725 410 1782 medio
444 1723 784 1779 subtractus
821 1728 918 1778 est
947 1723 1054 1796 qui
1095 1724 1206 1779 sub
1235 1725 1456 1781 umbra
1503 1741 1628 1780 suae
1658 1728 1892 1797 procte-

198 1813 421 1869 ctionis
447 1811 657 1867 multos
683 1810 778 1866 ab
808 1814 965 1866 aestu
1017 1811 1251 1867 malitiae
1289 1812 1693 1868 defendebat.
1724 1815 1890 1867 Justo

197 1919 352 1958 vero
380 1903 440 1957 in
461 1899 673 1973 peccati
708 1904 986 1955 mortem
1013 1900 1280 1973 delapso,
1305 1906 1473 1957 tanto
1497 1901 1759 1973 amplius
1787 1901 1891 1956 lae-

201 1993 344 2048 titia
375 1990 652 2064 perversis
709 1994 1000 2059 augetur,
1030 1995 1252 2061 quanto
1305 1991 1354 2045 is
1386 1991 1489 2064 qui
1536 1991 1750 2063 lapsus
1780 1994 1890 2059 est,

200 2099 318 2155 per
345 2081 479 2137 vitta
502 2078 781 2135 meritum
812 2085 977 2134 stare
997 2078 1169 2134 altius
1199 2080 1533 2137 videbatur.
1583 2081 1699 2137 Sed
1731 2081 1888 2136 sicut

199 2185 413 2242 supra,
445 2167 601 2224 beati
627 2165 843 2223 Jacobi
870 2167 1226 2237 martyrium
1251 2169 1426 2238 juxta
1450 2169 1766 2225 historiam
1792 2184 1891 2223 ve-

196 2258 552 2316 nerabiliter
577 2257 1022 2329 amplexantes,
1047 2257 1358 2328 quomodo
1378 2259 1551 2330 juxta
1589 2259 1890 2314 internam

197 2347 660 2418 intelligentiam
692 2345 892 2417 accipi
933 2345 1120 2416 possit
1166 2347 1562 2412 ostendimus,
1593 2348 1677 2404 sic
1726 2363 1890 2403 nunc

197 2453 479 2512 quoque,
537 2440 773 2491 servato
835 2438 1000 2490 textu
1049 2435 1322 2502 historite,
1351 2438 1668 2509 quomodo
1712 2438 1891 2508 juxta

197 2529 494 2586 eumdem
524 2542 770 2582 sensum
801 2526 934 2580 haec
963 2525 1123 2580 beati
1142 2528 1288 2581 Petri
1313 2529 1780 2600 comprehensio
1801 2527 1887 2582 in-

198 2617 386 2686 telligi
415 2615 615 2671 valeat
643 2613 1062 2670 ostendamus.

274 2723 371 2780 Ad
403 2721 896 2792 investigandum
929 2719 1274 2793 mysterium
1298 2724 1885 2797 comprehensionis,

192 2816 367 2870 viam
397 2813 581 2869 nobis
607 2812 802 2885 aperit
831 2812 964 2884 ipsa
985 2812 1112 2882 ejus
1143 2811 1245 2882 qui
1288 2816 1768 2886 comprehensus
1800 2817 1890 2869 est

193 2901 533 2975 appellatio
563 2900 849 2956 nominis.
915 2899 1072 2955 Sicut
1101 2900 1257 2955 enim
1288 2901 1406 2958 fere
1437 2918 1654 2958 omnes
1713 2902 1886 2957 novi-

196 3008 362 3056 mus,
389 3007 428 3046 a
462 2996 643 3060 petra
671 2992 876 3044 Petrus
905 3004 1122 3044 nomen
1171 2992 1414 3064 accepit.
1446 2991 1710 3057 Quinam
1741 3007 1888 3062 ergo
1921 3005 1961 3060 ί]

196 3080 315 3135 hoc
348 3079 603 3135 nomine
633 3078 1048 3148 designantur,
1079 3078 1191 3134 nisi
1220 3080 1323 3151 qui
1349 3097 1456 3153 per
1485 3079 1706 3134 mentis
1739 3097 1886 3136 con-

192 3169 492 3225 stantiam
524 3168 751 3224 fortiter
775 3172 928 3223 stare
953 3168 1012 3223 in
1039 3169 1320 3224 virtutum
1347 3169 1643 3225 soliditate
1672 3168 1888 3226 viden-

194 3260 339 3315 tur?
367 3262 585 3314 contra
616 3273 774 3330 quos
802 3257 1086 3313 nimirum
1126 3258 1310 3313 hostis
1334 3263 1499 3314 tanto
1547 3257 1749 3312 acrius
1784 3277 1892 3332 pu-

195 3352 370 3418 gnat,
400 3351 638 3419 quanto
669 3362 777 3418 per
806 3345 937 3401 illos
977 3345 1152 3402 etiam
1183 3346 1330 3402 alios
1359 3346 1421 3401 in
1455 3347 1674 3401 virtute
1703 3346 1890 3402 robo-

195 3437 322 3493 rari
355 3435 576 3491 dolens
625 3439 859 3508 pensat.
891 3437 976 3502 Et,
999 3435 1141 3508 quia
1197 3435 1466 3490 fortassis
1525 3433 1891 3490 soliditatem

199 3526 432 3582 mentis
453 3540 666 3580 eorum
692 3524 888 3596 primo
910 3523 1136 3596 impetu
1156 3523 1498 3579 temtationis
1526 3521 1893 3579 labefactare

201 3629 333 3671 non
365 3612 617 3680 sufﬁcit,
663 3628 829 3668 more
858 3629 1028 3685 aqum
1061 3612 1269 3668 crebro
1301 3609 1755 3683 superveniens,
1788 3612 1896 3667 du-

199 3720 341 3760 ram
365 3719 587 3758 eorum
618 3702 1016 3756 constantiam
1029 3701 1271 3773 rumpit.
1292 3705 1440 3756 Nam
1460 3699 1614 3754 sicut
1641 3699 1894 3772 quidam

203 3795 292 3850 ait
317 3794 508 3864 (Ovm.
533 3792 622 3846 De
644 3792 856 3856 Ponto,
884 3790 986 3845 lib.
1015 3791 1090 3860 iv)
1116 3807 1128 3844 :

375 3923 530 3972 Gutta
555 3930 696 3971 cavat
716 3921 954 3986 lapidem,
987 3933 1088 3970 non
1120 3921 1188 3980 vi,
1222 3920 1311 3968 sed
1331 3933 1464 3983 saepe
1497 3918 1739 3969 cadendo.

211 4039 402 4107 Quod
449 4039 625 4094 etiam
681 4037 884 4093 divina
939 4037 1240 4110 Scriptura
1280 4039 1581 4090 testatur:
1639 4037 1896 4106 Lapides

206 4134 524 4188 exc-avent
545 4143 734 4198 aquae,
776 4133 828 4182 et
859 4128 1166 4183 alluvione
1205 4126 1516 4195 paulatim
1569 4130 1734 4181 terra
1766 4144 1899 4184 con-

205 4221 487 4275 sumitur
514 4218 643 4289 (Job
674 4233 791 4282 xxv,
829 4218 931 4288 t9).
967 4219 1114 4273 Cum
1141 4216 1344 4287 itaque
1377 4213 1660 4269 diabolus
1686 4215 1898 4273 fortem

207 4301 424 4364 virum
465 4307 528 4362 in
552 4306 838 4378 laqueum
861 4305 1089 4378 peccati
1119 4304 1368 4371 inducit,
1391 4303 1572 4375 quasi
1625 4305 1702 4360 ad
1735 4322 1898 4361 com-

212 4395 735 4472 prehendendum
767 4397 1000 4450 Petrum
1046 4409 1264 4450 manus
1321 4391 1582 4447 Herodes
1627 4401 1895 4466 apponit.

212 4488 326 4545 Ubi
361 4487 504 4558 ipsa
536 4499 779 4556 quoque
837 4483 1161 4539 verborum
1211 4481 1548 4555 proprietas
1579 4487 1670 4536 est
1726 4484 1901 4539 nobis

213 4589 606 4646 magnopere
664 4572 1114 4646 perpendenda.
1185 4576 1334 4627 Nam
1418 4569 1522 4642 qui
1577 4587 1778 4642 supra,
1838 4578 1904 4628 ut

212 4665 536 4741 quosdam
557 4663 633 4718 de
655 4663 914 4718 Ecclesia
935 4661 1242 4731 afﬂigeret,
1268 4677 1486 4716 manus
1518 4660 1695 4726 misit,
1715 4678 1897 4730 nunc,

212 4763 284 4811 ut
324 4758 578 4810 Petrum
627 4751 1178 4823 comprehenderet,
1223 4748 1522 4823 apposuit.
1580 4749 1900 4806 Sciendum

211 4848 437 4918 itaque
471 4842 619 4913 quia
647 4845 808 4896 tanto
830 4855 890 4896 se
918 4839 1338 4912 unusquisque
1361 4855 1397 4893 a
1427 4837 1672 4893 diabolo
1702 4839 1902 4895 minus

213 4935 498 5001 elongat,
551 4935 779 5002 quanto
839 4928 916 4984 ad
972 4927 1607 5001 comprehendendum
1665 4927 1903 4983 culmen

213 5019 626 5097 profectionis
696 5018 896 5073 minus
954 5017 1320 5090 appropriat.
1367 5015 1532 5071 Unde
1600 5032 1738 5071 cum
1795 5017 1902 5072 ali-

213 5127 417 5186 quem
483 5124 557 5164 ex
639 5107 858 5162 talibus
915 5107 991 5162 ad
1078 5106 1318 5178 culpam
1394 5104 1672 5159 diabolus
1727 5105 1900 5177 rapit,

216 5198 410 5274 quasi
441 5197 620 5267 juxta
651 5210 712 5249 se
767 5210 984 5249 manus
1014 5193 1209 5262 mittit,
1236 5193 1380 5265 quia
1410 5192 1485 5247 ad
1516 5208 1577 5246 se
1633 5208 1770 5247 eum
1801 5193 1905 5265 qui

215 5304 356 5346 non
378 5286 567 5353 longe
616 5283 992 5348 discesserat,
1041 5283 1301 5338 retrahit.
1338 5285 1484 5338 Cum
1509 5297 1652 5336 vero
1694 5282 1903 5338 fortem

218 5390 551 5450 quemque
583 5376 762 5444 atque
793 5372 851 5426 in
882 5371 1094 5427 virtute
1147 5371 1476 5444 perfectum
1521 5369 1790 5443 decipere
1819 5371 1905 5426 ni-

218 5467 374 5521 titur
405 5467 467 5519 et
518 5477 642 5518 non
697 5461 874 5527 valet,
929 5459 1101 5532 quasi
1150 5461 1226 5516 ad
1271 5459 1906 5531 comprehendendum

221 5556 504 5620 Petrum,
540 5567 760 5607 manus
793 5551 876 5620 (ut
904 5548 983 5604 ita
1013 5548 1228 5620 dicam)
1259 5554 1450 5604 arctas
1504 5547 1705 5604 habet.
1741 5549 1906 5604 Unde

223 5659 464 5706 manus
494 5645 562 5699 ut
609 5643 846 5698 Petrum
900 5637 1372 5710 comprehendat
1429 5637 1701 5708 apponit,
1762 5637 1907 5709 quia

1999 1723 2162 1779 tione
2192 1722 2570 1794 discutimus,
2603 1723 2660 1778 in
2696 1725 3014 1796 semetipso
3037 1725 3253 1795 partim
3279 1731 3367 1781 est
3392 1731 3670 1798 expertus

1997 1812 2168 1885 quod
2212 1812 2490 1868 dicimus.
2535 1816 2682 1869 Nam
2713 1813 2886 1883 cujus
2917 1829 3158 1868 carnem
3191 1815 3454 1871 Herodes
3491 1816 3670 1871 histo-

1997 1903 2158 1957 ricus
2213 1902 2628 1973 apprehendit,
2685 1902 2876 1974 ipsius
2953 1903 3218 1959 animam
3302 1904 3668 1977 jampridem

2001 1989 2264 2063 Herodes
2302 1991 2537 2062 typicus
2597 1992 2762 2046 trinae
2816 1991 3152 2060 negationis
3194 1992 3436 2065 laqueo,
3493 1992 3669 2064 quasi

2003 2080 2145 2135 fune
2174 2083 2347 2147 torto,
2381 2081 2684 2153 tripliciter
2713 2081 2991 2150 alligavit.
3029 2085 3094 2137 Et
3115 2087 3269 2138 certe
3312 2083 3386 2138 de
3418 2099 3543 2137 sum
3568 2081 3668 2137 fir-

2001 2167 2226 2224 mitatis
2248 2169 2464 2226 robore
2494 2171 2682 2226 multa
2736 2171 2863 2241 jam
2925 2171 3334 2242 experimenta
3383 2171 3664 2227 tenebat:

1996 2255 2124 2323 jam
2157 2255 2454 2312 Christum
2517 2258 2614 2313 Dei
2642 2258 2761 2313 vivi
2804 2258 3010 2314 Filium
3069 2259 3378 2315 confessus
3435 2260 3666 2327 fuerat;

1995 2343 2127 2411 jam
2157 2342 2402 2401 beatum
2435 2363 2496 2401 se
2528 2363 2628 2401 ore
2661 2347 2924 2402 Veritatis
2956 2348 3301 2414 audiverat;
3325 2348 3454 2418 jam
3487 2364 3523 2403 a
3579 2363 3671 2403 so-

2000 2431 2226 2488 liditate
2253 2435 2612 2491 inviolabilis
2641 2442 2820 2509 petrae
2851 2437 2999 2492 Petri
3042 2454 3342 2508 agnomen
3374 2441 3664 2503 traxerat;

1995 2522 2125 2591 jam
2157 2522 2358 2579 claves
2382 2526 2546 2594 regni
2571 2525 2822 2581 cmlestis
2848 2532 3189 2598 acceperat:
3215 2531 3272 2581 et
3292 2532 3514 2596 tamen,
3533 2529 3670 2597 post

2001 2616 2087 2666 tot
2116 2616 2172 2666 et
2199 2617 2368 2670 tanta
2395 2615 2611 2670 divinae
2642 2615 2931 2685 largitatis
2976 2631 3248 2683 munera,
3274 2632 3411 2670 cum
3461 2615 3537 2670 ad
3561 2615 3668 2668 ho-

1999 2717 2131 2756 ram
2163 2703 2487 2760 Dominicee
2545 2704 2840 2776 passionis
2869 2708 3115 2759 ventum
3147 2709 3251 2768 est,
3285 2703 3425 2774 quia
3481 2701 3667 2774 paulo

2001 2791 2264 2862 amplius
2291 2794 2364 2849 de
2395 2811 2505 2850 sua
2554 2793 2830 2849 ﬁrmitate
2856 2792 3256 2866 prmsumpsit,
3314 2791 3547 2847 sibimet
3576 2805 3665 2845 re-

2000 2879 2192 2948 lictus;
2225 2884 2504 2953 protinus
2559 2883 2839 2955 quisnam
2872 2885 3026 2938 esset
3080 2879 3322 2936 invenit.
3359 2880 3468 2946 Qui
3510 2882 3666 2934 certe

2001 2969 2060 3026 in
2091 2975 2384 3029 aeternum
2417 2974 2650 3046 periret,
2679 2973 2791 3028 nisi
2818 2973 2984 3028 illum
3039 2972 3336 3041 benignus
3381 2973 3548 3025 Jesus
3571 2969 3665 3024 in-

2005 3059 2151 3115 tuitu
2178 3061 2567 3131 benignitatis
2596 3079 2717 3117 suae
2761 3062 3099 3133 respiceret,
3133 3060 3455 3133 respiciens
3486 3057 3668 3113 emol-

2000 3149 2149 3215 liret,
2174 3151 2485 3208 emolliens
2515 3153 2588 3206 ad
2624 3168 2862 3207 amaras
2909 3151 3210 3222 lacrymas
3241 3151 3664 3216 commoveret,

2003 3241 2447 3296 commovendo
2479 3242 2555 3297 ad
2581 3242 2903 3313 lacrymas,
2932 3241 3156 3296 crimen
3208 3237 3374 3310 quod
3422 3235 3668 3292 commi-

2003 3335 2159 3385 serat
2187 3330 2543 3400 indulgeret.
2579 3333 2708 3396 Quo
2737 3329 3022 3386 nimirum
3061 3326 3337 3399 exemplo
3359 3342 3471 3381 nos
3501 3324 3663 3380 inﬁr—

2002 3418 2087 3472 mi
2116 3418 2196 3473 ad
2237 3419 2480 3475 cautelae
2533 3417 2903 3490 vigilantiam
2966 3416 3266 3473 evidenter
3293 3413 3664 3485 instruimur,

2003 3510 2070 3562 ut
2098 3523 2272 3562 mens
2313 3511 2538 3573 nostra,
2559 3507 2736 3562 etiam
2767 3506 3020 3562 summis
3046 3503 3368 3560 virtutibus
3393 3501 3664 3575 praedita,

2006 3613 2248 3670 semper
2303 3614 2365 3652 se
2421 3597 2482 3653 in
2515 3597 2850 3652 humilitate
2899 3596 3220 3669 deprimat,
3281 3609 3518 3666 semper
3545 3607 3668 3648 non

2003 3703 2076 3743 ex
2128 3704 2193 3743 se
2237 3703 2364 3742 esse
2424 3686 2590 3760 quod
2644 3691 2750 3753 est,
2819 3686 3116 3758 trepidare
3171 3687 3544 3753 cognoscat:
3594 3696 3668 3736 ne

2001 3774 2171 3845 forte,
2213 3775 2361 3830 dum
2418 3775 2573 3830 ultra
2629 3790 2690 3828 se
2746 3772 3231 3846 praesumptionis
3289 3787 3438 3827 aura
3475 3773 3671 3842 rapta-

2000 3867 2116 3929 tur,
2181 3869 2407 3936 quanto
2451 3879 2512 3918 se
2539 3862 2711 3918 altius
2742 3862 2965 3929 extulit,
3000 3866 3166 3916 tanto
3223 3859 3463 3928 gravius
3491 3857 3670 3913 elida-

2003 3955 2117 4007 tur.

2075 4044 2159 4096 IV.
2194 4040 2469 4112 Sequitur
2492 4056 2504 4093 :
2525 4039 2724 4093 Erant
2745 4044 2941 4094 autem
2965 4037 3087 4092 dies
3108 4050 3480 4104 azymorum,
3499 4033 3671 4103 juxta

2005 4130 2255 4185 litteram
2286 4133 2450 4202 patet
2478 4143 2709 4197 sensus,
2732 4126 2896 4199 quod
2932 4125 3152 4181 scilicet
3182 4123 3490 4196 apostolus
3517 4121 3670 4178 infra

2005 4220 2263 4275 Judaicre
2295 4218 2536 4290 pascha:
2569 4217 2971 4289 septimanam
3003 4216 3075 4272 sit
3105 4214 3184 4270 ab
3223 4214 3454 4271 Herode
3504 4231 3668 4270 com-

2006 4309 2383 4381 prehensus:
2440 4307 2568 4362 dies
2611 4307 2836 4380 quippe
2896 4322 3248 4380 azymorum
3306 4305 3386 4362 illi
3443 4310 3670 4378 septem

2007 4394 2245 4468 proprie
2275 4393 2648 4449 vocabantur
2676 4393 2782 4465 qui
2812 4399 3095 4467 quartum
3150 4393 3455 4460 decimum
3491 4392 3670 4465 primi

2007 4481 2254 4551 mensis,
2283 4497 2406 4554 quo
2441 4496 2634 4550 agnus
2666 4481 3092 4537 immolabatur
3117 4481 3195 4535 ad
3224 4496 3563 4552 vesperam,
3597 4496 3671 4535 ex

2007 4571 2215 4626 ordine
2247 4569 2676 4642 sequebantur.
2699 4569 3210 4640 Evangelistarum
3239 4573 3438 4624 tamen
3468 4573 3670 4622 aucto-

2007 4661 2146 4715 ritas
2177 4665 2234 4716 et
2255 4659 2487 4732 pascha
2514 4674 2624 4730 pro
2657 4659 2900 4731 azymis,
2951 4663 3016 4711 et.
3036 4673 3249 4727 azyma
3276 4671 3386 4728 pro
3441 4656 3669 4726 pascha

2007 4765 2228 4821 ponere
2261 4747 2596 4814 consuevit,
2629 4747 2780 4802 sicut
2809 4745 2977 4802 facile
3002 4750 3093 4799 est
3136 4745 3186 4800 ei
3215 4759 3539 4815 agnoscere
3565 4743 3670 4814 qui

2009 4854 2216 4894 eorum
2249 4837 2558 4892 volumina
2582 4836 2875 4891 studuerit
2902 4848 3226 4890 recensere.
3267 4831 3378 4888 Sed
3401 4846 3513 4884 nos
3540 4831 3668 4886 haec

2008 4929 2220 5000 paucis
2249 4928 2421 4998 juxta
2450 4925 2764 4980 historiam
2822 4921 3186 4989 dixerimus;
3244 4935 3404 4976 nunc
3435 4919 3669 4974 interio-

2010 5033 2137 5072 rem
2185 5032 2430 5072 sensum
2509 5014 2759 5084 hujusce
2829 5009 3129 5066 sententiae
3191 5010 3524 5065 videamus.
3579 5008 3673 5062 Ait

2012 5122 2153 5176 ergo
2188 5124 2199 5160 :
2233 5107 2428 5160 Erant
2457 5109 2652 5158 autem
2686 5103 2806 5156 dies
2837 5115 3202 5169 azymorum.
3237 5098 3369 5154 Dies
3426 5113 3670 5170 azymo-

2011 5211 2146 5250 rum
2173 5209 2352 5248 omne
2377 5192 2492 5246 hoc
2523 5195 2760 5261 tempus
2794 5188 3121 5260 accipimus
3148 5188 3313 5260 quod
3335 5186 3412 5242 ab
3444 5187 3669 5242 adven-

2012 5288 2075 5338 tu
2100 5282 2286 5337 nostri
2322 5278 2639 5336 Salvatoris
2660 5292 2851 5349 usque
2890 5276 2968 5332 ad
2995 5276 3176 5333 ﬁnem
3203 5276 3415 5334 mundi
3448 5275 3669 5332 evolvi-

2015 5377 2107 5427 tur
2136 5388 2148 5425 :
2177 5371 2237 5425 in
2269 5383 2392 5441 quo
2423 5367 2708 5422 nimirum
2770 5371 3035 5440 tempore
3063 5383 3242 5424 verus
3264 5366 3358 5422 ille
3387 5388 3414 5414 ‹‹
3441 5370 3669 5435 Agnus,

2013 5460 2117 5533 qui
2146 5458 2293 5515 tollit
2324 5461 2572 5528 peccata
2592 5456 2824 5520 mundi,
2850 5479 2878 5505 »
2905 5456 3252 5512 immolatur
3284 5475 3296 5523 ;
3346 5471 3455 5527 per
3495 5454 3667 5524 cujus

2016 5548 2371 5617 sanguinem
2426 5561 2461 5601 a
2489 5545 2718 5617 peccati
2776 5545 3023 5600 domino
3075 5544 3268 5600 ﬁdelis
3318 5541 3579 5616 populus
3604 5541 3670 5594 li-

2017 5637 2279 5694 beratur.
2340 5633 2505 5692 Unde
2563 5634 2740 5691 etiam
2796 5633 3012 5689 Paulus
3063 5633 3243 5689 dicit:
3299 5631 3537 5689 Pascha
3566 5644 3668 5684 no-
