4018 6176
342 171 448 228 288

1397 165 1455 224 8.
1495 162 1830 220 FULBEBTI
1869 161 2343 221 CARNOTENSIS
2383 166 2715 224 EPISCOPI.

3661 172 3780 226 284

346 302 535 352 strum
566 293 907 350 immolatus
960 296 1043 348 est
1076 291 1352 348 Christus
1380 306 1400 359 ,°
1435 292 1636 362 itaque
1689 289 2002 356 eputemur
2031 287 2082 346 Δ
2114 289 2414 345 Ponamus
2438 290 2640 363 itaque
2671 289 2930 362 aliquem
2961 305 2996 346 a
3020 289 3262 348 diabolo
3293 291 3372 347 ita
3413 293 3579 350 omni
3603 307 3783 364 pror-

346 402 466 442 nou
496 386 559 440 in
585 384 878 452 femento
903 382 1104 447 veteri,
1134 396 1324 451 neque
1341 382 1404 436 in
1424 381 1718 449 fermento
1756 377 2006 433 malitia?

345 482 402 532 et
434 472 732 544 nequitiae,
764 472 866 526 sed
895 472 957 526 in
988 472 1212 539 azymis
1241 469 1603 527 sinceritatis
1629 474 1683 524 et
1714 466 2001 523 veritatis.

346 569 473 620 Non
497 561 674 630 igitur
704 559 892 616 otiose
940 559 1538 632 comprehensionem
1599 555 1870 630 apostoli.
1899 571 2006 627 per

344 667 530 724 quam
556 649 721 706 fortis
751 649 862 705 viri
890 666 1066 705 casus
1117 649 1486 720 designatur,
1539 649 1599 703 in
1630 646 1842 702 diebus
1871 660 2006 715 azy-

342 757 582 798 morum
597 738 943 810 contigisse,
961 739 1250 812 scriptum
1281 737 1510 794 asserui
1540 756 1552 804 ;
1585 736 1690 792 sed
1719 733 2004 790 nimirum

346 829 693 901 signiﬁcans
724 828 890 901 quia,
922 845 1060 884 cum
1091 829 1169 885 ab
1199 828 1332 901 ipso
1379 829 1660 883 humanae
1721 822 2006 880 conditio-

343 921 438 976 nis
467 918 798 992 primordio
823 919 1114 974 adversus
1165 917 1442 973 homines
1499 914 1723 970 invidia
1777 910 2005 968 diaboli

344 1008 580 1075 exarsit,
603 1025 644 1065 a
671 1014 936 1080 tempore
967 1013 1166 1062 tamen
1195 1005 1626 1062 incarnationis
1680 1001 2002 1058 Dominicee

344 1103 511 1155 tanto
539 1097 812 1153 acerbius
853 1097 1033 1162 saevit,
1089 1100 1316 1168 quanto
1375 1093 1612 1150 saavitite
1639 1108 1762 1148 suae
1819 1092 2002 1147 ﬁnem

340 1188 716 1259 jamjamque
765 1185 1075 1241 imminere
1116 1184 1440 1256 praesentit.
1499 1183 1662 1238 Unde
1714 1181 2003 1253 scriptum

345 1281 432 1331 est
459 1294 471 1331 :
514 1279 608 1331 Vae
639 1281 815 1330 terrae
845 1281 900 1330 et
929 1275 1107 1342 mari,
1127 1275 1271 1344 quia
1294 1274 1595 1329 descendit
1626 1272 1901 1327 diabolus
1925 1269 2006 1325 ad

344 1381 463 1432 vos,
497 1366 720 1420 habens
752 1365 906 1418 iram
960 1378 1264 1433 magnam,
1294 1364 1484 1418 sciens
1513 1363 1656 1432 quia
1708 1361 2002 1416 modicum

343 1459 571 1522 tempus
605 1453 777 1509 habet
810 1453 1017 1522 (Apoc.
1051 1469 1151 1519 xu,
1189 1454 1292 1524 1'2).
1322 1455 1509 1508 Terrae
1533 1451 1757 1523 quippe
1806 1453 1862 1504 et
1882 1464 2008 1504 ma-

342 1543 420 1597 ris
447 1542 692 1598 nomine
718 1541 988 1598 carnales
1015 1541 1239 1612 quique
1292 1539 1721 1609 signiﬁcantur,
1751 1537 1894 1611 quia
1949 1542 2008 1594 et

2113 393 2214 434 sus
2244 378 2468 437 lumine
2498 379 2745 437 rationis
2775 379 3096 452 privatum,
3129 385 3194 437 ut
3223 381 3413 453 possit
3452 381 3610 439 velut
3632 381 3788 438 insi—

2113 468 2283 540 piens
2308 469 2502 528 dicere
2532 470 2594 526 in
2611 469 2790 526 corde
2837 484 2952 526 suo
2985 488 2997 526 :
3031 471 3165 526 Non
3195 475 3280 528 est
3310 472 3465 528 Deus
3490 485 3513 542 ;
3541 471 3617 528 de
3649 487 3783 542 quo

2111 557 2291 630 plane
2320 560 2708 631 pronuntiare
2734 575 3060 631 possumus
3083 560 3226 632 quia
3242 576 3350 633 per
3369 560 3787 633 insipientiam

2112 664 2286 705 suam
2310 649 2372 705 in
2402 649 2766 706 inﬁdelitatis
2791 655 2883 706 est
2923 664 3160 706 carcere
3190 650 3616 722 'mancipatus.
3666 651 3787 713 Qui

2110 737 2416 805 nimirum,
2453 740 2598 811 quia
2647 739 2888 796 alterius
2919 738 3079 794 bona
3129 739 3262 795 vitai
3305 739 3397 796 vel
3451 739 3614 796 mala
3641 756 3785 796 esse

2113 827 2316 900 aliqua
2345 829 2594 886 omnino
2625 844 2748 885 non
2779 828 2985 895 credit,
3007 828 3083 884 ad
3107 827 3239 885 vitae
3271 829 3580 902 praesentis
3609 829 3786 886 bona

2111 918 2454 990 appetenda
2483 919 2579 975 vel
2609 918 2774 975 mala
2803 918 3075 975 cavenda
3105 934 3314 976 curam
3345 934 3512 975 suam
3545 935 3620 975 ex
3651 922 3786 974 toto

2110 1005 2374 1062 inﬂectit.
2411 1007 2573 1063 Unde
2595 1006 2662 1062 ﬁt
2691 1011 2757 1062 ut
2781 1007 2998 1064 animm
3029 1005 3206 1078 illius,
3223 1007 3354 1078 jam
3409 1006 3465 1063 in
3517 1005 3784 1064 inﬁdeli-

2113 1095 2250 1152 tatis
2276 1112 2512 1153 carcere
2535 1101 2799 1162 PBU‘UStB,
2830 1101 3091 1168 quatuor
3119 1097 3337 1154 modos
3382 1096 3784 1168 perturbatio-

2111 1201 2260 1241 num
2288 1185 2567 1241 diabolus
2591 1191 2922 1258 supponat,
2954 1186 3060 1259 qui
3088 1203 3224 1243 eam
3252 1186 3366 1241 sub
3387 1201 3548 1242 saeva
3581 1192 3786 1242 custo~

2111 1274 2211 1330 dia
2242 1274 2510 1330 clausam
2547 1280 2808 1342 teneant,
2867 1291 2941 1332 ne
2999 1275 3235 1333 evadat.
3299 1278 3438 1338 Quae
3484 1275 3782 1332 nimirum

2112 1363 2610 1434 perturbationes,
2643 1363 2821 1420 etiam
2848 1364 2909 1420 in
2939 1363 3143 1421 anima
3178 1363 3480 1436 sapientis,
3512 1363 3782 1421 vicissim

2115 1451 2228 1507 sibi
2259 1468 2368 1524 pro
2422 1468 2742 1511 causarum
2801 1453 3084 1509 varietate
3142 1452 3471 1510 succedunt
3505 1470 3516 1516 ;
3549 1451 3660 1510 sed
3713 1452 3782 1510 in

2113 1539 2316 1596 anima
2369 1540 2702 1613 insipientis
2758 1540 3236 1613 perturbationes
3290 1546 3445 1606 sunt,
3477 1540 3624 1611 quia
3669 1556 3785 1612 per

342 1632 588 1688 terrenis
619 1631 758 1687 solis
785 1631 1121 1697 intendunt,
1149 1635 1224 1699 et,
1281 1631 1583 1685 undarum
1615 1644 1800 1695 more,
1839 1627 2006 1682 VlClS—
2035 1643 2076 1698 Β
2111 1644 2215 1684 eas
2237 1628 2524 1701 insipiens
2557 1628 2958 1701 perturbatur.
3007 1633 3069 1685 In
3101 1629 3305 1686 anima
3333 1628 3619 1700 sapientis
3648 1643 3780 1686 non

342 1722 454 1776 sim
481 1738 542 1776 se
564 1722 718 1777 saltu
745 1721 1042 1793 superbiae
1089 1723 1539 1792 superponunt;
1591 1719 1668 1774 ad
1699 1733 1852 1790 quos
1879 1717 2003 1773 dia-

338 1811 517 1866 bolus
547 1811 780 1866 habens
809 1811 960 1865 iram
995 1825 1285 1879 magnam
1333 1809 1662 1878 descendit,
1695 1807 1858 1880 quia,
1884 1807 2000 1862 ele-

341 1905 571 1956 ctorum
605 1899 790 1955 corda
815 1900 1120 1966 deserens,
1162 1899 1221 1953 in
1270 1898 1667 1971 reproborum
1718 1897 2001 1953 cordibus

339 1989 677 2060 requiescit.
711 1989 841 2055 Qui,
877 1988 1022 2060 quia
1046 1989 1174 2058 jam
1205 1988 1280 2043 ad
1312 1987 1744 2044 beatitudinem
1775 2003 1837 2042 se
1878 2003 2000 2044 non

339 2094 519 2151 posse
547 2079 737 2134 redire
755 2079 1112 2146 considerat,
1139 2078 1315 2151 quasi
1335 2079 1395 2132 in
1425 2077 1703 2132 solatium
1732 2093 1854 2132 suae
1872 2093 2002 2149 per-

339 2168 600 2237 ditionis,
633 2168 829 2224 socios
857 2168 991 2236 sibi,
1042 2186 1181 2224 cum
1207 2167 1430 2241 quibus
1461 2184 1550 2223 va;
1599 2168 1659 2223 in
1711 2172 2000 2223 aeternum

338 2259 578 2325 habeat,
609 2262 944 2314 coacervat.

409 2395 470 2449 V.
509 2392 786 2465 Sequitur
815 2411 826 2447 :
863 2392 1042 2459 Quem
1070 2408 1200 2448 cum
1221 2393 1730 2463 apprehendisset,
1765 2393 1918 2447 misit
1939 2393 2000 2448 in

339 2499 657 2539 carcerem.
689 2482 1203 2554 Comprehensum
1235 2485 1469 2537 Petrum
1502 2482 1762 2536 Herodes
1792 2481 1851 2537 in
1879 2498 2003 2536 car-

339 2588 535 2628 cerem
569 2571 763 2640 mittit,
794 2588 932 2626 cum
963 2571 1247 2644 antiquus
1278 2571 1463 2626 hostis
1489 2571 1741 2646 justum,
1801 2571 2000 2626 lethali

339 2661 584 2720 crimine
607 2661 997 2734 captivatum,
1026 2659 1087 2715 in
1116 2660 1360 2716 latebris
1389 2661 1765 2716 conscientiae
1795 2677 2002 2734 pecca-

339 2751 495 2807 tricis
528 2750 862 2806 abscondit.
897 2752 1068 2805 Recte
1126 2755 1326 2806 autem
1355 2751 1656 2825 peccatrix
1695 2751 2001 2806 conscien-

337 2840 418 2896 tia
439 2838 778 2912 appellatur
801 2854 1022 2911 carcer,
1054 2838 1198 2912 quia
1222 2838 1301 2894 ibi
1328 2839 1512 2894 homo
1542 2838 1784 2895 interior
1809 2839 2000 2895 etvin—

339 2928 485 2984 culis
541 2931 926 3001 peccatorum
988 2927 1352 3000 astringitur,
1413 2932 1487 2996 et,
1546 2932 1719 2984 nocte
1765 2929 1998 2984 interna

340 3021 620 3088 caacatus,
648 3015 850 3072 videre
879 3015 1074 3072 Solem
1098 3016 1343 3088 justitiaa
1373 3017 1744 3092 prohibetur.

411 3152 498 3205 VI.
526 3149 804 3222 Sequitur
835 3167 848 3205 :
895 3150 1157 3206 Tradens
1189 3158 1452 3222 quatuor
1504 3153 1995 3224 quaternionibus

338 3240 595 3297 militum
625 3239 1094 3296 custodiendum.
1129 3244 1283 3296 Inter
1312 3256 1524 3298 omnes
1567 3243 1749 3313 hujus
1802 3242 1999 3298 lectio-

337 3329 433 3385 nis
455 3329 798 3400 sententias,
814 3328 929 3385 ista
953 3333 1043 3385 est
1072 3329 1151 3385 ad
1176 3331 1618 3402 penetrandum
1643 3331 1993 3400 abstrusior,

338 3436 474 3493 quin
504 3423 562 3474 et
588 3419 726 3475 ideo
752 3419 1022 3474 fortassis
1051 3423 1178 3474 tam
1209 3420 1407 3488 gravis
1439 3421 1517 3476 ad
1545 3420 1996 3489 intelligendum

337 3508 592 3575 videtur,
625 3507 770 3579 quia
826 3523 934 3580 per
991 3507 1154 3564 illam
1207 3522 1386 3576 grave
1430 3509 1658 3581 aliquid
1704 3509 1993 3579 signatur.

342 3596 602 3652 Gratiam
627 3596 829 3668 itaque
851 3612 1025 3652 suam
1052 3597 1228 3652 nobis
1255 3598 1542 3654 Dominus
1578 3599 1996 3656 subministra-

339 3701 402 3740 re
433 3685 730 3754 dignetur,
763 3690 1062 3758 quatenus
1093 3685 1177 3741 sic
1207 3685 1282 3741 de
1335 3687 1432 3743 illa
1459 3687 1624 3760 loqui
1671 3689 1994 3761 possimus,

340 3778 424 3842 ut,
449 3775 499 3830 si
523 3774 660 3846 quis
688 3779 777 3830 est
803 3775 953 3830 inter
980 3791 1094 3831 nos
1121 3775 1226 3848 qui
1247 3776 1445 3832 adhuc
1473 3777 1727 3833 vinculis
1775 3779 1997 3836 inimici

339 3868 609 3920 teneatur
651 3865 946 3935 astrictus,
972 3865 1048 3921 de
1096 3865 1222 3920 istis
1265 3867 1763 3938 quaternionibus
1806 3885 1999 3940 quan-

339 3958 466 4010 tum
499 3955 740 4028 expedit
769 3954 994 4025 audiat,
1030 3955 1284 4011 audiens
1316 3955 1620 4026 intelligat,
1665 3957 1998 4029 intelligens

338 4043 555 4112 doleat,
584 4045 794 4100 dolens
842 4045 1217 4116 ingemiscat,
1250 4045 1646 4117 ingemiscens
1695 4048 1912 4104 talibus
1935 4065 1996 4104 se

338 4133 785 4190 exsecutoribus
852 4135 1138 4190 traditum
1208 4137 1640 4208 perhorrescat,
1691 4139 1998 4209 perhorre-

339 4238 509 4278 scens
537 4228 736 4278 autem
785 4223 885 4279 det
938 4240 1186 4296 operam
1211 4230 1278 4280 ut
1325 4226 1560 4283 evadat.
1591 4228 1740 4292 Quia
1791 4228 1996 4300 utique

2111 1721 2234 1774 tam
2291 1718 2772 1790 perturbationes
2823 1735 3011 1790 quam
3059 1717 3399 1777 aﬁectiones
3453 1723 3778 1785 vocantur,

2108 1807 2273 1879 quia,
2304 1823 2380 1862 ne
2405 1807 2772 1879 perturbent,
2830 1806 3058 1864 ratione
3105 1807 3409 1880 sapientiae
3456 1807 3782 1866 moderan-

2109 1899 2222 1954 tur.
2252 1896 2481 1954 Primus
2507 1897 2706 1969 itaque
2748 1897 3268 1968 perturbationum
3318 1895 3561 1963 modus,
3595 1913 3782 1968 cupe-

2106 2001 2202 2052 re;
2237 1987 2559 2054 secundus,
2591 1990 2854 2044 metuere
2883 2005 2896 2054 ;
2929 1987 3159 2056 tertius,
3221 1985 3421 2042 dolere
3447 2005 3461 2052 ;
3493 1990 3777 2057 quartus,

2111 2075 2394 2142 gaudere.
2429 2079 2542 2132 Nec
2566 2080 2804 2132 moveat
2849 2076 3016 2147 quod
3065 2075 3208 2132 istos
3251 2075 3778 2148 perturbationum

2109 2163 2327 2221 modos
2357 2180 2479 2222 non
2510 2181 2581 2220 eo
2612 2164 2820 2222 ordine
2850 2164 3165 2236 posuimus
3213 2180 3334 2236 quo
3359 2163 3490 2220 illos
3526 2163 3780 2222 eiacula-

2108 2255 2188 2312 ris
2212 2259 2391 2328 poeta
2419 2254 2658 2325 locavit,
2691 2255 2834 2327 quia
2857 2253 3173 2327 Scripturaa
3204 2258 3423 2312 nostrae
3459 2254 3782 2311 auctoritao

2110 2349 2229 2400 tem
2254 2343 2601 2415 judicamus
2651 2344 2964 2416 potiorem,
3006 2344 3068 2400 in
3114 2360 3238 2416 qua
3276 2343 3528 2415 legitur:
3570 2343 3781 2401 Radix

2110 2435 2373 2490 omnium
2406 2435 2704 2490 malorum
2739 2433 3056 2502 cupiditas.
3084 2433 3195 2490 Sed
3214 2449 3324 2490 nec
3353 2432 3467 2505 ipsi
3491 2433 3599 2505 qui
3622 2433 3782 2490 inter

2111 2522 2316 2579 saeculi
2337 2522 2636 2596 sapientes
2682 2523 3002 2593 habentur,
3031 2522 3246 2580 eodem
3304 2522 3435 2580 illos
3475 2523 3691 2582 ordine
3713 2522 3778 2580 in

2107 2611 2276 2667 libris
2309 2613 2432 2667 suis
2462 2617 2816 2685 posuerunt,
2841 2615 2944 2667 aut
2974 2612 3189 2669 iisdem
3246 2611 3590 2671 nominibus
3622 2627 3780 2670 nun-

2109 2706 2505 2775 cupaverunt.
2535 2704 2681 2758 Ecce
2737 2701 2956 2761 etenim
3005 2717 3164 2760 unus
3222 2717 3454 2772 eorum,
3494 2717 3642 2760 cum
3699 2700 3778 2756 de

2107 2791 2428 2848 animabus
2458 2807 2707 2868 corpore
2737 2791 2930 2850 exutis
2953 2791 3288 2852 secundum
3328 2808 3501 2853 suam
3545 2790 3760 2867 opinio

2105 2896 2248 2937 nem
2269 2884 2488 2950 ageret.
2523 2880 2604 2938 ait
2632 2899 2644 2936 :

2027 2999 2072 3057 Ο
2170 3004 2296 3054 Hinc
2327 3013 2581 3060 metuunt,
2627 3005 2961 3070 cupiuntque,
3013 3004 3207 3067 dolent,
3239 3005 3570 3069 gaudentque.
3601 3011 3700 3052 etc.

2105 3120 2266 3177 Alius
2295 3125 2519 3194 autem,
2543 3121 2646 3199 qui
2672 3121 2733 3176 in
2764 3121 2982 3178 scholis
3015 3121 3400 3178 saecularibus
3426 3119 3658 3191 legitur,
3683 3120 3774 3178 ita

2106 3207 2309 3283 posuit
2341 3227 2353 3265 :

3106 3316 3462 3384 gaudiapelle,

2169 3375 2305 3429 Pelle
2332 3377 2584 3434 timorem;
2618 3392 2861 3444 spemque
2882 3378 3071 3441 fugato,
3107 3375 3196 3428 nec
3226 3375 3366 3428 dolor
3395 3377 3543 3427 adsit.

2108 3496 2252 3551 Ecce
2278 3494 2446 3568 quod
2470 3493 2563 3550 ille
2589 3493 2890 3565 ultimum,
2920 3493 3026 3553 iste
3052 3493 3254 3566 posuit
3268 3493 3530 3569 primum
3561 3513 3575 3560 ;
3604 3493 3777 3568 quod

2107 3581 2203 3638 ille
2233 3582 2519 3655 primum,
2550 3582 2659 3638 iste
2691 3583 3058 3648 secundum;
3093 3581 3259 3658 quod
3287 3581 3380 3642 ille
3409 3581 3772 3652 secundum,

2106 3670 2235 3744 iste,
2268 3675 2496 3727 mutato
2527 3670 2660 3726 loco
2691 3675 2747 3728 et
2775 3671 3041 3744 nomine,
3068 3671 3268 3747 posuit
3306 3670 3562 3730 tertium.
3593 3670 3776 3732 Dolor

2107 3764 2308 3815 autem
2335 3761 2439 3832 qui
2465 3759 2559 3815 hic
2585 3764 2801 3833 quarto
2830 3759 2962 3818 loco
2990 3765 3080 3818 est
3100 3759 3351 3835 positus,
3381 3759 3464 3820 ibi
3485 3759 3546 3817 in
3600 3761 3773 3822 tertio

2105 3849 2365 3922 ponitur.
2397 3852 2529 3904 Jam
2552 3853 2754 3904 autem
2779 3865 2989 3904 verum
3022 3853 3255 3905 constat
3281 3848 3446 3921 quod
3483 3849 3579 3905 his
3615 3865 3772 3922 qua-

2105 3941 2241 3993 tuor
2271 3937 3035 4010 perturbationibus,quasi
3079 3941 3338 4010 quatuor
3367 3938 3775 4010 quaternioni-

2105 4025 2241 4093 bus,
2266 4026 2552 4098 insipiens
2581 4025 2642 4084 in
2689 4026 3055 4084 inﬁdelitatis
3107 4042 3342 4086 carcere
3393 4026 3777 4087 custodiatur

2105 4115 2390 4172 inclusus.
2420 4118 2487 4172 Et
2515 4119 2715 4188 poeta,
2748 4116 2809 4173 in
2839 4115 3048 4174 eodem
3081 4115 3237 4186 loco,
3289 4115 3476 4188 ipsius
3521 4132 3775 4189 quoque

2107 4204 2361 4260 carceris
2390 4204 2608 4266 fecerat
2635 4205 3023 4274 mentionem,
3055 4205 3138 4261 ait
3164 4205 3327 4264 enim
3357 4222 3370 4260 :

337 4312 754 4383 unusquisque
784 4314 1100 4384 quaternio
1127 4320 1385 4387 quatuor
1416 4317 1529 4371 sub
1561 4333 1622 4372 se
1652 4317 1864 4373 milites
1895 4318 1998 4372 ha-
2028 4357 2070 4412 D
2169 4327 2920 4412 ἓίιιιῃιιιΪεηιιιιιηῖ(ιιιρίιιηιίιιξθἢ
2937 4327 3130 4381 dolent,
3149 4327 3489 4392 gaudentque,
3511 4343 3602 4376 nec
3621 4341 3772 4376 auras

335 4401 456 4472 bet,
497 4406 758 4474 quatuor
787 4405 1211 4475 quaterniones
1235 4423 1375 4461 cum
1405 4407 1518 4462 sibi
1539 4407 1823 4478 subjectis
1847 4407 1994 4462 mili-

336 4491 514 4558 tibus,
549 4491 725 4546 simul
746 4492 950 4563 viginti
976 4493 1188 4550 milites
1216 4499 1373 4550 sunt.
1401 4497 1507 4561 Qui
1539 4513 1825 4553 numerus
1851 4498 1996 4569 quia

333 4596 405 4635 ex
425 4580 703 4651 quinario
733 4585 789 4637 et
816 4583 1066 4638 denario
1122 4585 1435 4640 conﬁcitur
1464 4586 1629 4658 (nam
1674 4591 1732 4642 et
1783 4592 1995 4658 quater

333 4670 608 4742 quini,et
625 4670 719 4725 bis
769 4671 928 4742 deni,
982 4672 1188 4742 viginti
1216 4675 1393 4745 sunt),
1439 4680 1632 4747 potest
1661 4692 1768 4748 per
1822 4676 1992 4732 illum

333 4759 612 4815 universa
664 4761 941 4817 vitiorum
1001 4763 1406 4836 multiplicitas
1480 4765 1801 4834 designari,
1856 4782 1992 4838 quae

333 4852 540 4905 contra
576 4849 849 4920 decalogi
902 4857 1203 4924 prmoepta
1253 4870 1361 4926 per
1405 4854 1672 4926 quinque
1726 4856 1992 4929 corporis

334 4953 544 4993 sensus
613 4945 1052 5013 perpetrantur.
1090 4942 1202 4997 Sed
1233 4942 1482 4999 fortasse
1522 4944 1774 5013 exigitur
1825 4961 1860 5000 a
1890 4960 1993 5000 no-

333 5026 425 5081 bis
447 5033 513 5082 ut
561 5029 807 5084 eosdem
864 5029 1308 5102 quaterniones,
1367 5037 1423 5088 et
1443 5033 1544 5104 qui
1590 5033 1703 5088 sub
1748 5034 1831 5088 eis
1888 5035 1994 5089 mi-

332 5113 502 5170 litant
524 5116 821 5184 satellites,
877 5119 1209 5190 specialiter
1237 5121 1697 5190 distinguamus.
1741 5125 1838 5177 Est
1865 5123 1993 5194 qui-

335 5202 474 5256 dem
517 5204 632 5259 hoc
655 5204 1095 5277 aliquantulum
1125 5225 1471 5282 operosum,
1505 5210 1607 5264 sed
1639 5214 1696 5266 et
1723 5211 1836 5267 hoc
1883 5212 1990 5267 du-

333 5289 473 5362 plici
502 5292 1033 5367 rationeindagare
1062 5299 1436 5354 conabimur.
1493 5300 1572 5353 De
1628 5299 1850 5372 quibus
1907 5302 1993 5357 ni-

333 5378 554 5436 mirum
583 5385 1080 5455 quaternionibus
1109 5390 1173 5440 ut
1200 5387 1533 5442 secundum
1573 5387 1868 5445 internam
1906 5390 1992 5446 in-

333 5467 717 5540 telligentiam
783 5473 947 5546 loqui
1006 5474 1266 5546 apertius
1339 5475 1667 5545 valeamus,
1724 5478 1988 5550 primum

333 5563 564 5630 oportet
581 5577 684 5616 eos
708 5578 983 5617 seorsum
1017 5567 1380 5633 construere,
1412 5580 1481 5620 ac
1533 5565 1748 5621 deinde
1791 5566 1991 5635 singu-

331 5645 403 5702 lis
432 5663 578 5705 suos
609 5649 825 5706 milites
855 5656 1035 5722 prout
1075 5652 1226 5708 ratio
1278 5653 1602 5722 dictaverit,
1656 5654 1983 5724 assignare.

2169 4390 2487 4454 Respicium,
2517 4390 2701 4440 clausae
2737 4390 2952 4440 tenebris
2983 4399 3031 4440 et
3053 4405 3242 4442 carcere
3272 4390 3415 4445 (meo.

2104 4504 2461 4560 Auctoritate
2525 4503 2725 4577 itaque
2804 4505 3118 4578 Scripturse
3205 4509 3420 4561 nostrae
3499 4505 3769 4578 primum

2105 4593 2357 4648 modum
2435 4593 2923 4665 perturbationis,
2992 4595 3167 4666 quasi
3219 4594 3482 4667 primum
3529 4599 3774 4667 quater-

2103 4681 2367 4747 nionem,
2448 4682 2732 4752 ponimus
2807 4682 3234 4754 cupiditatem;
3294 4682 3563 4738 secundo
3608 4682 3769 4749 loco,

2103 4774 2366 4837 metum;
2441 4770 2630 4836 tertio,
2717 4771 3036 4838 dolorem;
3117 4775 3350 4844 quarto,
3421 4770 3767 4840 gaudium:

2102 4858 2268 4930 quod
2321 4874 2427 4913 cur
2481 4858 2633 4914 inter
2710 4859 3078 4915 turbationes
3138 4860 3323 4915 animi
3392 4864 3769 4927 numeretur,

2101 4945 2348 5001 inferius
2418 4947 2823 5002 ostendemus.
2912 4951 3058 5003 Ecce
3130 4948 3220 5003 isti
3289 4952 3428 5003 sunt
3501 4953 3776 5020 quatuor

2103 5035 2547 5106 quaterniones,
2606 5036 2826 5108 quibus
2883 5036 3190 5109 captivum
3257 5053 3434 5092 suum
3482 5035 3775 5092 diabolus

2103 5123 2562 5180 custodiendum
2596 5125 2930 5194 committit,
2963 5141 3145 5197 quem
3171 5125 3339 5198 prius
3395 5125 3457 5180 in
3513 5124 3772 5180 inﬁdeli-

2103 5211 2238 5266 tatis
2267 5228 2567 5267 carcerem
2598 5229 2704 5286 per
2728 5213 3080 5285 insipientia;
3135 5214 3358 5269 ostium
3410 5212 3766 5272 introduxit.

2104 5299 2234 5366 Qui,
2258 5304 2323 5355 ut
2350 5300 2580 5372 praefati
2611 5317 2843 5369 sumus,
2875 5302 3018 5374 quia
3045 5307 3260 5375 praeter
3281 5302 3397 5357 hoc
3425 5301 3593 5374 quod
3637 5315 3769 5356 eos

2102 5389 2300 5460 porcis
2325 5389 2515 5444 oculis
2566 5391 2746 5458 videt,
2800 5391 2947 5449 nihil
3002 5391 3165 5448 aliud
3220 5391 3424 5463 credit,
3471 5390 3652 5447 bonis
3680 5391 3771 5446 in-

2102 5478 2418 5534 terioribus
2466 5496 2715 5551 vacuus,
2798 5485 2955 5537 totus
3036 5482 3097 5538 in
3146 5481 3438 5538 exteriora
3498 5479 3770 5554 prolabi-

2101 5572 2213 5623 tur.
2278 5571 2343 5624 Et
2366 5569 2562 5642 primo
2617 5570 2862 5645 quidem
2911 5570 3090 5626 vallat
3138 5587 3279 5627 eum
3324 5570 3646 5642 cupiditas,
3699 5574 3771 5626 ut

2098 5657 2356 5726 habeat;
2411 5661 2677 5718 secundo
2705 5664 2922 5730 metus,
2955 5676 3029 5718 ne
3064 5660 3295 5718 amittat
3326 5677 3338 5716 :
3367 5659 3539 5717 tertio
3563 5658 3766 5723 dolor,
