4018 6176
150 130 246 185 285
1058 115 1474 176 TRACTATUS
1512 116 1589 172 IN
1632 110 1845 171 νΕΒε

2011 111 2165 170 CAP.
2204 117 2294 175 ΧΠ
2330 119 2485 179 ΛΒΤ.
2523 122 2747 181 APOST
3533 138 3642 195 286

151 252 199 308 si
229 247 504 307 amiserit
534 265 548 315 ;
575 248 787 320 quarto
838 245 1148 315 gaudium,
1177 243 1225 299 si
1268 236 1698 313 recupaverit.
1723 236 1879 331 _Ha—
1907 237 1958 297 Α
1995 236 2382 331 cirqumfudjt,
2405 259 2479 300 θο
2502 246 2685 317 quod,
2714 248 2943 307 amisso
2963 250 3352 315 humanum“
3365 257 3636 331 consilio,

146 342 289 398 bent
324 342 534 397 autem
585 339 640 393 et
672 334 764 391 isti
822 335 1260 407 quaterniones,
1316 331 1399 387 ad
1454 323 1883 417 servandum
1988 326 2151 417 nulla
2170 345 2231 385 se
2260 331 2506 389 rationis
2542 335 2950 395 moderatione
2978 340 3302 415 componit.
3336 343 3482 403 Huic
3502 323 3635 417 jam

149 428 464 503 captivum
494 422 725 491 diaboli,
763 422 997 493 singuli
1026 424 1136 480 sub
1164 437 1224 479 se
1252 420 1473 478 milites
1496 431 1684 473 suos.
1710 410 1883 505 Vitia
1984 415 2174 487 dolor,
2201 435 2382 492 quem
2406 422 2640 480 tertium
2687 410 3139 497 quaternioneni
3160 430 3443 505 diximus,
3493 410 3634 495 cum

148 518 375 577 etenim
404 532 544 589 quae
599 514 669 570 de
718 528 1099 587 unaquaque
1146 508 1591 585 perturbatione
1670 504 1876 572 quasi
1983 520 2092 562 suo
2122 508 2361 578 agmine
2388 509 2466 566 ad
2486 512 2705 584 captivi
2734 516 3073 573 custodiam
3103 504 3483 590 subrogatur.
3535 526 3635 585 Est

146 606 526 680 originaliter
550 606 907 674 nascuntur,
939 603 1052 676 ipsi
1103 606 1237 658 sunt
1266 600 1510 663 milites,
1559 590 1693 668 qui
1720 593 1869 649 uni-
1982 599 2182 652 autem
2261 598 2579 659 satellitum
2628 603 2757 674 ejus
2807 605 3036 677 primus
3105 607 3270 677 livor,
3330 612 3633 669 secundus

150 699 372 771 cuique
399 691 806 770 quaternioni,
837 691 1016 765 quasi
1041 708 1148 765 pro
1176 689 1498 763 adjutorio,
1518 684 1595 742 ad
1626 696 1865 756 pecca-

154 789 297 846 toris
342 782 686 843 custodiam
748 780 1138 855 deputantur.
1198 780 1319 837 Sub
1382 777 1582 852 primo
1642 772 1860 848 itaque

155 875 559 952 quaternione
584 887 764 945 quem
797 870 1190 942 cupiditatum
1213 868 1701 931 nominavimus,
1733 865 1859 937 pri—

158 982 290 1022 mus
341 962 524 1020 miles
577 963 664 1016 est
718 957 978 1028 tenacia,
1034 958 1330 1015 secundus
1397 953 1856 1028 multiplicatio,

160 1056 366 1112 tertius
398 1048 726 1117 inaffectio,
750 1051 1006 1121 quartus
1035 1047 1518 1122 voluptas.Recto
1541 1042 1859 1119 siquidem

160 1144 375 1202 ordine
436 1140 832 1213 cupiditatem
883 1136 1109 1195 tenacia
1147 1137 1440 1210 sequitur,
1470 1135 1640 1209 squia
1676 1138 1859 1191 tanto

158 1232 423 1307 quisque
455 1227 654 1284 studet
682 1224 942 1281 strictius
986 1225 1148 1299 quod
1204 1224 1570 1298 acquisitum
1601 1227 1689 1280 est
1716 1222 1859 1278 reti-

160 1336 324 1389 nere,
346 1320 585 1391 quanto
619 1330 682 1370 se
708 1312 980 1369 meminit
997 1313 1060 1371 in
1099 1313 1471 1386 acquirendo
1503 1311 1746 1382 gravius
1767 1310 1860 1368 la-

156 1411 431 1467 borasse.
494 1403 765 1466 Tenaciae
794 1418 936 1459 vero
963 1402 1379 1477 multiplicatio
1430 1401 1852 1469 subnectatur,

162 1498 326 1573 quia,
355 1496 513 1551 dum
538 1494 727 1564 longa
758 1491 870 1548 sibi
899 1492 1031 1549 vitae
1074 1493 1268 1567 spatia
1296 1489 1878 1580 pollicetur,i_nstatl

1979 685 2340 755 amaritudo,
2391 690 2594 747 tertius
2663 692 2909 763 clamor,
2968 700 3220 767 quartus
3284 700 3627 759 crudelitas.

1980 772 2255 831 Dolorem
2308 777 2532 851 quippe
2556 781 2787 853 primus
2838 782 2991 840 livor
3038 786 3415 858 prosequitur
3448 790 3632 861 ;quia

1979 877 2117 919 cum
2145 864 2290 921 alter
2316 865 2661 939 adipiscitur
2706 871 2874 943 quod
2920 872 3066 930 alter
3124 874 3404 946 amiserit,
3454 878 3630 937 amit-

1978 953 2106 1008 tens
2136 952 2197 1009 in
2218 953 2647 1027 adipiscentem
2701 958 2881 1017 livore
2937 962 3175 1019 invidiae
3228 965 3627 1023 succenditur.

1976 1038 2163 1097 Livori
2189 1046 2391 1099 autem
2420 1045 2757 1103 amaritudo
2804 1049 3086 1122 succedit,
3115 1051 3260 1122 quia
3306 1050 3630 1113 invidentis

1972 1127 2214 1185 animus
2247 1134 2408 1189 tanto
2434 1132 2512 1189 ad
2537 1149 2747 1192 omnes
2771 1138 3090 1194 amarescit
3133 1139 3411 1207 exterius,
3438 1156 3633 1213 quen-

1969 1219 2051 1286 to,
2083 1224 2365 1276 exurente
2393 1220 2617 1281 invidia
2668 1224 2901 1282 radices
2929 1227 3058 1297 ejus
3109 1226 3373 1293 intimas,
3411 1245 3631 1287 succus

1976 1306 2228 1378 alicujus
2288 1309 2565 1370 infundit.
2634 1312 2775 1370 Post
2841 1315 3306 1373 amaritudinem
3383 1332 3629 1390 quoque

1961 1394 2199 1452 clamor
2223 1413 2347 1454 non
2397 1398 2725 1470 incongrue
2776 1407 3145 1473 numeratur,
3206 1404 3350 1478 quia
3405 1405 3629 1462 amari-

1960 1488 2141 1540 catus
2171 1485 2428 1556 animus,
2483 1505 2623 1547 cum
2674 1492 2804 1562 jam
2855 1492 3136 1551 ﬂammas
3165 1510 3304 1550 suas
3342 1493 3510 1566 apud
3566 1509 3630 1551 se

164 1570 544 1659 magnopere
603 1587 669 1639 ut
725 1598 860 1655 quae
880 1583 1010 1653 jam
1058 1588 1233 1656 parta
1280 1585 1441 1647 sunt,
1493 1570 1922 1661 quotidianofg
1959 1570 2105 1644 ipse
2132 1572 2378 1631 tolerare
2399 1592 2521 1634 non
2569 1578 2804 1649 sufﬁcit,
2835 1582 3088 1639 exterius
3114 1599 3215 1639 eas
3242 1599 3383 1639 cum
3407 1582 3631 1641 clamo.

162 1678 394 1739 {tenore
426 1672 832 1730 cumulentur.
894 1672 1071 1738 Quod
1126 1688 1261 1729 cum
1294 1671 1373 1727 ad
1401 1673 1614 1726 votum
1651 1667 1853 1724 multi-

165 1764 375 1841 plicari
403 1762 740 1834 contigerit,
782 1777 873 1817 res
928 1760 1184 1834 quidem
1238 1759 1492 1816 exterior
1542 1757 1849 1826 dilatatur,

166 1854 276 1912 sed
304 1855 437 1929 ipse
466 1851 714 1908 interius
763 1854 1143 1920 angustatur.
1201 1848 1366 1905 Unde
1424 1850 1483 1903 et
1505 1845 1672 1902 tertio
1710 1845 1850 1902 loco

171 1943 479 2002 inaffectio
500 1939 878 2009 subinfertur,
909 1940 1064 2013 quia
1095 1943 1261 1995 tanto
1314 1936 1614 1994 crudelius
1642 1939 1851 1992 contra

171 2031 567 2104 indigentiam
596 2029 853 2104 proximi
890 2029 1241 2096 induratur,
1298 2031 1532 2100 quanto
1585 2024 1696 2081 sibi
1738 2023 1852 2080 soli

168 2123 352 2181 credit
378 2121 470 2176 vir
498 2135 678 2193 posse
709 2118 981 2175 sufﬁcere
1017 2134 1160 2191 quae
1199 2117 1523 2174 habentur.
1568 2114 1683 2172 Sed
1700 2115 1853 2171 inter

169 2214 291 2269 haec
322 2210 551 2280 cogitat
578 2207 724 2282 quia
771 2208 995 2263 frustra
1055 2207 1122 2263 in
1160 2204 1607 2278 congregandis
1662 2207 1854 2260 tanto-

164 2317 299 2377 pere
322 2297 675 2364 desudavit,
700 2296 845 2354 sisic
868 2296 950 2353 ab
983 2311 1204 2351 eorum
1236 2292 1671 2352 communione
1698 2290 1856 2348 indi-

164 2395 404 2462 gentem
433 2387 781 2463 proximum
840 2384 1148 2456 sublevat,
1204 2388 1270 2441 ut
1320 2384 1451 2458 ipse
1506 2398 1753 2455 quoque
1780 2379 1858 2436 ab

166 2496 375 2537 eorum
402 2493 521 2533 usu
547 2476 776 2532 alienus
826 2475 1074 2531 existat.
1128 2474 1312 2541 Unde,
1346 2472 1495 2546 quia
1542 2476 1680 2543 post
1728 2471 1859 2526 haec

166 2576 351 2626 totum
373 2583 438 2624 se
462 2567 527 2623 in
551 2565 865 2622 lasciviam
923 2563 1253 2636 voluptatis
1304 2562 1544 2634 dejecit,
1585 2561 1648 2618 in
1695 2576 1860 2617 com-

165 2659 507 2717 militonum
533 2654 774 2726 agmine
806 2658 1031 2728 quarto
1060 2652 1256 2723 gradu
1277 2653 1562 2725 voluptas
1590 2650 1855 2717 incedit;

164 2765 266 2824 per
293 2762 489 2823 quam
526 2744 746 2801 scilicet
791 2743 873 2800 ita
904 2741 1202 2799 illecebris
1221 2742 1419 2798 carnis
1452 2756 1576 2797 suae
1602 2737 1859 2798 resolvi-

166 2843 274 2906 tur,
334 2841 401 2892 ut
452 2835 506 2892 ei
575 2834 679 2892 illa
732 2833 1244 2906 voluptuosorum
1296 2829 1591 2888 sententia
1636 2829 1859 2888 merito

1960 1662 2061 1717 ris
2115 1662 2533 1723 vociferatione
2588 1669 2914 1741 profundit,
2966 1676 3249 1745 tantoque
3307 1688 3409 1731 eas
3455 1672 3632 1729 altius

1957 1747 2295 1823 jaculatur,
2326 1759 2554 1826 quanto
2590 1755 2651 1812 id
2705 1759 2869 1831 quod
2913 1761 3205 1819 amissum
3254 1767 3344 1819 est
3390 1761 3633 1819 charius

1965 1838 2313 1896 amabatur.
2339 1843 2593 1909 Quartus
2619 1845 2683 1903 in
2712 1847 2826 1904 hoc
2857 1849 3096 1920 agmine
3116 1850 3455 1922 satellitum,
3495 1867 3632 1907 cru-

1967 1926 2189 1984 delitas
2254 1932 2622 2005 nominatur,
2683 1937 2828 2009 quia
2900 1944 3290 2012 exasperatus
3348 1956 3456 2013 per
3526 1941 3635 1998 doc

1969 2014 2165 2071 lorem
2245 2017 2503 2089 animus,
2574 2024 2682 2097 qui
2746 2026 3017 2084 dolorem
3077 2045 3255 2085 suum
3308 2028 3426 2085 sub
3492 2028 3637 2091 livo-

1972 2102 2055 2159 ris
2112 2108 2372 2180 tegmine
2451 2110 2676 2170 diutius
2732 2117 3030 2187 enutrivit,
3090 2135 3230 2177 cum
3277 2119 3439 2177 hunc
3516 2118 3634 2181 cla—

1972 2209 2174 2251 mores
2230 2198 2534 2259 ett‘erendo
2583 2203 2757 2276 plene
2804 2222 2927 2264 non
2950 2208 3143 2278 satiat,
3173 2208 3369 2267 studet
3402 2208 3636 2272 inhian—

1971 2287 2058 2339 ter
2086 2291 2151 2342 ut
2172 2290 2368 2346 verbis
2399 2292 2741 2351 crudelibus
2789 2313 2974 2371 opera
3001 2297 3367 2356 crudelitatis
3414 2299 3633 2371 adjun—

1967 2378 2070 2441 gat
2101 2394 2113 2445 ;
2146 2394 2283 2451 quae
2311 2380 2597 2439 nimirum
2628 2386 2949 2444 crudelitas
2981 2404 3249 2460 eousque
3273 2388 3495 2447 doloris
3523 2389 3634 2453 im-

1963 2466 2279 2552 mensitate
2308 2486 2372 2527 se
2396 2470 2622 2540 dilatat,
2657 2474 2802 2532 utin
2832 2478 3117 2534 eumdem
3161 2477 3364 2549 ipsum
3392 2479 3499 2552 qui
3525 2481 3633 2539 do-

1963 2550 2045 2609 let
2073 2555 2298 2613 doloris
2327 2574 2540 2631 poenas
2564 2566 2924 2635 retorqueat.
2958 2565 3261 2638 Plerisque
3274 2550 3508 2628 etenim
3536 2585 3632 2626 ac»

1967 2642 2107 2701 cidit
2131 2651 2216 2718 ut,
2238 2648 2330 2704 vel
2357 2664 2559 2706 rerum
2606 2652 2700 2707 vel
2720 2653 3046 2725 pignorum
3075 2654 3403 2715 amissione
3428 2657 3630 2717 turba-

1965 2733 2025 2804 ti,
2058 2736 2207 2793 dum
2233 2737 2457 2794 doloris
2486 2739 2580 2795 sui
2604 2742 2826 2799 vulnus
2874 2743 3059 2801 lenire
3089 2744 3338 2803 rationis
3362 2747 3627 2809 medicae

1961 2824 2124 2883 mine
2152 2827 2560 2897 neglexerzmt,
2609 2830 2672 2887 in
2711 2848 2814 2888 eos
2862 2832 3384 2907 perturbationum
3410 2837 3627 2899 ﬂuctus

170 2930 477 3003 coaptetur
507 2943 520 2981 :
580 2924 1021 2981 Manducemus
1077 2928 1133 2978 et
1164 2921 1460 2990 bibamus,
1521 2935 1665 2977 cras
1698 2920 1857 2978 enim
1881 2953 1921 3008 ρ
1958 2913 2297 2983 inciderint,
2324 2922 2390 2974 ut
2412 2918 2508 2975 vel
2539 2936 2782 2978 sensum
2832 2939 3224 2983 communem
3265 2927 3621 2998 amitterent,

168 3021 493 3073 moriemur
519 3026 546 3086 ,‘
574 3017 673 3069 et:
716 3014 1087 3068 Coronemus
1133 3025 1238 3067 nos
1286 3010 1457 3075 rosis,
1518 3014 1858 3082 antequam

162 3108 571 3174 marcescant;
600 3105 690 3158 et:
727 3101 958 3172 Ubique
988 3113 1330 3171 quceramus
1356 3099 1534 3167 signa
1565 3097 1809 3155 lwtitize
1836 3112 1857 3151 .’

163 3201 211 3252 et
234 3194 475 3250 nullum
501 3195 752 3261 patrum
773 3189 852 3245 sit
893 3187 1055 3266 quod
1082 3203 1202 3244 non
1242 3191 1637 3257 pertranseat
1676 3188 1859 3244 luxu-

161 3285 250 3340 ria
290 3287 520 3338 nostra.
555 3278 670 3337 Sed
707 3277 859 3334 dum
906 3274 1111 3333 infelix
1164 3275 1371 3331 anima
1402 3272 1597 3331 taliter
1642 3276 1707 3332 in
1739 3290 1858 3331 sua

162 3372 466 3445 voluptate
502 3367 837 3439 resolvitur,
896 3364 1105 3438 incipit
1141 3364 1528 3421 vehementer
1552 3370 1852 3431 metuere,

166 3478 236 3518 ne
266 3461 489 3517 scilicet
508 3458 573 3515 id
599 3457 769 3532 quod
821 3472 960 3513 eam
1016 3458 1327 3527 tantopere
1364 3450 1650 3525 delectat,
1682 3455 1762 3513 ab
1784 3469 1856 3510 ea

168 3551 363 3608 subito
385 3549 711 3608 auferatur.
744 3545 912 3603 Unde
963 3543 1120 3601 bene
1145 3543 1280 3599 loco
1320 3540 1575 3598 secundi
1613 3548 1856 3616 quater-

165 3640 379 3707 nionis,
429 3642 627 3696 metus
686 3653 828 3697 cum
886 3636 1014 3691 suis
1073 3632 1425 3691 satellitibua
1464 3631 1853 3706 subrogatur,

167 3745 427 3803 quorum
454 3730 473 3782 Ι
504 3730 596 3783 est
619 3724 980 3792 sollicitudo,
1032 3726 1075 3779 ll
1104 3719 1532 3790 inconstantia,
1566 3724 1635 3778 ΙΙΙ
1666 3722 1847 3791 ﬁctio,

166 3822 235 3875 ιν
259 3816 767 3874 irrationabilitas.
822 3813 999 3881 Quod
1024 3812 1299 3871 videlicet
1328 3810 1552 3868 frustra
1582 3814 1667 3866 sic
1696 3811 1852 3877 ordi-

168 3907 472 3974 navimus,
504 3906 554 3963 si
580 3920 705 3962 non
735 3904 1038 3961 rationem
1061 3918 1306 3977 quoque
1337 3916 1446 3956 cur
1494 3899 1683 3956 taliter
1736 3900 1852 3959 sint

170 3994 438 4053 ordinati
463 3994 811 4051 reddamus.

246 4083 594 4142 Sollicitudo
618 4098 886 4155 namque
926 4085 1159 4138 metum
1186 4080 1387 4154 primo
1416 4077 1609 4150 gradu
1639 4078 1852 4135 subse—

172 4175 394 4249 quitur,
471 4172 617 4245 quia
675 4171 998 4229 metuentis
1076 4170 1339 4242 animus,
1418 4168 1568 4227 dum
1624 4166 1853 4240 aliquid

174 4263 341 4336 quod
394 4262 781 4319 vehementer
821 4259 1222 4334 amplectitur,
1256 4259 1525 4319 amittere
1570 4257 1846 4329 trepidat,

1958 3006 2053 3063 vel
2083 3008 2146 3065 in
2192 3008 2424 3080 seipsos
2483 3011 2800 3069 crudeliter
2843 3029 3066 3071 manus
3092 3014 3420 3087 injicerent.
3476 3022 3624 3079 Ecce

1956 3112 2275 3170 quousque
2302 3113 2409 3170 per
2433 3098 2712 3157 satellites
2742 3117 2885 3159 suos
2924 3104 3098 3161 dolor
3126 3107 3316 3177 saevit,
3352 3112 3420 3164 ut
3444 3110 3625 3181 quasi

1957 3200 2173 3259 parum
2204 3186 2279 3243 sit
2320 3186 2375 3242 ei
2424 3187 2688 3259 quietem
2734 3191 2953 3249 animae
2983 3194 3358 3266 perturbare,
3385 3196 3624 3255 studeat

1955 3273 2120 3331 illam
2174 3274 2355 3332 etiam
2410 3274 2487 3331 de
2543 3276 2676 3348 ipso
2731 3278 3077 3338 habitacula
3131 3283 3399 3354 corporis
3466 3281 3619 3338 etfu-

1957 3378 2099 3434 gare
2133 3365 2145 3421 Ι

2030 3456 2228 3510 Restat
2277 3456 2528 3525 quartus
2574 3456 2911 3526 quaternio,
2959 3475 3146 3530 quem
3198 3462 3427 3517 veteres
3471 3472 3622 3528 gau-p

1958 3542 2126 3600 dium
2156 3543 2639 3612 nominaverunt,
2670 3551 2812 3617 post
2836 3548 3110 3606 dolorem
3154 3564 3420 3619 congrue
3442 3548 3624 3605 collo-

1961 3637 2147 3705 catus,
2187 3633 2350 3706 quia,
2380 3632 2532 3689 sicut
2557 3634 2731 3689 dolor
2768 3636 2843 3692 de
2872 3653 2935 3693 re
2966 3643 3289 3707 generatur
3312 3639 3620 3712 adempta,

1954 3724 2039 3780 ita
2064 3726 2123 3780 et
2149 3722 2441 3793 gaudium
2478 3724 2555 3781 de
2608 3740 2671 3781 re
2720 3732 3039 3795 generatur
3077 3728 3318 3800 adepta.
3374 3728 3492 3784 Sed
3542 3729 3623 3785 vi-

1952 3812 2224 3873 dendum
2253 3826 2361 3867 cur
2383 3812 2685 3883 majorum
2711 3815 3059 3883 auctoritas,
3086 3817 3240 3873 inter
3258 3831 3363 3872 eas
3396 3820 3624 3889 pertur-

1953 3901 2226 3961 bationes
2252 3916 2389 3974 qute
2420 3905 2643 3959 statum
2672 3905 2889 3959 mentis
2937 3904 3137 3962 solent
3163 3910 3448 3977 avertere,
3472 3922 3619 3976 gau.

1955 3992 2123 4049 dium
2148 3991 2509 4062 numeravit,
2561 4008 2700 4049 cum
2752 3993 2869 4050 hoc
2914 3992 3069 4050 inter
3103 3994 3328 4051 fructus
3375 3995 3617 4067 justitim

1953 4086 2196 4139 sanctus
2223 4080 2442 4137 Paulus
2493 4082 2802 4156 apostolus
2844 4085 3306 4159 computaverit,
3362 4085 3611 4144 dicens:

1951 4176 2213 4235 Fructus
2258 4178 2458 4231 autem
2506 4174 2775 4245 spiritus,
2834 4181 2919 4232 est
2946 4178 3261 4248 gaudium,
3312 4192 3459 4248 pax,
3503 4182 3612 4235 etc.

1955 4264 2119 4323 Unde
2148 4263 2495 4321 noverimus
2524 4263 2835 4334 gaudium,
2880 4264 2930 4321 si
2959 4266 3210 4338 quando
3258 4267 3321 4325 in
3349 4268 3514 4326 mala
3541 4270 3617 4325 si-

172 4353 477 4410 immensa
550 4351 721 4407 illum
792 4350 1212 4424 suspicionum
1275 4348 1530 4405 varietas
1602 4347 1802 4404 turbat
1830 4317 1914 4418 ;D
1954 4352 2334 4424 gniﬁcatione
2364 4352 2625 4424 ponitur,
2652 4369 2777 4409 non
2806 4317 3068 4427 propriie,
3100 4355 3205 4411 sed
3236 4356 3481 4414 abusive
3510 4374 3617 4415 no-

173 4459 308 4516 quaa
331 4440 530 4500 menti
558 4438 798 4515 trepidae
828 4440 979 4497 dum
1004 4438 1235 4497 damna
1266 4442 1515 4494 ventura
1545 4437 1845 4513 proponit,

172 4532 383 4589 omnia
434 4529 520 4587 illi
566 4545 673 4602 per
723 4529 1147 4600 cogitationem
1202 4530 1428 4599 irrogat
1474 4543 1613 4599 quae
1669 4542 1849 4597 posse

168 4621 445 4691 irrogare
472 4617 777 4689 conﬁngit.
845 4618 1314 4676 Sollicitudinem
1364 4621 1565 4675 autem
1614 4615 1851 4673 incons-

170 4710 365 4769 tantia
393 4708 733 4780 comitatur,
755 4723 879 4787 qua
905 4707 1057 4765 dum
1083 4723 1155 4765 ea
1173 4724 1311 4781 quae
1350 4707 1475 4781 pati
1501 4704 1731 4773 metuit,
1762 4706 1850 4765 in-

171 4798 517 4859 tolerabilia
590 4797 714 4855 fore
784 4797 1227 4872 praeponderat,
1297 4797 1675 4857 effeminatus
1740 4812 1848 4868 per

165 4890 512 4962 ignaviam,
571 4886 738 4946 nulla
797 4903 861 4945 se
891 4886 1219 4945 tolerantiae
1275 4886 1489 4945 virtute
1533 4884 1843 4943 confortat.

168 4982 326 5036 Cum
355 4993 501 5036 vero
532 4993 593 5034 se
622 4977 701 5033 ad
724 4980 892 5034 tanta
914 4976 1263 5035 discrimina
1303 4975 1593 5050 praevidet
1621 4973 1845 5031 virtutis

168 5070 397 5129 robore
438 5083 557 5125 non
613 5083 790 5141 posse
844 5067 1188 5137 subsistere,
1246 5071 1432 5153 tentet
1476 5080 1844 5138 magnopere

170 5161 222 5217 si
278 5176 358 5218 ea
418 5157 632 5215 saltem
672 5174 780 5231 per
834 5158 1137 5215 ﬁctionem
1179 5157 1376 5215 valeat
1418 5155 1699 5212 devitarc.
1760 5158 1844 5213 Ac

169 5249 430 5323 proinde
457 5252 595 5321 post
620 5247 1088 5305 inconstantiam
1118 5247 1277 5307 ﬁctio
1296 5249 1669 5317 muneratur,
1697 5245 1843 5319 quia

171 5345 341 5396 metu
391 5353 727 5395 concussus
793 5337 1054 5407 animus,
1122 5337 1198 5393 de
1254 5352 1474 5410 campo
1530 5334 1841 5391 conﬁden-

173 5429 267 5485 tia:
299 5427 559 5501 fugiens,
586 5427 647 5484 in
672 5426 1033 5500 duplicitatis
1054 5425 1279 5495 angulo
1302 5424 1656 5481 occultatur.
1703 5428 1842 5485 Post

172 5516 483 5575 ﬁctionem
508 5522 715 5579 autem
744 5514 1224 5573 irrationabilitas
1264 5514 1646 5584 subrogatur,
1689 5514 1838 5587 quia

172 5606 398 5667 ideirco
423 5607 695 5669 animum
714 5610 839 5665 tam
855 5605 1050 5669 densa
1066 5603 1584 5677 perturbationum
1612 5603 1835 5665 nebula
1886 5672 1895 5697 1

1952 4443 2187 4503 minari.
2218 4442 2383 4498 Unde
2404 4446 2460 4499 et
2487 4442 2655 4516 apud
2680 4443 2901 4499 Isaiam
2928 4445 3095 4511 (Isai.
3130 4462 3326 4518 XLVIII,
3361 4448 3474 4519 22),
3507 4448 3614 4505 ubi

1951 4537 2156 4590 nostra
2176 4532 2486 4590 translatio
2525 4533 2706 4589 habet
2732 4550 2747 4587 ε
2777 4534 2914 4590 Non
2939 4540 3022 4590 est
3046 4550 3179 4603 pax
3207 4538 3427 4606 impiis,
3459 4538 3612 4597 dicit

1952 4624 2260 4693 Dominus,
2294 4623 2410 4679 alia
2432 4622 2741 4679 translatio
2768 4622 2953 4678 habet
2985 4640 2998 4677 :
3029 4625 3164 4679 Non
3218 4632 3303 4681 est
3348 4629 3614 4696 gaudere

1954 4714 2172 4783 impiis,
2227 4714 2375 4770 dicit
2430 4714 2738 4768 Dominus.
2812 4714 3233 4769 Verumtamen
3290 4716 3611 4787 Apostolus

1953 4818 2092 4859 cum
2122 4801 2197 4858 de
2226 4801 2507 4858 charitate
2528 4801 2889 4873 loqueretur,
2916 4801 3033 4857 hoc
3061 4800 3314 4857 verbum
3361 4803 3611 4859 abusive

1949 4886 2169 4961 posuit,
2202 4887 2407 4943 dicens
2435 4905 2448 4942 :
2479 4888 2615 4943 Non
2638 4887 2862 4957 gaudet
2881 4901 3060 4957 super
3089 4888 3444 4957 iniquitate;
3471 4902 3610 4943 cum

1950 4981 2103 5035 certe
2123 4976 2469 5049 quicunque
2496 4990 2681 5048 super
2707 4974 3016 5047 iniquitate
3040 4973 3290 5047 laetatur,
3323 4991 3446 5033 non
3468 4991 3611 5045 gau-

1946 5067 2108 5134 dere,
2142 5067 2247 5122 sed
2272 5065 2470 5138 potius
2500 5065 2715 5135 gestire
2732 5065 3032 5121 dicendus
3054 5068 3161 5121 est.
3196 5066 3464 5125 Gaudere
3492 5071 3611 5124 ete-

1945 5156 2071 5213 nim
2098 5154 2518 5211 tantummodo
2544 5154 2860 5210 hominum
2881 5158 2987 5225 est,
3020 5154 3233 5224 gestire
3252 5160 3456 5213 autem
3486 5173 3609 5214 non

1945 5243 2141 5299 solum
2186 5242 2524 5313 hominum,
2604 5258 2815 5297 verum
2875 5243 3055 5300 etiam
3110 5244 3610 5303 irrationabilium

1944 5329 2297 5391 animalium
2350 5333 2484 5387 est:
2539 5330 2698 5387 unde
2741 5334 2799 5386 et
2845 5332 3024 5388 catuli
3062 5333 3276 5403 gestire
3303 5334 3605 5398 dicuntur,

1943 5435 2083 5481 cum
2142 5418 2438 5477 internam
2488 5417 2855 5476 alacritatem
2938 5420 3204 5492 gestibus
3246 5423 3458 5479 cauda
3516 5422 3610 5478 vel

1941 5510 2196 5567 aliorum
2234 5508 2647 5566 membrorum
2674 5513 2975 5569 ostentare
2997 5512 3296 5569 videntur.
3355 5514 3476 5569 Hoc
3504 5514 3612 5569 ita-

1939 5615 2059 5672 que
2086 5600 2220 5661 loco
2248 5615 2391 5659 cum
2419 5600 2712 5671 gaudium
2726 5600 2879 5660 inter
2903 5601 3385 5675 perturbationes
3413 5600 3603 5660 animi
