3996 6176
382 179 489 231 287

1445 177 1500 231 S.
1544 175 1880 231 FULBERTI
1918 173 2397 232 CARNOTENSIS
2441 175 2754 232 EPISCOPI

3711 176 3819 234 288

385 301 757 364 numeratur,
790 312 910 352 non
942 298 1180 370 proprie
1213 299 1522 370 gaudium,
1549 299 1653 355 sed
1691 298 1890 372 potius
1916 313 2045 368 ges-
2069 303 2118 356 Α
2156 297 2375 355 tivavit.
2413 299 2527 356 Sed
2551 299 3021 372 comprehensus
3037 301 3315 371 peccator
3341 297 3563 354 carceri
3588 299 3820 355 manci-

389 394 483 446 tus
512 387 762 461 quidam
791 386 1212 443 irrationabilis
1244 393 1330 444 est
1361 388 1744 461 accipiendus
1774 407 1786 455 ;
1847 404 1952 460 qui
1992 392 2049 442 et

388 482 651 535 mentem
677 491 784 548 per
819 475 1284 532 immoderatam
1329 478 1591 534 laetitiam
1647 493 1682 533 a
1739 475 2046 546 gravitatis

387 565 654 640 pondere
700 564 940 636 levigat,
993 570 1049 621 et
1094 567 1251 622 hanc
1285 568 1563 623 eamdem
1615 567 1914 623 levitatem
1944 579 2052 637 per

388 656 561 725 signa
599 654 890 710 exteriora
928 655 1318 712 demonstrat.
1343 657 1527 725 Unde,
1560 656 1703 729 quia
1728 671 1834 728 per
1861 653 2053 709 disso-

386 744 678 799 lutionem
721 744 1070 800 exteriorem
1097 745 1570 802 demonstratam
1591 745 1798 801 levitas
1820 743 2054 800 interna

388 833 703 904 detegitur,
762 849 886 888 non
962 834 1288 904 incongrue
1344 835 1479 907 ipsa
1554 833 1865 890 dissolutio
1913 831 2054 887 huic

389 927 607 996 quarto
655 922 1034 994 quaternioni
1082 940 1193 996 pro
1242 924 1437 996 primo
1489 924 1671 980 milite
1711 923 2050 994 deputatur.

390 1014 541 1068 Cum
572 1012 731 1067 enim
761 1027 932 1066 mens
964 1018 1320 1085 conceptam
1369 1013 1528 1068 intus
1560 1012 1827 1067 laetitiam
1859 1008 2055 1080 gravi-

394 1103 527 1158 tatis
553 1101 719 1156 freno
761 1102 1010 1156 retinere
1066 1118 1190 1157 non
1232 1106 1419 1168 curat,
1464 1101 1660 1175 qualis
1697 1100 1861 1174 apud
1888 1116 1950 1156 se
1971 1099 2056 1154 in-

394 1191 683 1246 trinsecus
741 1188 920 1244 lateat
977 1195 1176 1245 motus
1218 1190 1469 1245 exterior
1521 1189 1880 1260 manifestat,
1936 1203 2060 1260 qua

396 1279 616 1335 scilicet
642 1277 1120 1334 manifestatione
1173 1295 1295 1334 non
1336 1278 1657 1334 minimum
1709 1278 1788 1333 illi
1815 1277 2057 1350 dispen—

393 1370 563 1425 dium
590 1369 926 1438 irrogatur;
962 1369 1124 1441 quia,
1155 1386 1295 1425 cum
1347 1374 1547 1424 motus
1588 1369 1839 1425 exterior
1864 1368 1941 1424 ab
1968 1368 2058 1423 in-

395 1463 576 1514 ternae
610 1458 1034 1530 superﬂuitatis
1065 1459 1329 1514 fontibus
1373 1458 1610 1514 hauriat
1663 1457 1960 1531 quidquid
1999 1457 2060 1512 in

395 1548 654 1604 externis
686 1547 993 1603 obtutibus
1051 1549 1192 1602 foris
1224 1552 1486 1617 maneat,
1540 1552 1706 1603 tanto
1734 1548 1862 1618 jam
1893 1561 2062 1601 mens

2156 389 2570 462 patur,si,post
2594 388 3097 462 perpetrationem
3123 387 3478 455 criminis,in
3504 403 3628 444 suae
3644 404 3822 446 cons-

2159 479 2385 535 cientiae
2414 479 2656 536 latebris
2677 478 3026 535 occultatur.
3061 481 3176 534 Nec
3202 482 3405 534 tamen
3437 475 3658 534 sufﬁcit
3687 494 3823 535 cru-

2159 568 2274 624 deli
2306 568 2650 626 adversario
2682 584 2792 624 suo
2822 568 2988 641 quod
3018 567 3320 641 captivum
3349 583 3529 623 suum
3563 567 3824 624 tenebris

2160 657 2558 714 carcelaribus
2586 658 2839 714 damnat
2870 676 2883 725 ;
2918 657 3167 730 insuper
3211 656 3392 712 etiam
3436 656 3717 712 custodes
3743 656 3824 713 illi

2161 745 2426 818 adhibet,
2465 763 2540 802 ne
2569 746 2805 803 evadat.
2862 749 3010 802 Nam
3035 749 3334 818 peccator,
3373 761 3556 818 quem
3595 761 3705 818 per
3723 745 3825 802 ad-

2162 834 2419 890 missum
2444 835 2677 892 facinus
2697 834 2976 892 diabolus
3008 833 3346 907 captivavit,
3377 849 3824 906 nonnunquam

2163 923 2236 978 de
2261 924 2392 994 ejus
2423 925 2699 997 captione
2750 940 2858 997 per
2913 923 3304 979 confessionis
3355 922 3629 979 foramen
3667 925 3826 979 exire

2163 1011 2427 1086 disponit
2451 1032 2464 1082 ;
2491 1015 2596 1070 sed
2621 1013 2898 1070 custodes
2929 1012 3182 1069 adhibiti
3211 1011 3514 1068 volentem
3543 1011 3703 1068 exire
3733 1028 3826 1068 re-

2162 1104 2558 1176 tentant,quia
2581 1102 2998 1158 difﬁcultatum
3015 1101 3491 1175 obstacula,quae
3516 1101 3824 1174 supponit,

2161 1190 2330 1246 illum
2349 1208 2425 1247 ne
2455 1192 2644 1266 possit
2673 1193 2832 1248 exire
2859 1190 3370 1248 retardant.Salva
3389 1191 3589 1261 itaque
3618 1191 3832 1248 verita-

2161 1285 2217 1335 te
2237 1279 2946 1354 historiae,quaterniones
2967 1280 3188 1354 quibus
3214 1283 3416 1336 Petrus
3436 1278 3676 1335 clausus
3706 1295 3832 1336 car-

2165 1385 2295 1425 cere
2321 1369 2673 1440 custoditur,
2706 1371 2839 1443 ipsa
2868 1374 3007 1426 sunt
3052 1368 3472 1425 difficultatum
3495 1368 3828 1438 obstacula,

2165 1457 2406 1530 quibus,
2439 1463 2686 1531 peccata
2712 1458 2980 1515 confiteri
3004 1457 3362 1525 deliberans,
3389 1473 3425 1514 a
3455 1457 3829 1514 confessione

2165 1545 2716 1618 praepeditur.Quos
2741 1547 3026 1602 nimirum
3053 1546 3480 1619 quaterniones
3501 1551 3568 1601 ut
3588 1546 3828 1602 eviden-

394 1638 568 1693 vilior
593 1637 672 1693 ab
703 1637 985 1692 omnibus
1008 1637 1350 1700 aestimatur,
1384 1643 1612 1709 quanto
1656 1636 1888 1692 interno
1933 1636 2062 1706 ejus
2097 1658 2138 1712 Β
2167 1635 2282 1690 tius
2311 1635 2972 1706 ostendamus,necesse
3002 1640 3094 1691 est
3118 1651 3221 1691 eos
3246 1634 3605 1691 nominatim
3632 1635 3827 1708 expri-

398 1726 828 1799 gaZOphylacio
887 1726 1144 1798 pretium
1203 1727 1506 1797 gravitatis
1563 1742 1687 1782 non
1725 1725 1918 1781 inesse
1956 1725 2062 1780 de-

397 1815 807 1889 prehenditur.
845 1817 1153 1872 Secundus
1184 1816 1244 1871 in
1277 1817 1389 1872 hac
1415 1821 1682 1871 extrema
1714 1815 1840 1871 acie
1863 1814 2061 1886 miles,

395 1906 685 1978 jactantia
716 1905 1062 1960 nominatur
1103 1925 1115 1970 ;
1149 1906 1294 1978 quia
1323 1906 1579 1960 nimium
1619 1921 1758 1961 cum
1787 1904 2065 1960 membra

399 2012 508 2069 per
528 2000 726 2050 motus
752 1995 1090 2050 inconditos
1121 1995 1548 2061 dissolvuntur,
1574 1995 1779 2065 lingua
1798 2009 2059 2067 quoque.

399 2085 593 2157 ruptis
625 2085 875 2140 habenis
924 2084 1158 2154 silentii,
1195 2101 1301 2156 per
1333 2084 1517 2140 verba
1544 2083 1844 2155 jactantite
1871 2083 2067 2138 diffre-

400 2177 598 2228 natur.
621 2175 730 2228 Pro
761 2173 928 2228 tertio
961 2173 1156 2228 adhuc
1191 2172 1370 2227 milite
1402 2171 1785 2227 mendacium
1817 2188 2064 2245 compu-

401 2267 578 2333 tatur,
602 2261 745 2334 quia
773 2261 875 2333 qui
907 2261 1096 2316 multa
1120 2262 1193 2316 de
1225 2277 1288 2316 se
1311 2262 1606 2332 jactanter
1629 2261 1913 2333 loquitur,
1938 2260 2066 2316 ﬁeri

401 2369 526 2408 non
557 2356 750 2424 potest
774 2355 840 2404 ut
867 2366 989 2405 non
1021 2350 1200 2405 etiam
1231 2350 1512 2422 quaedam
1566 2351 1878 2406 interserat
1907 2349 2066 2405 unde

401 2440 742 2496 mentiatur.
771 2438 1070 2494 Mendacio
1103 2445 1303 2494 autem
1357 2438 1642 2510 superbia
1682 2439 2064 2507 subrogatur,

401 2545 540 2600 quae
571 2527 928 2600 supradictis
974 2526 1257 2581 omnibus
1290 2526 1605 2582 materiam
1636 2526 2064 2594 subministret,

403 2624 461 2673 et
483 2617 687 2672 ultima
710 2622 1041 2689 superatur.
1069 2620 1239 2683 Nam,
1288 2616 1439 2672 sicut
1468 2617 1755 2688 scriptum
1787 2621 1878 2671 est
1909 2634 1922 2672 :
1953 2618 2069 2672 Ba-

403 2709 512 2764 dia'
537 2708 797 2763 omnium
847 2708 1144 2762 malorum
1201 2707 1518 2776 cupiditas,
1555 2706 1637 2761 ita
1677 2706 1856 2761 etiam
1888 2705 2070 2777 scrip-

403 2802 532 2852 tum
553 2797 803 2865 legitur:
838 2798 1087 2851 Initium
1119 2798 1308 2851 omnis
1324 2798 1560 2864 peccati
1589 2797 1889 2866 superbia.
1925 2798 2068 2860 Quae

403 2893 674 2957 utraeque
714 2885 1016 2940 sententiae
1046 2884 1216 2940 valde
1243 2885 1321 2940 ab
1352 2885 1608 2940 invicem
1638 2884 2065 2957 discreparent,

2167 1728 2414 1791 mere,et
2428 1725 2510 1779 eis
2529 1723 2795 1794 singulos
2818 1739 2959 1780 suos
2977 1723 3190 1779 milites
3204 1723 3660 1795 assignare.Sed
3677 1728 3742 1779 ut
3759 1723 3832 1780 de

2169 1813 2319 1878 aliis,
2353 1813 2503 1869 sicut
2531 1813 2680 1868 ordo
2703 1811 3308 1885 processit,vidimus,
3332 1829 3494 1868 nunc
3513 1817 3702 1870 restat
3720 1813 3836 1886 pri-

2168 1920 2306 1960 mus
2325 1919 2448 1976 quo
2465 1906 2778 1959 censeatur
2811 1902 3058 1958 nomine
3085 1906 3141 1958 et
3167 1918 3291 1975 quo
3324 1903 3573 1975 stipetur
3595 1903 3834 1973 agmine

2169 1992 2597 2049 videamus.Sit
2616 1992 2817 2064 itaque
2837 1992 3151 2065 quaternio
3172 1991 3681 2066 primus,aﬂ‘ectus
3700 2008 3834 2066 pec-

2171 2083 2351 2139 candi
2378 2101 2389 2137 :
2415 2087 2471 2138 et
2497 2082 2720 2138 habeat
2745 2083 2858 2138 sub
2888 2099 2951 2138 se
2992 2082 3206 2138 milites
3235 2099 3397 2153 suos,
3430 2097 3691 2155 quorum
3711 2081 3836 2155 pri-

2172 2189 2308 2228 mus
2323 2177 2569 2228 vocetur
2593 2171 2928 2227 recordatio
2945 2171 3255 2244 praeteritae
3277 2170 3838 2244 voluptatis,secun-

2172 2263 2286 2318 dus
2317 2261 2620 2318 excusatio
2642 2260 2995 2331 fragilitatis,
3016 2260 3219 2318 tertius
3237 2260 3486 2316 imitatio
3501 2259 3834 2334 pravitatis,

2171 2357 2422 2425 quartus
2432 2349 2804 2406 ratiocinatio
2825 2349 3387 2406 conditionis.Recto
3405 2353 3608 2406 autem
3629 2349 3838 2405 ordine

2172 2441 2232 2496 in
2259 2440 2726 2512 quaternionum
2758 2455 3011 2494 numero
3040 2439 3272 2512 primus
3294 2438 3568 2495 omnium
3588 2437 3836 2494 affectus

2173 2529 2465 2603 peccandi
2494 2529 2724 2585 locatur
2759 2548 2771 2597 ;
2800 2527 2944 2601 quia
2969 2527 3256 2583 nimirum
3295 2526 3345 2583 is
3376 2527 3481 2599 qui
3514 2526 3575 2582 in
3607 2541 3840 2583 carcere

2174 2625 2260 2675 est
2288 2618 2536 2674 luxuria
2566 2623 2854 2687 retrusus,
2885 2617 3054 2672 citius
3096 2617 3310 2673 exinde
3352 2616 3636 2689 progredi
3686 2615 3841 2672 festi-

2173 2711 2362 2774 naret,
2411 2705 2525 2761 nisi
2577 2722 2716 2762 eum
2763 2721 3011 2778 peccare
3064 2704 3281 2761 iterum
3320 2703 3640 2760 delectaret
3669 2723 3681 2772 ;
3710 2703 3839 2774 sed,

2177 2797 2320 2869 quia
2342 2795 2541 2852 adhuc
2560 2811 2808 2869 peccare
2839 2794 3095 2863 affectat,
3118 2810 3242 2851 non
3263 2798 3480 2868 potest,
3501 2792 3843 2850 conﬁtendo

2178 2890 2514 2958 peccatum,
2539 2884 2898 2957 impugnare
2939 2883 3106 2956 quod
3130 2887 3314 2939 amat.
3347 2882 3468 2940 Sub
3495 2883 3610 2939 hoc
3639 2886 3845 2938 autem

404 2975 520 3030 nisi
545 2974 748 3044 aliquo
765 2973 948 3028 modo
973 2989 1160 3028 unum
1189 2977 1388 3029 essent
1413 2992 1425 3040 ;
1460 2973 1585 3038 sed,
1603 2974 1748 3045 quia
1769 2989 1891 3028 una
1918 2989 2072 3028 sem-
2110 3016 2150 3071 C
2180 2976 2377 3048 primo
2407 2974 2820 3048 quaternione,
2861 2973 3094 3048 primus
3124 2973 3297 3029 miles
3323 2977 3430 3040 est,
3463 2976 3525 3028 ut
3551 2969 3845 3039 diximus,

402 3081 511 3138 per
540 3063 719 3119 aliam
746 3063 939 3134 gradu
966 3063 1277 3119 individuo
1327 3065 1665 3130 comitatur,
1706 3070 1860 3121 recte
1891 3070 1948 3121 et
1976 3081 2071 3121 ra-

408 3156 518 3210 dix
545 3154 807 3209 omnium
837 3154 1134 3210 maiorum
1167 3155 1488 3224 cupiditas,
1517 3159 1573 3210 et
1592 3156 1829 3211 initium
1879 3156 2070 3210 omnis

402 3245 642 3316 peccati
665 3243 946 3313 superbia
985 3243 1392 3315 perhibentur.
1451 3243 1601 3309 Quia
1651 3244 1764 3299 nisi
1813 3243 2073 3316 cupidus

406 3346 514 3402 per
543 3331 887 3403 superbiam
936 3332 1372 3398 intumesceret,
1428 3347 1820 3403 nequaquam
1840 3330 2073 3386 divitia-

405 3435 543 3475 rum
573 3420 746 3490 copia
767 3435 1067 3474 exczecare
1096 3424 1338 3474 caeteros
1375 3419 1675 3474 festinaret
1709 3438 1720 3485 ;
1753 3423 1810 3474 et
1834 3418 1951 3473 nisi
1983 3435 2077 3473 su-

406 3506 631 3578 perbus
659 3505 999 3577 cupiditatis
1041 3505 1293 3560 stimulis
1322 3510 1648 3574 urgeretur,
1712 3521 1837 3561 non
1867 3505 2075 3578 utique

409 3593 487 3648 ad
515 3593 748 3663 apicem
771 3593 1092 3661 singularis
1153 3593 1432 3664 potentiae
1490 3598 1654 3649 tanto
1687 3609 1864 3666 opere
1907 3610 2076 3667 rape-

408 3687 592 3736 retur.

481 3773 591 3826 Vll.
623 3770 736 3826 Sed
761 3769 903 3842 quia
932 3771 1065 3838 hoc,
1118 3771 1284 3843 quod
1324 3771 1646 3843 apostolus.
1681 3773 2075 3846 comprehen-

411 3876 512 3915 sus
539 3863 594 3914 et
621 3858 1119 3931 quaternionibus
1168 3859 1420 3915 traditus
1452 3860 1686 3933 dicitur,
1743 3877 1860 3916 uno
1892 3862 2077 3918 modo

407 3948 821 4018 tractavimus,
861 3947 1006 4004 libet
1029 3949 1142 4004 hoc
1163 3948 1365 4022 ipsum
1397 3949 1512 4004 sub
1545 3949 1662 4006 alia
1694 3950 2076 4020 signiﬁcatio-

407 4054 484 4094 ne
506 4053 823 4111 exponere,
871 4043 928 4092 et
955 4037 1087 4108 ejus
1115 4038 1344 4108 judicio
1385 4038 1490 4110 qui
1521 4038 1648 4093 haec
1705 4038 1971 4095 fortassis
2000 4040 2076 4095 le-

411 4143 549 4196 gere
579 4127 943 4197 dignabitur,
976 4132 1295 4200 utramque
1324 4129 1755 4200 expositionem
1778 4130 2076 4202 relinque-

412 4232 495 4270 re.
530 4219 678 4270 Nam
709 4215 814 4287 qui
833 4217 961 4286 jam
1003 4233 1108 4288 per
1156 4217 1422 4273 divinam
1454 4218 1709 4287 gratiam
1761 4219 2079 4276 illuminati

413 4321 646 4368 sumus,
672 4320 795 4360 non
825 4305 1001 4360 nobis
1033 4306 1235 4377 utique
1253 4306 1382 4376 jam
1405 4309 1678 4378 congruit
1708 4309 1872 4381 quod
1907 4311 2076 4364 Dixit

411 4393 696 4461 insipiens
722 4394 784 4447 in
811 4395 988 4449 corde
1016 4410 1120 4449 suo
1151 4409 1173 4450 .·
1201 4396 1338 4450 Non
1369 4400 1451 4450 est
1475 4398 1650 4452 Deus.
1711 4366 1776 4452 ἐι
1795 4398 1939 4469 quia
1968 4414 2077 4452 sae-
2106 4366 2153 4420 Β

413 4481 617 4536 culum
644 4497 822 4536 omne
854 4483 1347 4555 contempsimus,
1364 4484 1492 4553 jam
1518 4484 1790 4540 fortassis
1821 4502 1944 4542 non
1966 4503 2078 4542 nos

411 4570 706 4643 cupiditas
731 4571 994 4627 habendi
1033 4571 1388 4639 inﬂammat,
1427 4589 1550 4628 non
1580 4579 1776 4629 metus
1799 4577 2077 4632 amitten-

411 4659 474 4714 di
501 4659 791 4726 sollicitat,
834 4676 953 4715 non
986 4660 1157 4716 dolor
1214 4661 1419 4716 amissi
1472 4662 1713 4725 addicit,
1747 4678 1868 4719 non
1928 4681 2075 4735 gau-

411 4746 578 4803 dium
610 4747 943 4820 recuperati
959 4747 1200 4804 extollit.
1236 4750 1383 4805 Sunt
1412 4755 1612 4805 autem
1635 4750 1752 4806 alia
1779 4751 1921 4808 vitia
1941 4769 2077 4825 quae

410 4853 522 4892 nos
553 4837 734 4893 etiam
761 4836 1052 4905 fugientes
1074 4835 1148 4891 de
1179 4836 1398 4892 saeculo
1426 4845 1894 4912 prosequuntur,
1917 4857 2078 4914 quae-

411 4943 530 4998 que
560 4927 736 4982 nobis
766 4931 934 4984 tanto
962 4926 1363 4998 importunius
1392 4927 1688 4995 insistunt,
1746 4935 1977 5002 quanto
2015 4930 2077 4985 in

412 5014 588 5069 nobis
616 5014 761 5086 ipsis
800 5015 1114 5071 materiam
1154 5013 1616 5086 importunitatis
1642 5017 1970 5074 inveniunt.
1997 5022 2080 5074 Ex

411 5101 505 5155 his
529 5102 733 5174 itaque
757 5119 942 5158 unum
974 5119 1382 5170 assumamus,
1430 5109 1504 5170 et,
1558 5107 1895 5162 secundum
1948 5109 2078 5179 ejus

416 5188 937 5262 signiﬁcationem,
964 5192 1037 5246 de
1095 5192 1221 5248 istis
1276 5193 1774 5264 quaternionibus
1818 5201 2079 5270 pertrac-

415 5281 628 5332 temus.

484 5369 786 5421 Ponamus
811 5366 1011 5440 itaque
1071 5369 1334 5443 aliquem
1368 5374 1474 5446 qui
1529 5390 1637 5448 per
1667 5375 2077 5433 delectationis

413 5469 537 5510 sure
567 5454 878 5511 mollitiem
903 5456 964 5511 in
994 5474 1236 5514 caenum
1288 5460 1538 5518 luxuria).
1571 5464 1881 5520 ceciderit:
1914 5466 2076 5522 hunc

413 5545 543 5600 sine
573 5544 758 5602 dubio
786 5545 1062 5602 diabolus
1122 5551 1536 5622 apprehendit,
1588 5553 1732 5625 quia
1796 5570 1956 5622 eum,
2009 5555 2076 5611 li-

408 5634 637 5692 bertate
666 5635 951 5694 castitatis
983 5634 1204 5704 ablata,
1231 5637 1294 5693 in
1326 5641 1602 5699 servitute
1627 5642 1889 5699 libidinis
1934 5659 2072 5717 cap-

2180 3063 2516 3121 recordatio
2557 3063 2866 3136 praeteritae
2897 3060 3255 3134 voluptatis;
3285 3077 3418 3134 quas
3464 3058 3850 3133 quaternioni

2181 3171 2290 3210 suo
2314 3155 2534 3210 fcedere
2575 3153 2908 3226 copulatur,
2933 3156 3000 3208 ut
3031 3157 3088 3207 et
3117 3168 3257 3207 cum
3299 3151 3399 3207 illo
3419 3150 3496 3207 ad
3515 3149 3847 3223 peccatoris

2182 3242 2522 3299 custodiam
2551 3242 2888 3313 excubet,et
2900 3240 3096 3296 eidem
3121 3240 3336 3296 iterum
3354 3239 3648 3313 peccandi
3662 3243 3848 3296 mate-

2179 3332 2332 3387 riam
2373 3329 2802 3386 subministret.
2835 3330 2972 3396 Quae
3005 3328 3294 3385 nimirum
3319 3327 3650 3384 recordatio
3681 3330 3849 3383 tanto

2180 3425 2560 3494 peccatorem
2582 3424 2648 3475 ut
2672 3418 2891 3475 iterum
2913 3421 3120 3490 peccet
3143 3416 3460 3474 violentius
3476 3416 3850 3488 cogit,quan-

2181 3514 2242 3565 to
2267 3508 2348 3564 illi
2373 3508 2719 3582 expressius
2748 3510 3136 3580 repraesentat
3160 3507 3494 3580 voluptates
3523 3519 3848 3577 suas,quas

2183 3601 2462 3669 expertus
2494 3601 2582 3654 est
2609 3596 2757 3652 dum
2807 3595 3096 3669 peccavit.
3130 3594 3243 3651 Sed
3275 3595 3326 3650 si
3355 3610 3464 3668 per
3489 3592 3851 3650 recordatio-

2182 3703 2324 3742 nem
2353 3686 2662 3759 preeteritee
2686 3684 3009 3757 voluptatis
3028 3689 3308 3758 peccator
3346 3684 3425 3741 ad
3453 3682 3848 3757 repetendum

2181 3781 2501 3848 peccatum
2535 3781 2796 3846 urgetur,
2825 3790 2928 3829 cur
2959 3789 3083 3829 non
3103 3773 3236 3846 ipsa
3265 3773 3326 3829 in
3350 3772 3466 3828 hoc
3493 3772 3735 3843 agmine
3760 3770 3848 3827 af-

2183 3864 2360 3922 fectui
2379 3865 2672 3938 peccandi
2700 3862 3070 3937 praeponitur
3087 3864 3115 3919 ‘2
3138 3861 3195 3919 Si
3222 3861 3383 3918 enim
3412 3861 3526 3918 ista
3554 3860 3638 3916 illi
3666 3865 3853 3917 mate-

2183 3956 2336 4011 riam
2374 3954 2685 4024 existendi,
2736 3952 2888 4009 sicut
2929 3951 3354 4024 praemisimus,
3412 3950 3850 4017 subministrat,

2184 4045 2321 4118 plus
2343 4044 2546 4116 utique
2571 4043 2801 4098 videtur
2826 4057 2958 4097 esse
2979 4056 3166 4115 quam
3197 4040 3344 4114 ipse.
3396 4040 3510 4098 Sed
3538 4039 3853 4096 sciendum

2185 4134 2361 4190 nobis
2399 4138 2491 4189 est
2513 4133 2650 4206 plus
2682 4146 2809 4187 esse
2830 4130 3078 4204 aliquid,
3111 4129 3399 4203 peccandi
3429 4129 3651 4186 habere
3675 4129 3855 4186 aﬁec-

2185 4227 2334 4289 tum,
2364 4237 2550 4294 quam
2571 4220 2798 4293 peccati
2823 4219 3048 4275 habere
3079 4218 3579 4275 recordationem.
3609 4218 3707 4274 ille
3739 4223 3857 4274 ete-

2187 4311 2314 4366 nim
2340 4309 2422 4364 sic
2452 4313 2544 4365 est
2567 4308 2779 4363 vitium
2811 4312 2875 4364 ut
2902 4307 3089 4363 virtus
3118 4323 3247 4362 esse
3277 4307 3526 4363 omnino
3557 4321 3679 4363 non
3709 4322 3856 4379 pos-

2188 4399 2281 4467 sit,
2306 4399 2434 4454 haec
2488 4401 2688 4452 autem
2723 4395 2804 4451 sic
2837 4412 2999 4452 nunc
3028 4397 3180 4453 inter
3207 4395 3348 4452 vitia
3375 4399 3750 4466 numeratur,
3789 4401 3859 4451 ut

2189 4502 2632 4559 nonnunquam
2663 4485 2842 4541 etiam
2871 4486 2934 4541 in
2974 4485 3262 4541 virtutum
3300 4500 3555 4542 numero
3596 4501 3856 4558 compu-

2187 4581 2343 4632 tetur
2367 4594 2380 4644 ;
2413 4591 2558 4631 nam
2584 4591 2718 4648 quae
2747 4579 3124 4647 peccatorem
3141 4590 3391 4648 peccare
3416 4575 3718 4631 volentem
3744 4573 3857 4630 ad-

2189 4670 2394 4721 monet
2423 4669 2489 4720 ut
2515 4665 2731 4720 iterum
2760 4669 2982 4737 peccet,
3015 4663 3147 4737 ipsa
3161 4668 3537 4737 peccatorem
3562 4680 3859 4738 peccasse

2190 4752 2493 4808 dolentem
2519 4751 2808 4808 admonet
2852 4757 2917 4808 ut
2960 4752 3222 4825 amplius
3275 4753 3484 4826 ploret.
3543 4752 3641 4809 Vel
3696 4756 3861 4809 certe

2187 4841 2327 4897 ideo
2354 4841 2591 4896 affectui
2619 4840 2912 4914 peccandi
2938 4841 3318 4914 postponitur
3342 4840 3675 4897 recordatio
3705 4857 3862 4914 praa-
3917 4843 3920 4846 ί

2191 4931 2372 4987 teritae
2416 4930 2761 5003 voluptatis,
2803 4929 2947 5003 quia
3001 4929 3304 4986 recordari
3357 4947 3568 4987 eorum
3614 4931 3864 5004 proprie

2185 5019 2447 5075 dicimur
2477 5035 2614 5092 quae
2642 5019 2874 5092 pridem
2905 5019 3105 5092 aliquo
3136 5019 3320 5075 modo
3345 5019 3570 5092 experti
3593 5035 3810 5075 sumus
3847 5037 3862 5075 :

2189 5108 2470 5164 affectare
2491 5114 2694 5164 autem
2723 5123 2794 5164 ea
2824 5107 3003 5164 etiam
3027 5123 3354 5180 possumus
3379 5107 3454 5164 de
3482 5107 3706 5181 quibus
3724 5107 3868 5164 nul-

2185 5197 2315 5252 lum
2348 5197 2548 5253 adhuc
2579 5197 3056 5269 experimentum
3116 5201 3407 5254 tenemus.
3441 5197 3610 5254 Unde
3658 5213 3869 5254 recor-

2187 5287 2353 5342 datio
2393 5303 2607 5343 eorum
2636 5287 2813 5344 nobis
2841 5303 3004 5343 nunc
3032 5292 3420 5360 peccatorum
3435 5287 3872 5344 delectationes

2185 5380 2573 5449 repraesentat
2601 5393 2738 5450 quae
2767 5377 3038 5446 fecimus,
3064 5377 3312 5434 affectus
3341 5382 3543 5435 autem
3564 5377 3872 5450 peccandi

2187 5464 2267 5522 ad
2292 5464 2395 5521 illa
2446 5466 2626 5522 etiam
2681 5483 2792 5523 nos
2817 5467 3106 5540 pertrahit
3147 5484 3281 5541 quae
3329 5484 3437 5542 per
3484 5483 3734 5524 sensum
3765 5483 3876 5523 ex-

2185 5554 2493 5628 perientiae
2543 5555 2915 5627 ignoramus.
2973 5557 3084 5623 Qui
3131 5573 3272 5629 ergo
3328 5557 3468 5630 plus
3512 5556 3711 5614 valere
3763 5573 3875 5614 co-

2187 5643 2516 5717 gnoscitur,
2570 5643 2824 5714 dignum
2867 5645 2975 5704 fuit
3007 5651 3070 5702 ut
3092 5645 3325 5718 primus
3375 5645 3438 5702 in
3465 5646 3582 5703 hoc
3613 5645 3873 5719 agmine
