4018 6176
1095 75 1516 135 TRACTATUS
1556 81 1627 134 ΙΝ
1665 78 1865 134 VERS.
1913 80 1931 132 t
1979 77 2128 133 CAP.
2171 79 2262 135 ΧΠ
2301 80 2460 138 ACT.
2503 85 2749 144 APOST.

3547 110 3655 166 290

166 194 518 268 poneretur.
554 190 680 249 Sub
701 208 828 265 quo
859 193 1172 266 nimirum,
1194 198 1327 256 loco
1356 204 1609 260 secundi
1638 205 1857 273 militis,
1896 205 1946 262 Α
1969 199 2184 258 intuitu
2211 205 2581 264 rectitudinis
2603 212 2910 286 avertitur,
2939 217 3054 275 hoc
3083 219 3144 275 in
3175 220 3312 280 loco
3341 224 3477 283 vice
3507 246 3656 304 qua-

171 282 389 304 #3.“,
427 283 734 304 ,μη-,ψ
791 283 870 304 ,μ
889 283 1092 304 ξηεῌ.
1311 290 1321 300 .
1972 294 1982 304 .
2102 292 2110 302 .
2203 293 2213 304 .
2285 299 2294 304 -

171 282 392 339 militat
422 283 740 338 excusatio
788 283 1168 354 fragilitatis:
1219 290 1364 361 quia
1395 307 1858 367 nonnunquam,

1966 292 2248 394 ternioni‘s
2279 296 2433 352 tertii
2461 306 2863 372 computatur.
2899 310 2965 361 ln
2995 308 3178 381 hujus
3205 315 3510 375 comitatu
3526 292 3659 394 .pri-

164 371 317 428 dum
349 375 699 444 perpetrato
753 372 975 430 scelere
1006 381 1290 448 peccator
1316 379 1448 452 ipse
1478 399 1721 456 quoque
1753 401 1861 441 suo
1964 397 2098 436 mus
2127 383 2299 439 miles
2348 391 2437 442 est
2466 371 2770 460 appetitus
2801 393 2998 463 famae,
3034 371 3097 454 ΙΙ⁷
3119 402 3311 459 rubor
3360 371 3656 480 abjéci};

161 461 494 529 addicitur,
528 461 680 532 hinc,
705 468 950 534 repente
982 464 1409 536 interveniens,
1439 472 1616 543 quasi
1634 473 1860 530 blando
1962 470 2067 537 nis,

1962 470 2072 537 nis,
2110 473 2175 527 III
2201 473 2369 543 rigor
2394 477 2782 549 poenitentiae,
2824 486 2890 536 IV
2923 492 3114 543 metus
3155 461 3651 562 perseverantiae.

158 568 303 608 eum
348 551 626 625 alloquio
657 552 1027 609 consolatur.
1064 558 1339 628 Suggerit
1390 560 1555 617 enim
1607 563 1687 618 illi
1734 581 1855 621 non

155 657 287 702 esse
321 641 554 697 mirum
583 641 633 697 si
657 647 904 714 peccato
931 646 1252 716 consentit,
1269 649 1501 721 quippe
1521 667 1703 722 quem
1725 653 1857 726 ipsa

156 731 364 788 carnis
389 730 689 802 fragilitas
719 731 796 788 ad
823 738 1147 804 peccatum
1183 735 1456 809 impellit.
1492 742 1717 798 Tertius
1746 743 1853 800 mi-

156 821 246 877 les
267 820 536 879 imitatio
553 821 853 894 pravitatis
864 829 1158 880 vocatur:
1191 827 1334 898 quia
1354 843 1640 899 perversa
1657 848 1850 901 mens,

160 928 298 985 qua:
356 911 610 984 culpam
663 927 832 967 suam
886 915 1094 982 tegere
1132 915 1476 974 velamento
1520 919 1850 989 fragilitatis

160 1000 422 1074 propriae
469 999 691 1069 nititur,
739 1001 889 1056 hanc
947 1002 1138 1059 etiam
1198 1004 1514 1078 aliquoties
1571 1010 1848 1083 exemplo

159 1090 372 1147 alienae
431 1089 760 1164 iniquitatis
812 1090 966 1147 tueri
1018 1099 1308 1160 conatur;
1365 1101 1442 1165 et,
1493 1097 1849 1158 damnanda

159 1195 370 1250 agens,
403 1179 550 1235 inde
594 1195 654 1234 se
697 1179 867 1252 quasi
915 1181 1130 1238 minus
1172 1183 1584 1242 damnabilem
1637 1190 1843 1258 credit,

156 1270 302 1343 quia
352 1269 564 1342 plures
602 1269 789 1326 socios
839 1270 897 1326 in
943 1270 1259 1345 iniquitate
1308 1274 1554 1331 invenit.
1620 1279 1845 1343 Quarto

158 1359 356 1432 gradu
401 1358 578 1414 miles
607 1361 674 1414 ιν
694 1359 1056 1430 ingreditur,
1088 1363 1192 1435 qui
1219 1364 1593 1420 ratiocinatio
1633 1369 1845 1424 condi-

158 1449 335 1505 tionis
357 1454 640 1517 vocatur;
666 1464 772 1522 per
794 1466 992 1522 quam
1019 1451 1294 1508 videlicet
1320 1453 1846 1515 ratiocinationem

1962 559 2026 614 In
2071 560 2245 616 istius
2280 562 2487 637 itaque
2519 570 2934 638 quaternionis
2984 577 3109 632 acie
3150 559 3393 651 primus
3443 559 3658 652 militat

1960 650 2258 721 appetitus
2308 652 2510 722 famae,
2544 656 2650 728 qui
2696 658 2983 718 nimirum
3034 665 3115 722 sic
3154 650 3272 726 suo
3305 650 3653 745 primicerid

1958 736 2035 792 ad
2067 737 2442 808 adjutorium
2471 744 2810 817 copulatur,
2847 755 2909 804 ut
2939 751 3012 807 de
3042 753 3140 810 illo
3181 736 3371 818 etiam
3407 736 3653 836 genere:

1959 830 2069 882 tur.
2103 830 2250 882 Nam
2283 829 2564 903 quisquis
2590 834 2828 905 privato
2852 854 3058 897 amore
3092 860 3154 899 se
3199 858 3394 919 amat,
3410 829 3508 912 vad
3537 861 3652 918 hoc

1957 930 2332 987 magnopere
2364 918 2572 976 nititur
2617 928 2682 979 ut
2723 942 2830 998 per
2859 929 3088 986 famam
3132 918 3512 1002 laudabilem
3541 965 3650 1006 no-

1954 1020 2115 1101 men.
2143 1022 2268 1061 suae
2299 1007 2601 1105 opinionis
2631 1017 2972 1085 exstendat;
3021 1038 3156 1093 quae
3203 1027 3488 1091 videlicet
3527 1039 3652 1110 opi-

1953 1090 2153 1198 nio-ignis
2178 1095 2454 1194 extensio
2471 1099 2705 1157 vultum
2735 1090 3133 1166 confessionis
3165 1122 3485 1192 praepedit,
3504 1090 3649 1198 qdia

1953 1178 2211 1284 difﬁcile,
2243 1182 2372 1238 imo
2415 1185 2785 1284 impossibile
2821 1199 2909 1248 est
2940 1201 3004 1251 ut
3032 1178 3244 1272 culpas
3279 1178 3425 1264 suas
3456 1178 3647 1284 pgssit

1954 1283 2102 1339 pure
2130 1269 2414 1369 detegere
2438 1277 2780 1336 conﬁtendo
2795 1283 3071 1356 quisquis
3090 1269 3293 1349 adhuc
3316 1269 3483 1369 apud
3505 1269 3645 1359 alio:

1955 1372 2096 1455 rum
2122 1360 2586 1422 mstimationem
2613 1368 2910 1437 gloriosus
2939 1378 3163 1447 appetit
3194 1360 3508 1455 apparere.
3533 1395 3642 1448 Un-

1957 1445 2031 1554 de
2062 1447 2557 1554 debocquoque
2606 1458 2789 1515 milite
2820 1445 3373 1544 aliusprocreatur,
3398 1479 3501 1550 qui
3525 1445 3638 1554 pd—

157 1554 331 1594 mens
368 1537 630 1612 reproba
673 1538 732 1594 in
794 1555 937 1596 eam
993 1540 1348 1615 plerumque
1390 1545 1846 1616 perversitatem
1877 1559 1920 1612 Β
1961 1534 2071 1590 (101‘
2086 1537 2460 1641 ρὼᾶέθίίοοίε
2489 1554 2775 1617 vocatur;
2829 1552 2974 1623 (Ιυὶδο
3001 1534 3166 1613 Ealmo
3200 1577 3264 1616 se
3290 1534 3546 1641 quisque
3574 1572 3636 1628 in

157 1627 390 1700 prosilit
434 1632 500 1683 ut
543 1632 772 1684 reatum
824 1645 1009 1684 suum
1061 1631 1473 1689 ratiocinando
1510 1633 1846 1705 defendat;

157 1715 476 1772 afﬁrmans
517 1715 732 1772 scilicet
762 1716 939 1789 quia,
973 1717 1023 1772 si
1055 1719 1207 1775 Deus
1236 1719 1471 1776 misceri
1515 1726 1848 1798 utrumque

156 1820 376 1860 sexum
406 1804 707 1874 noluisset,
741 1805 1034 1861 membra
1062 1806 1176 1878 ipsi
1223 1808 1358 1864 huic
1401 1810 1566 1884 operi
1604 1818 1748 1885 apta
1780 1814 1844 1869 in

155 1890 442 1947 humano
488 1907 728 1964 corpore
789 1909 916 1949 non
972 1893 1244 1952 locasset.
1294 1897 1446 1963 Quid
1492 1898 1671 1969 igitur
1722 1901 1843 1958 hoc

157 1986 386 2054 quarto
417 1980 652 2038 satellite
679 1984 1057 2055 perversius,
1091 2001 1198 2058 per
1226 2002 1408 2059 quem
1447 1993 1725 2061 peccator
1754 1991 1842 2047 sic

156 2069 217 2125 in
246 2069 511 2125 tenebris
541 2070 934 2127 interioribus
983 2079 1336 2145 coarctatur,
1370 2081 1433 2132 ut
1461 2077 1641 2134 totius
1665 2079 1842 2150 justi~

160 2158 248 2214 tia:
280 2164 597 2216 auctorem
628 2177 755 2216 suae
783 2161 1092 2232 injustitiaa
1124 2165 1496 2236 suspicetur?

225 2252 395 2305 Hunc
427 2250 697 2322 primum
737 2253 1202 2324 quaternionem
1233 2256 1497 2330 sequitur
1533 2257 1704 2326 alius,
1735 2261 1841 2332 qui

153 2337 352 2412 pudor
382 2340 785 2396 confessionis
821 2347 1088 2411 vocatur,
1113 2343 1340 2416 ordine,
1368 2363 1490 2403 non
1526 2348 1841 2404 crudelita-

155 2433 206 2484 te
249 2429 583 2496 secundus.
620 2432 693 2486 Ut
723 2430 877 2504 quid
908 2431 1071 2487 enim
1099 2432 1160 2488 in
1185 2432 1424 2492 latebris
1454 2437 1835 2494 conscientiae

155 2535 214 2575 se
238 2524 531 2592 peccator
567 2520 916 2587 abscondit,
952 2522 1064 2576 nisi
1092 2523 1232 2595 quia
1261 2527 1446 2598 pudet
1475 2544 1616 2583 eum
1650 2528 1838 2584 conﬁ-

154 2610 259 2666 teri
306 2609 483 2683 quod
534 2610 716 2666 fecit?
769 2610 898 2668 Sub
946 2611 1061 2666 hoc
1109 2615 1372 2671 secundo
1419 2618 1838 2690 quaternione,

154 2698 335 2756 lloco
381 2699 668 2770 levigatio
709 2700 932 2756 militat
975 2700 1183 2775 culpae,
1218 2704 1258 2758 Il
1293 2705 1715 2777 longiturnitas
1755 2709 1836 2764 vi-

153 2793 244 2857 tae,
292 2790 366 2846 Ill
415 2790 823 2863 praesumptio
853 2789 1068 2857 veniae,
1117 2793 1182 2845 IV
1213 2796 1414 2866 torpor
1439 2797 1835 2866 negligentiae.

154 2877 380 2935 Primas
431 2879 599 2934 enim
648 2879 944 2936 excubias
996 2879 1056 2934 in
1103 2879 1217 2936 hoc
1275 2886 1514 2954 agmine
1559 2887 1839 2957 levigatio
1871 2915 1911 2971 ο

158 2967 342 3040 culpae
359 2967 683 3035 observat;
716 2985 880 3040 qua,
905 2967 1056 3024 dum
1081 2974 1184 3024 aut
1207 2970 1352 3028 nihil
1379 2980 1482 3031 aut
1508 2992 1725 3047 parum
1755 2993 1842 3032 es-

162 3071 219 3110 se
245 3055 420 3128 quod
453 3061 875 3129 perpetratum
905 3061 999 3112 est
1027 3059 1367 3130 persuadet,
1390 3069 1678 3134 mentem,
1703 3080 1839 3136 quae

155 3145 276 3214 jam
327 3144 655 3201 salubriter
709 3145 1050 3202 contristari
1099 3154 1374 3220 cmperat,
1425 3169 1617 3209 manu
1663 3153 1841 3210 noxie

158 3233 596 3290 consolationis
638 3234 975 3291 demulcet:
1028 3235 1252 3309 sicque,
1302 3240 1449 3298 dum
1497 3243 1665 3316 apud
1709 3242 1839 3312 ejus

159 3322 668 3379 existimationem
687 3322 934 3396 pondus
960 3324 1186 3396 peccati
1207 3325 1438 3398 levigat,
1464 3331 1584 3402 agit
1618 3335 1682 3387 ut
1703 3347 1839 3387 eam

157 3412 402 3484 pondus
429 3411 642 3482 judicii
691 3413 1068 3486 quandoque
1108 3414 1550 3476 intolerabiliter
1581 3427 1836 3494 premat.

161 3501 316 3555 Loco
345 3505 555 3556 autem
581 3501 834 3557 secundi
849 3501 1501 3574 militis,longiturnitas
1513 3510 1649 3566 vitae
1674 3525 1842 3566 com-

158 3594 429 3662 putatur,
464 3591 612 3664 quia
643 3591 954 3662 nimirum,
983 3591 1132 3647 dum
1154 3609 1322 3650 mens
1351 3596 1535 3670 longa
1562 3600 1675 3656 sibi
1703 3601 1838 3657 vita:

159 3680 356 3752 spatia
383 3679 722 3752 pollicetur,
755 3681 944 3737 serius
990 3698 1177 3755 quam
1228 3691 1458 3757 oportet
1495 3689 1569 3745 de
1610 3691 1841 3763 peccati

160 3769 253 3824 sui
322 3785 565 3825 carcere
628 3785 737 3842 per
790 3771 1014 3827 ostium
1063 3772 1456 3840 confessionis
1515 3779 1837 3849 egreditur.

160 3857 364 3922 Quam
394 3857 576 3913 etiam
606 3859 685 3915 ad
716 3860 1156 3916 confessionnis
1201 3861 1549 3923 dilationem
1593 3884 1664 3923 ea
1696 3878 1850 3924 non.‘

157 3960 495 4016 nunquam
541 3947 821 4018 cogitatio
869 3948 1072 4017 nutrit,
1119 3951 1304 4023 quod,
1349 3957 1842 4029 quandocunque

159 4038 575 4103 convertatur,
606 4038 847 4093 veniam
897 4037 1013 4093 sibi
1060 4037 1272 4096 donari
1319 4045 1650 4114 praesumit,
1697 4044 1854 4119 sicut

162 4121 464 4195 scriptum
476 4128 568 4180 est
591 4144 603 4180 :
637 4127 708 4181 In
740 4142 1098 4198 quacunque
1123 4128 1218 4184 die
1227 4138 1510 4198 peccator
1529 4148 1848 4189 conversus

157 4212 376 4280 fuerit,
399 4214 845 4285 etingemuerit,
864 4217 1070 4273 salvus
1093 4219 1226 4273 erit.
1258 4219 1406 4284 Quia
1429 4237 1575 4292 ergo
1601 4238 1711 4294 per
1731 4222 1846 4279 hoc

162 4301 352 4374 quod,
387 4302 503 4358 sibi
536 4303 609 4358 de
639 4303 840 4361 divina
863 4305 1275 4363 misericordia
1302 4308 1438 4380 plus
1481 4311 1654 4382 juxto
1679 4311 1850 4388 blan_

162 4389 359 4458 diens,
393 4392 641 4448 veniam
662 4409 723 4449 se
743 4395 1481 4470 mereri,quandocunque
1506 4400 1731 4471 redeat,
1761 4417 1851 4459 re-

164 4482 482 4553 promittit.
507 4498 632 4538 non
651 4482 946 4540 immerito
966 4485 1099 4558 ipsa
1109 4488 1500 4560 praesumptio
1515 4490 1728 4560 veniae,
1744 4507 1851 4564 per

164 4585 356 4642 quam
383 4570 685 4627 confessia
710 4572 998 4639 differtur,
1022 4572 1155 4630 loco
1177 4575 1326 4631 tertii
1347 4577 1548 4633 militis
1567 4595 1849 4636 numera-

164 4663 280 4714 tur.
312 4662 580 4725 Quartus
611 4677 849 4735 quoque
881 4662 1055 4718 miles
1088 4668 1178 4719 est
1209 4668 1413 4737 torpor
1439 4667 1846 4738 negligentiae;

163 4748 333 4820 quia,
365 4747 519 4803 dum
551 4755 851 4821 peccator,
884 4751 1106 4823 pudori
1138 4768 1250 4808 suo
1277 4755 1594 4811 carnaliter
1618 4759 1852 4830 prospi-

165 4837 355 4901 ciens,
398 4837 668 4894 conﬁteri
707 4839 1078 4908 dissimulat;
1125 4841 1296 4912 dum,
1331 4843 1442 4898 sibi
1479 4847 1654 4900 noxie
1683 4845 1851 4903 blan-

164 4924 360 4991 diens,
384 4926 631 4999 pondus
658 4928 772 4984 sibi
798 4928 890 4984 sui
918 4930 1147 5001 peccati
1176 4930 1396 5002 levigat
1421 4951 1433 5000 ;
1463 4933 1631 5001 dum,
1661 4935 1736 4991 de
1766 4937 1850 4992 di-

165 5015 309 5072 vina
330 5015 789 5087 longanimitate
814 5035 1213 5092 praesumens,
1243 5022 1509 5078 converti
1529 5023 1844 5098 detrectat;

167 5110 417 5178 repente
442 5106 506 5161 in
539 5111 774 5179 torpore
805 5107 1181 5178 negligentiae
1219 5110 1552 5167 resolutum
1585 5113 1714 5168 dies
1746 5132 1847 5171 ex-

170 5198 366 5252 trema
398 5195 766 5268 supplantat.
795 5197 909 5253 Sed
941 5203 1004 5253 ut
1032 5197 1178 5272 quid
1225 5215 1286 5255 se
1342 5199 1527 5257 homo
1559 5201 1619 5258 in
1670 5203 1847 5277 culpa

172 5288 292 5340 tam
327 5284 592 5341 molliter
615 5285 862 5359 palpat?
897 5289 963 5342 Ut
987 5287 1133 5359 quid
1164 5304 1301 5344 eam
1332 5293 1418 5345 tot
1445 5290 1844 5350 velaminibus

176 5375 367 5446 aperit
391 5374 418 5428 ἰ)
449 5373 563 5430 nisi
595 5375 757 5447 quia,
787 5391 990 5432 amore
1018 5377 1254 5449 privato
1276 5393 1336 5433 se
1363 5377 1636 5450 diligens,
1662 5383 1843 5455 tequi-

178 5464 308 5520 tatis
342 5463 621 5534 regulam
657 5469 717 5520 ut
748 5481 810 5520 se
841 5465 1046 5536 diligat
1073 5482 1197 5522 non
1224 5467 1497 5524 assumit.

247 5553 417 5610 Unde
447 5558 505 5609 et
533 5569 707 5610 amor
737 5553 862 5626 ipse
888 5555 1174 5628 privatus,
1201 5572 1310 5630 per
1333 5571 1517 5630 quem
1545 5559 1730 5617 homo
1760 5560 1838 5618 ab

1963 1626 2340 1685 confessione
2374 1634 2602 1690 tardius
2627 1637 2702 1693 de
2738 1642 3083 1699 commissis
3116 1626 3417 1726 humiliat,
3447 1626 3637 1731 quan-

1960 1718 2019 1807 to
2057 1714 2227 1772 illum
2273 1721 2537 1793 amplius
2569 1732 2673 1782 aut
2711 1728 2823 1783 loci
2853 1736 2956 1786 aut
2985 1733 3214 1792 ordinis
3259 1714 3512 1803 altitudo
3538 1714 3638 1807 de-

1959 1802 2151 1910 lectat:
2187 1808 2735 1910 Fit-dum'abjectus
2777 1818 2961 1874 videri
3005 1828 3262 1884 exterius
3313 1802 3631 1910 erubescit,

1958 1891 2018 1946 in
2069 1892 2286 1951 interni
2331 1899 2554 1969 judicis
2596 1904 2904 1962 obtutibus
2935 1911 3381 1977 erubescendus
3427 1891 3633 1984 haberi

1955 1997 2080 2037 non
2111 1987 2324 2043 metuit
2351 2007 2364 2056 ;
2418 1992 2737 2065 magisque
2768 2003 3005 2054 veretur
3033 2017 3107 2057 ne
3146 2004 3300 2064 inter
3329 2023 3632 2073 consortes

1957 2071 2279 2170 despectus
2309 2087 2622 2170 appareat,
2654 2101 2842 2156 quam
2874 2105 2948 2144 ne
2987 2106 3126 2148 eum
3161 2113 3372 2170 mquus
3401 2071 3632 2163 Arbiter

1956 2165 2124 2218 extra
2147 2169 2523 2225 consortium
2545 2171 2863 2229 humilium
2889 2177 3100 2235 mittat.
3123 2165 3414 2248 Quocirca
3432 2209 3630 2250 exem-

1953 2249 2056 2353 plo
2075 2267 2187 2306 suo
2210 2253 2532 2352 Psalmista
2548 2275 2660 2315 nos
2687 2265 2941 2328 instruit,
2960 2267 3166 2326 dicens
3195 2292 3208 2329 :
3240 2278 3627 2353 Elegiabjec-

1955 2339 2049 2429 tus
2077 2352 2198 2394 esse
2226 2342 2288 2396 in
2317 2345 2492 2403 domo
2521 2349 2631 2404 Dez'
2661 2353 2792 2419 mei,
2825 2359 3016 2426 magis
3047 2374 3225 2429 quam
3260 2339 3626 2429 hazz'tarein

1954 2425 2367 2488 tabernaculis
2393 2444 2796 2506 peccatorum.
2831 2425 2944 2500 Sed
2972 2425 3126 2503 inter
3151 2452 3279 2510 haec
3311 2425 3625 2518 sciendum

1949 2513 2094 2584 quia
2124 2516 2484 2616 plerumque
2532 2533 2907 2596 peccatorem
2957 2550 3066 2590 nec
3098 2513 3624 2616 appetitusfain;

1949 2617 2061 2657 nec
2087 2604 2275 2661 rubor
2308 2610 2660 2682 abjectionis
2701 2634 2736 2672 a
2767 2604 3202 2683 confessionde-
3220 2635 3484 2702 retrahit,
3520 2604 3627 2693 sed

1949 2691 2110 2782 rigor
2140 2697 2509 2765 poenitentiae
2541 2708 2598 2758 et
2640 2712 2835 2763 metus
2861 2720 3341 2782 perseverantiae.
3379 2691 3541 2781 Unde
3559 2691 3628 2782 et

1948 2781 2076 2889 haec
2106 2783 2230 2840 duo
2257 2804 2372 2886 pro
2401 2791 2643 2889 duobus
2673 2798 2777 2868 qui
2807 2781 3031 2858 reStant
3058 2807 3346 2868 militibus
3379 2830 3625 2889 compu-

1950 2873 2170 2943 tantur,
2199 2876 2346 2948 quia
2378 2884 2433 2935 et
2456 2880 2588 2953 ipsa
2627 2887 2889 2944 maxime
2919 2896 3297 2965 praepediant
3326 2917 3400 2958 ne
3440 2904 3489 2960 is
3517 2873 3622 2978 qui

1952 2966 2164 3033 captus
2215 2971 2304 3022 est
2351 2977 2615 3041 ematur;
2677 2991 2939 3047 quorum
2988 2998 3180 3040 unum
3236 2993 3500 3049 nascitur
3538 2966 3623 3050 ‘ex

1950 3067 2154 3108 amore
2181 3058 2403 3128 carnis,
2438 3061 2601 3117 aliud
2637 3080 2710 3120 ex
2741 3067 3109 3130 immissione
3137 3077 3483 3140 adversarii.
3528 3086 3622 3142 Ri-

1951 3158 2061 3213 gor
2084 3143 2243 3199 enim
2273 3149 2635 3218 poenitentiae
2657 3157 2762 3228 qui
2791 3168 3167 3230 peccatorem
3195 3184 3230 3223 a
3248 3172 3620 3232 confessione

1953 3232 2223 3304 deterret,
2276 3251 2349 3292 ex
2397 3241 2593 3296 carnis
2643 3260 2849 3302 amore
2902 3252 3194 3323 nascitur;
3255 3261 3419 3332 quia,
3470 3265 3619 3321 dum

1952 3323 2117 3415 apud
2149 3341 2209 3379 se
2241 3327 2450 3383 tacitus
2471 3335 2786 3404 perpendit
2812 3345 3041 3410 quanta
3067 3344 3198 3415 sibi,
3229 3323 3296 3402 si.
3309 3323 3619 3410 confessus

1950 3413 2143 3484 fuerit,
2177 3431 2286 3486 pro
2319 3418 2717 3480 satisfactione
2747 3427 3012 3486 criminis
3041 3413 3452 3511 injungentur,
3484 3460 3618 3500 car-

1951 3504 2044 3559 nis
2076 3520 2197 3559 suae
2229 3508 2606 3566 teneritudini
2649 3529 2922 3586 parcens,
2957 3537 2994 3577 a
3023 3504 3396 3587 confessione
3427 3504 3612 3590 retar-

1952 3593 2146 3650 datur.
2181 3598 2360 3652 Metus
2395 3605 2597 3657 autem
2648 3613 3108 3676 perseverantiae
3136 3631 3208 3671 ex
3245 3617 3618 3681 immissione

1954 3683 2284 3740 adversarii
2314 3695 2668 3759 generatur;
2717 3697 2821 3767 qui
2850 3698 3070 3757 idcirco
3115 3713 3493 3776 peccatorem
3542 3714 3617 3770 de

1953 3775 2393 3846 perseverantia
2439 3779 2634 3835 reddit
2677 3791 3045 3858 suspectum,
3086 3775 3150 3848 ut
3183 3811 3422 3870 semper
3448 3801 3618 3858 illum

1955 3867 2153 3918 teneat
2170 3862 2232 3917 in
2261 3863 2570 3936 iniquitate
2591 3871 2891 3930 reclusum
2917 3894 2929 3930 :
2964 3885 3028 3932 ut
3053 3880 3272 3938 scilicet
3299 3862 3616 3960 nunquam

1955 3951 2188 4007 bonum
2218 3953 2436 4009 audeat
2464 3955 2766 4027 inchoare,
2796 3962 2943 4020 dum
2989 3970 3198 4025 metuit
3234 3988 3308 4027 ne
3338 3951 3527 4046 possit
3554 3979 3616 4033 in

1958 4057 2030 4096 eo
2055 4041 2220 4113 quod
2251 4042 2428 4114 coepit
2456 4045 2802 4116 perdurare.

2031 4131 2287 4195 Quartus
2335 4135 2669 4204 quaternio,
2728 4139 2833 4210 qui
2899 4144 3269 4213 profundum
3315 4154 3616 4213 malorum

1958 4219 2189 4287 dicitur,
2241 4221 2488 4278 ultimus
2545 4227 2819 4285 omnium
2877 4233 3151 4305 excubat,
3213 4246 3278 4297 ut
3332 4246 3614 4302 commis-

1960 4325 2094 4364 sum
2152 4308 2262 4364 sibi
2320 4310 2394 4402 de
2465 4313 2766 4384 profundo
2831 4320 3070 4378 malitiae
3125 4325 3186 4382 in
3244 4332 3610 4402 profundum

1958 4413 2134 4472 paene
2180 4399 2502 4470 pertrahat.
2539 4403 2725 4461 Habet
2755 4408 2915 4464 enim
2963 4415 3018 4466 et
3064 4413 3190 4485 ipse
3233 4399 3301 4473 lV
3338 4422 3614 4479 satellites

1960 4487 2041 4543 ad
2087 4488 2306 4561 captivi
2358 4491 2694 4549 custodiam
2741 4495 3093 4570 deputatos:
3145 4521 3404 4577 quorum
3455 4514 3474 4563 Ι
3529 4516 3616 4566 est

1960 4582 2360 4651 contemptus,
2395 4583 2438 4634 ll
2469 4581 2785 4640 obduratio
2815 4589 3032 4657 cordis,
3064 4591 3126 4646 lll
3160 4593 3610 4668 impaenitentia,

1960 4671 2027 4722 ιν
2066 4669 2299 4724 caecitas
2346 4671 2582 4727 mentis.
2627 4676 2706 4729 De
2751 4677 3051 4748 profundo
3104 4683 3264 4738 enim
3311 4686 3611 4742 malorum

1959 4761 2097 4813 ante
2125 4757 2258 4813 illos
2289 4763 2309 4813 l
2343 4765 2720 4834 contemptus
2745 4767 3026 4838 exoritur,
3060 4770 3219 4841 quia,
3254 4773 3405 4827 sicut
3425 4775 3610 4848 scrip-

1958 4851 2086 4902 tum
2112 4852 2237 4904 est:
2270 4849 2562 4906 Peccator
2591 4868 2723 4910 cum
2755 4859 2981 4911 venerit
3006 4859 3065 4912 in
3086 4861 3464 4929 profundum
3490 4882 3611 4922 ma-

1961 4939 2177 5008 lorum,
2226 4942 2567 4995 contemnit.
2613 4942 2937 5000 Obduratio
2986 4962 3229 5019 quoque
3273 4951 3469 5008 cordis
3500 4971 3609 5027 pro

1960 5030 2003 5082 ll
2034 5027 2214 5082 milite
2262 5033 2633 5098 numeratur,
2665 5031 2806 5103 quia
2832 5049 2991 5103 cum,
3023 5037 3398 5096 considerata
3424 5044 3609 5100 malo-

1955 5131 2091 5170 rum
2124 5132 2371 5171 suorum
2399 5119 2766 5183 enormitate,
2793 5120 3028 5176 veniam
3051 5140 3114 5178 se
3132 5125 3262 5196 jam
3287 5146 3409 5185 non
3432 5149 3609 5204 posse

1956 5203 2168 5260 mereri
2199 5203 2502 5274 conﬁngit,
2534 5223 2640 5278 per
2669 5224 2917 5279 campos
2943 5211 3120 5269 totius
3143 5218 3380 5275 malitiae
3411 5203 3608 5278 mente

1954 5292 2251 5350 obdurata
2280 5292 2574 5350 discurrit.
2627 5296 3095 5358 Obdurationem
3127 5323 3369 5381 quoque
3409 5313 3605 5368 cordis

1953 5387 2022 5438 ΙΙΙ
2053 5382 2482 5454 impoenitentia
2514 5386 2818 5458 sequitur;
2854 5407 3163 5466 perquam
3195 5407 3492 5471 peccator,
3516 5403 3605 5458 di-

1950 5473 2123 5528 vitias
2139 5471 2357 5527 divinae
2386 5472 2852 5544 longanimitatis
2869 5489 3279 5558 contemnens,
3303 5489 3447 5546 dum
3471 5508 3605 5565 pec-

1953 5565 2086 5619 cata
2110 5561 2368 5635 peccatis
2394 5564 2753 5639 accumulat,
2774 5568 2928 5628 iram
2957 5573 3070 5631 sibi
3093 5574 3156 5632 in
3185 5576 3281 5634 die
3299 5577 3424 5650 irae,
3431 5561 3606 5652 juxta
