3996 6176
400 101 501 157 191

1455 88 1519 148 s.
1558 81 1894 147 FULBER’I‘I
1933 56 2414 145 cantionum
2453 83 2790 145 EPISCOPI.

3729 90 3841 145 292

402 221 777 296 Apostolum,
803 216 1180 275 thesaurizat.
1213 216 1368 271 Loco
1393 218 1595 272 autem
1631 217 1699 271 IV
1724 212 1924 270 militis
1955 226 2067 267 caa-
2088 208 2140 266 Δ
2178 216 2413 268 vastare
2441 179 2718 281 dicimus,
2744 211 2939 280 nobis,
2965 212 3069 285 qui
3098 210 3358 281 religiosi
3388 211 3677 279 videmur,
3706 226 3839 268 ma-

404 313 550 369 citas
597 308 813 366 mentis
858 304 1209 377 accipitur:'
1236 304 1381 377 quia
1420 305 1501 360 ad
1539 318 1819 361 normam
1845 302 2065 358 divinae

403 396 768 457 rectitudinis
798 394 1051 467 pertinet
1078 397 1145 450 ut
1171 399 1471 467 peccator,
1502 393 1607 466 qui
1652 409 1809 466 saepe
1856 393 1917 447 in
1947 388 2069 446 ouL

404 500 547 563 pam
580 484 861 541 ividendo
920 489 979 540 et
1029 484 1471 540 contemnendo
1523 484 1949 556 praecipitatur,
2004 481 2066 536 in

403 593 538 633 eam
568 574 937 647 quandoque
964 573 1145 629 etiam
1175 586 1299 630 non
1333 571 1543 629 videns
1571 572 1976 645 impingatur;
2008 574 2068 626 et

402 665 507 738 qui
569 680 677 738 per
741 679 846 719 cor
906 662 1290 736 impmnitens
1354 667 1533 719 antea
1589 661 1847 735 perdidit
1910 660 2063 716 bene

399 755 622 821 vivere,
662 752 1052 827 postmodum
1100 767 1207 825 per
1246 767 1348 807 cor
1388 752 1668 807 divinitus
1700 753 2063 807 excaecatum

402 846 618 918 perdat
645 843 826 900 etiam
844 843 998 899 bene
1029 842 1197 899 scire.
1223 845 1369 898 Ecce
1399 842 1459 897 in
1489 857 1677 915 quam
1704 856 1932 897 szevam
1958 856 2062 895 cu-

405 934 664 991 stodiam
687 948 750 988 se
778 932 1027 987 retrudit
1053 932 1175 1004 qui,
1192 931 1377 986 hostis
1400 930 1892 1003 persuasionibus
1919 943 2062 985 con-

406 1024 687 1093 sentiens,
729 1020 1103 1077 delectationi
1154 1010 1328 1075 noxie
1381 1020 1636 1075 molliter
1696 1019 2059 1093 acquiescit!

408 1117 553 1169 Ecce
583 1126 770 1185 quam
798 1124 923 1167 non
953 1126 1076 1165 suae
1114 1109 1421 1182 potestatis
1457 1125 1519 1164 se
1547 1108 1724 1165 eﬂicit
1765 1110 1870 1182 qui
1902 1101 2093 1166 Sata?

405 1220 499 1260 nte
529 1201 802 1276 potestati
848 1200 1159 1273 peccando
1206 1215 1270 1255 se
1299 1199 1515 1255 tradit!
1562 1203 1708 1256 Ecce
1737 1199 1977 1271 quantis
2009 1204 2066 1255 et

402 1307 591 1366 quam
623 1290 795 1346 saevis
825 1288 1173 1345 custodibus
1213 1289 1522 1358 delegatur
1558 1289 1851 1361 quisquis,
1884 1288 2065 1345 conﬁ-

405 1379 511 1437 teri
557 1378 968 1447 dissimulans,
1001 1379 1063 1433 in
1103 1393 1223 1431 suae
1267 1377 1643 1432 conscientia:
1688 1376 1931 1433 latebris
1971 1392 2065 1433 oc-

404 1468 687 1524 enitatur!
737 1466 1087 1522 Cavendum
1115 1466 1316 1537 itaque
1365 1480 1745 1537 summopere
1776 1466 1950 1521 nobis
1976 1470 2065 1523 est

2174 315 2295 370 gna
2320 301 2585 375 profecto
2613 300 2943 372 ignominia
2968 300 3094 370 erit,
3123 301 3193 370 si,
3223 303 3358 373 post
3399 300 3718 357 transitum
3747 300 3836 356 vi-

2174 394 2244 447 ta
2291 392 2492 462 hujus,
2538 390 2652 446 illis
2703 392 2881 446 etiam
2926 389 3000 445 ad
3054 380 3463 462 spectaculum
3516 389 3839 445 derisionis

2173 480 2583 553 producimur,
2628 479 2755 553 qui,
2786 494 2893 552 per
2943 478 3064 535 lata
3093 478 3468 552 voluptatum
3511 478 3725 535 itinera
3752 478 3843 535 di-

2175 574 2530 642 scurrentes,
2563 570 2747 626 vitam
2776 585 2951 624 suam
2980 568 3245 641 quotidie
3277 568 3661 641 populantur.

2245 662 2328 715 IX.
2372 660 2688 732 Sequitur:
2736 659 2818 715 Et
2841 660 3059 715 Petrus
3089 658 3325 729 quidem
3369 658 3731 715 servabatur
3771 659 3836 715 in

2175 762 2431 810 carcere,
2466 750 2659 805 oratio
2685 753 2884 804 autem
2911 747 3089 817 ﬁebat
3119 749 3245 803 sine
3286 748 3724 803 intermissione
3760 747 3838 805 ab

2171 838 2439 893 Ecctesia
2468 840 2551 894 ad
2597 840 2785 895 Deum
2821 852 2934 907 pro
2982 852 3066 893 eo.
3103 837 3251 891 Cum
3296 836 3347 891 is
3390 836 3494 909 qui
3522 837 3583 892 in
3616 837 3840 911 captio-

2170 941 2310 982 nem
2338 926 2565 982 diaboli
2585 927 2899 989 detinetur,
2918 941 3025 999 per
3055 941 3116 981 se
3145 926 3359 981 exinde
3389 926 3547 981 exire
3578 931 3683 982 aut
3713 942 3838 982 non

2171 1012 2310 1071 velit
2337 1020 2440 1070 aut
2469 1031 2590 1070 non
2634 1015 2806 1085 valet,
2840 1015 2917 1071 ad
2963 1014 3198 1087 pietatis
3236 1017 3458 1070 sancta:
3490 1012 3699 1069 matris
3730 1013 3838 1067 Ec-

2173 1105 2364 1160 clesiae
2389 1105 2643 1176 pertinet
2692 1105 2890 1161 sinum
2938 1110 3002 1161 ut
3048 1104 3105 1160 ei
3135 1121 3170 1160 a
3208 1103 3462 1159 Domino
3491 1102 3837 1173 egrediendi

2172 1194 2448 1268 imploret
2474 1194 2770 1251 effectum.
2822 1197 3147 1267 Utrumque
3175 1193 3337 1249 enim
3367 1208 3404 1249 a
3446 1192 3701 1248 Domino
3730 1206 3837 1247 ne-

2172 1284 2434 1342 cessario
2461 1284 2818 1356 postulatur,
2837 1282 2982 1355 quia
3010 1287 3309 1356 peccator,
3341 1282 3403 1338 in
3432 1297 3667 1337 carcere
3700 1296 3840 1354 pec-

2173 1375 2287 1430 cati
2313 1374 2603 1443 reclusus,
2628 1378 2794 1429 tanta
2825 1371 3135 1445 aliquoties
3158 1371 3607 1427 insensibilitate
3638 1370 3838 1426 obdu-

2173 1466 2368 1534 rescit,
2397 1462 2577 1519 tantis
2606 1461 2865 1518 tenebris
2910 1460 3331 1531 obumbratur,
3363 1464 3427 1515 ut
3455 1475 3565 1515 nec
3592 1458 3837 1533 squalo-

402 1569 479 1609 ne
519 1568 790 1625 unquam
827 1549 1137 1606 delectatio
1174 1562 1360 1622 prava
1397 1550 1459 1605 in
1489 1565 1852 1607 consensum
1897 1555 2062 1607 tran-
2096 1568 2136 1622 Β
2173 1566 2299 1608 rem
2345 1552 2438 1607 sui
2485 1551 2736 1608 carceris
2788 1550 3023 1620 sentiat,
3054 1565 3164 1605 nec
3192 1548 3431 1605 vincula
3460 1548 3682 1621 quibus
3712 1547 3840 1603 alii-

406 1646 556 1711 seat,
575 1646 649 1708 et,
682 1655 874 1712 usque
906 1639 986 1694 ad
1013 1637 1295 1694 aﬂ‘ectum
1325 1638 1617 1710 peccandi
1645 1640 2059 1711 progrediens,

406 1733 639 1789 Satanae
681 1744 794 1785 nos
819 1728 1049 1801 laqueis
1074 1728 1203 1798 jam
1233 1727 1501 1799 captivos
1533 1729 1838 1799 astringat.
1874 1729 1931 1786 Si
1960 1747 2062 1786 au-

405 1827 524 1878 tem
548 1836 656 1893 per
684 1823 951 1875 nostram
981 1817 1290 1873 mollitiem
1312 1818 1441 1889 jam
1468 1819 1625 1892 capti
1649 1824 1939 1889 tenemur,
1969 1838 2061 1877 ca-

402 1926 655 1966 veamus
686 1906 1049 1964 omnimodis
1073 1923 1150 1962 ne
1170 1907 1233 1963 in
1258 1922 1495 1963 carcere
1515 1910 1897 1966 retrudamur
1917 1929 1930 1978 ;
1954 1911 2059 1967 sed

403 1998 761 2072 quantocius
803 1997 1014 2054 ardore
1061 1998 1421 2070 pmnitentiee
1466 2000 1755 2071 succensi,
1797 2016 1899 2056 eos
1955 2002 2061 2073 qui

403 2104 515 2144 nos
539 2088 877 2158 astringunt
912 2090 1145 2143 Satanae
1173 2088 1423 2160 laqueos
1453 2104 1746 2144 exuamus
1776 2107 1789 2145 :
1833 2107 1909 2146 ne
1940 2090 2057 2146 for-

404 2184 479 2247 te,
534 2178 581 2233 si
630 2178 839 2234 tandiu
881 2176 1229 2243 differimus,
1273 2182 1437 2234 tanto
1471 2178 1766 2235 difﬁcilior
1804 2180 1933 2251 jam
1981 2181 2060 2236 ad

403 2267 912 2341 progrediendum
961 2266 1157 2322 aditus
1199 2271 1415 2339 pateat,
1450 2272 1676 2340 quanto
1712 2284 1828 2325 nos
1864 2269 2059 2326 multi-

402 2357 539 2431 plex
565 2356 838 2413 custodia
864 2356 1130 2428 undique
1159 2356 1589 2414 circumvallat.
1635 2358 1748 2415 Sed
1778 2360 1945 2415 Petro
1974 2374 2060 2414 re-

404 2449 571 2501 truso
599 2445 660 2501 in
685 2460 941 2511 carcere,
989 2448 1047 2500 et
1096 2445 1591 2517 quaternionibus
1636 2446 1942 2519 deputato,
1974 2447 2057 2503 vi-

401 2536 656 2592 deamus
678 2535 826 2607 quid
850 2533 1136 2607 sequitur.

474 2626 607 2679 VIII.
653 2625 861 2680 Votens
877 2629 1013 2693 post
1033 2623 1265 2693 pascha
1292 2624 1625 2693 producere
1652 2639 1785 2681 eum
1806 2628 2054 2695 populo.

402 2715 548 2769 Ecce
591 2712 670 2768 ad
699 2712 843 2785 quid
877 2712 1183 2785 captivum
1231 2728 1412 2767 suum
1442 2713 1720 2769 diabolus
1750 2719 2057 2787 tantopere

402 2806 627 2870 servat;
656 2817 793 2857 ecce
823 2817 930 2857 cur
958 2816 1095 2857 eum
1135 2802 1356 2857 carceri
1394 2802 1701 2876 mancipat
1725 2805 1737 2858 !
1781 2807 1927 2861 Ecce
1953 2821 2060 2860 cur

314 2900 321 2907 '
400 2895 486 2948 tot
513 2896 571 2947 et
598 2890 774 2984 tantis
803 2906 943 2984 eum
969 2890 1412 2984 apparitoribus
1437 2891 1674 2984 delegat
1700 2893 1711 2948 !
1746 2897 1811 2949 ut
1840 2894 2059 2951 scilicet
2088 2927 2128 2984 Ο

402 2996 541 3037 eum
560 2980 789 3053 populo
801 2979 881 3035 ad
900 2980 1310 3052 spectaculum
1331 2986 1466 3053 post
1489 2983 1716 3055 pascha
1735 2984 2052 3056 producat.

403 3069 553 3135 Quia
581 3069 741 3125 enim
758 3070 990 3142 pascha
1011 3075 1300 3126 transitus
1325 3070 1558 3138 dicitur,
1582 3088 1706 3129 non
1727 3073 2057 3145 incongrue

400 3176 507 3234 per
520 3159 635 3216 hoc
646 3159 1007 3217 vocabulum
1032 3159 1316 3215 transitus
1346 3160 1821 3237 uniuscujusque
1846 3165 1920 3221 de
1941 3167 2057 3221 hac

400 3249 521 3306 vita
550 3250 838 3321 signatur.
867 3251 1089 3307 Omnes
1118 3249 1344 3323 quippe
1368 3251 1683 3308 moriendo
1704 3256 2052 3321 transimus;

400 3339 505 3396 sed
533 3339 774 3395 interest
792 3342 990 3394 utrum
1022 3352 1129 3410 per
1157 3343 1412 3394 mortem
1439 3340 1518 3394 ad
1545 3346 1817 3409 mortem,
1847 3357 1926 3398 an
1950 3359 2059 3417 per

398 3432 656 3483 mortem
686 3432 1069 3483 transeamus
1116 3427 1195 3483 ad
1232 3427 1438 3484 vitam.
1478 3432 1584 3485 Per
1612 3436 1865 3487 mortem
1895 3433 2057 3489 enim

400 3517 479 3573 ad
508 3522 761 3572 mortem
810 3520 1140 3588 transeunt,
1191 3517 1435 3589 quibus,
1466 3523 1604 3592 post
1647 3527 1901 3578 mortem
1926 3540 2054 3579 car-

398 3606 512 3673 nis,
542 3610 725 3661 restat
751 3610 1007 3661 eeternus
1037 3606 1308 3662 interitus
1339 3608 1566 3664 mortis.
1592 3611 1679 3665 Ad
1708 3611 1893 3668 vitam
1913 3630 2055 3670 vero

397 3710 506 3769 per
533 3698 787 3750 mortem
818 3697 1149 3765 transeunt,
1194 3695 1436 3768 quibus,
1470 3703 1606 3770 post
1632 3700 2054 3759 resolutionem

396 3785 683 3859 corporis,
712 3784 933 3856 gaudia
962 3790 1183 3843 aeterna
1221 3788 1568 3844 succedunt.
1593 3790 1681 3845 Ad
1712 3791 1823 3847 hoc
1855 3792 2056 3867 itaque

397 3874 705 3949 captivum
736 3890 919 3931 suum
948 3879 1072 3932 tam
1098 3876 1412 3949 diligenter
1439 3877 1718 3934 diabolus
1743 3887 1959 3952 servat,
1992 3888 2058 3940 ut

396 3982 537 4022 cum
568 3964 793 4039 populo
821 3964 899 4022 ad
932 3966 1344 4038 spectaculum
1393 3972 1528 4039 post
1573 3970 1801 4041 pascha
1837 3972 2058 4043 produ-

397 4060 509 4123 cat,
540 4055 684 4126 quia
710 4054 789 4110 ad
814 4056 928 4111 hoc
960 4060 1334 4127 peccatorem
1366 4073 1562 4130 usque
1601 4058 1679 4114 ad
1709 4064 1965 4117 mortem
1986 4063 2055 4119 in

396 4147 642 4215 peccato
667 4148 937 4213 retentat,
969 4148 1035 4200 ut
1060 4145 1226 4201 illum
1256 4146 1332 4202 de
1360 4146 1475 4203 hac
1499 4146 1618 4205 vita
1649 4152 2054 4209 transeuntem

396 4230 471 4286 de
502 4245 738 4285 carcere
763 4230 825 4286 in
855 4246 1156 4288 carcerem
1185 4234 1378 4291 mittat
1405 4252 1417 4290 :
1465 4235 1541 4292 de
1571 4252 1804 4294 carcere
1834 4239 2057 4297 scilicet

396 4318 728 4376 tenebrosae
754 4320 1127 4377 conscientiae
1148 4322 1209 4377 in
1234 4339 1531 4381 carcerem
1561 4327 1815 4399 poenalis
1839 4330 2055 4399 gehen-

395 4425 509 4465 nae.
542 4408 603 4466 Si
639 4413 843 4465 autem
871 4410 1211 4483 captionem
1249 4412 1426 4469 istam
1479 4414 1559 4470 ad
1588 4432 1727 4472 eum
1755 4418 1880 4490 qui,
1918 4424 2055 4492 post

396 4501 744 4572 susceptum
791 4498 1093 4569 religionis
1133 4499 1426 4570 habitum,
1456 4502 1516 4558 in
1565 4504 1790 4561 crimen
1838 4506 2052 4565 lethale

395 4587 634 4655 corruit,
662 4587 904 4660 proprie
930 4588 1280 4661 referamus,
1314 4590 1429 4646 hoc
1459 4591 1626 4665 quod
1655 4593 1772 4649 ait:
1813 4595 2051 4651 Produ-

394 4694 526 4737 cere
552 4694 685 4736 eum
712 4681 959 4749 populo,
982 4694 1105 4735 non
1134 4679 1321 4736 otiose
1348 4681 1621 4739 additum
1650 4683 2047 4744 advertemus.

392 4768 558 4825 Certe
586 4768 747 4825 enim
779 4768 857 4824 ad
904 4767 1052 4825 illud
1082 4773 1416 4826 extremum
1460 4771 1755 4843 judicium
1801 4790 1926 4832 non
1957 4794 2052 4833 so-

391 4854 519 4912 lum
562 4857 859 4925 homines,
892 4856 999 4913 sed
1046 4862 1102 4914 et
1151 4858 1293 4914 boni
1342 4864 1397 4915 et
1445 4859 1590 4916 mali
1635 4862 1831 4931 angeli
1860 4864 2049 4921 dedu-

393 4950 617 5001 centur.
653 4950 802 5005 Cum
831 4962 976 5018 ergo
1014 4947 1095 5023 illi
1125 4951 1391 5004 extremo
1414 4949 1643 5021 judicio
1689 4956 1745 5007 et
1772 4953 2049 5012 homines

394 5037 452 5089 et
477 5036 724 5105 angelos
753 5037 947 5093 bonos
997 5041 1055 5093 et
1100 5036 1291 5094 malos
1327 5037 1640 5096 adfuturos
1680 5044 2045 5113 noverimus,

394 5136 499 5175 cur
554 5123 864 5193 religiosus
920 5125 981 5181 in
1040 5131 1380 5200 perpetrato
1434 5128 1679 5185 crimine
1722 5148 1913 5205 usque
1970 5134 2050 5191 ad

392 5207 577 5265 ﬁnem
619 5212 976 5283 perdurans,
1003 5215 1112 5271 soli
1140 5216 1367 5290 populo
1411 5217 1665 5289 produci
1718 5220 1795 5276 ad
1826 5225 2051 5293 specta-

393 5296 597 5354 culum
621 5300 967 5372 perhibetur
986 5302 1014 5358 ?
1040 5303 1280 5361 Videtur
1317 5304 1516 5379 itaque
1547 5308 1625 5364 ad
1653 5307 2050 5380 ignominiam

390 5392 680 5456 nostram,
746 5405 852 5461 qui
920 5392 1139 5449 saeculo
1208 5396 1705 5467 renuntiavimus,
1774 5400 2047 5455 additum

391 5493 523 5533 esse
572 5477 739 5551 quod
784 5478 999 5535 dicitur
1054 5483 1393 5541 Producere
1445 5501 1576 5542 eum
1612 5489 1853 5558 populo.
1898 5491 2046 5544 Nam

389 5566 537 5642 quia
559 5583 601 5626 θ.
626 5567 981 5643 populando
996 5571 1269 5644 populus
1287 5572 1813 5650 dicitur,populari
1842 5581 2043 5634 autem

2172 1645 2346 1710 gatus
2375 1645 2463 1696 est
2490 1640 2705 1697 videat.
2733 1638 2897 1694 Unde
2927 1637 3177 1711 quando
3208 1637 3407 1693 minus
3433 1635 3839 1692 calamitatem

2169 1744 2293 1802 qua
2339 1729 2585 1801 punitur
2626 1728 2828 1795 sensit,
2860 1730 3027 1783 tanto
3070 1726 3273 1782 minus
3321 1726 3399 1781 ab
3437 1738 3509 1782 ea
3535 1724 3839 1781 desiderat

2169 1819 2426 1876 liberari.
2455 1823 2904 1890 Nonnunquam
2929 1832 3072 1872 vero
3112 1820 3169 1872 et
3210 1815 3516 1871 miseriam
3546 1830 3726 1871 suam
3754 1814 3837 1870 vi-

2169 1908 2287 1973 det,
2318 1914 2375 1965 et
2402 1907 2529 1964 erui
2576 1908 2655 1964 ab
2682 1907 2787 1964 illa
2825 1910 3094 1981 exoptat;
3127 1906 3233 1961 sed
3257 1906 3416 1961 exire
3444 1920 3569 1961 non
3599 1919 3835 1977 praeva-

2166 1999 2264 2068 let,
2305 1999 2450 2072 quia
2496 1998 2597 2054 illa
2643 2014 2785 2054 eum
2823 1997 3137 2070 multiplex
3177 1995 3646 2070 quaternionum
3697 2012 3834 2051 cus-

2166 2088 2332 2143 todia
2374 2086 2804 2143 circumvallat.
2855 2086 2989 2156 Sed,
3033 2085 3155 2141 sive
3204 2084 3408 2142 volens
3451 2085 3574 2140 sive
3622 2083 3835 2140 nolens

2168 2183 2437 2234 teneatur
2491 2177 2553 2233 in
2610 2193 2865 2245 carcere,
2911 2176 3166 2246 dignum
3215 2179 3308 2233 est
3356 2179 3422 2231 ut
3476 2178 3672 2231 mater
3730 2177 3834 2231 Ec-

2167 2268 2345 2324 clesia
2400 2266 2592 2323 tilium
2663 2282 2846 2339 quem
2919 2268 3125 2337 genuit
3196 2269 3610 2335 recognoscat,
3674 2268 3731 2321 et
3782 2265 3835 2320 ei

2166 2364 2451 2414 maternae
2526 2358 2759 2431 pietatis
2815 2357 3064 2424 viscera,
3118 2372 3229 2429 pro
3297 2371 3368 2411 eo
3439 2354 3692 2423 orando,
3748 2355 3836 2409 in-

2167 2448 2389 2503 tendat.
2448 2446 2618 2512 Quod
2671 2461 2795 2518 qua
2840 2444 3120 2501 instantia
3184 2444 3259 2500 sit
3309 2445 3639 2515 agendum,
3697 2460 3834 2501 sen-

2167 2540 2349 2593 tentia
2392 2536 2741 2608 interposita
2793 2534 3154 2591 manifestat.
3213 2537 3360 2590 Nam
3414 2549 3556 2589 cum
3612 2533 3834 2591 dicere-

2167 2629 2281 2693 tur,
2331 2626 2537 2681 Oratio
2584 2629 2780 2679 autem
2827 2624 3027 2692 ﬁebat,
3083 2622 3500 2695 interpositum
3548 2627 3656 2685 est,
3707 2624 3835 2680 sine

2166 2715 2638 2784 intermissione;
2688 2712 2833 2786 quia
2861 2712 3148 2768 nimirum
3194 2716 3335 2767 tunc
3372 2711 3540 2785 quod
3570 2712 3831 2785 petimus

2165 2805 2582 2878 impetramus,
2616 2818 2755 2858 cum
2793 2802 2961 2858 nulla
2987 2801 3349 2874 impetrandi
3375 2800 3721 2857 diﬂicultate
3753 2801 3831 2858 ab

2166 2895 2432 2951 oratione
2482 2894 2799 2950 lassamur.
2856 2892 3041 2963 Unde,
3094 2892 3275 2947 etiam
3321 2892 3495 2963 juxta
3547 2891 3827 2959 litteram,

2166 2988 2462 3057 quantum
2495 2982 2794 3038 orationes
2840 2980 3019 3038 beato
3051 2984 3218 3037 Petro
3261 2979 3602 3055 profuerint,
3634 2980 3832 3052 aperi-

2165 3086 2279 3139 tur.
2314 3088 2454 3129 cum
2489 3072 2788 3127 subditur.

2235 3167 2297 3219 X.
2339 3164 2605 3233 Cumque
2630 3162 3040 3231 producturus
3068 3165 3213 3221 esset
3259 3174 3389 3215 eum
3439 3158 3729 3230 Herodes,
3760 3160 3825 3215 in

2164 3254 2297 3322 ipsa
2327 3259 2497 3308 nocte
2541 3256 2669 3308 erat
2702 3253 2919 3306 Petrus
2949 3249 3249 3305 dormiens
3298 3250 3457 3305 inter
3484 3249 3632 3305 duos
3668 3250 3826 3305 miti-

2168 3346 2270 3412 tes,
2307 3344 2541 3397 vinctus
2592 3340 2816 3396 catenis
2854 3338 3109 3395 duabus.
3145 3339 3202 3394 Si
3244 3338 3419 3409 juxta
3459 3337 3713 3393 litteram
3744 3337 3831 3409 ip-

2168 3446 2305 3485 sum
2336 3429 2611 3485 ordinem
2662 3428 3003 3501 apostolicae
3052 3428 3419 3485 liberationis
3466 3427 3648 3501 paulo
3694 3426 3828 3483 dili-

2165 3518 2398 3590 gentius
2428 3517 2750 3585 intuemur,
2770 3518 2943 3588 juxta
2971 3518 3314 3574 interiorem
3339 3533 3610 3586 sensum,
3638 3532 3834 3589 quan-

2166 3613 2293 3663 tum
2321 3612 2599 3680 peccator
2628 3607 2843 3663 divinae
2873 3607 3298 3664 misericordia:
3328 3606 3566 3673 debeat,
3589 3605 3832 3662 eviden-

2165 3702 2250 3754 ter
2273 3696 2640 3753 instruimur.
2685 3697 2840 3763 Quid
2868 3698 3030 3753 enim
3073 3696 3267 3753 innuit
3310 3697 3477 3770 quod
3518 3696 3826 3771 apostolus

2164 3794 2305 3845 tunc
2334 3787 2582 3843 refertur
2601 3791 2805 3843 erutus
2833 3788 2908 3844 de
2938 3804 3194 3856 carcere,
3218 3804 3359 3844 cum
3382 3788 3511 3859 jam
3537 3788 3693 3841 esset
3714 3799 3825 3857 po-

2163 3877 2307 3951 pulo
2337 3876 2417 3932 ad
2443 3876 2849 3950 spectaculum
2876 3877 3322 3949 producendus,
3346 3875 3459 3931 nisi
3485 3874 3651 3948 quod
3676 3872 3828 3928 divi-

2162 3983 2243 4023 na
2264 3967 2455 4041 pietas
2476 3967 2830 4040 plerumque
2855 3973 2993 4023 tunc
3015 3968 3193 4024 etiam
3217 3972 3597 4041 peccatorem
3618 3965 3693 4021 de
3716 3980 3825 4020 sua

2163 4058 2502 4131 captivitate
2532 4057 2763 4124 liberat,
2792 4073 2929 4112 cum
2948 4058 3077 4128 jam
3100 4057 3444 4129 proximum
3474 4060 3562 4112 est
3589 4059 3653 4111 ut
3684 4070 3824 4110 eum

2162 4146 2440 4203 diabolus
2464 4147 2747 4203 eductum
2775 4147 2850 4203 de
2879 4162 3128 4220 corpore
3156 4146 3234 4203 ad
3264 4152 3551 4203 aeternam
3599 4143 3823 4199 irrisio-

2161 4252 2301 4292 nem
2341 4236 2678 4308 perducat?
2726 4238 2799 4292 In
2824 4238 2957 4306 ipsa
2982 4244 3171 4307 nocte,
3204 4235 3417 4309 inquit,
3445 4238 3577 4291 erat
3604 4234 3825 4289 Petrus

2161 4327 2478 4381 dormiens.
2514 4325 2992 4397 Comprehensus
3040 4329 3243 4383 Petrus
3281 4326 3343 4381 in
3373 4329 3545 4380 nocte
3577 4322 3821 4394 dormit,

2160 4416 2407 4488 quando
2438 4415 2528 4472 vir
2575 4415 2762 4483 fortis,
2811 4416 2872 4470 in
2921 4420 3237 4489 peccatum
3287 4413 3626 4487 prolapsus,
3661 4429 3823 4469 aco-

2162 4504 2469 4574 gnitionne
2500 4504 2590 4559 sui
2621 4504 2837 4560 mentis
2878 4503 3084 4560 oculos
3123 4503 3364 4559 claudit.
3411 4505 3537 4558 Nox
3567 4499 3731 4556 enim
3761 4498 3823 4553 in

2160 4610 2283 4668 qua
2311 4594 2551 4661 dormit,
2602 4594 2940 4664 ignorantia
2969 4597 3090 4651 est:
3136 4593 3252 4649 nisi
3280 4592 3441 4649 enim
3470 4591 3738 4664 seipsum
3767 4592 3827 4644 et

2159 4700 2294 4758 quae
2328 4684 2484 4740 circa
2512 4701 2652 4740 eum
2700 4690 2984 4754 aguntur,
3014 4683 3335 4755 ignoraret,
3367 4682 3428 4738 in
3476 4681 3569 4736 sui
3618 4678 3824 4752 utique

2159 4773 2702 4831 considerationem
2752 4774 2961 4830 oculos
3016 4774 3307 4847 aperiret;
3370 4770 3666 4846 aperiens,
3722 4786 3826 4843 pe-

2157 4864 2413 4921 riculum
2465 4880 2644 4920 suum
2700 4864 2948 4935 videret,
2979 4863 3191 4919 videns
3245 4862 3504 4931 sentiret,
3556 4859 3821 4916 sentiens

2158 4954 2401 5020 doleret,
2442 4953 2652 5010 dolens
2695 4952 3129 5023 ingemisceret,
3162 4951 3563 5023 ingemiscens
3617 4952 3823 5005 autem

2157 5044 2407 5100 evadere
2477 5042 2801 5111 festinaret.
2884 5041 2998 5100 Sed
3072 5042 3543 5115 comprehensus
3612 5039 3825 5094 Petrus

2157 5134 2397 5201 dormit,
2450 5133 2595 5205 quia
2650 5132 2798 5205 quid
2872 5132 2985 5188 sibi
3061 5132 3373 5187 immineat
3440 5144 3564 5186 non
3626 5132 3822 5184 atten-

2156 5222 2259 5278 dit.
2321 5220 2545 5278 Dormit
2586 5221 2739 5277 inter
2789 5220 2943 5277 duos
3004 5220 3243 5292 milites,
3299 5219 3537 5275 vinctus
3593 5216 3824 5273 catenis

2154 5311 2415 5367 duabus.
2497 5314 2713 5367 lterum
2783 5310 3057 5381 cogimur
3125 5308 3482 5379 investigare
3565 5306 3823 5380 quinam

2157 5405 2295 5456 sunt
2340 5398 2432 5455 isti
2486 5399 2609 5455 duo
2657 5398 2871 5456 milites
2912 5399 3017 5472 qui
3058 5397 3410 5455 dormientis
3467 5395 3617 5452 Petri
3660 5394 3822 5450 latus

2154 5492 2474 5562 utrumque
2533 5488 2829 5555 ambiunt,
2881 5488 2978 5545 vel
3028 5498 3163 5562 qhae
3224 5488 3339 5543 sint
3394 5489 3619 5542 catenae
3676 5498 3820 5556 qua:

2153 5592 2374 5638 manus
2414 5578 2549 5638 illas
2597 5578 2956 5649 astringunt.
3009 5579 3204 5652 Supra
3259 5574 3601 5634 audivimus
3647 5572 3821 5647 quod
