4018 6176
203 92 308 144 293
1105 78 1522 136 TRACTATUS
1566 80 1648 134 ΙΝ
1700 75 1903 131 VERE

2060 78 2209 132 CAP.
2252 81 2340 135 ΧΠ
2375 83 2531 140 ΑΟΤ.
2570 87 2812 144 APOST.
3595 104 3701 157 294

202 208 524 283 apostolus
551 205 767 260 missus
821 205 883 260 in
943 219 1228 261 carcerem
1283 206 1558 274 quatuor
1612 200 1947 291 quarter-
1984 199 2031 254 Α
2058 200 2245 258 Labia
2274 207 2597 264 sacerdotis
2614 213 2959 268 custodiunt
2986 217 3312 287 scientiam,
3331 225 3382 273 et
3411 221 3595 291 legem
3613 239 3700 278 re-

205 297 498 355 nionibus
523 294 597 348 sit
625 293 697 348 ad
743 293 1085 349 custodiam
1133 291 1444 360 delegatus
1479 307 1492 356 ;
1545 285 1750 360 quod
1820 300 1948 340 nos
2051 291 2298 360 quirunt
2326 309 2400 349 ex
2425 311 2528 351 ore
2554 300 2699 367 ejus,
2734 302 2876 371 quia
2907 307 3155 372 angelus
3211 285 3449 363 Domini
3464 285 3700 365 exerci-

201 407 462 465 quoque
486 383 794 460 quoniodo
830 386 1155 458 specialiter
1182 382 1427 452 intelligi
1455 379 1697 454 possit,
1722 381 1945 468 osten-
2049 385 2215 436 tuum
2246 388 2328 437 est
2360 385 2648 450 (Malach.
2670 405 2726 454 ιι,
2759 393 2832 460 7).
2860 394 3004 447 Nam
3026 394 3169 465 quia
3199 397 3389 452 Graece
3420 399 3694 468 angelus,

203 463 440 536 dimus.
476 477 586 534 Sed
611 490 746 531 cum
780 474 1004 530 dicitur
1051 474 1208 546 quod
1256 473 1408 528 inter
1461 470 1628 525 duos
1700 463 1941 557 milites
2047 471 2245 527 Latine
2269 473 2482 530 dicitur
2504 478 2768 548 nuntius,
2793 487 2948 537 recte
2976 463 3178 556 in_qui
3233 486 3424 557 legem
3456 463 3697 546 annun;

204 567 581 636 dormiebat,
600 563 952 633 intelligitur
980 563 1139 637 quod
1169 563 1286 618 eia
1315 562 1527 617 dextro
1555 562 1624 613 et
1698 571 1733 610 ἃ
1783 556 1939 613 sini-
2044 559 2166 622 tiat,
2235 563 2482 633 angelus
2537 567 2889 639 appellatur.
2946 556 3472 648 Sacerdotisiergo
3530 579 3696 635 labia

205 665 337 715 stro
363 659 554 714 latere
578 655 793 711 milites
829 654 1204 709 cohaerebant
1229 671 1242 719 ;
1272 668 1390 708 usu
1449 655 1672 706 autem
1719 649 1934 719 quoti-
2040 651 2346 707 scientiam
2394 657 2755 727 custodiunt,
2788 659 2931 730 quia
2969 661 3252 718 nimirum
3312 665 3405 720 ille
3453 683 3693 723 sacrum

204 749 416 804 dianae
441 742 780 812 locutionis,
811 759 928 815 pro
977 743 1178 798 dextro
1204 758 1315 798 nos
1364 741 1591 796 habere
1651 736 1932 812 quiquid
2041 738 2327 797 ducatum
2344 744 2582 816 populis
2610 745 2864 816 legendo
2891 751 3167 814 ostendit,
3198 753 3320 823 qui,
3347 756 3514 826 quod
3530 758 3694 813 novit

208 837 492 908 adjuvat,
525 849 634 906 pro
663 832 912 888 sinistro
940 832 1227 904 quidquid
1271 835 1611 887 aversatur.
1667 827 1749 884 Sit
1795 831 1931 886 ita—
2039 828 2302 900 sciendo,
2333 833 2511 888 etiam
2538 835 2796 892 vivendo
2825 838 3099 894 custodit.
3133 842 3232 896 Ex
3261 845 3432 912 cujus
3461 861 3562 900 ore
3609 848 3691 902 le-

206 943 332 1000 que
363 925 547 981 miles
599 922 700 995 qui
747 921 962 976 dextro
1003 921 1162 977 lateri
1203 920 1448 986 assistit,
1505 919 1928 992 praesumptio
2034 932 2162 986 gem
2191 921 2526 990 requirunt,
2554 923 2697 994 quia
2726 924 3041 995 prtelatum
3063 944 3243 983 suum
3261 929 3535 986 subditus
3561 938 3690 989 tan—

207 1016 414 1071 venize
448 1029 639 1085 quam
669 1026 779 1084 pro
829 1014 897 1064 l-ll
954 1010 1130 1066 milite
1183 1010 1295 1065 sub
1347 1009 1622 1065 secundo
1663 1014 1928 1081 quater-

208 1106 398 1161 nione
431 1117 620 1173 supra
646 1099 964 1173 posuimus
993 1118 1004 1165 ;
1037 1115 1168 1171 quae
1197 1099 1490 1154 nimirum
1507 1099 1656 1154 dum
1688 1114 1846 1171 pecc
1859 1115 1925 1154 a-

210 1195 348 1260 tori,
377 1191 885 1266 ‘quandocunque
937 1188 1154 1255 redeat,
1213 1189 1456 1244 veniam
1513 1187 1911 1259 repromittit,

218 1299 516 1342 securum
555 1280 722 1336 illum
749 1280 920 1350 juxta
949 1295 1009 1333 se
1039 1279 1298 1334 dormire
1327 1278 1492 1334 facit.
1527 1277 1686 1334 Miles
1754 1293 1911 1346 ergo

209 1376 324 1431 iste
347 1374 638 1429 dextrum
669 1370 825 1425 latus
853 1369 1199 1425 dormientis
1224 1369 1526 1434 ohservat,
1555 1367 1698 1440 quia
1751 1367 1907 1423 illud

214 1463 445 1518 scilicet
471 1459 788 1533 pollicetur
813 1457 973 1530 quod
1005 1463 1404 1530 peccatorem,
1441 1471 1656 1512 somno
1710 1456 1905 1525 negli-

2035 1009 2091 1060 to
2119 1009 2482 1063 reverentius
2513 1012 2698 1079 audit,
2733 1020 2962 1084 quanto
2991 1031 3132 1071 eum
3163 1016 3434 1085 intelligit
3464 1036 3588 1076 non
3616 1023 3690 1077 de

2029 1097 2534 1168 praesumptionis,
2559 1100 2663 1154 sed
2685 1101 2758 1155 de
2778 1102 3034 1159 scientiae
3062 1107 3408 1163 certitudine
3424 1111 3690 1182 proferre

2027 1185 2192 1255 quod
2220 1185 2379 1242 dicit.
2414 1188 2525 1252 Qui
2550 1188 2704 1245 bene
2730 1193 2982 1261 angelus
3009 1195 3253 1250 Domini
3278 1196 3512 1268 dicitur,
3545 1201 3691 1272 quia

2025 1289 2134 1344 per
2155 1274 2269 1329 hoc
2300 1276 2465 1346 quod
2496 1277 2691 1347 legem
2723 1280 2957 1336 Domini
2983 1283 3236 1354 nuntiat,
3283 1285 3360 1340 ad
3413 1288 3689 1357 ejusdem

2029 1363 2262 1418 Domini
2282 1363 2467 1432 lucra,
2496 1383 2616 1422 non
2644 1368 2720 1422 ad
2749 1385 2889 1424 suos
2918 1370 3170 1439 favores,
3217 1375 3475 1431 anhelat.
3536 1380 3688 1433 Nam

2024 1465 2148 1505 non
2175 1452 2305 1522 jam
2327 1456 2566 1527 proprie
2598 1457 2850 1524 Domini,
2880 1459 2985 1514 sed
3007 1477 3150 1515 suus
3173 1463 3422 1532 angelus
3444 1470 3619 1532 esset,
3641 1467 3688 1520 si

216 1551 438 1622 genu-,3
463 1548 816 1614 resolutum,
849 1547 926 1603 ad
956 1547 1147 1602 venite
1190 1546 1733 1618 prmsumptionem
1793 1545 1902 1600 ad.
1943 1557 1994 1609 Β
2028 1539 2162 1595 ideo
2183 1541 2543 1613 loqueretur,
2562 1549 2628 1600 ut
2661 1563 2984 1618 pervocem
3006 1551 3436 1620 ejusexercitus
3452 1555 3688 1610 Domini

214 1643 428 1712 iuvare
458 1638 712 1693 videtur.
749 1635 826 1692 Sit
855 1635 1034 1691 etiam
1068 1635 1237 1690 miles
1261 1634 1500 1690 sinistro
1522 1633 1687 1689 lateri
1752 1633 1898 1689 assi-

220 1736 387 1785 stens
423 1727 611 1783 rubor
636 1725 983 1796 abjectionis
1005 1740 1123 1798 pro
1153 1729 1193 1780 ll
1226 1723 1409 1780 milite
1439 1723 1714 1795 superius
1750 1738 1900 1796 qua-

219 1818 481 1874 ternioni
509 1815 680 1872 tertio
700 1815 1022 1886 deputatus
1052 1833 1065 1881 ;
1101 1829 1207 1886 per
1235 1828 1420 1886 quem
1479 1812 1754 1867 videlicet
1798 1830 1899 1867 ru-

223 1909 440 1964 borem
493 1904 863 1975 abjectionis,
908 1905 1067 1958 dum
1095 1907 1376 1976 peccator
1407 1901 1644 1956 adversi
1670 1900 1901 1975 aliquid

224 2007 289 2052 se
319 1995 542 2068 perpeti
576 1993 872 2066 opinatur,
923 1993 1097 2062 eligit
1148 1991 1348 2064 potius
1401 1991 1562 2045 intus
1619 1992 1783 2062 apud
1837 2002 1902 2047 se

218 2085 630 2158 qualicunque
677 2083 868 2154 quiete
921 2081 1263 2154 quiescere,
1323 2094 1536 2152 quam,
1595 2079 1754 2135 foras
1806 2097 1904 2136 ex-

214 2173 441 2241 eundo,
501 2170 845 2242 adjectionis
897 2169 1342 2225 verecundiam
1389 2167 1700 2224 sustinere.
1763 2173 1902 2224 Duae

213 2268 423 2320 autem
455 2267 682 2317 catenae
712 2261 932 2332 quibus
961 2259 1278 2314 dormiens
1309 2258 1590 2326 vincitur,
1615 2263 1907 2314 suntcon-

213 2352 475 2409 suetudo
507 2355 562 2406 et
591 2350 951 2422 desperatio,
987 2347 1217 2420 quibus
1261 2363 1336 2403 ne
1386 2347 1621 2402 bonum
1676 2345 1906 2418 aliquid

212 2443 396 2499 faciat
421 2439 805 2514 praepeditur.
837 2442 1073 2495 Catena
1103 2438 1265 2492 enim
1296 2437 1475 2493 malai
1513 2435 1903 2492 consuetudi-

210 2534 323 2605 nis,
362 2529 702 2604 peccatoris
741 2543 963 2584 manus
1017 2527 1406 2598 obligantur;
1442 2527 1589 2598 quia
1646 2528 1910 2600 plerum-

211 2637 352 2695 que,
385 2623 536 2676 dum
569 2619 651 2675 ad
682 2619 911 2674 bonum
939 2633 1103 2690 opus
1155 2634 1218 2672 se
1243 2621 1498 2672 conatur
1556 2616 1904 2681 extendere,

211 2713 287 2768 ab
313 2711 544 2767 eisdem
578 2708 836 2782 peccatis
868 2723 1012 2780 quas
1036 2707 1345 2762 consuevit
1370 2707 1569 2760 facere
1590 2708 1902 2763 retinetur.

211 2807 433 2860 Catena
459 2815 705 2872 quoque
727 2797 1169 2870 desperationis
1187 2811 1405 2852 manus
1433 2796 1564 2867 ejus
1586 2795 1903 2866 astringit;

2031 1645 2151 1684 non
2181 1638 2489 1703 cresceret,
2523 1636 2629 1690 sed
2661 1641 2724 1691 ut
2748 1637 3087 1710 ipse,quam
3109 1646 3262 1696 esset
3287 1643 3498 1698 doctus
3520 1650 3578 1700 et
3598 1662 3690 1701 sa-

2033 1719 2226 1790 piens,
2251 1730 2585 1794 appareret.
2614 1727 2762 1788 Quia
2787 1744 2949 1798 vero,
2982 1745 3088 1800 per
3117 1746 3296 1786 omne
3327 1733 3493 1804 quod
3523 1735 3687 1805 dic-it,

2032 1809 2110 1862 ad
2136 1810 2249 1866 hoc
2276 1813 2678 1886 principaliter
2706 1815 2958 1872 intendit
2978 1823 3043 1874 ut
3071 1819 3163 1874 sui
3193 1821 3424 1877 Domini
3473 1826 3692 1881 exerci-

2029 1901 2122 1954 tus
2153 1907 2462 1972 augeatur,
2493 1903 2744 1971 angelus
2779 1906 3012 1961 Domini
3027 1909 3392 1964 exercituum
3415 1913 3690 1969 nomina-

2025 1990 2139 2045 tur.
2171 1991 2252 2045 De
2282 2008 2404 2064 quo
2428 1992 2712 2048 nimirum
2727 1996 2942 2065 angelo
2968 2013 3333 2070 magnopere
3353 2003 3690 2060 notandum

2023 2083 2111 2133 est
2137 2081 2281 2151 quia
2307 2097 2428 2136 non
2458 2083 2698 2155 proprie
2729 2086 2980 2152 stetisse,
3003 2087 3108 2141 sed
3129 2086 3380 2144 astitisse
3406 2091 3686 2149 refertur:

2020 2173 2214 2224 astare
2244 2171 2462 2225 etenim
2492 2172 2731 2244 proprie
2763 2173 2938 2245 quasi
2961 2175 3134 2245 juxta
3193 2181 3346 2232 stare
3401 2179 3684 2240 dicimus.

2019 2257 2382 2318 Praedicator
2412 2267 2615 2318 autem
2631 2263 2825 2334 legem
2853 2253 3085 2322 Domini
3102 2268 3408 2339 nuntians,
3431 2273 3688 2332 auditori

2016 2363 2140 2419 quo
2173 2356 2289 2406 stat
2317 2351 2589 2421 quidem,
2615 2353 2720 2408 sed
2771 2369 3164 2428 nequaquam
3210 2363 3386 2429 astat,
3437 2365 3687 2434 quando

2016 2434 2144 2507 ipse
2176 2439 2426 2511 quidem
2455 2446 2609 2496 recte
2632 2442 2806 2511 juxta
2844 2444 3117 2512 regulam
3150 2446 3291 2500 ﬁdei
3318 2449 3684 2522 exhortatur,

2019 2528 2126 2582 sed
2158 2528 2398 2584 auditor
2427 2529 2488 2583 id
2516 2531 2685 2602 quod
2712 2532 2881 2587 audit
2930 2533 3098 2588 nullo
3155 2537 3378 2590 amoris
3436 2539 3686 2598 brachio

2019 2617 2451 2689 complexatur.
2487 2619 2666 2675 Valde
2721 2619 2922 2692 itaque
2976 2621 3337 2692 praedicator
3367 2626 3445 2680 ab
3475 2645 3546 2683 eo
3590 2632 3684 2686 cui

2016 2707 2303 2777 praedicat
2332 2713 2596 2763 remotus
2629 2711 2992 2782 est,quando
3021 2711 3099 2766 ad
3118 2727 3220 2766 cor
3249 2712 3437 2785 ipsius
3466 2721 3683 2790 praedi-

2014 2797 2212 2852 cando
2243 2797 2732 2870 appropinquare
2763 2815 2887 2854 non
2905 2800 3080 2856 valet.
3110 2801 3272 2857 Unde
3299 2809 3355 2859 et
3375 2805 3682 2865 habitacu-

211 2895 352 2967 quia
384 2897 551 2948 tanto
574 2890 798 2963 pigrior
836 2890 917 2945 ad
950 2902 1133 2943 omne
1164 2904 1316 2960 opus
1348 2887 1584 2942 bonum
1619 2889 1902 2958 efﬁcitur,
1945 2917 1984 2972 ρ
2011 2903 2138 2958 lum
2169 2887 2302 2944 talis
2330 2889 2582 2943 carceris
2615 2889 2864 2958 angelus
2896 2907 3019 2946 non
3040 2891 3312 2961 illustrat,
3345 2897 3507 2968 quia,
3535 2900 3683 2956 dum

208 2989 437 3057 quanto
457 2983 589 3052 jam
618 2980 729 3035 sibi
756 2995 880 3035 non
913 2991 1093 3051 posse
1118 2977 1406 3050 prodesse
1433 2977 1743 3051 quidquid
1798 2977 1904 3032 bo-

209 3074 268 3130 ni
297 3073 502 3128 fecerit
527 3070 886 3142 suspicatur.

279 3167 363 3219 Kl.
395 3161 710 3234 Sequitur:
755 3161 829 3214 Et
864 3157 1136 3214 custodes
1166 3162 1307 3213 ante
1333 3156 1550 3211 ostium
1595 3157 1900 3215 custodie-

212 3254 354 3310 bant
383 3265 702 3308 carcerem.
737 3248 793 3304 Si
823 3246 1048 3302 ostium
1079 3245 1330 3301 carceris
1360 3243 1597 3298 aditum
1665 3247 1902 3304 confes-

213 3341 398 3398 sionis
429 3339 782 3412 accipimus,
817 3335 1099 3392 custodes
1119 3334 1223 3406 qui
1251 3337 1389 3389 ante
1430 3331 1665 3392 ostium
1723 3351 1904 3392 excu-

213 3431 384 3496 bant,
417 3433 555 3485 sunt
582 3427 683 3483 illa
740 3424 1167 3481 difficultatum
1215 3419 1533 3478 obstacula
1569 3436 1718 3494 quae
1773 3425 1902 3496 jam

216 3535 403 3594 supra
424 3517 790 3574 nominatim
821 3515 883 3570 in
905 3513 1312 3578 descriptione
1346 3510 1601 3565 secundi
1659 3519 1898 3586 quater-

217 3609 412 3666 nionis
443 3605 875 3679 expressimus.
912 3601 1030 3659 Sed
1049 3601 1184 3656 licet
1212 3600 1308 3655 hic
1331 3614 1554 3672 parum
1617 3604 1902 3673 persiste-

217 3715 301 3766 re,
328 3702 384 3753 et
413 3696 634 3768 captivi
658 3695 845 3764 hujus
874 3691 1148 3748 miserias
1176 3688 1533 3762 exprimere.
1584 3692 1732 3748 Ecce
1783 3698 1900 3750 ete-

219 3789 346 3843 nim
367 3787 512 3859 quia
536 3785 693 3841 hosti
723 3781 1058 3838 blandienti
1090 3779 1408 3847 consentit,
1451 3777 1530 3833 ab
1564 3781 1780 3838 eodem
1816 3789 1905 3840 est

224 3876 501 3933 atrociter
531 3874 969 3947 apprehensus.
1007 3873 1152 3926 Ecce
1181 3869 1328 3943 quia
1355 3866 1628 3924 conﬁteri
1653 3871 1902 3945 distulit,

228 3966 296 4020 in
328 3979 620 4020 carcerem
653 3967 744 4018 est
794 3961 1110 4016 retru'sus!
1169 3963 1313 4014 Ecce
1362 3957 1444 4011 illi
1491 3957 1620 4028 jam
1672 3966 1904 4018 retruso

227 4053 545 4125 multiplex
570 4051 1044 4125 quaternionum
1091 4047 1363 4104 custodia
1420 4047 1674 4101 exterius
1731 4051 1902 4106 adhi-

226 4145 422 4200 betur.
457 4146 602 4198 Ecce
630 4142 783 4198 intra
811 4141 1018 4213 ipsum
1044 4153 1288 4210 quoque
1316 4151 1618 4192 carcerem
1682 4141 1904 4197 catenis

227 4234 510 4289 astrictus
555 4246 588 4287 a
643 4231 928 4286 militibus
989 4227 1392 4285 observatur!
1450 4226 1706 4291 Quando
1758 4245 1902 4300 ergo

228 4321 448 4389 evadit,
481 4336 664 4392 quem
691 4321 850 4375 intus
876 4325 932 4376 et
959 4322 1125 4374 extra
1156 4322 1278 4373 tam
1296 4315 1606 4389 multiplex
1631 4321 1901 4376 custodia

231 4409 703 4465 circumvallat?
734 4409 846 4465 Sed
877 4409 982 4464 ubi
1014 4408 1284 4462 humana
1314 4407 1508 4477 major
1537 4405 1797 4477 miseria,
1822 4410 1905 4466 ibi

228 4499 594 4571 plerumque
617 4499 809 4569 major
839 4498 1023 4554 claret
1041 4495 1248 4552 divina
1265 4494 1679 4552 misericordia
1709 4515 1721 4562 ;
1756 4514 1900 4554 nam

233 4587 516 4660 sequitur
549 4604 562 4641 :

304 4680 422 4732 XII.
454 4676 538 4730 Et
564 4690 694 4732 ecce
723 4678 973 4747 angelus
1001 4676 1244 4730 Domini
1267 4675 1478 4740 astitit,
1513 4678 1568 4729 et
1597 4674 1795 4732 lumen
1823 4692 1906 4734 re-

226 4767 416 4830 fulsit
447 4767 510 4821 in
540 4766 901 4822 habitaculo.
933 4765 1273 4822 Notandum
1306 4779 1677 4837 magnopere
1730 4766 1904 4824 video

232 4854 409 4929 quod
438 4855 670 4923 dicitur,
727 4858 804 4912 Et
839 4871 988 4914 ecce.
1041 4857 1192 4912 Ecce
1245 4855 1463 4910 etenim
1511 4855 1708 4911 dicere
1758 4857 1906 4912 sole-

233 4962 403 5010 mus,
434 4962 574 5001 cum
601 4945 825 5019 aliquid
854 4952 1069 5019 praeter
1112 4962 1280 5019 spem
1338 4945 1539 5002 subito
1585 4945 1905 5015 contigisse

234 5042 671 5091 monstramus.
699 5037 861 5093 Unde
891 5052 999 5110 per
1022 5038 1134 5092 hoc
1164 5036 1326 5108 quod
1361 5035 1597 5104 dicitur,
1643 5037 1720 5090 Et
1752 5051 1901 5107 ecce,

235 5124 554 5198 repentina
579 5131 636 5180 et
653 5125 940 5199 inspirata
963 5125 1275 5181 subventio
1307 5124 1592 5196 innuitur,
1624 5140 1761 5197 qua:
1778 5126 1904 5198 ple-

235 5229 505 5287 rumque
533 5219 673 5272 tunc
699 5217 879 5272 etiam
902 5215 1204 5288 captivum
1232 5213 1305 5269 de
1332 5229 1442 5270 sua
1472 5214 1812 5287 captivitate
1834 5215 1903 5270 li-

239 5303 435 5377 berat,
467 5305 716 5378 quando
745 5306 874 5378 ipse
894 5321 1136 5378 quoque
1160 5305 1289 5376 jam
1323 5321 1386 5360 se
1433 5320 1613 5377 posse
1666 5303 1906 5361 liberari

242 5394 546 5467 desperat.
584 5395 697 5452 Sed
720 5395 848 5466 jam
877 5395 1190 5451 videamus
1219 5395 1500 5467 quisnam
1529 5395 1600 5450 sit
1643 5395 1749 5451 iste
1806 5411 1910 5451 an-

247 5484 418 5554 gelus
447 5501 553 5557 per
577 5501 758 5558 quem
785 5485 859 5539 de
884 5500 1119 5540 carcere
1147 5500 1255 5538 suo
1281 5490 1558 5556 peccator
1612 5484 1904 5541 educitur.

248 5575 383 5646 Ipse
407 5580 503 5631 est
530 5575 732 5647 utique
777 5573 854 5630 de
893 5585 1022 5647 quo
1073 5588 1179 5647 per
1231 5575 1586 5647 Prophetam
1641 5574 1905 5646 dicitur:

2016 2984 2298 3049 peccator
2327 2992 2451 3033 non
2483 2984 2651 3034 curat
2680 2979 3028 3037 obedienter
3056 2983 3264 3038 audire
3294 2988 3460 3056 quod
3495 2991 3681 3058 audit,

2010 3064 2218 3122 lumbn
2249 3070 2469 3120 sanctae
2502 3067 2944 3137 praedicationis
2994 3070 3270 3126 tenebras
3325 3073 3483 3130 illius
3543 3093 3683 3134 con-

2013 3155 2271 3211 scientiae
2302 3170 2424 3209 non
2458 3155 2716 3226 expellit.
2745 3160 2892 3212 Cum
2919 3172 3058 3213 vero
3085 3159 3336 3227 angelus
3367 3168 3540 3232 astat,
3573 3167 3682 3222 ha-

2011 3244 2343 3301 bitaculum
2367 3244 2623 3299 carceris
2653 3244 2978 3300 illustratur
3014 3265 3026 3313 ;
3055 3248 3200 3319 quia
3228 3263 3368 3303 cum
3397 3253 3686 3322 praedica-

2012 3335 2093 3391 tio
2127 3338 2338 3390 sancta
2368 3347 2403 3387 a
2433 3332 2612 3388 corde
2628 3333 2929 3389 obedien-ti
2960 3335 3269 3408 excipitur,
3300 3341 3467 3394 tanto
3487 3341 3682 3411 magis

2009 3425 2158 3481 illud
2180 3422 2378 3480 reddit
2407 3422 2814 3494 perspicuum,
2848 3430 3078 3496 quanto
3115 3424 3377 3498 amplius
3407 3443 3515 3500 per
3536 3429 3683 3485 obe-

2012 3513 2301 3572 dientiam
2333 3510 2444 3566 sibi
2505 3512 2680 3568 sentit
2725 3514 3164 3586 propinquum.
3222 3518 3384 3570 Tunc
3431 3518 3683 3586 angelus

2011 3620 2134 3660 non
2166 3603 2360 3660 solum
2395 3604 2528 3668 stat,
2562 3602 2668 3658 sed
2699 3603 2880 3659 etiam
2907 3609 3100 3674 astat;
3127 3605 3272 3676 quia
3303 3621 3418 3662 vox
3467 3608 3684 3678 praedi-

2013 3694 2261 3750 cationis
2294 3707 2416 3746 non
2439 3691 2636 3747 solum
2666 3695 2923 3750 exterius
2967 3695 3302 3767 perstrepit,
3353 3696 3457 3751 sed
3504 3698 3684 3754 etiam

2013 3783 2259 3838 interius
2283 3781 2456 3851 juxta
2482 3797 2585 3838 cor
2613 3787 3049 3854 compunctum
3079 3783 3316 3840 assistit.

2084 3876 2277 3928 Potest
2307 3874 2510 3926 tamen
2560 3871 2621 3926 in
2673 3871 2787 3926 hoc
2845 3871 3011 3943 quod
3041 3872 3296 3941 angelus
3342 3873 3402 3928 in
3448 3891 3682 3932 carcere

2013 3961 2264 4019 astitisse
2290 3959 2527 4030 dicitur,
2561 3961 2757 4015 adhuc
2791 3960 2953 4014 aliud
3002 3959 3268 4032 ﬁgurari.
3320 3966 3488 4032 Nam,
3538 3965 3681 4037 quia

2014 4056 2168 4118 stare
2198 4048 2528 4104 laborantis
2540 4053 2628 4104 est
2646 4047 2740 4103 vel
2762 4049 3112 4120 pugnantis,
3136 4049 3280 4122 quid
3303 4066 3410 4123 per
3422 4055 3680 4110 stantem

2014 4140 2317 4212 angelum,
2351 4137 2464 4193 nisi
2489 4138 2661 4194 labor
2677 4137 3040 4210 paenitentiae
3069 4139 3388 4219 signatur?
3420 4143 3679 4213 Angelus

2011 4231 2213 4302 itaque
2236 4232 2469 4284 Petrum
2510 4229 2584 4284 de
2633 4243 2868 4284 carcere
2925 4228 3272 4296 educturus,
3313 4233 3486 4303 juxta
3539 4243 3680 4290 eum

2014 4317 2373 4390 astatzquia
2418 4317 2705 4372 nimirum
2757 4316 3116 4390 praedicator
3171 4326 3547 4392 peccatorem
3600 4323 3679 4379 ad

2013 4419 2305 4479 magnum
2337 4412 2639 4463 certamen
2665 4414 2972 4480 provocat,
3027 4425 3168 4464 cum
3225 4425 3364 4466 eum
3410 4412 3487 4467 ad
3541 4429 3679 4468 con-

2017 4515 2287 4570 gressum
2319 4497 2546 4553 diaboli
2575 4513 2682 4571 per
2705 4497 3066 4569 poenitentiae
3116 4499 3388 4555 laborem
3447 4501 3672 4558 invitat.

2017 4594 2079 4644 In
2105 4603 2227 4662 quo
2255 4587 2541 4644 nimirum
2571 4602 2919 4657 congressu,
2951 4587 3130 4643 etiam
3155 4594 3362 4644 contra
3403 4589 3677 4662 semetip-

2015 4695 2148 4733 sum
2175 4693 2448 4749 pugnare
2476 4676 2871 4748 compellitur,
2899 4693 3036 4733 cum
3069 4681 3281 4733 contra
3339 4678 3674 4734 delectatio-

2014 4782 2120 4822 nes
2150 4772 2532 4838 peccatorum
2563 4781 2700 4837 quae
2732 4781 2794 4820 se
2827 4766 3077 4834 gessisse
3104 4767 3377 4821 meminit
3403 4767 3674 4825 reducta-

2015 4861 2126 4913 tur.
2163 4855 2220 4913 Si
2240 4855 2401 4910 enim
2433 4855 2631 4909 nullus
2651 4854 2710 4909 in
2741 4858 2894 4909 statu
2910 4855 3270 4926 paenitentiae
3296 4854 3468 4909 labor
3499 4861 3670 4924 esset,

2015 4946 2327 5002 Psalmista
2357 4943 2560 5016 utique
2589 4959 2711 4998 non
2742 4943 2985 4998 dixisset
3014 4962 3026 4998 :
3069 4944 3372 4999 Laboravi
3397 4944 3458 4999 in
3490 4947 3673 5014 gemi-

2017 5042 2080 5091 tu
2108 5051 2232 5091 meo
2259 5035 2448 5104 (Psal.
2508 5049 2582 5099 vr,
2605 5034 2678 5102 7).
2715 5037 2777 5088 In
2808 5033 3030 5101 gemitu
3055 5030 3216 5086 enim
3258 5049 3368 5088 suo
3399 5040 3677 5106 peccator

2013 5125 2264 5190 laborat,
2297 5122 2546 5196 quando
2575 5122 2649 5177 de
2677 5121 2849 5176 malis
2878 5135 3015 5193 qua:
3072 5123 3435 5196 perpetravit
3481 5125 3672 5197 paeni-

2017 5215 2210 5271 tentias
2243 5230 2303 5268 se
2334 5213 2541 5269 dolore
2584 5211 2850 5282 castigat.
2911 5212 3024 5268 Sed
3082 5213 3159 5268 ad
3217 5215 3397 5285 hujus
3449 5215 3672 5272 laboris

2016 5319 2406 5372 congressum
2441 5306 2582 5358 tunc
2612 5300 2820 5356 fortius
2852 5301 3180 5373 laboratur,
3207 5305 3457 5376 quando
3487 5306 3540 5361 ei
3569 5321 3676 5378 per

2015 5391 2454 5467 praedicationis
2483 5408 2692 5448 vocem
2722 5392 2927 5462 passio
2971 5391 3379 5465 Redemptoris
3429 5394 3506 5450 ad
3555 5409 3676 5449 me-

2017 5482 2275 5538 moriam
2306 5481 2609 5537 reducitur
2639 5499 2652 5547 ;
2698 5480 2858 5536 unde
2887 5481 3041 5538 bene
3098 5482 3173 5538 de
3218 5483 3434 5553 angelo
3464 5488 3675 5556 typum

2019 5573 2427 5646 pradicatoris
2456 5576 2688 5632 tenente
2713 5569 3098 5644 subiungitur
3125 5589 3139 5627 :
