4018 6176
181 166 277 218 297
1078 149 1481 210 TRACTATUS
1521 148 1588 203 1N
1628 144 1826 201 VERS.
1872 134 1916 198 ι’
1950 146 2101 200 CAP.
2144 147 2232 200 xu
2272 148 2429 203 ACT.
2474 149 2719 206 APOS‘I‘.

3510 166 3620 218 298

177 285 406 341 bonum
427 280 750 347 instruitur,
781 277 1141 335 institutoris
1174 276 1261 332 sui
1289 272 1530 332 monitis
1559 284 1833 326 reveren-
1871 267 1922 321 A
1955 268 2239 325 cumdato
2270 273 2472 326 autem
2501 275 2668 328 Petro
2693 273 3052 331 vestimento
3082 291 3214 345 suo,
3241 280 3449 335 Petrus
3484 297 3624 354 post

181 379 265 430 ter
292 371 561 429 obaudit.
598 370 760 427 Unde
792 374 930 441 post
985 371 1352 441 praceptum
1405 361 1600 432 angeli
1639 358 1842 416 obedi-

181 463 338 519 entia
365 460 517 517 Petri
547 458 933 529 subinfertur,
957 473 1102 512 cum
1129 454 1339 512 dicitur
1373 469 1385 507 :
1432 454 1508 507 Et
1543 451 1689 520 fecit
1736 450 1839 505 sic.

180 552 266 608 Ad
299 567 513 606 vocem
543 549 702 604 enim
731 545 1142 620 pracipientis
1167 542 1358 616 angeli
1387 545 1592 597 Petrus
1640 539 1722 594 sic
1763 537 1846 593 fa-

181 642 275 706 cit,
310 656 451 696 cum
483 638 718 694 auditor
745 635 1132 710 priedicatori
1165 650 1270 689 suo
1317 636 1482 689 tanta
1531 628 1845 686 devotione

180 731 576 802 obtemperat,
605 731 668 782 ut
689 726 768 782 ad
797 723 1222 798 peragendum
1238 721 1401 795 quod
1432 721 1484 777 ei
1513 718 1848 791 injungitur

182 832 384 872 moras
413 815 609 870 nullas
639 815 918 870 innectat.
957 816 1109 870 Cum
1138 827 1273 867 vero
1294 809 1626 867 auditorem
1667 823 1845 863 suum

182 905 556 979 pradicator,
597 919 665 959 ea
689 903 976 975 quajam
1004 900 1230 968 didicit,
1286 899 1547 956 studiose
1602 896 1849 969 implere

185 994 543 1063 considerat,
577 993 767 1062 magis
793 992 1124 1064 magisque
1149 993 1506 1064 provocatur
1535 992 1600 1044 ut
1641 985 1850 1043 omnia

183 1084 262 1140 illi
286 1100 424 1157 qua
456 1082 536 1138 ad
558 1081 986 1155 perfectionem
1020 1081 1252 1136 ducunt
1292 1079 1638 1135 innotescat.
1686 1075 1851 1133 Unde

185 1179 241 1230 et
266 1174 539 1244 sequitur
572 1191 584 1226 :

257 1263 362 1318 XV.
390 1261 565 1316 Dixit
593 1266 787 1316 autem
836 1260 1098 1330 angelus
1155 1259 1234 1315 ad
1288 1274 1417 1315 eum
1448 1274 1469 1313 :
1531 1256 1854 1314 Circumda

188 1351 297 1407 tibi
324 1352 732 1408 vestimentum
765 1355 960 1419 tuum,
993 1356 1052 1404 et
1081 1363 1320 1420 sequere
1347 1364 1456 1404 me.
1493 1345 1666 1413 Quod
1720 1361 1856 1401 ves-

188 1441 504 1497 timentum
535 1439 614 1496 ad
639 1455 878 1512 corpus,
907 1439 1028 1494 hoc
1055 1442 1147 1494 est
1159 1437 1383 1509 justitia
1430 1436 1508 1493 ad
1565 1437 1853 1493 animam.

188 1531 623 1586 Vestimentum
645 1528 802 1584 enim
836 1528 983 1599 tegit
1015 1532 1073 1583 et
1105 1527 1392 1594 calefacit,
1418 1527 1646 1599 justitia
1707 1542 1860 1599 quo-

1951 358 2236 429 angelum
2267 359 2452 428 vadit,
2480 377 2614 416 cum
2650 378 2974 420 conversus
3007 370 3287 438 peccator
3317 369 3401 426 sic
3445 372 3615 428 vesti-

1952 448 2063 517 giis
2091 453 2312 504 sancta
2359 450 2801 522 pradicationis
2856 453 3122 526 inharet,
3172 460 3231 513 et
3285 458 3363 514 ab
3409 458 3618 517 itinere

1947 537 2189 609 justitia
2237 536 2404 593 nullo
2451 537 2799 597 diverticulo
2871 542 3220 601 transitoria
3271 546 3618 604 intentionis

1953 630 2229 686 abstinet.
2250 630 2392 686 Post
2421 630 2957 690 circumdationem
3011 636 3229 693 etenim
3277 639 3618 697 vestimenti

1955 721 2047 776 sui
2077 719 2363 791 angelum
2392 721 2640 778 minime
2673 724 2940 797 sequitur
2959 724 3250 798 quisquis,
3270 734 3406 800 post
3429 731 3618 786 adim-

1956 809 2280 882 pletionem
2311 809 2458 866 boni
2482 813 2698 884 operis,
2732 813 2794 867 in
2853 831 2915 869 se
2970 819 3026 870 et
3072 831 3196 872 non
3247 815 3309 872 in
3360 819 3614 875 Domino

1957 899 2261 970 gloriatur.
2297 903 2492 971 Longe
2522 903 2746 976 quippe
2773 909 3170 962 aconsectatu
3193 907 3282 961 sui
3301 907 3497 977 angeli
3511 909 3614 963 de-

1957 991 2078 1047 viat
2093 991 2218 1064 qui,
2238 1006 2346 1063 per
2359 991 2589 1048 bonum
2610 994 2778 1066 quod
2808 995 2950 1065 agit,
2975 995 3138 1052 aliud
3163 996 3415 1053 intendit
3433 1014 3620 1070 quam

1959 1084 2048 1136 est
2075 1078 2225 1134 illud
2254 1080 2420 1153 quod
2446 1080 2825 1151 singulariter
2855 1085 3265 1157 appetendum
3287 1103 3359 1142 ex
3380 1102 3482 1143 ore
3532 1086 3623 1142 sui

1959 1167 2368 1242 pradicatoris
2395 1169 2639 1226 audivit.
2671 1173 3014 1244 Opportune
3036 1174 3213 1243 igitur
3241 1175 3490 1246 angelus
3520 1179 3624 1232 Pe-

1961 1262 2122 1314 trum
2152 1262 2218 1314 ut
2247 1264 2594 1331 sequeretur
2624 1259 2958 1330 admonuit,
2982 1263 3127 1335 quia
3144 1280 3342 1321 sermo
3362 1265 3620 1334 divinus,

1963 1352 2295 1420 postquam
2322 1347 2397 1403 de
2429 1348 2712 1404 omnibus
2737 1367 2873 1423 qua
2903 1351 3199 1423 pertinent
3226 1353 3305 1408 ad
3353 1357 3625 1409 nostram

1966 1440 2222 1494 salutem
2251 1437 2508 1508 instruit,
2541 1439 2722 1495 etiam
2759 1440 3012 1514 qualiter
3042 1442 3376 1515 appetitum
3426 1443 3624 1499 inanis

1967 1525 2170 1597 gloria
2200 1526 2499 1598 praeterire
2525 1527 2858 1584 debeamus
2889 1530 3167 1586 ostendit.
3204 1531 3317 1589 Sed
3364 1549 3503 1588 cum
3555 1549 3627 1588 ea

187 1635 307 1692 que
333 1619 415 1674 ab
443 1619 646 1676 anima
689 1623 744 1674 et
769 1618 963 1689 frigus
1023 1616 1260 1673 malitia
1306 1616 1562 1690 expellit,
1615 1620 1672 1672 et
1721 1631 1857 1689 qua
1897 1627 1938 1681 Β
1967 1632 2103 1689 qua
2135 1619 2371 1672 Petrum
2400 1616 2593 1673 facere
2615 1617 2864 1688 angelus
2885 1620 3119 1676 monuit
3148 1620 3228 1676 ad
3251 1625 3482 1679 tantam
3499 1639 3629 1696 per-

189 1709 250 1764 in
280 1724 352 1764 ea
375 1723 484 1782 per
512 1711 827 1780 peccatum
869 1710 1018 1761 sunt
1047 1705 1330 1770 verenda,
1373 1705 1577 1761 divino
1629 1704 1858 1776 judicio

190 1796 526 1854 abscondit.
557 1796 612 1853 Si
635 1796 802 1851 enim
831 1794 1069 1851 malitia
1097 1794 1285 1865 frigus
1336 1811 1459 1850 non
1508 1799 1687 1867 esset,
1726 1811 1862 1868 pro-

191 1887 378 1961 pheta
406 1887 602 1960 utique
628 1886 740 1941 sub
767 1885 995 1942 Judaa
1024 1901 1218 1958 specie
1248 1885 1323 1942 de
1348 1889 1548 1942 mente
1600 1885 1862 1959 reproba

191 1993 326 2034 non
354 1977 590 2032 dixisset
618 1994 630 2031 :
666 1976 987 2047 Frigidam
1013 1977 1166 2045 facit
1193 1978 1453 2033 cisterna
1482 1991 1728 2048 aquam,
1777 1976 1862 2031 sic

190 2066 483 2137 frigidam
509 2066 648 2134 fecit
676 2065 980 2122 malitiam
1011 2080 1180 2121 suam
1211 2068 1276 2120 Et
1298 2081 1540 2122 rursum
1592 2065 1642 2120 si
1686 2063 1862 2135 justi-

193 2155 275 2211 tia
301 2155 718 2210 vestimentum
748 2169 876 2209 non
905 2158 1080 2219 esset,
1114 2153 1424 2211 Psalmista
1476 2155 1687 2228 utique
1739 2169 1864 2210 non

192 2245 438 2300 dixisset
471 2262 483 2298 :
515 2244 862 2300 Sacerdotes
895 2243 988 2298 tui
1020 2243 1355 2299 induantur
1370 2246 1704 2314 justitiam.
1747 2247 1863 2300 Nos

192 2334 421 2407 quippe
446 2333 782 2389 sacerdotes
833 2331 1072 2388 Domini
1113 2349 1345 2402 sumus,
1395 2335 1540 2407 quia
1584 2333 1866 2390 membra

194 2423 420 2480 summi
449 2423 770 2480 sacerdotis
801 2421 1168 2489 exsistimus,
1200 2427 1257 2478 et
1291 2439 1398 2496 per
1447 2422 1864 2481 mortiﬁcatio-

192 2531 335 2571 nem
367 2514 567 2570 carnis
587 2530 698 2570 nos
722 2513 886 2587 ipsos
917 2512 1181 2569 hostiam
1210 2513 1407 2570 vivam
1462 2513 1720 2571 Domino
1758 2512 1868 2568 im-

191 2604 518 2661 molamus.
559 2603 669 2670 Qui
699 2602 984 2658 nimirum
1013 2607 1151 2658 tunc
1176 2603 1444 2658 veracius
1487 2600 1728 2674 justitia
1783 2599 1870 2654 in-

191 2693 441 2750 duimur
473 2709 610 2749 cum
641 2692 804 2748 nulla
832 2708 969 2765 qua
997 2695 1136 2746 sunt
1177 2691 1452 2748 facienda
1507 2693 1868 2765 praetermit-

194 2783 402 2840 timus.
435 2782 601 2839 Unde
625 2782 721 2837 hic
748 2798 992 2855 quoque
1022 2780 1357 2837 notandum
1386 2786 1475 2837 est
1489 2779 1666 2855 quod
1692 2794 1871 2850 ange-

191 2874 285 2929 lus
317 2877 488 2929 Petro
511 2887 900 2946 nequaquam
923 2870 1006 2926 ait
1029 2871 1213 2927 :Vesti
1231 2873 1647 2928 vestimentum
1680 2875 1870 2940 tuum,

197 2963 302 3021 sed
335 2963 662 3019 Circumda
694 2963 1105 3018 vestimentum
1137 2967 1322 3016 tuum.
1359 2961 1504 3017 Fieri
1543 2958 1714 3016 enim
1771 2974 1876 3030 po-

195 3058 307 3109 test
335 3053 398 3108 in
431 3051 635 3126 aliquo
667 3067 877 3122 genere
897 3050 1236 3106 vestimenti
1293 3050 1340 3107 si
1392 3067 1464 3107 ex
1521 3064 1654 3106 una
1702 3053 1872 3120 parte

195 3150 500 3215 tegamur,
531 3147 597 3197 ut
627 3158 700 3198 ex
715 3146 879 3214 parte
896 3140 1013 3197 alia
1035 3140 1233 3196 intecti
1247 3140 1582 3198 videamur.
1613 3139 1872 3204 Quando

197 3239 404 3291 autem
435 3231 518 3288 sic
549 3231 833 3288 vestimur
862 3236 927 3286 ut
955 3229 1120 3286 nulla
1142 3247 1212 3286 ex
1247 3235 1414 3303 parte
1458 3229 1613 3287 nudi
1671 3245 1871 3287 rema-

196 3340 483 3393 neamus,
514 3321 654 3378 hinc
679 3338 800 3378 non
827 3325 1063 3378 tantum
1092 3320 1444 3378 vestimento
1483 3319 1708 3391 vestiti,
1770 3322 1876 3378 sed

201 3415 386 3471 etiam
416 3412 771 3470 circumdati
801 3427 1034 3467 sumus.
1063 3409 1174 3476 Qui
1216 3411 1393 3481 igitur
1445 3412 1527 3468 sic
1587 3411 1876 3484 quadam

200 3503 371 3560 bona
400 3503 527 3574 agit
564 3505 628 3557 ut
655 3501 773 3558 alia
792 3501 1075 3573 negligat,
1103 3503 1160 3555 et
1191 3515 1261 3555 ex
1282 3505 1450 3574 parte
1476 3499 1726 3557 vestitus
1787 3506 1880 3558 est

205 3599 262 3649 et
292 3609 369 3648 ex
399 3596 570 3666 parte
591 3591 792 3647 nudus
827 3609 842 3658 ;
872 3591 1018 3663 quia
1047 3589 1312 3662 profecto
1338 3607 1473 3648 eam
1501 3594 1741 3665 partem
1787 3592 1880 3648 sui

204 3682 500 3738 intectam
528 3679 824 3752 relinquit,
855 3694 1047 3752 quam
1076 3677 1408 3736 velamento
1447 3680 1692 3751 justitia
1740 3697 1880 3754 ope-

205 3773 328 3829 rire
357 3770 636 3844 neglexit.
679 3774 847 3826 Petro
904 3770 1105 3842 itaque
1160 3768 1234 3824 de
1287 3786 1525 3827 carcere
1564 3770 1880 3828 educendo

208 3861 561 3936 pracipitur
587 3866 652 3916 ut
679 3860 1102 3917 vestimentum
1132 3875 1308 3915 suum
1339 3860 1453 3916 sibi
1501 3860 1832 3918 circumdet
1865 3880 1878 3930 ;

212 3951 368 4024 quia
393 3950 672 4007 nimirum
703 3966 946 4007 necesse
976 3952 1064 4005 est
1092 3954 1156 4004 ut
1179 3950 1281 4022 qui
1300 3949 1557 4024 perfecte
1589 3967 1625 4007 a
1646 3967 1882 4008 carcere

215 4044 602 4114 peccatorum
630 4040 788 4096 exire
814 4039 1134 4110 desiderat,
1162 4039 1244 4095 sic
1275 4055 1336 4096 se
1392 4041 1660 4114 undique
1711 4041 1885 4098 vesti-

215 4134 430 4186 mento
449 4130 685 4200 justitia
719 4131 1111 4199 circumtegat
1145 4133 1207 4184 ut
1228 4129 1394 4185 nulla
1422 4146 1559 4202 qua
1611 4131 1690 4186 ad
1744 4147 1884 4187 eum

215 4220 522 4294 pertinent
540 4219 965 4292 pratermittat.
996 4218 1111 4275 Sed
1125 4235 1259 4275 ecce
1278 4235 1586 4276 carcerem
1602 4221 1738 4292 jam
1761 4237 1885 4293 quo

216 4310 558 4379 tenebatur,
589 4309 835 4365 adstans
879 4308 1128 4379 angelus
1180 4308 1515 4381 illustravit,
1578 4309 1726 4383 quia
1783 4310 1888 4366 lux
1923 4336 1968 4390 ο

217 4404 446 4455 sancta
519 4397 957 4470 pradicationis
1017 4396 1078 4452 in
1137 4397 1501 4455 conscientia
1557 4400 1890 4472 peccatoris

216 4487 485 4544 emicuit.
515 4487 800 4556 Eccejam
819 4487 1092 4555 surrexit,
1115 4486 1259 4560 quia
1289 4491 1542 4544 stratum
1578 4489 1809 4560 peccati
1828 4489 1894 4546 in

216 4594 344 4651 quo
369 4575 616 4649 jacebat
643 4575 908 4647 reliquit;
940 4592 1075 4632 ecce
1101 4576 1230 4647 jam
1275 4576 1516 4633 lumbos
1561 4578 1892 4651 pracinxit,

216 4667 366 4741 quia
385 4665 639 4721 luxuria
671 4665 834 4721 ﬂuxa
862 4665 1161 4721 restrinxit
1195 4685 1207 4721 :
1242 4682 1380 4722 ecce
1405 4667 1532 4737 jam
1563 4683 1625 4723 se
1660 4667 1894 4738 calciat,

213 4758 364 4830 quia
390 4753 684 4826 exemplis
717 4754 962 4810 Patrum
993 4771 1230 4826 gressus
1283 4773 1592 4812 sacrorum
1641 4773 1896 4830 operum

219 4843 652 4914 communivit;
673 4859 808 4900 ecce
830 4845 961 4915 jam
982 4845 1404 4900 vestimentum
1435 4862 1614 4902 suum
1642 4846 1756 4902 sibi
1791 4847 1897 4902 cir-

219 4934 557 5001 cumdedit,
589 4935 734 5006 quia
762 4933 928 4990 nulla
947 4950 1083 5006 qua.
1107 4933 1314 4990 didicit
1327 4936 1723 5007 pratermisit.
1753 4936 1897 5002 Quis

215 5027 348 5098 jam
375 5023 764 5097 imperfectus
793 5040 921 5080 esse
952 5023 1288 5081 censendus
1337 5029 1444 5095 est,
1505 5025 1611 5098 qui
1667 5030 1901 5081 tantum

221 5114 532 5191 profecit?
565 5114 678 5171 Sed
706 5114 846 5170 huic
891 5113 1106 5185 angelo
1163 5113 1362 5169 adhuc
1410 5130 1519 5171 nec
1564 5115 1682 5172 ista
1739 5113 1901 5170 sufﬁ-

223 5207 389 5262 ciunt
419 5223 432 5258 :
465 5203 666 5260 adhuc
696 5203 892 5270 instat,
945 5203 1146 5259 adhuc
1169 5219 1304 5276 qua
1340 5203 1504 5260 novit
1559 5220 1898 5278 superesse,

222 5294 492 5352 inculcat
519 5311 532 5362 ;
564 5298 631 5350 ut
659 5309 798 5350 eum
829 5309 1011 5366 quem
1040 5292 1422 5349 liberandum
1453 5293 1734 5368 suscepit,
1797 5297 1904 5350 aut

222 5384 610 5441 obedientem
641 5383 898 5456 perfecte
938 5382 1210 5456 excipiat,
1246 5387 1350 5438 aut
1393 5383 1441 5438 si
1500 5383 1744 5439 obedire
1798 5397 1903 5438 ne-

226 5472 500 5544 glexerit,
532 5472 610 5528 ab
641 5473 796 5528 illius
831 5471 1222 5529 damnatione
1255 5487 1317 5527 se
1372 5471 1710 5529 immunem
1766 5471 1903 5528 red-

227 5561 530 5619 dat.Unde
543 5578 680 5618 cum
693 5563 964 5618 dixisset:
983 5562 1308 5620 Circumda
1333 5563 1442 5617 tibi
1473 5565 1905 5631 vestimentum,

232 5659 402 5710 tuum
433 5651 708 5727 protinus
728 5652 967 5710 intitulit
995 5654 1200 5710 dicens
1229 5670 1242 5706 :
1274 5653 1354 5709 Et
1380 5667 1623 5725 sequere
1641 5668 1751 5709 me.
1785 5651 1907 5710 Cir-

525 5743 770 5799 ΡΑπιοι..
812 5736 984 5800 CXLI.

1969 1706 2286 1763 fectionem
2316 1706 2673 1779 pertineant,
2707 1708 2921 1780 quarit
2945 1709 3199 1766 fortasse
3230 1711 3446 1785 aliquis
3475 1729 3625 1786 quo-

1969 1796 2155 1852 modo
2212 1797 2510 1869 peccatori
2555 1796 2754 1853 adhuc
2807 1802 3040 1854 retruso
3097 1799 3159 1854 in
3214 1817 3449 1857 carcere
3499 1802 3627 1858 hac

1971 1890 2145 1942 tanta
2166 1885 2546 1960 perfectionis
2572 1886 2840 1943 instituta
2857 1888 3219 1945 conveniant
3238 1891 3264 1945 ?
3285 1891 3454 1957 Quod
3472 1897 3628 1948 recte

1972 1975 2220 2033 forsitan
2273 1981 2660 2050 quareretur,
2715 1977 2762 2032 si
2819 1994 2933 2034 nos
2989 1979 3173 2036 modo
3212 1997 3530 2052 ageremus
3555 1982 3629 2038 de

1972 2069 2284 2138 peccatore
2315 2065 2515 2122 adhuc
2534 2065 2597 2121 in
2627 2066 2857 2138 peccati
2888 2067 2983 2123 sui
3009 2084 3244 2125 carcere
3275 2070 3628 2138 dormiente,

1974 2157 2032 2210 et
2051 2153 2266 2235 nonde
2288 2153 2386 2210 illo
2417 2153 2618 2227 potius
2650 2154 2823 2226 cujus
2847 2155 2978 2226 jam
3029 2173 3329 2215 carcerem
3378 2159 3629 2230 angelus

1973 2243 2303 2312 illustravit,
2339 2259 2522 2317 quem
2545 2244 2676 2315 jam
2707 2244 2994 2301 Dominus
3015 2263 3122 2320 per
3151 2249 3631 2322 compunctionis

1977 2333 2254 2406 spiritum
2278 2332 2572 2390 excitavit.
2601 2332 2705 2389 Cui
2735 2339 2890 2390 certe
2921 2341 3100 2391 omne
3121 2338 3289 2409 quod
3310 2338 3384 2394 de
3411 2338 3633 2411 perfec-

1975 2423 2132 2479 tione
2164 2421 2399 2489 dicitur,
2431 2426 2597 2478 tanto
2623 2421 2822 2477 verius
2852 2423 3145 2494 congruit,
3168 2431 3396 2498 quanto
3421 2427 3548 2500 ipse
3571 2443 3632 2482 se

1976 2512 2252 2570 devotius
2285 2527 2393 2584 per
2421 2511 2768 2584 oppositum
2799 2513 3192 2570 confessionis
3217 2517 3490 2586 accingit.
3538 2520 3635 2572 Pe-

1979 2600 2341 2672 trusitaque,
2369 2599 2569 2656 adhuc
2615 2599 2677 2654 in
2708 2600 2982 2673 captione
3029 2603 3280 2674 positus,
3335 2611 3635 2678 pracepta

1979 2690 2270 2747 libertatis
2299 2688 2533 2763 accipit,
2563 2689 2708 2763 quia
2736 2695 3016 2764 peccator
3047 2697 3185 2748 tunc
3208 2693 3389 2749 etiam
3417 2709 3524 2766 per
3567 2711 3635 2749 os

1979 2779 2386 2855 pradicatoris
2417 2795 2674 2853 quaque
2701 2778 2809 2835 sibi
2843 2781 3080 2851 agenda
3109 2783 3434 2856 cognoscit,
3499 2799 3638 2839 cum

1983 2871 2180 2928 adhuc
2229 2885 2336 2943 per
2384 2868 2651 2942 aliquam
2703 2870 2920 2926 mentis
2978 2871 3344 2928 debilitatem
3399 2873 3460 2928 in
3515 2889 3640 2928 sua

1913 2983 1954 3040 ρ
1984 2959 2359 3018 conscientia
2383 2958 2623 3014 latebris
2643 2957 2950 3016 delitescit.
2977 2962 3090 3019 Sed
3107 2963 3234 3034 jam
3257 2962 3499 3018 tandem
3515 2979 3639 3018 om-

1981 3067 2124 3107 nem
2151 3048 2385 3104 nodum
2411 3046 2731 3103 debilitatis
2781 3047 3124 3122 abrumpat,
3171 3052 3302 3122 jam
3359 3051 3642 3122 angelum

1984 3139 2422 3215 praecedentem
2450 3142 2754 3211 sequatur,
2781 3139 2910 3209 jam
2940 3146 3240 3214 pracepta
3267 3141 3644 3214 perfectionis

1983 3246 2109 3286 non
2139 3245 2201 3284 se
2235 3228 2450 3284 frustra
2478 3226 2721 3283 audisse
2748 3231 3009 3284 testetur.
3039 3229 3192 3295 Quid
3223 3230 3422 3286 adhuc
3439 3230 3500 3285 in
3517 3246 3643 3286 car-

1986 3335 2119 3376 cere
2167 3317 2326 3385 facit,
2382 3315 2461 3372 ad
2515 3332 2698 3389 quem
2750 3315 3132 3374 liberandum
3176 3318 3304 3389 jam
3361 3319 3645 3388 angelum

1989 3424 2171 3464 suum
2201 3405 2492 3463 Dominus
2517 3405 2732 3461 misit?

2060 3500 2190 3553 XVI.
2223 3495 2499 3569 Sequitur
2531 3513 2542 3550 :
2577 3496 2655 3551 Et
2689 3495 2890 3553 exiens
2910 3497 3269 3569 sequebatur
3297 3512 3450 3567 eum,
3479 3503 3534 3554 et
3554 3513 3649 3554 ne-

1988 3587 2208 3644 sciebat
2239 3587 2382 3660 quia
2410 3601 2616 3642 verum
2639 3590 2723 3640 est
2752 3585 2912 3656 quod
2933 3586 3117 3655 ﬁebat
3150 3601 3266 3656 per
3317 3587 3600 3658 angelum
3623 3601 3650 3658 ,'

1992 3676 2371 3734 existimabat
2402 3680 2598 3731 autem
2625 3691 2686 3730 se
2715 3676 2902 3730 visum
2954 3676 3172 3732 videre.
3223 3678 3406 3732 Tanta
3461 3676 3652 3732 fuerat

1993 3765 2268 3822 custodia
2293 3764 2748 3836 circumseptus,
2777 3767 2843 3819 ut
2879 3764 3078 3820 visum
3126 3781 3188 3820 se
3241 3765 3442 3821 videre
3493 3767 3651 3822 asti-

1993 3858 2207 3926 maret,
2239 3853 2420 3909 etiam
2452 3868 2591 3908 cum
2622 3867 2763 3906 eum
2791 3850 2853 3906 in
2885 3852 3128 3908 veritate
3158 3851 3406 3920 angelus
3435 3853 3652 3909 libera-

1994 3949 2102 4000 ret.
2132 3943 2288 4001 Solet
2317 3943 2476 3997 enim
2501 3941 2564 3996 in
2595 3939 2800 3996 animo
2824 3940 3115 4006 humano,
3137 3955 3210 3994 ex
3233 3941 3654 3998 consideratio-

1995 4051 2073 4091 ne
2102 4032 2412 4108 praterita
2438 4028 2854 4088 tribulationis.
2876 4029 2987 4086 ista
3012 4028 3377 4086 liberationis
3424 4031 3656 4086 hasita-

1997 4125 2080 4182 tio
2103 4121 2372 4194 generari
2405 4140 2419 4190 ;
2437 4119 2580 4194 quia
2601 4135 2740 4175 cum
2767 4118 3232 4176 immensitatem
3253 4119 3656 4192 periculorum

1999 4227 2106 4286 per
2137 4228 2324 4285 quam
2357 4209 2629 4267 transivit
2657 4207 3074 4280 reminiscitur,
3123 4210 3434 4282 quomodo
3490 4215 3661 4285 potu-

2007 4302 2116 4358 erit
2138 4301 2413 4367 evadere,
2435 4299 2600 4372 apud
2631 4314 2691 4354 se
2717 4297 2844 4371 ipse
2875 4299 3050 4372 quasi
3093 4298 3428 4357 dubitando
3481 4302 3661 4358 mira-

2004 4394 2121 4445 tur.
2157 4388 2322 4444 Unde
2348 4393 2435 4444 est
2471 4387 2572 4444 illa
2622 4403 2741 4444 vox
2791 4391 3108 4445 beatorum
3163 4393 3499 4462 martyrum
3556 4406 3663 4464 per

2005 4478 2383 4534 Psalmistam
2445 4477 2770 4534 dicentium
2813 4495 2826 4532 :
2883 4478 3225 4534 Torrentem
3265 4481 3664 4548 pertransivit

2008 4569 2213 4626 anima
2243 4574 2469 4631 nostra,
2495 4569 2760 4638 forsitan
2778 4567 3205 4637 pertransisset
3222 4570 3425 4623 anima
3455 4573 3662 4624 nostra

2009 4673 2229 4731 aquam
2250 4657 2712 4716 intolerabilem.
2741 4660 2870 4713 Non
2892 4657 3051 4712 enim
3073 4655 3292 4712 idcirco
3313 4655 3526 4712 dicitur
3538 4659 3663 4727 for-

2010 4750 2169 4806 sitan
2198 4749 2374 4822 quasi
2396 4765 2533 4804 vere
2563 4747 2638 4804 de
2669 4763 2778 4804 sua
2806 4746 3156 4803 liberatione
3185 4745 3460 4803 dubitent
3492 4765 3504 4815 ;
3537 4748 3664 4816 sed,

2010 4837 2193 4894 verbo
2247 4837 2636 4894 haesitationis
2685 4835 2840 4892 illius
2895 4851 3002 4908 per
3037 4849 3225 4907 quam
3279 4835 3664 4906 transierunt,

2013 4927 2338 4997 insinuant,
2365 4925 2531 5001 quod
2556 4925 2711 4982 bene
2732 4925 2911 4982 etiam
2950 4923 3234 4996 mysterio
3285 4923 3666 4994 signiﬁcatio-

2014 5017 2107 5073 nis
2138 5019 2469 5090 cooptatur.
2489 5019 2637 5071 Nam
2669 5015 2814 5087 quia
2835 5013 2896 5069 in
2939 5011 3034 5068 die
3095 5011 3250 5068 clare
3279 5012 3574 5081 videmus,
3608 5013 3670 5070 in

2015 5111 2188 5164 nocte
2233 5122 2376 5162 vero
2434 5103 2549 5160 sub
2605 5103 2739 5159 visu
2787 5101 2972 5157 dubio
3016 5099 3367 5171 caligamus,
3399 5102 3546 5176 quid
3565 5121 3673 5178 per

2014 5196 2306 5253 visionem
2336 5193 2605 5250 divinam
2630 5191 2744 5248 nisi
2774 5189 3090 5246 manifesta
3119 5191 3357 5263 veritas,
3399 5193 3548 5267 quid
3566 5211 3674 5268 per

2018 5289 2397 5351 nocturnam,
2431 5281 2546 5338 nisi
2566 5279 2755 5336 dubia
2780 5279 3132 5349 designatur
3160 5283 3187 5336 ?
3219 5285 3282 5338 In
3321 5282 3416 5338 die
3474 5283 3673 5358 itaque

2018 5390 2143 5431 non
2173 5372 2470 5427 immerito
2497 5372 2625 5441 jam
2656 5385 2784 5425 esse
2815 5368 3095 5425 dicuntur
3118 5371 3243 5444 qui,
3275 5377 3505 5430 remota
3549 5391 3675 5430 om-

2020 5466 2114 5522 nis
2138 5460 2535 5534 corruptionis
2553 5459 2825 5530 caligine,
2845 5458 3169 5516 claritatcm
3183 5461 3678 5520 veritatisincom-

2023 5551 2386 5610 mutabiliter
2413 5553 2790 5606 contuentur.
2825 5553 2960 5618 Nos,
2992 5549 3097 5622 qui
3144 5551 3340 5606 adhuc
3392 5553 3452 5607 in
3497 5553 3677 5623 hujus

2027 5643 2218 5703 exsilii
2235 5641 2497 5701 cacitate
2509 5640 2868 5713 detinemur,
2885 5639 3034 5697 sicut
3049 5638 3269 5698 scilicet
3291 5656 3366 5698 ea:
3382 5648 3559 5712 parte
3573 5643 3678 5698 sci-

3146 5734 3210 5785 10
