3996 6176
424 194 529 249 299

1491 188 1547 244 S.
1590 184 1928 243 FULBERTI
1964 173 2445 236 CARNOTENSIS
2480 172 2793 231 EPISCOPI

3750 172 3856 226 ἕω

428 334 555 371 mus
580 324 633 371 et
664 332 738 371 ex
762 320 937 385 parte
964 312 1415 382 pi-Ophelamus,
1444 312 1527 367 sic
1578 306 1757 367 etiam
1801 325 1873 364 ex
1916 309 2084 380 parte
2118 304 2165 356 Α
2196 299 2452 368 peccatis
2480 300 2673 356 hostia
2699 297 2904 368 (Hebr,
2929 312 2988 362 x,
3018 295 3127 367 26).
3162 292 3318 385 Quid
3336 292 3500 349 enim
3522 295 3616 385 est
3642 294 3859 385 uolun-

428 406 723 460 videmus.
760 402 909 467 Quia
940 401 1045 457 etsi
1072 402 1201 472 jam
1229 400 1506 457 videmus
1526 415 1634 473 per
1676 398 1881 466 ﬁdem,
1928 410 2082 451 non-

2198 390 2353 445 tarie
2362 403 2636 458 peccare,
2660 387 2777 443 nisi
2804 384 3097 460 peccandi
3151 383 3523 440 voluntatem
3575 380 3800 439 habere
3829 384 3857 438 ?

426 493 573 548 dum
600 499 804 548 tamen
830 506 938 563 per
969 470 1250 563 speciem.
1282 492 1389 547 Per
1417 470 1603 563 quam
1634 487 1908 544 videlicet
1944 484 2085 540 ﬁdei
2197 477 2339 543 Qua'.
2368 476 2642 534 videlicet
2661 475 2953 550 peccandi
2997 474 3278 563 voluntas
3327 486 3435 563 per

422 582 713 636 visionem
736 580 817 635 sic
842 581 972 652 jam
1000 580 1063 636 in
1092 594 1197 653 spe
1224 579 1296 636 de
1328 585 1535 636 nostra
1556 578 1907 634 liberatione
1934 589 2083 644 gau-

423 670 657 741 demus,
688 676 755 726 ut
780 674 1002 737 tamen,
1028 670 1102 725 de
1130 669 1360 726 occulta
1390 683 1570 741 super
1590 684 1701 724 nos
1740 664 1953 722 interni
1989 665 2082 735 ju-

422 758 569 814 dicis
592 759 981 831 dispositione
999 759 1227 815 solliciti
1238 758 1671 828 ,liberationem
1684 761 1956 812 nostram
1970 752 2083 808 cla-

421 864 482 903 re
503 848 847 921 conspicere
870 864 992 903 non
1018 849 1342 921 possimus.
1368 851 1537 920 Nam,
1564 852 1630 902 ut
1651 845 1939 917 scriptum
1960 846 2047 899 est
2067 859 2078 896 :

423 939 634 993 Omnia
655 938 1008 1008 infularum
1025 944 1347 995 servantur
1358 939 1608 1005 incerta,
1627 942 1683 993 et
1706 936 1889 992 nescit
1911 935 2082 990 homo

420 1034 623 1083 utrum
659 1041 860 1083 umore
890 1042 969 1082 an
1010 1028 1143 1082 odio
1168 1028 1386 1098 dignus
1423 1027 1517 1082 sit.
1549 1029 1752 1081 Petrus
1781 1026 2002 1098 itaque,
2027 1026 2083 1078 et

420 1133 558 1172 cum
577 1132 650 1171 an
660 1116 859 1185 gelum
886 1116 1176 1189 sequitur,
1202 1116 1398 1171 visum
1422 1131 1483 1171 se
1504 1114 1705 1171 videre
1723 1113 2043 1170 arbitratur
2065 1130 2078 1181 ;

420 1206 563 1279 quia
586 1210 864 1278 peccator
896 1221 1220 1261 conversus
1246 1206 1357 1261 etsi
1374 1206 1503 1276 jam
1552 1216 1851 1260 carcerem
1878 1201 2077 1273 exivit,

419 1295 561 1367 quia
592 1294 802 1366 culpas
834 1310 975 1349 suas
1004 1293 1245 1364 detexit,
1278 1294 1384 1350 etsi
1411 1294 1541 1366 jam
1570 1293 1856 1364 angelum
1880 1291 2078 1364 sequi-

417 1390 532 1456 tur,
551 1384 694 1456 quia
714 1383 875 1439 bona
902 1399 1037 1456 quze
1060 1399 1167 1456 per
1194 1384 1649 1457 praedicatorem
1684 1382 1889 1439 didicit
1941 1397 2080 1455 ope-

416 1479 581 1530 ratur
602 1492 613 1528 :
634 1479 864 1541 oportet
892 1478 1093 1529 tamen
1116 1480 1180 1529 ut
1204 1488 1414 1529 omnes
1434 1474 1813 1546 profectuum
1830 1488 2076 1528 suorum

418 1563 641 1633 gradus
672 1563 843 1636 quasi
869 1563 1163 1619 visionem
1180 1568 1538 1619 nocturnam
1556 1562 1880 1631 existimet;
1911 1561 2075 1635 quia,

2193 566 2501 637 praesentis
2530 565 2816 639 temporis
2847 568 3107 620 notatur.
3142 562 3259 620 Sed
3289 560 3343 617 ei
3388 562 3493 635 qui
3523 559 3855 616 voluntarie

2192 670 2451 728 peccans
2483 661 2594 723 est,
2620 655 2683 712 id
2704 660 2811 723 est,
2839 655 2933 711 cui
2963 651 3259 727 peccandi
3287 650 3567 707 voluntas
3618 666 3857 723 semper

2192 743 2253 799 in
2278 745 2557 818 praesenti
2585 749 2693 812 est,
2718 760 2827 817 pro
2853 743 3115 817 peccatis
3145 740 3341 798 hostia
3389 755 3514 796 non
3568 738 3854 812 relinqui-

2192 836 2325 903 tur;
2366 834 2509 908 quia
2538 849 2645 907 per
2666 833 3035 891 oblationem
3068 830 3336 905 corporis
3362 828 3573 887 Christi
3593 829 3854 903 peccatis

2193 924 2323 995 ejus
2354 923 2653 980 medicina
2675 923 2842 980 nulla
2871 922 3189 979 confertur.
3220 924 3365 977 Item
3388 934 3467 975 ne
3494 934 3604 992 per
3658 919 3854 993 pudo-

2191 1028 2320 1069 rem
2350 1013 2747 1070 confessionis
2777 1016 3023 1086 peccata
3053 1027 3163 1068 sua
3190 1013 3471 1083 peccator
3492 1008 3850 1080 abscondat,

2186 1102 2513 1160 sententias
2538 1102 2621 1159 illi
2646 1119 2724 1159 ex
2766 1100 3079 1175 Scripturis
3132 1098 3493 1173 praedicator
3534 1102 3849 1172 opponat:

2189 1195 2332 1263 Fili,
2389 1210 2463 1251 ne
2516 1194 2911 1263 confundaris
2962 1191 3235 1261 conﬁteri
3287 1194 3535 1259 peccata
3584 1194 3717 1258 tua,
3768 1194 3853 1245 est

2192 1283 2346 1341 enim
2368 1285 2637 1354 confusio
2664 1283 2968 1339 adducens
2994 1286 3329 1351 peccatum,
3363 1284 3418 1335 et
3448 1283 3532 1335 est
3572 1279 3849 1348 confusio

2191 1373 2493 1430 adducens
2523 1374 2822 1444 gloriam;
2846 1374 2914 1427 Et
2942 1371 3159 1427 iterum
3186 1386 3200 1425 :
3232 1368 3351 1436 Qui
3378 1368 3690 1425 abscondit
3737 1383 3852 1425 see-

2193 1463 2319 1519 lera
2344 1478 2474 1530 sua,
2505 1478 2626 1518 non
2644 1461 2947 1532 dirigetur
2972 1474 2997 1531 ,'
3021 1460 3128 1531 qui
3153 1463 3354 1516 autem
3384 1458 3689 1527 confessus
3724 1458 3851 1527 fue-

2189 1553 2270 1608 rit
2298 1558 2354 1609 et
2398 1552 2715 1623 reliquerit
2760 1565 2850 1620 ea,
2908 1547 3384 1605 misericordiam
3436 1553 3849 1618 consequetur.

418 1653 527 1708 etsi
554 1653 685 1725 ipse
713 1652 842 1723 jam
877 1653 1077 1725 utique
1104 1652 1263 1708 videt
1287 1650 1455 1725 quod
1486 1656 1645 1722 agat,
1682 1656 1876 1708 utrum
1899 1651 1962 1707 in
1984 1650 2077 1706 his
2116 1660 2159 1715 Β
2186 1644 2256 1699 Et
2282 1640 2595 1699 Ρεᾶὶωἱεῐθε
2619 1658 2639 1697 ε
2673 1640 2899 1697 Revela
2922 1639 3174 1695 Domino
3203 1638 3368 1695 viam
3397 1642 3584 1705 main,
3602 1642 3664 1693 et
3676 1650 3853 1707 ῳενα

413 1747 617 1798 tamen
640 1746 1132 1814 perseveraturus
1163 1741 1256 1812 sit,
1293 1742 1388 1797 vel
1414 1740 1491 1798 ab
1538 1740 1775 1797 interno
1826 1740 2078 1814 qualiter

415 1832 761 1897 aestimetur,
790 1830 1047 1901 ignorat.

484 1922 638 1977 XVII.
674 1921 994 1993 Sequitur:
1039 1920 1436 1977 Transeuntes
1466 1926 1663 1977 autem
1714 1921 1973 1991 primum
2022 1927 2074 1978 et

412 2011 732 2067 secundam
752 2011 1104 2079 custodiam,
1130 2016 1417 2067 venerunt
1436 2011 1517 2067 ad
1526 2016 1766 2080 portam
1788 2012 2073 2083 ferream,

412 2117 542 2172 qua!
569 2101 733 2156 ducit
767 2101 847 2157 ad
889 2101 1210 2170 civitatem,
1262 2115 1393 2171 qua?
1420 2101 1583 2156 ultro
1613 2105 1823 2170 aperta
1860 2108 1942 2157 est
1971 2117 2071 2158 eis.

414 2194 609 2263 Supra
638 2190 891 2260 legimus
922 2189 1086 2262 quod
1106 2190 1577 2264 comprehensus
1589 2192 1795 2246 Petrus
1821 2187 2075 2245 traditus

411 2279 584 2334 fuerit
611 2283 871 2351 quatuor
892 2266 1408 2351 quaternionibus,
1434 2279 1496 2335 id
1523 2282 1630 2349 est,
1661 2276 1839 2333 simul
1861 2276 2075 2348 viginti

412 2367 724 2423 militibus.
758 2367 923 2422 Unde
953 2367 1131 2422 datur
1154 2367 1403 2438 intelligi
1432 2367 1597 2441 quod
1626 2365 1809 2422 iidem
1834 2365 1949 2439 ipsi
1970 2365 2075 2439 qui

413 2455 876 2511 custodiendum
898 2459 1316 2528 susceperant,
1345 2460 1414 2511 ut
1442 2468 1582 2511 eum
1604 2455 1836 2511 cautius
1865 2454 2074 2511 obser-

410 2550 639 2611 varent,
668 2544 732 2601 in
785 2544 959 2601 binas
991 2561 1052 2601 se
1107 2544 1437 2601 diviserunt
1484 2545 1806 2601 custodias.
1861 2548 2075 2601 Praeter

408 2634 553 2690 istos
580 2633 760 2700 enim,
795 2633 945 2690 alios
974 2633 1057 2689 illi
1084 2633 1363 2690 custodes
1393 2634 1710 2707 deputatos
1764 2649 1890 2691 non
1925 2633 2072 2704 legi-

411 2740 565 2779 mus.
590 2723 747 2788 Quia
780 2738 921 2793 ergo
942 2722 1126 2778 iidem
1155 2723 1266 2796 ipsi
1295 2723 1353 2779 in
1376 2722 1636 2796 primam
1660 2728 1715 2779 et
1739 2722 2073 2779 secundam

408 2812 745 2867 custodiam
768 2810 1202 2879 distinguntur,
1232 2828 1344 2868 nos
1366 2827 1610 2885 quoque
1635 2812 1808 2882 juxta
1826 2826 2072 2868 sensum

406 2901 744 2956 interiorem
768 2900 1013 2956 easdem
1030 2901 1330 2957 custodias
1347 2901 1706 2957 dividamus.
1729 2902 1842 2958 Sed
1861 2902 1938 2958 ab
1955 2902 2071 2959 hac

407 2989 700 3044 divisione
717 2989 851 3044 illos
871 2989 1023 3045 duos
1044 2988 1253 3047 milites
1272 2990 1903 3064 scquestremusﬁnter
1913 3006 2068 3065 quos
2100 3024 2141 3079 ο

406 3094 546 3133 eum
574 3078 832 3133 dormire
864 3093 1046 3151 supra
1073 3080 1463 3136 ostendimus.
1512 3080 1624 3136 lllis
1655 3096 1796 3151 ergo
1829 3080 2069 3137 duobus

2190 1735 2251 1789 in
2282 1748 2366 1789 eo.
2400 1730 2544 1788 Hinc
2572 1729 2833 1788 Jacobus
2865 1728 3179 1803 apostolus
3206 1744 3222 1783 :
3271 1727 3657 1796 Ccnﬁtemim
3704 1728 3850 1783 alte-

2182 1827 2427 1879 rutrum
2446 1825 2699 1892 peccata
2734 1824 2954 1891 vestra,
2994 1823 3050 1875 et
3097 1833 3154 1874 ω
3169 1823 3266 1875 ate
3314 1832 3427 1888 pro
3471 1818 3744 1884 invicem,
3785 1821 3850 1871 ut

2184 1913 2518 1970 salvemini.
2552 1913 2703 1968 Cum
2727 1924 2871 1980 ergo
2918 1909 3048 1965 haec
3107 1911 3165 1964 et
3218 1906 3524 1979 ejusmodi
3574 1906 3849 1964 exhorta-

2180 2007 2389 2059 menta
2414 2000 2671 2058 auditori
2699 2014 2811 2055 suo
2855 1997 3212 2072 praedicator
3264 1996 3527 2065 adhibet,
3586 1995 3735 2070 quid
3784 1995 3851 2052 il-

2183 2092 2311 2149 lum
2340 2091 2457 2148 nisi
2480 2095 2539 2147 et
2564 2088 2807 2147 aifectui
2836 2087 3128 2161 peccandi
3166 2092 3225 2144 et
3277 2086 3614 2144 confusioni
3662 2085 3848 2143 conﬁ-

2182 2182 2349 2240 tendi
2373 2180 2644 2238 resistere
2667 2178 2973 2248 admonet,
2989 2176 3053 2233 id
3073 2181 3181 2246 est,
3198 2175 3454 2251 qualiter
3467 2191 3573 2250 per
3584 2175 3849 2249 primam

2185 2276 2242 2329 et
2264 2269 2601 2328 secundam
2624 2266 2971 2325 custodiam
2996 2266 3249 2323 transire
3276 2265 3498 2322 debeat
3524 2264 3699 2321 docet
3724 2265 3758 2320 ?

2252 2360 2374 2419 Sed
2398 2360 2497 2416 hic
2526 2358 2675 2415 forte
2704 2357 3030 2430 opponitur
3054 2355 3392 2431 quomodo,
3427 2370 3568 2411 cum
3594 2359 3843 2411 eatenus

2184 2451 2259 2507 de
2287 2451 2355 2506 TV
2382 2446 2881 2523 quaternionibus
2912 2445 3385 2513 tractaverimus,
3416 2460 3581 2502 nunc
3602 2443 3847 2500 deduc-

2183 2541 2299 2597 bus
2319 2537 2742 2597 tantummodo
2763 2540 3015 2593 tractare
3042 2535 3363 2592 videamur
3385 2535 3415 2591 ?
3445 2535 3613 2592 Unde
3661 2534 3845 2591 scien-

2183 2631 2333 2687 dum
2359 2629 2524 2704 quia,
2558 2628 2610 2684 si
2640 2626 2935 2684 subtiliter
2959 2625 3331 2700 inspicimus,
3364 2624 3428 2681 in
3468 2624 3710 2682 duobus
3764 2626 3845 2681 is-

2180 2721 2256 2778 tis
2286 2719 2362 2777 de
2392 2717 2614 2792 quibus
2656 2718 2785 2774 haec
2815 2716 3098 2788 diximus,
3131 2715 3254 2772 duo
3282 2730 3528 2789 quoque
3550 2714 3673 2772 allii
3709 2731 3846 2772 con-

2180 2811 2461 2869 tinentur.
2540 2810 2609 2864 Et
2664 2807 2809 2880 quia
2852 2806 3227 2880 Scripturam
3278 2821 3515 2862 sacram
3556 2805 3652 2861 ille
3708 2820 3848 2862 con-

2182 2904 2462 2971 gruenter
2519 2895 2762 2971 exponit
2790 2896 2896 2969 qui
2916 2893 3202 2952 omnibus
3232 2911 3369 2968 qua:
3394 2894 3681 2951 lectorem
3709 2910 3847 2970 pos.

2182 2994 2320 3046 sunt
2354 3002 2623 3059 movere,
2676 2985 3064 3061 providenter
3099 2985 3374 3053 occurrit,
3434 2983 3847 3055 ostendamus,

2182 3078 2231 3133 si
2257 3092 2605 3151 possumus,
2637 3074 2948 3149 quomodo
2975 3074 3038 3131 in
3062 3074 3181 3132 hac
3224 3073 3425 3147 prima
3462 3076 3521 3129 et
3572 3072 3850 3130 secunda

306 3800 311 3805 '
406 3794 506 3857 tat,
534 3790 677 3863 quia
706 3805 846 3845 eum
874 3804 1126 3863 peccare
1156 3790 1370 3845 iterum
1401 3789 1671 3848 delectat.
1702 3794 1814 3848 Pro
1854 3807 2068 3849 secun-

400 3166 684 3239 exceptis,
714 3168 1024 3240 quomodo
1042 3168 1255 3241 reliqui
1284 3169 1345 3224 in
1365 3169 1628 3242 primam
1652 3175 1709 3226 et
1736 3170 2068 3227 secundam
2181 3165 2475 3235 custodia,
2508 3180 2698 3238 quam
2726 3164 2802 3222 de
2825 3163 3024 3238 primo
3048 3168 3112 3221 et
3138 3162 3406 3219 secundo
3446 3162 3849 3235 quaternione

404 3256 743 3313 custodiam
759 3256 946 3313 dividi
968 3257 1208 3315 valeant
1224 3258 1848 3317 videamusPrimum
1864 3259 2068 3332 itaque
2181 3254 2573 3324 confecimus,
2604 3253 2727 3311 duo
2750 3269 3001 3328 quoque
3058 3252 3485 3326 quaterniones
3530 3250 3632 3307 alii
3676 3265 3849 3307 com-

400 3348 882 3419 quaternionem,
915 3364 1099 3421 quem
1131 3348 1412 3405 affectum
1443 3350 1735 3421 peccandi
1794 3349 2069 3405 nomina-
2178 3344 2674 3416 prehendantur;
2736 3344 2819 3401 ita
2870 3348 2938 3400 ut
2990 3342 3234 3400 duobus
3274 3341 3389 3398 illis
3412 3340 3691 3409 transitis,
3720 3340 3850 3398 duo

404 3436 625 3503 vimus,
655 3453 792 3492 eum
822 3453 934 3491 suo
965 3437 1206 3506 agmine
1237 3453 1348 3510 pro
1388 3437 1588 3509 prima
1636 3437 1909 3494 custodia
1958 3439 2067 3494 ha-
2174 3447 2424 3506 quoque
2445 3432 2543 3490 alii
2573 3436 2971 3490 transeantur.
3008 3434 3161 3488 Ecce
3190 3430 3352 3489 enim
3389 3431 3656 3505 primum
3696 3444 3851 3504 qua-

403 3524 678 3578 beamus.
710 3526 881 3578 Recte
903 3524 1122 3579 etenim
1150 3524 1279 3596 ipse
1298 3529 1361 3579 et
1388 3524 1603 3580 milites
1626 3525 1720 3581 sui
1739 3539 1851 3599 pro
1868 3526 2071 3600 prima
2176 3523 2514 3581 ternionem
2554 3523 2849 3598 peccandi
2903 3522 3187 3580 affectum
3233 3522 3518 3591 diximus,
3562 3526 3628 3578 et
3680 3536 3851 3578 eum-

403 3612 677 3666 custodia
697 3611 1082 3682 deputantur,
1111 3611 1256 3684 quia
1286 3611 1524 3681 scilicet,
1547 3618 1612 3669 ut
1633 3628 1816 3687 supra
1841 3604 2067 3672 dictum
2174 3612 2321 3669 dem
2368 3628 2515 3670 cum
2568 3613 2692 3670 suis
2732 3612 3021 3670 militibus
3076 3612 3138 3669 in
3190 3611 3392 3687 prima
3416 3610 3695 3669 custodia
3723 3610 3849 3668 col-

402 3706 515 3771 est,
548 3701 769 3756 idcirco
800 3704 1079 3773 peccator
1108 3700 1182 3755 de
1214 3716 1451 3757 carcere
1482 3715 1594 3758 suo
1639 3702 1797 3759 exire
1844 3702 2072 3761 detrec-
2179 3702 2538 3761 locavimus.
2599 3706 2699 3761 Est
2751 3708 2972 3774 autem,
3020 3707 3086 3759 ut
3128 3702 3558 3776 praemisimus,
3589 3701 3850 3758 militum

2183 3793 2314 3865 ejus
2390 3794 2646 3867 primus,
2720 3792 3055 3851 recordatio
3101 3792 3413 3867 praeteritas
3466 3791 3847 3866 voluptatis;

402 3880 481 3937 da
531 3896 772 3954 quoque
830 3879 1118 3948 custodia,
1186 3880 1531 3937 secundum
1587 3881 2066 3955 quaternionem,
2184 3885 2229 3937 ll
2278 3882 2583 3940 excusatio
2634 3882 3010 3955 fragilitatis;
3071 3885 3141 3938 lli
3184 3879 3437 3939 imitatio
3484 3880 3846 3955 pravitatis;

398 3971 506 4043 qui
533 3970 733 4043 pudor
755 3969 1147 4025 confessionis
1180 3973 1286 4039 est,
1312 3985 1452 4026 cum
1483 3969 1606 4041 suis
1640 3970 1934 4029 militibus
1968 3973 2071 4029 de-
2184 3973 2254 4026 Ν
2311 3972 2685 4030 ratiocinatio
2773 3970 3153 4029 conditionis.
3227 3974 3522 4035 Quartum
3596 3984 3849 4044 quoque

400 4066 701 4133 putemus.
730 4063 1143 4128 (longruenter
1172 4064 1373 4115 autem
1404 4064 1459 4115 et
1487 4060 1616 4133 ipse
1642 4076 1755 4133 pro
1802 4062 2071 4119 secunda
2178 4060 2645 4132 quaternionem
2704 4060 3153 4117 nominavimus
3218 4058 3593 4133 profundum
3659 4058 3850 4116 malo-

396 4149 675 4204 custoclia
701 4148 1045 4216 collocatur,
1079 4149 1222 4221 quia
1248 4149 1493 4222 etprius
1524 4164 1635 4206 nos
1662 4150 1726 4206 in
1751 4156 2068 4224 peccatum
2182 4168 2341 4220 rum,
2398 4151 2461 4207 in
2517 4150 2684 4224 quod
2749 4166 2889 4206 cum
2948 4149 3177 4206 venerit
3232 4152 3535 4221 peccator,
3585 4153 3851 4205 contem-

400 4236 731 4309 przecipitat
756 4238 1002 4292 affectus
1030 4237 1342 4309 peccandi,
1376 4243 1433 4295 et
1474 4238 1907 4314 subsequenter
1954 4257 2068 4316 pu-
2181 4241 2289 4311 nit,
2356 4239 2715 4308 obduratur,
2782 4239 3171 4312 imptenitens
3231 4237 3507 4306 efﬁcitur,
3586 4253 3850 4294 excaeca-

402 4328 517 4381 dor
544 4325 933 4381 confessionis
966 4326 1027 4381 in
1052 4332 1302 4399 peccato
1322 4332 1593 4386 retentat.
1638 4330 1753 4386 Sed
1784 4331 1928 4404 quia
1959 4348 2068 4388 an-

404 4414 606 4486 gelum
634 4415 920 4487 sequitur,
950 4431 990 4470 a
1014 4421 1232 4472 neutra
1260 4418 1477 4474 harum
1517 4420 1791 4476 custodia
1846 4422 2068 4479 detine-

402 4512 545 4573 tur;
578 4504 721 4577 quia
771 4504 875 4577 qui
914 4505 1355 4578 pradicatorem
1404 4508 1665 4564 veritatis
1722 4510 2069 4569 obedienter

406 4592 719 4661 auscultat,
750 4609 867 4649 nec
916 4607 1030 4667 per
1079 4594 1371 4668 peccandi
1428 4596 1710 4653 affectum
1750 4604 2067 4672 peccatum

404 4685 591 4751 iterat,
626 4700 734 4740 nec
760 4699 869 4757 per
884 4683 1185 4757 pudorem
1211 4685 1603 4743 confessionis
1632 4701 1703 4744 ea
1733 4704 1869 4762 qua:
1909 4705 2069 4746 com-

404 4774 564 4830 misit
614 4774 893 4831 occultat.
951 4777 1107 4831 Cum
1162 4790 1307 4845 ergo
1350 4780 1493 4849 post
1546 4776 1831 4848 angelum
1884 4779 2064 4849 vadit,

404 4864 1077 4936 utramque'custodiam
1098 4864 1232 4920 sine
1261 4864 1504 4922 lwsione
1530 4868 1853 4938 pertransit
1877 4887 1889 4936 ;
1923 4869 2072 4942 quia

404 4954 760 5025 praedicator
782 4970 925 5010 suus
969 4971 1041 5010 ex
1097 4954 1409 5027 Scripturis
1458 4956 1679 5019 sanctis
1717 4957 1771 5012 ei
1822 4959 2069 5016 assidue

406 5057 574 5097 arma
602 5042 1011 5100 subministrat
1032 5042 1261 5116 quibus
1290 5059 1351 5099 se
1383 5049 1590 5102 contra
1643 5046 1910 5118 pericula
1957 5047 2067 5103 cir-

407 5131 701 5199 cumjecta
716 5131 1019 5190 defendat.
1050 5136 1129 5189 Ne
1159 5132 1321 5188 enim
1363 5131 1531 5189 illum
1550 5135 1843 5206 peccandi
1892 5136 2072 5193 affec-

404 5220 502 5270 tus
526 5218 607 5273 ad
629 5218 966 5277 iterandum
1018 5227 1340 5296 peccatum
1384 5224 1711 5295 pertrahat,
1770 5226 2071 5283 sententia

404 5321 544 5360 eum
569 5307 643 5361 de
674 5309 991 5382 Scripturis
1017 5327 1128 5384 per
1152 5311 1612 5387 praedicatorem
1632 5313 1909 5373 adhibita
1939 5332 2069 5375 cas-

404 5394 590 5464 tigat:
625 5396 767 5465 Fili,
810 5402 1078 5466 peccasti
1104 5406 1230 5458 ?ne
1274 5403 1529 5473 adjicias
1563 5404 1801 5475 iterum,
1860 5407 1962 5462 sed
2005 5411 2065 5462 et

398 5483 477 5539 de
524 5487 849 5552 praeteritis
905 5489 1245 5557 deprecare.
1300 5497 1366 5547 ut
1422 5492 1530 5547 tibi
1578 5494 1939 5550 dimittatur.
1992 5496 2071 5551 ’Et.

403 5574 721 5645 Apostolus
756 5593 767 5629 :
810 5577 1158 5636 Voluntarie
1180 5582 1569 5650 peccantibus
1593 5583 1760 5639 nobis
1780 5590 1915 5653 post
1967 5599 2065 5641 ac-

402 5669 631 5733 ceptum
654 5666 928 5722 notitiam
952 5671 1243 5739 veritatis,
1257 5672 1389 5741 jam
1414 5686 1536 5727 non
1560 5673 1931 5745 relinquitur
1942 5689 2064 5744 pro

2182 4335 2296 4386 tur.
2344 4329 2668 4386 Videamus
2721 4343 2864 4400 ergo
2912 4328 3229 4402 quomodo
3286 4327 3414 4385 duo
3460 4326 3561 4384 isti
3606 4332 3852 4402 quater-

2176 4420 2393 4477 niones
2476 4434 2687 4478 eorum
2752 4417 2970 4475 milites
3024 4418 3177 4476 inter
3238 4433 3301 4474 se
3344 4417 3607 4475 vicissim
3658 4417 3850 4474 conti-

2181 4512 2459 4580 neantur,
2506 4508 2592 4565 ita
2654 4513 2722 4565 ut
2768 4522 2929 4564 unus
2982 4523 3123 4564 cum
3180 4507 3328 4577 suis,
3387 4507 3535 4564 alter
3594 4522 3849 4582 quoque

2180 4613 2325 4655 cum
2354 4596 2481 4652 suis
2505 4596 2732 4670 pariter
2760 4601 3093 4670 superetur.
3124 4599 3291 4654 Certe
3324 4596 3487 4653 enim
3530 4596 3681 4670 quia
3739 4611 3853 4670 per

2184 4688 2467 4746 affectum
2494 4686 2789 4759 peccandi
2815 4690 3095 4760 peccator
3122 4691 3448 4759 peccatum
3492 4685 3730 4759 repetit,
3786 4685 3851 4741 in

2182 4776 2558 4852 profundum
2586 4775 2889 4833 malorum
2908 4775 3218 4833 descendit
3245 4794 3259 4844 ;
3290 4775 3441 4849 quia
3488 4790 3605 4849 per
3643 4791 3851 4833 recor-

2183 4867 2493 4924 dationem
2520 4866 2831 4940 praeterita
2856 4866 3184 4940 voluptatis
3213 4865 3499 4939 iniquitas
3514 4865 3605 4922 illi
3626 4865 3698 4922 in
3722 4881 3854 4923 eor-

2183 4956 2261 5013 de
2288 4956 2595 5027 dulcescit,
2627 4956 2701 5012 de
2726 4956 3029 5013 malorum
3052 4970 3305 5012 suorum
3319 4955 3625 5028 profundo
3651 4956 3853 5013 redire

2178 5046 2550 5115 contemnit;
2581 5046 2727 5119 quia
2756 5046 2947 5120 culpis
2972 5046 3102 5102 suis
3131 5046 3583 5103 excusationem
3619 5045 3852 5119 fragili-

2178 5137 2320 5194 tatis
2340 5135 2627 5209 obtendit,
2659 5135 2953 5210 paulatim
3002 5136 3296 5193 adversus
3342 5135 3570 5193 viscera
3625 5135 3854 5193 divinae

2180 5224 2606 5282 misericordiae
2652 5224 3045 5294 obdurescit;
3099 5224 3244 5299 quia
3297 5239 3407 5298 per
3448 5223 3855 5282 imitationem

2177 5314 2491 5389 pravitatis
2547 5314 2824 5387 exempla
2882 5312 3094 5371 aliena:
3168 5314 3501 5387 im‘quitatis
3572 5314 3855 5387 attendit,

2176 5420 2309 5461 non
2354 5409 2524 5462 curat
2574 5420 2682 5478 per
2740 5404 3103 5479 poenitentia;
3157 5404 3591 5462 correctionem
3642 5420 3857 5462 emen-

2182 5494 2330 5551 dare
2366 5494 2537 5567 quod
2566 5494 2702 5551 fecit
2730 5513 2747 5563 ;
2778 5493 2923 5569 quia
2950 5497 3188 5551 reatum
3219 5509 3398 5551 suum
3416 5494 3853 5553 ratiocinando

2180 5584 2334 5641 tueri
2409 5588 2680 5656 conatur,
2764 5585 2927 5655 justo
2988 5583 3238 5655 judicio,
3306 5583 3549 5640 rationis
3613 5583 3852 5641 lumine

2175 5673 2351 5747 quod
2372 5672 2460 5731 ad
2484 5672 2717 5731 mutam
2742 5673 3049 5747 intorquet
3068 5672 3359 5748 privatur.
3398 5674 3547 5733 Ecce
3568 5673 3851 5748 prinum
