4018 6176
265 148 380 202 soi
1207 149 1630 211 TRACTATUS
1669 157 1738 212 IN
1773 158 1974 214 VEIS.
2011 161 2035 214 ἰ
2069 159 2230 215 CAP.
2270 161 2360 216 XII
2397 165 2547 221 ACT.
2591 168 2836 224 APOST.
3634 181 3748 233 302

262 272 330 367 et
364 267 706 371 secundum
746 269 1698 371 quaternionemputrorumque
1747 280 1963 371 milites
2003 289 2048 340 A
2080 281 2469 341 nihilominus
2499 292 2894 348 transeantur.
2928 293 3196 349 Transito
3250 295 3452 370 itaque
3509 295 3759 371 pudore

263 358 530 461 ίιινίοθξξὶ
562 357 948 458 contulimus.
1003 365 1069 416 ut
1095 359 1357 459 qualiter
1405 363 1472 419 in
1512 367 1670 422 hanc
1701 370 1966 441 primam
2075 372 2489 448 confessionis,
2530 394 2700 434 amor
2727 396 2972 453 quoque
3016 382 3286 454 privatus
3336 357 3577 458 pariter
3629 403 3770 461 per-

263 448 615 545 custodiam
624 447 856 545 pariter
877 449 1965 545 conveniant,monstraremus.Nunc
2073 462 2356 518 transitur
2389 481 2402 531 ;
2452 465 2597 538 quia
2635 447 2924 524 nimirum
2973 447 3064 526 sui
3114 473 3304 545 ipsius
3336 447 3778 540 adversarius

259 539 457 633 etiam
482 554 592 611 per
621 540 784 597 hanc
813 540 1080 612 primam
1109 542 1459 599 custodiam
1491 546 1768 618 qualiter,
1807 549 1965 606 duce
2069 549 2341 620 efﬁcitur,
2375 554 2523 610 dum
2564 557 2774 630 culpas
2801 574 2948 614 suas
2979 539 3282 632 detegens,
3343 566 3606 625 salubri
3637 539 3784 633 odio

265 629 522 732 angelo,
580 634 871 732 peccator.
927 635 1194 732 transeat
1253 633 1676 732 ost-eudamus.
1758 642 1965 732 Itaque
2071 639 2414 700 insectatur.
2457 629 2730 704 Transita
2775 629 3145 719 levigatione
3187 629 3399 727 culpae,
3443 629 3787 732 appetitus

271 719 533 817 ῃωεμο
582 719 877 817 Pecch
923 720 1166 817 affectu,
1216 721 1599 817 profundum
1639 727 1965 817 __malorum
2073 744 2318 802 quoque
2385 733 2562 789 famae
2618 736 2841 807 pariter
2895 719 3334 811 pertransitur-g
3388 719 3578 817 quia
3626 719 3789 816 dum

273 809 570 914 transitur
595 809 791 914 ;quia
815 809 1084 914 profecto
1112 815 1368 914 peccata
1414 813 1817 914 multiplicare
1857 818 1963 874 ite—
2073 824 2309 914 reatum
2341 837 2518 914 suum
2549 825 2676 896 ipse
2710 826 2824 882 sibi
2856 809 3164 898 aggravet,
3210 809 3329 888 Deo
3361 809 3487 890 soli
3535 809 3790 914 placere

269 897 477 998 rando
521 913 649 998 non
692 903 885 997 potest
909 898 1032 998 qui
1063 898 1362 997 peccandi
1407 900 1784 998 voluntatem
1838 923 1966 962 non
2076 908 2361 978 gestiens,
2391 912 2466 968 de
2495 913 2664 970 fama
2689 897 2965 974 exteriori
2996 935 3119 976 non
3152 897 3339 979 eurat.
3369 897 3680 990 Transito
3697 897 3788 998 ξίῖ

267 987 486 1088 habet.
530 989 803 1088 'I‘ransita
825 988 1240 1088 recordatione
1269 989 1589 1088 praeteritae
1605 993 1964 1088 voluptatis,
2077 1011 2222 1088 gore
2252 1000 2637 1071 paenitentiae,
2680 1005 3079 1076 longtevitatis
3129 1027 3376 1085 quoque
3423 987 3787 1088 promi—55.11,

271 1082 669 1150 contemptus
720 1094 965 1150 quoque
1021 1079 1246 1151 pariter
1295 1081 1732 1152 pertransitur;
1791 1086 1968 1157 quia,

2088 1087 2302 1158 pariter
2343 1093 2771 1163 pertransitur;
2806 1096 2970 1168 quia,
2997 1079 3346 1156 dum—illum
3371 1079 3572 1176 quem
3589 1079 3784 1174 offer-1:

272 1166 432 1222 dum
463 1183 576 1240 per
601 1166 969 1224 laudabilem
997 1167 1370 1224 oblivionem
1411 1172 1748 1225 transactas
1799 1173 1970 1229 dele-
2083 1176 2170 1231 dit
2191 1177 2433 1240 placare
2460 1181 2632 1237 citius
2659 1166 3047 1240 concupiscit.
3068 1166 3419 1240 seductor-in;
3453 1195 3517 1240 di

269 1255 578 1356 ςῐξιῒίοιιῇε
605 1272 778 1356 δ’ἐξιᾶ
807 1261 1003 1356 metite
1029 1256 1427 1356 Obliieratlad
1455 1273 1596 1356 eum
1625 1258 1731 1356 qui
1761 1276 1832 1356 se
1863 1263 1976 1356 diu
2085 1265 2362 1324 inducias
2387 1286 2511 1326 non
2530 1255 3078 1335 admittit'rransito
3099 1285 3339 1354 torpore
3355 1255 3746 1356 negligenii-z;

273 1346 578 1444 ίθίέηξίίθ
612 1346 786 1444 θίξίηδ
813 1347 1765 1444 ΓθάίΓθΑΡοδίΡςδείῒφ-ροξξῐεωριιξ
1800 1350 1976 1444 festi-
2090 1361 2285 1411 metus
2314 1374 2558 1432 quoque
2587 1366 3044 1434 perseverantiae
3074 1341 3300 1440 pariter
3327 1341 3768 1444 perktraknsi—tiirv:

273 1440 404 1492 nat.
464 1435 740 1530 Transito.
791 1437 1176 1530 excusatione
1229 1436 1584 1530 fragilitatis,
1641 1437 1984 1495 obduratio
2095 1444 2260 1515 quia,
2293 1427 2438 1503 dum
2461 1427 2720 1507 ferventi
2748 1453 2960 1526 Spiritu
2982 1427 3108 1530 ipse
3137 1427 3765 1526 bonumfacer‘ei‘nci:

269 1540 530 1618 quoque
555 1523 760 1618 cordis
783 1525 1002 1618 pariter
1017 1526 1422 1618 pertransitur
1443 1545 1460 1618 ἓ
1479 1527 1626 1599 quia
1651 1543 1797 1583 cum
1837 1529 1985 1586 sub-
2095 1532 2200 1604 pit,
2225 1550 2299 1589 ex
2329 1535 2534 1593 divino
2567 1523 2866 1611 adjutorio
2894 1523 3023 1600 hoc-
3039 1561 3218 1618 posse
3249 1523 3760 1615 consummare

273 1613 466 1712 ducto
488 1613 896 1712 excusationis
913 1613 1238 1682 velamine,
1256 1615 1652 1688 semetipsum
1671 1632 1982 1674 accusare
2013 1637 2054 1691 Β
2093 1625 2424 1693 praesumit.
2463 1627 2584 1682 Hoc
2615 1629 2816 1702 itaque
2848 1613 3149 1690 modo—isti
3181 1637 3302 1693 duo
3333 1613 3759 1712 quaterniones

274 1702 511 1776 incipit,
545 1701 876 1768 confestim,
923 1719 1031 1775 per
1077 1708 1425 1776 respectum
1477 1705 1690 1760 divinae
1741 1708 1980 1779 gratiae,

2095 1727 2234 1766 cum
2268 1713 2391 1768 suis
2425 1716 2774 1773 satellitibus
2800 1719 2860 1776 in
2883 1724 3216 1781 secundam
3247 1730 3582 1788 custodiam
3603 1735 3760 1791 redi-

275 1791 492 1890 eordis
512 1791 610 1846 sui
635 1791 912 1889 duritiam
929 1792 1003 1890 in
1033 1792 1326 1890 lacrymis
1351 1793 1983 1866 liquefacit.Transista
2094 1806 2353 1870 guntur;
2405 1803 2521 1859 hoc
2555 1805 2736 1862 etiam
2783 1809 2968 1865 modo
2999 1827 3035 1866 a
3088 1822 3398 1883 peccatore
3439 1835 3753 1891 converso,

283 1881 616 1938 imitatione
674 1881 996 1952 pravitatis,
1032 1880 1490 1953 impaenitentia
1538 1899 1784 1956 quoque
1834 1903 1978 1959 per-

291 1971 569 2028 transitur
593 1990 607 2039 ;
638 1970 783 2043 quia
809 1987 1196 2044 nequaquam
1227 1973 1307 2028 ad
1356 1972 1598 2028 malum
1628 1974 1838 2031 alienae
1866 1993 1976 2033 ne-

291 2062 493 2136 quitiae
535 2061 814 2134 exemplo
839 2063 1212 2130 informatur,
1257 2064 1426 2120 dum
1467 2063 1780 2132 diligenter
1831 2084 1976 2140 quae

284 2153 644 2228 paenitentes
670 2158 953 2210 maneant
974 2153 1236 2209 intuetur
1261 2171 1277 2210 :
1323 2154 1493 2227 quin
1522 2153 1646 2210 imo
1679 2156 1755 2210 ad
1783 2158 1978 2230 poeni-

287 2244 543 2301 tentiam
571 2248 739 2300 tanto
771 2243 1010 2300 celerius
1053 2243 1256 2316 currit,
1303 2248 1550 2316 quanto
1594 2260 1670 2299 ne
1694 2244 1757 2300 in
1797 2246 1974 2303 malis

285 2335 416 2390 suis
500 2333 998 2407 deprehendatur,
1075 2333 1519 2390 formidolosus
1582 2334 1970 2407 pertimescit.

285 2425 570 2481 Transita
589 2422 1032 2480 ratiocinatione
1053 2422 1443 2488 conditionis,
1473 2424 1706 2480 caecitas
1726 2441 1972 2498 quoque

285 2516 515 2574 mentis
553 2515 775 2588 pariter
796 2515 1189 2588 pertransitur
1224 2532 1238 2582 ;
1280 2514 1435 2588 quia
1463 2514 1613 2570 dum
1644 2516 1849 2571 lumen
1874 2533 1972 2574 ra-

288 2605 477 2662 tionis
491 2605 574 2661 ad
589 2604 782 2677 culpae
797 2604 1207 2660 defensionem
1225 2619 1624 2676 nequaquam
1647 2605 1968 2678 intorquet,

287 2695 672 2753 illuminatus
721 2710 832 2768 per
857 2694 1129 2765 gratiam,
1165 2694 1317 2766 quid
1349 2694 1543 2766 sequi,
1584 2695 1728 2768 quid
1758 2712 1970 2752 cavere

290 2787 541 2856 debeat,
571 2784 878 2840 lucidiusv
903 2784 1020 2841 det.
1050 2788 1199 2840 Ecce
1227 2784 1353 2840 duo
1374 2785 1970 2857 quaterniones,cum

291 2874 424 2930 suis
458 2873 748 2929 militibus
776 2873 839 2927 in
866 2871 1125 2945 primam
1156 2871 1501 2928 custodiam
1529 2873 1966 2942 convenientes,

2091 1891 2245 1947 duce
2285 1894 2522 1964 angelo,
2573 1900 2976 1954 transeuntur.
3013 1902 3129 1957 Sed
3172 1905 3316 1976 quia
3358 1907 3487 1977 jam
3519 1911 3593 1965 de
3625 1929 3755 1968 car-

2091 1995 2221 2035 cere
2251 1981 2410 2051 exiit,
2453 1982 2596 2054 quia
2641 1985 2903 2056 primam
2947 1993 3003 2044 et
3033 1992 3364 2048 secundam
3413 1998 3754 2056 custodiam

2085 2070 2320 2126 transiit
2349 2070 2664 2128 ductorem
2693 2091 2873 2131 suum
2905 2079 3236 2152 sequendo,
3268 2081 3581 2141 videamus
3630 2105 3754 2162 quo

2085 2159 2327 2216 venerit.

2155 2250 2334 2305 XVIII.
2379 2251 2700 2323 Venerunt,
2733 2254 2945 2328 inquit,
2965 2257 3047 2312 ad
3060 2265 3300 2326 portam
3325 2262 3753 2338 ferream,quce

2085 2338 2251 2393 (lue-it
2280 2339 2362 2394 ad
2400 2339 2718 2398 civitatem.
2745 2345 3071 2416 Postquam
3100 2346 3174 2401 de
3210 2363 3444 2406 carcere
3478 2353 3750 2410 tenebro-

2085 2442 2164 2481 sae
2195 2427 2573 2483 conscientiae
2602 2436 2882 2502 peccator
2931 2433 3088 2505 exiit,
3133 2441 3459 2509 postquam
3486 2443 3750 2513 primam

2082 2521 2144 2571 et
2171 2515 2504 2571 secundam
2535 2520 2874 2576 custodiam
2901 2523 3156 2592 transiit,
3201 2525 3264 2579 id
3294 2532 3405 2598 est,
3437 2529 3751 2589 obstacula

2079 2604 2364 2660 vitiorum
2389 2622 2532 2677 quae
2564 2623 2626 2663 se
2656 2608 2717 2664 in
2759 2615 3010 2682 peccato
3037 2611 3388 2671 detinebant
3415 2619 3632 2687 evadit,
3667 2624 3744 2678 ad

2079 2697 2318 2765 portam
2338 2693 2600 2751 ter-ream
2628 2700 2793 2753 venit
2819 2717 2833 2768 ;
2861 2699 3006 2771 quia
3036 2699 3164 2756 sola
3192 2708 3578 2773 peccatorum
3599 2724 3748 2766 con-

2079 2781 2259 2838 fessio
2291 2783 2370 2838 ad
2419 2782 2675 2840 salutem
2705 2802 2830 2842 non
2881 2786 3116 2854 sufﬁcit,
3151 2789 3198 2844 si
3223 2805 3347 2847 non
3399 2793 3600 2864 etiam,
3631 2812 3746 2869 pro

2078 2870 2172 2926 his
2202 2887 2339 2942 quae
2367 2873 2688 2943 commisit,
2733 2890 2841 2946 per
2889 2876 3312 2934 satisfactionis
3339 2880 3624 2938 duritiam
3677 2903 3744 2943 se

291 2963 560 3030 qualiter
607 2966 987 3018 transeantur
1033 2961 1414 3018 ostendimus
1449 2977 1461 3015 :
1508 2976 1670 3018 nunc
1699 2962 1822 3018 duo
1847 2963 1968 3035 alii,
1994 3003 2040 3057 Ε
2080 2959 2307 3057 affligit.
2341 2961 2658 3057 Videamus
2683 2965 2873 3021 David
2901 2965 2976 3022 de
3014 2983 3249 3023 carcere
3296 2977 3634 3042 exeuntem,
3689 2981 3748 3033 et

289 3054 558 3127 qualiter
585 3053 647 3108 in
677 3052 1006 3108 secundam
1035 3051 1421 3123 conveniant,
1443 3052 1856 3108 ostendamus.
1875 3056 1970 3111 Se-

295 3143 576 3199 cundum
603 3142 807 3214 itaque
846 3141 1333 3213 quaternionem,
1379 3141 1484 3212 qui
1510 3141 1706 3212 pudor
1733 3143 1969 3198 confes-

293 3231 490 3288 sionis
522 3231 758 3298 dicitur,
785 3237 841 3288 et
867 3231 1128 3299 tertium,
1147 3247 1335 3303 quem
1367 3245 1638 3285 amorem
1667 3231 1970 3303 privatum

297 3320 776 3391 nominavimus,
809 3337 947 3376 cum
979 3320 1102 3376 suis
1130 3319 1424 3375 militibus
1450 3319 1672 3391 pariter
1697 3321 1970 3376 confera-

299 3426 464 3481 mus,
497 3414 556 3466 et
579 3425 688 3466 eos
717 3409 779 3464 in
823 3409 1154 3465 secundam
1203 3407 1563 3476 custodiam,
1597 3415 1776 3481 prout
1819 3410 1972 3466 ratio

297 3498 636 3567 dictaverit,
668 3497 1036 3554 ordinemus.
1074 3497 1208 3564 Sed,
1258 3495 1405 3569 quia
1435 3496 1508 3551 de
1538 3496 1787 3554 istorum
1826 3515 1973 3571 qua-

302 3588 638 3645 terniorum
666 3587 908 3660 agmine
933 3592 1074 3643 sunt
1111 3586 1193 3642 illi
1224 3585 1348 3642 duo
1391 3585 1606 3642 milites
1635 3587 1786 3643 inter
1815 3605 1972 3660 quos

297 3694 414 3752 per
445 3677 948 3748 signiﬁcationem
973 3677 1247 3749 captivus
1288 3675 1548 3732 dormire
1580 3678 1852 3750 superius
1879 3677 1970 3733 di-

307 3773 441 3824 ctus
464 3774 576 3839 est,
608 3767 722 3823 illis
751 3767 998 3824 duobus
1025 3765 1468 3840 praetermissis,
1500 3765 1574 3822 de
1605 3767 1733 3824 aliis
1767 3767 1969 3824 videa-

303 3875 467 3914 mus.
501 3861 581 3914 De
611 3858 852 3930 agmine
877 3858 1081 3931 itaque
1113 3855 1363 3912 secundi
1410 3857 1818 3928 quaternionis
1849 3874 1970 3914 uno

309 3953 479 4004 extra
493 3963 799 4004 carcerem
823 3947 1182 4014 excubante,
1207 3944 1424 4017 reliqui
1450 3950 1568 4003 tres
1594 3951 1732 4004 sunt
1756 3947 1973 4018 leviga-

311 4036 400 4091 tio
431 4036 638 4109 culpae,
669 4035 1090 4106 longiturnitas
1117 4034 1276 4103 vitae,
1325 4039 1530 4106 torpor
1575 4036 1968 4105 negligentiae.

309 4129 458 4182 Item
483 4125 562 4182 de
584 4126 826 4197 agmine
844 4124 994 4182 tertii
1021 4123 1452 4197 quaternionis,
1467 4141 1588 4180 uno
1610 4123 1790 4180 milite
1820 4125 1976 4182 intra

303 4231 618 4274 carcerem
645 4215 867 4283 relicto,
895 4213 1123 4270 residui
1139 4217 1258 4269 tres
1290 4217 1430 4269 sunt
1459 4213 1756 4286 appetitus
1777 4214 1970 4283 famae,

303 4307 478 4376 rigor
503 4305 885 4378 penitentiam,
900 4308 1097 4359 metus
1116 4303 1594 4376 perseverantiae.
1622 4304 1750 4360 Duo
1771 4303 1974 4377 itaque

305 4395 407 4451 isti
437 4392 862 4467 quaterniones
883 4393 968 4450 ita
988 4391 1102 4448 sibi
1128 4392 1508 4450 conveniunt.
1543 4393 1678 4451 Ideo
1708 4408 1973 4464 namque

307 4483 532 4557 culpas
565 4499 706 4540 suas
727 4482 999 4539 conﬁteri
1021 4481 1338 4550 erubescit,
1353 4482 1498 4554 quia
1519 4483 1754 4556 privato
1774 4497 1980 4538 amore

312 4592 380 4631 se
412 4573 647 4644 diligit;
699 4573 833 4630 ideo
891 4578 1209 4646 peccatum
1263 4588 1442 4627 suum
1495 4572 1982 4630 excusationibus

310 4662 559 4732 levigat,
591 4677 686 4729 ne,
740 4661 907 4735 apud
955 4659 1415 4716 aestimationem
1469 4660 1725 4717 aliorum
1781 4676 1983 4732 repre-

313 4749 635 4808 hensibilis
661 4749 994 4822 convictus,
1037 4763 1262 4804 nomen
1291 4748 1489 4819 famae,
1541 4749 1709 4822 quod
1735 4748 1983 4821 appetit,

313 4839 586 4915 perdat;
627 4839 760 4895 ideo
802 4839 1061 4910 rigorem
1105 4838 1466 4911 poenitentiae
1499 4839 1699 4895 subire
1747 4838 1984 4909 refugit,

317 4929 471 5004 quia
499 4929 681 4999 longa
709 4929 823 4985 sibi
868 4929 1002 4984 vitae
1034 4927 1226 5001 spatia
1254 4928 1648 5000 repromittit;
1680 4927 1816 4984 ideo
1847 4943 1988 4983 eum

319 5026 535 5093 torpor
572 5018 944 5090 negligentia
993 5016 1282 5088 astringit,
1307 5017 1458 5091 quia
1504 5023 1699 5074 metus
1739 5033 1880 5072 eum
1911 5018 1989 5074 ad

319 5109 519 5179 frigus
539 5106 999 5181 perseverantiae
1032 5111 1375 5179 suspectum
1401 5107 1621 5164 reddit.
1657 5110 1723 5162 Et
1750 5107 1886 5163 ideo
1913 5124 1990 5164 ne

321 5197 642 5267 contingat
669 5197 748 5253 ab
777 5196 1086 5269 iniquitate
1115 5195 1328 5264 redire,
1345 5196 1506 5267 eligit
1523 5196 1723 5269 potius
1755 5212 1992 5270 semper

321 5289 392 5344 in
415 5290 669 5360 peccato
709 5291 942 5358 torpere
964 5301 1158 5358 quam
1183 5284 1416 5341 bonum
1472 5285 1723 5359 aliquid,
1775 5284 1836 5341 in
1869 5301 1992 5358 quo

327 5391 716 5450 perseverare
755 5379 1032 5448 nequeat,
1074 5373 1404 5431 inchoare:
1461 5392 1602 5431 cum
1641 5375 1884 5432 deberet
1939 5378 1996 5430 et

329 5467 406 5523 de
437 5482 550 5522 sua
582 5466 746 5522 bona
773 5464 1076 5520 voluntate
1104 5463 1387 5536 incipere,
1419 5469 1478 5520 et
1525 5465 1601 5520 de
1650 5468 1768 5521 Deo
1799 5463 1994 5536 perfe-

327 5556 593 5612 ctionem
647 5552 1108 5628 perseverantiae
1170 5568 1432 5625 sperare.
1502 5553 1615 5608 Sed
1665 5554 1794 5623 jam
1853 5553 1997 5625 quia

333 5645 485 5702 ictos
501 5645 726 5718 pariter
741 5641 1134 5710 omnibus.
1153 5641 1469 5703 videamus
1489 5655 1657 5698 nunc
1685 5641 1996 5715 quomodo

2079 3049 2156 3105 ad
2186 3054 2424 3121 portam
2449 3049 2704 3107 ferream
2733 3060 3181 3125 properantem,
3209 3058 3315 3128 qui
3355 3060 3434 3116 ait
3458 3075 3471 3112 :
3516 3062 3746 3134 Iniqui-

2075 3143 2259 3194 .tatem
2289 3153 2480 3194 meam
2511 3143 2908 3213 annuntiabo,
2959 3150 3012 3200 et
3061 3147 3331 3215 cogitabo
3355 3164 3472 3218 pro
3497 3159 3743 3219 peccato

2075 3243 2222 3283 meo.
2252 3230 2528 3283 Peccator
2554 3231 2793 3300 etenim,
2825 3247 2964 3287 cum
2989 3233 3367 3305 iniquitatem
3390 3253 3566 3293 suam
3597 3255 3741 3297 con-

2076 3316 2302 3372 ﬁtendo
2331 3317 2669 3386 annuntiat,
2697 3319 2772 3376 de
2790 3335 3031 3377 carcere
3061 3322 3212 3391 exit;
3245 3340 3386 3380 cum
3413 3341 3554 3381 vero
3583 3330 3743 3400 cogi-

2077 3410 2161 3462 tat
2183 3405 2437 3479 qualiter
2461 3409 2578 3463 Deo
2603 3425 2712 3481 pro
2735 3425 3103 3484 unoquoque
3119 3419 3366 3484 peccato
3391 3415 3739 3488 satisfaciat,

2078 3495 2156 3551 ad
2200 3499 2438 3567 portam
2477 3495 2730 3553 ferream
2751 3499 2958 3555 tendit.
3007 3505 3140 3573 Ipsa
3167 3501 3368 3576 itaque
3394 3503 3738 3576 satisfactio,

2073 3600 2200 3657 qua
2231 3587 2349 3640 Deo
2379 3600 2489 3656 pro
2536 3587 2796 3658 peccatis
2838 3589 3062 3645 nostris
3105 3591 3534 3665 satisfacimus,
3564 3601 3742 3667 porta

2078 3674 2269 3731 ferrea
2294 3690 2419 3730 non
2449 3674 2939 3734 inconvenienter
2965 3679 3260 3752 accipitur
3291 3701 3304 3750 ;
3331 3682 3482 3756 quia
3509 3684 3744 3742 homini

2077 3763 2360 3820 mollibus
2405 3764 2712 3822 desideriis
2751 3767 2894 3822 olim
2925 3767 3127 3824 dedito
3173 3771 3347 3826 valde
3371 3771 3599 3828 durum
3630 3779 3738 3847 est,

2077 3853 2227 3908 dum
2275 3868 2600 3909 conversus
2645 3855 2724 3910 ad
2763 3855 3174 3926 paenitentiam
3221 3860 3473 3930 cogitur,
3525 3861 3740 3916 eadem

2079 3941 2372 3997 desideria
2422 3942 2776 4016 relinquere,
2827 3960 3068 4000 carnem
3107 3963 3432 4015 macerare,
3484 3947 3738 4018 ingemi-

2080 4048 2262 4100 scere,
2296 4032 2458 4102 tlere,
2486 4033 2782 4104 jejunare,
2815 4033 3036 4090 saeculo
3071 4035 3345 4093 funditus
3365 4038 3737 4108 renuntiare,

2080 4125 2374 4176 remotam
2409 4121 2594 4177 vitam
2643 4126 2935 4194 expetere,
2969 4127 3026 4178 et
3063 4123 3349 4198 deinceps
3391 4125 3470 4182 ad
3497 4125 3741 4184 alterius

2077 4210 2393 4266 arbitrium
2449 4210 2661 4266 vivere.
2715 4211 2945 4268 Peccati
3011 4228 3156 4283 ergo
3209 4215 3538 4272 satisfactio
3583 4222 3742 4274 recte

2087 4303 2259 4371 porta
2282 4300 2473 4356 ferrea
2485 4299 2852 4369 nominatur,
2881 4316 2988 4373 per
3016 4319 3206 4375 quam
3235 4306 3442 4369 homo,
3472 4311 3538 4361 ut
3553 4308 3743 4363 Deum

2090 4389 2202 4445 sibi
2245 4389 2551 4462 placatum
2604 4391 2836 4460 reddat,
2889 4391 3190 4466 quidquid
3239 4396 3302 4452 in
3337 4412 3399 4451 se
3430 4395 3746 4453 carnaliter

2085 4479 2245 4547 vixit,
2273 4479 2428 4536 ferro
2459 4480 2626 4536 durae
2649 4481 3012 4554 poenitentiae
3050 4489 3244 4540 necat.
3287 4483 3453 4540 Unde
3483 4489 3542 4540 et
3571 4487 3747 4540 Joan-

2087 4586 2195 4625 nes
2225 4570 2488 4642 Baptista
2516 4575 2860 4644 peccatores
2902 4571 2981 4626 ad
3013 4589 3074 4627 se
3109 4573 3478 4629 conﬂuentes
3509 4572 3586 4627 ad
3605 4589 3747 4645 por-

2088 4662 2213 4714 tam
2253 4659 2510 4716 ferream
2542 4660 2853 4727 invi-tabat,
2887 4660 3092 4716 dicens
3119 4679 3130 4716 :
3162 4661 3480 4718 Gem’mina
3517 4661 3749 4731 vipera-

2090 4765 2247 4820 rum,
2297 4751 2430 4821 quis
2461 4752 2717 4806 ostendit
2774 4749 2937 4806 vobis
2976 4750 3191 4820 lugere
3221 4766 3259 4806 ει
3314 4755 3569 4806 ventura
3599 4751 3696 4806 ira
3723 4753 3749 4803 ἒ

2092 4839 2297 4895 Facite
2315 4855 2456 4910 ergo
2467 4840 2707 4908 fructus
2723 4841 2931 4910 dignos
2945 4840 3334 4908 poenitentiae.
3350 4836 3570 4906 Dignos
3585 4838 3748 4894 enim

2093 4926 2317 4984 fructus
2341 4926 2698 4999 paenitentiae
2729 4929 2940 4994 facere,
2973 4926 3086 4981 hoc
3117 4931 3206 4982 est
3235 4927 3314 4982 ad
3352 4928 3591 4999 portam
3635 4926 3748 4983 fer-

2092 5033 2260 5073 ream
2287 5033 2632 5090 properare,
2661 5019 2775 5073 hoc
2799 5021 2891 5072 est
2918 5017 2998 5071 ita
3022 5014 3355 5087 plenariam
3379 5018 3500 5071 Deo
3522 5016 3751 5072 satisfa-

2097 5106 2355 5163 ctionem
2383 5107 2595 5161 offerre
2621 5111 2686 5161 ut
2714 5121 2751 5162 a
2790 5105 2962 5161 licitis
2991 5103 3171 5160 etiam
3214 5106 3431 5162 debeat
3456 5104 3752 5162 abstinere

2095 5194 2200 5266 qui
2231 5211 2292 5249 se
2308 5192 2579 5249 meminit
2606 5193 2805 5249 illicita
2829 5195 3222 5264 perpetrasse.
3255 5194 3345 5250 Ad
3365 5195 3523 5251 hanc
3551 5196 3753 5266 itaque

2098 5287 2336 5354 portam
2375 5282 2628 5337 ferream
2658 5285 2894 5338 Petrum
2937 5282 3227 5339 eductum
3255 5284 3332 5340 de
3376 5299 3611 5340 carcere
3646 5299 3754 5339 an-

2101 5372 2268 5443 gelus
2291 5371 2474 5440 ducit,
2498 5372 2643 5444 quia
2673 5388 2871 5428 sermo
2901 5371 3162 5440 divinus,
3189 5379 3515 5448 postquam
3541 5389 3655 5430 nos
3681 5371 3756 5429 de

2101 5477 2335 5518 carcere
2356 5461 2585 5533 peccati
2609 5478 2716 5534 per
2743 5460 3009 5518 ofﬁcium
3055 5463 3454 5519 confessionis
3483 5459 3756 5526 extrahit,

2101 5567 2288 5623 quam
2330 5549 2595 5608 districta
2633 5550 3030 5607 satisfactione
3076 5552 3263 5606 Deum
3315 5551 3492 5607 nobis
3518 5549 3759 5622 placare

2103 5640 2436 5699 debeamus
2464 5639 2740 5699 ostendit.
2767 5642 2914 5707 Quae
2929 5638 3221 5698 nimirum
3246 5643 3422 5712 porte
3441 5638 3631 5695 ferrea
3649 5635 3764 5692 du-
