4018 6176
299 181 402 233 303

1358 174 1414 230 S.
1458 171 1791 229 FULBERTl
1829 171 2308 229 CARNOTENSIS
2345 173 2680 231 EPISCOPI.

3622 174 3739 228 304

299 301 376 357 cit
418 299 497 357 ad
550 297 869 369 civitatem,
918 296 1063 369 quia
1103 296 1528 354 satisfactionis
1576 296 1853 368 angustia
1880 294 1959 352 ad
1990 300 2038 353 Α
2066 295 2424 369 praedicator
2459 297 2908 354 demonstratur
2933 294 3372 352 veritatis.Jam
3398 310 3566 351 nunc
3586 288 3740 365 ergo

297 388 674 446 latitudinem
717 402 830 442 nos
882 402 1154 459 supernae
1186 386 1439 443 civitatis
1485 386 1837 442 intromittit.
1869 384 1959 440 Ad

300 478 471 550 cujus
491 477 777 533 nimirum
798 475 1050 532 civitatis
1077 476 1301 547 gaudia
1322 493 1463 533 cum
1488 491 1806 532 conversus
1826 490 1960 547 pec-

299 571 463 624 cator
509 564 756 621 ferventi
803 579 1010 621 amore
1066 564 1325 633 festinat,
1385 580 1624 636 gressus
1680 561 1960 620 desiderii

299 656 430 726 ejus
458 653 744 727 quaslibet
757 658 944 727 portae
977 654 1178 711 ferreae
1207 654 1494 711 districtio
1522 670 1645 711 non
1672 652 1954 709 retardat.

300 744 466 801 Unde
496 743 652 800 bene
683 748 860 817 porta
889 744 1082 802 ferrea
1108 744 1344 801 dicitur.

367 835 497 890 XIX.
530 834 670 901 Qum
693 835 856 890 ultro
885 840 1099 904 aperta
1119 840 1203 891 est
1226 836 1327 892 eis.
1347 836 1495 890 Cum
1520 836 1721 888 Petrus
1743 829 1957 900 angelo

295 926 600 996 praeeunte
622 922 701 978 ad
723 926 960 996 portam
979 922 1159 991 venit,
1175 928 1312 979 ante
1329 923 1528 995 ipsum
1548 924 1723 994 porta
1742 918 1957 975 eadem

299 1027 361 1067 se
388 1012 543 1068 ultro
572 1011 762 1085 aperit
787 1030 801 1080 ;
834 1012 977 1085 quia
1007 1029 1146 1068 cum
1176 1028 1497 1068 conversus
1525 1013 1805 1084 peccator
1830 1024 1960 1064 ves-

299 1101 445 1172 tigia
475 1105 694 1157 sanctae
745 1101 1188 1174 praedicationis
1220 1118 1358 1157 cum
1403 1100 1704 1157 alacritate
1749 1114 1958 1171 prose-

299 1190 521 1263 quitur,
571 1194 786 1246 cuncta
817 1190 898 1246 illi
927 1191 1080 1246 ﬁunt
1108 1190 1305 1247 facilia
1338 1206 1474 1263 qua:
1503 1189 1669 1263 prius
1695 1186 1955 1244 difﬁcilia

300 1278 674 1335 videbantur.
693 1280 759 1334 Et
782 1279 887 1351 qui
918 1284 1113 1350 antea,
1138 1283 1525 1353 peccatorum
1556 1277 1959 1350 grossitudine

301 1366 601 1434 dilatatus,
634 1366 880 1423 nonnisi
907 1383 1014 1440 per
1043 1368 1250 1441 ampla
1278 1368 1656 1441 voluptatum
1684 1367 1959 1422 incedere

298 1454 509 1527 potuit,
550 1470 734 1523 nunc,
764 1458 1119 1512 extenuatus
1158 1456 1304 1513 lima
1331 1455 1713 1529 paenitentiae,
1741 1454 1961 1528 quasli-

299 1542 401 1598 bet
424 1543 733 1613 angustias
762 1543 889 1601 sine
914 1544 1260 1601 diﬁicultate
1290 1544 1623 1618 pertransit.
1659 1544 1772 1601 Sed
1792 1560 1957 1616 quaa-

2064 384 2489 457 investigemus
2518 386 2832 461 quomodo
2869 386 3232 460 praedicator
3261 402 3400 442 cum
3438 400 3741 442 converso

2065 481 2381 549 peccatore
2410 477 2487 534 ad
2518 481 2759 550 portam
2786 476 3041 533 ferream
3079 474 3301 546 veniat,
3332 480 3390 533 et
3415 475 3742 549 quomodo

2065 570 2304 638 portam
2351 565 2528 623 istam
2559 582 2699 621 cum
2727 565 2944 622 eodem
2970 568 3367 639 pertranseat.
3405 563 3742 621 Videamus

2065 654 2351 725 angelum
2372 671 2514 711 cum
2538 656 2709 711 Petro
2736 670 2847 711 suo
2875 654 2954 711 ad
2968 657 3203 727 portam
3235 653 3492 710 ferream
3515 668 3747 726 prope-

2063 748 2318 800 rantem.
2377 747 2446 800 Et
2501 744 2639 817 quis
2696 743 2896 800 verius
2954 742 3247 799 dicendus
3303 747 3398 798 est
3450 741 3740 813 angelus,

2063 848 2252 905 quam
2276 832 2373 889 ille
2401 833 2478 889 de
2507 849 2632 906 quo
2663 833 2952 906 scriptum
2977 837 3082 888 est:
3117 833 3272 888 Ecce
3292 847 3399 903 ego
3429 833 3604 887 mitto
3629 847 3747 888 an-

2062 923 2261 992 gelum
2293 938 2487 980 meum
2543 929 2685 979 ante
2714 929 2789 989 te,
2824 929 2880 978 et
2911 921 3293 992 praeparabit
3323 922 3481 978 viam
3514 926 3687 977 tuam
3712 924 3746 976 Ξ)

2065 1011 2169 1084 qui
2218 1011 2505 1068 nimirum
2537 1028 2676 1069 cum
2714 1011 2957 1081 diceret,
3012 1012 3219 1068 Facite
3243 1012 3486 1081 fructus
3515 1011 3741 1081 dignos

2061 1102 2446 1173 paenitentiae,
2476 1101 2625 1175 quid
2653 1100 2817 1157 aliud
2847 1100 3066 1171 agebat
3106 1099 3220 1156 nisi
3259 1102 3498 1156 Petrum
3524 1116 3739 1171 suum,

2066 1190 2127 1247 id
2158 1195 2250 1246 est
2299 1207 2625 1247 conversos
2670 1195 3037 1263 peccatores,
3070 1190 3149 1246 ad
3203 1194 3441 1262 portam
3471 1190 3738 1246 ferream

2066 1295 2390 1353 properare
2437 1281 2726 1337 monebat
2748 1280 2777 1336 ?
2833 1279 3155 1336 Videamus
3208 1294 3372 1335 nunc
3422 1279 3472 1335 si
3499 1284 3559 1336 et
3601 1279 3739 1352 ipse

2066 1385 2175 1443 per
2223 1370 2503 1426 eamdem
2544 1373 2780 1443 portam
2829 1368 3146 1425 transierit.
3207 1371 3275 1425 Et
3318 1368 3457 1442 quis
3509 1367 3739 1425 melius

2066 1458 2188 1527 illo,
2219 1458 2343 1515 imo
2372 1459 2508 1532 quis
2530 1458 2684 1515 adeo
2713 1458 2865 1515 sicut
2890 1458 2986 1514 ille
3011 1458 3134 1531 qui,
3163 1458 3226 1514 in
3268 1457 3561 1514 indicium
3599 1474 3740 1531 pae-

2068 1548 2329 1605 nitentiaa
2384 1553 2441 1605 et
2498 1547 2857 1617 aﬂlictionis,
2909 1546 3045 1621 pilis
3087 1546 3459 1603 camelorum
3506 1563 3741 1621 corpus

299 1630 557 1687 rendum
604 1631 782 1689 video
840 1648 944 1688 cur
1004 1633 1076 1690 sit
1105 1633 1353 1704 dictum,
1389 1640 1601 1704 aperta
1649 1640 1730 1690 est
1771 1636 1870 1699 eis,
1903 1636 1962 1689 et
1988 1650 2030 1705 Β
2072 1654 2253 1694 suum
2276 1636 2569 1706 limabat;
2616 1636 2721 1710 qui
2746 1637 2806 1693 in
2838 1636 3080 1706 signum
3108 1635 3545 1693 mortiﬁcandae
3565 1636 3739 1692 volu-

301 1738 425 1778 non
448 1722 669 1794 potius,
688 1728 902 1792 aperta
931 1728 1014 1779 est
1045 1724 1116 1779 ei.
1134 1726 1297 1780 Certe
1318 1723 1568 1795 angelus
1593 1723 1699 1795 qui
1719 1724 1959 1779 Petrum

301 1810 579 1880 ducebat,
615 1811 855 1885 spiritus
877 1816 1021 1881 erat,
1036 1816 1093 1868 et
1119 1812 1391 1885 proinde,
1406 1813 1583 1869 etiam
1606 1828 1729 1869 non
1751 1816 1959 1885 aperta

302 1905 476 1973 porta
522 1900 756 1968 eadem,
811 1916 917 1973 per
948 1901 1334 1959 subtilitatem
1365 1902 1685 1975 spiritualis
1731 1907 1959 1958 naturae

304 1991 553 2047 transire
600 1994 851 2063 poterat.
906 1994 1056 2048 Nam
1086 2008 1288 2049 carcer
1316 2008 1558 2066 quoque
1607 1992 1681 2048 de
1704 2008 1827 2066 quo
1855 1995 1958 2048 Pe-

304 2083 463 2136 trum
493 2080 764 2151 extraxit,
791 2080 1031 2137 clausus
1070 2087 1196 2139 erat
1227 2101 1239 2152 ;
1287 2083 1348 2139 in
1376 2098 1557 2155 quem
1588 2087 1792 2138 tamen
1821 2098 1959 2137 cum

303 2168 600 2235 intrasset,
626 2185 751 2225 non
778 2169 993 2241 legitur
1020 2171 1224 2245 aliqua
1249 2173 1438 2244 janua
1474 2172 1793 2245 patefacta.
1848 2171 1961 2228 Sed

301 2258 399 2315 hic
428 2259 578 2316 forte
608 2259 932 2332 opponitur
960 2261 1105 2333 quia
1130 2261 1347 2318 scilicet
1373 2277 1494 2318 non
1514 2261 1727 2332 legitur
1747 2260 1962 2334 aliquis

306 2348 507 2405 aditus
559 2349 896 2422 patefactus
948 2367 1088 2407 cum
1117 2351 1195 2408 ad
1234 2368 1374 2407 eum
1421 2352 1682 2415 intravit,
1741 2351 1823 2407 ita
1852 2366 1963 2405 nec

304 2443 447 2495 tunc
477 2438 729 2512 quidem
757 2439 906 2496 dum
931 2456 1070 2497 cum
1101 2441 1316 2497 eodem
1356 2441 1535 2498 exivit
1567 2460 1581 2509 ;
1613 2457 1684 2498 ac
1710 2440 1962 2514 proinde

303 2527 489 2583 videri
514 2527 734 2584 debere
764 2529 933 2601 quod
959 2529 1126 2586 illum
1170 2546 1293 2587 non
1321 2534 1582 2586 reserato
1619 2530 1786 2586 aditu
1814 2530 1961 2585 edu-

303 2617 471 2673 xerit.
504 2617 619 2675 Sed
634 2618 762 2675 heec
783 2618 987 2691 opinio
1017 2634 1140 2676 non
1164 2620 1311 2676 mihi
1337 2620 1681 2693 recipienda
1705 2620 1958 2689 videtur,

304 2706 419 2762 nisi
459 2706 665 2779 aliquo
696 2708 1003 2765 canonicae
1036 2709 1350 2781 Scriptura:
1380 2709 1723 2767 testimonio
1751 2709 1961 2766 conﬁr-

304 2800 520 2865 metur;
549 2796 908 2853 canonicam
929 2802 1130 2855 autem
1154 2798 1519 2870 Scripturam
1536 2814 1698 2855 nunc
1724 2798 1961 2871 appello

305 2902 441 2942 eam
468 2901 605 2958 quae
632 2885 695 2941 in
724 2901 957 2942 canone
985 2886 1276 2944 ﬁbrarum
1290 2887 1505 2943 Veteris
1534 2893 1591 2944 et
1615 2888 1756 2944 Novi
1772 2891 1965 2944 Testa-

2069 1726 2248 1801 ptatis
2296 1742 2509 1782 zonam
2558 1725 2868 1799 pelliceam
2913 1725 3071 1781 circa
3116 1724 3362 1781 lumbos
3413 1725 3739 1793 habebat;

2069 1818 2194 1891 qui,
2224 1816 2287 1873 in
2329 1817 2764 1873 documentum
2793 1815 3111 1887 singularis
3142 1814 3541 1888 abstinentiae,
3572 1832 3742 1890 pane

2071 1910 2437 1979 contempto,
2460 1904 2722 1962 locustas
2753 1909 2811 1960 et
2852 1904 2971 1960 mel
2997 1902 3259 1960 silvestre
3289 1903 3545 1971 edebat;
3605 1905 3739 1978 qui,

2072 1997 2133 2052 in
2179 1995 2524 2068 exemplum
2573 1999 2819 2051 remotas
2868 1993 3359 2063 conversationis,
3415 1993 3477 2050 in
3529 2010 3743 2051 eremo

2072 2084 2438 2161 consistebat
2456 2085 2484 2139 ?
2512 2083 2834 2140 Videamus
2865 2082 3051 2138 alium
3077 2082 3364 2152 angelum
3394 2099 3537 2139 cum
3564 2086 3742 2141 Petro

2073 2191 2183 2231 suo
2214 2174 2293 2231 ad
2338 2178 2573 2247 portam
2602 2172 2856 2229 ferream
2898 2176 3345 2245 properantem.
3393 2171 3540 2238 Quis
3570 2174 3738 2229 enim

2070 2264 2265 2322 verior
2304 2262 2555 2334 angelus
2581 2262 2683 2319 illo
2735 2262 2841 2335 qui
2865 2261 3055 2318 dixit:
3106 2262 3205 2317 An
3254 2264 3739 2331 experimentum

2075 2356 2203 2424 ejus
2232 2354 2521 2425 queritis,
2551 2354 2659 2423 qui
2702 2353 2764 2408 in
2790 2367 2882 2408 me
2910 2352 3181 2422 loquitur
3219 2351 3500 2409 Christus
3519 2355 3550 2407 ?
3603 2356 3742 2425 Ipse

2072 2443 2273 2516 itaque
2302 2446 2471 2499 Petro
2516 2457 2645 2507 suo,
2701 2440 2977 2511 gentibus
3026 2440 3267 2512 scilicet,
3307 2457 3465 2515 quas
3497 2440 3576 2498 de
3602 2458 3738 2497 car-

2074 2548 2205 2588 cere
2252 2530 2615 2588 inﬁdelitatis
2674 2530 2979 2596 eduxerat,
3012 2529 3159 2602 quid
3189 2530 3316 2586 ait?
3360 2532 3464 2588 Sic
3506 2538 3745 2589 currite

2072 2628 2142 2678 ut
2171 2621 2729 2691 comprehendatis;
2759 2620 2948 2676 omnis
2970 2621 3126 2676 enim
3155 2620 3261 2691 qui
3286 2622 3351 2675 in
3373 2636 3572 2691 agone
3595 2637 3741 2678 con-

2076 2712 2287 2777 tendit,
2322 2710 2398 2766 ab
2449 2709 2721 2766 omnibus
2762 2725 2824 2765 se
2852 2709 3127 2766 abstinet.
3162 2712 3310 2765 Cum
3335 2724 3481 2780 ergo
3510 2725 3621 2767 eos
3654 2710 3742 2766 sic

2074 2816 2309 2857 currere
2334 2803 2399 2856 ut
2426 2798 2942 2873 comprehendant
2966 2797 3271 2865 admonet,
3286 2785 3434 2871 quid
3464 2815 3611 2855 cum
3625 2800 3742 2856 illis

2075 2889 2216 2961 agit,
2249 2889 2362 2945 nisi
2392 2887 2471 2946 ad
2502 2893 2738 2961 portam
2768 2886 2931 2944 illam
2960 2903 3095 2960 quae
3132 2886 3296 2943 ducit
3324 2887 3403 2943 ad
3432 2887 3741 2945 civitatem

305 2974 492 3031 menti
519 2976 875 3032 continetur.
926 2978 992 3031 In
1038 2991 1161 3049 qua
1189 2976 1367 3049 plane
1395 2992 1702 3051 nusquam
1752 2993 1846 3033 me
1876 2977 1960 3034 le-
1992 3003 2035 3060 ο
2075 2978 2181 3035 ubi
2209 2978 2488 3034 brevium
2535 2976 2830 3049 recepturi
2871 2980 3010 3032 sunt
3059 2975 3300 3032 tendere
3346 2976 3676 3049 persuadet
3709 2978 3739 3033 ?

309 3064 467 3136 gisse
493 3064 776 3120 recordor
805 3065 970 3137 quod
999 3065 1183 3122 homo
1214 3066 1539 3140 quispiam,
1571 3066 1808 3123 mortali
1838 3083 1962 3123 cor-

306 3169 452 3227 pore
498 3152 765 3223 vestitus,
805 3169 914 3227 per
942 3153 1205 3228 aliquem
1254 3156 1486 3212 aditum
1514 3172 1640 3212 non
1686 3160 1963 3230 apertum

307 3260 448 3300 cum
479 3261 590 3300 suo
621 3243 816 3300 solido
847 3259 1097 3318 corpore
1128 3245 1376 3302 transire
1406 3245 1682 3317 potuerit,
1716 3251 1964 3319 excepto

306 3334 562 3391 Domino
592 3338 797 3391 nostro
844 3336 986 3390 Jesu
1017 3335 1269 3408 Christo,
1302 3334 1427 3409 qui,
1478 3339 1535 3391 et
1581 3351 1720 3391 cum
1752 3352 1963 3393 nasce-

302 3427 486 3492 retur,
528 3439 652 3480 non
701 3427 910 3496 aperto
939 3424 1089 3480 ostio
1138 3424 1214 3479 de
1260 3428 1466 3480 ventre
1510 3424 1720 3480 matris
1766 3426 1961 3493 exivit,

303 3517 365 3568 et
389 3529 528 3567 cum
556 3516 915 3581 resurgeret,
951 3528 1090 3567 cum
1122 3512 1337 3568 eodem
1368 3527 1478 3568 suo
1506 3512 1829 3570 immortali
1860 3514 1965 3570 sed

306 3606 512 3657 tamen
544 3616 684 3656 vero
713 3616 984 3674 corpore,
1020 3600 1242 3657 clausis
1265 3601 1494 3673 januis,
1536 3602 1614 3658 ad
1639 3603 1966 3677 discipulos

304 3688 567 3745 intravit.
601 3692 754 3745 Nam
796 3688 847 3744 si
875 3688 1010 3761 quis
1039 3689 1186 3746 illud
1212 3690 1482 3763 opponit,
1513 3692 1680 3763 quod
1710 3692 1784 3747 de
1812 3709 1964 3766 quo-

307 3778 453 3834 dam
474 3778 751 3851 apostolo
766 3777 1002 3848 legitur,
1017 3778 1182 3851 quod
1199 3778 1419 3836 scilicet
1433 3779 1514 3836 ad
1534 3796 1737 3851 regem
1757 3799 1968 3855 quem-

306 3866 452 3923 dam
491 3865 708 3923 clausis
753 3866 960 3938 januis
999 3866 1260 3936 intravit,
1312 3868 1658 3942 exemplum
1685 3870 1800 3927 hoc
1841 3887 1965 3928 non

305 3971 405 4012 me
436 3958 612 4023 tenet,
642 3971 768 4012 non
805 3972 903 4013 me
933 3960 1145 4025 terret;
1192 3956 1336 4031 quia
1381 3957 1514 4031 ipsa
1538 3975 1782 4033 quoque
1815 3962 1965 4018 Scri-

306 4050 484 4118 ptura
508 4044 571 4101 in
595 4061 721 4118 qua
756 4045 873 4102 hoc
909 4045 1144 4116 legitur,
1177 4049 1416 4103 Patrum
1446 4048 1791 4106 auctoritate
1817 4049 1967 4106 inter

308 4133 661 4206 apocrypha
685 4138 1057 4190 numeratur.
1091 4135 1291 4192 Potius
1329 4135 1530 4209 itaque
1568 4136 1682 4194 hoc
1723 4138 1965 4195 creden-

309 4222 479 4291 dum,
508 4222 674 4294 quod
703 4222 953 4294 angelus
991 4224 1095 4296 qui
1125 4224 1203 4280 ad
1231 4227 1467 4282 Petrum
1491 4226 1553 4283 in
1587 4243 1822 4284 carcere
1842 4244 1967 4286 non

311 4315 519 4384 aperto
572 4310 739 4367 aditu
795 4327 903 4384 per
953 4311 1339 4369 subtilitatem
1397 4314 1682 4385 angelicae
1736 4322 1966 4373 naturae

309 4400 571 4473 intravit,
603 4400 764 4457 idem
792 4401 941 4475 ipse,
975 4405 1039 4457 ut
1062 4418 1200 4459 eum
1226 4404 1521 4473 educeret,
1555 4422 1663 4478 per
1691 4405 1967 4463 virtutem

312 4489 549 4546 Domini
598 4489 818 4546 ostium
874 4491 1128 4548 carceris
1180 4492 1471 4565 patefecit.
1536 4495 1650 4552 Sed
1705 4496 1972 4569 quolibet

311 4578 498 4636 modo
527 4595 666 4635 eum
700 4579 991 4649 eduxerit,
1032 4580 1243 4638 viderit
1269 4582 1366 4638 ille
1387 4582 1492 4657 qui
1520 4582 1657 4639 fecit
1688 4603 1701 4653 ;
1752 4600 1863 4641 nos
1892 4586 1971 4642 ad

311 4669 688 4742 propositam
713 4668 1037 4726 redeamus
1065 4672 1479 4744 quaestionem.

386 4757 819 4825 Quaerebamus
866 4750 1029 4816 enim
1072 4777 1179 4817 cur
1206 4761 1281 4817 de
1323 4766 1496 4834 porta
1551 4761 1856 4834 pluraliter
1881 4764 1972 4821 di-

315 4853 478 4904 ctum
504 4848 595 4916 sit,
627 4856 841 4920 aperta
869 4855 953 4907 est
986 4851 1086 4916 eis,
1119 4854 1175 4906 et
1194 4866 1317 4907 non
1347 4851 1545 4923 potius
1574 4851 1968 4923 singulariter,

315 4944 530 5007 aperta
554 4944 637 4995 est
690 4939 763 5007 ei,
792 4957 805 5006 ;
864 4955 1005 4995 cum
1053 4938 1257 5012 utique
1288 4954 1411 4996 non
1442 4940 1678 5011 angelo,
1718 4942 1824 5015 qui
1851 4944 1972 5017 spi-

318 5027 465 5082 ritus
496 5031 641 5096 erat,
674 5027 779 5082 sed
830 5032 1061 5084 tantum
1108 5031 1296 5096 Petro,
1345 5028 1447 5103 qui
1504 5029 1698 5086 solido
1728 5048 1972 5105 corpore

318 5114 681 5171 vestiebatur
728 5117 1084 5187 necessaria,
1116 5117 1229 5174 ista
1274 5119 1463 5191 pertio
1492 5118 1825 5178 videbatur.
1861 5123 1975 5180 Sed

319 5203 438 5259 ista
460 5202 664 5260 littera:
703 5205 1049 5264 difﬁcultate
1081 5208 1159 5264 ad
1184 5208 1480 5266 internam
1527 5207 1974 5281 intelligentiam

322 5290 629 5362 mittimur,
681 5310 868 5367 quam
928 5296 977 5351 si
1023 5297 1207 5370 paulo
1258 5296 1601 5369 diligentius
1650 5298 1971 5369 intuemur,

320 5380 661 5439 videbimus
710 5386 909 5442 statim
970 5402 1156 5458 quam
1214 5392 1612 5458 congruenter
1675 5390 1976 5447 ambobus

322 5476 527 5544 aperta
568 5490 698 5530 esse
726 5479 901 5547 porta
947 5474 1161 5532 eadem
1198 5480 1581 5534 memoretur.
1633 5476 1791 5534 Sicut
1815 5479 1975 5535 enim

323 5575 506 5632 supra
528 5562 659 5633 jam
688 5562 974 5629 diximus,
1006 5563 1098 5618 vir
1126 5564 1291 5620 fortis
1320 5565 1640 5637 prolapsus
1669 5566 1730 5622 in
1762 5584 1835 5639 pe
1847 5583 1974 5623 sca-

322 5653 451 5707 tum
480 5666 588 5723 per
616 5654 852 5707 Petrum
882 5651 1253 5724 designatur,
1282 5670 1389 5727 per
1416 5653 1699 5725 angelum
1729 5656 1979 5729 quilibet

2077 3071 2225 3126 Cum
2282 3084 2425 3124 vero
2478 3066 2631 3139 illos,
2663 3066 2938 3139 exemplo
2994 3065 3299 3122 saecularis
3346 3064 3593 3131 athletae,
3648 3066 3735 3123 ab

2076 3157 2361 3214 omnibus
2409 3173 2545 3229 quas
2576 3171 2814 3225 agonen
2856 3154 3198 3227 impediunt
3226 3153 3489 3227 praecipit
3539 3153 3734 3210 absti-

2075 3263 2237 3313 nere,
2259 3246 2409 3320 quid
2439 3262 2579 3301 cum
2606 3244 2722 3301 illis
2738 3244 2879 3315 agit,
2894 3242 3007 3299 nisi
3032 3243 3345 3316 quomodo
3360 3259 3464 3316 per
3490 3248 3738 3316 portam

2076 3335 2328 3392 ferream
2361 3333 2621 3390 debeant
2649 3332 2867 3389 intrare
2896 3330 3201 3388 ostendit?
3230 3330 3550 3388 Videamus
3572 3347 3743 3389 nunc

2077 3424 2126 3479 si
2153 3429 2209 3480 et
2236 3424 2365 3497 ipse
2394 3424 2523 3479 haec
2546 3426 2703 3491 agat,
2739 3421 2813 3478 ad
2840 3437 2976 3493 qua:
3008 3419 3315 3489 agendum
3348 3436 3491 3476 suos
3520 3436 3743 3493 sequa-

2077 3530 2175 3570 ces
2204 3514 2507 3570 informat.
2558 3511 2685 3568 Ait:
2738 3512 2868 3582 Ego
2918 3512 3002 3568 sic
3040 3525 3243 3577 curro,
3293 3526 3413 3566 non
3452 3512 3634 3581 quasi
3675 3512 3739 3566 in

2076 3605 2409 3674 incertum;
2432 3604 2515 3659 sic
2538 3617 2769 3673 pugno,
2800 3616 2921 3657 non
2940 3600 3117 3671 quasi
3145 3614 3342 3656 aerem
3372 3599 3737 3657 verberans:

2075 3693 2179 3748 sed
2206 3693 2433 3762 castigo
2464 3705 2680 3759 corpus
2711 3706 2922 3756 meum,
2956 3693 3011 3745 et
3036 3690 3100 3742 in
3130 3690 3474 3745 servitutem
3503 3690 3738 3760 redigo,

2076 3799 2152 3840 ne
2177 3784 2358 3853 forte,
2410 3782 2547 3838 aliis
2588 3779 2953 3850 praedicans,
2986 3780 3112 3848 ipse
3158 3779 3447 3847 reprobus
3473 3780 3737 3849 efﬁciar.

2078 3875 2225 3930 Cum
2272 3870 2473 3943 itaque
2519 3873 2576 3924 et
2623 3868 2890 3942 seipsum
2948 3882 3181 3923 currere
3208 3870 3267 3922 et
3294 3882 3569 3940 pugnare
3600 3867 3745 3923 insi-

2077 3964 2244 4027 nuat,
2276 3958 2422 4032 quid
2449 3957 2564 4013 nisi
2590 3974 2651 4013 se
2673 3972 2916 4030 quoque
2947 3955 3025 4012 ad
3049 3958 3288 4028 portam
3318 3955 3574 4012 ferream
3602 3972 3743 4028 pro-

2077 4065 2287 4124 perare
2358 4048 2736 4104 demonstrat
2762 4047 2790 4101 ?
2839 4048 2991 4102 Bene
3045 4060 3188 4115 ergo
3255 4045 3333 4101 de
3386 4045 3500 4101 hac
3560 4050 3743 4119 porta

2079 4140 2313 4207 dicitur,
2341 4154 2473 4209 quae
2500 4138 2660 4193 ultro
2691 4142 2902 4207 aperta
2932 4141 3017 4192 est
3046 4135 3170 4206 eis;
3197 4134 3345 4206 quia
3373 4135 3563 4190 sancti
3584 4150 3742 4208 pras-

2079 4229 2373 4286 dicatores
2424 4226 2632 4296 nostri,
2677 4225 2784 4299 qui
2811 4241 2922 4281 nos
2949 4223 3025 4279 de
3071 4239 3307 4279 carcere
3349 4229 3744 4297 peccatorum

2084 4318 2366 4383 educunt,
2399 4314 2719 4370 nobiscum
2761 4317 2999 4387 portam
3038 4312 3292 4368 ferream
3323 4312 3566 4379 intrant,
3598 4329 3738 4369 cum

2080 4407 2195 4482 ipsi
2223 4420 2487 4481 quoque,
2520 4410 2584 4461 ut
2610 4403 2787 4461 nobis
2814 4401 3159 4483 exemplum
3188 4402 3553 4475 pcenitentiee
3583 4418 3742 4475 prae-

2081 4498 2283 4564 beant,
2307 4510 2551 4552 carnem
2577 4510 2753 4551 suam
2779 4510 2917 4550 cum
2947 4492 3099 4549 vitiis
3149 4495 3207 4548 et
3233 4492 3388 4548 dura
3417 4490 3743 4549 afﬂictione

2083 4587 2393 4657 castigant.

2156 4679 2257 4733 ΧΧ.
2290 4675 2601 4749 Sequitur:
2646 4675 2727 4731 Et
2768 4677 3048 4730 exeuntes
3087 4678 3507 4742 processerunt
3542 4673 3744 4728 vicum

2084 4782 2292 4835 unum,
2311 4771 2367 4821 et
2392 4766 2674 4822 continuo
2690 4764 2951 4820 discessit
2974 4764 3226 4833 angelus
3255 4762 3332 4819 ab
3362 4761 3612 4828 eo.Quid
3632 4777 3747 4833 per

2082 4856 2284 4912 vicum
2316 4869 2505 4910 unum
2511 4853 2649 4924 ,nisi
2670 4868 2833 4909 mors
2850 4852 3046 4908 carnis
3067 4851 3384 4924 accipitur?
3410 4852 3555 4917 Qua:
3578 4849 3750 4906 vide-

2082 4946 2219 5003 licet
2236 4961 2400 5001 mors
2421 4942 2795 5014 carnis,bene
2811 4957 2934 4998 non
2950 4941 3118 4997 vicus
3147 4941 3417 5015 quidem,
3435 4940 3543 4997 sed
3567 4940 3745 4996 vicus

2085 5052 2241 5092 unus
2262 5034 2643 5107 dicitur,quia
2658 5049 2765 5107 per
2780 5032 2973 5105 ipsam
2991 5031 3153 5088 viam
3165 5030 3524 5088 universitas
3545 5029 3751 5086 carnis

2086 5124 2335 5181 transire
2366 5121 2760 5195 compellitur.
2819 5120 2984 5177 Unde
3014 5124 3072 5176 et
3118 5121 3178 5176 in
3228 5119 3547 5193 Scripturis
3575 5134 3747 5175 mors

2085 5212 2425 5280 eadem,via
2450 5212 2742 5268 universae
2763 5210 2958 5268 carnis
2976 5208 3520 5279 vocatur.Angelus
3538 5208 3747 5281 itaque

2083 5302 2189 5375 qui
2218 5304 2455 5357 Petrum
2512 5299 2587 5355 de
2630 5314 2865 5355 carcere
2903 5297 3122 5365 educit,
3165 5311 3489 5370 quousque
3542 5294 3747 5351 vicum

2086 5407 2274 5447 unum
2300 5388 2606 5463 procedat,
2620 5404 2759 5444 eum
2790 5402 2911 5444 non
2932 5386 3168 5455 deserit;
3199 5385 3345 5459 quia
3363 5399 3563 5442 sermo
3589 5383 3745 5439 divi-

2085 5496 2224 5547 nus,
2256 5478 2361 5551 qui
2389 5478 2563 5535 nobis
2591 5494 2697 5551 per
2721 5493 2828 5534 ora
2874 5475 3326 5549 prtedicantium
3358 5474 3520 5531 viam
3571 5488 3747 5543 egre-

2085 5567 2289 5623 diendi
2320 5565 2394 5621 de
2419 5571 2665 5640 peccato
2692 5565 2968 5631 ostendit,
2989 5564 3200 5621 tandiu
3221 5563 3398 5619 nobis
3426 5561 3747 5618 individuo

2087 5656 2375 5715 comitatu
2387 5656 3207 5728 adhaeret,quousque,morte
3228 5651 3428 5710 carnis
3441 5655 3748 5725 pertrans-
