4018 6176
271 135 379 189 305
1465 118 1894 178 TRACTATUS
1943 119 2223 179 CONTRA
2257 123 2569 182 JUDEOS.
3661 149 3766 202 306

276 256 379 324 ita,
410 270 548 311 eum
576 252 755 310 nobis
770 266 958 325 quem
982 247 1345 323 promiserat
1370 247 1797 335 repraesentet.
2014 247 2063 300 A
2090 247 2455 335 spectatione
2480 248 2671 317 plebis
2696 253 3053 312 Judworum
3090 258 3423 333 eripimur;
3463 264 3612 335 quia
3641 268 3767 325 sive

278 359 543 417 eousque
558 356 802 399 necesse
819 344 909 397 est
924 344 994 396 ut
1006 337 1329 395 nobiscum
1351 337 1602 424 pergat;
1624 333 1784 408 quia
1800 331 1984 424 etiam
2090 333 2345 424 maligni
2368 335 2629 408 spiritus,
2661 339 2786 396 sive
2813 345 3078 415 perversi
3101 331 3403 420 homines,
3433 331 3539 424 qui
3568 354 3768 413 bono-

279 433 499 505 egressi
527 432 601 487 de
632 445 869 488 carcere
898 427 1075 485 citius
1096 439 1453 489 erraremus,
1479 422 1598 478 nisi
1631 439 1753 496 per
1807 420 1983 477 illum

279 522 460 579 nobis
491 521 599 577 iter
638 536 763 593 quo
796 518 1167 575 deberemus
1216 511 1449 584 ingredi
1493 514 1980 568 monstraretur.

284 615 435 669 Cum
461 614 660 667 autem
681 608 889 665 vicum
909 621 1110 663 unum
1128 601 1529 677 procedimus,
1549 599 1860 657 continuo
1878 614 1986 655 an-

285 701 455 772 gelus
484 717 520 756 a
544 697 721 755 nobis
750 695 1048 764 discedit;
1079 693 1222 768 quia
1246 707 1383 748 cum
1410 690 1546 763 ipso
1579 690 1696 761 [an
1720 688 1981 763 ipsum),

284 790 391 864 qui
417 788 536 859 via,
560 788 800 855 veritas,
829 791 889 842 et
911 785 1038 841 vita
1084 788 1191 853 est,
1224 779 1505 847 vidimus,
1528 779 1674 851 jam
1723 779 1985 834 ductore

284 879 527 936 ulterius
550 894 673 935 non
694 892 970 947 egemus.

359 972 486 1026 XXI.
522 967 799 1042 Sequitur
832 984 846 1022 :
875 966 960 1021 Et
990 966 1208 1022 Petrus
1233 964 1313 1023 ad
1338 976 1399 1018 se
1450 972 1738 1016 reversus
1764 957 1934 1013 discit
1968 975 1983 1014 :

285 1061 468 1115 Nunc
492 1059 610 1115 scio
634 1071 770 1114 vere
795 1056 945 1129 quia
963 1056 1125 1111 misit
1146 1054 1427 1111 Dominus
1447 1048 1749 1120 angelum
1772 1061 1985 1117 suum,

289 1156 347 1207 et
377 1149 595 1219 eripuit
623 1162 715 1203 me
740 1146 815 1203 de
835 1159 1032 1201 manu
1062 1144 1336 1211 Herodis,
1368 1145 1424 1197 et
1467 1139 1541 1195 de
1564 1136 1744 1194 omni
1765 1150 1988 1205 exspe-

2090 438 2229 479 rum
2259 422 2647 483 aﬂlictionem
2679 427 2979 488 inhianter
3009 442 3376 508 exspectant,
3417 422 3639 499 nostris
3671 460 3770 502 ca-

2093 510 2262 567 sibus
2276 512 2409 584 jam
2431 515 2722 590 deinceps
2752 533 2878 575 non
2908 520 3213 581 insultant.
3247 530 3363 584 Nec
3386 545 3531 587 sane
3585 534 3772 605 negli-

2093 605 2304 671 genter
2330 607 2845 675 praetereumdum
2896 608 3135 668 videtur
3193 618 3361 687 quod
3414 634 3539 675 non
3568 621 3651 678 ait
3698 625 3771 679 de

2094 694 2556 762 exspectatione,
2592 695 2702 750 sed
2745 697 2819 753 de
2844 701 3011 755 omni
3064 709 3521 773 exspectatione.
3551 710 3772 768 Adver-

2096 779 2268 836 sariis
2294 781 2456 836 enim
2477 785 2699 840 nostris
2721 786 2896 843 toties
2926 787 3005 845 ad
3039 794 3450 863 spectaculum
3482 797 3770 856 irridendi

2095 869 2511 962 producimur,
2565 874 2804 945 quoties
2828 875 2913 932 eis
2968 878 3161 936 risum
3188 881 3264 937 de
3321 884 3523 957 nobis,
3561 903 3772 962 perpe-

2096 960 2252 1014 trato
2274 958 2545 1031 quolibet
2574 962 2845 1034 crimine,
2879 966 3237 1025 exhibemus
3264 990 3276 1039 ;
3305 972 3450 1045 quia
3480 958 3644 1032 aliud
3670 958 3776 1034 vest

2100 1048 2513 1137 spectaculum
2567 1049 2917 1123 iracundiae,
2952 1054 3118 1112 aliud
3148 1060 3434 1131 avaritiae,
3476 1063 3642 1121 aliud
3672 1079 3775 1137 gu-

2098 1136 2194 1229 lae,
2226 1136 2393 1193 aliud
2416 1137 2687 1208 luxuriae,
2718 1140 2884 1198 aliud
2911 1159 3083 1201 vanae
3115 1147 3339 1219 gloriae,
3374 1152 3541 1209 aliud
3571 1136 3777 1229 super-

293 1239 548 1296 elatione
594 1236 784 1307 plebis
840 1234 1215 1289 Judaeorum.
1266 1233 1440 1287 Juxta
1483 1226 1754 1283 litteram
1813 1228 1994 1295 patet
2100 1226 2238 1282 bim.
2273 1229 2478 1283 Hostes
2510 1232 2712 1286 autem
2741 1232 2847 1304 qui
2882 1239 3155 1292 nostram
3175 1237 3512 1298 irrisionem
3537 1226 3775 1302 inhian-

294 1343 506 1384 sensus
536 1326 679 1400 quia
698 1328 909 1382 Petrus
931 1323 1015 1379 ab
1040 1321 1140 1378 illo
1159 1320 1371 1416 mentis
1392 1332 1676 1416 excessu.
1692 1314 1758 1370 in
1789 1329 1992 1416 quem
2104 1321 2190 1416 ter
2222 1322 2607 1416 exspectant,
2615 1325 2850 1416 quanto
2878 1339 2992 1379 nos
3008 1326 3372 1397 profundius
3397 1330 3602 1404 lapsos
3619 1335 3776 1408 aspi-

294 1434 418 1493 praa
446 1416 668 1488 gaudio
692 1430 879 1488 super
913 1428 981 1469 se
1036 1417 1239 1485 raptus
1284 1410 1494 1477 fuerat,
1528 1406 1608 1463 ad
1658 1406 1785 1460 hoc
1827 1404 1995 1461 redit
2105 1406 2290 1476 ciunt,
2323 1411 2507 1477 tanto,
2564 1409 2801 1467 sibimet
2858 1413 3318 1488 applaudentes,
3370 1404 3774 1481 insultationis

296 1508 462 1583 quod
517 1506 817 1563 intellectu
882 1501 1193 1561 communi
1247 1504 1303 1557 et
1329 1498 1492 1573 prius
1548 1495 1681 1553 fuit.
1740 1494 1872 1551 Sed
1918 1495 1988 1564 si,

2104 1498 2437 1555 cachinnos
2488 1499 2665 1556 altius
2710 1502 3003 1561 attollunt.
3036 1507 3316 1572 Quandiu
3368 1527 3511 1568 vero
3540 1513 3603 1570 in
3658 1515 3775 1572 hac

296 1596 814 1672 quemadmodum
860 1591 1180 1666 coepimus,
1210 1590 1337 1646 haec
1383 1602 1626 1662 quoque
1656 1583 1866 1677 verba
1910 1584 1992 1677 ad
2030 1600 2073 1654 Β
2104 1586 2246 1656 vita,
2279 1605 2415 1661 quae
2446 1592 2569 1646 tota
2598 1591 2842 1648 tentatio
2868 1596 2977 1666 est,
3011 1596 3421 1670 consistimus,
3448 1601 3555 1658 etsi
3604 1620 3772 1677 quae-

298 1688 594 1743 internam
623 1682 1088 1755 intelligentiam
1102 1678 1431 1746 referimus,
1455 1690 1771 1764 magnam,
1800 1673 1871 1730 in
1904 1675 1989 1732 eis
2102 1677 2249 1733 dam
2275 1677 2564 1735 irrisionis
2594 1695 2806 1736 eorum
2851 1684 3193 1754 spectacula
3222 1686 3582 1764 devitamus,
3613 1673 3773 1750 difﬁ-

302 1776 516 1832 futurae
538 1778 755 1831 nostrae
782 1769 1112 1845 ereptionis
1165 1766 1492 1837 imaginem
1539 1762 1985 1838 praevidemus,

307 1882 589 1937 magnam
619 1870 676 1921 et
704 1865 768 1920 in
793 1859 1084 1937 praesenti
1109 1860 1320 1915 futurae
1360 1861 1576 1913 nostrae
1629 1853 1987 1912 exsultatio-

310 1956 405 2011 nis
431 1954 805 2011 dulcedinem
831 1954 1301 2026 praegustamus.
1360 1950 1473 2002 Nos
1503 1944 1752 2015 etenim,
1784 1960 1983 2018 quan-

264 2036 281 2047 ’
306 2045 409 2101 diu
439 2045 498 2100 in
524 2045 703 2116 hujus
733 2041 925 2099 exsilii
982 2038 1332 2109 religatione
1380 2035 1743 2104 detinemur,
1776 2035 1983 2091 nobis-

304 2150 443 2190 cum
474 2149 607 2190 esse
632 2132 893 2206 perfecte
922 2146 1047 2187 non
1076 2143 1401 2203 possumus
1426 2144 1439 2193 ;
1471 2126 1616 2199 quia
1640 2122 1980 2193 imaginem

301 2224 471 2281 illam
499 2228 555 2280 et
578 2221 1028 2279 similitudinem
1086 2235 1273 2292 quam
1304 2233 1339 2274 a
1379 2216 1690 2273 conditore
1751 2213 1982 2286 accepi-

302 2330 464 2379 mus,
497 2313 831 2369 immunem
862 2313 1165 2383 apeccato
1213 2322 1471 2375 servare,
1521 2304 1679 2362 sicut
1734 2302 1982 2359 condita

303 2408 417 2470 est,
450 2418 574 2459 non
604 2401 895 2458 valemus.
928 2403 1080 2456 Nam
1109 2398 1344 2472 quoties
1399 2411 1752 2470 peccamus,
1783 2397 1840 2449 et
1866 2409 1980 2449 nos

303 2509 544 2560 sumus,
578 2496 636 2547 et
656 2490 973 2547 nobiscum
1002 2505 1248 2556 sumus;
1300 2486 1445 2560 quia
1488 2502 1601 2561 per
1654 2485 1980 2556 peccatum

300 2581 516 2637 subter
540 2596 653 2636 nos
681 2579 857 2652 lapsi,
885 2578 964 2634 ab
1008 2577 1165 2633 illius
1197 2576 1586 2633 similitudine
1636 2572 1743 2647 qui
1799 2588 1980 2645 super

298 2686 419 2727 nos
462 2674 552 2725 est
618 2669 1072 2740 degeneramus.
1132 2665 1245 2724 Sed
1304 2681 1464 2731 cum,
1521 2664 1640 2720 illis
1704 2660 1979 2734 superius

299 2760 484 2816 dictis
506 2758 784 2832 periculis
810 2757 1091 2814 omnibus
1117 2755 1369 2826 evitatis,
1398 2755 1475 2812 ad
1537 2769 1686 2811 eum
1715 2750 1821 2824 qui
1865 2766 1978 2807 nos

299 2848 443 2905 fecit
460 2849 821 2915 venerimus,
843 2851 982 2903 tunc
1007 2847 1187 2903 etiam
1213 2845 1291 2901 ad
1334 2861 1448 2901 nos
1495 2846 1673 2918 ipsos
1720 2839 1978 2913 perfecte

2100 1766 2210 1823 cile
2233 1771 2435 1824 tamen
2466 1773 2553 1825 est
2582 1774 2650 1826 ut
2673 1786 2798 1826 non
2827 1770 2890 1826 in
2915 1771 3164 1845 aliquod
3214 1776 3577 1850 incidamus,
3608 1784 3773 1841 unde

2098 1860 2324 1925 tamen,
2357 1872 2466 1931 per
2494 1859 2597 1915 Dei
2627 1858 2883 1929 gratiam
2914 1860 2995 1916 ad
3043 1863 3406 1935 poenitentiae
3434 1871 3772 1928 remedium

2095 1951 2487 2016 recurrentes,
2538 1948 2806 2021 quotidie
2852 1948 3203 2009 liberamur.
3234 1956 3383 2011 Cum
3421 1972 3565 2014 vero
3594 1959 3674 2015 ad
3698 1960 3770 2016 il-

2091 2035 2217 2092 lam
2242 2038 2624 2095 securitatem
2658 2038 3023 2112 venerimus,
3057 2046 3199 2099 tunc
3251 2046 3341 2101 De
3371 2048 3536 2103 omni
3564 2063 3771 2119 exspe-

2092 2128 2354 2183 ctatione
2372 2128 2570 2198 plebis
2597 2128 2946 2185 Judavorum
2962 2133 3235 2202 perfecte
3249 2134 3581 2209 eripimur;
3597 2138 3764 2210 quia,

2090 2221 2282 2273 morte
2310 2216 2372 2273 in
2402 2218 2649 2274 victoria
2676 2219 3129 2277 resurrectionis
3154 2222 3465 2297 absorpta,
3486 2240 3598 2281 nec
3623 2242 3766 2283 caro

2088 2310 2301 2363 nostra
2353 2306 2459 2363 ulli
2507 2307 2879 2381 corruptioni
2922 2310 3181 2366 exterius
3247 2312 3606 2385 subjacebit,
3650 2332 3764 2372 nec

2088 2400 2351 2453 mentem
2382 2401 2657 2454 nostram
2680 2395 2929 2453 interius
2953 2398 3077 2455 ulla
3107 2402 3596 2475 concupiscentia
3624 2404 3761 2461 titil-

2087 2484 2252 2541 labit.
2273 2488 2437 2543 Tunc
2451 2487 2632 2559 plane
2656 2485 2949 2542 veraciter
2966 2486 3164 2544 dicere
3185 2490 3517 2562 poterimus
3543 2511 3555 2547 :
3582 2495 3762 2551 Nunc

2087 2573 2206 2629 scio
2236 2588 2374 2630 vere
2400 2576 2544 2646 quia
2571 2574 2735 2630 misit
2784 2567 3079 2657 Dominus
3109 2578 3394 2647 angelum
3423 2595 3619 2649 suum,
3643 2585 3754 2637 etc.

2087 2661 2395 2733 Magniﬁce
2425 2661 2587 2718 enim
2608 2660 2838 2717 dictum
2865 2665 2958 2718 est
2984 2663 3166 2720 Nunc
3192 2665 3314 2721 scio
3340 2679 3495 2734 vere,
3519 2683 3596 2723 ne
3616 2669 3757 2740 quis

2085 2751 2362 2808 videlicet
2374 2768 2514 2809 vere
2541 2768 2603 2808 se
2620 2753 2929 2823 receptum
2954 2757 3305 2824 praesumat,
3337 2769 3655 2829 quousque
3675 2756 3757 2813 ad

2086 2839 2253 2896 illam
2301 2840 2639 2897 libertatem
2693 2838 2896 2910 gloriae
2942 2837 3207 2897 ﬁliorum
3250 2842 3351 2898 Dei
3402 2845 3751 2916 perveniat;

296 2938 677 3005 revertimur,
701 2937 866 3010 quia,
887 2940 1204 3010 peccatum
1218 2934 1453 2991 nullum
1474 2933 1795 3000 habentes,
1824 2946 1974 3002 qua-
2014 2938 2054 3012 ε
2086 2930 2248 3003 quia,
2277 2931 2386 2986 etsi
2410 2932 2540 3003 jam
2569 2946 2678 3004 per
2704 2928 2892 2986 ﬁdem
2919 2945 3032 2986 nos
3061 2930 3347 2988 liberatos
3368 2932 3616 3003 scimus,
3649 2934 3755 2990 ad-

297 3028 392 3084 les
423 3043 538 3083 nos
568 3026 848 3093 condidit,
881 3025 1025 3084 tales
1058 3041 1291 3081 sumus.
1321 3028 1480 3081 Tunc
1494 3025 1635 3096 jam
1667 3019 1741 3075 de
1770 3024 1979 3078 nostra

297 3115 611 3189 ereptione
638 3114 848 3181 securi,
880 3116 941 3170 in
966 3130 1174 3171 vocem
1229 3110 1649 3170 exsultationis
1703 3123 1978 3182 erumpe-

298 3222 470 3272 mus,
500 3204 763 3261 dicentes
793 3224 804 3260 :

374 3297 530 3351 XXII.
563 3295 740 3350 Nunc
767 3294 884 3350 seio
919 3309 1055 3351 vere
1084 3294 1228 3365 quia
1260 3293 1417 3348 misit
1475 3294 1644 3347 Deus
1694 3289 1974 3359 angelum

296 3399 500 3453 suum,
528 3388 585 3439 et
607 3383 827 3453 eripuit
857 3398 945 3438 me
968 3382 1041 3437 de
1081 3396 1267 3437 manu
1295 3379 1575 3446 Herodis,
1602 3379 1664 3432 et
1688 3374 1761 3430 de
1815 3374 1977 3430 omni

298 3473 748 3542 exspectatione
752 3470 944 3540 plebis
976 3470 1342 3526 Judaaorum.
1366 3470 1455 3525 De
1472 3479 1667 3523 manu
1698 3463 1973 3533 Herodis,

298 3560 360 3617 id
388 3565 499 3632 est,
527 3560 601 3616 de
628 3564 918 3632 potestate
942 3558 1169 3615 diaboli
1214 3563 1354 3614 tunc
1381 3556 1443 3614 in
1500 3552 1751 3611 veritate
1799 3550 1973 3624 eripi-

301 3668 465 3720 mur,
494 3650 764 3724 quando,
791 3650 865 3706 de
895 3651 1026 3707 loco
1050 3649 1387 3706 tentationis
1405 3644 1733 3719 assumpti,
1747 3645 1878 3716 ejus
1891 3643 1976 3698 in-

307 3741 498 3798 sidias
522 3756 646 3797 non
670 3740 914 3797 ulterius
970 3741 1270 3796 timemus.
1303 3741 1390 3797 De
1414 3738 1582 3796 omni
1617 3749 1849 3807 quoque
1877 3732 1976 3791 eat-

2086 3019 2203 3075 huc
2235 3022 2438 3075 tamen
2467 3035 2575 3093 per
2605 3018 2867 3092 speciem
2896 3034 3035 3074 vere
3073 3018 3359 3076 liberatos
3387 3018 3524 3076 nos‘
3560 3021 3751 3077 nesci-

2086 3124 2242 3175 mus,
2276 3107 2470 3163 donec
2495 3107 2611 3179 ipsi
2664 3106 2952 3162 libertatis
3001 3112 3220 3163 nostrae
3272 3108 3501 3165 auctori
3532 3111 3755 3166 aeterna

2086 3196 2367 3252 societate
2424 3196 2775 3267 jungamur.
2829 3194 2923 3251 Ad
2969 3211 3158 3269 quam
3213 3211 3370 3251 verte
3430 3197 3752 3269 ereptionis

2086 3285 2398 3342 scientiam
2438 3301 2551 3341 nos
2575 3284 2903 3357 perducere
2932 3284 3214 3355 dignetur
3252 3283 3347 3340 ille
3369 3284 3577 3355 magni
3606 3301 3751 3341 con-

2086 3374 2198 3430 silii
2224 3373 2508 3445 Angelus,
2532 3373 2639 3447 qui
2665 3388 2777 3429 nos
2802 3376 2859 3428 et
2881 3373 3051 3446 prius
3082 3388 3190 3446 per
3212 3368 3480 3446 seipsum
3491 3373 3567 3430 de
3593 3378 3755 3430 tene-

2087 3464 2206 3521 bris
2231 3466 2288 3519 et
2316 3463 2537 3520 umbra
2566 3462 2775 3519 mortis
2805 3462 3041 3535 eripuit,
3075 3466 3132 3518 et
3155 3461 3422 3535 quotidie
3450 3479 3559 3536 per
3608 3478 3751 3519 suos

2086 3552 2335 3624 angelos
2383 3552 2578 3625 eripit,
2609 3555 2779 3608 Jesus
2838 3552 3107 3610 Christus
3154 3554 3310 3608 Deus
3365 3556 3423 3607 et
3464 3551 3751 3608 Dominus

2084 3647 2307 3711 noster,
2335 3641 2433 3697 cui
2463 3646 2551 3697 est
2574 3657 2715 3697 cum
2741 3643 2911 3697 Patre
2931 3645 2991 3698 et
3006 3640 3226 3714 Spiritu
3246 3644 3456 3698 sancto
3480 3640 3675 3697 honor
3694 3644 3751 3697 et

2084 3731 2273 3805 gloria
2299 3731 2364 3786 in
2392 3730 2616 3788 saecula
2640 3729 3024 3787 saeculorum.
3052 3734 3263 3786 Amen.

1199 4042 1874 4166 SANGTI
1945 4036 2846 4159 PULBEBTI

1609 4224 2093 4286 CARNOTENSIS
2133 4221 2447 4278 EPISCOPI

921 4353 1770 4478 TRACTATUS
1830 4346 2416 4472 CONTRA
2501 4344 3125 4470 JUD/EOS.

390 4575 586 4638 Jacob
611 4572 974 4656 patriarcha:
993 4569 1373 4652 prophetiam
1406 4571 1698 4656 insignem
1730 4566 1929 4656 :_N0N
1958 4580 2363 4656 Αυιιπξειωνξπυῆ
2388 4580 2746 4656 scamnum
2801 4581 2885 4623 DE
2909 4580 3100 4633 JUDA,
3125 4564 3272 4632 etc.,
3308 4559 3371 4617 in
3422 4555 3664 4618 Christo

1389 4642 1546 4710 Jesu
1581 4647 1934 4730 completam
1968 4642 2346 4727 probandum
2389 4646 2661 4726 suscipit.

426 4859 646 4933 (Edidit
664 4858 907 4917 Carolus
935 4857 1010 4914 de
1035 4856 1275 4924 Villiers,
1307 4846 2437 4933 theologuslfarisiensi‘s,‘Bibliothecw
2465 4848 2725 4933 Patrum
2757 4835 3524 4933 torm;L)tYlL.II,_pa_g;i2_,‘sp-b
3543 4836 3719 4933 ἓξὲξ
3731 4856 3744 4895 :

503 4912 1029 4989 sti'iis‘ris'sziki
1057 4912 1297 4985 modios.
1326 4958 1394 4967 —
1428 4912 1566 4984 Vide
1624 4922 1903 4983 Notitiam
1955 4912 2303 4978 litterariam
2361 4918 2655 4992 Operibus
2688 4919 2744 4974 S.
2806 4912 3062 4972 Fulberti
3107 4912 3511 4984 praemissam,
3542 4923 3747 4983 supra,

501 5002 613 5059 col.
651 5004 795 5074 167.)

1822 5069 2243 5086 Μ

394 5256 436 5308 ι.
458 5250 582 5307 Filii
600 5250 942 5307 Iudaeorum
959 5249 1199 5306 dicunt:
1233 5252 1361 5305 Non
1383 5252 1472 5306 est
1486 5249 1709 5305 mirum
1726 5247 1774 5303 si
1792 5245 1977 5302 modo
2016 5229 2060 5283 Ῑ)
2092 5239 2421 5297 habuimus
2452 5252 2623 5308 reges
2652 5239 2709 5293 et
2735 5232 3058 5307 principes.
3112 5233 3246 5288 Haec
3275 5234 3367 5288 est
3420 5245 3562 5301 ergo
3614 5245 3753 5304 spes

312 5340 545 5416 captivi
576 5356 808 5410 sumus,
850 5340 898 5394 si
919 5338 1241 5396 Jerusalem
1290 5355 1413 5395 non
1469 5343 1735 5395 tenentes
1778 5351 1982 5407 regem

316 5429 637 5504 proprium
662 5442 787 5483 non
815 5427 1108 5483 habemus
1129 5446 1141 5495 ;
1161 5426 1386 5483 fuimus
1409 5427 1571 5483 enim
1592 5425 1859 5483 similiter
1872 5441 1982 5499 pro

317 5519 585 5595 peccatis
629 5517 846 5575 nostris
866 5516 927 5572 in
986 5516 1290 5589 Babylone
1320 5518 1556 5590 captivi,
1616 5532 1819 5587 regem
1852 5531 1986 5588 pro-

2090 5333 2316 5399 nostra,
2340 5333 2407 5385 ut
2436 5327 2634 5385 adhuc
2664 5323 2840 5381 nobis
2868 5322 3136 5380 similiter
3163 5321 3400 5379 eveniat
3439 5337 3578 5378 cum
3628 5319 3754 5393 pla-

2093 5419 2281 5477 cuerit
2312 5421 2451 5475 Deo.
2485 5416 2595 5473 Alii
2620 5415 2828 5472 dicunt
2858 5432 2872 5470 :
2924 5413 3192 5470 Forsitan
3219 5412 3283 5469 in
3334 5411 3536 5485 aliqua
3585 5413 3753 5483 parte

2093 5508 2308 5567 mundi
2328 5507 2503 5565 nobis
2523 5504 2826 5576 incognita
2850 5508 3046 5576 potest
3063 5519 3191 5561 esse
3217 5504 3580 5575 congregata
3605 5496 3755 5553 mul-

320 5592 527 5683 prium
551 5623 677 5665 non
704 5605 1013 5673 habentes,
1040 5610 1098 5661 et
1122 5609 1334 5678 postea
1380 5604 1600 5664 reversi
1628 5605 1690 5662 in
1727 5603 1987 5677 patriam
2096 5599 2288 5658 titudo
2332 5598 2698 5664 Judteorum,
2725 5610 2862 5667 quae
2889 5593 3111 5653 habeat
3161 5592 3475 5666 proprium
3528 5601 3753 5658 regem.
