3996 6176
255 145 356 198 307

1305 142 1360 197 S.
1405 142 1738 198 FULBERTI
1780 141 2259 200 FWENSIS
2298 142 2629 199 EPISCOPI.

254 266 512 339 ideoque
542 282 665 322 non
686 265 953 320 ablatum
975 264 1175 320 adhuc
1197 269 1286 321 est
1311 271 1612 338 sceptrum
1634 267 1708 322 de
1737 265 1910 322 Iuda.
1946 270 1993 322 Α
2025 270 2266 337 tectum,
2298 269 2380 324 ita
2410 284 2534 324 non
2563 273 2650 325 est
2678 285 2932 339 regnum
2966 270 3013 325 si
3039 270 3191 328 desit
3220 276 3393 338 terra,
3417 276 3522 328 aut
3580 289 3682 345 po-

257 356 366 412 Alii
392 355 598 411 dicunt
627 371 760 410 esse
788 353 848 408 in
892 354 1238 423 regionibus
1296 355 1531 412 Iudaeos
1588 356 1912 428 prudentes

258 450 438 518 atque
467 448 759 517 potentes,
786 443 888 514 qui
914 443 1082 512 virga
1139 445 1481 501 directionis
1526 446 1747 518 optime
1805 461 1916 515 gu-

258 535 518 589 bernant
537 532 753 587 domos
783 537 837 588 et
865 532 1122 589 familias
1154 551 1320 602 suas,
1351 535 1604 608 ideoque
1635 551 1756 590 non
1787 550 1919 590 esse

260 621 530 678 ablatum
561 627 865 694 sceptrum
895 622 970 679 de
999 624 1170 680 Iuda.
1202 624 1428 689 Quibus
1459 641 1570 680 nos
1600 625 1794 698 primo
1823 640 1914 679 re-

259 711 654 782 spondemus,
674 712 966 784 quoniam
999 713 1048 768 si
1072 713 1154 769 ita
1179 714 1528 787 accipienda
1555 720 1643 771 est
1661 715 1916 787 prophe-

256 799 340 855 tia
365 799 488 866 illa,
518 801 669 858 sicut
696 801 779 858 illi
808 802 1034 868 dicunt,
1052 819 1248 875 neque
1267 804 1435 860 'venit
1467 805 1700 860 Messias
1721 821 1918 876 neque

256 895 548 947 venturus
569 897 676 960 est,
697 892 890 949 donec
915 909 1125 949 omnes
1139 894 1327 949 Iudaei
1340 899 1538 968 patres
1552 895 1804 950 familias
1826 896 1920 952 vel

258 981 479 1037 mortui
507 982 644 1050 sint,
667 982 759 1038 vel
788 983 1262 1056 itaimpotentes,
1282 989 1349 1040 ut
1376 985 1574 1039 nullus
1605 1001 1812 1040 eorum
1847 986 1924 1042 sit

257 1071 321 1126 in
342 1071 591 1137 mundo,
612 1071 714 1144 qui
737 1072 884 1128 sciat
898 1073 991 1127 vel
1012 1073 1199 1144 possit
1222 1089 1425 1142 regere
1446 1073 1700 1130 domum
1718 1091 1916 1142 suam,

261 1161 426 1234 quod
453 1162 601 1234 quia
621 1162 889 1217 futurum
921 1177 1044 1217 non
1071 1166 1179 1232 est,
1203 1179 1396 1235 usque
1431 1163 1508 1219 ad
1537 1164 1704 1218 illum
1757 1164 1922 1222 diem

261 1251 367 1323 qui
397 1256 484 1306 est
506 1251 641 1307 ﬁnis
668 1252 939 1307 omnium
967 1253 1328 1320 mortalium,
1359 1270 1467 1310 nec
1500 1254 1739 1311 Messias
1784 1262 1924 1312 ante

260 1339 478 1394 veniet.
511 1339 681 1404 Quod
711 1340 758 1395 si
788 1340 868 1395 ita
889 1345 995 1397 est.
1030 1340 1108 1396 ad
1150 1341 1297 1412 quid
1347 1347 1632 1414 putamus
1685 1345 1925 1400 Messias

262 1427 473 1482 ultimo
502 1427 600 1484 die
630 1433 694 1484 ut
721 1429 940 1495 veniat,
973 1445 1159 1502 quam
1190 1435 1254 1486 ut
1306 1447 1410 1486 eos
1438 1448 1648 1488 omnes
1677 1434 1925 1506 sepeliat

260 1521 552 1587 mortuos,
607 1534 762 1590 quos
829 1523 1150 1576 sanaturus
1199 1520 1553 1592 sperabatur
1606 1523 1924 1580 inﬁrmos?

2023 357 2221 430 pulus,
2256 362 2360 414 aut
2384 374 2508 414 rex.
2544 357 2653 414 Ubi
2683 359 2847 414 enim
2895 376 3036 432 pars
3067 360 3251 429 deest,
3309 365 3504 418 totum
3549 379 3684 418 esse

2023 460 2146 500 non
2176 450 2390 518 potest.
2417 450 2484 502 Et
2500 445 2607 502 ubi
2621 451 2812 504 totum
2834 453 2942 518 est,
2974 453 3171 522 partes
3201 466 3444 522 quoque
3470 467 3686 509 omnes

2025 550 2152 590 esse
2177 550 2420 592 necesse
2446 540 2556 592 est.
2597 536 2652 594 Si
2679 553 2820 609 ergo
2850 537 3082 610 perdita
3111 555 3233 594 una
3269 544 3464 612 parte,
3489 544 3683 597 totum

2025 640 2148 680 non
2180 630 2294 696 est,
2317 630 2550 698 quanto
2575 627 2770 697 magis
2796 628 3077 684 omnibus
3105 629 3378 702 perditis,
3403 631 3572 703 quod
3605 631 3685 688 ad

2025 714 2280 770 nihilum
2309 715 2621 772 redactum
2648 721 2757 773 est.
2789 719 3064 788 Regnum
3093 723 3293 775 autem
3321 720 3474 776 Iuda
3527 725 3687 777 terra

2027 819 2138 859 sua
2168 805 2378 872 caruit,
2408 821 2479 861 ex
2511 821 2638 878 quo
2653 805 2784 878 ipsa
2812 811 2969 862 terra
2989 807 3050 862 in
3081 823 3299 863 manus
3321 808 3685 880 alienigena-

2024 909 2160 947 rum
2184 893 2361 948 venit.
2391 893 2614 966 Populo
2647 895 2853 965 caruit,
2881 901 3211 969 postquam
3237 897 3430 954 tribus
3451 899 3606 955 Iuda
3623 899 3685 956 in

2025 997 2240 1037 omnes
2264 983 2536 1038 nationes
2587 983 2864 1055 dispersa
2892 989 2998 1041 est.
3031 989 3186 1055 Rege
3215 1002 3356 1043 vero
3387 987 3491 1043 diu
3547 993 3685 1046 ante

2026 1076 2316 1126 caruerat.
2344 1070 2436 1127 Sic
2458 1087 2716 1140 regnum
2749 1071 2902 1129 Iuda
2927 1074 3211 1130 omnibus
3241 1075 3511 1148 partibus
3560 1077 3685 1133 suis

2026 1159 2288 1215 dimissis
2319 1176 2573 1231 regnum
2625 1177 2756 1217 esse
2808 1162 3002 1219 desiit.
3041 1166 3140 1220 Est
3186 1163 3365 1235 igitur
3416 1182 3489 1222 ex
3545 1171 3689 1224 tunc

2029 1248 2298 1304 ablatum
2329 1249 2508 1320 plane
2539 1255 2842 1323 sceptrum
2872 1251 2948 1306 de
2995 1252 3170 1324 Iuda,
3201 1257 3257 1308 et
3312 1253 3688 1313 declaratum

2029 1338 2172 1410 quia
2200 1338 2462 1394 Christus
2493 1338 2668 1395 venit.
2718 1339 2776 1395 Si
2821 1355 2964 1409 ergo
2995 1341 3346 1410 constituas,
3395 1344 3488 1400 vel
3517 1361 3692 1402 men-

2029 1427 2174 1482 close
2206 1426 2423 1498 ﬁngas,
2451 1444 2646 1484 unum
2673 1429 2970 1498 Iudaeum,
3003 1431 3171 1486 verbi
3223 1432 3432 1502 gratia,
3460 1434 3694 1491 Mardo-

2032 1518 2270 1587 cheum,
2293 1517 2355 1572 in
2375 1517 2710 1589 Babylonia
2747 1535 2952 1590 regem
2981 1519 3072 1576 vel
3102 1526 3256 1577 certe
3285 1522 3349 1578 in
3399 1524 3694 1593 Samaria,

263 1607 530 1663 Haeccine
553 1609 1052 1680 eratexspectatio
1072 1609 1338 1679 gentium
1357 1611 1371 1665 l
1390 1611 1688 1682 quodnon
1705 1613 1926 1669 debent
1958 1627 1998 1682 Β
2033 1605 2136 1660 ubi
2168 1605 2376 1661 decem
2408 1605 2597 1662 tribus
2625 1606 2974 1663 JUdHBOI‘um
2992 1607 3369 1678 habitabant,
3398 1610 3694 1670 habentes

266 1701 567 1770 sceptrum
597 1697 892 1762 Judatam
923 1714 1244 1754 commune
1274 1699 1489 1766 facere,
1520 1716 1632 1756 nec
1654 1707 1737 1758 tot
1755 1718 1926 1772 reges

263 1790 410 1859 quot
442 1786 900 1858 patresfamilias
929 1787 990 1843 in
1048 1803 1160 1844 sua
1196 1792 1369 1856 gente
1423 1805 1760 1862 numerare,
1812 1809 1925 1848 nu-

266 1890 487 1947 squam
505 1879 642 1930 ante
691 1875 1146 1948 factum,neque
1194 1877 1592 1949 patriarcham
1621 1896 1801 1936 suum
1844 1880 1926 1936 ita

266 1964 519 2020 delirum
547 1964 796 2034 ﬁngere,
828 1969 892 2020 ut
920 1965 1281 2035 grandaevus
1310 1983 1491 2023 senex
1517 1985 1662 2040 mox
1682 1970 1927 2025 moritu-

267 2069 372 2108 rus
400 2069 659 2123 magnas
681 2070 875 2124 nugas
906 2070 1044 2110 cum
1077 2070 1305 2125 magno
1334 2061 1557 2112 conatu
1583 2058 1926 2129 prolaturus

267 2142 492 2198 diceret
523 2162 536 2199 :
565 2144 1050 2214 Congregamini,
1079 2145 1215 2213 ﬁlii,
1235 2149 1292 2200 et
1311 2149 1543 2202 caetera.
1565 2151 1709 2203 Item
1726 2147 1774 2203 si
1793 2163 1930 2220 pro-

266 2231 470 2305 phetia
490 2233 592 2289 illa
624 2233 709 2288 sic
735 2233 1122 2302 intelligenda
1135 2238 1246 2299 est,
1266 2234 1412 2307 quid
1439 2237 1817 2308 prophetarit
1833 2237 1928 2294 ille

267 2320 606 2394 patriarcha
636 2321 758 2376 suis
780 2321 1059 2389 Hebrmis,
1081 2322 1248 2394 quod
1278 2324 1638 2396 prophetare
1654 2341 1778 2380 non
1788 2342 1929 2398 pos-

269 2414 358 2466 set
383 2407 635 2481 quilibet
661 2409 894 2479 gentilis
936 2410 1165 2466 caeteris
1210 2411 1467 2482 paganis
1484 2414 1512 2468 ?
1541 2428 1740 2485 neque
1767 2413 1928 2470 enim

271 2497 533 2554 defuturi
557 2503 728 2554 erant
757 2498 841 2554 eis
867 2499 1332 2572 patresfamilias
1362 2517 1556 2574 usque
1603 2502 1682 2558 ad
1720 2503 1925 2560 ﬁnem.

274 2591 415 2643 Item
433 2587 536 2660 qui
561 2587 643 2644 sic
663 2588 926 2660 exponit,
951 2588 1121 2659 regni
1137 2589 1515 2660 majestatem
1543 2590 1777 2658 minuit,
1795 2608 1930 2664 pro—

270 2676 483 2749 phetia)
511 2676 780 2747 derogat,
814 2681 1040 2735 certum
1069 2679 1144 2734 de
1168 2678 1431 2735 adventu
1454 2679 1667 2736 Christi
1689 2681 1928 2751 signum

271 2781 394 2824 non
423 2767 546 2834 dat,
576 2767 690 2823 nisi
744 2767 1044 2824 bonorum
1076 2768 1349 2824 omnium
1389 2769 1712 2827 interitum.
1751 2771 1930 2827 Aliter

269 2871 379 2910 nos
407 2855 604 2927 primo
633 2857 1089 2928 respondemus,
1116 2856 1256 2929 quia
1287 2856 1443 2912 male
1465 2857 1930 2930 interpretantur

2035 1694 2348 1767 proprium
2377 1709 2604 1764 regem,
2625 1695 2730 1767 qui
2745 1695 3056 1752 dicebatur
3083 1712 3188 1753 rex
3218 1699 3417 1766 Israel,
3446 1715 3572 1758 non
3587 1702 3696 1759 erit

2039 1787 2239 1838 tamen
2271 1799 2374 1839 rex
2393 1782 2567 1850 Iuda,
2592 1782 2698 1839 sed
2720 1799 2826 1840 rex
2855 1785 3051 1852 Israel,
3079 1785 3175 1842 vel
3221 1786 3586 1860 Babylonia,
3613 1790 3695 1848 ad

2033 1888 2188 1944 quos
2218 1872 2452 1928 nullum
2475 1878 2812 1944 respectum
2843 1873 3027 1930 habet
3048 1875 3401 1947 prophaetia,
3433 1893 3572 1948 quae
3602 1878 3696 1936 di-

2034 1964 2134 2032 cit,
2159 1963 2292 2017 Non
2321 1963 2638 2031 auferetur
2663 1968 2962 2032 sceptrum
3019 1964 3090 2020 de
3116 1965 3300 2022 Juda.
3333 1968 3560 2024 Rursus
3604 1983 3695 2024 re-

2035 2051 2582 2121 gnumJudacausa
2609 2051 2876 2108 effectiva
2908 2057 3076 2109 erant
3095 2053 3434 2111 sacerdotes
3462 2055 3566 2128 qui
3589 2074 3695 2114 un-
3735 2061 3744 2070 '

2036 2141 2262 2211 gebant
2282 2156 2383 2196 eos
2405 2139 2465 2196 in
2496 2156 2691 2211 reges.
2708 2141 2970 2214 Populus
2999 2147 3203 2200 autem
3230 2143 3574 2204 Iudaeorum
3599 2163 3693 2204 sa-

2036 2229 2305 2285 cerdotes
2339 2246 2479 2285 cum
2516 2229 2649 2286 loco
2676 2230 3056 2286 sacriﬁcandi
3111 2231 3409 2304 perdidit;
3437 2249 3691 2304 regnum

2034 2319 2211 2390 igitur
2232 2334 2301 2374 ac
2340 2322 2641 2391 sceptrum
2670 2319 3077 2376 indubitanter
3115 2320 3335 2378 amisit.
3372 2321 3481 2379 Ubi
3532 2322 3696 2379 enim

2036 2407 2308 2465 etfectiva
2335 2424 2522 2466 causa
2544 2425 2666 2464 non
2691 2412 2798 2478 est,
2821 2408 3066 2466 effectus
3081 2410 3186 2483 qui
3216 2426 3290 2468 ex
3317 2427 3392 2470 ea
3415 2417 3697 2470 nascatur

2035 2514 2165 2554 esse
2185 2497 2528 2554 nullatenus
2550 2502 2763 2571 potest.

2108 2591 2172 2642 ll.
2194 2590 2409 2644 Contra
2427 2603 2655 2644 errores
2673 2587 3006 2645 inﬁdelium
3036 2587 3240 2662 aliqua
3250 2589 3596 2648 necessaria
3613 2590 3701 2646 di-

2038 2693 2172 2733 cere
2183 2676 2470 2744 volentes,
2493 2693 2639 2733 mox
2655 2693 2692 2734 a
2703 2677 2922 2733 Iudaeis
2934 2677 3273 2751 incipimus.
3299 2683 3316 2734 Ι
3321 2679 3414 2752 psi
3435 2694 3579 2750 ergo
3594 2696 3676 2738 no
3689 2713 3700 2722 -

2031 2766 2126 2822 bis
2139 2766 2442 2822 catholicis
2461 2767 2522 2822 in
2535 2783 2606 2822 eo
2633 2783 2694 2822 se
2721 2767 3053 2824 consentire
3070 2768 3294 2835 dicunt,
3317 2768 3485 2841 quod
3507 2785 3697 2826 unum

2037 2858 2358 2913 Dominum
2385 2856 2635 2913 colimus
2657 2857 2929 2913 omnium
2952 2862 3298 2914 creatorem.
3325 2858 3694 2915 Dissentiunt

273 2942 655 3016 prophetiam
703 2944 882 3013 hanc,
934 2943 1308 3013 singulariter
1348 2945 1510 3000 enim
1553 2947 1927 3004 enuntiatum
1961 2978 2004 3038 α
2037 2950 2236 3002 autem
2256 2947 2318 3001 in
2346 2947 2458 3015 his,
2489 2946 2657 3019 quod
2686 2945 3026 3003 Trinitatem
3050 2963 3446 3020 personarum
3472 2947 3530 3003 in
3559 2947 3686 3005 uni-

272 3035 573 3102 sceptrum
595 3032 784 3102 regni,
817 3032 1124 3105 pluraliter
1175 3034 1554 3106 exponendo,
1589 3035 1651 3090 in
1677 3036 1929 3094 baculos

269 3120 645 3193 privatorum
668 3121 981 3195 dissipant.
1014 3123 1225 3195 Sicque
1251 3123 1522 3180 adultera
1544 3130 1776 3198 sceptra
1799 3143 1931 3183 san-

269 3214 431 3266 ctum
457 3214 515 3267 et
541 3211 787 3284 plenum
822 3216 939 3268 Deo
967 3214 1328 3286 prophetam
1360 3218 1426 3269 ut
1449 3213 1681 3271 fatuum
1712 3221 1768 3272 et
1787 3217 1930 3272 deli-

267 3317 404 3356 rum
435 3316 639 3358 senem
671 3303 934 3376 reputari
966 3303 1351 3376 compellunt.
1387 3304 1540 3369 Quid
1569 3304 1730 3360 enim
1753 3307 1930 3362 Israel

269 3393 667 3464 prophetasse
696 3394 995 3450 videretur
1026 3394 1149 3448 suis
1176 3393 1456 3462 Hebraeis,
1483 3395 1650 3466 quod
1668 3396 1930 3468 prophe-

269 3484 392 3536 tare
425 3496 548 3536 non
580 3485 783 3552 posset
806 3480 1058 3553 quilibet
1083 3483 1341 3547 Graecus,
1371 3481 1634 3548 Latinus,
1669 3483 1929 3540 autbar-

271 3568 456 3624 barus
479 3569 638 3638 genti
689 3569 857 3625 suae?
888 3571 1155 3641 Sequens
1180 3569 1446 3641 profecto
1506 3569 1655 3626 sicut
1699 3571 1930 3643 primus

268 3657 450 3732 plane
481 3658 713 3729 satagit,
762 3663 829 3714 ut
872 3658 1125 3714 salutem
1169 3659 1592 3730 perpetualiter
1639 3660 1928 3718 adventus

271 3747 480 3805 Christi
510 3748 769 3818 effugere
795 3749 1000 3820 possit.
1033 3747 1090 3805 Si
1118 3747 1292 3804 sciret
1313 3749 1552 3820 uspiam
1567 3765 1696 3806 esse
1726 3767 1929 3821 regem

271 3854 341 3893 ex
369 3837 610 3904 Iudaeis,
640 3837 886 3907 negabit
916 3837 1148 3894 venisse
1180 3839 1472 3894 Christum
1492 3839 1636 3911 quia
1661 3856 1782 3895 non
1812 3858 1926 3914 pu-

270 3925 416 3982 tabit
444 3927 714 3982 ablatum
741 3944 869 3983 esse
910 3931 1210 4001 sceptrum
1242 3927 1315 3982 de
1347 3927 1529 3994 Juda;
1565 3929 1612 3984 si
1656 3930 1930 3987 nescierit

268 4016 644 4072 tantumdem
673 4016 912 4083 valebit,
942 4017 1085 4088 quia
1129 4017 1264 4073 licet
1292 4017 1537 4089 nesciat,
1571 4018 1674 4074 ubi
1727 4023 1930 4076 tamen

270 4106 468 4161 credet
500 4122 631 4160 esse
662 4105 901 4173 alicubi,
921 4107 1056 4161 ideo
1089 4105 1385 4162 Christum
1407 4120 1530 4162 non
1551 4107 1790 4165 venisse
1811 4125 1932 4165 cre-

269 4193 386 4247 det.
417 4196 532 4248 Nos
543 4209 684 4248 vero
705 4194 787 4248 ita
800 4195 1164 4266 respondere
1179 4195 1463 4250 volumus
1483 4201 1547 4251 ut
1561 4196 1928 4254 demonstre-

267 4298 406 4337 mus
447 4281 612 4354 quod
634 4281 681 4336 ei
702 4282 785 4336 nil
831 4283 1036 4354 prosit,
1089 4283 1168 4338 ad
1210 4285 1558 4354 negandum
1599 4286 1926 4344 adventum

272 4371 501 4437 Christi,
519 4371 640 4427 sive
652 4387 843 4427 unum
864 4386 1088 4442 regem,
1106 4373 1224 4429 sive
1239 4374 1440 4446 plures
1461 4377 1738 4432 ostendat
1748 4378 1822 4434 de
1836 4394 1928 4448 ge-

268 4476 410 4517 nere
428 4459 772 4516 Iudasorum
791 4462 893 4533 qui
910 4474 1033 4516 non
1060 4466 1197 4517 sunt
1212 4477 1381 4531 reges
1405 4462 1577 4520 Iuda.
1599 4465 1771 4530 Quod
1789 4483 1928 4522 cum

269 4551 748 4606 demonstratum
769 4550 961 4618 fuerit,
985 4549 1059 4605 de
1075 4549 1168 4606 his
1196 4551 1298 4623 qui
1319 4552 1537 4608 alicubi
1557 4559 1696 4610 sunt
1711 4555 1760 4610 si
1782 4555 1929 4612 forte

268 4644 1226 4712 monstrentur,supervacaneum
1256 4639 1552 4698 videbitur
1580 4659 1776 4713 agere.
1801 4644 1931 4701 Tria

269 4746 411 4801 ergo
429 4734 569 4785 sunt
592 4729 717 4785 sine
737 4729 959 4803 quibus
979 4745 1234 4800 regnum
1251 4747 1382 4786 esse
1400 4747 1523 4787 non
1543 4737 1756 4804 potest,
1777 4737 1932 4790 terra

268 4819 626 4888 videlicet,in
647 4834 767 4892 qua
783 4833 1040 4889 regnum
1058 4819 1131 4875 sit
1150 4837 1161 4886 ;
1187 4819 1469 4891 populus,
1492 4821 1597 4893 qui
1615 4826 1830 4878 terram
1848 4823 1931 4896 ip-

271 4921 401 4963 sam
421 4906 750 4978 inhabitet;
793 4911 848 4965 et
865 4921 1127 4982 persona
1175 4907 1332 4978 regis
1359 4907 1544 4976 electi,
1577 4908 1680 4981 qui
1709 4913 1930 4966 terram

270 4991 547 5062 vindicet,
581 4999 639 5051 et
666 4994 961 5068 populum
980 4998 1166 5066 regat.
1196 4997 1371 5052 Terra
1405 5000 1606 5052 autem
1632 4996 1799 5067 regni
1855 4996 1931 5054 de

272 5097 394 5153 quo
416 5083 654 5153 agimus
677 5088 763 5139 est
783 5084 1090 5156 provincia
1105 5084 1663 5158 Hierosolymitana,
1683 5102 1817 5159 quae
1839 5087 1929 5143 di-

272 5169 422 5224 citur
449 5174 606 5226 terra
625 5172 794 5227 Iuda.
819 5173 1080 5245 Populus
1101 5173 1282 5245 hujus
1305 5178 1471 5229 terrae
1498 5173 1608 5230 fuit
1630 5174 1818 5231 tribus
1839 5179 1932 5232 Iu-

269 5255 370 5311 da.
399 5258 588 5324 Reges
621 5257 750 5326 ejus
783 5273 973 5329 usque
992 5258 1072 5314 ad
1103 5258 1401 5316 Christum
1427 5275 1641 5316 omnes
1667 5261 1742 5316 de
1773 5260 1931 5318 tribu

268 5344 444 5401 Juda.
476 5344 636 5402 Sicut
649 5358 793 5413 ergo
812 5348 1032 5403 domus
1057 5353 1290 5405 constat
1311 5349 1582 5422 partibus
1605 5349 1792 5406 suis...
1812 5351 1927 5422 (53)

271 5435 335 5490 Id
355 5439 447 5491 est
476 5439 632 5490 terra
650 5435 822 5501 Iuda,
845 5440 903 5490 et
926 5451 1064 5506 rege
1091 5437 1166 5492 de
1188 5438 1344 5494 tribu
1361 5438 1534 5507 Iuda,
1567 5442 1624 5494 et
1639 5441 1791 5495 sicut
1805 5454 1928 5495 non

269 5530 357 5583 est
384 5525 604 5582 domus
624 5525 674 5581 si
687 5524 845 5581 desit
861 5524 1344 5598 fundamentum,
1371 5534 1476 5585 aut
1523 5528 1795 5600 parietes,
1822 5532 1929 5584 aut

341 5617 455 5688 (63)
496 5619 685 5672 Locus
711 5615 978 5674 mutilus.

2035 3040 2153 3092 tate
2182 3036 2420 3092 Deitatis
2446 3052 2569 3092 non
2600 3041 2957 3106 agnoscunt,
2991 3041 3048 3094 et
3073 3037 3239 3109 quod
3271 3037 3562 3094 Christum
3589 3053 3690 3095 ne-

2036 3129 2180 3196 gant
2208 3127 2392 3182 Deum
2426 3142 2576 3196 esse,
2597 3131 2654 3182 et
2681 3126 2848 3198 quod
2873 3142 3013 3182 eum
3032 3127 3307 3183 nondum
3338 3127 3570 3184 venisse
3595 3127 3690 3184 di-

2037 3219 2197 3270 cunt.
2233 3219 2347 3271 Nos
2378 3220 2576 3271 autem
2602 3215 2680 3270 ab
2707 3216 2821 3271 hac
2852 3215 3060 3271 ultima
3091 3220 3258 3288 parte
3288 3217 3695 3275 contradicere

2036 3304 2387 3361 inchoantes
2418 3304 2717 3374 gradatim
2742 3304 3056 3362 veniamus
3082 3305 3160 3361 ad
3191 3322 3516 3364 summam.
3536 3306 3696 3364 Chri-

2039 3397 2197 3449 stum
2246 3394 2483 3450 venisse
2524 3392 2785 3466 probant
2813 3393 3295 3452 innumerabilia.
3348 3398 3428 3452 De
3469 3395 3694 3469 quibus

2037 3497 2228 3536 unum
2250 3485 2340 3536 est
2360 3481 2708 3538 vaticinium
2728 3482 3081 3554 patriarchae
3111 3481 3293 3539 Iacob
3323 3487 3380 3538 et
3398 3483 3696 3553 legislato-

2035 3569 2114 3624 ris
2138 3569 2370 3641 Moysis,
2394 3570 2498 3643 qui
2529 3573 2757 3626 certum
2815 3570 3055 3640 signum
3104 3571 3398 3629 adventus
3428 3572 3701 3629 ostende-

2036 3662 2174 3714 runt
2198 3657 2260 3713 in
2289 3663 2522 3731 sceptro
2551 3659 2720 3728 regni
2749 3658 2923 3730 Iuda,
2957 3659 3220 3716 dicentes
3253 3679 3265 3716 :
3299 3661 3433 3718 Non
3465 3663 3700 3732 aufere-

2038 3752 2138 3802 tur
2156 3753 2453 3817 sceptrum
2482 3748 2555 3803 de
2571 3748 2733 3803 Juda
2759 3753 2811 3806 et
2829 3749 2958 3806 dua:
2973 3749 3046 3805 de
3070 3750 3298 3818 femore
3327 3753 3477 3821 ejus,
3511 3751 3696 3809 donec

2039 3837 2240 3892 veniat
2260 3837 2366 3907 qui
2376 3868 2382 3871 —
2407 3837 2729 3892 mittendus
2761 3843 2866 3907 est,
2929 3844 2984 3893 et
3013 3839 3138 3908 ipse
3182 3839 3293 3894 erit
3335 3841 3695 3908 exspectatio

2035 3926 2299 3995 gentium
2331 3925 2495 3996 (Gen.
2527 3927 2810 3997 xux,10).
2860 3928 3022 3982 Hanc
3067 3931 3265 3982 autem
3313 3928 3694 4000 prophetiam

2036 4011 2257 4068 idcirco
2283 4013 2522 4068 duobus
2546 4012 2690 4068 viris
2723 4013 2903 4069 simul
2936 4013 3314 4086 ascribimus,
3364 4015 3509 4087 quia
3536 4032 3696 4072 unus

2035 4100 2276 4158 illorum
2305 4102 2564 4174 protulit,
2586 4119 2721 4158 eam
2744 4102 2892 4158 alter
2916 4102 3109 4159 retulit
3137 4121 3205 4160 ac
3234 4103 3553 4161 scribendo
3569 4122 3697 4162 cor-

2037 4190 2360 4246 roboravit.
2393 4194 2464 4246 At
2490 4190 2585 4246 ille
2616 4192 2717 4263 qui
2747 4191 2990 4264 protulit
3011 4208 3164 4259 eam,
3212 4192 3272 4248 id
3303 4197 3391 4249 est
3447 4199 3694 4249 sanctus

2037 4279 2380 4352 patriarcha
2404 4280 2610 4346 Iacob,
2642 4285 2767 4336 erat
2792 4285 2932 4336 tunc
2971 4280 3208 4338 advena
3238 4286 3294 4337 et
3345 4283 3698 4355 peregrinus

2037 4367 2099 4423 in
2129 4371 2382 4440 Egypto
2403 4385 2543 4424 cum
2573 4368 2707 4424 ﬁliis
2766 4369 2915 4439 suis,
2946 4369 3212 4442 nihilque
3240 4371 3404 4440 regia
3434 4371 3696 4442 dignitas

2039 4456 2331 4529 pertinere
2360 4455 2677 4513 videbatur
2703 4457 2778 4513 ad
2801 4473 2926 4528 eos,
2958 4457 3071 4513 nisi
3098 4459 3416 4531 promissio
3463 4464 3698 4517 tantum

2037 4543 2402 4617 perﬁcienda
2431 4544 2683 4616 posteris
2740 4545 3009 4620 ipsorum
3038 4545 3116 4601 ad
3165 4562 3298 4602 nos.
3332 4548 3700 4606 Prmvidebat

2035 4636 2240 4688 tamen
2272 4632 2363 4688 ille
2376 4633 2466 4689 vir
2493 4633 2812 4706 spirit'ualis
2841 4633 2952 4690 tale
2965 4635 3544 4708 quoddamregnum
3566 4654 3696 4694 esse

2036 4722 2303 4777 futurum
2333 4722 2406 4777 de
2453 4738 2668 4791 genere
2701 4740 2830 4794 suo,
2863 4724 3040 4797 quale
3088 4725 3149 4780 in
3180 4726 3382 4782 Exodo
3438 4726 3697 4797 legimus

2036 4811 2276 4867 dicente”
2293 4811 2546 4868 Domino
2563 4812 2642 4868 ad
2660 4812 3016 4886 ﬁliosipsius
3044 4833 3056 4870 :
3080 4816 3149 4870 Si
3163 4817 3476 4872 audieritis
3500 4833 3695 4874 vocem

2034 4917 2248 4973 meam,
2273 4908 2328 4959 et
2347 4902 2746 4959 custodieritis
2766 4909 3010 4972 pactum
3039 4906 3433 4976 meum,eritis
3462 4907 3615 4963 mihi
3631 4909 3696 4963 in

2034 4991 2337 5060 peculium
2354 4992 2427 5047 de
2447 4993 2676 5047 cunctis
2719 4993 2978 5062 populis.
3010 4993 3145 5049 Mea
3169 4999 3255 5049 est
3304 4996 3458 5051 enim
3505 4997 3697 5051 omnis

2037 5083 2223 5148 terra,
2273 5085 2327 5136 et
2368 5095 2466 5135 vos
2513 5079 2664 5135 mihi
2708 5081 2874 5136 eritis
2925 5082 2986 5135 in
3032 5095 3281 5151 regnum
3325 5084 3701 5140 sacerdotale

2039 5169 2257 5234 (Exod.
2286 5185 2406 5240 xxx,
2425 5170 2500 5241 5).
2537 5168 2912 5225 Sacerdotale
2933 5169 3111 5238 igitur
3134 5186 3389 5240 regnum
3413 5172 3700 5244 praevide-

2036 5257 2160 5326 bat,
2191 5259 2251 5313 in
2282 5273 2406 5330 quo
2427 5258 2553 5314 solo
2575 5258 3010 5314 sacriﬁcaretur
3031 5261 3235 5326 Deo,et
3255 5259 3368 5316 tale
3388 5261 3554 5333 quod
3568 5262 3697 5318 sine

2037 5347 2368 5403 sacerdotio
2391 5347 2712 5404 subsistere
2727 5365 2848 5405 non
2866 5352 3088 5421 posset.
3111 5348 3292 5420 Cujus
3303 5349 3472 5419 regni
3491 5349 3697 5407 locum

2036 5437 2660 5509 commendatMoyses
2673 5438 2734 5493 in
2749 5437 3206 5495 Deuteronomio
3218 5436 3442 5493 dicens:
3452 5439 3610 5496 Cave
3620 5455 3698 5497 ne

2035 5527 2250 5597 offeras
2265 5527 2520 5583 hostiam
2542 5533 2709 5585 tuam
2726 5529 2788 5584 in
2801 5529 2963 5584 omni
2980 5529 3107 5584 Loco
3132 5541 3303 5599 quem
3329 5528 3574 5601 videris,
3591 5529 3697 5587 sed
