4018 6176
185 92 282 149 309

1386 74 1817 141 TRACTATUS
1854 71 2145 139 CONTRA
2179 78 2484 139 JUDZEOS.

3576 98 3691 149 310

181 195 241 267 in
272 226 337 273 ρο
367 225 536 283 quem
563 207 809 280 ειρρενίι
837 205 1135 265 Dominus
1165 204 1229 260 in
1260 216 1383 263 una
1415 198 1695 255 tribuum
1747 202 1878 253 tua-
1905 198 1955 252 A
2003 195 2153 269 legis
2176 199 2477 257 Christum
2528 204 2765 261 venisse
2795 207 3191 284 demonstrat,
3234 229 3366 286 quae
3388 214 3547 275 facta
3595 223 3688 275 est

183 318 313 358 rum
341 302 534 371 (Deut.
563 298 783 370 xu,t3),
816 300 873 353 et
897 296 973 355 de
991 296 1127 369 jam
1157 294 1313 355 facta
1346 288 1642 349 electione
1680 288 1879 346 tribus

183 394 236 446 et
260 390 380 446 loci
408 387 565 445 canit
586 402 691 444 rex
720 385 825 443 Dei
848 383 1080 465 psaltes
1111 382 1314 441 dicens
1340 398 1352 435 :
1386 379 1638 449 Repulit
1670 378 1879 435 taber-

181 481 468 537 naculum
491 476 711 547 Joseph
736 480 791 533 et
823 474 1052 533 tribum
1072 472 1367 543 Ephraim
1397 484 1518 526 non
1550 467 1884 540 elegit,sed

180 572 362 641 elegit
403 569 623 625 tribum
670 565 859 632 Juda,
916 567 1178 623 montem
1220 561 1363 621 Sion
1412 571 1588 630 quem
1649 557 1880 617 dilexit

179 661 373 732 (Psal.
396 656 721 728 Lxxvuﬁ‘i).
755 657 837 709 De
863 653 983 710 hoc
1015 653 1217 731 itaque
1242 648 1577 706 vaticinans
1608 646 1878 721 patriar-

180 752 294 817 cha
314 756 372 813 et
392 766 502 825 pro
528 748 647 805 ﬁne
675 747 807 823 ejus
833 744 1171 803 adventum
1211 740 1431 801 Messite
1480 737 1874 808 srgniﬁcans,

178 840 437 899 breviter
465 836 824 911 loquebatur
854 833 1075 891 dicens
1106 850 1118 888 :
1150 832 1283 887 Non
1338 829 1663 899 auferetur
1703 843 1875 907 scep-

181 936 345 986 trum
373 928 446 986 de
465 927 624 986 Juda
649 930 703 984 et
730 925 863 981 dum
889 923 965 979 de
993 923 1221 994 femore
1245 923 1409 991 ejus,
1432 918 1622 977 donec
1660 919 1873 977 veniat

179 1020 286 1092 qui
312 1017 634 1081 mittendus
664 1020 770 1082 est,
800 1019 857 1075 et
883 1015 1016 1085 ipse
1045 1012 1157 1069 erit
1187 1007 1542 1081 exspectatio
1557 1006 1875 1078 gentium,

179 1108 288 1167 sed
317 1124 529 1169 sensus
556 1106 722 1163 istius
741 1102 1085 1179 prophetiae
1112 1100 1193 1167 sic
1238 1096 1623 1172 accipiendus
1645 1098 1762 1162 est,
1795 1110 1874 1152 ac

179 1198 226 1254 si
257 1196 443 1273 paulo
462 1195 733 1273 pluribus
755 1192 963 1251 verbis
1021 1189 1409 1281 explicaretur
1452 1186 1574 1281 hoc
1622 1181 1821 1281 modo
1851 1198 1868 1237 :

180 1290 409 1344 Domus
438 1286 608 1358 inda,
641 1299 777 1359 quae
815 1297 986 1343 nunc
1017 1279 1256 1341 modica
1297 1280 1384 1339 est
1410 1279 1466 1332 et
1509 1279 1873 1349 peregrina,

180 1380 408 1437 crescet
436 1373 575 1437 olim
605 1373 665 1430 in
694 1372 1004 1447 populum
1054 1383 1363 1440 magnum,
1409 1369 1465 1422 et
1518 1360 1777 1425 habebit
1803 1359 1874 1417 in

181 1469 341 1525 terra
358 1461 770 1538 promissionis
796 1458 1131 1519 Dominicae
1157 1456 1413 1535 patriam
1465 1468 1637 1513 suam
1671 1453 1734 1511 et
1778 1465 1880 1507 re-

1998 286 2133 360 ipso
2164 290 2463 358 veniente,
2513 292 2667 351 sicut
2715 312 2901 369 supra
2933 299 3166 358 dixerat
3197 303 3438 361 divinus
3496 307 3681 363 lsnias

1994 375 2090 433 his
2120 378 2323 435 verbis
2354 397 2367 434 :
2400 380 2539 439 Erit
2591 384 2651 439 in
2709 388 3042 445 novissimis
3073 392 3277 449 diebus
3322 396 3683 464 muni/estus

1995 482 2163 524 mons
2177 469 2387 527 domus
2410 472 2654 529 Domini
2665 485 3055 545 prazparatus
3086 482 3151 537 in
3179 486 3488 541 cacumine
3516 502 3679 543 mon-

1997 558 2166 629 tium,
2201 565 2254 617 et
2277 562 2655 619 exaltabilur
2685 570 3077 641 supercolles,
3099 578 3150 627 et
3185 575 3415 631 venient
3439 575 3520 632 ad
3542 591 3675 634 eum

1993 648 2292 707 universae
2319 657 2522 722 gentes
2554 658 2606 708 et
2640 654 2841 712 dicent
2871 672 2891 711 :
2936 659 3157 728 Venite,
3183 665 3574 723 ascendamus
3595 667 3677 723 ad

1994 743 2252 794 montem
2284 740 2530 796 Domini
2558 747 2613 798 et
2640 743 2722 799 ad
2737 744 2977 805 domum
3002 749 3110 805 Dei
3126 752 3333 819 Jacob,
3354 759 3407 808 ct
3438 769 3673 811 annun-

1995 826 2169 883 tiabit
2200 827 2370 887 nobis
2402 830 2560 887 viam
2584 822 2892 898 salutis,et
2924 835 3333 908 ingrediemur
3361 842 3421 896 in
3455 858 3541 899 ea.
3575 845 3674 903 Ea:

1992 913 2136 971 Sion
2167 917 2321 973 enim
2351 920 2585 986 prodiet
2621 922 2811 992 le$,et
2843 925 3083 984 verbum
3108 928 3351 987 Domini
3367 932 3438 987 de
3461 933 3679 991 Hieru-

1992 1005 2181 1092 salem
2232 1005 2374 1076 (Isa.
2405 1023 2464 1077 II,
2498 1008 2573 1079 2).
2633 1010 2776 1076 Quis
2805 1016 3006 1070 autem
3038 1016 3192 1077 adeo
3243 1018 3436 1092 rudis,
3458 1025 3522 1077 ut
3550 1037 3671 1079 non

1991 1090 2285 1164 intelligat
2330 1094 2413 1185 in
2444 1096 2539 1152 his
2594 1099 2794 1156 verbis
2840 1108 3111 1161 montem
3170 1090 3469 1169 elevatum
3492 1127 3673 1185 super

1992 1187 2253 1251 montes,
2286 1184 2589 1243 Christum
2614 1203 2742 1245 esse
2776 1207 2979 1261 regem
3009 1211 3189 1268 super
3216 1197 3518 1272 principes
3547 1184 3671 1259 ?7ln

1992 1270 2178 1362 hujus
2211 1288 2357 1345 ergo
2384 1275 2540 1345 regis
2592 1278 2857 1339 adventu
2884 1282 3128 1341 videbat
3157 1270 3449 1362 propheta
3476 1289 3670 1359 legem

1993 1359 2292 1418 exituram
2322 1379 2472 1434 esse,
2504 1380 2628 1423 non
2654 1366 2729 1423 de
2752 1374 2954 1427 monte
2989 1372 3152 1443 Sina,
3173 1359 3252 1431 ad
3274 1376 3669 1439 erudiendum

1992 1465 2181 1507 unam
2214 1457 2454 1521 gentem
2484 1454 2636 1513 sicut
2678 1458 2865 1530 prius,
2900 1460 3009 1519 sed
3057 1462 3132 1521 de
3166 1469 3369 1523 monte
3402 1468 3544 1527 Sion
3589 1470 3667 1527 ad

180 1569 287 1624 ges
322 1553 445 1611 sive
469 1551 651 1608 duces
682 1567 758 1611 ex
787 1564 1010 1622 genere
1054 1562 1163 1604 suo
1188 1565 1200 1602 :
1226 1560 1336 1609 nec
1365 1542 1597 1601 tolletur
1639 1542 1875 1617 postea
1906 1561 1955 1617 Β
1988 1539 2301 1598 docendas
2338 1548 2542 1614 gentes
2566 1545 2715 1605 sicut
2744 1564 2904 1605 nunc
2937 1550 3163 1613 factum
3194 1571 3322 1613 esse
3368 1556 3663 1617 videmus.

180 1637 459 1710 regimen
488 1636 609 1695 sive
640 1633 946 1697 ducainen
977 1631 1165 1708 ipsius
1189 1628 1417 1711 populi,
1444 1628 1518 1684 de
1547 1642 1747 1687 manu
1770 1625 1873 1685 sui

180 1726 442 1798 generis,
472 1726 551 1782 ita
577 1729 644 1785 ut
666 1727 1105 1785 transmutetur
1131 1721 1191 1777 in
1221 1734 1470 1781 manum
1515 1715 1695 1777 alieni
1727 1730 1870 1773 rec-

180 1816 359 1887 toris,
397 1815 582 1875 donec
610 1813 812 1872 veniat
839 1811 1132 1873 Christus.
1167 1810 1317 1866 Cum
1370 1822 1509 1877 ergo
1562 1803 1864 1875 videritis,

184 1922 227 1961 ο
261 1904 475 1973 Judaei,
506 1908 803 1979 sceptrum
833 1902 990 1960 Juda
1019 1902 1081 1957 in
1110 1915 1299 1959 manu
1323 1898 1478 1968 regis
1504 1897 1865 1969 alienigenae

179 1997 676 2060 transmutatum,
703 1993 821 2053 hoc
850 1995 1011 2049 certo
1069 1989 1242 2061 signo
1290 1986 1587 2047 Christum
1613 1984 1862 2045 venisse

179 2081 549 2153 cognoscite.
580 2086 695 2141 Nec
725 2079 1081 2156 exspectetis
1125 2077 1370 2136 ulterius
1412 2075 1745 2150 temporale
1774 2091 1864 2133 re—

178 2187 377 2242 gnum
409 2171 574 2246 quod
598 2164 857 2241 transiit,
878 2169 984 2229 sed
1010 2168 1262 2242 gaudete
1278 2166 1703 2240 perpetualiter
1720 2181 1863 2223 con-

175 2277 441 2335 regnare
468 2261 700 2325 Christo
723 2260 829 2339 qui
847 2258 1029 2323 venit.
1063 2259 1250 2341 Hujus
1293 2257 1494 2330 itaque
1523 2255 1859 2331 prophetiae

172 2351 497 2421 veritatem
524 2349 767 2413 eﬂ‘ectus
798 2365 1000 2405 rerum
1025 2348 1330 2407 evidenter
1354 2350 1441 2404 est
1469 2349 1859 2407 consecutus.

172 2440 513 2511 Postquam
542 2436 701 2494 enim
726 2440 880 2494 Deus
908 2435 968 2493 in
1024 2439 1180 2495 terra
1230 2433 1652 2507 promissionis
1683 2432 1865 2503 elegit

173 2525 297 2582 sibi
326 2526 537 2591 locum
559 2526 729 2599 regni
753 2522 1163 2599 sacerdotalis,
1214 2523 1366 2589 sicut
1401 2522 1860 2597 praescripserat

170 2618 433 2689 Moyses,
457 2618 516 2672 et
538 2614 620 2672 sic
652 2614 839 2672 David
854 2617 1064 2688 postea
1083 2612 1312 2677 factum
1337 2628 1465 2673 esse
1487 2611 1859 2681 cecinit,non

168 2692 284 2769 fuit
308 2705 378 2769 in
407 2709 565 2769 sorte
595 2704 782 2771 tribus
818 2704 968 2762 Juda
996 2708 1190 2761 rector
1217 2702 1331 2761 nisi
1359 2703 1435 2761 de
1464 2717 1687 2775 genere
1715 2699 1856 2772 legi-

164 2793 323 2863 timo
356 2809 556 2871 usque
577 2793 657 2852 ad
683 2797 918 2871 tempus
934 2792 1181 2850 Herodis
1205 2791 1553 2864 alienigenae
1578 2789 1689 2871 qui
1716 2793 1857 2863 post

1986 1632 2165 1719 Vetus
2196 1635 2399 1688 autem
2424 1632 2520 1689 lex
2564 1636 3079 1709 quinquagesimo
3101 1643 3196 1698 die
3228 1650 3366 1719 post
3393 1646 3666 1710 immola-

1984 1718 2212 1777 tionem
2244 1723 2548 1794 paschalis
2578 1726 2721 1797 agni
2761 1726 2903 1785 data
2956 1734 3046 1788 est
3092 1718 3300 1806 MoySi,
3351 1752 3514 1797 nova
3568 1739 3663 1796 lex

1980 1806 2498 1885 quinquagesimo
2529 1812 2625 1871 die
2647 1818 2799 1891 post.
2813 1816 3181 1883 occisionem
3202 1827 3259 1883 et
3280 1828 3661 1885 resurrectio~

1975 1912 2125 1957 nem
2152 1899 2277 1956 veri
2308 1902 2486 1971 Agni,
2521 1905 2745 1965 sanctis
2773 1906 3061 1983 apostolis
3112 1909 3401 1985 inspirata
3430 1920 3543 1986 est,
3587 1918 3661 1976 de

1975 2003 2101 2063 qua
2129 1986 2260 2061 lege
2299 1990 2441 2050 dicit
2471 1993 2653 2050 etiam
2684 2000 2928 2055 sanctus
2957 1998 3249 2059 Jeremias
3286 2019 3299 2058 :
3336 2005 3489 2064 Ecce
3537 2008 3660 2067 dies

1975 2077 2245 2149 veniunt,
2289 2081 2437 2141 dicit
2467 2084 2783 2153 Dominus,
2815 2092 2871 2144 et
2927 2090 3296 2158 conﬁrmabo
3316 2110 3500 2164 super
3560 2099 3660 2156 do—

1972 2182 2136 2225 mum
2161 2170 2347 2229 Jacob
2399 2179 2817 2235 testamentum
2863 2192 3107 2252 novum,
3158 2198 3279 2239 non
3329 2187 3657 2247 secundum

1974 2260 2391 2317 testamentum
2425 2262 2587 2335 quod
2615 2265 2903 2321 constitui
2929 2268 3237 2339 patribus,
3269 2270 3331 2327 in
3373 2273 3469 2329 die
3525 2291 3649 2345 qua

1972 2346 2351 2415 apprehendi
2370 2367 2619 2409 manum
2645 2367 2850 2410 eorum
2880 2361 2947 2410 ut
2976 2357 3285 2417 educerem
3317 2377 3411 2421 eos
3435 2363 3508 2421 de
3538 2371 3654 2422 ter-

1970 2448 2043 2489 ra
2072 2436 2358 2507 AEgypti,
2392 2444 2502 2497 etc.
2539 2444 2687 2508 (Jer.
2712 2457 2811 2511 vn,
2861 2444 2972 2515 32).
3026 2446 3324 2511 Quoniam
3354 2450 3535 2522 igitur
3588 2454 3652 2514 in

1969 2522 2295 2581 adventum
2326 2527 2537 2585 Christi
2565 2546 2794 2587 novam
2822 2530 3022 2603 legem
3048 2533 3127 2595 ab
3172 2536 3306 2611 ipso
3335 2537 3651 2601 ferendam

1968 2626 2100 2668 esse
2121 2615 2430 2689 prophetae
2478 2619 2906 2692 praedixerant,
2937 2626 2995 2679 et
3031 2623 3231 2701 imm
3276 2626 3649 2701 jamdudm).

1968 2638 2100 2668 esse
2122 2638 2430 2689 prophetae
2478 2638 2906 2692 premerem,
2937 2638 2995 2679 et
3031 2639 3048 2678 1
3276 2638 3642 2701 1amdudtun

1963 2701 2199 2793 prolata
2227 2708 2334 2776 est,
2362 2705 2767 2777 legislatorem
2811 2638 3416 2793 quoquemistum
3474 2718 3642 2791 prius

1963 2791 2195 2881 venisse
2217 2795 2605 2855 manifestum
2633 2801 2738 2854 est.
2800 2791 3227 2859 Sanctissimus
3257 2820 3502 2881 quoque
3532 2808 3640 2867 Da-

164 2882 503 2947 Hircanum
532 2884 799 2956 regnavit
824 2882 1250 2957 Hierosolymis
1304 2882 1416 2941 sub
1448 2884 1689 2939 Caesare
1738 2880 1853 2973 Au-
1879 2921 1921 2973 Ο
1959 2879 2079 2936 niel
2106 2896 2229 2938 non
2261 2883 2462 2941 solum
2518 2884 2760 2942 venisse
2820 2888 3146 2963 Christum,
3205 2879 3425 2951 verum
3458 2894 3637 2954 etiam

163 2976 370 3042 gusto.
401 2975 531 3045 Quo
563 2976 826 3047 tempore
863 2977 1038 3031 natus
1093 2976 1186 3030 est
1237 2971 1527 3031 Dominus
1576 2973 1761 3027 Jesus
1788 2968 1850 3026 in
1887 2968 1913 2973 '
1958 2973 2195 3046 tempus
2224 2973 2523 3031 unctionis
2553 2979 2611 3032 et
2638 2976 2937 3051 passionis
2968 2979 3125 3050 ejus,
3143 2985 3200 3038 et
3228 2980 3419 3051 ﬁnem
3445 3000 3635 3041 sacer-

160 3060 518 3123 Bethlehem
546 3061 729 3117 Judze.
777 3062 888 3125 Sed
917 3076 990 3118 ex
1018 3060 1118 3129 illo
1150 3066 1417 3134 tempore
1446 3060 1729 3121 ablatum
1759 3063 1851 3116 est

159 3156 479 3224 sceptrum
516 3150 590 3209 de
644 3154 670 3207 ,Ι
679 3151 796 3211 uda
846 3150 1199 3229 temporale,
1249 3154 1306 3207 et
1334 3150 1458 3213 dux
1505 3150 1583 3206 de
1614 3148 1847 3207 femore

158 3240 315 3310 ejus.
354 3242 439 3295 Ex
471 3244 608 3296 tunc
660 3240 836 3311 igitur
881 3240 1233 3314 prophetica
1285 3240 1530 3299 veritate
1582 3241 1843 3308 constat,

158 3328 407 3397 venisse
435 3328 735 3386 Christum
759 3330 862 3403 qui
885 3334 1244 3402 regnaturus
1275 3333 1399 3393 erat
1427 3329 1488 3391 in
1518 3333 1838 3389 aeternum.

158 3417 471 3483 Christum
504 3418 682 3475 etiam
711 3417 1082 3481 demonstrat
1100 3419 1333 3478 venisse
1350 3419 1608 3483 cessatio
1632 3418 1841 3481 veteris

158 3507 447 3569 sacriﬁcii
474 3506 627 3566 facta
652 3507 714 3564 in
739 3509 999 3567 adventu
1028 3509 1351 3582 ejus,sicut
1372 3510 1843 3583 prophetaverat

156 3598 486 3655 Halachias
514 3598 608 3663 his
631 3599 826 3661 verbis
857 3618 871 3655 :
903 3601 1036 3656 Non
1069 3605 1154 3658 est
1173 3600 1323 3657 mihi
1352 3602 1639 3657 voluntas
1660 3598 1723 3654 in
1746 3616 1841 3664 vo-

157 3690 271 3757 bis,
306 3689 457 3745 dicit
486 3690 771 3753 Dominus
803 3691 1199 3764 omnipotens,
1223 3695 1278 3749 et
1320 3691 1690 3761 sacriﬁcium
1717 3706 1836 3747 non

153 3782 463 3851 accipiam
486 3780 561 3837 de
588 3781 867 3847 manibus,
894 3783 1126 3852 vestris,
1149 3783 1291 3857 quia
1320 3783 1395 3841 ab
1430 3784 1662 3841 oriente
1690 3783 1835 3853 sole,

152 3886 356 3943 usque
385 3871 464 3927 ad
492 3870 870 3937 occidentem,
890 3886 1102 3933 nomen
1127 3887 1315 3933 meum
1333 3874 1569 3935 clarum
1594 3872 1835 3950 factum

153 3965 251 4017 est
286 3961 351 4015 in
371 3960 731 4035 gentibus,in
755 3961 917 4017 omni
930 3961 1056 4019 loco
1072 3962 1323 4037 offertur
1342 3965 1573 4027 nomini
1594 3979 1721 4020 meo
1742 3978 1833 4021 sa-

151 4045 459 4115 criﬁcium
480 4046 1075 4127 mundum,quoniam
1090 4061 1374 4118 magnum
1391 4065 1605 4106 nomen
1634 4062 1828 4111 meum
1868 4107 1879 4116 ,

150 4136 215 4189 in
224 4134 683 4207 gentibus,dicit
695 4136 981 4192 Dominus
994 4137 1360 4211 omnipotens
1375 4138 1708 4209 (Malach.1,
1720 4138 1800 4208 10)
1814 4180 1828 4194 .

224 4224 377 4282 Huic
409 4225 741 4307 prophetiae
770 4223 1022 4285 aliorum
1072 4225 1313 4283 abunde
1360 4228 1658 4301 prtesagia
1691 4242 1831 4284 con-

150 4313 486 4371 sonabant.
538 4312 652 4372 Sed
681 4331 819 4373 cum
845 4314 1032 4372 Judaei
1058 4314 1405 4379 nullatenus
1444 4316 1528 4379 eis
1558 4315 1828 4390 acquies-

150 4419 282 4460 cere
308 4402 569 4483 vellent,
583 4403 688 4458 sed
717 4420 951 4478 semper
994 4403 1293 4465 inhiarent
1332 4405 1609 4481 jugulare
1664 4405 1827 4469 victi-

148 4510 306 4564 mas,
342 4496 405 4548 et
424 4492 743 4549 comedere
760 4508 990 4564 carnes,
1018 4494 1389 4569 compescuit
1412 4495 1703 4559 Dominus
1731 4511 1827 4551 su-

145 4583 576 4657 perstitionem
600 4582 869 4661 ipsorum
897 4600 1120 4665 magna
1157 4584 1239 4658 vi,
1265 4584 1587 4655 extrudens
1618 4602 1723 4642 eos
1748 4584 1823 4641 de

143 4672 279 4731 loco
308 4670 517 4745 regni,
540 4671 600 4727 in
629 4688 751 4745 quo
773 4672 919 4741 solo,
981 4677 1038 4733 et
1086 4689 1401 4749 nunquam
1430 4672 1571 4732 alibi
1602 4673 1825 4737 sacriﬁ-

142 4779 281 4821 care
310 4765 706 4820 concesserat
730 4761 813 4817 eis
843 4762 955 4819 lex.
988 4762 1196 4836 Sicque
1227 4763 1472 4821 tandem
1511 4779 1821 4838 persense-

139 4859 286 4909 runt
304 4850 489 4909 inviti
514 4866 725 4907 verum
750 4867 877 4909 esse
906 4840 1266 4931 praesagium
1325 4852 1588 4911 defuncti
1618 4869 1820 4910 sacer-

141 4942 295 5001 dotii
333 4940 455 5013 sui,
503 4956 642 4997 cum
690 4956 885 5014 neque
913 4945 1075 4998 extra
1118 4941 1412 5001 haberent
1440 4942 1823 5001 sacriﬁcandi

137 5032 484 5102 licentiam,
516 5046 626 5095 nec
648 5030 803 5088 intra
836 5047 951 5088 sua
986 5032 1303 5109 quondam
1325 5031 1549 5089 moenia
1573 5031 1820 5091 faculta-

140 5127 292 5183 tem.
328 5124 663 5187 Transacto
687 5121 889 5195 itaque
914 5122 1091 5179 veteri
1140 5121 1493 5192 sacerdotio,
1525 5122 1694 5197 quod
1742 5122 1821 5180 ad

138 5216 398 5287 tempus
432 5210 626 5275 iuerat
652 5210 1003 5281 institutum,
1051 5210 1337 5267 successit
1376 5226 1613 5277 novum
1639 5214 1820 5285 atque

144 5303 596 5378 sempiternum
620 5301 832 5358 Christi
890 5301 1314 5372 sacerdotium,
1366 5300 1442 5358 de
1472 5318 1595 5375 quo
1649 5301 1818 5359 Psal-

144 5394 337 5450 mista
361 5391 722 5466 praedixerat
751 5408 765 5447 :
796 5392 1035 5448 Juravit
1051 5391 1339 5447 Dominus
1355 5395 1549 5448 etnon
1569 5393 1822 5463 paenite-

146 5483 235 5538 bit
265 5499 429 5549 eum,
458 5484 541 5538 Tu
566 5498 622 5539 es
651 5480 923 5538 sacerdos
944 5481 1005 5535 in
1028 5486 1336 5549 aeternum,
1369 5482 1693 5539 secundum
1726 5498 1818 5537 or-

145 5575 360 5643 dinem
389 5569 1033 5642 MelchisedechtPsal.
1065 5586 1179 5645 cu,
1208 5572 1284 5645 4)..
1312 5570 1548 5630 Mutatio
1573 5588 1819 5655 quoque

1956 3059 2100 3117 dotii
2129 3067 2606 3143 perpetuamque
2630 3062 3067 3126 desolationem
3093 3070 3446 3129 Judeeorum
3467 3090 3630 3136 com-

1952 3151 2253 3223 putando,
2274 3151 2652 3213 demonstrat
2679 3154 2745 3210 in
2766 3170 3031 3228 persona
3059 3158 3344 3219 Gabi-telis
3375 3162 3627 3219 archan-

1952 3240 2086 3310 geli,
2121 3240 2199 3297 ad
2226 3256 2290 3299 se
2322 3240 2623 3316 loquentis
2653 3243 2746 3303 his
2775 3244 2972 3303 verbis
3007 3264 3021 3302 :
3077 3248 3478 3320 Septuaginta
3495 3250 3628 3308 heb-

1949 3330 2217 3387 domadas
2246 3331 2611 3391 abbreviatae
2637 3340 2779 3393 sunt
2809 3349 2994 3405 super
3008 3338 3304 3409 populum
3349 3354 3541 3401 meum
3568 3345 3623 3398 et

1946 3434 2126 3489 super
2154 3419 2359 3475 urbem
2384 3425 2655 3478 sanctam
2683 3427 2945 3490 tuam,ut
2966 3430 3355 3483 consumatur
3377 3442 3621 3497 praeva-

1945 3508 2180 3575 ricatio,
2213 3513 2268 3565 et
2294 3508 2477 3578 ﬁnem
2499 3511 2758 3581 accipiat
2783 3518 3183 3587 peccatum,et
3210 3514 3486 3575 deleatur
3511 3517 3620 3575 ini-

1945 3599 2164 3670 quitas,
2186 3603 2242 3654 et
2263 3598 2612 3657 adducatur
2622 3602 2871 3670 justitia
2895 3606 3279 3677 sempiterna,
3303 3610 3356 3663 et
3375 3606 3620 3677 implea-

1947 3693 2048 3744 tur
2076 3688 2220 3745 visio
2248 3692 2301 3745 et
2321 3689 2677 3760 prophetia,
2709 3696 2765 3749 et
2814 3699 3087 3762 ungatur
3110 3699 3355 3752 sanctus.
3377 3702 3615 3757 sancto-

1943 3794 2077 3834 rum
2102 3778 2277 3851 (Dan.
2310 3780 2508 3853 1x34).
2529 3782 2595 3836 Et
2614 3779 2800 3855 paulo
2825 3785 3007 3853 post:
3039 3783 3619 3858 Occidetur,inquit,,

1945 3868 2242 3937 Christus,
2274 3873 2329 3925 et
2361 3884 2481 3925 non
2518 3870 2629 3929 erit
2651 3872 2780 3941 ejus
2792 3872 3062 3943 populus
3086 3873 3190 3946 qui
3211 3886 3346 3931 eum
3365 3880 3615 3947 negatus

1939 3973 2043 4013 rus
2072 3962 2157 4014 est
2186 3955 2386 4028 (Ibid,
2408 3958 2495 4029 26)
2535 3976 2549 4026 ;
2582 3957 2725 4017 item
2744 3958 2929 4031 paulo
2954 3963 3094 4035 post
3126 3976 3138 4013 :
3166 3960 3247 4017 Et
3272 3961 3335 4016 in
3362 3961 3614 4023 dimidio.

1939 4045 2322 4105 hebdomadis
2352 4047 2580 4115 deﬁciet
2613 4048 2808 4105 hostia
2838 4053 2891 4104 et
2913 4049 3438 4119 sacriﬁciwngtin
3462 4058 3604 4113 tem~

1928 4137 2037 4206 plo
2058 4137 2171 4192 erit
2199 4133 2565 4193 abominatio
2594 4136 3003 4209 desolationis,
3046 4143 3101 4194 et
3131 4154 3319 4210 usque
3363 4140 3445 4203 ad
3472 4157 3606 4201 con-

1934 4228 2193 4281 summat
2201 4223 2392 4280 ionem
2406 4230 2461 4285 et
2480 4226 2659 4295 ﬁnem
2680 4227 3081 4295 perseverabit
3099 4227 3461 4301 desolatio.(1
3461 4230 3576 4291 bid.
3583 4273 3609 4305 λ

1932 4313 2045 4385 '27).
2082 4312 2270 4383 Hujus
2300 4327 2444 4387 ergo
2474 4314 2803 4389 prophetia:
2825 4316 3259 4395 compendium.
3279 4322 3397 4388 est,
3415 4335 3609 4395 quam

1935 4407 2061 4460 tum
2123 4400 2204 4458 ad
2243 4406 2601 4475 praesentem
2661 4404 2956 4469 rationem
3008 4405 3287 4485 pertinet,
3324 4409 3496 4484 quod
3536 4409 3605 4469 in

1929 4490 2324 4550 hebdomada
2345 4494 2795 4567 septuagesima
2806 4494 3127 4566 ungendus
3148 4500 3206 4555 et
3229 4496 3603 4556 occidendus

1930 4590 2086 4640 esset
2109 4580 2400 4652 Christus,
2432 4588 2490 4642 et
2518 4589 2692 4643 vetus
2752 4584 3156 4647 sacerdotium
3199 4584 3591 4649 deiecturum.

1929 4676 2062 4729 Haec
2095 4674 2301 4731 autem
2327 4672 2721 4735 hebdomada
2770 4673 3157 4735 evolvebatur
3185 4678 3594 4751 perpetuaque

1928 4760 2218 4819 desolatio
2241 4765 2519 4821 secutura
2547 4769 2694 4833 erat,
2724 4762 3054 4837 imperante
3101 4760 3335 4821 Tiberio.
3361 4778 3592 4823 succes-

1929 4867 2061 4908 sore
2096 4852 2276 4924 Aug.,-
2317 4853 2564 4927 quando
2598 4853 2934 4927 baptizatus
2976 4855 3037 4909 et
3050 4850 3229 4911 fuerit
3270 4850 3590 4911 cruciﬁxus

1926 4943 2095 4998 Jesus
2128 4940 2437 4997 Dominus.
2469 4944 2551 5001 Ex
2594 4946 2734 4998 tunc
2760 4940 2939 5010 igitur
2966 4939 3321 5017 prophetica.
3343 4940 3591 5002 veritate

1926 5046 2052 5089 non
2083 5030 2280 5089 solum
2310 5031 2545 5091 venisse
2576 5031 2903 5103 Christum,
2954 5028 3057 5086 sed
3102 5028 3280 5089 etiam
3338 5036 3587 5095 unctum

1926 5137 2056 5184 esse
2078 5124 2334 5189 constat,
2369 5124 2428 5179 et
2450 5136 2721 5197 passum,
2771 5121 3064 5190 vetusque
3092 5119 3459 5179 sacriﬁcium
3482 5122 3586 5183 de-

1925 5211 2134 5268 fecisse
2154 5208 2525 5265 desolatione
2555 5209 2777 5265 secuta.
2835 5209 2981 5265 Item
3006 5207 3305 5271 Christum
3328 5210 3582 5281 venisse,

1926 5304 1984 5357 et
2002 5298 2138 5374 quis
2167 5300 2328 5353 esset
2353 5297 2617 5353 Christus
2646 5294 2932 5355 indicavit
2959 5297 3103 5357 olim
3134 5297 3332 5361 forma
3348 5301 3586 5361 humili-

1925 5389 2060 5446 tatis
2092 5387 2222 5459 ejus
2252 5402 2322 5443 ac
2352 5385 2654 5460 passionis
2679 5402 2715 5443 a
2756 5386 2959 5447 multis
2999 5388 3237 5449 vatibus
3267 5391 3583 5463 particula-

1930 5480 2033 5537 tim
2061 5475 2380 5551 descripta,
2412 5479 2467 5532 et
2495 5474 2556 5531 in
2603 5474 2728 5533 solo
2775 5476 2919 5535 Jesu
2946 5477 3198 5539 Domino
3237 5485 3594 5541 nostrotota.

1929 5567 2108 5635 simul
2122 5566 2383 5627 inuenta.
2410 5570 2527 5623 Nos
2559 5570 2763 5629 autem
2784 5567 2957 5629 verbi
2981 5570 3170 5644 gratia
3193 5575 3427 5644 partem
3455 5570 3584 5631 des.
