3996 6176
333 131 429 190 311
1397 133 1453 188 8.
1496 133 1832 188 FULBERTI
1872 131 2353 192 CARNOTENSIS
2393 135 2704 192 EPISCOPI

3655 133 3766 188 3l2

335 253 638 326 criptionis
666 252 822 308 illius
842 251 1215 322 subjicimus,
1272 253 1425 311 sicut
1469 259 1556 311 est
1585 255 1747 329 quod
1798 255 1861 310 in
1889 257 1991 311 Be-
2025 260 2074 313 Α
2105 274 2316 314 omnes
2356 259 2544 315 tribus
2572 263 2741 314 terra:
2789 257 2973 329 (Psal.
3032 271 3187 323 Lxx1,
3224 255 3330 328 17),
3362 258 3418 311 ct
3443 253 3559 311 alia
3587 255 3766 312 innu-

334 343 596 400 thlehem
641 341 807 398 nasci
836 340 1117 410 dignatus
1145 347 1251 414 est,
1280 343 1452 415 juxta
1485 345 1866 418 prophetiam
1895 345 1995 403 Mi-

336 433 496 489 cheae
522 451 535 489 :
569 430 735 504 quod
761 446 941 502 super
970 432 1209 488 asinum
1237 433 1452 490 sedens
1480 433 1641 490 venit
1670 434 1999 507 Hierosoly-

335 538 520 591 mam,
545 520 687 576 etin
713 524 980 594 tempore
1011 523 1312 594 passionis
1337 528 1498 580 veste
1528 524 1718 580 rubea
1750 523 1996 580 indutus

335 615 439 666 est.
463 611 544 665 Et
571 611 725 666 sicut
754 612 877 666 ovis
907 612 989 668 ad
1016 613 1362 670 occisionem
1390 615 1603 670 ductus
1633 620 1737 682 est,
1779 619 1835 670 et
1864 630 1998 670 cum

335 700 555 771 iniquis
577 706 891 768 reputatus
923 708 1009 757 est
1041 702 1177 773 (Isa.
1211 720 1327 770 LIII,
1364 707 1442 773 7),
1469 703 1623 759 sicut
1646 702 1998 775 deplorave-

334 793 428 844 rat
453 788 658 846 Isaias.
690 790 860 854 Quod
900 791 1140 861 triginta
1171 793 1467 863 argenteis
1497 792 1878 849 venundatus
1917 796 2002 849 est

341 879 581 947 (Matth.
617 897 771 949 xxvr,
800 882 886 953 15)
909 897 980 936 ac
998 882 1186 954 spinis
1207 887 1528 939 coronatus
1555 884 1795 952 (Matth.
1820 899 2000 953 xxvu,

339 974 432 1037 29)
467 974 523 1025 et
541 969 742 1042 lapide
768 970 1044 1026 occlusus
1067 975 1154 1028 est
1181 972 1429 1044 (Thren.
1460 990 1538 1040 III,
1573 977 1661 1042 53,
1692 977 1758 1028 ut
1776 972 2002 1028 lamen-

342 1063 500 1115 tatus
526 1058 718 1115 fuerat
747 1059 1031 1116 Jeremias
1068 1079 1081 1128 ;
1137 1061 1303 1134 quod
1333 1061 1636 1117 transﬁxis
1665 1062 1884 1134 palmis
1933 1077 2003 1118 ac

343 1149 620 1222 pedibus,
653 1148 784 1204 felle
811 1153 868 1205 et
892 1155 1060 1206 aceto
1092 1155 1335 1224 potatus
1365 1156 1472 1219 est,
1515 1155 1570 1208 et
1621 1151 1810 1208 divisa
1867 1157 2008 1209 sunt

343 1239 696 1294 vestimenta
725 1239 876 1310 ejus,
905 1244 962 1295 et
991 1256 1172 1312 super
1217 1241 1484 1298 tunicam
1537 1243 1666 1313 ejus
1704 1243 1892 1299 missa
1919 1247 2009 1300 est

345 1342 474 1382 sors
506 1327 738 1396 (Matth.
790 1344 968 1397 xxvu,
1022 1333 1110 1397 23,
1169 1331 1279 1402 24),
1313 1335 1370 1386 et
1405 1331 1533 1404 ipse
1571 1331 1895 1388 collocatus
1946 1331 2010 1388 in

345 1413 634 1481 obscuris,
671 1413 825 1471 sicut
853 1417 1074 1494 mortui
1101 1418 1302 1474 saeculi
1345 1420 1532 1491 (Psal.
1579 1437 1744 1488 CXLII,
1774 1425 1850 1489 3),
1910 1420 2010 1476 de-

346 1503 523 1558 ﬂente
555 1503 741 1559 David
774 1523 788 1570 ;
821 1506 985 1578 quod
1017 1523 1210 1563 caesus
1240 1512 1330 1565 est
1357 1509 1598 1580 (Matth.
1631 1526 1792 1582 xxv1,
1835 1511 1925 1581 67)
1955 1514 2012 1565 et

2105 348 2416 405 merabilia
2467 352 2678 421 sponte
2715 345 3113 421 praeterimus,
3155 343 3300 417 quia
3354 343 3496 400 satis
3526 345 3770 417 copiose

2105 436 2270 507 quod
2298 437 2680 510 propositum
2710 435 2903 491 fuerat
2958 432 3535 499 demonstravimus,
3567 432 3629 487 id
3657 437 3771 501 est,

2108 525 2410 582 Christum
2428 531 2702 601 tempore
2741 541 2851 582 suo
2871 524 3126 581 venisse.

2178 618 2292 671 Nec
2319 615 2502 671 habet
2527 615 2769 671 Iudaeus
2811 613 2958 687 quid
3000 612 3196 668 dicere
3240 615 3465 668 contra.
3520 614 3668 667 Nam
3720 610 3775 665 si

2109 702 2322 760 dixerit
2347 708 2649 778 sceptrum
2679 703 2753 759 de
2783 702 2936 758 Juda
2951 717 3075 757 non
3095 716 3223 756 esse
3247 698 3778 773 ablatum,perspi-

2111 809 2218 848 cue
2239 793 2424 850 falsus
2456 793 2715 867 est,quia
2735 791 2962 849 circiter
2990 807 3182 847 annos
3212 789 3372 846 mille
3393 789 3666 862 dispersa
3686 795 3780 846 est

2111 881 2297 936 tribus
2320 884 2350 936 ,Ι
2358 882 2477 938 uda
2504 883 2565 937 in
2592 897 2803 938 omnes
2836 885 3064 948 ventos,
3097 884 3154 935 et
3171 879 3371 936 locum
3393 878 3558 949 regni
3576 893 3778 934 sacer-

2111 970 2326 1026 dotalis
2347 969 3041 1045 alienipossident.Quod
3064 970 3116 1024 si
3137 968 3351 1024 dixerit
3376 967 3778 1023 sacerdotium

2113 1061 2242 1132 ejus
2268 1076 2390 1117 non
2422 1077 2552 1118 esse
2582 1058 3244 1126 defunctum,mentitur
3270 1057 3473 1131 plane,
3500 1057 3646 1130 quia
3664 1071 3778 1112 nec

2115 1155 2280 1206 extra
2310 1150 2678 1207 Hierusalem
2708 1149 2892 1206 habet
2922 1147 3299 1206 sacriﬁcandi
3317 1146 3642 1216 licentiam,
3667 1161 3779 1201 nec

2114 1239 2269 1295 intra
2298 1239 2662 1296 facultatem.
2718 1243 2791 1294 At
2829 1238 2876 1294 si
2908 1237 3120 1294 dixerit
3177 1241 3601 1294 testamentum
3656 1250 3780 1291 non

2117 1344 2245 1384 esse
2290 1329 2547 1398 ﬁnitum,
2588 1332 2645 1385 et
2688 1327 2803 1384 hoc
2852 1327 3152 1400 praecipue
3201 1327 3421 1382 falsum
3475 1330 3582 1393 est,
3637 1324 3784 1397 quia

2119 1416 2246 1472 sine
2277 1418 2570 1487 sanguine
2603 1415 2876 1474 sacriﬁcii
2902 1432 3024 1472 non
3058 1421 3173 1472 stat
3192 1416 3290 1487 jus
3337 1414 3560 1471 Veteris
3589 1417 3784 1469 Testa-

2121 1507 2326 1562 menti.
2365 1506 2422 1564 Si
2449 1507 2662 1563 dixerit
2689 1522 3013 1563 numerum
3046 1506 3235 1562 sancti
3261 1504 3518 1560 Danielis
3549 1503 3612 1559 in
3641 1509 3786 1559 tem-

348 1598 744 1666 consputatus
779 1595 997 1666 (Mare.
1027 1613 1124 1666 xv,
1160 1602 1270 1665 19),
1305 1602 1363 1654 et
1402 1598 1614 1655 lancea
1661 1598 2010 1656 vulneratus
2041 1612 2079 1666 Β
2118 1611 2264 1668 pore
2305 1595 2650 1669 supradicto
2679 1612 2803 1652 non
2834 1595 3016 1651 fuisse
3065 1593 3450 1667 completum,
3493 1594 3609 1649 hoc
3637 1609 3785 1666 quo-

351 1684 545 1753 (Joan.
574 1700 695 1751 xxx,
728 1685 838 1756 34),
864 1684 1102 1740 dolente
1127 1685 1257 1741 Job.

421 1770 574 1828 Talis
599 1772 800 1844 itaque
839 1772 1157 1845 descriptio
1205 1774 1637 1847 prophetarum
1666 1776 1740 1832 de
1771 1776 2011 1833 humili-

352 1865 471 1916 tate
527 1865 584 1916 et
619 1861 900 1934 passione
955 1863 1184 1931 Christi,
1241 1864 1533 1936 quoniam
1584 1865 1646 1921 in
1699 1867 1824 1923 solo
1875 1867 2017 1922 Jesu

353 1951 584 2007 Christo
615 1950 868 2006 Domino
895 1958 1099 2008 nostro
1130 1957 1253 2010 tota
1272 1954 1512 2011 inventa
1536 1959 1643 2023 est,
1678 1972 1802 2013 non
1819 1957 2014 2013 solum

354 2040 592 2096 venisse
640 2040 956 2109 Christum,
1018 2042 1124 2098 sed
1174 2043 1378 2116 ipsum
1429 2044 1626 2101 solum
1693 2063 1831 2102 vere
1888 2063 2016 2103 esse

359 2128 653 2186 Christum
685 2130 962 2186 ostendit.
998 2135 1140 2187 Item
1190 2133 1486 2190 Christum
1529 2135 1778 2204 venisse,
1799 2140 1856 2192 et
1883 2137 2018 2209 quis

357 2223 515 2276 esset
541 2219 804 2276 Christus
843 2219 986 2276 olim
1043 2238 1312 2294 praesens
1349 2223 1628 2281 iudicatio
1674 2229 2018 2300 contempo-

357 2309 577 2366 ralium
613 2309 726 2366 sibi
749 2314 957 2366 vatum
995 2311 1273 2382 ostendit,
1300 2312 1463 2369 velut
1490 2314 1788 2370 Zachariae
1834 2319 1891 2372 et
1915 2315 2021 2371 Eli-

359 2399 591 2468 sabeth,
627 2399 917 2456 Simeonis
938 2404 994 2456 et
1016 2404 1222 2471 Annte,
1253 2417 1512 2474 quorum
1537 2407 1707 2473 gesta
1734 2420 1843 2460 seu
1869 2405 2020 2461 vati-

359 2489 516 2546 cinia
545 2492 689 2544 nota
708 2492 865 2558 sunt,
890 2493 946 2545 et
969 2490 1220 2545 Joannis
1243 2491 1521 2564 Baptistae
1543 2492 1791 2549 dicentis
1825 2512 1837 2550 :
1866 2495 2021 2551 Ecce

356 2581 570 2650 Agnus
599 2581 724 2650 Dei,
753 2593 884 2636 ecce
911 2581 1016 2650 qui
1045 2581 1204 2636 tollit
1231 2588 1480 2650 peccata
1510 2584 1722 2639 mundi
1750 2584 1946 2656 (Joan.
1981 2601 2018 2652 I,

359 2673 469 2737 29).
503 2667 758 2736 Quando
779 2668 958 2747 cui.
988 2669 1084 2725 isti
1110 2670 1432 2727 Dominum
1461 2673 1666 2729 Jesum
1696 2673 2022 2747 personali-

358 2763 444 2815 ter
474 2759 838 2828 indicarunt,
857 2759 993 2814 In
1054 2760 1238 2816 modo
1281 2761 1518 2818 venisse
1558 2763 1874 2832 Christum,
1917 2764 2022 2820 sed

357 2847 464 2921 qui
491 2851 652 2903 esset
681 2847 965 2916 Christus,
1001 2848 1126 2904 sine
1174 2849 1361 2906 dubio
1410 2851 1817 2908 ostenderunt.
1878 2857 2022 2908 Item

358 2936 531 3005 signa
557 2935 654 2990 vel
682 2935 994 3005 miracula,
1035 2953 1170 3009 quae
1201 2938 1263 2993 in
1290 2938 1592 2995 nativitate
1637 2945 1694 2996 et
1720 2941 2023 3014 baptismo

358 3028 416 3079 et
439 3023 717 3096 passione
763 3025 997 3081 Domini
1026 3027 1214 3083 nostri
1241 3030 1379 3084 Jesu
1429 3028 1605 3101 quasi
1634 3030 2021 3102 extrinsecus,

358 3111 466 3167 sed
493 3115 699 3168 tamen
729 3111 1016 3170 divinitus
1045 3113 1202 3171 facta
1228 3119 1384 3184 sunt,
1416 3131 1541 3173 non
1567 3118 1752 3174 modo
1783 3120 2022 3177 venisse

359 3201 676 3272 Christum,
711 3202 819 3259 sed
849 3202 1051 3277 ipsum
1073 3221 1210 3261 vere
1233 3221 1361 3262 esse
1387 3206 2025 3276 declaraverunt,sicut

354 3292 620 3349 visiones
660 3291 1014 3364 angelorum
1046 3293 1378 3352 laetantium
1424 3296 1488 3352 in
1532 3299 1842 3355 Nativitate
1867 3300 2020 3371 ejus,

356 3382 508 3439 sicut
537 3381 706 3438 stella
734 3398 896 3438 nova
927 3382 1178 3439 rutilans
1233 3384 1312 3440 ad
1342 3384 1631 3442 indicium
1661 3388 1811 3458 ejus,
1872 3388 2026 3446 sicut

355 3469 683 3539 magicum
713 3470 1065 3526 muneribus
1097 3471 1404 3528 venientes
1435 3475 1514 3531 ad
1540 3475 1843 3534 cunabula
1869 3479 2020 3548 ejus,

355 3574 493 3630 quae
518 3557 810 3613 miracula
861 3557 944 3612 sic
997 3559 1385 3616 turbaverunt
1413 3578 1618 3632 regem
1679 3565 2020 3635 abusivum,

357 3650 423 3702 ut
456 3646 518 3700 in
556 3645 1004 3702 aemulationem
1020 3647 1231 3704 Christi
1258 3649 1383 3706 nati
1413 3667 1752 3710 coaevorum
1783 3656 1835 3727 ej
1847 3672 1914 3711 us
1937 3656 2024 3712 in-

357 3735 612 3792 fantium
643 3734 1121 3793 crudelissimam
1159 3741 1420 3809 stragem
1471 3742 1688 3800 ederet.
1737 3747 2025 3803 Praeterea

361 3825 514 3882 sicut
535 3825 864 3882 tonitruum
917 3831 1182 3900 paternae
1229 3829 1416 3900 vocis,
1467 3836 1524 3889 et
1550 3834 1800 3907 Spiritus
1834 3837 2024 3893 sancti

359 3914 709 3972 columbina
739 3916 967 3988 species
994 3917 1056 3974 in
1080 3917 1386 3993 baptismo
1414 3923 1562 3994 ejus,
1580 3928 1636 3981 et
1660 3925 1812 3983 sicut
1832 3943 2023 4000 quan-

357 4005 438 4061 do
459 4004 547 4060 sol
576 4005 935 4063 obscuratus
987 4011 1096 4075 est,
1151 4013 1208 4065 et
1259 4014 1415 4068 terra
1453 4013 1711 4085 tremuit,
1735 4021 1793 4072 et
1820 4016 2023 4073 velum

359 4095 566 4168 templi
597 4096 853 4152 scissum
882 4101 970 4154 est
1023 4097 1084 4154 in
1124 4099 1418 4158 occisione
1453 4103 1600 4174 ejus.
1654 4106 1842 4179 Super
1894 4108 2024 4164 haec

361 4183 565 4239 omnia
594 4184 893 4241 Christum
911 4187 1149 4244 venisse
1169 4189 1583 4250 demonstrant
1612 4210 1799 4268 opera
1823 4201 1880 4252 et
1907 4213 2025 4253 ser-

360 4285 572 4326 mones
617 4273 770 4344 ejus,
803 4275 878 4331 de
894 4275 1115 4348 quibus
1144 4277 1271 4350 ipse
1302 4281 1653 4340 confutabat
1672 4284 1814 4340 olim
1839 4285 2026 4342 incre-

362 4357 671 4416 dulitatem
700 4362 1046 4420 Iudaeorum
1070 4365 1276 4423 dicens
1309 4386 1321 4424 :
1362 4371 1433 4426 Si
1461 4386 1643 4441 opera
1699 4390 1819 4430 non
1844 4376 2024 4445 fecis-

360 4462 478 4503 sem
509 4450 571 4504 in
598 4451 698 4518 eis,
731 4468 863 4524 qua
891 4469 1060 4511 nemo
1114 4458 1274 4512 alius
1319 4459 1484 4530 fecit,
1533 4469 1848 4531 peccatum
1905 4481 2027 4521 non

362 4536 648 4595 haberent
678 4539 878 4611 (Joan.
902 4559 999 4611 xv,
1028 4545 1137 4616 22).
1163 4547 1230 4601 Et
1253 4545 1328 4600 de
1351 4547 1574 4620 quibus
1598 4551 2030 4610 corroborabat

359 4624 515 4681 inter
537 4626 685 4684 alios
713 4629 898 4687 fidem
919 4631 1352 4706 discipulorum
1370 4638 1616 4694 Joannis
1637 4641 1911 4713 Baptista:
1937 4642 2028 4698 di-

363 4732 542 4773 cens:
573 4719 720 4776 Haec
744 4721 922 4780 dicite
947 4724 1176 4782 Joanni
1201 4741 1334 4798 quae
1379 4729 1634 4786 audistis
1663 4737 1718 4786 et
1749 4732 1980 4789 vidistis
2007 4749 2030 4790 ,ο

367 4805 525 4862 σιτί’ίί
552 4809 776 4881 vident,
809 4813 1018 4868 claudi
1035 4814 1602 4887 ambulant,leprosi
1627 4821 2026 4890 mundantur,

363 4896 538 4952 surdi
563 4899 841 4971 audiunt,
855 4904 1084 4958 mortui
1099 4913 1444 4977 resurgunt,
1463 4923 1760 4979 pauperes
1770 4926 2030 4984 evange-

368 4985 737 5043 lizantur.Et
768 4990 972 5048 beatus
1002 4998 1087 5049 est
1103 4994 1208 5064 qui
1233 5009 1353 5050 non
1373 4996 1564 5065 fuerit
1581 4982 2029 5058 scandalizatus

365 5073 428 5128 in
457 5090 549 5131 me
582 5075 818 5147 (Matth.
845 5097 925 5149 xi,
960 5083 1032 5154 5).
1059 5082 1194 5138 Haec
1221 5083 1383 5140 enim
1408 5089 1464 5140 et
1487 5085 1605 5144 alia
1625 5089 1815 5146 multa
1837 5090 2028 5148 factu-

365 5171 502 5214 rum
531 5175 663 5217 esse
703 5164 1006 5226 Christum
1048 5171 1356 5246 prophetae
1411 5175 1832 5248 praedixerant.
1884 5182 2028 5247 Quae

365 5248 571 5305 omnia
598 5254 890 5324 quoniam
921 5274 958 5314 a
990 5261 1239 5319 Domino
1255 5267 1460 5321 nostro
1479 5269 1615 5324 Jesu
1646 5269 1873 5327 Christo
1898 5271 2028 5328 ﬁeri

365 5336 744 5433 videbantur,
777 5343 978 5418 ipsum
1008 5366 1145 5408 vere
1176 5353 1474 5413 Christum
1500 5373 1631 5416 esse
1662 5361 2022 5433 probabant.

367 5429 589 5520 Cretera
618 5448 760 5490 vero
788 5435 1000 5494 Christi
1026 5441 1320 5501 adventus
1351 5429 1706 5517 argumenta
1738 5451 1891 5507 sicut
1916 5455 2024 5520 est,

365 5518 534 5614 quod
558 5519 620 5576 in
643 5537 888 5583 omnem
913 5531 1132 5588 terram
1155 5534 1336 5592 exivit
1379 5553 1564 5595 sonus
1612 5518 2024 5614 apostolorum

367 5607 736 5682 (Psal.xv1u,
765 5615 838 5688 5),
868 5621 925 5674 et
947 5620 1116 5690 quod
1142 5621 1204 5679 in
1241 5624 1374 5696 ipso
1421 5607 1696 5688 benedici
1742 5626 2024 5687 videntur

2119 1701 2236 1758 que
2258 1685 2482 1741 falsum
2512 1701 2644 1741 esse
2670 1685 2931 1742 rationes
2987 1684 3407 1741 chronicarum
3445 1683 3617 1740 facile
3646 1698 3783 1756 pro-

2120 1774 2287 1831 bant.
2324 1774 2381 1832 Si
2407 1774 2620 1832 dixerit
2633 1775 2803 1831 illum
2823 1791 2947 1831 non
2977 1791 3104 1831 esse
3136 1774 3451 1841 Christum,
3485 1772 3582 1828 cui
3613 1788 3787 1845 supe-

2122 1865 2246 1920 rius
2292 1863 2480 1921 relata
2530 1864 2852 1938 descriptio
2909 1864 3202 1932 convenit,
3265 1880 3403 1920 cum
3447 1860 3785 1919 testimonio

2124 1954 2576 2026 prophetarum,
2612 1958 2738 2009 tum
2769 1953 2950 2009 etiam
2982 1969 3052 2009 eo
3082 1951 3273 2008 falsus
3307 1968 3435 2008 esse
3476 1951 3786 2024 probatur,

2124 2041 2291 2114 quod
2320 2040 2520 2097 nullus
2549 2046 2638 2098 est
2667 2041 2817 2098 alius
2840 2041 2935 2097 cui
2992 2041 3308 2097 convenire
3338 2040 3541 2113 possit.
3602 2040 3658 2096 Si
3683 2055 3789 2094 no-

2124 2130 2214 2186 vis
2243 2135 2301 2186 et
2322 2130 2627 2201 judicibus
2651 2131 2959 2205 prophetis
2983 2130 3314 2201 obgannire
3341 2129 3663 2200 teutaverit,
3697 2145 3789 2185 re-

2126 2218 2336 2275 fellunt
2363 2235 2503 2275 eum
2528 2224 2757 2276 veteres
2808 2225 2864 2276 et
2910 2220 3427 2292 circumfulgentia
3480 2219 3792 2289 signorum

2127 2306 2438 2364 miracula.
2475 2308 2532 2364 Si
2556 2313 2758 2365 autem
2779 2309 3071 2366 miracula
3121 2309 3469 2377 Nativitatis,
3493 2313 3550 2364 et
3577 2312 3792 2364 caetera

2127 2397 2282 2453 facta
2307 2396 2487 2452 fuisse
2516 2413 2641 2453 non
2692 2399 2893 2467 credit,
2954 2399 3151 2470 arguit
3204 2415 3342 2455 eum
3372 2398 3784 2455 innocentium

2129 2487 2344 2553 caedes,
2378 2491 2436 2542 et
2466 2486 2726 2543 historia:
2774 2487 2996 2545 multae.
3053 2487 3364 2559 Magniﬁca
3413 2503 3553 2544 vero
3584 2486 3791 2544 Christi

2129 2591 2316 2648 opera
2345 2574 2712 2632 obumbrare
2734 2592 2858 2632 non
2885 2577 3054 2646 valet,
3086 2574 3231 2651 quia
3268 2577 3625 2648 litterarum,
3654 2576 3793 2632 aedi-

2129 2661 2406 2719 ﬁciorum
2434 2668 2491 2719 et
2519 2663 2650 2720 aliis
2679 2664 2863 2737 signis
2892 2665 3187 2738 impressa
3207 2665 3301 2721 vel
3325 2681 3610 2738 expressa
3635 2668 3792 2732 sunt,

2131 2756 2196 2808 ut
2217 2751 2345 2808 sine
2372 2753 2548 2810 ruina
2567 2753 2778 2810 mundi
2809 2754 3116 2828 disparere
3172 2770 3294 2811 non
3323 2755 3577 2827 possint.
3608 2757 3796 2810 Tanta

2131 2839 2308 2911 igitur
2335 2841 2564 2898 ratione
2592 2843 2917 2913 convictus,
2948 2843 3246 2917 tantisque
3267 2849 3610 2899 sanctorum
3641 2841 3798 2898 testi-

2131 2931 2348 2987 moniis
2378 2931 2720 2988 confutatus
2755 2933 3016 3000 Iudaeus,
3067 2933 3113 2988 si
3142 2932 3319 3002 legali
3350 2937 3405 2988 et
3432 2931 3795 3006 prophetica:

2133 3021 2466 3078 auctoritati
2484 3037 2608 3078 non
2664 3022 3005 3095 acquiescit,
3066 3028 3232 3080 extra
3289 3037 3658 3095 synagogam
3688 3019 3794 3090 eji-

2134 3110 2381 3166 ciendus
2412 3116 2517 3167 est.
2544 3114 2838 3168 Hactenus
2859 3113 3136 3187 expedito
3161 3112 3307 3185 quia
3324 3111 3478 3168 venit
3497 3110 3794 3178 Christus,

2133 3205 2190 3256 et
2213 3200 2485 3272 quando,
2521 3205 2578 3256 et
2600 3203 2733 3273 quis
2765 3201 2857 3274 sit,
2891 3202 2970 3259 ab
2992 3203 3132 3259 hinc
3160 3202 3304 3276 quia
3332 3217 3506 3258 verus
3528 3203 3683 3258 Deus
3703 3205 3798 3258 est

2132 3289 2546 3359 ingrediamur
2571 3291 2904 3347 ostendere.

2205 3383 2324 3437 Hoc
2376 3397 2519 3451 ergo
2573 3383 2839 3454 primum
2904 3385 3255 3456 ponimuus,
3298 3383 3596 3442 Christum
3621 3398 3802 3456 super

2133 3486 2344 3528 omnes
2369 3471 2648 3527 homines
2678 3472 2826 3529 alios
2859 3474 3143 3530 excellere
3169 3492 3180 3528 :
3208 3491 3317 3530 sua
3347 3473 3636 3547 quaedam
3680 3472 3804 3542 glo-

2131 3560 2294 3617 riosa
2321 3561 2567 3634 propria
2619 3563 3030 3631 manifestam,
3079 3580 3115 3620 a
3141 3565 3450 3637 prophetis
3505 3563 3802 3637 exposita,

2132 3649 2296 3706 velut
2323 3650 2437 3706 hoc
2465 3650 2612 3723 quia
2639 3656 2731 3708 est
2786 3653 2971 3709 homo
3016 3653 3090 3708 de
3144 3652 3372 3723 virgine
3401 3657 3602 3722 natus,
3646 3652 3802 3708 Isaia

2133 3743 2280 3796 teste
2314 3739 2430 3794 :Et
2461 3739 2736 3797 Christus
2790 3747 2874 3798 est
2905 3742 3076 3798 homo
3129 3743 3257 3798 sine
3302 3742 3608 3810 adjutorio
3643 3742 3805 3797 inter

2132 3834 2395 3886 mortuos
2419 3829 2738 3899 liber,teste
2762 3831 3087 3888 David.Nec
3099 3831 3258 3886 enim
3285 3830 3469 3886 alium
3488 3831 3801 3886 hominem

2133 3919 2300 3989 virgo
2331 3925 2522 3976 mater
2547 3921 2797 3994 peperit,
2826 3938 2936 3978 nec
2975 3921 3129 3978 alius
3163 3921 3374 3977 virtute
3422 3937 3533 3976 sua
3584 3920 3736 3976 liber
3765 3936 3804 3977 a

2133 4011 2384 4066 mortuis
2404 4012 2975 4069 resurrexit.Deinde
2989 4028 3126 4068 vero
3144 4016 3281 4067 sunt
3302 4010 3418 4066 alia
3450 4011 3658 4068 Christi
3667 4026 3804 4082 pro-

2133 4100 2512 4174 pria,quibus
2543 4119 2788 4159 omnem
2837 4102 3239 4176 supereminet
3261 4106 3620 4170 creaturam,
3653 4100 3807 4155 sicut

2133 4189 2278 4246 illud
2305 4191 2383 4247 ab
2414 4192 2564 4248 Isaia
2593 4209 2733 4249 cum
2754 4192 3148 4249 admiratione
3169 4191 3504 4264 prolatum:
3528 4191 3801 4258 Domine,

2135 4281 2266 4352 quis
2282 4281 2536 4338 credidit
2553 4283 2796 4338 auditui
2813 4288 3016 4338 nostro
3029 4289 3081 4338 et
3105 4280 3416 4337 brachium
3441 4281 3684 4336 Domini
3706 4280 3807 4335 cui

2134 4372 2462 4428 revelatum
2481 4375 2610 4427 est?
2633 4372 2773 4442 (Isa.
2800 4387 2918 4443 Lm,
2933 4375 2953 4426 1
2970 4375 3008 4439 .)
3025 4374 3091 4427 Et
3114 4369 3260 4426 illud
3285 4368 3662 4426 Davidicum:
3695 4371 3808 4425 Do-

2134 4461 2328 4516 minus
2358 4461 2515 4517 dixit
2534 4461 2615 4517 ad
2638 4476 2730 4517 me
2749 4477 2771 4516 .·
2799 4461 2995 4517 Filius
3015 4476 3178 4518 meus
3199 4475 3256 4516 es
3279 4465 3364 4529 tu,
3390 4475 3494 4530 ego
3518 4459 3693 4515 hodie
3709 4474 3808 4530 ge-

2134 4553 2244 4607 nui
2268 4557 2322 4608 te
2352 4553 2536 4624 (Psal.
2560 4569 2620 4624 u,
2638 4554 2711 4624 7).
2740 4555 2941 4625 Neque
2967 4551 3126 4609 enim
3155 4549 3428 4621 angelus,
3449 4565 3645 4622 neque
3687 4548 3806 4604 alia

2135 4644 2406 4696 creatura
2441 4639 2541 4696 Dei
2578 4639 2897 4697 brachium
2928 4645 3037 4710 est,
3072 4643 3174 4696 aut
3203 4640 3263 4694 in
3308 4642 3531 4693 aeterno
3568 4636 3662 4692 die
3695 4653 3808 4692 na-

2136 4730 2342 4786 turalis
2371 4729 2472 4786 Dei
2499 4729 2657 4787 ﬁlius
2682 4735 2787 4787 est.
2823 4734 2902 4787 De
2956 4746 3078 4804 qua
3117 4728 3403 4785 ﬁliatione
3435 4726 3525 4782 vel
3553 4740 3810 4798 genera-

2137 4821 2295 4877 tione
2320 4819 2526 4877 divina
2555 4820 2698 4877 satis
2728 4825 2919 4876 exstat
2949 4819 3193 4892 copiosa
3218 4817 3634 4888 theologorum
3667 4831 3812 4871 auc-

2137 4910 2371 4978 toritas;
2397 4911 2558 4966 unde
2588 4927 2692 4966 rex
2718 4910 2867 4966 mire
2886 4908 3123 4982 sapiens
3138 4906 3592 4964 subtilissimam
3613 4921 3812 4976 quaes-

2138 5000 2360 5058 tionem
2381 5000 2760 5073 proponebat
2779 5000 2982 5055 dicens
3003 5016 3016 5053 :
3052 5000 3191 5066 Quis
3221 4998 3486 5054 ascendit
3511 4997 3572 5051 in
3587 4996 3808 5051 caelum

2137 5098 2319 5163 atque
2367 5091 2711 5147 descendit?
2741 5091 2872 5162 quis
2900 5091 3197 5145 continuit
3219 5089 3498 5158 spiritum
3528 5086 3592 5140 in
3613 5085 3811 5140 mani-

2141 5182 2246 5238 bus
2263 5181 2384 5236 suis
2403 5183 2431 5235 ?
2458 5181 2589 5252 quis
2621 5181 2931 5250 colligavit
2957 5195 3146 5252 aquas
3191 5178 3364 5250 quasi
3390 5177 3454 5232 in
3499 5177 3814 5231 vestimen-

2138 5276 2197 5326 to
2227 5275 2255 5326 ?
2287 5272 2417 5342 quis
2463 5271 2770 5326 suscitavit
2798 5285 2996 5327 omnes
3049 5271 3331 5326 terminos
3387 5274 3565 5324 terrae
3595 5269 3624 5320 ?
3645 5265 3815 5335 quod

2137 5375 2350 5416 nomen
2375 5361 2495 5429 ﬁlii
2517 5363 2664 5430 ejus,
2692 5361 2745 5416 si
2767 5362 2926 5416 nosti
2949 5365 2978 5415 ?
3025 5360 3227 5431 (Prov.
3277 5375 3416 5430 xxx,
3447 5358 3528 5428 4.)
3574 5357 3656 5410 Ex
3713 5352 3813 5408 his

2137 5467 2280 5522 ergo
2308 5451 2566 5523 propriis
2616 5451 2976 5524 supradictis
3010 5468 3147 5524 quae
3203 5450 3495 5507 Christum
3549 5464 3587 5503 a
3637 5461 3812 5508 area-6

2137 5545 2271 5598 tura
2333 5543 2634 5614 separant,
2687 5541 2760 5596 sit
2798 5557 2907 5613 pro
2949 5540 3179 5597 ratione
3236 5537 3670 5596 demonstratio
3719 5534 3811 5590 dia

2139 5629 2398 5688 vinitatis
2428 5631 2559 5702 ejus
2578 5629 2693 5687 hoc
2733 5629 2939 5687 modo.
2974 5629 3277 5702 Quidquid
3291 5633 3380 5686 est
3404 5633 3508 5686 aut
3536 5628 3808 5693 Creator,
