4018 6176
203 154 305 208 313

1402 143 1840 203 TRACTATUS
1879 136 2160 200 CONTRA
2195 141 2501 199 JUDzEOS.

3583 152 3695 206 314

206 278 307 329 aut
337 276 605 328 creatura
632 288 646 325 :
677 269 932 346 proinde
957 268 1128 343 quod
1169 274 1275 339 est,
1336 269 1386 324 si
1433 273 1725 326 creatura
1774 284 1900 325 non
1932 271 1979 324 A
2018 265 2414 339 periculosius
2443 265 2563 323 fere
2595 267 2670 322 de
2696 267 2789 322 his
2815 268 2983 343 quod
3019 268 3362 326 Trinitatem
3404 284 3699 342 persona.

206 366 313 428 est,
349 362 584 418 Creator
608 364 715 415 est.
751 362 902 415 Cum
953 374 1102 428 ergo
1158 358 1421 415 Christus
1476 357 1549 412 sit
1609 360 1723 415 Dei
1770 359 1909 413 bra-

206 449 434 516 chium,
465 449 627 522 quod
660 452 939 505 creatura
968 463 1097 503 non
1128 452 1233 516 est,
1267 446 1395 504 sine
1424 446 1622 503 dubio
1660 451 1913 507 Creator

206 544 318 595 est.
367 542 507 595 Item
530 538 689 593 ﬁlius
720 536 1039 608 naturalis,
1058 541 1117 593 et
1137 537 1183 592 si
1204 552 1455 593 numero
1486 536 1706 594 differt
1735 555 1770 594 a
1800 541 1911 593 Pa-

204 633 294 685 tre
327 643 436 684 suo
456 627 743 700 quoniam
772 626 923 682 alter
950 631 1064 697 est,
1090 626 1343 682 naturali
1364 630 1571 689 tamen
1594 626 1910 683 deﬁnitio-

204 734 283 773 ne
314 717 467 773 Patri
496 731 605 772 suo
632 731 823 771 unum
855 714 1145 788 idemque
1172 718 1359 771 est.At
1378 713 1659 771 Christus
1685 716 1789 771 Dei
1812 714 1910 769 Fi-

206 806 327 862 lius
356 804 639 862 naturalis
658 809 763 868 est,
801 802 1080 860 Christus
1108 803 1282 873 igitur
1300 802 1458 858 idem
1498 802 1680 875 quod
1706 806 1909 871 Pater,

209 894 271 950 id
301 898 390 951 est
418 896 571 949 Deus
597 896 701 947 est.
737 891 949 965 Liquet
1005 891 1185 961 igitur
1240 891 1534 949 Christum
1591 890 1751 962 quia
1801 891 1912 946 Dei

208 983 527 1039 brachium
558 986 644 1037 est
670 980 1003 1037 Dominum
1036 996 1182 1047 esse,
1206 985 1260 1037 et
1288 980 1430 1054 quia
1456 980 1554 1035 Dei
1602 979 1789 1035 Filius
1814 984 1914 1036 est

213 1089 353 1129 esse
412 1075 615 1128 Deum.
665 1073 883 1126 Praeter
927 1070 1064 1126 haec
1116 1070 1368 1143 denique
1417 1073 1558 1125 sunt
1607 1068 1914 1126 vaticinia

211 1161 498 1236 quaedam
526 1161 599 1218 de
628 1160 845 1215 Christi
878 1158 1190 1215 divinitate
1221 1159 1301 1215 sic
1326 1163 1551 1232 aperta,
1597 1162 1664 1213 ut
1712 1156 1776 1213 in
1802 1173 1913 1214 eo-

214 1268 355 1308 rum
386 1255 632 1308 tractatu
660 1266 786 1306 non
822 1248 902 1305 sit
936 1264 1096 1321 opus
1126 1250 1208 1304 uti
1229 1248 1706 1305 ratiocinatione.
1744 1248 1916 1312 Quo-

216 1342 381 1397 niam
414 1340 713 1397 evidenter
743 1338 918 1394 illum
950 1337 1090 1411 ipso
1123 1337 1359 1394 nomine
1406 1337 1736 1393 Dominum
1777 1335 1915 1392 cla-

216 1435 389 1488 mant
418 1446 555 1486 cum
584 1427 870 1486 laudibus
905 1431 1030 1483 Deo
1062 1426 1576 1500 dignis,quamvis
1605 1440 1738 1481 non
1773 1423 1916 1482 sine

218 1519 789 1577 commemoratione
819 1516 1217 1573 humanitatis
1247 1517 1530 1589 ejus,qua
1556 1516 1623 1573 ﬁt
1646 1518 1716 1571 ut
1741 1517 1914 1573 Deus

2017 372 2154 411 rum
2179 356 2241 411 in
2266 355 2493 410 unitate
2524 355 2848 412 divinitatis
2874 373 2995 413 non
3024 363 3379 429 agnoscunt,
3422 363 3481 415 et
3521 361 3693 431 quod

2020 443 2320 500 Christum
2348 446 2537 499 Deum
2568 459 2700 499 esse
2750 450 2993 515 negant,
3052 446 3147 502 vel
3194 447 3359 520 quod
3412 447 3690 504 nondum

2017 534 2254 589 venisse
2285 534 2511 589 dicunt.
2541 534 2645 598 Qui
2676 538 2876 590 tamen
2910 535 2984 590 de
3014 536 3127 593 hoc
3159 537 3366 593 ultimo
3417 537 3540 594 sive
3580 542 3692 594 ter-

2020 622 2102 678 tio
2133 639 2237 679 eos
2263 622 2697 679 rationabiliter
2727 624 3122 697 convinceret,
3175 632 3320 699 puto
3367 627 3535 700 quod
3564 644 3689 683 non

2018 711 2243 768 habeat
2262 717 2473 785 postea
2507 712 2760 769 multum
2788 713 3066 770 laborare
3096 715 3170 770 de
3200 717 3444 772 ceteris.
3478 716 3693 773 Proba~

2023 804 2082 857 to
2102 801 2266 857 enim
2295 801 2440 874 quia
2470 801 2633 857 venit
2662 801 2953 870 Christus,
2986 802 3114 876 ipse
3153 806 3368 877 poterit
3409 806 3690 879 deinceps

2020 889 2301 946 intimare
2330 890 2622 962 quaerenti
2649 891 2876 959 Iudaeo,
2908 892 3057 966 quid
3089 894 3305 950 sentire
3343 894 3418 950 de
3467 895 3691 951 caeteris

2023 978 2115 1034 vel
2140 979 2289 1051 quid
2316 979 2509 1035 facere
2535 979 2770 1037 debeat.
2803 983 2934 1037 Jam
2966 998 3108 1053 ergo
3134 982 3511 1057 incipiamus.

2098 1067 2397 1125 Christum
2452 1069 2687 1125 venisse
2744 1070 2963 1141 probat
3034 1071 3281 1144 impleta
3354 1072 3691 1145 prophetia,

2024 1171 2215 1228 quam
2246 1156 2564 1229 scripserat
2593 1160 2821 1229 Moyses
2850 1158 2911 1213 in
2944 1160 3072 1215 haec
3101 1161 3289 1217 verba
3319 1178 3332 1215 :
3364 1163 3498 1217 Non
3525 1163 3693 1233 aufe-

2026 1251 2200 1301 retur
2216 1253 2517 1316 sceptrum
2547 1248 2620 1303 de
2645 1248 2807 1303 Juda
2840 1253 2895 1303 et
2916 1249 3047 1305 dua:
3069 1251 3142 1305 de
3167 1251 3393 1320 femore
3422 1254 3571 1322 ejus,
3595 1252 3695 1307 do-

2027 1350 2135 1392 nec
2155 1337 2358 1391 veniat
2379 1338 2485 1407 qui
2507 1338 2831 1394 mittendus
2862 1344 2964 1405 est,
3002 1345 3057 1395 et
3087 1340 3209 1409 ipse
3239 1340 3349 1395 erit
3394 1346 3696 1409 exspecta-

2029 1426 2110 1480 tio
2131 1427 2419 1495 gentium.
2452 1429 2577 1482 Non
2609 1430 2701 1482 est
2721 1426 2882 1483 enim
2913 1426 3180 1483 ablatum
3206 1428 3475 1497 regimen
3501 1428 3691 1485 tribus

2022 1513 2181 1569 Juda
2210 1513 2285 1569 de
2315 1530 2503 1570 manu
2533 1517 2621 1571 sui
2654 1516 2886 1586 generis
2914 1521 2969 1572 et
2996 1516 3427 1589 transpositum
3468 1517 3529 1572 in
3568 1533 3693 1575 ma-

214 1626 421 1675 verus,
445 1614 502 1665 et
532 1610 716 1665 homo
748 1606 933 1664 simul
964 1623 1095 1663 esse
1120 1607 1409 1663 credatur.
1462 1609 1539 1663 De
1570 1605 1810 1680 quibus
1844 1606 1911 1663 il-
1954 1628 1994 1681 Β
2023 1620 2140 1659 nus
2168 1620 2384 1674 regum
2409 1604 2880 1676 alienigenarum
2902 1622 3095 1678 usque
3125 1606 3203 1662 ad
3225 1606 3553 1662 adventum
3584 1611 3693 1664 Do-

214 1698 330 1755 lud
350 1696 696 1754 Davidicum
729 1713 743 1750 :
772 1695 955 1755 Sedes
990 1701 1116 1761 tua,
1150 1696 1325 1763 Deus,
1374 1695 1435 1750 in
1464 1696 1757 1751 saeculum
1791 1709 1910 1751 saa-

220 1790 372 1858 cuti,
387 1793 445 1844 et
471 1791 681 1844 caetera
708 1787 903 1857 (Psal.
934 1802 1092 1853 xuv,
1125 1785 1200 1856 7).
1234 1787 1299 1839 Et
1327 1783 1472 1840 illud
1505 1786 1671 1841 lsaite
1709 1784 1911 1842 :Par-

222 1880 410 1934 vatus
439 1883 609 1934 natus
649 1882 732 1934 est
784 1877 981 1944 nobis,
1028 1876 1192 1943 ﬁlius
1232 1875 1410 1931 datus
1460 1881 1543 1933 est
1595 1876 1794 1942 nobis,
1850 1885 1907 1934 et

230 1968 539 2024 vocabitur
576 1981 792 2023 nomen
844 1968 976 2036 ejus
1023 1964 1435 2031 Admirabilis,
1472 1966 1903 2036 Consiliarius,

221 2058 389 2113 Deus
414 2058 610 2127 fortis,
640 2057 830 2112 Pater
858 2055 1064 2125 futuri
1089 2055 1315 2126 saeculi,
1361 2055 1651 2126 Princeps
1672 2058 1853 2125 pacis
1884 2073 1906 2113 :

223 2146 736 2216 multiplicabitur
760 2148 891 2215 ejus
922 2146 1239 2214 imperium
1270 2150 1323 2201 et
1348 2146 1518 2214 pacis
1548 2162 1671 2201 non
1699 2147 1816 2201 erit
1833 2148 1904 2216 ﬁ-

222 2236 319 2291 nis
350 2235 490 2304 (Isa.
524 2251 602 2303 1x,
632 2235 707 2306 6).
750 2232 859 2290 Ubi
910 2233 971 2288 in
1024 2232 1118 2288 his
1162 2232 1361 2289 verbis
1412 2234 1572 2289 lsaite
1625 2235 1904 2291 cavenda

219 2328 317 2379 est
343 2321 500 2378 falsa
525 2322 871 2378 Iudaeorum
900 2320 1328 2393 interpretatio,
1375 2337 1498 2394 qua
1546 2321 1901 2378 vaticinium

217 2411 390 2468 istud
413 2411 495 2467 ad
522 2411 779 2467 Ezechiae
816 2426 1040 2467 nomen
1072 2410 1371 2468 inflectere
1391 2410 1694 2479 laborant,
1713 2428 1904 2484 quan-

222 2501 308 2557 do
331 2516 476 2556 cum
509 2499 853 2556 Christianis
878 2498 1251 2572 simplicibus
1302 2498 1667 2556 altercantur
1701 2515 1713 2553 :
1747 2496 1905 2553 falsa

224 2593 410 2659 certe,
441 2588 586 2661 quia
607 2604 728 2643 non
754 2587 1007 2644 habetur
1037 2589 1329 2661 scriptum
1378 2587 1436 2643 in
1491 2588 1803 2652 Hebraico,
1847 2590 1905 2642 et

220 2677 544 2735 vocabitur
566 2692 785 2732 nomen
814 2677 941 2747 ejus
972 2678 1268 2744 Ezechias,
1296 2677 1461 2749 quod
1479 2677 1906 2750 interpretatur

217 2769 411 2840 fortis
440 2768 699 2833 Domini,
731 2767 833 2822 sed
862 2767 1176 2823 vocabitur
1213 2783 1437 2823 nomen
1483 2769 1615 2839 ejus
1646 2765 1902 2836 Elgiber,

218 2858 396 2933 quod
423 2859 842 2931 interpretatur
892 2860 1046 2915 Deus
1100 2860 1300 2929 fortis,
1351 2859 1517 2932 quod
1562 2872 1814 2926 nomen,
1844 2856 1902 2911 id

220 2953 318 3004 est
350 2948 456 3014 Et,
492 2947 601 3003 soli
630 2950 748 3003 Deo
781 2946 1076 3018 convenit,
1108 2951 1164 3002 et
1190 2963 1313 3003 non
1346 2948 1629 3012 Ezechiae,
1669 2945 1764 3000 cui
1794 2960 1904 3000 nec
1935 2982 1974 3037 Ο

218 3041 445 3094 caetera
473 3052 610 3110 quae
634 3041 962 3110 sequuntur
1009 3036 1327 3093 convenire
1383 3040 1666 3111 possunt.
1722 3036 1903 3091 Caete-

219 3144 365 3184 rum
393 3127 457 3182 in
487 3125 746 3182 vaticino
776 3126 977 3194 David,
1011 3126 1189 3182 simul
1222 3143 1361 3182 cum
1392 3127 1712 3182 divinitate
1745 3124 1905 3179 Chri-

222 3218 321 3285 sti,
359 3214 676 3285 diligenter
702 3215 1062 3272 attendenda
1092 3220 1180 3271 est
1217 3215 1518 3272 distinctio
1570 3212 1790 3275 Patris,
1824 3214 1906 3268 Fi-

216 3305 281 3363 lii
312 3310 375 3361 et
403 3304 653 3377 Spiritus
682 3304 891 3361 sancti.
927 3306 1072 3361 Cum
1106 3304 1267 3360 enim
1296 3304 1545 3361 dicitur:
1569 3302 1755 3360 Sedes
1776 3308 1903 3374 tua,

219 3399 410 3466 Deus,
444 3397 506 3450 in
543 3397 827 3451 saeculum
856 3396 1061 3451 saeculi
1091 3412 1105 3449 :
1139 3395 1314 3465 virga
1342 3393 1701 3453 directionis
1731 3377 1921 3464 virga~

218 3486 405 3556 regni
429 3485 537 3540 tui.
572 3485 851 3540 Ditexisti
879 3485 1184 3554 justitiam
1215 3489 1268 3540 et
1299 3485 1478 3540 odisti
1514 3482 1903 3553 iniquitatem

218 3575 420 3647 (Psal.
452 3589 604 3642 xuv,
630 3579 685 3638 7,
718 3574 794 3644 8),
826 3572 902 3628 ad
931 3572 1138 3628 Filium
1172 3572 1406 3629 Domini
1426 3572 1720 3647 loquitur.
1754 3574 1903 3628 Cum

220 3663 372 3720 dicit
401 3680 415 3718 :
448 3664 776 3732 Propterea
798 3664 972 3719 unxit
995 3668 1052 3720 te
1076 3664 1254 3729 Deus,
1312 3665 1468 3720 Deus
1517 3669 1661 3719 tuus
1701 3661 1901 3733 (Ibid.,

220 3754 306 3825 8),
338 3753 415 3808 de
444 3755 563 3808 Deo
602 3755 766 3808 Patre
818 3751 1097 3824 loquitur.
1158 3754 1305 3808 Cum
1361 3769 1505 3808 vero
1563 3750 1900 3822 subjungit,

223 3845 360 3900 oleo
392 3843 861 3914 laetitiz(lbid.),
918 3842 1203 3916 Spiritum
1251 3848 1527 3899 sanctum
1581 3842 1900 3912 signiﬁcat,

232 3930 627 3988 nihilominus
659 3934 868 4003 Deum,
899 3936 962 3988 ut
983 3932 1117 3987 loco
1156 3948 1267 3987 suo
1291 3931 1827 3989 demonstrabitur.

312 4019 406 4075 ΠΙ.
460 4021 668 4089 Magna
724 4019 1018 4075 dissensio
1065 4024 1153 4075 est
1199 4021 1350 4077 inter
1397 4020 1550 4076 ﬁlios
1582 4019 1903 4075 hominum

226 4124 378 4165 cum
407 4107 482 4163 de
513 4108 717 4163 multis
742 4108 892 4178 aliis,
924 4115 1049 4165 tum
1082 4108 1263 4165 etiam
1312 4109 1386 4165 de
1425 4108 1802 4165 confessione
1839 4105 1906 4161 ﬁ-

226 4198 348 4255 dei.
386 4196 560 4263 Quod
593 4196 802 4253 videns
839 4197 1159 4271 Apostolus
1191 4198 1467 4255 dicebat:
1514 4200 1638 4254 Nos
1683 4196 1906 4267 praedi-

227 4302 443 4345 camus
474 4285 783 4342 Christum
814 4288 1193 4357 cruciﬁxum,
1224 4288 1447 4344 Judaeis
1471 4288 1708 4359 quidem
1740 4301 1907 4345 scan-

226 4377 471 4445 dalum,
499 4376 775 4445 gentibus
804 4382 999 4433 autem
1027 4378 1366 4446 stultitiam,
1410 4380 1552 4446 ipsis
1581 4381 1782 4433 autem
1812 4391 1908 4431 vo-

231 4469 391 4524 catis
416 4465 649 4521 Judaris
680 4471 856 4538 atque
889 4468 1111 4523 Graecis
1139 4468 1250 4524 Dei
1269 4469 1545 4524 virtutem
1575 4473 1630 4524 et
1662 4468 1774 4523 Dei
1809 4481 1906 4522 sa-

226 4557 532 4628 pientiam
565 4556 622 4622 (Ι
640 4554 775 4611 Cor.
809 4571 844 4622 ι,
876 4560 965 4623 23,
998 4557 1106 4627 24).
1141 4559 1268 4612 Non
1290 4555 1485 4611 solum
1527 4562 1730 4613 autem
1763 4557 1911 4611 Gen-

230 4645 369 4702 tiles
404 4649 464 4700 et
492 4643 703 4709 Judaei,
734 4644 836 4699 sed
859 4648 914 4701 et
941 4644 1055 4717 ipsi
1097 4644 1340 4719 quidem
1372 4645 1475 4717 qui
1522 4663 1583 4702 se
1629 4643 1909 4703 Christia-

230 4750 350 4791 nos
377 4732 673 4807 appellari
701 4732 928 4805 volunt,
960 4732 1208 4789 nimiam
1239 4734 1467 4790 habent
1495 4735 1646 4791 inter
1686 4749 1750 4789 se
1802 4730 1912 4787 dif-

232 4823 581 4881 ferentiam.
617 4825 763 4880 Cum
788 4822 887 4880 alii
917 4839 1123 4879 eorum
1152 4823 1424 4879 catholici
1456 4824 1592 4893 sint,
1613 4823 1713 4878 alii
1728 4822 1915 4877 haere-

234 4915 343 4971 tici
377 4911 586 4969 multis
616 4912 831 4969 modis.
884 4915 1004 4985 Ego
1041 4929 1181 4969 vero
1214 4912 1541 4975 Fulbertus,
1597 4912 1702 4985 qui
1748 4927 1913 4984 pono

232 5002 410 5069 talia,
446 5001 585 5057 licet
610 5006 889 5075 peccator
912 5006 969 5058 et
992 5001 1273 5071 indignus
1303 5002 1645 5074 episcopus,
1685 5004 1910 5063 tamen,

229 5092 391 5167 quia
420 5090 654 5148 velﬂde
682 5091 1042 5148 catholicum
1090 5107 1187 5147 me
1230 5106 1365 5146 esse
1416 5089 1693 5146 desidero
1732 5094 1913 5161 atque

234 5179 553 5254 proﬁteor,
582 5180 771 5249 gratia
804 5179 903 5236 Dei
931 5178 1067 5235 volo
1096 5178 1247 5247 aliis,
1297 5178 1519 5252 quibus
1569 5183 1800 5251 potero,
1837 5177 1913 5231 de

242 5286 390 5327 mea
417 5268 538 5325 ﬁde
568 5273 624 5325 et
643 5284 752 5325 suo
780 5284 977 5325 errore
1005 5268 1271 5341 aliquam
1312 5267 1758 5340 portiunculam
1788 5265 1917 5320 red-

239 5360 389 5415 dere
418 5357 665 5413 rationis
694 5359 825 5428 ejus
858 5374 995 5430 quaz
1020 5356 1079 5412 in
1114 5372 1209 5412 me
1240 5356 1383 5412 satis
1408 5361 1498 5412 est
1547 5361 1604 5410 et
1650 5355 1912 5426 copiose.

242 5452 311 5505 Et
341 5448 609 5520 primum
639 5446 887 5520 quidem
917 5446 1157 5502 Judaeis.
1192 5445 1261 5501 Hi
1292 5460 1435 5516 ergo
1466 5444 1641 5499 nobis
1668 5458 1917 5499 consen-

241 5537 354 5593 tire
380 5534 592 5591 dicunt
618 5535 678 5590 in
708 5536 826 5590 hoc
887 5547 899 5588 :
955 5551 1145 5590 unum
1192 5535 1380 5589 Deum
1412 5533 1767 5589 conﬁtemur
1792 5546 1917 5585 om-

238 5626 421 5684 nium
450 5624 789 5680 Creatorem
818 5635 832 5689 ε
864 5615 1222 5681 dissentiunt
1241 5625 1444 5678 autem
1464 5621 1540 5679 de
1563 5620 1787 5688 multis,
1807 5617 1916 5674 sed

2020 1693 2173 1749 mini
2230 1694 2416 1750 nostri
2470 1697 2608 1749 Jesu
2661 1695 2914 1763 Christi,
2986 1711 3169 1767 quem
3224 1711 3336 1751 nos
3416 1697 3691 1754 catholici

2021 1782 2337 1841 Christiani
2369 1784 2784 1857 suscepimus;
2840 1789 2930 1841 est
2974 1789 3176 1840 autem
3215 1800 3289 1840 ex
3318 1790 3460 1841 tunc
3485 1802 3690 1843 revera

2018 1872 2293 1930 ablatum
2353 1878 2659 1947 sceptrum
2716 1874 2792 1929 de
2845 1874 3018 1942 Juda,
3066 1878 3123 1930 et
3168 1876 3595 1948 transpositam
3626 1876 3688 1932 in

2017 1979 2239 2019 manus
2289 1971 2606 2020 extraneas
2663 1963 2937 2034 ejusdem
3005 1963 3242 2020 Domini
3298 1964 3487 2020 nostri
3550 1968 3690 2021 Jesu

2018 2052 2254 2109 Christi.
2288 2055 2371 2107 Ex
2401 2056 2543 2109 tunc
2574 2052 2754 2122 igitur
2782 2052 3132 2109 auctoritate
3179 2053 3531 2126 prophetica
3587 2069 3691 2125 pa-

2017 2146 2098 2196 tet
2127 2142 2361 2196 venisse
2386 2141 2555 2197 illum
2586 2141 2691 2213 qui
2729 2140 3055 2197 mittendus
3084 2146 3229 2208 erat,
3282 2141 3347 2197 id
3396 2146 3486 2197 est
3531 2142 3690 2199 Chri-

2016 2236 2195 2287 stum.
2232 2233 2376 2287 Ecce
2406 2230 2883 2305 propositionem
2913 2237 3184 2286 nostram
3222 2230 3521 2286 succincte
3547 2233 3691 2286 con:

2014 2319 2338 2389 clusimus;
2373 2338 2534 2377 nunc
2562 2320 2639 2377 ad
2665 2320 3172 2393 approbationem
3214 2321 3404 2394 ipsius
3450 2321 3688 2378 histori-

2016 2426 2149 2465 cam
2180 2412 2489 2468 veritatem
2516 2410 2776 2466 breviter
2818 2409 3206 2479 attingamus.
3264 2415 3687 2467 Demonstran-

2012 2502 2102 2553 tes
2130 2499 2341 2571 quales
2370 2502 2717 2557 Judieorum
2748 2499 3011 2572 populus
3039 2499 3115 2554 de
3160 2516 3377 2569 genere
3416 2517 3527 2556 suo
3564 2517 3687 2556 rec-

2015 2593 2170 2643 tores
2214 2588 2513 2659 habuerit,
2546 2589 2797 2662 quando
2823 2588 3108 2657 amiserit,
3140 2593 3197 2644 et
3225 2589 3537 2661 quomodo
3569 2589 3683 2645 sibi

2014 2675 2235 2731 ablatio
2264 2678 2570 2748 regiminis
2598 2682 2656 2733 et
2692 2676 2988 2732 adventus
3010 2676 3232 2732 Messias
3276 2676 3685 2731 concurrerint

2014 2765 2070 2820 in
2102 2764 2317 2822 diebus
2348 2767 2615 2822 Herodis.
2650 2765 2830 2835 Igitur
2856 2770 2993 2836 post
3020 2768 3284 2837 Moysen,
3304 2764 3408 2837 qui
3429 2765 3684 2837 prophe-

2014 2854 2161 2910 tiam
2190 2855 2349 2911 banc
2380 2855 2643 2928 protulit,
2701 2859 2757 2910 et
2805 2857 3008 2909 Iesum
3060 2869 3469 2910 successorem
3527 2854 3679 2924 ejus,

2014 2949 2270 3000 rectores
2299 2945 2510 3001 habuit
2535 2944 2796 3018 populus
2822 2942 3108 2999 Judaicus
3155 2942 3230 2998 de
3280 2958 3494 3015 genere
3548 2958 3678 3003 suo.

2013 3035 2117 3107 qui
2138 3034 2370 3104 judices
2405 3034 2684 3107 appellati
2735 3039 2892 3101 sunt,
2927 3050 3121 3105 usque
3170 3033 3248 3089 ad
3293 3038 3531 3105 tempus
3577 3034 3681 3089 Sa-

2016 3122 2230 3178 muelis
2256 3123 2586 3195 prophetae.
2622 3122 2843 3177 Deinde
2881 3122 2985 3193 qui
3011 3137 3182 3191 reges
3209 3120 3487 3192 appellati
3521 3124 3680 3187 sunt,

2016 3210 2282 3266 similiter
2311 3210 2386 3266 de
2419 3226 2634 3279 genere
2667 3227 2796 3277 suo,
2829 3211 3089 3276 Saulem,
3149 3209 3333 3265 David
3382 3213 3439 3263 et
3480 3208 3682 3280 plures

2014 3302 2184 3371 alios,
2212 3317 2409 3373 usque
2448 3300 2527 3356 ad
2583 3300 3171 3369 transmigrationem
3226 3297 3569 3368 Babylonis.
3617 3300 3683 3351 ln

2013 3392 2144 3465 ipsa
2174 3406 2419 3463 quoque
2449 3389 2973 3457 transmigratione
3004 3404 3126 3445 non
3151 3386 3471 3443 defuerunt
3499 3384 3579 3440 illi
3607 3385 3683 3439 de

2014 3495 2228 3549 genere
2258 3494 2369 3533 suo
2400 3483 2657 3534 rectores
2713 3483 2769 3533 et
2816 3478 3224 3533 consolatores
3265 3478 3382 3530 Deo
3413 3473 3595 3547 pleni,
3627 3477 3684 3529 et

2011 3568 2157 3640 ipsis
2182 3566 2429 3634 regibus
2459 3565 2925 3632 excellentiores,
2970 3566 3121 3621 sicut
3165 3563 3449 3620 Jeremias
3493 3568 3551 3618 et
3580 3565 3688 3618 Da-

2013 3656 2130 3712 niel
2161 3656 2492 3729 prophetae.
2554 3658 2688 3710 Post
2715 3654 2975 3711 reditum
3007 3655 3082 3710 de
3115 3653 3417 3726 Babylone
3447 3651 3689 3707 fuerunt

2012 3745 2095 3802 illi
2116 3744 2386 3800 similiter
2406 3745 2481 3799 de
2514 3760 2728 3815 genere
2761 3761 2871 3799 suo
2917 3745 3073 3800 bene
3118 3742 3495 3814 disciplinata
3537 3740 3688 3810 regi-

2017 3836 2183 3890 mina
2240 3834 2620 3905 pontiﬁcum,
2672 3848 2864 3904 usque
2916 3834 2993 3887 ad
3050 3830 3368 3887 Aristobuli
3425 3835 3683 3900 tempus,

2015 3925 2121 3997 qui
2170 3922 2440 3995 pontifex
2490 3922 2721 3978 Judaici
2769 3921 2977 3993 populi
3029 3918 3298 3975 similiter
3348 3918 3423 3972 de
3469 3932 3686 3986 genere

2017 4030 2128 4069 suo
2153 4017 2212 4067 et
2239 4027 2343 4065 rex
2373 4011 2620 4067 ultimus
2651 4010 2777 4065 fuit.
2834 4012 2999 4065 Hunc
3043 4012 3244 4064 autem
3272 4005 3686 4061 Aristobulum

2015 4105 2365 4176 expugnata
2396 4100 2805 4173 Hierosolyma
2842 4098 3105 4154 vinctum
3151 4112 3291 4151 cum
3333 4095 3536 4151 liberis
3578 4097 3688 4150 Ro-

2017 4207 2186 4248 mam
2230 4188 2391 4245 misit
2438 4189 2753 4262 Pompeius
2800 4190 3211 4243 Romanorum
3256 4185 3400 4252 dux,
3435 4185 3686 4241 Hircano

2018 4278 2184 4337 fratri
2207 4278 2340 4347 ejus
2370 4277 2790 4351 pontiﬁcatum
2828 4275 3191 4349 relinquens.
3246 4276 3499 4331 Omnem
3546 4289 3686 4330 vero

2016 4369 2363 4426 Iudaeorum
2389 4372 2627 4437 gentem
2652 4366 2897 4423 ultimus
2920 4362 3187 4439 pontifex
3228 4379 3331 4436 per
3355 4363 3687 4433 legitimam

2021 4455 2466 4514 successionem
2517 4456 2749 4527 generis
2803 4455 2927 4511 fuit.
3012 4452 3270 4509 Herodes
3328 4451 3558 4525 primus
3613 4465 3687 4505 ex

2022 4547 2219 4604 alieno
2264 4561 2479 4616 genere
2523 4562 2623 4601 rex
2655 4544 2998 4602 Judaeorum
3024 4542 3216 4597 factus
3259 4545 3349 4596 est
3376 4555 3483 4612 per
3512 4553 3685 4593 sena-

2020 4634 2482 4705 tusconsultum,
2511 4636 2843 4708 imperante
2883 4637 3167 4702 Augusto.
3230 4630 3358 4695 Quo
3416 4632 3686 4697 tempore

2024 4723 2289 4783 Christus
2318 4723 2655 4779 secundum
2684 4720 3013 4796 prophetiae
3038 4718 3220 4773 ﬁdem
3241 4716 3303 4771 in
3343 4713 3687 4770 Bethlehem

2022 4819 2201 4871 natus
2230 4816 2337 4867 est.
2373 4815 2667 4868 Hactenus
2687 4825 2850 4879 ergo,
2882 4807 2943 4862 id
2969 4811 3075 4873 est,
3100 4820 3293 4877 usque
3328 4803 3405 4858 ad
3430 4816 3688 4871 regnum

2024 4901 2269 4960 llerodis
2322 4906 2379 4957 et
2407 4917 2528 4957 non
2580 4905 2807 4973 postea,
2865 4900 3121 4951 rectores
3173 4891 3385 4947 habuit
3426 4890 3688 4960 legitime

2026 4990 2288 5066 populus
2334 4990 2618 5046 Judaicus
2647 4990 2721 5043 de
2752 5000 2966 5055 genere
3006 4998 3114 5037 suo
3148 4998 3160 5035 :
3194 4996 3381 5051 regno
3421 4995 3688 5052 namque

2022 5081 2374 5137 Judieorum
2430 5079 2706 5150 disrupta
2757 5081 2935 5146 atque
2987 5073 3240 5137 mutato,
3285 5069 3689 5127 sacerdotium

2025 5185 2268 5243 quoque
2318 5168 2659 5239 disruptum
2707 5171 2885 5235 atque
2928 5166 3227 5217 mutatum
3275 5164 3381 5216 est.
3430 5159 3690 5216 Herodes

2025 5258 2185 5315 enim
2238 5260 2562 5328 postquam
2622 5267 2875 5322 regnum
2932 5250 3280 5307 Judmorum
3324 5266 3361 5306 a
3399 5250 3687 5307 Romanis

2026 5344 2277 5418 accepit,
2305 5345 2553 5416 antiquo
2578 5344 2732 5414 jure,
2766 5342 2878 5396 hoc
2904 5345 3009 5407 est,
3037 5356 3146 5415 per
3175 5340 3503 5411 legitimam
3555 5356 3689 5396 suc-

2028 5435 2368 5494 cessionem
2418 5433 2650 5503 generis
2701 5446 2823 5486 non
2900 5430 3296 5486 constituebat
3354 5427 3685 5502 pontiﬁces,

2031 5525 2135 5583 sed
2165 5523 2505 5598 promiscue
2553 5521 2895 5594 quibusque
2937 5518 3304 5589 ignobilibus
3357 5516 3689 5574 sacerdotia

2033 5611 2419 5688 promittebat
2432 5610 2519 5667 ad
2535 5614 2793 5681 tempus.
2820 5611 2999 5665 Sacra
3014 5622 3258 5680 quoque
3279 5611 3445 5662 veste
3466 5616 3689 5658 summ*
