  <div class='ocr_page' id='page_1' title='image "/cluster/home/n/w/nwhite01/storage/ocr_20150623/141/hvd.32044054760012/163.png"; bbox 0 0 3996 6176; ppageno 0'>
   <div class='ocr_carea' id='block_1_1' title="bbox 325 156 430 217">
    <p class='ocr_par' dir='ltr' id='par_1_1' title="bbox 325 156 430 217">
     <span class='ocr_line' id='line_1_1' title="bbox 325 156 430 217; baseline 0.019 -9"><span class='ocrx_word' id='word_1_1' title='bbox 325 156 387 212; x_wconf 75' lang='grc'>31</span> <span class='ocrx_word' id='word_1_2' title='bbox 397 158 430 217; x_wconf 69' lang='lat'><strong>5</strong></span> 
     </span>
    </p>
   </div>
   <div class='ocr_carea' id='block_1_2' title="bbox 1361 155 2690 224">
    <p class='ocr_par' dir='ltr' id='par_1_2' title="bbox 1361 155 2690 224">
     <span class='ocr_line' id='line_1_2' title="bbox 1361 155 2690 224; baseline -0.002 -11"><span class='ocrx_word' id='word_1_3' title='bbox 1361 157 1416 213; x_wconf 92' lang='lat' dir='ltr'><strong>S.</strong></span> <span class='ocrx_word' id='word_1_4' title='bbox 1457 155 1800 218; x_wconf 70' lang='lat' dir='ltr'><strong>FULBERTI</strong></span> <span class='ocrx_word' id='word_1_5' title='bbox 1840 155 2323 224; x_wconf 72' lang='lat' dir='ltr'><strong>CARNQTENSIS</strong></span> <span class='ocrx_word' id='word_1_6' title='bbox 2362 155 2690 215; x_wconf 77' lang='lat' dir='ltr'><strong>EPISCOPI.</strong></span> 
     </span>
    </p>
   </div>
   <div class='ocr_carea' id='block_1_3' title="bbox 3638 155 3741 214">
    <p class='ocr_par' dir='ltr' id='par_1_3' title="bbox 3638 155 3741 214">
     <span class='ocr_line' id='line_1_3' title="bbox 3638 155 3741 214; baseline 0.078 -9"><span class='ocrx_word' id='word_1_7' title='bbox 3638 155 3741 214; x_wconf 82' lang='grc'>316</span> 
     </span>
    </p>
   </div>
   <div class='ocr_carea' id='block_1_4' title="bbox 324 275 3741 354">
    <p class='ocr_par' dir='ltr' id='par_1_4' title="bbox 324 275 3741 354">
     <span class='ocr_line' id='line_1_4' title="bbox 324 275 3741 354; baseline -0.002 -14"><span class='ocrx_word' id='word_1_8' title='bbox 324 275 627 349; x_wconf 73' lang='lat' dir='ltr'><strong>pontiﬁcis</strong></span> <span class='ocrx_word' id='word_1_9' title='bbox 651 277 770 332; x_wconf 91' lang='lat' dir='ltr'><strong>sub</strong></span> <span class='ocrx_word' id='word_1_10' title='bbox 805 276 1112 347; x_wconf 83' lang='lat' dir='ltr'><strong>signaculo</strong></span> <span class='ocrx_word' id='word_1_11' title='bbox 1168 277 1374 340; x_wconf 85' lang='lat' dir='ltr'><strong>clausa</strong></span> <span class='ocrx_word' id='word_1_12' title='bbox 1427 294 1735 352; x_wconf 79' lang='lat' dir='ltr'><strong>nusquam</strong></span> <span class='ocrx_word' id='word_1_13' title='bbox 1790 294 1967 336; x_wconf 90' lang='lat' dir='ltr'><strong>usum</strong></span> <span class='ocrx_word' id='word_1_14' title='bbox 2011 280 2058 333; x_wconf 83' lang='lat' dir='ltr'><strong>A</strong></span> <span class='ocrx_word' id='word_1_15' title='bbox 2088 279 2268 348; x_wconf 81' lang='lat' dir='ltr'><strong>igitur</strong></span> <span class='ocrx_word' id='word_1_16' title='bbox 2294 279 2398 347; x_wconf 86' lang='lat' dir='ltr'><strong>illi,</strong></span> <span class='ocrx_word' id='word_1_17' title='bbox 2428 281 2534 354; x_wconf 90' lang='lat' dir='ltr'>qui</span> <span class='ocrx_word' id='word_1_18' title='bbox 2563 280 2768 340; x_wconf 85' lang='lat' dir='ltr'><strong>dicunt</strong></span> <span class='ocrx_word' id='word_1_19' title='bbox 2813 279 3191 352; x_wconf 84' lang='lat' dir='ltr'><strong>prophetiam</strong></span> <span class='ocrx_word' id='word_1_20' title='bbox 3239 277 3393 340; x_wconf 88' lang='lat' dir='ltr'><strong>hanc</strong></span> <span class='ocrx_word' id='word_1_21' title='bbox 3452 275 3527 332; x_wconf 88' lang='lat' dir='ltr'><strong>ad</strong></span> <span class='ocrx_word' id='word_1_22' title='bbox 3558 275 3741 340; x_wconf 87' lang='lat' dir='ltr'><strong>ﬁnem</strong></span> 
     </span>
    </p>
   </div>
   <div class='ocr_carea' id='block_1_5' title="bbox 325 365 1972 441">
    <p class='ocr_par' dir='ltr' id='par_1_5' title="bbox 325 365 1972 441">
     <span class='ocr_line' id='line_1_5' title="bbox 325 365 1972 441; baseline 0.001 -20"><span class='ocrx_word' id='word_1_23' title='bbox 325 367 454 437; x_wconf 89' lang='lat' dir='ltr'><strong>ejus</strong></span> <span class='ocrx_word' id='word_1_24' title='bbox 494 365 873 438; x_wconf 84' lang='lat' dir='ltr'><strong>pontiﬁcibus</strong></span> <span class='ocrx_word' id='word_1_25' title='bbox 912 365 1310 439; x_wconf 83' lang='lat' dir='ltr'><strong>permittebat.</strong></span> <span class='ocrx_word' id='word_1_26' title='bbox 1365 368 1533 424; x_wconf 88' lang='lat' dir='ltr'><strong>Hunc</strong></span> <span class='ocrx_word' id='word_1_27' title='bbox 1565 385 1708 437; x_wconf 86' lang='lat' dir='ltr'><strong>ergo</strong></span> <span class='ocrx_word' id='word_1_28' title='bbox 1733 384 1972 441; x_wconf 87' lang='lat' dir='ltr'><strong>perver-</strong></span> 
     </span>
    </p>
   </div>
   <div class='ocr_carea' id='block_1_6' title="bbox 325 454 1974 529">
    <p class='ocr_par' dir='ltr' id='par_1_6' title="bbox 325 454 1974 529">
     <span class='ocr_line' id='line_1_6' title="bbox 325 454 1974 529; baseline 0.002 -20"><span class='ocrx_word' id='word_1_29' title='bbox 325 472 462 511; x_wconf 92' lang='lat' dir='ltr'><strong>sum</strong></span> <span class='ocrx_word' id='word_1_30' title='bbox 490 470 721 517; x_wconf 91' lang='lat' dir='ltr'><strong>morem</strong></span> <span class='ocrx_word' id='word_1_31' title='bbox 747 454 931 516; x_wconf 84' lang='lat' dir='ltr'><strong>tenuit</strong></span> <span class='ocrx_word' id='word_1_32' title='bbox 958 459 1099 528; x_wconf 82' lang='lat' dir='ltr'><strong>post</strong></span> <span class='ocrx_word' id='word_1_33' title='bbox 1126 456 1324 529; x_wconf 88' lang='lat' dir='ltr'><strong>ipsum</strong></span> <span class='ocrx_word' id='word_1_34' title='bbox 1379 457 1707 522; x_wconf 77' lang='lat' dir='ltr'><strong>Archelaus</strong></span> <span class='ocrx_word' id='word_1_35' title='bbox 1740 474 1974 516; x_wconf 87' lang='lat' dir='ltr'><strong>succes-</strong></span> 
     </span>
    </p>
   </div>
   <div class='ocr_carea' id='block_1_7' title="bbox 323 541 1972 617">
    <p class='ocr_par' dir='ltr' id='par_1_7' title="bbox 323 541 1972 617">
     <span class='ocr_line' id='line_1_7' title="bbox 323 541 1972 617; baseline 0.002 -20"><span class='ocrx_word' id='word_1_36' title='bbox 323 559 420 598; x_wconf 88' lang='lat' dir='ltr'><strong>sor</strong></span> <span class='ocrx_word' id='word_1_37' title='bbox 436 543 485 612; x_wconf 85' lang='lat' dir='ltr'><strong>ej</strong></span> <span class='ocrx_word' id='word_1_38' title='bbox 495 543 766 604; x_wconf 76' lang='lat' dir='ltr'><strong>us.Hunc</strong></span> <span class='ocrx_word' id='word_1_39' title='bbox 791 541 1072 617; x_wconf 76' lang='lat' dir='ltr'><strong>deinceps</strong></span> <span class='ocrx_word' id='word_1_40' title='bbox 1102 549 1342 602; x_wconf 81' lang='lat' dir='ltr'><strong>tenuere</strong></span> <span class='ocrx_word' id='word_1_41' title='bbox 1371 546 1623 604; x_wconf 87' lang='lat' dir='ltr'><strong>Romani</strong></span> <span class='ocrx_word' id='word_1_42' title='bbox 1651 543 1972 617; x_wconf 68' lang='lat' dir='ltr'><strong>praepositi,</strong></span> 
     </span>
    </p>
   </div>
   <div class='ocr_carea' id='block_1_8' title="bbox 321 631 1976 707">
    <p class='ocr_par' dir='ltr' id='par_1_8' title="bbox 321 631 1976 707">
     <span class='ocr_line' id='line_1_8' title="bbox 321 631 1976 707; baseline 0.002 -21"><span class='ocrx_word' id='word_1_43' title='bbox 321 631 512 687; x_wconf 91' lang='lat' dir='ltr'><strong>donec</strong></span> <span class='ocrx_word' id='word_1_44' title='bbox 566 631 814 692; x_wconf 79' lang='lat' dir='ltr'><strong>tandem</strong></span> <span class='ocrx_word' id='word_1_45' title='bbox 862 638 1002 706; x_wconf 90' lang='lat' dir='ltr'><strong>post</strong></span> <span class='ocrx_word' id='word_1_46' title='bbox 1047 636 1392 707; x_wconf 84' lang='lat' dir='ltr'><strong>passionem</strong></span> <span class='ocrx_word' id='word_1_47' title='bbox 1436 635 1642 694; x_wconf 83' lang='lat' dir='ltr'><strong>Christi</strong></span> <span class='ocrx_word' id='word_1_48' title='bbox 1674 634 1976 692; x_wconf 89' lang='lat' dir='ltr'><strong>destructa</strong></span> 
     </span>
    </p>
   </div>
   <div class='ocr_carea' id='block_1_9' title="bbox 321 719 1974 796">
    <p class='ocr_par' dir='ltr' id='par_1_9' title="bbox 321 719 1974 796">
     <span class='ocr_line' id='line_1_9' title="bbox 321 719 1974 796; baseline 0.005 -24"><span class='ocrx_word' id='word_1_49' title='bbox 321 719 733 793; x_wconf 83' lang='lat' dir='ltr'><strong>Hierosolyma</strong></span> <span class='ocrx_word' id='word_1_50' title='bbox 757 725 814 778; x_wconf 91' lang='lat' dir='ltr'><strong>et</strong></span> <span class='ocrx_word' id='word_1_51' title='bbox 837 721 1112 794; x_wconf 89' lang='lat' dir='ltr'><strong>dispersa</strong></span> <span class='ocrx_word' id='word_1_52' title='bbox 1142 729 1314 794; x_wconf 85' lang='lat' dir='ltr'><strong>gente</strong></span> <span class='ocrx_word' id='word_1_53' title='bbox 1361 725 1727 791; x_wconf 61' lang='lat' dir='ltr'><strong>Judreorum,</strong></span> <span class='ocrx_word' id='word_1_54' title='bbox 1779 738 1974 796; x_wconf 86' lang='lat' dir='ltr'><strong>neque</strong></span> 
     </span>
    </p>
   </div>
   <div class='ocr_carea' id='block_1_10' title="bbox 319 807 1972 888">
    <p class='ocr_par' dir='ltr' id='par_1_10' title="bbox 319 807 1972 888">
     <span class='ocr_line' id='line_1_10' title="bbox 319 807 1972 888; baseline 0.002 -24"><span class='ocrx_word' id='word_1_55' title='bbox 319 807 526 868; x_wconf 77' lang='lat' dir='ltr'><strong>civitas</strong></span> <span class='ocrx_word' id='word_1_56' title='bbox 553 809 685 878; x_wconf 89' lang='lat' dir='ltr'><strong>illis,</strong></span> <span class='ocrx_word' id='word_1_57' title='bbox 719 826 914 884; x_wconf 88' lang='lat' dir='ltr'><strong>neque</strong></span> <span class='ocrx_word' id='word_1_58' title='bbox 944 828 1066 882; x_wconf 89' lang='lat' dir='ltr'><strong>rex,</strong></span> <span class='ocrx_word' id='word_1_59' title='bbox 1098 829 1293 886; x_wconf 90' lang='lat' dir='ltr'><strong>neque</strong></span> <span class='ocrx_word' id='word_1_60' title='bbox 1331 814 1614 888; x_wconf 79' lang='lat' dir='ltr'><strong>pontifex,</strong></span> <span class='ocrx_word' id='word_1_61' title='bbox 1645 829 1840 885; x_wconf 91' lang='lat' dir='ltr'><strong>neque</strong></span> <span class='ocrx_word' id='word_1_62' title='bbox 1865 828 1972 886; x_wconf 93' lang='lat' dir='ltr'><strong>po-</strong></span> 
     </span>
    </p>
   </div>
   <div class='ocr_carea' id='block_1_11' title="bbox 319 897 1974 976">
    <p class='ocr_par' dir='ltr' id='par_1_11' title="bbox 319 897 1974 976">
     <span class='ocr_line' id='line_1_11' title="bbox 319 897 1974 976; baseline 0.001 -18"><span class='ocrx_word' id='word_1_63' title='bbox 319 897 502 971; x_wconf 80' lang='lat' dir='ltr'><strong>pulus</strong></span> <span class='ocrx_word' id='word_1_64' title='bbox 533 899 658 956; x_wconf 90' lang='lat' dir='ltr'><strong>fuit.</strong></span> <span class='ocrx_word' id='word_1_65' title='bbox 691 902 756 956; x_wconf 86' lang='lat' dir='ltr'><strong>Et</strong></span> <span class='ocrx_word' id='word_1_66' title='bbox 780 901 897 965; x_wconf 85' lang='lat' dir='ltr'><strong>ista</strong></span> <span class='ocrx_word' id='word_1_67' title='bbox 921 901 1208 962; x_wconf 89' lang='lat' dir='ltr'><strong>desolatio</strong></span> <span class='ocrx_word' id='word_1_68' title='bbox 1242 903 1403 976; x_wconf 81' lang='lat' dir='ltr'><strong>jugis</strong></span> <span class='ocrx_word' id='word_1_69' title='bbox 1446 904 1601 968; x_wconf 80' lang='lat' dir='ltr'><strong>facta</strong></span> <span class='ocrx_word' id='word_1_70' title='bbox 1653 907 1739 960; x_wconf 92' lang='lat' dir='ltr'><strong>est</strong></span> <span class='ocrx_word' id='word_1_71' title='bbox 1784 916 1974 973; x_wconf 88' lang='lat' dir='ltr'><strong>usque</strong></span> 
     </span>
    </p>
   </div>
   <div class='ocr_carea' id='block_1_12' title="bbox 319 986 1974 1062">
    <p class='ocr_par' dir='ltr' id='par_1_12' title="bbox 319 986 1974 1062">
     <span class='ocr_line' id='line_1_12' title="bbox 319 986 1974 1062; baseline 0.002 -20"><span class='ocrx_word' id='word_1_72' title='bbox 319 986 383 1042; x_wconf 91' lang='lat' dir='ltr'><strong>in</strong></span> <span class='ocrx_word' id='word_1_73' title='bbox 419 988 783 1052; x_wconf 84' lang='lat' dir='ltr'><strong>hodiernum</strong></span> <span class='ocrx_word' id='word_1_74' title='bbox 831 989 1010 1052; x_wconf 85' lang='lat' dir='ltr'><strong>diem.</strong></span> <span class='ocrx_word' id='word_1_75' title='bbox 1069 991 1126 1048; x_wconf 90' lang='lat' dir='ltr'><strong>Si</strong></span> <span class='ocrx_word' id='word_1_76' title='bbox 1169 1009 1310 1062; x_wconf 90' lang='lat' dir='ltr'><strong>ergo</strong></span> <span class='ocrx_word' id='word_1_77' title='bbox 1359 994 1487 1050; x_wconf 63' lang='lat' dir='ltr'><strong>haec</strong></span> <span class='ocrx_word' id='word_1_78' title='bbox 1533 993 1614 1050; x_wconf 90' lang='lat' dir='ltr'><strong>ita</strong></span> <span class='ocrx_word' id='word_1_79' title='bbox 1662 996 1820 1058; x_wconf 87' lang='lat' dir='ltr'><strong>sunt,</strong></span> <span class='ocrx_word' id='word_1_80' title='bbox 1852 991 1974 1046; x_wconf 93' lang='lat' dir='ltr'><strong>imo</strong></span> 
     </span>
    </p>
   </div>
   <div class='ocr_carea' id='block_1_13' title="bbox 321 1079 1970 1156">
    <p class='ocr_par' dir='ltr' id='par_1_13' title="bbox 321 1079 1970 1156">
     <span class='ocr_line' id='line_1_13' title="bbox 321 1079 1970 1156; baseline 0 -20"><span class='ocrx_word' id='word_1_81' title='bbox 321 1079 465 1152; x_wconf 87' lang='lat' dir='ltr'><strong>quia</strong></span> <span class='ocrx_word' id='word_1_82' title='bbox 492 1079 574 1136; x_wconf 90' lang='lat' dir='ltr'><strong>ita</strong></span> <span class='ocrx_word' id='word_1_83' title='bbox 606 1084 766 1147; x_wconf 84' lang='lat' dir='ltr'><strong>sunt,</strong></span> <span class='ocrx_word' id='word_1_84' title='bbox 799 1081 965 1152; x_wconf 86' lang='lat' dir='ltr'><strong>quod</strong></span> <span class='ocrx_word' id='word_1_85' title='bbox 991 1099 1062 1137; x_wconf 89' lang='lat' dir='ltr'><strong>ex</strong></span> <span class='ocrx_word' id='word_1_86' title='bbox 1103 1083 1419 1156; x_wconf 83' lang='lat' dir='ltr'><strong>prophetia</strong></span> <span class='ocrx_word' id='word_1_87' title='bbox 1464 1082 1970 1147; x_wconf 89' lang='lat' dir='ltr'><strong>concluscramus,</strong></span> 
     </span>
    </p>
   </div>
   <div class='ocr_carea' id='block_1_14' title="bbox 321 1168 1976 1243">
    <p class='ocr_par' dir='ltr' id='par_1_14' title="bbox 321 1168 1976 1243">
     <span class='ocr_line' id='line_1_14' title="bbox 321 1168 1976 1243; baseline 0.002 -21"><span class='ocrx_word' id='word_1_88' title='bbox 321 1183 428 1239; x_wconf 92' lang='lat' dir='ltr'><strong>per</strong></span> <span class='ocrx_word' id='word_1_89' title='bbox 455 1168 765 1232; x_wconf 83' lang='lat' dir='ltr'><strong>historiam</strong></span> <span class='ocrx_word' id='word_1_90' title='bbox 795 1175 1229 1243; x_wconf 82' lang='lat' dir='ltr'><strong>consequenter</strong></span> <span class='ocrx_word' id='word_1_91' title='bbox 1255 1171 1748 1243; x_wconf 87' lang='lat' dir='ltr'><strong>approbavimus,</strong></span> <span class='ocrx_word' id='word_1_92' title='bbox 1779 1171 1841 1226; x_wconf 92' lang='lat' dir='ltr'><strong>id</strong></span> <span class='ocrx_word' id='word_1_93' title='bbox 1863 1175 1976 1241; x_wconf 78' lang='lat' dir='ltr'><strong>est,</strong></span> 
     </span>
    </p>
   </div>
   <div class='ocr_carea' id='block_1_15' title="bbox 322 1259 1977 1330">
    <p class='ocr_par' dir='ltr' id='par_1_15' title="bbox 322 1259 1977 1330">
     <span class='ocr_line' id='line_1_15' title="bbox 322 1259 1977 1330; baseline 0.002 -19"><span class='ocrx_word' id='word_1_94' title='bbox 322 1272 394 1312; x_wconf 87' lang='lat' dir='ltr'><strong>ex</strong></span> <span class='ocrx_word' id='word_1_95' title='bbox 424 1261 690 1328; x_wconf 88' lang='lat' dir='ltr'><strong>tempore</strong></span> <span class='ocrx_word' id='word_1_96' title='bbox 715 1275 837 1330; x_wconf 87' lang='lat' dir='ltr'><strong>quo</strong></span> <span class='ocrx_word' id='word_1_97' title='bbox 866 1259 1131 1329; x_wconf 87' lang='lat' dir='ltr'><strong>regimen</strong></span> <span class='ocrx_word' id='word_1_98' title='bbox 1162 1260 1236 1315; x_wconf 91' lang='lat' dir='ltr'><strong>de</strong></span> <span class='ocrx_word' id='word_1_99' title='bbox 1259 1260 1412 1322; x_wconf 82' lang='lat' dir='ltr'><strong>Juda</strong></span> <span class='ocrx_word' id='word_1_100' title='bbox 1451 1261 1720 1326; x_wconf 88' lang='lat' dir='ltr'><strong>ablatum</strong></span> <span class='ocrx_word' id='word_1_101' title='bbox 1763 1265 1870 1330; x_wconf 90' lang='lat' dir='ltr'><strong>est,</strong></span> <span class='ocrx_word' id='word_1_102' title='bbox 1920 1269 1977 1316; x_wconf 87' lang='lat' dir='ltr'><strong>et</strong></span> 
     </span>
    </p>
   </div>
   <div class='ocr_carea' id='block_1_16' title="bbox 319 1347 1973 1420">
    <p class='ocr_par' dir='ltr' id='par_1_16' title="bbox 319 1347 1973 1420">
     <span class='ocr_line' id='line_1_16' title="bbox 319 1347 1973 1420; baseline 0.003 -19"><span class='ocrx_word' id='word_1_103' title='bbox 319 1347 596 1419; x_wconf 81' lang='lat' dir='ltr'><strong>princeps</strong></span> <span class='ocrx_word' id='word_1_104' title='bbox 627 1347 700 1402; x_wconf 91' lang='lat' dir='ltr'><strong>de</strong></span> <span class='ocrx_word' id='word_1_105' title='bbox 732 1348 954 1407; x_wconf 83' lang='lat' dir='ltr'><strong>femore</strong></span> <span class='ocrx_word' id='word_1_106' title='bbox 993 1349 1143 1420; x_wconf 88' lang='lat' dir='ltr'><strong>ejus,</strong></span> <span class='ocrx_word' id='word_1_107' title='bbox 1191 1351 1420 1407; x_wconf 88' lang='lat' dir='ltr'><strong>venisse</strong></span> <span class='ocrx_word' id='word_1_108' title='bbox 1469 1352 1757 1410; x_wconf 84' lang='lat' dir='ltr'><strong>Messiam.</strong></span> <span class='ocrx_word' id='word_1_109' title='bbox 1810 1355 1973 1408; x_wconf 85' lang='lat' dir='ltr'><strong>Nunc</strong></span> 
     </span>
    </p>
   </div>
   <div class='ocr_carea' id='block_1_17' title="bbox 320 1435 1970 1510">
    <p class='ocr_par' dir='ltr' id='par_1_17' title="bbox 320 1435 1970 1510">
     <span class='ocr_line' id='line_1_17' title="bbox 320 1435 1970 1510; baseline 0.004 -20"><span class='ocrx_word' id='word_1_110' title='bbox 320 1435 368 1491; x_wconf 91' lang='lat' dir='ltr'><strong>si</strong></span> <span class='ocrx_word' id='word_1_111' title='bbox 397 1436 619 1492; x_wconf 86' lang='lat' dir='ltr'><strong>habent</strong></span> <span class='ocrx_word' id='word_1_112' title='bbox 643 1436 829 1492; x_wconf 63' lang='lat' dir='ltr'><strong>Judaei</strong></span> <span class='ocrx_word' id='word_1_113' title='bbox 851 1438 998 1510; x_wconf 83' lang='lat' dir='ltr'><strong>quid</strong></span> <span class='ocrx_word' id='word_1_114' title='bbox 1018 1443 1226 1496; x_wconf 88' lang='lat' dir='ltr'><strong>contra</strong></span> <span class='ocrx_word' id='word_1_115' title='bbox 1246 1445 1637 1508; x_wconf 90' lang='lat' dir='ltr'><strong>murmurent,</strong></span> <span class='ocrx_word' id='word_1_116' title='bbox 1675 1441 1970 1500; x_wconf 82' lang='lat' dir='ltr'><strong>audiatur.</strong></span> 
     </span>
    </p>
   </div>
   <div class='ocr_carea' id='block_1_18' title="bbox 390 1525 1978 1592">
    <p class='ocr_par' dir='ltr' id='par_1_18' title="bbox 390 1525 1978 1592">
     <span class='ocr_line' id='line_1_18' title="bbox 390 1525 1978 1592; baseline 0.006 -13"><span class='ocrx_word' id='word_1_117' title='bbox 390 1525 493 1588; x_wconf 80' lang='lat' dir='ltr'><strong>Hic</strong></span> <span class='ocrx_word' id='word_1_118' title='bbox 546 1525 740 1582; x_wconf 88' lang='lat' dir='ltr'><strong>solent</strong></span> <span class='ocrx_word' id='word_1_119' title='bbox 796 1532 1000 1591; x_wconf 89' lang='lat' dir='ltr'><strong>autem</strong></span> <span class='ocrx_word' id='word_1_120' title='bbox 1051 1529 1338 1588; x_wconf 89' lang='lat' dir='ltr'><strong>trifariam</strong></span> <span class='ocrx_word' id='word_1_121' title='bbox 1369 1531 1551 1588; x_wconf 91' lang='lat' dir='ltr'><strong>verba</strong></span> <span class='ocrx_word' id='word_1_122' title='bbox 1597 1531 1740 1592; x_wconf 86' lang='lat' dir='ltr'><strong>dare</strong></span> <span class='ocrx_word' id='word_1_123' title='bbox 1771 1536 1978 1588; x_wconf 87' lang='lat' dir='ltr'><strong>contra</strong></span> 
     </span>
    </p>
   </div>
   <div class='ocr_carea' id='block_1_19' title="bbox 2087 365 3743 442">
    <p class='ocr_par' dir='ltr' id='par_1_19' title="bbox 2087 365 3743 442">
     <span class='ocr_line' id='line_1_19' title="bbox 2087 365 3743 442; baseline -0.001 -20"><span class='ocrx_word' id='word_1_124' title='bbox 2087 367 2293 426; x_wconf 87' lang='lat' dir='ltr'><strong>talium</strong></span> <span class='ocrx_word' id='word_1_125' title='bbox 2322 373 2618 425; x_wconf 90' lang='lat' dir='ltr'><strong>rectorum</strong></span> <span class='ocrx_word' id='word_1_126' title='bbox 2651 367 2960 440; x_wconf 87' lang='lat' dir='ltr'><strong>respicere,</strong></span> <span class='ocrx_word' id='word_1_127' title='bbox 2992 365 3202 442; x_wconf 87' lang='lat' dir='ltr'><strong>quales</strong></span> <span class='ocrx_word' id='word_1_128' title='bbox 3249 371 3475 431; x_wconf 87' lang='lat' dir='ltr'><strong>certum</strong></span> <span class='ocrx_word' id='word_1_129' title='bbox 3527 368 3614 428; x_wconf 87' lang='lat' dir='ltr'><strong>est</strong></span> <span class='ocrx_word' id='word_1_130' title='bbox 3649 381 3743 420; x_wconf 90' lang='lat' dir='ltr'><strong>us-</strong></span> 
     </span>
    </p>
   </div>
   <div class='ocr_carea' id='block_1_20' title="bbox 2086 455 3113 529">
    <p class='ocr_par' dir='ltr' id='par_1_20' title="bbox 2086 455 3113 529">
     <span class='ocr_line' id='line_1_20' title="bbox 2086 455 3113 529; baseline -0.002 -17"><span class='ocrx_word' id='word_1_131' title='bbox 2086 472 2203 529; x_wconf 86' lang='lat' dir='ltr'><strong>que</strong></span> <span class='ocrx_word' id='word_1_132' title='bbox 2232 457 2294 514; x_wconf 91' lang='lat' dir='ltr'><strong>in</strong></span> <span class='ocrx_word' id='word_1_133' title='bbox 2322 458 2506 514; x_wconf 80' lang='lat' dir='ltr'><strong>ﬁnem</strong></span> <span class='ocrx_word' id='word_1_134' title='bbox 2539 455 2738 512; x_wconf 73' lang='lat' dir='ltr'><strong>saeculi</strong></span> <span class='ocrx_word' id='word_1_135' title='bbox 2769 455 3113 528; x_wconf 89' lang='lat' dir='ltr'><strong>perdurare.</strong></span> 
     </span>
    </p>
   </div>
   <div class='ocr_carea' id='block_1_21' title="bbox 2157 543 3743 617">
    <p class='ocr_par' dir='ltr' id='par_1_21' title="bbox 2157 543 3743 617">
     <span class='ocr_line' id='line_1_21' title="bbox 2157 543 3743 617; baseline -0.004 -13"><span class='ocrx_word' id='word_1_136' title='bbox 2157 546 2254 604; x_wconf 87' lang='lat' dir='ltr'><strong>His</strong></span> <span class='ocrx_word' id='word_1_137' title='bbox 2285 545 2367 603; x_wconf 89' lang='lat' dir='ltr'><strong>ita</strong></span> <span class='ocrx_word' id='word_1_138' title='bbox 2391 545 2678 614; x_wconf 82' lang='lat' dir='ltr'><strong>refutatis,</strong></span> <span class='ocrx_word' id='word_1_139' title='bbox 2719 545 2793 601; x_wconf 92' lang='lat' dir='ltr'><strong>de</strong></span> <span class='ocrx_word' id='word_1_140' title='bbox 2820 546 2932 604; x_wconf 87' lang='lat' dir='ltr'><strong>hac</strong></span> <span class='ocrx_word' id='word_1_141' title='bbox 2977 543 3310 617; x_wconf 86' lang='lat' dir='ltr'><strong>objectione</strong></span> <span class='ocrx_word' id='word_1_142' title='bbox 3369 543 3603 603; x_wconf 86' lang='lat' dir='ltr'><strong>refutati</strong></span> <span class='ocrx_word' id='word_1_143' title='bbox 3647 545 3743 598; x_wconf 81' lang='lat' dir='ltr'><strong>Ju-</strong></span> 
     </span>
    </p>
   </div>
   <div class='ocr_carea' id='block_1_22' title="bbox 2085 630 3742 702">
    <p class='ocr_par' dir='ltr' id='par_1_22' title="bbox 2085 630 3742 702">
     <span class='ocr_line' id='line_1_22' title="bbox 2085 630 3742 702; baseline -0.003 -12"><span class='ocrx_word' id='word_1_144' title='bbox 2085 634 2198 690; x_wconf 69' lang='lat' dir='ltr'><strong>daei</strong></span> <span class='ocrx_word' id='word_1_145' title='bbox 2230 638 2535 692; x_wconf 88' lang='lat' dir='ltr'><strong>transeunt</strong></span> <span class='ocrx_word' id='word_1_146' title='bbox 2560 634 2637 690; x_wconf 92' lang='lat' dir='ltr'><strong>ad</strong></span> <span class='ocrx_word' id='word_1_147' title='bbox 2667 634 2934 702; x_wconf 86' lang='lat' dir='ltr'><strong>alteram,</strong></span> <span class='ocrx_word' id='word_1_148' title='bbox 2969 633 3230 690; x_wconf 81' lang='lat' dir='ltr'><strong>dicentes</strong></span> <span class='ocrx_word' id='word_1_149' title='bbox 3266 650 3277 688; x_wconf 93' lang='lat'><strong>:</strong></span> <span class='ocrx_word' id='word_1_150' title='bbox 3308 656 3332 679; x_wconf 89' lang='grc'><em>‹‹</em></span> <span class='ocrx_word' id='word_1_151' title='bbox 3386 635 3511 688; x_wconf 77' lang='lat' dir='ltr'><strong>Non</strong></span> <span class='ocrx_word' id='word_1_152' title='bbox 3552 630 3742 687; x_wconf 84' lang='lat' dir='ltr'><strong>credi-—</strong></span> 
     </span>
    </p>
   </div>
   <div class='ocr_carea' id='block_1_23' title="bbox 2085 721 3745 796">
    <p class='ocr_par' dir='ltr' id='par_1_23' title="bbox 2085 721 3745 796">
     <span class='ocr_line' id='line_1_23' title="bbox 2085 721 3745 796; baseline -0.002 -16"><span class='ocrx_word' id='word_1_153' title='bbox 2085 741 2222 787; x_wconf 87' lang='lat' dir='ltr'><strong>mus</strong></span> <span class='ocrx_word' id='word_1_154' title='bbox 2280 726 2509 781; x_wconf 89' lang='lat' dir='ltr'><strong>venisse</strong></span> <span class='ocrx_word' id='word_1_155' title='bbox 2565 725 2881 796; x_wconf 83' lang='lat' dir='ltr'><strong>Christum,</strong></span> <span class='ocrx_word' id='word_1_156' title='bbox 2938 723 3083 796; x_wconf 86' lang='lat' dir='ltr'><strong>quia</strong></span> <span class='ocrx_word' id='word_1_157' title='bbox 3121 728 3422 796; x_wconf 88' lang='lat' dir='ltr'><strong>sceptrum</strong></span> <span class='ocrx_word' id='word_1_158' title='bbox 3464 722 3538 776; x_wconf 92' lang='lat' dir='ltr'><strong>de</strong></span> <span class='ocrx_word' id='word_1_159' title='bbox 3591 721 3745 777; x_wconf 86' lang='lat' dir='ltr'><strong>Juda</strong></span> 
     </span>
    </p>
   </div>
   <div class='ocr_carea' id='block_1_24' title="bbox 2085 803 3745 888">
    <p class='ocr_par' dir='ltr' id='par_1_24' title="bbox 2085 803 3745 888">
     <span class='ocr_line' id='line_1_24' title="bbox 2085 803 3745 888; baseline -0.002 -18"><span class='ocrx_word' id='word_1_160' title='bbox 2085 831 2210 872; x_wconf 90' lang='lat' dir='ltr'><strong>non</strong></span> <span class='ocrx_word' id='word_1_161' title='bbox 2259 820 2544 888; x_wconf 81' lang='lat' dir='ltr'><strong>putamus</strong></span> <span class='ocrx_word' id='word_1_162' title='bbox 2596 815 2882 871; x_wconf 88' lang='lat' dir='ltr'><strong>ablatum.</strong></span> <span class='ocrx_word' id='word_1_163' title='bbox 2943 814 3084 881; x_wconf 88' lang='lat' dir='ltr'><strong>Quis</strong></span> <span class='ocrx_word' id='word_1_164' title='bbox 3137 803 3418 868; x_wconf 16' lang='lat' dir='ltr'><strong>sit-enim</strong></span> <span class='ocrx_word' id='word_1_165' title='bbox 3454 816 3650 870; x_wconf 88' lang='lat' dir='ltr'><strong>utrum</strong></span> <span class='ocrx_word' id='word_1_166' title='bbox 3681 811 3745 866; x_wconf 90' lang='lat' dir='ltr'><strong>in</strong></span> 
     </span>
    </p>
   </div>
   <div class='ocr_carea' id='block_1_25' title="bbox 2086 901 3747 978">
    <p class='ocr_par' dir='ltr' id='par_1_25' title="bbox 2086 901 3747 978">
     <span class='ocr_line' id='line_1_25' title="bbox 2086 901 3747 978; baseline -0.007 -12"><span class='ocrx_word' id='word_1_167' title='bbox 2086 906 2288 978; x_wconf 82' lang='lat' dir='ltr'><strong>aliqua</strong></span> <span class='ocrx_word' id='word_1_168' title='bbox 2318 910 2484 978; x_wconf 90' lang='lat' dir='ltr'><strong>parte</strong></span> <span class='ocrx_word' id='word_1_169' title='bbox 2515 905 2725 960; x_wconf 90' lang='lat' dir='ltr'><strong>mundi</strong></span> <span class='ocrx_word' id='word_1_170' title='bbox 2760 905 2835 960; x_wconf 89' lang='lat' dir='ltr'><strong>sit</strong></span> <span class='ocrx_word' id='word_1_171' title='bbox 2879 907 3241 974; x_wconf 87' lang='lat' dir='ltr'><strong>congregata</strong></span> <span class='ocrx_word' id='word_1_172' title='bbox 3293 901 3611 957; x_wconf 85' lang='lat' dir='ltr'><strong>multitudo</strong></span> <span class='ocrx_word' id='word_1_173' title='bbox 3647 903 3747 955; x_wconf 83' lang='lat' dir='ltr'><strong>Ju-</strong></span> 
     </span>
    </p>
   </div>
   <div class='ocr_carea' id='block_1_26' title="bbox 2085 991 3745 1068">
    <p class='ocr_par' dir='ltr' id='par_1_26' title="bbox 2085 991 3745 1068">
     <span class='ocr_line' id='line_1_26' title="bbox 2085 991 3745 1068; baseline -0.002 -17"><span class='ocrx_word' id='word_1_174' title='bbox 2085 997 2356 1054; x_wconf 80' lang='lat' dir='ltr'><strong>daeorum</strong></span> <span class='ocrx_word' id='word_1_175' title='bbox 2387 1013 2524 1068; x_wconf 81' lang='lat' dir='ltr'><strong>quae</strong></span> <span class='ocrx_word' id='word_1_176' title='bbox 2549 1011 2753 1065; x_wconf 87' lang='lat' dir='ltr'><strong>regem</strong></span> <span class='ocrx_word' id='word_1_177' title='bbox 2783 999 3032 1052; x_wconf 90' lang='lat' dir='ltr'><strong>unctum</strong></span> <span class='ocrx_word' id='word_1_178' title='bbox 3059 999 3236 1066; x_wconf 89' lang='lat' dir='ltr'><strong>atque</strong></span> <span class='ocrx_word' id='word_1_179' title='bbox 3286 997 3591 1048; x_wconf 88' lang='lat' dir='ltr'><strong>sacratum</strong></span> <span class='ocrx_word' id='word_1_180' title='bbox 3637 991 3745 1047; x_wconf 79' lang='lat' dir='ltr'><strong>ha-</strong></span> 
     </span>
    </p>
   </div>
   <div class='ocr_carea' id='block_1_27' title="bbox 2083 1080 3743 1159">
    <p class='ocr_par' dir='ltr' id='par_1_27' title="bbox 2083 1080 3743 1159">
     <span class='ocr_line' id='line_1_27' title="bbox 2083 1080 3743 1159; baseline -0.004 -18"><span class='ocrx_word' id='word_1_181' title='bbox 2083 1087 2225 1143; x_wconf 90' lang='lat' dir='ltr'><strong>beat</strong></span> <span class='ocrx_word' id='word_1_182' title='bbox 2255 1101 2435 1159; x_wconf 89' lang='lat' dir='ltr'><strong>super</strong></span> <span class='ocrx_word' id='word_1_183' title='bbox 2460 1102 2521 1142; x_wconf 89' lang='lat' dir='ltr'><strong>se</strong></span> <span class='ocrx_word' id='word_1_184' title='bbox 2553 1085 2626 1140; x_wconf 90' lang='lat' dir='ltr'><strong>de</strong></span> <span class='ocrx_word' id='word_1_185' title='bbox 2659 1100 2873 1154; x_wconf 84' lang='lat' dir='ltr'><strong>genere</strong></span> <span class='ocrx_word' id='word_1_186' title='bbox 2906 1085 3055 1140; x_wconf 85' lang='lat' dir='ltr'><strong>suo?</strong></span> <span class='ocrx_word' id='word_1_187' title='bbox 3090 1106 3116 1132; x_wconf 92' lang='grc'><strong>››</strong></span> <span class='ocrx_word' id='word_1_188' title='bbox 3149 1081 3240 1137; x_wconf 83' lang='lat' dir='ltr'><strong>Ad</strong></span> <span class='ocrx_word' id='word_1_189' title='bbox 3269 1082 3384 1146; x_wconf 85' lang='lat' dir='ltr'><strong>hoc</strong></span> <span class='ocrx_word' id='word_1_190' title='bbox 3414 1080 3743 1154; x_wconf 90' lang='lat' dir='ltr'><strong>responde-</strong></span> 
     </span>
    </p>
   </div>
   <div class='ocr_carea' id='block_1_28' title="bbox 2087 1169 3746 1250">
    <p class='ocr_par' dir='ltr' id='par_1_28' title="bbox 2087 1169 3746 1250">
     <span class='ocr_line' id='line_1_28' title="bbox 2087 1169 3746 1250; baseline -0.005 -18"><span class='ocrx_word' id='word_1_191' title='bbox 2087 1193 2222 1236; x_wconf 89' lang='lat' dir='ltr'><strong>mus</strong></span> <span class='ocrx_word' id='word_1_192' title='bbox 2251 1175 2414 1250; x_wconf 91' lang='lat' dir='ltr'><strong>quod</strong></span> <span class='ocrx_word' id='word_1_193' title='bbox 2446 1174 2644 1231; x_wconf 90' lang='lat' dir='ltr'><strong>nullus</strong></span> <span class='ocrx_word' id='word_1_194' title='bbox 2670 1174 2946 1246; x_wconf 88' lang='lat' dir='ltr'><strong>utrinque</strong></span> <span class='ocrx_word' id='word_1_195' title='bbox 2977 1176 3247 1230; x_wconf 90' lang='lat' dir='ltr'><strong>nostrum</strong></span> <span class='ocrx_word' id='word_1_196' title='bbox 3276 1171 3383 1227; x_wconf 90' lang='lat' dir='ltr'><strong>scit</strong></span> <span class='ocrx_word' id='word_1_197' title='bbox 3421 1186 3528 1226; x_wconf 88' lang='lat' dir='ltr'><strong>nec</strong></span> <span class='ocrx_word' id='word_1_198' title='bbox 3575 1169 3746 1228; x_wconf 86' lang='lat' dir='ltr'><strong>audi-</strong></span> 
     </span>
    </p>
   </div>
   <div class='ocr_carea' id='block_1_29' title="bbox 2085 1259 3744 1332">
    <p class='ocr_par' dir='ltr' id='par_1_29' title="bbox 2085 1259 3744 1332">
     <span class='ocr_line' id='line_1_29' title="bbox 2085 1259 3744 1332; baseline -0.004 -13"><span class='ocrx_word' id='word_1_199' title='bbox 2085 1265 2169 1330; x_wconf 86' lang='lat' dir='ltr'><strong>vit</strong></span> <span class='ocrx_word' id='word_1_200' title='bbox 2198 1265 2258 1320; x_wconf 91' lang='lat' dir='ltr'><strong>in</strong></span> <span class='ocrx_word' id='word_1_201' title='bbox 2287 1264 2500 1324; x_wconf 88' lang='lat' dir='ltr'><strong>diebus</strong></span> <span class='ocrx_word' id='word_1_202' title='bbox 2527 1263 3032 1320; x_wconf 67' lang='lat' dir='ltr'><strong>nostrisJudzeum</strong></span> <span class='ocrx_word' id='word_1_203' title='bbox 3049 1276 3248 1332; x_wconf 82' lang='lat' dir='ltr'><strong>regem</strong></span> <span class='ocrx_word' id='word_1_204' title='bbox 3273 1260 3334 1316; x_wconf 91' lang='lat' dir='ltr'><strong>in</strong></span> <span class='ocrx_word' id='word_1_205' title='bbox 3350 1259 3472 1316; x_wconf 88' lang='lat' dir='ltr'><strong>ulla</strong></span> <span class='ocrx_word' id='word_1_206' title='bbox 3500 1259 3744 1329; x_wconf 85' lang='lat' dir='ltr'><strong>regione</strong></span> 
     </span>
    </p>
   </div>
   <div class='ocr_carea' id='block_1_30' title="bbox 2087 1349 3747 1424">
    <p class='ocr_par' dir='ltr' id='par_1_30' title="bbox 2087 1349 3747 1424">
     <span class='ocr_line' id='line_1_30' title="bbox 2087 1349 3747 1424; baseline -0.004 -15"><span class='ocrx_word' id='word_1_207' title='bbox 2087 1354 2299 1410; x_wconf 90' lang='lat' dir='ltr'><strong>mundi</strong></span> <span class='ocrx_word' id='word_1_208' title='bbox 2324 1369 2595 1424; x_wconf 90' lang='lat' dir='ltr'><strong>regnare,</strong></span> <span class='ocrx_word' id='word_1_209' title='bbox 2626 1352 2731 1410; x_wconf 92' lang='lat' dir='ltr'><strong>sed</strong></span> <span class='ocrx_word' id='word_1_210' title='bbox 2763 1357 2963 1408; x_wconf 89' lang='lat' dir='ltr'><strong>tamen</strong></span> <span class='ocrx_word' id='word_1_211' title='bbox 3019 1351 3063 1406; x_wconf 87' lang='lat' dir='ltr'><strong>si</strong></span> <span class='ocrx_word' id='word_1_212' title='bbox 3105 1349 3320 1422; x_wconf 89' lang='lat' dir='ltr'><strong>aliquis</strong></span> <span class='ocrx_word' id='word_1_213' title='bbox 3367 1351 3601 1406; x_wconf 75' lang='lat' dir='ltr'><strong>Judaeus</strong></span> <span class='ocrx_word' id='word_1_214' title='bbox 3657 1365 3747 1411; x_wconf 89' lang='lat' dir='ltr'><strong>re-</strong></span> 
     </span>
    </p>
   </div>
   <div class='ocr_carea' id='block_1_31' title="bbox 2089 1438 3747 1515">
    <p class='ocr_par' dir='ltr' id='par_1_31' title="bbox 2089 1438 3747 1515">
     <span class='ocr_line' id='line_1_31' title="bbox 2089 1438 3747 1515; baseline -0.005 -16"><span class='ocrx_word' id='word_1_215' title='bbox 2089 1448 2295 1515; x_wconf 89' lang='lat' dir='ltr'><strong>gnaret</strong></span> <span class='ocrx_word' id='word_1_216' title='bbox 2323 1443 2384 1500; x_wconf 91' lang='lat' dir='ltr'><strong>in</strong></span> <span class='ocrx_word' id='word_1_217' title='bbox 2408 1443 2634 1514; x_wconf 74' lang='lat' dir='ltr'><strong>Judtea,</strong></span> <span class='ocrx_word' id='word_1_218' title='bbox 2668 1458 2826 1498; x_wconf 89' lang='lat' dir='ltr'><strong>nunc</strong></span> <span class='ocrx_word' id='word_1_219' title='bbox 2858 1439 3248 1502; x_wconf 60' lang='lat' dir='ltr'><strong>~eihilominus</strong></span> <span class='ocrx_word' id='word_1_220' title='bbox 3277 1438 3546 1500; x_wconf 88' lang='lat' dir='ltr'><strong>ablatum</strong></span> <span class='ocrx_word' id='word_1_221' title='bbox 3588 1442 3747 1493; x_wconf 86' lang='lat' dir='ltr'><strong>esset</strong></span> 
     </span>
    </p>
   </div>
   <div class='ocr_carea' id='block_1_32' title="bbox 2089 1525 3745 1603">
    <p class='ocr_par' dir='ltr' id='par_1_32' title="bbox 2089 1525 3745 1603">
     <span class='ocr_line' id='line_1_32' title="bbox 2089 1525 3745 1603; baseline -0.002 -18"><span class='ocrx_word' id='word_1_222' title='bbox 2089 1535 2390 1603; x_wconf 90' lang='lat' dir='ltr'><strong>sceptrum</strong></span> <span class='ocrx_word' id='word_1_223' title='bbox 2411 1531 2486 1586; x_wconf 91' lang='lat' dir='ltr'><strong>de</strong></span> <span class='ocrx_word' id='word_1_224' title='bbox 2511 1534 2536 1586; x_wconf 86' lang='lat' dir='ltr'><strong>J</strong></span> <span class='ocrx_word' id='word_1_225' title='bbox 2545 1531 2682 1587; x_wconf 89' lang='lat' dir='ltr'><strong>uda.</strong></span> <span class='ocrx_word' id='word_1_226' title='bbox 2716 1534 2820 1586; x_wconf 87' lang='lat' dir='ltr'><strong>Per</strong></span> <span class='ocrx_word' id='word_1_227' title='bbox 2846 1547 2907 1586; x_wconf 88' lang='lat' dir='ltr'><strong>se</strong></span> <span class='ocrx_word' id='word_1_228' title='bbox 2936 1529 3097 1590; x_wconf 86' lang='lat' dir='ltr'><strong>enim</strong></span> <span class='ocrx_word' id='word_1_229' title='bbox 3121 1544 3375 1599; x_wconf 80' lang='lat' dir='ltr'><strong>regnum</strong></span> <span class='ocrx_word' id='word_1_230' title='bbox 3411 1526 3564 1588; x_wconf 85' lang='lat' dir='ltr'><strong>Juda</strong></span> <span class='ocrx_word' id='word_1_231' title='bbox 3591 1525 3745 1582; x_wconf 88' lang='lat' dir='ltr'><strong>divi-</strong></span> 
     </span>
    </p>
   </div>
   <div class='ocr_carea' id='block_1_33' title="bbox 317 1614 3742 1690">
    <p class='ocr_par' dir='ltr' id='par_1_33' title="bbox 317 1614 3742 1690">
     <span class='ocr_line' id='line_1_33' title="bbox 317 1614 3742 1690; baseline -0.003 -11"><span class='ocrx_word' id='word_1_232' title='bbox 317 1614 612 1681; x_wconf 73' lang='lat' dir='ltr'><strong>I‘ationem</strong></span> <span class='ocrx_word' id='word_1_233' title='bbox 642 1614 820 1672; x_wconf 86' lang='lat' dir='ltr'><strong>istam</strong></span> <span class='ocrx_word' id='word_1_234' title='bbox 846 1617 1102 1688; x_wconf 88' lang='lat' dir='ltr'><strong>quidam</strong></span> <span class='ocrx_word' id='word_1_235' title='bbox 1147 1635 1218 1676; x_wconf 87' lang='lat' dir='ltr'><strong>ex</strong></span> <span class='ocrx_word' id='word_1_236' title='bbox 1271 1619 1354 1674; x_wconf 89' lang='lat' dir='ltr'><strong>eis</strong></span> <span class='ocrx_word' id='word_1_237' title='bbox 1401 1620 1608 1676; x_wconf 75' lang='lat' dir='ltr'><strong>Judaei.</strong></span> <span class='ocrx_word' id='word_1_238' title='bbox 1657 1643 1684 1670; x_wconf 93' lang='grc'><strong>‹‹</strong></span> <span class='ocrx_word' id='word_1_239' title='bbox 1712 1620 1976 1680; x_wconf 90' lang='lat' dir='ltr'><strong>Primum</strong></span> <span class='ocrx_word' id='word_1_240' title='bbox 2010 1635 2050 1688; x_wconf 79' lang='grc' dir='ltr'>Β</span> <span class='ocrx_word' id='word_1_241' title='bbox 2088 1636 2222 1676; x_wconf 90' lang='lat' dir='ltr'><strong>sum</strong></span> <span class='ocrx_word' id='word_1_242' title='bbox 2262 1625 2347 1676; x_wconf 90' lang='lat' dir='ltr'><strong>est</strong></span> <span class='ocrx_word' id='word_1_243' title='bbox 2373 1619 2451 1676; x_wconf 90' lang='lat' dir='ltr'><strong>ab</strong></span> <span class='ocrx_word' id='word_1_244' title='bbox 2490 1619 2618 1676; x_wconf 88' lang='lat' dir='ltr'><strong>aliis</strong></span> <span class='ocrx_word' id='word_1_245' title='bbox 2647 1619 2868 1689; x_wconf 85' lang='lat' dir='ltr'><strong>regnis,</strong></span> <span class='ocrx_word' id='word_1_246' title='bbox 2900 1622 3180 1679; x_wconf 87' lang='lat' dir='ltr'><strong>constans</strong></span> <span class='ocrx_word' id='word_1_247' title='bbox 3211 1617 3454 1690; x_wconf 89' lang='lat' dir='ltr'><strong>propria</strong></span> <span class='ocrx_word' id='word_1_248' title='bbox 3478 1615 3742 1686; x_wconf 83' lang='lat' dir='ltr'><strong>regione,</strong></span> 
     </span>
    </p>
   </div>
   <div class='ocr_carea' id='block_1_34' title="bbox 316 1705 1978 1787">
    <p class='ocr_par' dir='ltr' id='par_1_34' title="bbox 316 1705 1978 1787">
     <span class='ocr_line' id='line_1_34' title="bbox 316 1705 1978 1787; baseline 0.006 -25"><span class='ocrx_word' id='word_1_249' title='bbox 316 1720 442 1762; x_wconf 91' lang='lat' dir='ltr'><strong>non</strong></span> <span class='ocrx_word' id='word_1_250' title='bbox 473 1705 792 1776; x_wconf 89' lang='lat' dir='ltr'><strong>credimus,</strong></span> <span class='ocrx_word' id='word_1_251' title='bbox 821 1707 1117 1779; x_wconf 85' lang='lat' dir='ltr'><strong>inquiunt,</strong></span> <span class='ocrx_word' id='word_1_252' title='bbox 1168 1709 1404 1765; x_wconf 84' lang='lat' dir='ltr'><strong>venisse</strong></span> <span class='ocrx_word' id='word_1_253' title='bbox 1459 1710 1774 1778; x_wconf 88' lang='lat' dir='ltr'><strong>Christum,</strong></span> <span class='ocrx_word' id='word_1_254' title='bbox 1833 1712 1978 1787; x_wconf 84' lang='lat' dir='ltr'><strong>quia</strong></span> 
     </span>
    </p>
   </div>
   <div class='ocr_carea' id='block_1_35' title="bbox 316 1792 1970 1870">
    <p class='ocr_par' dir='ltr' id='par_1_35' title="bbox 316 1792 1970 1870">
     <span class='ocr_line' id='line_1_35' title="bbox 316 1792 1970 1870; baseline 0.007 -22"><span class='ocrx_word' id='word_1_255' title='bbox 316 1792 550 1862; x_wconf 85' lang='lat' dir='ltr'><strong>virgam</strong></span> <span class='ocrx_word' id='word_1_256' title='bbox 607 1794 914 1864; x_wconf 89' lang='lat' dir='ltr'><strong>regiminis</strong></span> <span class='ocrx_word' id='word_1_257' title='bbox 971 1796 1124 1861; x_wconf 71' lang='lat' dir='ltr'><strong>Juda</strong></span> <span class='ocrx_word' id='word_1_258' title='bbox 1182 1812 1306 1854; x_wconf 92' lang='lat' dir='ltr'><strong>non</strong></span> <span class='ocrx_word' id='word_1_259' title='bbox 1352 1802 1635 1870; x_wconf 83' lang='lat' dir='ltr'><strong>putamus</strong></span> <span class='ocrx_word' id='word_1_260' title='bbox 1681 1799 1970 1864; x_wconf 87' lang='lat' dir='ltr'><strong>ablatum.</strong></span> 
     </span>
    </p>
   </div>
   <div class='ocr_carea' id='block_1_36' title="bbox 320 1880 1974 1965">
    <p class='ocr_par' dir='ltr' id='par_1_36' title="bbox 320 1880 1974 1965">
     <span class='ocr_line' id='line_1_36' title="bbox 320 1880 1974 1965; baseline 0.008 -31"><span class='ocrx_word' id='word_1_261' title='bbox 320 1880 469 1942; x_wconf 83' lang='lat' dir='ltr'><strong>Sunt</strong></span> <span class='ocrx_word' id='word_1_262' title='bbox 494 1880 654 1938; x_wconf 88' lang='lat' dir='ltr'><strong>enim</strong></span> <span class='ocrx_word' id='word_1_263' title='bbox 685 1882 746 1937; x_wconf 90' lang='lat' dir='ltr'><strong>in</strong></span> <span class='ocrx_word' id='word_1_264' title='bbox 778 1883 979 1940; x_wconf 91' lang='lat' dir='ltr'><strong>multis</strong></span> <span class='ocrx_word' id='word_1_265' title='bbox 1024 1885 1372 1954; x_wconf 86' lang='lat' dir='ltr'><strong>regionibus</strong></span> <span class='ocrx_word' id='word_1_266' title='bbox 1415 1887 1604 1952; x_wconf 80' lang='lat' dir='ltr'><strong>Judaei</strong></span> <span class='ocrx_word' id='word_1_267' title='bbox 1652 1887 1974 1965; x_wconf 86' lang='lat' dir='ltr'><strong>locupletes</strong></span> 
     </span>
    </p>
   </div>
   <div class='ocr_carea' id='block_1_37' title="bbox 318 1967 1976 2047">
    <p class='ocr_par' dir='ltr' id='par_1_37' title="bbox 318 1967 1976 2047">
     <span class='ocr_line' id='line_1_37' title="bbox 318 1967 1976 2047; baseline 0.01 -25"><span class='ocrx_word' id='word_1_268' title='bbox 318 1971 376 2022; x_wconf 89' lang='lat' dir='ltr'><strong>et</strong></span> <span class='ocrx_word' id='word_1_269' title='bbox 404 1967 697 2038; x_wconf 88' lang='lat' dir='ltr'><strong>ingeniosi</strong></span> <span class='ocrx_word' id='word_1_270' title='bbox 723 1971 826 2043; x_wconf 86' lang='lat' dir='ltr'><strong>qui</strong></span> <span class='ocrx_word' id='word_1_271' title='bbox 850 1977 1060 2044; x_wconf 88' lang='lat' dir='ltr'><strong>regant</strong></span> <span class='ocrx_word' id='word_1_272' title='bbox 1100 1978 1337 2038; x_wconf 89' lang='lat' dir='ltr'><strong>strenue</strong></span> <span class='ocrx_word' id='word_1_273' title='bbox 1387 1975 1643 2035; x_wconf 84' lang='lat' dir='ltr'><strong>familias</strong></span> <span class='ocrx_word' id='word_1_274' title='bbox 1702 1994 1861 2047; x_wconf 89' lang='lat' dir='ltr'><strong>suas,</strong></span> <span class='ocrx_word' id='word_1_275' title='bbox 1919 1986 1976 2038; x_wconf 89' lang='lat' dir='ltr'><strong>et</strong></span> 
     </span>
    </p>
   </div>
   <div class='ocr_carea' id='block_1_38' title="bbox 317 2056 1972 2138">
    <p class='ocr_par' dir='ltr' id='par_1_38' title="bbox 317 2056 1972 2138">
     <span class='ocr_line' id='line_1_38' title="bbox 317 2056 1972 2138; baseline 0.009 -27"><span class='ocrx_word' id='word_1_276' title='bbox 317 2056 463 2128; x_wconf 88' lang='lat' dir='ltr'><strong>quia</strong></span> <span class='ocrx_word' id='word_1_277' title='bbox 491 2057 638 2116; x_wconf 83' lang='lat' dir='ltr'><strong>tales</strong></span> <span class='ocrx_word' id='word_1_278' title='bbox 665 2065 924 2122; x_wconf 89' lang='lat' dir='ltr'><strong>rectores</strong></span> <span class='ocrx_word' id='word_1_279' title='bbox 953 2061 1152 2124; x_wconf 84' lang='lat' dir='ltr'><strong>adhuc</strong></span> <span class='ocrx_word' id='word_1_280' title='bbox 1191 2080 1323 2120; x_wconf 90' lang='lat' dir='ltr'><strong>esse</strong></span> <span class='ocrx_word' id='word_1_281' title='bbox 1366 2064 1666 2138; x_wconf 84' lang='lat' dir='ltr'><strong>videmus,</strong></span> <span class='ocrx_word' id='word_1_282' title='bbox 1716 2068 1972 2128; x_wconf 89' lang='lat' dir='ltr'><strong>dicimus</strong></span> 
     </span>
    </p>
   </div>
   <div class='ocr_carea' id='block_1_39' title="bbox 317 2147 1970 2231">
    <p class='ocr_par' dir='ltr' id='par_1_39' title="bbox 317 2147 1970 2231">
     <span class='ocr_line' id='line_1_39' title="bbox 317 2147 1970 2231; baseline 0.009 -30"><span class='ocrx_word' id='word_1_283' title='bbox 317 2147 593 2212; x_wconf 75' lang='lat' dir='ltr'><strong>nendum</strong></span> <span class='ocrx_word' id='word_1_284' title='bbox 621 2164 751 2207; x_wconf 92' lang='lat' dir='ltr'><strong>esse</strong></span> <span class='ocrx_word' id='word_1_285' title='bbox 781 2150 1049 2210; x_wconf 85' lang='lat' dir='ltr'><strong>ablatum</strong></span> <span class='ocrx_word' id='word_1_286' title='bbox 1098 2158 1397 2227; x_wconf 88' lang='lat' dir='ltr'><strong>sceptrum</strong></span> <span class='ocrx_word' id='word_1_287' title='bbox 1454 2155 1529 2211; x_wconf 90' lang='lat' dir='ltr'><strong>de</strong></span> <span class='ocrx_word' id='word_1_288' title='bbox 1575 2157 1747 2224; x_wconf 79' lang='lat' dir='ltr'><strong>Juda,</strong></span> <span class='ocrx_word' id='word_1_289' title='bbox 1775 2175 1970 2231; x_wconf 88' lang='lat' dir='ltr'><strong>neque</strong></span> 
     </span>
    </p>
   </div>
   <div class='ocr_carea' id='block_1_40' title="bbox 315 2237 1972 2320">
    <p class='ocr_par' dir='ltr' id='par_1_40' title="bbox 315 2237 1972 2320">
     <span class='ocr_line' id='line_1_40' title="bbox 315 2237 1972 2320; baseline 0.008 -29"><span class='ocrx_word' id='word_1_290' title='bbox 315 2237 552 2294; x_wconf 79' lang='lat' dir='ltr'><strong>venisse</strong></span> <span class='ocrx_word' id='word_1_291' title='bbox 579 2238 877 2302; x_wconf 79' lang='lat' dir='ltr'><strong>Christum</strong></span> <span class='ocrx_word' id='word_1_292' title='bbox 903 2241 1119 2306; x_wconf 66' lang='lat' dir='ltr'><strong>adhuc.</strong></span> <span class='ocrx_word' id='word_1_293' title='bbox 1143 2265 1172 2292; x_wconf 89' lang='lat'>»</span> <span class='ocrx_word' id='word_1_294' title='bbox 1205 2246 1400 2300; x_wconf 82' lang='lat' dir='ltr'><strong>Potest</strong></span> <span class='ocrx_word' id='word_1_295' title='bbox 1429 2260 1532 2301; x_wconf 91' lang='lat' dir='ltr'><strong>eos</strong></span> <span class='ocrx_word' id='word_1_296' title='bbox 1549 2245 1746 2320; x_wconf 91' lang='lat' dir='ltr'><strong>quivis</strong></span> <span class='ocrx_word' id='word_1_297' title='bbox 1761 2248 1972 2319; x_wconf 89' lang='lat' dir='ltr'><strong>jocosa</strong></span> 
     </span>
    </p>
   </div>
   <div class='ocr_carea' id='block_1_41' title="bbox 316 2325 1969 2407">
    <p class='ocr_par' dir='ltr' id='par_1_41' title="bbox 316 2325 1969 2407">
     <span class='ocr_line' id='line_1_41' title="bbox 316 2325 1969 2407; baseline 0.008 -26"><span class='ocrx_word' id='word_1_298' title='bbox 316 2325 652 2390; x_wconf 79' lang='lat' dir='ltr'><strong>urbanitate</strong></span> <span class='ocrx_word' id='word_1_299' title='bbox 681 2328 983 2402; x_wconf 83' lang='lat' dir='ltr'><strong>deludere,</strong></span> <span class='ocrx_word' id='word_1_300' title='bbox 1036 2332 1333 2407; x_wconf 89' lang='lat' dir='ltr'><strong>simulque</strong></span> <span class='ocrx_word' id='word_1_301' title='bbox 1382 2334 1610 2391; x_wconf 87' lang='lat' dir='ltr'><strong>ratione</strong></span> <span class='ocrx_word' id='word_1_302' title='bbox 1662 2337 1969 2395; x_wconf 90' lang='lat' dir='ltr'><strong>confutare</strong></span> 
     </span>
    </p>
   </div>
   <div class='ocr_carea' id='block_1_42' title="bbox 315 2415 1966 2490">
    <p class='ocr_par' dir='ltr' id='par_1_42' title="bbox 315 2415 1966 2490">
     <span class='ocr_line' id='line_1_42' title="bbox 315 2415 1966 2490; baseline 0.008 -20"><span class='ocrx_word' id='word_1_303' title='bbox 315 2415 431 2476; x_wconf 80' lang='lat' dir='ltr'><strong>hoc</strong></span> <span class='ocrx_word' id='word_1_304' title='bbox 458 2415 646 2481; x_wconf 87' lang='lat' dir='ltr'><strong>modo.</strong></span> <span class='ocrx_word' id='word_1_305' title='bbox 673 2434 686 2472; x_wconf 88' lang='lat'><strong>:</strong></span> <span class='ocrx_word' id='word_1_306' title='bbox 721 2419 764 2474; x_wconf 90' lang='grc' dir='ltr'><strong>Ο</strong></span> <span class='ocrx_word' id='word_1_307' title='bbox 794 2419 1006 2490; x_wconf 77' lang='lat' dir='ltr'><strong>Judaei,</strong></span> <span class='ocrx_word' id='word_1_308' title='bbox 1035 2420 1232 2478; x_wconf 87' lang='lat' dir='ltr'><strong>felices</strong></span> <span class='ocrx_word' id='word_1_309' title='bbox 1256 2421 1580 2481; x_wconf 90' lang='lat' dir='ltr'><strong>infortunio</strong></span> <span class='ocrx_word' id='word_1_310' title='bbox 1613 2425 1626 2480; x_wconf 85' lang='lat' dir='ltr'><strong>l</strong></span> <span class='ocrx_word' id='word_1_311' title='bbox 1677 2426 1724 2480; x_wconf 88' lang='lat' dir='ltr'><strong>si</strong></span> <span class='ocrx_word' id='word_1_312' title='bbox 1754 2431 1841 2486; x_wconf 87' lang='lat' dir='ltr'><strong>est</strong></span> <span class='ocrx_word' id='word_1_313' title='bbox 1868 2445 1966 2484; x_wconf 86' lang='lat' dir='ltr'><strong>ve-</strong></span> 
     </span>
    </p>
   </div>
   <div class='ocr_carea' id='block_1_43' title="bbox 314 2505 1968 2590">
    <p class='ocr_par' dir='ltr' id='par_1_43' title="bbox 314 2505 1968 2590">
     <span class='ocr_line' id='line_1_43' title="bbox 314 2505 1968 2590; baseline 0.01 -32"><span class='ocrx_word' id='word_1_314' title='bbox 314 2519 472 2575; x_wconf 83' lang='lat' dir='ltr'><strong>rum,</strong></span> <span class='ocrx_word' id='word_1_315' title='bbox 503 2506 670 2578; x_wconf 89' lang='lat' dir='ltr'><strong>quod</strong></span> <span class='ocrx_word' id='word_1_316' title='bbox 694 2505 908 2580; x_wconf 89' lang='lat' dir='ltr'><strong>dicitis,</strong></span> <span class='ocrx_word' id='word_1_317' title='bbox 957 2510 1234 2584; x_wconf 88' lang='lat' dir='ltr'><strong>nunquid</strong></span> <span class='ocrx_word' id='word_1_318' title='bbox 1277 2528 1400 2568; x_wconf 92' lang='lat' dir='ltr'><strong>non</strong></span> <span class='ocrx_word' id='word_1_319' title='bbox 1446 2512 1541 2576; x_wconf 89' lang='lat' dir='ltr'><strong>ille</strong></span> <span class='ocrx_word' id='word_1_320' title='bbox 1586 2531 1694 2571; x_wconf 87' lang='lat' dir='ltr'><strong>vos</strong></span> <span class='ocrx_word' id='word_1_321' title='bbox 1724 2516 1968 2590; x_wconf 89' lang='lat' dir='ltr'><strong>copiose</strong></span> 
     </span>
    </p>
   </div>
   <div class='ocr_carea' id='block_1_44' title="bbox 314 2594 1965 2681">
    <p class='ocr_par' dir='ltr' id='par_1_44' title="bbox 314 2594 1965 2681">
     <span class='ocr_line' id='line_1_44' title="bbox 314 2594 1965 2681; baseline 0.007 -27"><span class='ocrx_word' id='word_1_322' title='bbox 314 2594 538 2658; x_wconf 80' lang='lat' dir='ltr'><strong>mireve</strong></span> <span class='ocrx_word' id='word_1_323' title='bbox 560 2596 778 2666; x_wconf 88' lang='lat' dir='ltr'><strong>beavit,</strong></span> <span class='ocrx_word' id='word_1_324' title='bbox 813 2599 915 2672; x_wconf 87' lang='lat' dir='ltr'><strong>qui</strong></span> <span class='ocrx_word' id='word_1_325' title='bbox 944 2616 1050 2660; x_wconf 85' lang='lat' dir='ltr'><strong>vos</strong></span> <span class='ocrx_word' id='word_1_326' title='bbox 1087 2603 1476 2674; x_wconf 87' lang='lat' dir='ltr'><strong>pessundedit</strong></span> <span class='ocrx_word' id='word_1_327' title='bbox 1504 2609 1684 2679; x_wconf 86' lang='lat' dir='ltr'><strong>atque</strong></span> <span class='ocrx_word' id='word_1_328' title='bbox 1711 2607 1965 2681; x_wconf 87' lang='lat' dir='ltr'><strong>dissipa-</strong></span> 
     </span>
    </p>
   </div>
   <div class='ocr_carea' id='block_1_45' title="bbox 312 2683 1966 2766">
    <p class='ocr_par' dir='ltr' id='par_1_45' title="bbox 312 2683 1966 2766">
     <span class='ocr_line' id='line_1_45' title="bbox 312 2683 1966 2766; baseline 0.01 -28"><span class='ocrx_word' id='word_1_329' title='bbox 312 2683 419 2752; x_wconf 80' lang='lat' dir='ltr'><strong>vit,</strong></span> <span class='ocrx_word' id='word_1_330' title='bbox 450 2683 518 2753; x_wconf 91' lang='lat' dir='ltr'><strong>si,</strong></span> <span class='ocrx_word' id='word_1_331' title='bbox 552 2702 690 2742; x_wconf 91' lang='lat' dir='ltr'><strong>cum</strong></span> <span class='ocrx_word' id='word_1_332' title='bbox 715 2686 776 2742; x_wconf 91' lang='lat' dir='ltr'><strong>in</strong></span> <span class='ocrx_word' id='word_1_333' title='bbox 800 2688 996 2761; x_wconf 88' lang='lat' dir='ltr'><strong>patria</strong></span> <span class='ocrx_word' id='word_1_334' title='bbox 1023 2705 1214 2747; x_wconf 91' lang='lat' dir='ltr'><strong>unum</strong></span> <span class='ocrx_word' id='word_1_335' title='bbox 1238 2707 1441 2762; x_wconf 87' lang='lat' dir='ltr'><strong>regem</strong></span> <span class='ocrx_word' id='word_1_336' title='bbox 1467 2695 1966 2766; x_wconf 88' lang='lat' dir='ltr'><strong>amiseritis,nunc</strong></span> 
     </span>
    </p>
   </div>
   <div class='ocr_carea' id='block_1_46' title="bbox 312 2772 1966 2850">
    <p class='ocr_par' dir='ltr' id='par_1_46' title="bbox 312 2772 1966 2850">
     <span class='ocr_line' id='line_1_46' title="bbox 312 2772 1966 2850; baseline 0.009 -23"><span class='ocrx_word' id='word_1_337' title='bbox 312 2772 374 2829; x_wconf 90' lang='lat' dir='ltr'><strong>in</strong></span> <span class='ocrx_word' id='word_1_338' title='bbox 402 2775 606 2836; x_wconf 79' lang='lat' dir='ltr'><strong>exsilio</strong></span> <span class='ocrx_word' id='word_1_339' title='bbox 633 2781 757 2836; x_wconf 83' lang='lat' dir='ltr'><strong>tam</strong></span> <span class='ocrx_word' id='word_1_340' title='bbox 805 2778 994 2835; x_wconf 90' lang='lat' dir='ltr'><strong>multa</strong></span> <span class='ocrx_word' id='word_1_341' title='bbox 1023 2795 1235 2850; x_wconf 89' lang='lat' dir='ltr'><strong>regum</strong></span> <span class='ocrx_word' id='word_1_342' title='bbox 1283 2781 1469 2840; x_wconf 88' lang='lat' dir='ltr'><strong>millia</strong></span> <span class='ocrx_word' id='word_1_343' title='bbox 1521 2784 1614 2840; x_wconf 90' lang='lat' dir='ltr'><strong>vel</strong></span> <span class='ocrx_word' id='word_1_344' title='bbox 1659 2785 1966 2846; x_wconf 86' lang='lat' dir='ltr'><strong>invenistis</strong></span> 
     </span>
    </p>
   </div>
   <div class='ocr_carea' id='block_1_47' title="bbox 310 2861 1966 2937">
    <p class='ocr_par' dir='ltr' id='par_1_47' title="bbox 310 2861 1966 2937">
     <span class='ocr_line' id='line_1_47' title="bbox 310 2861 1966 2937; baseline 0.01 -22"><span class='ocrx_word' id='word_1_345' title='bbox 310 2861 405 2922; x_wconf 89' lang='lat' dir='ltr'><strong>vel</strong></span> <span class='ocrx_word' id='word_1_346' title='bbox 448 2865 841 2937; x_wconf 82' lang='lat' dir='ltr'><strong>recuperastis</strong></span> <span class='ocrx_word' id='word_1_347' title='bbox 868 2869 895 2921; x_wconf 74' lang='lat' dir='ltr'><strong>‘I</strong></span> <span class='ocrx_word' id='word_1_348' title='bbox 948 2867 1061 2926; x_wconf 89' lang='lat' dir='ltr'><strong>Sed</strong></span> <span class='ocrx_word' id='word_1_349' title='bbox 1118 2868 1316 2925; x_wconf 89' lang='lat' dir='ltr'><strong>nullus</strong></span> <span class='ocrx_word' id='word_1_350' title='bbox 1373 2887 1581 2930; x_wconf 86' lang='lat' dir='ltr'><strong>eorum</strong></span> <span class='ocrx_word' id='word_1_351' title='bbox 1646 2873 1966 2933; x_wconf 85' lang='lat' dir='ltr'><strong>chrismate</strong></span> 
     </span>
    </p>
   </div>
   <div class='ocr_carea' id='block_1_48' title="bbox 309 2950 1963 3036">
    <p class='ocr_par' dir='ltr' id='par_1_48' title="bbox 309 2950 1963 3036">
     <span class='ocr_line' id='line_1_48' title="bbox 309 2950 1963 3036; baseline 0.011 -31"><span class='ocrx_word' id='word_1_352' title='bbox 309 2950 486 3020; x_wconf 85' lang='lat' dir='ltr'><strong>legali</strong></span> <span class='ocrx_word' id='word_1_353' title='bbox 540 2953 633 3016; x_wconf 87' lang='lat' dir='ltr'><strong>vel</strong></span> <span class='ocrx_word' id='word_1_354' title='bbox 685 2953 974 3028; x_wconf 87' lang='lat' dir='ltr'><strong>spirituali</strong></span> <span class='ocrx_word' id='word_1_355' title='bbox 1031 2962 1244 3018; x_wconf 83' lang='lat' dir='ltr'><strong>unctus</strong></span> <span class='ocrx_word' id='word_1_356' title='bbox 1288 2964 1393 3030; x_wconf 90' lang='lat' dir='ltr'><strong>est,</strong></span> <span class='ocrx_word' id='word_1_357' title='bbox 1439 2961 1673 3019; x_wconf 92' lang='lat' dir='ltr'><strong>nullum</strong></span> <span class='ocrx_word' id='word_1_358' title='bbox 1701 2964 1963 3036; x_wconf 82' lang='lat' dir='ltr'><strong>populus.</strong></span> 
     </span>
    </p>
   </div>
   <div class='ocr_carea' id='block_1_49' title="bbox 310 3042 1962 3124">
    <p class='ocr_par' dir='ltr' id='par_1_49' title="bbox 310 3042 1962 3124">
     <span class='ocr_line' id='line_1_49' title="bbox 310 3042 1962 3124; baseline 0.01 -29"><span class='ocrx_word' id='word_1_359' title='bbox 310 3042 595 3113; x_wconf 84' lang='lat' dir='ltr'><strong>sequitur,</strong></span> <span class='ocrx_word' id='word_1_360' title='bbox 627 3058 736 3098; x_wconf 90' lang='lat' dir='ltr'><strong>nec</strong></span> <span class='ocrx_word' id='word_1_361' title='bbox 764 3044 890 3116; x_wconf 90' lang='lat' dir='ltr'><strong>ipse</strong></span> <span class='ocrx_word' id='word_1_362' title='bbox 929 3046 1155 3118; x_wconf 88' lang='lat' dir='ltr'><strong>populo</strong></span> <span class='ocrx_word' id='word_1_363' title='bbox 1174 3053 1407 3121; x_wconf 61' lang='lat' dir='ltr'><strong>praeest,</strong></span> <span class='ocrx_word' id='word_1_364' title='bbox 1439 3057 1807 3124; x_wconf 89' lang='lat' dir='ltr'><strong>quapropter</strong></span> <span class='ocrx_word' id='word_1_365' title='bbox 1835 3054 1962 3110; x_wconf 92' lang='lat' dir='ltr'><strong>nul-</strong></span> 
     </span>
    </p>
   </div>
   <div class='ocr_carea' id='block_1_50' title="bbox 306 3127 1962 3215">
    <p class='ocr_par' dir='ltr' id='par_1_50' title="bbox 306 3127 1962 3215">
     <span class='ocr_line' id='line_1_50' title="bbox 306 3127 1962 3215; baseline 0.009 -32"><span class='ocrx_word' id='word_1_366' title='bbox 306 3127 400 3184; x_wconf 90' lang='lat' dir='ltr'><strong>lus</strong></span> <span class='ocrx_word' id='word_1_367' title='bbox 453 3145 663 3194; x_wconf 80' lang='lat' dir='ltr'><strong>eorum</strong></span> <span class='ocrx_word' id='word_1_368' title='bbox 707 3147 903 3204; x_wconf 90' lang='lat' dir='ltr'><strong>neque</strong></span> <span class='ocrx_word' id='word_1_369' title='bbox 958 3149 1061 3199; x_wconf 85' lang='lat' dir='ltr'><strong>rex</strong></span> <span class='ocrx_word' id='word_1_370' title='bbox 1109 3152 1304 3209; x_wconf 91' lang='lat' dir='ltr'><strong>neque</strong></span> <span class='ocrx_word' id='word_1_371' title='bbox 1343 3139 1628 3211; x_wconf 85' lang='lat' dir='ltr'><strong>pontifex,</strong></span> <span class='ocrx_word' id='word_1_372' title='bbox 1669 3142 1962 3215; x_wconf 85' lang='lat' dir='ltr'><strong>propheta</strong></span> 
     </span>
    </p>
   </div>
   <div class='ocr_carea' id='block_1_51' title="bbox 307 3220 1961 3304">
    <p class='ocr_par' dir='ltr' id='par_1_51' title="bbox 307 3220 1961 3304">
     <span class='ocr_line' id='line_1_51' title="bbox 307 3220 1961 3304; baseline 0.007 -30"><span class='ocrx_word' id='word_1_373' title='bbox 307 3233 505 3290; x_wconf 90' lang='lat' dir='ltr'><strong>neque</strong></span> <span class='ocrx_word' id='word_1_374' title='bbox 533 3220 656 3276; x_wconf 90' lang='lat' dir='ltr'><strong>dux</strong></span> <span class='ocrx_word' id='word_1_375' title='bbox 689 3221 879 3288; x_wconf 82' lang='lat' dir='ltr'><strong>tribus</strong></span> <span class='ocrx_word' id='word_1_376' title='bbox 907 3224 1075 3282; x_wconf 83' lang='lat' dir='ltr'><strong>Judae</strong></span> <span class='ocrx_word' id='word_1_377' title='bbox 1102 3225 1196 3283; x_wconf 89' lang='lat' dir='ltr'><strong>vel</strong></span> <span class='ocrx_word' id='word_1_378' title='bbox 1235 3233 1321 3282; x_wconf 88' lang='lat' dir='ltr'><strong>est</strong></span> <span class='ocrx_word' id='word_1_379' title='bbox 1351 3227 1444 3283; x_wconf 89' lang='lat' dir='ltr'><strong>vel</strong></span> <span class='ocrx_word' id='word_1_380' title='bbox 1473 3233 1627 3284; x_wconf 89' lang='lat' dir='ltr'><strong>certe</strong></span> <span class='ocrx_word' id='word_1_381' title='bbox 1670 3230 1961 3304; x_wconf 87' lang='lat' dir='ltr'><strong>appellari</strong></span> 
     </span>
    </p>
   </div>
   <div class='ocr_carea' id='block_1_52' title="bbox 307 3312 1961 3391">
    <p class='ocr_par' dir='ltr' id='par_1_52' title="bbox 307 3312 1961 3391">
     <span class='ocr_line' id='line_1_52' title="bbox 307 3312 1961 3391; baseline 0.005 -25"><span class='ocrx_word' id='word_1_382' title='bbox 307 3313 516 3379; x_wconf 88' lang='lat' dir='ltr'><strong>potest.</strong></span> <span class='ocrx_word' id='word_1_383' title='bbox 573 3312 738 3376; x_wconf 82' lang='lat' dir='ltr'><strong>Unde</strong></span> <span class='ocrx_word' id='word_1_384' title='bbox 786 3313 947 3370; x_wconf 91' lang='lat' dir='ltr'><strong>enim</strong></span> <span class='ocrx_word' id='word_1_385' title='bbox 1000 3331 1201 3372; x_wconf 84' lang='lat' dir='ltr'><strong>causae</strong></span> <span class='ocrx_word' id='word_1_386' title='bbox 1255 3317 1536 3381; x_wconf 75' lang='lat' dir='ltr'><strong>effectivae</strong></span> <span class='ocrx_word' id='word_1_387' title='bbox 1591 3319 1828 3391; x_wconf 85' lang='lat' dir='ltr'><strong>desunt,</strong></span> <span class='ocrx_word' id='word_1_388' title='bbox 1876 3320 1961 3375; x_wconf 88' lang='lat' dir='ltr'><strong>ibi</strong></span> 
     </span>
    </p>
   </div>
   <div class='ocr_carea' id='block_1_53' title="bbox 305 3397 1958 3478">
    <p class='ocr_par' dir='ltr' id='par_1_53' title="bbox 305 3397 1958 3478">
     <span class='ocr_line' id='line_1_53' title="bbox 305 3397 1958 3478; baseline 0.005 -22"><span class='ocrx_word' id='word_1_389' title='bbox 305 3397 549 3456; x_wconf 70' lang='lat' dir='ltr'><strong>effectus</strong></span> <span class='ocrx_word' id='word_1_390' title='bbox 572 3400 811 3460; x_wconf 86' lang='lat' dir='ltr'><strong>illarum</strong></span> <span class='ocrx_word' id='word_1_391' title='bbox 839 3420 966 3460; x_wconf 90' lang='lat' dir='ltr'><strong>esse</strong></span> <span class='ocrx_word' id='word_1_392' title='bbox 991 3405 1238 3461; x_wconf 91' lang='lat' dir='ltr'><strong>minime</strong></span> <span class='ocrx_word' id='word_1_393' title='bbox 1266 3412 1542 3478; x_wconf 83' lang='lat' dir='ltr'><strong>possunt.</strong></span> <span class='ocrx_word' id='word_1_394' title='bbox 1577 3410 1620 3464; x_wconf 94' lang='grc' dir='ltr'><strong>Ο</strong></span> <span class='ocrx_word' id='word_1_395' title='bbox 1643 3408 1822 3477; x_wconf 85' lang='lat' dir='ltr'><strong>igitur</strong></span> <span class='ocrx_word' id='word_1_396' title='bbox 1850 3409 1958 3464; x_wconf 92' lang='lat' dir='ltr'><strong>do-</strong></span> 
     </span>
    </p>
   </div>
   <div class='ocr_carea' id='block_1_54' title="bbox 303 3485 1958 3566">
    <p class='ocr_par' dir='ltr' id='par_1_54' title="bbox 303 3485 1958 3566">
     <span class='ocr_line' id='line_1_54' title="bbox 303 3485 1958 3566; baseline 0.008 -26"><span class='ocrx_word' id='word_1_397' title='bbox 303 3485 394 3546; x_wconf 90' lang='lat' dir='ltr'><strong>lor</strong></span> <span class='ocrx_word' id='word_1_398' title='bbox 421 3488 514 3548; x_wconf 83' lang='lat' dir='ltr'><strong>vel</strong></span> <span class='ocrx_word' id='word_1_399' title='bbox 541 3489 696 3546; x_wconf 87' lang='lat' dir='ltr'><strong>risus</strong></span> <span class='ocrx_word' id='word_1_400' title='bbox 729 3496 935 3554; x_wconf 87' lang='lat' dir='ltr'><strong>contra</strong></span> <span class='ocrx_word' id='word_1_401' title='bbox 965 3493 1206 3550; x_wconf 86' lang='lat' dir='ltr'><strong>stultam</strong></span> <span class='ocrx_word' id='word_1_402' title='bbox 1254 3499 1436 3566; x_wconf 87' lang='lat' dir='ltr'><strong>atque</strong></span> <span class='ocrx_word' id='word_1_403' title='bbox 1480 3495 1775 3554; x_wconf 85' lang='lat' dir='ltr'><strong>infelicem</strong></span> <span class='ocrx_word' id='word_1_404' title='bbox 1832 3515 1958 3554; x_wconf 91' lang='lat' dir='ltr'><strong>sor-</strong></span> 
     </span>
    </p>
   </div>
   <div class='ocr_carea' id='block_1_55' title="bbox 306 3576 1957 3653">
    <p class='ocr_par' dir='ltr' id='par_1_55' title="bbox 306 3576 1957 3653">
     <span class='ocr_line' id='line_1_55' title="bbox 306 3576 1957 3653; baseline 0.008 -22"><span class='ocrx_word' id='word_1_405' title='bbox 306 3579 424 3631; x_wconf 89' lang='lat' dir='ltr'><strong>tem</strong></span> <span class='ocrx_word' id='word_1_406' title='bbox 453 3576 640 3646; x_wconf 86' lang='lat' dir='ltr'><strong>partis</strong></span> <span class='ocrx_word' id='word_1_407' title='bbox 665 3578 1031 3647; x_wconf 64' lang='lat' dir='ltr'><strong>Judaeorum,</strong></span> <span class='ocrx_word' id='word_1_408' title='bbox 1063 3581 1189 3653; x_wconf 90' lang='lat' dir='ltr'><strong>qui,</strong></span> <span class='ocrx_word' id='word_1_409' title='bbox 1220 3598 1360 3642; x_wconf 89' lang='lat' dir='ltr'><strong>cum</strong></span> <span class='ocrx_word' id='word_1_410' title='bbox 1405 3583 1726 3648; x_wconf 87' lang='lat' dir='ltr'><strong>insolenter</strong></span> <span class='ocrx_word' id='word_1_411' title='bbox 1764 3592 1820 3642; x_wconf 90' lang='lat' dir='ltr'><strong>et</strong></span> <span class='ocrx_word' id='word_1_412' title='bbox 1866 3588 1957 3648; x_wconf 87' lang='lat' dir='ltr'><strong>in-</strong></span> 
     </span>
    </p>
   </div>
   <div class='ocr_carea' id='block_1_56' title="bbox 303 3663 1958 3748">
    <p class='ocr_par' dir='ltr' id='par_1_56' title="bbox 303 3663 1958 3748">
     <span class='ocr_line' id='line_1_56' title="bbox 303 3663 1958 3748; baseline 0.011 -30"><span class='ocrx_word' id='word_1_413' title='bbox 303 3663 572 3722; x_wconf 88' lang='lat' dir='ltr'><strong>confesse</strong></span> <span class='ocrx_word' id='word_1_414' title='bbox 597 3665 864 3735; x_wconf 84' lang='lat' dir='ltr'><strong>reginem</strong></span> <span class='ocrx_word' id='word_1_415' title='bbox 891 3684 1068 3725; x_wconf 91' lang='lat' dir='ltr'><strong>suum</strong></span> <span class='ocrx_word' id='word_1_416' title='bbox 1092 3675 1306 3742; x_wconf 89' lang='lat' dir='ltr'><strong>putant</strong></span> <span class='ocrx_word' id='word_1_417' title='bbox 1346 3671 1409 3736; x_wconf 86' lang='lat' dir='ltr'><strong>in</strong></span> <span class='ocrx_word' id='word_1_418' title='bbox 1437 3674 1676 3730; x_wconf 88' lang='lat' dir='ltr'><strong>turbam</strong></span> <span class='ocrx_word' id='word_1_419' title='bbox 1705 3676 1958 3748; x_wconf 80' lang='lat' dir='ltr'><strong>mittere,</strong></span> 
     </span>
    </p>
   </div>
   <div class='ocr_carea' id='block_1_57' title="bbox 302 3753 1956 3836">
    <p class='ocr_par' dir='ltr' id='par_1_57' title="bbox 302 3753 1956 3836">
     <span class='ocr_line' id='line_1_57' title="bbox 302 3753 1956 3836; baseline 0.009 -28"><span class='ocrx_word' id='word_1_420' title='bbox 302 3757 360 3816; x_wconf 88' lang='lat' dir='ltr'><strong>et</strong></span> <span class='ocrx_word' id='word_1_421' title='bbox 387 3753 754 3826; x_wconf 86' lang='lat' dir='ltr'><strong>applaudere</strong></span> <span class='ocrx_word' id='word_1_422' title='bbox 779 3757 890 3819; x_wconf 86' lang='lat' dir='ltr'><strong>sibi</strong></span> <span class='ocrx_word' id='word_1_423' title='bbox 937 3758 1012 3814; x_wconf 91' lang='lat' dir='ltr'><strong>de</strong></span> <span class='ocrx_word' id='word_1_424' title='bbox 1036 3760 1414 3818; x_wconf 90' lang='lat' dir='ltr'><strong>multitudine</strong></span> <span class='ocrx_word' id='word_1_425' title='bbox 1444 3779 1677 3836; x_wconf 88' lang='lat' dir='ltr'><strong>regum,</strong></span> <span class='ocrx_word' id='word_1_426' title='bbox 1722 3767 1956 3826; x_wconf 88' lang='lat' dir='ltr'><strong>nullum</strong></span> 
     </span>
    </p>
   </div>
   <div class='ocr_carea' id='block_1_58' title="bbox 299 3846 1955 3922">
    <p class='ocr_par' dir='ltr' id='par_1_58' title="bbox 299 3846 1955 3922">
     <span class='ocr_line' id='line_1_58' title="bbox 299 3846 1955 3922; baseline 0.01 -24"><span class='ocrx_word' id='word_1_427' title='bbox 299 3849 590 3900; x_wconf 89' lang='lat' dir='ltr'><strong>rectorem</strong></span> <span class='ocrx_word' id='word_1_428' title='bbox 611 3846 847 3918; x_wconf 88' lang='lat' dir='ltr'><strong>penitus</strong></span> <span class='ocrx_word' id='word_1_429' title='bbox 876 3849 1347 3922; x_wconf 85' lang='lat' dir='ltr'><strong>comprobantur</strong></span> <span class='ocrx_word' id='word_1_430' title='bbox 1375 3853 1598 3910; x_wconf 91' lang='lat' dir='ltr'><strong>habere</strong></span> <span class='ocrx_word' id='word_1_431' title='bbox 1629 3855 1640 3909; x_wconf 91' lang='lat'><strong>!</strong></span> <span class='ocrx_word' id='word_1_432' title='bbox 1678 3855 1955 3914; x_wconf 83' lang='lat' dir='ltr'><strong>Suﬂicere</strong></span> 
     </span>
    </p>
   </div>
   <div class='ocr_carea' id='block_1_59' title="bbox 299 3933 1955 4013">
    <p class='ocr_par' dir='ltr' id='par_1_59' title="bbox 299 3933 1955 4013">
     <span class='ocr_line' id='line_1_59' title="bbox 299 3933 1955 4013; baseline 0.007 -23"><span class='ocrx_word' id='word_1_433' title='bbox 299 3933 489 4006; x_wconf 81' lang='lat' dir='ltr'><strong>possit</strong></span> <span class='ocrx_word' id='word_1_434' title='bbox 534 3934 649 4000; x_wconf 83' lang='lat' dir='ltr'><strong>ista</strong></span> <span class='ocrx_word' id='word_1_435' title='bbox 677 3936 829 4001; x_wconf 87' lang='lat' dir='ltr'><strong>ratio</strong></span> <span class='ocrx_word' id='word_1_436' title='bbox 856 3954 1042 4011; x_wconf 86' lang='lat' dir='ltr'><strong>quam</strong></span> <span class='ocrx_word' id='word_1_437' title='bbox 1067 3939 1352 4013; x_wconf 82' lang='lat' dir='ltr'><strong>diximus,</strong></span> <span class='ocrx_word' id='word_1_438' title='bbox 1380 3942 1458 4008; x_wconf 81' lang='lat' dir='ltr'><strong>ad</strong></span> <span class='ocrx_word' id='word_1_439' title='bbox 1487 3942 1955 4010; x_wconf 87' lang='lat' dir='ltr'><strong>confutationem</strong></span> 
     </span>
    </p>
   </div>
   <div class='ocr_carea' id='block_1_60' title="bbox 297 4024 1954 4102">
    <p class='ocr_par' dir='ltr' id='par_1_60' title="bbox 297 4024 1954 4102">
     <span class='ocr_line' id='line_1_60' title="bbox 297 4024 1954 4102; baseline 0.006 -20"><span class='ocrx_word' id='word_1_440' title='bbox 297 4024 508 4096; x_wconf 69' lang='lat' dir='ltr'><strong>primm</strong></span> <span class='ocrx_word' id='word_1_441' title='bbox 536 4027 740 4099; x_wconf 90' lang='lat' dir='ltr'><strong>partis.</strong></span> <span class='ocrx_word' id='word_1_442' title='bbox 777 4028 890 4085; x_wconf 88' lang='lat' dir='ltr'><strong>Sed</strong></span> <span class='ocrx_word' id='word_1_443' title='bbox 915 4030 1060 4102; x_wconf 87' lang='lat' dir='ltr'><strong>quia</strong></span> <span class='ocrx_word' id='word_1_444' title='bbox 1113 4029 1290 4088; x_wconf 67' lang='lat' dir='ltr'><strong>bonae</strong></span> <span class='ocrx_word' id='word_1_445' title='bbox 1347 4048 1544 4090; x_wconf 65' lang='lat' dir='ltr'><strong>causa:</strong></span> <span class='ocrx_word' id='word_1_446' title='bbox 1600 4035 1741 4092; x_wconf 84' lang='lat' dir='ltr'><strong>satis</strong></span> <span class='ocrx_word' id='word_1_447' title='bbox 1780 4037 1954 4100; x_wconf 87' lang='lat' dir='ltr'><strong>nobis</strong></span> 
     </span>
    </p>
   </div>
   <div class='ocr_carea' id='block_1_61' title="bbox 297 4113 1955 4198">
    <p class='ocr_par' dir='ltr' id='par_1_61' title="bbox 297 4113 1955 4198">
     <span class='ocr_line' id='line_1_61' title="bbox 297 4113 1955 4198; baseline 0.009 -31"><span class='ocrx_word' id='word_1_448' title='bbox 297 4113 557 4169; x_wconf 87' lang='lat' dir='ltr'><strong>rationes</strong></span> <span class='ocrx_word' id='word_1_449' title='bbox 612 4116 946 4185; x_wconf 86' lang='lat' dir='ltr'><strong>abundant,</strong></span> <span class='ocrx_word' id='word_1_450' title='bbox 1005 4135 1127 4183; x_wconf 89' lang='lat' dir='ltr'><strong>non</strong></span> <span class='ocrx_word' id='word_1_451' title='bbox 1176 4121 1379 4192; x_wconf 87' lang='lat' dir='ltr'><strong>pigeat</strong></span> <span class='ocrx_word' id='word_1_452' title='bbox 1429 4123 1559 4186; x_wconf 87' lang='lat' dir='ltr'><strong>illos</strong></span> <span class='ocrx_word' id='word_1_453' title='bbox 1605 4124 1812 4186; x_wconf 88' lang='lat' dir='ltr'><strong>iterato</strong></span> <span class='ocrx_word' id='word_1_454' title='bbox 1849 4142 1955 4198; x_wconf 91' lang='lat' dir='ltr'><strong>per</strong></span> 
     </span>
    </p>
   </div>
   <div class='ocr_carea' id='block_1_62' title="bbox 297 4199 1953 4285">
    <p class='ocr_par' dir='ltr' id='par_1_62' title="bbox 297 4199 1953 4285">
     <span class='ocr_line' id='line_1_62' title="bbox 297 4199 1953 4285; baseline 0.01 -29"><span class='ocrx_word' id='word_1_455' title='bbox 297 4199 665 4271; x_wconf 89' lang='lat' dir='ltr'><strong>impossibile</strong></span> <span class='ocrx_word' id='word_1_456' title='bbox 696 4219 1070 4276; x_wconf 85' lang='lat' dir='ltr'><strong>oppugnare,</strong></span> <span class='ocrx_word' id='word_1_457' title='bbox 1110 4209 1224 4265; x_wconf 91' lang='lat' dir='ltr'><strong>hoc</strong></span> <span class='ocrx_word' id='word_1_458' title='bbox 1255 4211 1438 4266; x_wconf 91' lang='lat' dir='ltr'><strong>modo</strong></span> <span class='ocrx_word' id='word_1_459' title='bbox 1467 4229 1480 4268; x_wconf 89' lang='lat'><strong>:</strong></span> <span class='ocrx_word' id='word_1_460' title='bbox 1514 4214 1827 4285; x_wconf 87' lang='lat' dir='ltr'><strong>Prophetia</strong></span> <span class='ocrx_word' id='word_1_461' title='bbox 1879 4216 1953 4280; x_wconf 84' lang='lat' dir='ltr'><strong>de</strong></span> 
     </span>
    </p>
   </div>
   <div class='ocr_carea' id='block_1_63' title="bbox 299 4291 1952 4373">
    <p class='ocr_par' dir='ltr' id='par_1_63' title="bbox 299 4291 1952 4373">
     <span class='ocr_line' id='line_1_63' title="bbox 299 4291 1952 4373; baseline 0.013 -32"><span class='ocrx_word' id='word_1_462' title='bbox 299 4303 422 4359; x_wconf 84' lang='lat' dir='ltr'><strong>qua</strong></span> <span class='ocrx_word' id='word_1_463' title='bbox 446 4304 609 4345; x_wconf 90' lang='lat' dir='ltr'><strong>nunc</strong></span> <span class='ocrx_word' id='word_1_464' title='bbox 639 4291 896 4360; x_wconf 85' lang='lat' dir='ltr'><strong>agimus,</strong></span> <span class='ocrx_word' id='word_1_465' title='bbox 952 4300 1056 4352; x_wconf 89' lang='lat' dir='ltr'><strong>aut</strong></span> <span class='ocrx_word' id='word_1_466' title='bbox 1105 4298 1346 4370; x_wconf 88' lang='lat' dir='ltr'><strong>respicit</strong></span> <span class='ocrx_word' id='word_1_467' title='bbox 1374 4300 1452 4358; x_wconf 89' lang='lat' dir='ltr'><strong>ad</strong></span> <span class='ocrx_word' id='word_1_468' title='bbox 1491 4301 1635 4360; x_wconf 81' lang='lat' dir='ltr'><strong>tales</strong></span> <span class='ocrx_word' id='word_1_469' title='bbox 1665 4318 1858 4373; x_wconf 87' lang='lat' dir='ltr'><strong>reges,</strong></span> <span class='ocrx_word' id='word_1_470' title='bbox 1890 4304 1952 4362; x_wconf 89' lang='lat' dir='ltr'><strong>id</strong></span> 
     </span>
    </p>
   </div>
   <div class='ocr_carea' id='block_1_64' title="bbox 297 4379 1952 4467">
    <p class='ocr_par' dir='ltr' id='par_1_64' title="bbox 297 4379 1952 4467">
     <span class='ocr_line' id='line_1_64' title="bbox 297 4379 1952 4467; baseline 0.011 -35"><span class='ocrx_word' id='word_1_471' title='bbox 297 4381 390 4467; x_wconf 78' lang='lat' dir='ltr'><strong>est</strong></span> <span class='ocrx_word' id='word_1_472' title='bbox 413 4379 668 4443; x_wconf 82' lang='lat' dir='ltr'><strong>rusticos</strong></span> <span class='ocrx_word' id='word_1_473' title='bbox 699 4383 823 4438; x_wconf 83' lang='lat' dir='ltr'><strong>sive</strong></span> <span class='ocrx_word' id='word_1_474' title='bbox 852 4383 1136 4455; x_wconf 84' lang='lat' dir='ltr'><strong>privatos,</strong></span> <span class='ocrx_word' id='word_1_475' title='bbox 1170 4393 1275 4452; x_wconf 87' lang='lat' dir='ltr'><strong>aut</strong></span> <span class='ocrx_word' id='word_1_476' title='bbox 1300 4389 1566 4453; x_wconf 78' lang='lat' dir='ltr'><strong>minime.</strong></span> <span class='ocrx_word' id='word_1_477' title='bbox 1595 4396 1668 4449; x_wconf 76' lang='lat' dir='ltr'><strong>At</strong></span> <span class='ocrx_word' id='word_1_478' title='bbox 1693 4393 1743 4448; x_wconf 92' lang='lat' dir='ltr'><strong>si</strong></span> <span class='ocrx_word' id='word_1_479' title='bbox 1771 4396 1952 4467; x_wconf 86' lang='lat' dir='ltr'><strong>respi-</strong></span> 
     </span>
    </p>
   </div>
   <div class='ocr_carea' id='block_1_65' title="bbox 297 4466 2020 4560">
    <p class='ocr_par' dir='ltr' id='par_1_65' title="bbox 297 4466 2020 4560">
     <span class='ocr_line' id='line_1_65' title="bbox 297 4466 2020 4560; baseline 0.012 -39"><span class='ocrx_word' id='word_1_480' title='bbox 297 4466 393 4560; x_wconf 77' lang='lat' dir='ltr'><strong>cit,</strong></span> <span class='ocrx_word' id='word_1_481' title='bbox 425 4471 487 4560; x_wconf 83' lang='lat' dir='ltr'><strong>et</strong></span> <span class='ocrx_word' id='word_1_482' title='bbox 510 4473 754 4542; x_wconf 90' lang='lat' dir='ltr'><strong>propter</strong></span> <span class='ocrx_word' id='word_1_483' title='bbox 781 4470 1019 4530; x_wconf 90' lang='lat' dir='ltr'><strong>illorum</strong></span> <span class='ocrx_word' id='word_1_484' title='bbox 1066 4482 1425 4547; x_wconf 63' lang='lat' dir='ltr'><strong>praesentem</strong></span> <span class='ocrx_word' id='word_1_485' title='bbox 1482 4466 1950 4545; x_wconf 25' lang='lat' dir='ltr'><strong>existentiamﬂin</strong></span> <span class='ocrx_word' id='word_1_486' title='bbox 2012 4552 2020 4560; x_wconf 34' lang='grc' dir='ltr'>ν</span> 
     </span>
    </p>
   </div>
   <div class='ocr_carea' id='block_1_66' title="bbox 294 4556 1949 4630">
    <p class='ocr_par' dir='ltr' id='par_1_66' title="bbox 294 4556 1949 4630">
     <span class='ocr_line' id='line_1_66' title="bbox 294 4556 1949 4630; baseline 0.01 -18"><span class='ocrx_word' id='word_1_487' title='bbox 294 4556 410 4620; x_wconf 84' lang='lat' dir='ltr'><strong>hac</strong></span> <span class='ocrx_word' id='word_1_488' title='bbox 433 4556 575 4626; x_wconf 82' lang='lat' dir='ltr'><strong>vita,</strong></span> <span class='ocrx_word' id='word_1_489' title='bbox 605 4563 843 4622; x_wconf 82' lang='lat' dir='ltr'><strong>constat</strong></span> <span class='ocrx_word' id='word_1_490' title='bbox 869 4561 1020 4625; x_wconf 88' lang='lat' dir='ltr'><strong>inter</strong></span> <span class='ocrx_word' id='word_1_491' title='bbox 1050 4581 1158 4621; x_wconf 89' lang='lat' dir='ltr'><strong>vos</strong></span> <span class='ocrx_word' id='word_1_492' title='bbox 1196 4567 1470 4625; x_wconf 92' lang='lat' dir='ltr'><strong>nondum</strong></span> <span class='ocrx_word' id='word_1_493' title='bbox 1523 4570 1754 4627; x_wconf 88' lang='lat' dir='ltr'><strong>venisse</strong></span> <span class='ocrx_word' id='word_1_494' title='bbox 1786 4574 1949 4630; x_wconf 86' lang='lat' dir='ltr'><strong>Chri-</strong></span> 
     </span>
    </p>
   </div>
   <div class='ocr_carea' id='block_1_67' title="bbox 296 4651 1948 4733">
    <p class='ocr_par' dir='ltr' id='par_1_67' title="bbox 296 4651 1948 4733">
     <span class='ocr_line' id='line_1_67' title="bbox 296 4651 1948 4733; baseline 0.01 -30"><span class='ocrx_word' id='word_1_495' title='bbox 296 4651 474 4715; x_wconf 84' lang='lat' dir='ltr'><strong>stum,</strong></span> <span class='ocrx_word' id='word_1_496' title='bbox 528 4654 846 4722; x_wconf 85' lang='lat' dir='ltr'><strong>prOpterea</strong></span> <span class='ocrx_word' id='word_1_497' title='bbox 897 4651 1059 4717; x_wconf 85' lang='lat' dir='ltr'><strong>idem</strong></span> <span class='ocrx_word' id='word_1_498' title='bbox 1116 4656 1412 4714; x_wconf 89' lang='lat' dir='ltr'><strong>constabit</strong></span> <span class='ocrx_word' id='word_1_499' title='bbox 1453 4674 1768 4733; x_wconf 82' lang='lat' dir='ltr'><strong>nunquam</strong></span> <span class='ocrx_word' id='word_1_500' title='bbox 1817 4679 1948 4720; x_wconf 90' lang='lat' dir='ltr'><strong>esse</strong></span> 
     </span>
    </p>
   </div>
   <div class='ocr_carea' id='block_1_68' title="bbox 293 4738 1948 4814">
    <p class='ocr_par' dir='ltr' id='par_1_68' title="bbox 293 4738 1948 4814">
     <span class='ocr_line' id='line_1_68' title="bbox 293 4738 1948 4814; baseline 0.01 -23"><span class='ocrx_word' id='word_1_501' title='bbox 293 4739 630 4805; x_wconf 80' lang='lat' dir='ltr'><strong>venturum,</strong></span> <span class='ocrx_word' id='word_1_502' title='bbox 658 4738 851 4798; x_wconf 87' lang='lat' dir='ltr'><strong>donec</strong></span> <span class='ocrx_word' id='word_1_503' title='bbox 875 4757 1088 4806; x_wconf 83' lang='lat' dir='ltr'><strong>omnes</strong></span> <span class='ocrx_word' id='word_1_504' title='bbox 1115 4744 1196 4808; x_wconf 82' lang='lat' dir='ltr'><strong>ita</strong></span> <span class='ocrx_word' id='word_1_505' title='bbox 1242 4745 1416 4808; x_wconf 88' lang='lat' dir='ltr'><strong>deleti</strong></span> <span class='ocrx_word' id='word_1_506' title='bbox 1461 4747 1578 4811; x_wconf 87' lang='lat' dir='ltr'><strong>sint</strong></span> <span class='ocrx_word' id='word_1_507' title='bbox 1633 4755 1697 4806; x_wconf 89' lang='lat' dir='ltr'><strong>ut</strong></span> <span class='ocrx_word' id='word_1_508' title='bbox 1749 4752 1948 4814; x_wconf 88' lang='lat' dir='ltr'><strong>nullus</strong></span> 
     </span>
    </p>
   </div>
   <div class='ocr_carea' id='block_1_69' title="bbox 292 4825 1947 4904">
    <p class='ocr_par' dir='ltr' id='par_1_69' title="bbox 292 4825 1947 4904">
     <span class='ocr_line' id='line_1_69' title="bbox 292 4825 1947 4904; baseline 0.01 -24"><span class='ocrx_word' id='word_1_509' title='bbox 292 4839 502 4888; x_wconf 76' lang='lat' dir='ltr'><strong>eorum</strong></span> <span class='ocrx_word' id='word_1_510' title='bbox 529 4825 602 4884; x_wconf 83' lang='lat' dir='ltr'><strong>sit</strong></span> <span class='ocrx_word' id='word_1_511' title='bbox 623 4827 686 4890; x_wconf 84' lang='lat' dir='ltr'><strong>in</strong></span> <span class='ocrx_word' id='word_1_512' title='bbox 715 4830 946 4891; x_wconf 81' lang='lat' dir='ltr'><strong>mundo</strong></span> <span class='ocrx_word' id='word_1_513' title='bbox 976 4833 1082 4904; x_wconf 90' lang='lat' dir='ltr'><strong>qui</strong></span> <span class='ocrx_word' id='word_1_514' title='bbox 1108 4839 1276 4904; x_wconf 85' lang='lat' dir='ltr'><strong>regat</strong></span> <span class='ocrx_word' id='word_1_515' title='bbox 1294 4834 1585 4896; x_wconf 85' lang='lat' dir='ltr'><strong>familiam</strong></span> <span class='ocrx_word' id='word_1_516' title='bbox 1615 4855 1808 4896; x_wconf 91' lang='lat' dir='ltr'><strong>suam.</strong></span> <span class='ocrx_word' id='word_1_517' title='bbox 1830 4843 1947 4896; x_wconf 86' lang='lat' dir='ltr'><strong>Hoc</strong></span> 
     </span>
    </p>
   </div>
   <div class='ocr_carea' id='block_1_70' title="bbox 293 4917 1944 5000">
    <p class='ocr_par' dir='ltr' id='par_1_70' title="bbox 293 4917 1944 5000">
     <span class='ocr_line' id='line_1_70' title="bbox 293 4917 1944 5000; baseline 0.008 -31"><span class='ocrx_word' id='word_1_518' title='bbox 293 4918 494 4976; x_wconf 87' lang='lat' dir='ltr'><strong>autem</strong></span> <span class='ocrx_word' id='word_1_519' title='bbox 521 4917 768 4988; x_wconf 90' lang='lat' dir='ltr'><strong>quando</strong></span> <span class='ocrx_word' id='word_1_520' title='bbox 797 4919 1076 4984; x_wconf 84' lang='lat' dir='ltr'><strong>erit?nisi</strong></span> <span class='ocrx_word' id='word_1_521' title='bbox 1095 4922 1157 4977; x_wconf 94' lang='lat' dir='ltr'><strong>in</strong></span> <span class='ocrx_word' id='word_1_522' title='bbox 1186 4927 1704 4989; x_wconf 86' lang='lat' dir='ltr'><strong>consummatione</strong></span> <span class='ocrx_word' id='word_1_523' title='bbox 1729 4928 1944 5000; x_wconf 82' lang='lat' dir='ltr'><strong>saeculi,</strong></span> 
     </span>
    </p>
   </div>
   <div class='ocr_carea' id='block_1_71' title="bbox 295 5005 1948 5090">
    <p class='ocr_par' dir='ltr' id='par_1_71' title="bbox 295 5005 1948 5090">
     <span class='ocr_line' id='line_1_71' title="bbox 295 5005 1948 5090; baseline 0.011 -34"><span class='ocrx_word' id='word_1_524' title='bbox 295 5017 455 5072; x_wconf 89' lang='lat' dir='ltr'><strong>cum,</strong></span> <span class='ocrx_word' id='word_1_525' title='bbox 514 5005 806 5064; x_wconf 86' lang='lat' dir='ltr'><strong>defunctis</strong></span> <span class='ocrx_word' id='word_1_526' title='bbox 857 5010 1160 5078; x_wconf 89' lang='lat' dir='ltr'><strong>omnibus,</strong></span> <span class='ocrx_word' id='word_1_527' title='bbox 1215 5013 1414 5070; x_wconf 88' lang='lat' dir='ltr'><strong>nullus</strong></span> <span class='ocrx_word' id='word_1_528' title='bbox 1459 5017 1568 5072; x_wconf 87' lang='lat' dir='ltr'><strong>erit</strong></span> <span class='ocrx_word' id='word_1_529' title='bbox 1584 5016 1715 5086; x_wconf 88' lang='lat' dir='ltr'><strong>jam</strong></span> <span class='ocrx_word' id='word_1_530' title='bbox 1753 5033 1948 5090; x_wconf 90' lang='lat' dir='ltr'><strong>neque</strong></span> 
     </span>
    </p>
   </div>
   <div class='ocr_carea' id='block_1_72' title="bbox 293 5092 1949 5176">
    <p class='ocr_par' dir='ltr' id='par_1_72' title="bbox 293 5092 1949 5176">
     <span class='ocr_line' id='line_1_72' title="bbox 293 5092 1949 5176; baseline 0.01 -31"><span class='ocrx_word' id='word_1_531' title='bbox 293 5092 655 5161; x_wconf 64' lang='lat' dir='ltr'><strong>poenitentiae</strong></span> <span class='ocrx_word' id='word_1_532' title='bbox 680 5111 874 5169; x_wconf 89' lang='lat' dir='ltr'><strong>neque</strong></span> <span class='ocrx_word' id='word_1_533' title='bbox 899 5099 1088 5156; x_wconf 68' lang='lat' dir='ltr'><strong>venite</strong></span> <span class='ocrx_word' id='word_1_534' title='bbox 1115 5100 1285 5158; x_wconf 88' lang='lat' dir='ltr'><strong>locus</strong></span> <span class='ocrx_word' id='word_1_535' title='bbox 1306 5119 1319 5158; x_wconf 88' lang='lat'><strong>:</strong></span> <span class='ocrx_word' id='word_1_536' title='bbox 1340 5106 1396 5159; x_wconf 93' lang='lat' dir='ltr'><strong>et</strong></span> <span class='ocrx_word' id='word_1_537' title='bbox 1424 5104 1572 5175; x_wconf 92' lang='lat' dir='ltr'><strong>quid</strong></span> <span class='ocrx_word' id='word_1_538' title='bbox 1601 5105 1949 5176; x_wconf 85' lang='lat' dir='ltr'><strong>putabimus</strong></span> 
     </span>
    </p>
   </div>
   <div class='ocr_carea' id='block_1_73' title="bbox 292 5183 1947 5268">
    <p class='ocr_par' dir='ltr' id='par_1_73' title="bbox 292 5183 1947 5268">
     <span class='ocr_line' id='line_1_73' title="bbox 292 5183 1947 5268; baseline 0.011 -32"><span class='ocrx_word' id='word_1_539' title='bbox 292 5183 360 5240; x_wconf 88' lang='lat' dir='ltr'><strong>ut</strong></span> <span class='ocrx_word' id='word_1_540' title='bbox 410 5183 550 5268; x_wconf 83' lang='lat' dir='ltr'><strong>tunc</strong></span> <span class='ocrx_word' id='word_1_541' title='bbox 605 5185 807 5244; x_wconf 88' lang='lat' dir='ltr'><strong>veniat</strong></span> <span class='ocrx_word' id='word_1_542' title='bbox 853 5189 1112 5257; x_wconf 84' lang='lat' dir='ltr'><strong>Messias,</strong></span> <span class='ocrx_word' id='word_1_543' title='bbox 1174 5189 1288 5251; x_wconf 86' lang='lat' dir='ltr'><strong>nisi</strong></span> <span class='ocrx_word' id='word_1_544' title='bbox 1339 5198 1608 5250; x_wconf 88' lang='lat' dir='ltr'><strong>mortuos</strong></span> <span class='ocrx_word' id='word_1_545' title='bbox 1649 5195 1947 5268; x_wconf 84' lang='lat' dir='ltr'><strong>sepelire?</strong></span> 
     </span>
    </p>
   </div>
   <div class='ocr_carea' id='block_1_74' title="bbox 293 5267 1949 5359">
    <p class='ocr_par' dir='ltr' id='par_1_74' title="bbox 293 5267 1949 5359">
     <span class='ocr_line' id='line_1_74' title="bbox 293 5267 1949 5359; baseline 0.013 -37"><span class='ocrx_word' id='word_1_546' title='bbox 293 5267 563 5359; x_wconf 60' lang='lat' dir='ltr'><strong>Hunccine</strong></span> <span class='ocrx_word' id='word_1_547' title='bbox 592 5287 733 5340; x_wconf 84' lang='lat' dir='ltr'><strong>ergo</strong></span> <span class='ocrx_word' id='word_1_548' title='bbox 758 5275 865 5332; x_wconf 90' lang='lat' dir='ltr'><strong>erit</strong></span> <span class='ocrx_word' id='word_1_549' title='bbox 893 5279 1254 5349; x_wconf 83' lang='lat' dir='ltr'><strong>exspectatio</strong></span> <span class='ocrx_word' id='word_1_550' title='bbox 1273 5283 1539 5350; x_wconf 90' lang='lat' dir='ltr'><strong>gentium</strong></span> <span class='ocrx_word' id='word_1_551' title='bbox 1559 5285 1586 5340; x_wconf 84' lang='lat'>?</span> <span class='ocrx_word' id='word_1_552' title='bbox 1611 5267 1771 5341; x_wconf 84' lang='lat' dir='ltr'><strong>itane</strong></span> <span class='ocrx_word' id='word_1_553' title='bbox 1801 5303 1949 5359; x_wconf 81' lang='lat' dir='ltr'><strong>prae-</strong></span> 
     </span>
    </p>
   </div>
   <div class='ocr_carea' id='block_1_75' title="bbox 293 5357 1946 5438">
    <p class='ocr_par' dir='ltr' id='par_1_75' title="bbox 293 5357 1946 5438">
     <span class='ocr_line' id='line_1_75' title="bbox 293 5357 1946 5438; baseline 0.013 -25"><span class='ocrx_word' id='word_1_554' title='bbox 293 5357 478 5414; x_wconf 83' lang='lat' dir='ltr'><strong>missa</strong></span> <span class='ocrx_word' id='word_1_555' title='bbox 497 5361 810 5431; x_wconf 87' lang='lat' dir='ltr'><strong>prophetia</strong></span> <span class='ocrx_word' id='word_1_556' title='bbox 830 5365 1129 5436; x_wconf 88' lang='lat' dir='ltr'><strong>redigetur</strong></span> <span class='ocrx_word' id='word_1_557' title='bbox 1157 5370 1235 5425; x_wconf 90' lang='lat' dir='ltr'><strong>ad</strong></span> <span class='ocrx_word' id='word_1_558' title='bbox 1273 5371 1528 5432; x_wconf 85' lang='lat' dir='ltr'><strong>nihilum</strong></span> <span class='ocrx_word' id='word_1_559' title='bbox 1551 5375 1579 5430; x_wconf 76' lang='lat'><strong>‘1</strong></span> <span class='ocrx_word' id='word_1_560' title='bbox 1607 5375 1773 5438; x_wconf 79' lang='lat' dir='ltr'><strong>Absit</strong></span> <span class='ocrx_word' id='word_1_561' title='bbox 1793 5357 1820 5432; x_wconf 47' lang='grc'>1-</span> <span class='ocrx_word' id='word_1_562' title='bbox 1838 5378 1946 5434; x_wconf 90' lang='lat' dir='ltr'><strong>im-</strong></span> 
     </span>
    </p>
   </div>
   <div class='ocr_carea' id='block_1_76' title="bbox 291 5447 1946 5537">
    <p class='ocr_par' dir='ltr' id='par_1_76' title="bbox 291 5447 1946 5537">
     <span class='ocr_line' id='line_1_76' title="bbox 291 5447 1946 5537; baseline 0.013 -37"><span class='ocrx_word' id='word_1_563' title='bbox 291 5447 574 5520; x_wconf 86' lang='lat' dir='ltr'><strong>possibile</strong></span> <span class='ocrx_word' id='word_1_564' title='bbox 604 5454 691 5537; x_wconf 83' lang='lat' dir='ltr'><strong>est</strong></span> <span class='ocrx_word' id='word_1_565' title='bbox 721 5454 880 5509; x_wconf 89' lang='lat' dir='ltr'><strong>enim</strong></span> <span class='ocrx_word' id='word_1_566' title='bbox 928 5457 1165 5513; x_wconf 88' lang='lat' dir='ltr'><strong>mentiri</strong></span> <span class='ocrx_word' id='word_1_567' title='bbox 1213 5461 1400 5516; x_wconf 90' lang='lat' dir='ltr'><strong>Deum</strong></span> <span class='ocrx_word' id='word_1_568' title='bbox 1457 5463 1561 5535; x_wconf 91' lang='lat' dir='ltr'><strong>qui</strong></span> <span class='ocrx_word' id='word_1_569' title='bbox 1608 5466 1946 5537; x_wconf 88' lang='lat' dir='ltr'><strong>repromisit</strong></span> 
     </span>
    </p>
   </div>
   <div class='ocr_carea' id='block_1_77' title="bbox 291 5535 1947 5611">
    <p class='ocr_par' dir='ltr' id='par_1_77' title="bbox 291 5535 1947 5611">
     <span class='ocr_line' id='line_1_77' title="bbox 291 5535 1947 5611; baseline 0.012 -23"><span class='ocrx_word' id='word_1_570' title='bbox 291 5538 450 5595; x_wconf 86' lang='lat' dir='ltr'><strong>certo</strong></span> <span class='ocrx_word' id='word_1_571' title='bbox 477 5535 728 5592; x_wconf 86' lang='lat' dir='ltr'><strong>termino</strong></span> <span class='ocrx_word' id='word_1_572' title='bbox 757 5542 893 5595; x_wconf 87' lang='lat' dir='ltr'><strong>ante</strong></span> <span class='ocrx_word' id='word_1_573' title='bbox 919 5541 1103 5598; x_wconf 76' lang='lat' dir='ltr'><strong>tinem</strong></span> <span class='ocrx_word' id='word_1_574' title='bbox 1129 5544 1329 5610; x_wconf 84' lang='lat' dir='ltr'><strong>saeculi</strong></span> <span class='ocrx_word' id='word_1_575' title='bbox 1351 5547 1641 5611; x_wconf 85' lang='lat' dir='ltr'><strong>Christum</strong></span> <span class='ocrx_word' id='word_1_576' title='bbox 1673 5535 1850 5606; x_wconf 75' lang='lat' dir='ltr'><strong>suum</strong></span> <span class='ocrx_word' id='word_1_577' title='bbox 1867 5550 1947 5608; x_wconf 89' lang='lat' dir='ltr'><strong>ad</strong></span> 
     </span>
    </p>
   </div>
   <div class='ocr_carea' id='block_1_78' title="bbox 290 5616 1946 5698">
    <p class='ocr_par' dir='ltr' id='par_1_78' title="bbox 290 5616 1946 5698">
     <span class='ocr_line' id='line_1_78' title="bbox 290 5616 1946 5698; baseline 0.013 -28"><span class='ocrx_word' id='word_1_578' title='bbox 290 5616 651 5684; x_wconf 75' lang='lat' dir='ltr'><strong>salvandum</strong></span> <span class='ocrx_word' id='word_1_579' title='bbox 678 5636 869 5693; x_wconf 88' lang='lat' dir='ltr'><strong>genus</strong></span> <span class='ocrx_word' id='word_1_580' title='bbox 920 5624 1257 5686; x_wconf 86' lang='lat' dir='ltr'><strong>humanum</strong></span> <span class='ocrx_word' id='word_1_581' title='bbox 1311 5631 1560 5698; x_wconf 85' lang='lat' dir='ltr'><strong>mittere.</strong></span> <span class='ocrx_word' id='word_1_582' title='bbox 1617 5633 1766 5694; x_wconf 84' lang='lat' dir='ltr'><strong>Falsi</strong></span> <span class='ocrx_word' id='word_1_583' title='bbox 1805 5639 1946 5694; x_wconf 87' lang='lat' dir='ltr'><strong>sunt</strong></span> 
     </span>
    </p>
   </div>
   <div class='ocr_carea' id='block_1_79' title="bbox 2087 1705 3748 1782">
    <p class='ocr_par' dir='ltr' id='par_1_79' title="bbox 2087 1705 3748 1782">
     <span class='ocr_line' id='line_1_79' title="bbox 2087 1705 3748 1782; baseline -0.003 -16"><span class='ocrx_word' id='word_1_584' title='bbox 2087 1725 2221 1782; x_wconf 78' lang='lat' dir='ltr'><strong>quae</strong></span> <span class='ocrx_word' id='word_1_585' title='bbox 2253 1709 2466 1766; x_wconf 90' lang='lat' dir='ltr'><strong>dicitur</strong></span> <span class='ocrx_word' id='word_1_586' title='bbox 2496 1713 2651 1772; x_wconf 85' lang='lat' dir='ltr'><strong>terra</strong></span> <span class='ocrx_word' id='word_1_587' title='bbox 2679 1708 2832 1765; x_wconf 87' lang='lat' dir='ltr'><strong>Juda</strong></span> <span class='ocrx_word' id='word_1_588' title='bbox 2862 1713 2918 1764; x_wconf 91' lang='lat' dir='ltr'><strong>et</strong></span> <span class='ocrx_word' id='word_1_589' title='bbox 2944 1705 3272 1778; x_wconf 90' lang='lat' dir='ltr'><strong>Benjamin,</strong></span> <span class='ocrx_word' id='word_1_590' title='bbox 3314 1705 3557 1782; x_wconf 85' lang='lat' dir='ltr'><strong>proprio</strong></span> <span class='ocrx_word' id='word_1_591' title='bbox 3583 1720 3748 1780; x_wconf 69' lang='lat' dir='ltr'><strong>rege,</strong></span> 
     </span>
    </p>
   </div>
   <div class='ocr_carea' id='block_1_80' title="bbox 2085 1796 3744 1872">
    <p class='ocr_par' dir='ltr' id='par_1_80' title="bbox 2085 1796 3744 1872">
     <span class='ocr_line' id='line_1_80' title="bbox 2085 1796 3744 1872; baseline -0.005 -14"><span class='ocrx_word' id='word_1_592' title='bbox 2085 1801 2190 1872; x_wconf 88' lang='lat' dir='ltr'><strong>qui</strong></span> <span class='ocrx_word' id='word_1_593' title='bbox 2214 1800 2287 1856; x_wconf 93' lang='lat' dir='ltr'><strong>de</strong></span> <span class='ocrx_word' id='word_1_594' title='bbox 2318 1800 2476 1860; x_wconf 83' lang='lat' dir='ltr'><strong>tribu</strong></span> <span class='ocrx_word' id='word_1_595' title='bbox 2499 1799 2668 1857; x_wconf 87' lang='lat' dir='ltr'><strong>Juda.</strong></span> <span class='ocrx_word' id='word_1_596' title='bbox 2706 1802 2790 1870; x_wconf 89' lang='lat' dir='ltr'><strong>Et,</strong></span> <span class='ocrx_word' id='word_1_597' title='bbox 2825 1798 2978 1854; x_wconf 90' lang='lat' dir='ltr'><strong>sicut</strong></span> <span class='ocrx_word' id='word_1_598' title='bbox 3007 1798 3226 1856; x_wconf 91' lang='lat' dir='ltr'><strong>domus</strong></span> <span class='ocrx_word' id='word_1_599' title='bbox 3277 1796 3560 1869; x_wconf 55' lang='lat' dir='ltr'><strong>quaelibet</strong></span> <span class='ocrx_word' id='word_1_600' title='bbox 3602 1811 3744 1868; x_wconf 84' lang='lat' dir='ltr'><strong>pro-</strong></span> 
     </span>
    </p>
   </div>
   <div class='ocr_carea' id='block_1_81' title="bbox 2084 1885 3741 1963">
    <p class='ocr_par' dir='ltr' id='par_1_81' title="bbox 2084 1885 3741 1963">
     <span class='ocr_line' id='line_1_81' title="bbox 2084 1885 3741 1963; baseline -0.004 -18"><span class='ocrx_word' id='word_1_601' title='bbox 2084 1890 2227 1962; x_wconf 91' lang='lat' dir='ltr'><strong>priis</strong></span> <span class='ocrx_word' id='word_1_602' title='bbox 2257 1889 2548 1963; x_wconf 62' lang='lat' dir='ltr'><strong>partibusl</strong></span> <span class='ocrx_word' id='word_1_603' title='bbox 2561 1892 2814 1959; x_wconf 88' lang='lat' dir='ltr'><strong>constat,</strong></span> <span class='ocrx_word' id='word_1_604' title='bbox 2843 1888 2903 1944; x_wconf 93' lang='lat' dir='ltr'><strong>id</strong></span> <span class='ocrx_word' id='word_1_605' title='bbox 2930 1892 3021 1944; x_wconf 91' lang='lat' dir='ltr'><strong>est</strong></span> <span class='ocrx_word' id='word_1_606' title='bbox 3045 1887 3460 1957; x_wconf 88' lang='lat' dir='ltr'><strong>fundamento,</strong></span> <span class='ocrx_word' id='word_1_607' title='bbox 3502 1885 3741 1958; x_wconf 87' lang='lat' dir='ltr'><strong>parieti-</strong></span> 
     </span>
    </p>
   </div>
   <div class='ocr_carea' id='block_1_82' title="bbox 2084 1975 3742 2052">
    <p class='ocr_par' dir='ltr' id='par_1_82' title="bbox 2084 1975 3742 2052">
     <span class='ocr_line' id='line_1_82' title="bbox 2084 1975 3742 2052; baseline -0.002 -18"><span class='ocrx_word' id='word_1_608' title='bbox 2084 1979 2199 2034; x_wconf 89' lang='lat' dir='ltr'><strong>bus</strong></span> <span class='ocrx_word' id='word_1_609' title='bbox 2227 1985 2284 2036; x_wconf 92' lang='lat' dir='ltr'><strong>et</strong></span> <span class='ocrx_word' id='word_1_610' title='bbox 2315 1984 2485 2049; x_wconf 90' lang='lat' dir='ltr'><strong>tecto,</strong></span> <span class='ocrx_word' id='word_1_611' title='bbox 2519 1995 2782 2052; x_wconf 88' lang='lat' dir='ltr'><strong>quarum</strong></span> <span class='ocrx_word' id='word_1_612' title='bbox 2813 1979 2862 2034; x_wconf 87' lang='lat' dir='ltr'><strong>si</strong></span> <span class='ocrx_word' id='word_1_613' title='bbox 2890 1993 3013 2036; x_wconf 90' lang='lat' dir='ltr'><strong>una</strong></span> <span class='ocrx_word' id='word_1_614' title='bbox 3043 1976 3311 2044; x_wconf 87' lang='lat' dir='ltr'><strong>defuerit,</strong></span> <span class='ocrx_word' id='word_1_615' title='bbox 3359 1975 3578 2035; x_wconf 91' lang='lat' dir='ltr'><strong>domus</strong></span> <span class='ocrx_word' id='word_1_616' title='bbox 3612 1990 3742 2031; x_wconf 90' lang='lat' dir='ltr'><strong>esse</strong></span> 
     </span>
    </p>
   </div>
   <div class='ocr_carea' id='block_1_83' title="bbox 2083 2065 3740 2142">
    <p class='ocr_par' dir='ltr' id='par_1_83' title="bbox 2083 2065 3740 2142">
     <span class='ocr_line' id='line_1_83' title="bbox 2083 2065 3740 2142; baseline -0.002 -19"><span class='ocrx_word' id='word_1_617' title='bbox 2083 2084 2206 2123; x_wconf 90' lang='lat' dir='ltr'><strong>non</strong></span> <span class='ocrx_word' id='word_1_618' title='bbox 2235 2067 2443 2140; x_wconf 80' lang='lat' dir='ltr'><strong>possit,</strong></span> <span class='ocrx_word' id='word_1_619' title='bbox 2474 2067 2554 2124; x_wconf 89' lang='lat' dir='ltr'><strong>ita</strong></span> <span class='ocrx_word' id='word_1_620' title='bbox 2582 2083 2839 2137; x_wconf 90' lang='lat' dir='ltr'><strong>regnum</strong></span> <span class='ocrx_word' id='word_1_621' title='bbox 2862 2070 2888 2125; x_wconf 85' lang='lat' dir='ltr'><strong>J</strong></span> <span class='ocrx_word' id='word_1_622' title='bbox 2896 2066 3015 2124; x_wconf 91' lang='lat' dir='ltr'><strong>uda</strong></span> <span class='ocrx_word' id='word_1_623' title='bbox 3044 2065 3318 2142; x_wconf 87' lang='lat' dir='ltr'><strong>partibus</strong></span> <span class='ocrx_word' id='word_1_624' title='bbox 3356 2065 3740 2139; x_wconf 80' lang='lat' dir='ltr'><strong>supradictis.</strong></span> 
     </span>
    </p>
   </div>
   <div class='ocr_carea' id='block_1_84' title="bbox 2081 2155 3742 2234">
    <p class='ocr_par' dir='ltr' id='par_1_84' title="bbox 2081 2155 3742 2234">
     <span class='ocr_line' id='line_1_84' title="bbox 2081 2155 3742 2234; baseline -0.003 -21"><span class='ocrx_word' id='word_1_625' title='bbox 2081 2160 2230 2220; x_wconf 86' lang='lat' dir='ltr'><strong>Nam</strong></span> <span class='ocrx_word' id='word_1_626' title='bbox 2261 2157 2382 2213; x_wconf 90' lang='lat' dir='ltr'><strong>sive</strong></span> <span class='ocrx_word' id='word_1_627' title='bbox 2412 2157 2623 2234; x_wconf 89' lang='lat' dir='ltr'><strong>patria,</strong></span> <span class='ocrx_word' id='word_1_628' title='bbox 2659 2157 2780 2216; x_wconf 88' lang='lat' dir='ltr'><strong>sive</strong></span> <span class='ocrx_word' id='word_1_629' title='bbox 2810 2157 3091 2230; x_wconf 90' lang='lat' dir='ltr'><strong>populus,</strong></span> <span class='ocrx_word' id='word_1_630' title='bbox 3125 2155 3248 2211; x_wconf 90' lang='lat' dir='ltr'><strong>sive</strong></span> <span class='ocrx_word' id='word_1_631' title='bbox 3279 2170 3380 2212; x_wconf 86' lang='lat' dir='ltr'><strong>rex</strong></span> <span class='ocrx_word' id='word_1_632' title='bbox 3434 2155 3601 2220; x_wconf 88' lang='lat' dir='ltr'><strong>desit,</strong></span> <span class='ocrx_word' id='word_1_633' title='bbox 3651 2170 3742 2209; x_wconf 88' lang='lat' dir='ltr'><strong>re-</strong></span> 
     </span>
    </p>
   </div>
   <div class='ocr_carea' id='block_1_85' title="bbox 2081 2243 3738 2318">
    <p class='ocr_par' dir='ltr' id='par_1_85' title="bbox 2081 2243 3738 2318">
     <span class='ocr_line' id='line_1_85' title="bbox 2081 2243 3738 2318; baseline -0.001 -16"><span class='ocrx_word' id='word_1_634' title='bbox 2081 2261 2270 2315; x_wconf 90' lang='lat' dir='ltr'><strong>gnum</strong></span> <span class='ocrx_word' id='word_1_635' title='bbox 2291 2262 2419 2301; x_wconf 76' lang='lat' dir='ltr'><strong>esse</strong></span> <span class='ocrx_word' id='word_1_636' title='bbox 2449 2262 2572 2305; x_wconf 92' lang='lat' dir='ltr'><strong>non</strong></span> <span class='ocrx_word' id='word_1_637' title='bbox 2609 2247 2816 2318; x_wconf 88' lang='lat' dir='ltr'><strong>possit.</strong></span> <span class='ocrx_word' id='word_1_638' title='bbox 2853 2245 2962 2302; x_wconf 90' lang='lat' dir='ltr'><strong>Ubi</strong></span> <span class='ocrx_word' id='word_1_639' title='bbox 2986 2244 3147 2301; x_wconf 85' lang='lat' dir='ltr'><strong>enim</strong></span> <span class='ocrx_word' id='word_1_640' title='bbox 3168 2260 3308 2318; x_wconf 88' lang='lat' dir='ltr'><strong>pars</strong></span> <span class='ocrx_word' id='word_1_641' title='bbox 3335 2243 3516 2310; x_wconf 88' lang='lat' dir='ltr'><strong>deest,</strong></span> <span class='ocrx_word' id='word_1_642' title='bbox 3543 2247 3738 2300; x_wconf 84' lang='lat' dir='ltr'><strong>totum</strong></span> 
     </span>
    </p>
   </div>
   <div class='ocr_carea' id='block_1_86' title="bbox 2080 2335 3741 2410">
    <p class='ocr_par' dir='ltr' id='par_1_86' title="bbox 2080 2335 3741 2410">
     <span class='ocr_line' id='line_1_86' title="bbox 2080 2335 3741 2410; baseline -0.003 -18"><span class='ocrx_word' id='word_1_643' title='bbox 2080 2352 2211 2392; x_wconf 91' lang='lat' dir='ltr'><strong>esse</strong></span> <span class='ocrx_word' id='word_1_644' title='bbox 2243 2352 2365 2392; x_wconf 90' lang='lat' dir='ltr'><strong>non</strong></span> <span class='ocrx_word' id='word_1_645' title='bbox 2394 2340 2621 2410; x_wconf 90' lang='lat' dir='ltr'><strong>potest;</strong></span> <span class='ocrx_word' id='word_1_646' title='bbox 2650 2340 2706 2398; x_wconf 88' lang='lat' dir='ltr'><strong>et</strong></span> <span class='ocrx_word' id='word_1_647' title='bbox 2736 2340 2964 2403; x_wconf 88' lang='lat' dir='ltr'><strong>contra,</strong></span> <span class='ocrx_word' id='word_1_648' title='bbox 3000 2335 3104 2390; x_wconf 93' lang='lat' dir='ltr'><strong>ubi</strong></span> <span class='ocrx_word' id='word_1_649' title='bbox 3145 2339 3334 2400; x_wconf 83' lang='lat' dir='ltr'><strong>totum</strong></span> <span class='ocrx_word' id='word_1_650' title='bbox 3383 2338 3490 2404; x_wconf 88' lang='lat' dir='ltr'><strong>est,</strong></span> <span class='ocrx_word' id='word_1_651' title='bbox 3541 2337 3741 2406; x_wconf 88' lang='lat' dir='ltr'><strong>partes</strong></span> 
     </span>
    </p>
   </div>
   <div class='ocr_carea' id='block_1_87' title="bbox 2079 2423 3741 2500">
    <p class='ocr_par' dir='ltr' id='par_1_87' title="bbox 2079 2423 3741 2500">
     <span class='ocr_line' id='line_1_87' title="bbox 2079 2423 3741 2500; baseline -0.001 -20"><span class='ocrx_word' id='word_1_652' title='bbox 2079 2441 2322 2500; x_wconf 86' lang='lat' dir='ltr'><strong>quoque</strong></span> <span class='ocrx_word' id='word_1_653' title='bbox 2353 2441 2482 2482; x_wconf 89' lang='lat' dir='ltr'><strong>esse</strong></span> <span class='ocrx_word' id='word_1_654' title='bbox 2507 2441 2748 2484; x_wconf 89' lang='lat' dir='ltr'><strong>necesse</strong></span> <span class='ocrx_word' id='word_1_655' title='bbox 2779 2431 2888 2482; x_wconf 91' lang='lat' dir='ltr'><strong>est.</strong></span> <span class='ocrx_word' id='word_1_656' title='bbox 2942 2423 3116 2492; x_wconf 85' lang='lat' dir='ltr'><strong>Quod</strong></span> <span class='ocrx_word' id='word_1_657' title='bbox 3171 2423 3219 2478; x_wconf 90' lang='lat' dir='ltr'><strong>si</strong></span> <span class='ocrx_word' id='word_1_658' title='bbox 3271 2439 3392 2480; x_wconf 89' lang='lat' dir='ltr'><strong>una</strong></span> <span class='ocrx_word' id='word_1_659' title='bbox 3434 2428 3600 2495; x_wconf 89' lang='lat' dir='ltr'><strong>parte</strong></span> <span class='ocrx_word' id='word_1_660' title='bbox 3638 2438 3741 2495; x_wconf 87' lang='lat' dir='ltr'><strong>pe-</strong></span> 
     </span>
    </p>
   </div>
   <div class='ocr_carea' id='block_1_88' title="bbox 2078 2512 3741 2588">
    <p class='ocr_par' dir='ltr' id='par_1_88' title="bbox 2078 2512 3741 2588">
     <span class='ocr_line' id='line_1_88' title="bbox 2078 2512 3741 2588; baseline -0.002 -17"><span class='ocrx_word' id='word_1_661' title='bbox 2078 2520 2284 2572; x_wconf 90' lang='lat' dir='ltr'><strong>reunte</strong></span> <span class='ocrx_word' id='word_1_662' title='bbox 2314 2532 2536 2574; x_wconf 90' lang='lat' dir='ltr'><strong>nomen</strong></span> <span class='ocrx_word' id='word_1_663' title='bbox 2569 2515 2742 2572; x_wconf 91' lang='lat' dir='ltr'><strong>totius</strong></span> <span class='ocrx_word' id='word_1_664' title='bbox 2769 2515 2940 2588; x_wconf 87' lang='lat' dir='ltr'><strong>perit,</strong></span> <span class='ocrx_word' id='word_1_665' title='bbox 2990 2519 3217 2587; x_wconf 89' lang='lat' dir='ltr'><strong>quanto</strong></span> <span class='ocrx_word' id='word_1_666' title='bbox 3267 2513 3463 2584; x_wconf 85' lang='lat' dir='ltr'><strong>magis</strong></span> <span class='ocrx_word' id='word_1_667' title='bbox 3510 2512 3741 2568; x_wconf 91' lang='lat' dir='ltr'><strong>cunctis</strong></span> 
     </span>
    </p>
   </div>
   <div class='ocr_carea' id='block_1_89' title="bbox 2077 2603 3742 2678">
    <p class='ocr_par' dir='ltr' id='par_1_89' title="bbox 2077 2603 3742 2678">
     <span class='ocr_line' id='line_1_89' title="bbox 2077 2603 3742 2678; baseline -0.001 -18"><span class='ocrx_word' id='word_1_668' title='bbox 2077 2605 2465 2678; x_wconf 91' lang='lat' dir='ltr'><strong>pereuntibus</strong></span> <span class='ocrx_word' id='word_1_669' title='bbox 2490 2609 2681 2661; x_wconf 90' lang='lat' dir='ltr'><strong>totum</strong></span> <span class='ocrx_word' id='word_1_670' title='bbox 2712 2620 2835 2661; x_wconf 93' lang='lat' dir='ltr'><strong>non</strong></span> <span class='ocrx_word' id='word_1_671' title='bbox 2866 2603 3184 2663; x_wconf 87' lang='lat' dir='ltr'><strong>subsistit?</strong></span> <span class='ocrx_word' id='word_1_672' title='bbox 3233 2606 3505 2673; x_wconf 82' lang='lat' dir='ltr'><strong>Regnum</strong></span> <span class='ocrx_word' id='word_1_673' title='bbox 3535 2606 3742 2670; x_wconf 83' lang='lat' dir='ltr'><strong>autem</strong></span> 
     </span>
    </p>
   </div>
   <div class='ocr_carea' id='block_1_90' title="bbox 2076 2691 3741 2769">
    <p class='ocr_par' dir='ltr' id='par_1_90' title="bbox 2076 2691 3741 2769">
     <span class='ocr_line' id='line_1_90' title="bbox 2076 2691 3741 2769; baseline -0.002 -19"><span class='ocrx_word' id='word_1_674' title='bbox 2076 2695 2229 2751; x_wconf 87' lang='lat' dir='ltr'><strong>Juda</strong></span> <span class='ocrx_word' id='word_1_675' title='bbox 2261 2700 2478 2750; x_wconf 88' lang='lat' dir='ltr'><strong>terram</strong></span> <span class='ocrx_word' id='word_1_676' title='bbox 2511 2710 2687 2750; x_wconf 89' lang='lat' dir='ltr'><strong>suam</strong></span> <span class='ocrx_word' id='word_1_677' title='bbox 2712 2693 2990 2767; x_wconf 85' lang='lat' dir='ltr'><strong>perdidit,</strong></span> <span class='ocrx_word' id='word_1_678' title='bbox 3014 2693 3264 2764; x_wconf 80' lang='lat' dir='ltr'><strong>quando</strong></span> <span class='ocrx_word' id='word_1_679' title='bbox 3279 2693 3407 2769; x_wconf 83' lang='lat' dir='ltr'><strong>ipsa</strong></span> <span class='ocrx_word' id='word_1_680' title='bbox 3433 2691 3498 2757; x_wconf 88' lang='lat' dir='ltr'><strong>in</strong></span> <span class='ocrx_word' id='word_1_681' title='bbox 3522 2707 3741 2754; x_wconf 87' lang='lat' dir='ltr'><strong>manus</strong></span> 
     </span>
    </p>
   </div>
   <div class='ocr_carea' id='block_1_91' title="bbox 2078 2780 3744 2856">
    <p class='ocr_par' dir='ltr' id='par_1_91' title="bbox 2078 2780 3744 2856">
     <span class='ocr_line' id='line_1_91' title="bbox 2078 2780 3744 2856; baseline -0.001 -18"><span class='ocrx_word' id='word_1_682' title='bbox 2078 2787 2392 2839; x_wconf 83' lang='lat' dir='ltr'><strong>extraneas</strong></span> <span class='ocrx_word' id='word_1_683' title='bbox 2424 2782 2584 2838; x_wconf 92' lang='lat' dir='ltr'><strong>venit</strong></span> <span class='ocrx_word' id='word_1_684' title='bbox 2617 2801 2629 2851; x_wconf 94' lang='lat'><strong>;</strong></span> <span class='ocrx_word' id='word_1_685' title='bbox 2672 2781 2896 2856; x_wconf 89' lang='lat' dir='ltr'><strong>populo</strong></span> <span class='ocrx_word' id='word_1_686' title='bbox 2925 2781 3134 2844; x_wconf 87' lang='lat' dir='ltr'><strong>caruit,</strong></span> <span class='ocrx_word' id='word_1_687' title='bbox 3165 2785 3494 2853; x_wconf 82' lang='lat' dir='ltr'><strong>postquam</strong></span> <span class='ocrx_word' id='word_1_688' title='bbox 3521 2780 3580 2838; x_wconf 87' lang='lat' dir='ltr'><strong>in</strong></span> <span class='ocrx_word' id='word_1_689' title='bbox 3613 2796 3744 2844; x_wconf 83' lang='lat' dir='ltr'><strong>0m-</strong></span> 
     </span>
    </p>
   </div>
   <div class='ocr_carea' id='block_1_92' title="bbox 2079 2867 3740 2944">
    <p class='ocr_par' dir='ltr' id='par_1_92' title="bbox 2079 2867 3740 2944">
     <span class='ocr_line' id='line_1_92' title="bbox 2079 2867 3740 2944; baseline 0.001 -19"><span class='ocrx_word' id='word_1_690' title='bbox 2079 2887 2185 2928; x_wconf 91' lang='lat' dir='ltr'><strong>nes</strong></span> <span class='ocrx_word' id='word_1_691' title='bbox 2217 2871 2488 2927; x_wconf 90' lang='lat' dir='ltr'><strong>nationes</strong></span> <span class='ocrx_word' id='word_1_692' title='bbox 2517 2871 2823 2944; x_wconf 89' lang='lat' dir='ltr'><strong>dispersus</strong></span> <span class='ocrx_word' id='word_1_693' title='bbox 2849 2875 2940 2926; x_wconf 90' lang='lat' dir='ltr'><strong>est</strong></span> <span class='ocrx_word' id='word_1_694' title='bbox 2963 2868 3224 2943; x_wconf 89' lang='lat' dir='ltr'><strong>populus</strong></span> <span class='ocrx_word' id='word_1_695' title='bbox 3253 2887 3266 2937; x_wconf 85' lang='lat'><strong>;</strong></span> <span class='ocrx_word' id='word_1_696' title='bbox 3319 2885 3456 2937; x_wconf 86' lang='lat' dir='ltr'><strong>rege</strong></span> <span class='ocrx_word' id='word_1_697' title='bbox 3484 2885 3624 2926; x_wconf 83' lang='lat' dir='ltr'><strong>vero</strong></span> <span class='ocrx_word' id='word_1_698' title='bbox 3654 2867 3740 2926; x_wconf 91' lang='lat' dir='ltr'><strong>1e-</strong></span> 
     </span>
    </p>
   </div>
   <div class='ocr_carea' id='block_1_93' title="bbox 2009 2957 3741 3045">
    <p class='ocr_par' dir='ltr' id='par_1_93' title="bbox 2009 2957 3741 3045">
     <span class='ocr_line' id='line_1_93' title="bbox 2009 2957 3741 3045; baseline 0.001 -30"><span class='ocrx_word' id='word_1_699' title='bbox 2009 2989 2049 3045; x_wconf 75' lang='lat' dir='ltr'>C</span> <span class='ocrx_word' id='word_1_700' title='bbox 2080 2960 2284 3032; x_wconf 88' lang='lat' dir='ltr'><strong>gitimo</strong></span> <span class='ocrx_word' id='word_1_701' title='bbox 2313 2960 2489 3030; x_wconf 88' lang='lat' dir='ltr'><strong>longe</strong></span> <span class='ocrx_word' id='word_1_702' title='bbox 2520 2963 2654 3016; x_wconf 89' lang='lat' dir='ltr'><strong>ante</strong></span> <span class='ocrx_word' id='word_1_703' title='bbox 2683 2963 2955 3025; x_wconf 87' lang='lat' dir='ltr'><strong>caruerat</strong></span> <span class='ocrx_word' id='word_1_704' title='bbox 2987 2977 2999 3014; x_wconf 89' lang='lat'><strong>:</strong></span> <span class='ocrx_word' id='word_1_705' title='bbox 3035 2957 3236 3032; x_wconf 86' lang='lat' dir='ltr'><strong>sicque</strong></span> <span class='ocrx_word' id='word_1_706' title='bbox 3281 2974 3531 3030; x_wconf 89' lang='lat' dir='ltr'><strong>regnum</strong></span> <span class='ocrx_word' id='word_1_707' title='bbox 3559 2957 3741 3026; x_wconf 65' lang='lat' dir='ltr'><strong>Iuda,</strong></span> 
     </span>
    </p>
   </div>
   <div class='ocr_carea' id='block_1_94' title="bbox 2078 3045 3733 3122">
    <p class='ocr_par' dir='ltr' id='par_1_94' title="bbox 2078 3045 3733 3122">
     <span class='ocr_line' id='line_1_94' title="bbox 2078 3045 3733 3122; baseline -0.002 -18"><span class='ocrx_word' id='word_1_708' title='bbox 2078 3049 2361 3106; x_wconf 89' lang='lat' dir='ltr'><strong>omnibus</strong></span> <span class='ocrx_word' id='word_1_709' title='bbox 2387 3048 2656 3122; x_wconf 88' lang='lat' dir='ltr'><strong>partibus</strong></span> <span class='ocrx_word' id='word_1_710' title='bbox 2685 3048 2806 3103; x_wconf 90' lang='lat' dir='ltr'><strong>suis</strong></span> <span class='ocrx_word' id='word_1_711' title='bbox 2838 3048 3095 3113; x_wconf 87' lang='lat' dir='ltr'><strong>amissis,</strong></span> <span class='ocrx_word' id='word_1_712' title='bbox 3127 3063 3382 3120; x_wconf 89' lang='lat' dir='ltr'><strong>regnum</strong></span> <span class='ocrx_word' id='word_1_713' title='bbox 3409 3063 3532 3102; x_wconf 87' lang='lat' dir='ltr'><strong>esse</strong></span> <span class='ocrx_word' id='word_1_714' title='bbox 3573 3045 3733 3112; x_wconf 80' lang='lat' dir='ltr'><strong>desi-</strong></span> 
     </span>
    </p>
   </div>
   <div class='ocr_carea' id='block_1_95' title="bbox 2074 3137 3740 3208">
    <p class='ocr_par' dir='ltr' id='par_1_95' title="bbox 2074 3137 3740 3208">
     <span class='ocr_line' id='line_1_95' title="bbox 2074 3137 3740 3208; baseline -0.001 -14"><span class='ocrx_word' id='word_1_715' title='bbox 2074 3140 2194 3206; x_wconf 90' lang='lat' dir='ltr'><strong>vit;</strong></span> <span class='ocrx_word' id='word_1_716' title='bbox 2228 3138 2611 3194; x_wconf 89' lang='lat' dir='ltr'><strong>manifestum</strong></span> <span class='ocrx_word' id='word_1_717' title='bbox 2640 3143 2726 3194; x_wconf 90' lang='lat' dir='ltr'><strong>est</strong></span> <span class='ocrx_word' id='word_1_718' title='bbox 2755 3137 2951 3208; x_wconf 89' lang='lat' dir='ltr'><strong>igitur,</strong></span> <span class='ocrx_word' id='word_1_719' title='bbox 3006 3143 3062 3195; x_wconf 91' lang='lat' dir='ltr'><strong>et</strong></span> <span class='ocrx_word' id='word_1_720' title='bbox 3111 3139 3190 3195; x_wconf 90' lang='lat' dir='ltr'><strong>ad</strong></span> <span class='ocrx_word' id='word_1_721' title='bbox 3237 3142 3516 3203; x_wconf 85' lang='lat' dir='ltr'><strong>extranea</strong></span> <span class='ocrx_word' id='word_1_722' title='bbox 3545 3151 3740 3206; x_wconf 89' lang='lat' dir='ltr'><strong>regna</strong></span> 
     </span>
    </p>
   </div>
   <div class='ocr_carea' id='block_1_96' title="bbox 2073 3226 3737 3300">
    <p class='ocr_par' dir='ltr' id='par_1_96' title="bbox 2073 3226 3737 3300">
     <span class='ocr_line' id='line_1_96' title="bbox 2073 3226 3737 3300; baseline 0 -18"><span class='ocrx_word' id='word_1_723' title='bbox 2073 3226 2220 3282; x_wconf 89' lang='lat' dir='ltr'><strong>nihil</strong></span> <span class='ocrx_word' id='word_1_724' title='bbox 2248 3227 2540 3300; x_wconf 89' lang='lat' dir='ltr'><strong>pertinere</strong></span> <span class='ocrx_word' id='word_1_725' title='bbox 2589 3231 2890 3298; x_wconf 86' lang='lat' dir='ltr'><strong>sceptrum</strong></span> <span class='ocrx_word' id='word_1_726' title='bbox 2936 3226 3010 3282; x_wconf 90' lang='lat' dir='ltr'><strong>de</strong></span> <span class='ocrx_word' id='word_1_727' title='bbox 3066 3226 3237 3294; x_wconf 86' lang='lat' dir='ltr'><strong>Juda,</strong></span> <span class='ocrx_word' id='word_1_728' title='bbox 3277 3230 3334 3284; x_wconf 86' lang='lat' dir='ltr'><strong>et</strong></span> <span class='ocrx_word' id='word_1_729' title='bbox 3363 3226 3436 3282; x_wconf 88' lang='lat' dir='ltr'><strong>de</strong></span> <span class='ocrx_word' id='word_1_730' title='bbox 3464 3241 3571 3281; x_wconf 91' lang='lat' dir='ltr'><strong>suo</strong></span> <span class='ocrx_word' id='word_1_731' title='bbox 3598 3226 3737 3295; x_wconf 86' lang='lat' dir='ltr'><strong>jure</strong></span> 
     </span>
    </p>
   </div>
   <div class='ocr_carea' id='block_1_97' title="bbox 2073 3313 3737 3388">
    <p class='ocr_par' dir='ltr' id='par_1_97' title="bbox 2073 3313 3737 3388">
     <span class='ocr_line' id='line_1_97' title="bbox 2073 3313 3737 3388; baseline -0.002 -17"><span class='ocrx_word' id='word_1_732' title='bbox 2073 3332 2204 3372; x_wconf 89' lang='lat' dir='ltr'><strong>esse</strong></span> <span class='ocrx_word' id='word_1_733' title='bbox 2235 3315 2525 3372; x_wconf 90' lang='lat' dir='ltr'><strong>ablatum.</strong></span> <span class='ocrx_word' id='word_1_734' title='bbox 2555 3315 2720 3382; x_wconf 87' lang='lat' dir='ltr'><strong>Quod</strong></span> <span class='ocrx_word' id='word_1_735' title='bbox 2767 3315 2818 3372; x_wconf 91' lang='lat' dir='ltr'><strong>si</strong></span> <span class='ocrx_word' id='word_1_736' title='bbox 2873 3315 3010 3388; x_wconf 89' lang='lat' dir='ltr'><strong>quis</strong></span> <span class='ocrx_word' id='word_1_737' title='bbox 3043 3315 3254 3380; x_wconf 86' lang='lat' dir='ltr'><strong>stultus</strong></span> <span class='ocrx_word' id='word_1_738' title='bbox 3284 3320 3450 3388; x_wconf 89' lang='lat' dir='ltr'><strong>putet</strong></span> <span class='ocrx_word' id='word_1_739' title='bbox 3474 3330 3605 3379; x_wconf 85' lang='lat' dir='ltr'><strong>esse</strong></span> <span class='ocrx_word' id='word_1_740' title='bbox 3636 3313 3737 3369; x_wconf 91' lang='lat' dir='ltr'><strong>vel</strong></span> 
     </span>
    </p>
   </div>
   <div class='ocr_carea' id='block_1_98' title="bbox 2071 3404 3738 3480">
    <p class='ocr_par' dir='ltr' id='par_1_98' title="bbox 2071 3404 3738 3480">
     <span class='ocr_line' id='line_1_98' title="bbox 2071 3404 3738 3480; baseline -0.002 -16"><span class='ocrx_word' id='word_1_741' title='bbox 2071 3405 2188 3464; x_wconf 89' lang='lat' dir='ltr'><strong>dici</strong></span> <span class='ocrx_word' id='word_1_742' title='bbox 2218 3420 2471 3475; x_wconf 85' lang='lat' dir='ltr'><strong>regnum</strong></span> <span class='ocrx_word' id='word_1_743' title='bbox 2499 3405 2651 3461; x_wconf 86' lang='lat' dir='ltr'><strong>Juda</strong></span> <span class='ocrx_word' id='word_1_744' title='bbox 2686 3404 3026 3480; x_wconf 85' lang='lat' dir='ltr'><strong>ubicunque</strong></span> <span class='ocrx_word' id='word_1_745' title='bbox 3056 3410 3269 3476; x_wconf 89' lang='lat' dir='ltr'><strong>regnat</strong></span> <span class='ocrx_word' id='word_1_746' title='bbox 3291 3404 3532 3466; x_wconf 81' lang='lat' dir='ltr'><strong>Judaeus</strong></span> <span class='ocrx_word' id='word_1_747' title='bbox 3553 3419 3738 3477; x_wconf 89' lang='lat' dir='ltr'><strong>super</strong></span> 
     </span>
    </p>
   </div>
   <div class='ocr_carea' id='block_1_99' title="bbox 2069 3494 3730 3569">
    <p class='ocr_par' dir='ltr' id='par_1_99' title="bbox 2069 3494 3730 3569">
     <span class='ocr_line' id='line_1_99' title="bbox 2069 3494 3730 3569; baseline -0.001 -19"><span class='ocrx_word' id='word_1_748' title='bbox 2069 3494 2325 3559; x_wconf 71' lang='lat' dir='ltr'><strong>Judteos,</strong></span> <span class='ocrx_word' id='word_1_749' title='bbox 2385 3494 2665 3560; x_wconf 88' lang='lat' dir='ltr'><strong>refellitur</strong></span> <span class='ocrx_word' id='word_1_750' title='bbox 2721 3500 2775 3552; x_wconf 90' lang='lat' dir='ltr'><strong>et</strong></span> <span class='ocrx_word' id='word_1_751' title='bbox 2822 3511 2885 3552; x_wconf 92' lang='lat' dir='ltr'><strong>re</strong></span> <span class='ocrx_word' id='word_1_752' title='bbox 2935 3500 2991 3554; x_wconf 91' lang='lat' dir='ltr'><strong>et</strong></span> <span class='ocrx_word' id='word_1_753' title='bbox 3041 3497 3362 3569; x_wconf 87' lang='lat' dir='ltr'><strong>Scriptura.</strong></span> <span class='ocrx_word' id='word_1_754' title='bbox 3413 3499 3560 3551; x_wconf 87' lang='lat' dir='ltr'><strong>Nam</strong></span> <span class='ocrx_word' id='word_1_755' title='bbox 3592 3511 3730 3549; x_wconf 88' lang='lat' dir='ltr'><strong>cum</strong></span> 
     </span>
    </p>
   </div>
   <div class='ocr_carea' id='block_1_100' title="bbox 2068 3582 3733 3657">
    <p class='ocr_par' dir='ltr' id='par_1_100' title="bbox 2068 3582 3733 3657">
     <span class='ocr_line' id='line_1_100' title="bbox 2068 3582 3733 3657; baseline -0.001 -19"><span class='ocrx_word' id='word_1_756' title='bbox 2068 3586 2389 3652; x_wconf 82' lang='lat' dir='ltr'><strong>regnarent</strong></span> <span class='ocrx_word' id='word_1_757' title='bbox 2439 3582 2562 3645; x_wconf 88' lang='lat' dir='ltr'><strong>duo</strong></span> <span class='ocrx_word' id='word_1_758' title='bbox 2618 3598 2788 3653; x_wconf 88' lang='lat' dir='ltr'><strong>reges</strong></span> <span class='ocrx_word' id='word_1_759' title='bbox 2845 3601 3029 3657; x_wconf 80' lang='lat' dir='ltr'><strong>super</strong></span> <span class='ocrx_word' id='word_1_760' title='bbox 3082 3589 3316 3656; x_wconf 87' lang='lat' dir='ltr'><strong>gentem</strong></span> <span class='ocrx_word' id='word_1_761' title='bbox 3362 3583 3733 3650; x_wconf 65' lang='lat' dir='ltr'><strong>Judteorum,</strong></span> 
     </span>
    </p>
   </div>
   <div class='ocr_carea' id='block_1_101' title="bbox 2069 3671 3734 3748">
    <p class='ocr_par' dir='ltr' id='par_1_101' title="bbox 2069 3671 3734 3748">
     <span class='ocr_line' id='line_1_101' title="bbox 2069 3671 3734 3748; baseline 0.002 -22"><span class='ocrx_word' id='word_1_762' title='bbox 2069 3688 2228 3728; x_wconf 89' lang='lat' dir='ltr'><strong>unus</strong></span> <span class='ocrx_word' id='word_1_763' title='bbox 2255 3671 2315 3726; x_wconf 92' lang='lat' dir='ltr'><strong>in</strong></span> <span class='ocrx_word' id='word_1_764' title='bbox 2348 3671 2708 3728; x_wconf 87' lang='lat' dir='ltr'><strong>Hierusalem</strong></span> <span class='ocrx_word' id='word_1_765' title='bbox 2744 3689 2922 3746; x_wconf 89' lang='lat' dir='ltr'><strong>super</strong></span> <span class='ocrx_word' id='word_1_766' title='bbox 2951 3673 3105 3738; x_wconf 87' lang='lat' dir='ltr'><strong>duas</strong></span> <span class='ocrx_word' id='word_1_767' title='bbox 3139 3673 3351 3748; x_wconf 67' lang='lat' dir='ltr'><strong>tribus,</strong></span> <span class='ocrx_word' id='word_1_768' title='bbox 3400 3676 3455 3728; x_wconf 90' lang='lat' dir='ltr'><strong>et</strong></span> <span class='ocrx_word' id='word_1_769' title='bbox 3493 3672 3639 3732; x_wconf 88' lang='lat' dir='ltr'><strong>alter</strong></span> <span class='ocrx_word' id='word_1_770' title='bbox 3667 3672 3734 3730; x_wconf 89' lang='lat' dir='ltr'><strong>in</strong></span> 
     </span>
    </p>
   </div>
   <div class='ocr_carea' id='block_1_102' title="bbox 2071 3760 3734 3833">
    <p class='ocr_par' dir='ltr' id='par_1_102' title="bbox 2071 3760 3734 3833">
     <span class='ocr_line' id='line_1_102' title="bbox 2071 3760 3734 3833; baseline -0.001 -15"><span class='ocrx_word' id='word_1_771' title='bbox 2071 3760 2340 3818; x_wconf 88' lang='lat' dir='ltr'><strong>Samaria</strong></span> <span class='ocrx_word' id='word_1_772' title='bbox 2365 3777 2544 3833; x_wconf 91' lang='lat' dir='ltr'><strong>super</strong></span> <span class='ocrx_word' id='word_1_773' title='bbox 2575 3762 2783 3818; x_wconf 87' lang='lat' dir='ltr'><strong>decem</strong></span> <span class='ocrx_word' id='word_1_774' title='bbox 2812 3762 3022 3827; x_wconf 90' lang='lat' dir='ltr'><strong>tribus,</strong></span> <span class='ocrx_word' id='word_1_775' title='bbox 3055 3762 3150 3820; x_wconf 91' lang='lat' dir='ltr'><strong>ille</strong></span> <span class='ocrx_word' id='word_1_776' title='bbox 3184 3767 3416 3828; x_wconf 83' lang='lat' dir='ltr'><strong>tantum</strong></span> <span class='ocrx_word' id='word_1_777' title='bbox 3465 3761 3734 3818; x_wconf 87' lang='lat' dir='ltr'><strong>vocaba-</strong></span> 
     </span>
    </p>
   </div>
   <div class='ocr_carea' id='block_1_103' title="bbox 2068 3850 3734 3928">
    <p class='ocr_par' dir='ltr' id='par_1_103' title="bbox 2068 3850 3734 3928">
     <span class='ocr_line' id='line_1_103' title="bbox 2068 3850 3734 3928; baseline 0.001 -23"><span class='ocrx_word' id='word_1_778' title='bbox 2068 3855 2161 3907; x_wconf 89' lang='lat' dir='ltr'><strong>tur</strong></span> <span class='ocrx_word' id='word_1_779' title='bbox 2190 3855 2247 3906; x_wconf 89' lang='lat' dir='ltr'><strong>et</strong></span> <span class='ocrx_word' id='word_1_780' title='bbox 2278 3856 2402 3906; x_wconf 89' lang='lat' dir='ltr'><strong>erat</strong></span> <span class='ocrx_word' id='word_1_781' title='bbox 2432 3866 2535 3906; x_wconf 86' lang='lat' dir='ltr'><strong>rex</strong></span> <span class='ocrx_word' id='word_1_782' title='bbox 2560 3850 2735 3921; x_wconf 82' lang='lat' dir='ltr'><strong>Juda,</strong></span> <span class='ocrx_word' id='word_1_783' title='bbox 2768 3850 2874 3928; x_wconf 94' lang='lat' dir='ltr'><strong>qui</strong></span> <span class='ocrx_word' id='word_1_784' title='bbox 2898 3851 3190 3923; x_wconf 87' lang='lat' dir='ltr'><strong>regnabat</strong></span> <span class='ocrx_word' id='word_1_785' title='bbox 3215 3852 3277 3912; x_wconf 88' lang='lat' dir='ltr'><strong>in</strong></span> <span class='ocrx_word' id='word_1_786' title='bbox 3316 3851 3688 3920; x_wconf 78' lang='lat' dir='ltr'><strong>Hierusalem</strong></span> <span class='ocrx_word' id='word_1_787' title='bbox 3719 3869 3734 3914; x_wconf 86' lang='lat'><strong>;</strong></span> 
     </span>
    </p>
   </div>
   <div class='ocr_carea' id='block_1_104' title="bbox 2065 3938 3728 4012">
    <p class='ocr_par' dir='ltr' id='par_1_104' title="bbox 2065 3938 3728 4012">
     <span class='ocr_line' id='line_1_104' title="bbox 2065 3938 3728 4012; baseline 0.001 -18"><span class='ocrx_word' id='word_1_788' title='bbox 2065 3939 2161 3994; x_wconf 90' lang='lat' dir='ltr'><strong>ille</strong></span> <span class='ocrx_word' id='word_1_789' title='bbox 2191 3938 2449 4011; x_wconf 88' lang='lat' dir='ltr'><strong>denique</strong></span> <span class='ocrx_word' id='word_1_790' title='bbox 2480 3955 2584 3994; x_wconf 90' lang='lat' dir='ltr'><strong>rex</strong></span> <span class='ocrx_word' id='word_1_791' title='bbox 2616 3940 2810 4007; x_wconf 78' lang='lat' dir='ltr'><strong>Israel,</strong></span> <span class='ocrx_word' id='word_1_792' title='bbox 2839 3941 2943 4012; x_wconf 88' lang='lat' dir='ltr'><strong>qui</strong></span> <span class='ocrx_word' id='word_1_793' title='bbox 2982 3941 3273 4012; x_wconf 84' lang='lat' dir='ltr'><strong>regnabat</strong></span> <span class='ocrx_word' id='word_1_794' title='bbox 3320 3941 3381 3997; x_wconf 89' lang='lat' dir='ltr'><strong>in</strong></span> <span class='ocrx_word' id='word_1_795' title='bbox 3433 3940 3728 3997; x_wconf 89' lang='lat' dir='ltr'><strong>Samaria.</strong></span> 
     </span>
    </p>
   </div>
   <div class='ocr_carea' id='block_1_105' title="bbox 2069 4029 3733 4105">
    <p class='ocr_par' dir='ltr' id='par_1_105' title="bbox 2069 4029 3733 4105">
     <span class='ocr_line' id='line_1_105' title="bbox 2069 4029 3733 4105; baseline 0.001 -20"><span class='ocrx_word' id='word_1_796' title='bbox 2069 4029 2126 4090; x_wconf 88' lang='lat' dir='ltr'><strong>Si</strong></span> <span class='ocrx_word' id='word_1_797' title='bbox 2151 4045 2292 4098; x_wconf 91' lang='lat' dir='ltr'><strong>ergo</strong></span> <span class='ocrx_word' id='word_1_798' title='bbox 2323 4033 2625 4102; x_wconf 90' lang='lat' dir='ltr'><strong>sceptrum</strong></span> <span class='ocrx_word' id='word_1_799' title='bbox 2654 4030 2806 4096; x_wconf 87' lang='lat' dir='ltr'><strong>Juda</strong></span> <span class='ocrx_word' id='word_1_800' title='bbox 2862 4046 2987 4096; x_wconf 90' lang='lat' dir='ltr'><strong>non</strong></span> <span class='ocrx_word' id='word_1_801' title='bbox 3027 4031 3281 4105; x_wconf 89' lang='lat' dir='ltr'><strong>pertinet</strong></span> <span class='ocrx_word' id='word_1_802' title='bbox 3325 4030 3402 4089; x_wconf 89' lang='lat' dir='ltr'><strong>ad</strong></span> <span class='ocrx_word' id='word_1_803' title='bbox 3427 4030 3595 4086; x_wconf 88' lang='lat' dir='ltr'><strong>illum</strong></span> <span class='ocrx_word' id='word_1_804' title='bbox 3621 4030 3733 4102; x_wconf 88' lang='lat' dir='ltr'><strong>qui</strong></span> 
     </span>
    </p>
   </div>
   <div class='ocr_carea' id='block_1_106' title="bbox 2064 4118 3729 4194">
    <p class='ocr_par' dir='ltr' id='par_1_106' title="bbox 2064 4118 3729 4194">
     <span class='ocr_line' id='line_1_106' title="bbox 2064 4118 3729 4194; baseline 0.001 -20"><span class='ocrx_word' id='word_1_805' title='bbox 2064 4118 2273 4178; x_wconf 90' lang='lat' dir='ltr'><strong>decem</strong></span> <span class='ocrx_word' id='word_1_806' title='bbox 2332 4118 2606 4176; x_wconf 89' lang='lat' dir='ltr'><strong>tribubus</strong></span> <span class='ocrx_word' id='word_1_807' title='bbox 2663 4121 3010 4180; x_wconf 67' lang='lat' dir='ltr'><strong>Judaaorum</strong></span> <span class='ocrx_word' id='word_1_808' title='bbox 3061 4125 3276 4194; x_wconf 70' lang='lat' dir='ltr'><strong>praeest</strong></span> <span class='ocrx_word' id='word_1_809' title='bbox 3329 4121 3389 4191; x_wconf 86' lang='lat' dir='ltr'><strong>in</strong></span> <span class='ocrx_word' id='word_1_810' title='bbox 3433 4120 3729 4189; x_wconf 88' lang='lat' dir='ltr'><strong>Samaria,</strong></span> 
     </span>
    </p>
   </div>
   <div class='ocr_carea' id='block_1_107' title="bbox 2065 4208 3733 4286">
    <p class='ocr_par' dir='ltr' id='par_1_107' title="bbox 2065 4208 3733 4286">
     <span class='ocr_line' id='line_1_107' title="bbox 2065 4208 3733 4286; baseline 0.001 -22"><span class='ocrx_word' id='word_1_811' title='bbox 2065 4208 2254 4266; x_wconf 90' lang='lat' dir='ltr'><strong>multo</strong></span> <span class='ocrx_word' id='word_1_812' title='bbox 2283 4208 2483 4264; x_wconf 91' lang='lat' dir='ltr'><strong>minus</strong></span> <span class='ocrx_word' id='word_1_813' title='bbox 2514 4209 2833 4282; x_wconf 89' lang='lat' dir='ltr'><strong>pertinebit</strong></span> <span class='ocrx_word' id='word_1_814' title='bbox 2862 4210 2940 4272; x_wconf 87' lang='lat' dir='ltr'><strong>ad</strong></span> <span class='ocrx_word' id='word_1_815' title='bbox 2965 4210 3134 4276; x_wconf 85' lang='lat' dir='ltr'><strong>illum</strong></span> <span class='ocrx_word' id='word_1_816' title='bbox 3162 4211 3267 4286; x_wconf 91' lang='lat' dir='ltr'><strong>qui</strong></span> <span class='ocrx_word' id='word_1_817' title='bbox 3296 4211 3585 4275; x_wconf 89' lang='lat' dir='ltr'><strong>mendose</strong></span> <span class='ocrx_word' id='word_1_818' title='bbox 3616 4209 3733 4266; x_wconf 80' lang='lat' dir='ltr'><strong>ﬁn-</strong></span> 
     </span>
    </p>
   </div>
   <div class='ocr_carea' id='block_1_108' title="bbox 2064 4297 3730 4370">
    <p class='ocr_par' dir='ltr' id='par_1_108' title="bbox 2064 4297 3730 4370">
     <span class='ocr_line' id='line_1_108' title="bbox 2064 4297 3730 4370; baseline 0.003 -17"><span class='ocrx_word' id='word_1_819' title='bbox 2064 4297 2219 4367; x_wconf 86' lang='lat' dir='ltr'><strong>gitur</strong></span> <span class='ocrx_word' id='word_1_820' title='bbox 2245 4313 2348 4354; x_wconf 87' lang='lat' dir='ltr'><strong>rex</strong></span> <span class='ocrx_word' id='word_1_821' title='bbox 2379 4313 2507 4354; x_wconf 90' lang='lat' dir='ltr'><strong>esse</strong></span> <span class='ocrx_word' id='word_1_822' title='bbox 2537 4297 2764 4370; x_wconf 86' lang='lat' dir='ltr'><strong>aliquot</strong></span> <span class='ocrx_word' id='word_1_823' title='bbox 2810 4299 3156 4356; x_wconf 82' lang='lat' dir='ltr'><strong>Judaeorum</strong></span> <span class='ocrx_word' id='word_1_824' title='bbox 3207 4299 3268 4354; x_wconf 90' lang='lat' dir='ltr'><strong>in</strong></span> <span class='ocrx_word' id='word_1_825' title='bbox 3318 4298 3502 4357; x_wconf 88' lang='lat' dir='ltr'><strong>India.</strong></span> <span class='ocrx_word' id='word_1_826' title='bbox 3561 4298 3730 4358; x_wconf 83' lang='lat' dir='ltr'><strong>Dica-</strong></span> 
     </span>
    </p>
   </div>
   <div class='ocr_carea' id='block_1_109' title="bbox 2062 4387 3730 4454">
    <p class='ocr_par' dir='ltr' id='par_1_109' title="bbox 2062 4387 3730 4454">
     <span class='ocr_line' id='line_1_109' title="bbox 2062 4387 3730 4454; baseline 0.002 -12"><span class='ocrx_word' id='word_1_827' title='bbox 2062 4403 2197 4442; x_wconf 88' lang='lat' dir='ltr'><strong>mus</strong></span> <span class='ocrx_word' id='word_1_828' title='bbox 2227 4387 2443 4444; x_wconf 89' lang='lat' dir='ltr'><strong>iterum</strong></span> <span class='ocrx_word' id='word_1_829' title='bbox 2475 4405 2486 4442; x_wconf 88' lang='lat'><strong>:</strong></span> <span class='ocrx_word' id='word_1_830' title='bbox 2521 4390 2641 4442; x_wconf 83' lang='lat' dir='ltr'><strong>Rex</strong></span> <span class='ocrx_word' id='word_1_831' title='bbox 2680 4388 2833 4444; x_wconf 85' lang='lat' dir='ltr'><strong>Juda</strong></span> <span class='ocrx_word' id='word_1_832' title='bbox 2884 4393 2970 4444; x_wconf 90' lang='lat' dir='ltr'><strong>est</strong></span> <span class='ocrx_word' id='word_1_833' title='bbox 3017 4389 3101 4444; x_wconf 86' lang='lat' dir='ltr'><strong>vir</strong></span> <span class='ocrx_word' id='word_1_834' title='bbox 3127 4388 3420 4452; x_wconf 86' lang='lat' dir='ltr'><strong>oriundus</strong></span> <span class='ocrx_word' id='word_1_835' title='bbox 3451 4389 3525 4444; x_wconf 89' lang='lat' dir='ltr'><strong>de</strong></span> <span class='ocrx_word' id='word_1_836' title='bbox 3564 4389 3730 4454; x_wconf 81' lang='lat' dir='ltr'><strong>tribu</strong></span> 
     </span>
    </p>
   </div>
   <div class='ocr_carea' id='block_1_110' title="bbox 2059 4475 3724 4549">
    <p class='ocr_par' dir='ltr' id='par_1_110' title="bbox 2059 4475 3724 4549">
     <span class='ocr_line' id='line_1_110' title="bbox 2059 4475 3724 4549; baseline 0.002 -18"><span class='ocrx_word' id='word_1_837' title='bbox 2059 4475 2232 4546; x_wconf 86' lang='lat' dir='ltr'><strong>Juda,</strong></span> <span class='ocrx_word' id='word_1_838' title='bbox 2266 4475 2510 4547; x_wconf 89' lang='lat' dir='ltr'><strong>electus,</strong></span> <span class='ocrx_word' id='word_1_839' title='bbox 2538 4480 2594 4535; x_wconf 88' lang='lat' dir='ltr'><strong>et</strong></span> <span class='ocrx_word' id='word_1_840' title='bbox 2625 4493 2661 4534; x_wconf 91' lang='lat' dir='ltr'><strong>a</strong></span> <span class='ocrx_word' id='word_1_841' title='bbox 2685 4477 2949 4549; x_wconf 85' lang='lat' dir='ltr'><strong>legitimo</strong></span> <span class='ocrx_word' id='word_1_842' title='bbox 2981 4479 3290 4534; x_wconf 88' lang='lat' dir='ltr'><strong>sacerdote</strong></span> <span class='ocrx_word' id='word_1_843' title='bbox 3341 4495 3509 4544; x_wconf 76' lang='lat' dir='ltr'><strong>sacro</strong></span> <span class='ocrx_word' id='word_1_844' title='bbox 3564 4479 3724 4544; x_wconf 88' lang='lat' dir='ltr'><strong>chri-</strong></span> 
     </span>
    </p>
   </div>
   <div class='ocr_carea' id='block_1_111' title="bbox 2063 4567 3728 4650">
    <p class='ocr_par' dir='ltr' id='par_1_111' title="bbox 2063 4567 3728 4650">
     <span class='ocr_line' id='line_1_111' title="bbox 2063 4567 3728 4650; baseline 0.005 -31"><span class='ocrx_word' id='word_1_845' title='bbox 2063 4571 2253 4622; x_wconf 86' lang='lat' dir='ltr'><strong>smate</strong></span> <span class='ocrx_word' id='word_1_846' title='bbox 2287 4571 2501 4621; x_wconf 76' lang='lat' dir='ltr'><strong>unctus</strong></span> <span class='ocrx_word' id='word_1_847' title='bbox 2552 4567 2628 4623; x_wconf 90' lang='lat' dir='ltr'><strong>ad</strong></span> <span class='ocrx_word' id='word_1_848' title='bbox 2655 4568 2987 4642; x_wconf 88' lang='lat' dir='ltr'><strong>regendum</strong></span> <span class='ocrx_word' id='word_1_849' title='bbox 3018 4569 3314 4650; x_wconf 87' lang='lat' dir='ltr'><strong>populum</strong></span> <span class='ocrx_word' id='word_1_850' title='bbox 3343 4569 3444 4642; x_wconf 87' lang='lat' dir='ltr'><strong>qui</strong></span> <span class='ocrx_word' id='word_1_851' title='bbox 3488 4569 3728 4632; x_wconf 85' lang='lat' dir='ltr'><strong>habitat</strong></span> 
     </span>
    </p>
   </div>
   <div class='ocr_carea' id='block_1_112' title="bbox 2057 4655 3725 4718">
    <p class='ocr_par' dir='ltr' id='par_1_112' title="bbox 2057 4655 3725 4718">
     <span class='ocr_line' id='line_1_112' title="bbox 2057 4655 3725 4718; baseline 0.003 -7"><span class='ocrx_word' id='word_1_852' title='bbox 2057 4655 2120 4711; x_wconf 91' lang='lat' dir='ltr'><strong>in</strong></span> <span class='ocrx_word' id='word_1_853' title='bbox 2150 4660 2304 4712; x_wconf 91' lang='lat' dir='ltr'><strong>terra</strong></span> <span class='ocrx_word' id='word_1_854' title='bbox 2327 4656 2499 4712; x_wconf 85' lang='lat' dir='ltr'><strong>Juda.</strong></span> <span class='ocrx_word' id='word_1_855' title='bbox 2535 4659 2739 4714; x_wconf 89' lang='lat' dir='ltr'><strong>Omnis</strong></span> <span class='ocrx_word' id='word_1_856' title='bbox 2770 4663 2970 4716; x_wconf 88' lang='lat' dir='ltr'><strong>autem</strong></span> <span class='ocrx_word' id='word_1_857' title='bbox 3001 4676 3104 4714; x_wconf 86' lang='lat' dir='ltr'><strong>rex</strong></span> <span class='ocrx_word' id='word_1_858' title='bbox 3127 4663 3446 4718; x_wconf 89' lang='lat' dir='ltr'><strong>extraneus</strong></span> <span class='ocrx_word' id='word_1_859' title='bbox 3494 4659 3572 4714; x_wconf 88' lang='lat' dir='ltr'><strong>ab</strong></span> <span class='ocrx_word' id='word_1_860' title='bbox 3602 4660 3725 4716; x_wconf 87' lang='lat' dir='ltr'><strong>hac</strong></span> 
     </span>
    </p>
   </div>
   <div class='ocr_carea' id='block_1_113' title="bbox 2059 4744 3726 4820">
    <p class='ocr_par' dir='ltr' id='par_1_113' title="bbox 2059 4744 3726 4820">
     <span class='ocr_line' id='line_1_113' title="bbox 2059 4744 3726 4820; baseline 0.004 -21"><span class='ocrx_word' id='word_1_861' title='bbox 2059 4744 2402 4806; x_wconf 85' lang='lat' dir='ltr'><strong>deﬁnitione</strong></span> <span class='ocrx_word' id='word_1_862' title='bbox 2445 4745 2674 4802; x_wconf 89' lang='lat' dir='ltr'><strong>alienus</strong></span> <span class='ocrx_word' id='word_1_863' title='bbox 2701 4751 2806 4803; x_wconf 90' lang='lat' dir='ltr'><strong>est.</strong></span> <span class='ocrx_word' id='word_1_864' title='bbox 2858 4747 3062 4804; x_wconf 83' lang='lat' dir='ltr'><strong>Nullus</strong></span> <span class='ocrx_word' id='word_1_865' title='bbox 3110 4748 3286 4818; x_wconf 90' lang='lat' dir='ltr'><strong>igitur</strong></span> <span class='ocrx_word' id='word_1_866' title='bbox 3312 4747 3581 4820; x_wconf 83' lang='lat' dir='ltr'><strong>ipsorum</strong></span> <span class='ocrx_word' id='word_1_867' title='bbox 3612 4765 3726 4806; x_wconf 85' lang='lat' dir='ltr'><strong>rex</strong></span> 
     </span>
    </p>
   </div>
   <div class='ocr_carea' id='block_1_114' title="bbox 2056 4833 3723 4909">
    <p class='ocr_par' dir='ltr' id='par_1_114' title="bbox 2056 4833 3723 4909">
     <span class='ocr_line' id='line_1_114' title="bbox 2056 4833 3723 4909; baseline 0.004 -21"><span class='ocrx_word' id='word_1_868' title='bbox 2056 4833 2210 4890; x_wconf 87' lang='lat' dir='ltr'><strong>Juda</strong></span> <span class='ocrx_word' id='word_1_869' title='bbox 2240 4838 2343 4890; x_wconf 91' lang='lat' dir='ltr'><strong>est.</strong></span> <span class='ocrx_word' id='word_1_870' title='bbox 2395 4837 2521 4892; x_wconf 88' lang='lat' dir='ltr'><strong>Non</strong></span> <span class='ocrx_word' id='word_1_871' title='bbox 2550 4835 2710 4890; x_wconf 90' lang='lat' dir='ltr'><strong>enim</strong></span> <span class='ocrx_word' id='word_1_872' title='bbox 2754 4841 3007 4909; x_wconf 91' lang='lat' dir='ltr'><strong>possunt</strong></span> <span class='ocrx_word' id='word_1_873' title='bbox 3060 4837 3280 4903; x_wconf 86' lang='lat' dir='ltr'><strong>habere</strong></span> <span class='ocrx_word' id='word_1_874' title='bbox 3329 4853 3723 4904; x_wconf 84' lang='lat' dir='ltr'><strong>communem</strong></span> 
     </span>
    </p>
   </div>
   <div class='ocr_carea' id='block_1_115' title="bbox 2057 4922 3721 4996">
    <p class='ocr_par' dir='ltr' id='par_1_115' title="bbox 2057 4922 3721 4996">
     <span class='ocr_line' id='line_1_115' title="bbox 2057 4922 3721 4996; baseline 0.002 -18"><span class='ocrx_word' id='word_1_875' title='bbox 2057 4922 2404 4991; x_wconf 80' lang='lat' dir='ltr'><strong>essentiam,</strong></span> <span class='ocrx_word' id='word_1_876' title='bbox 2437 4940 2574 4996; x_wconf 78' lang='lat' dir='ltr'><strong>quae</strong></span> <span class='ocrx_word' id='word_1_877' title='bbox 2603 4940 2726 4988; x_wconf 89' lang='lat' dir='ltr'><strong>non</strong></span> <span class='ocrx_word' id='word_1_878' title='bbox 2758 4925 2983 4994; x_wconf 87' lang='lat' dir='ltr'><strong>habent</strong></span> <span class='ocrx_word' id='word_1_879' title='bbox 3010 4942 3397 4990; x_wconf 86' lang='lat' dir='ltr'><strong>communem</strong></span> <span class='ocrx_word' id='word_1_880' title='bbox 3419 4925 3721 4983; x_wconf 83' lang='lat' dir='ltr'><strong>deﬁtioni-</strong></span> 
     </span>
    </p>
   </div>
   <div class='ocr_carea' id='block_1_116' title="bbox 2058 5014 3720 5089">
    <p class='ocr_par' dir='ltr' id='par_1_116' title="bbox 2058 5014 3720 5089">
     <span class='ocr_line' id='line_1_116' title="bbox 2058 5014 3720 5089; baseline 0.002 -21"><span class='ocrx_word' id='word_1_881' title='bbox 2058 5029 2217 5073; x_wconf 88' lang='lat' dir='ltr'><strong>nem.</strong></span> <span class='ocrx_word' id='word_1_882' title='bbox 2251 5016 2429 5070; x_wconf 88' lang='lat' dir='ltr'><strong>Porro</strong></span> <span class='ocrx_word' id='word_1_883' title='bbox 2461 5014 2914 5072; x_wconf 91' lang='lat' dir='ltr'><strong>conclusionem</strong></span> <span class='ocrx_word' id='word_1_884' title='bbox 2956 5017 3112 5072; x_wconf 89' lang='lat' dir='ltr'><strong>hanc</strong></span> <span class='ocrx_word' id='word_1_885' title='bbox 3162 5016 3346 5078; x_wconf 85' lang='lat' dir='ltr'><strong>altera</strong></span> <span class='ocrx_word' id='word_1_886' title='bbox 3393 5016 3720 5089; x_wconf 88' lang='lat' dir='ltr'><strong>consequi-</strong></span> 
     </span>
    </p>
   </div>
   <div class='ocr_carea' id='block_1_117' title="bbox 2057 5102 3716 5180">
    <p class='ocr_par' dir='ltr' id='par_1_117' title="bbox 2057 5102 3716 5180">
     <span class='ocr_line' id='line_1_117' title="bbox 2057 5102 3716 5180; baseline 0.003 -23"><span class='ocrx_word' id='word_1_887' title='bbox 2057 5105 2170 5180; x_wconf 86' lang='lat' dir='ltr'><strong>tur,</strong></span> <span class='ocrx_word' id='word_1_888' title='bbox 2205 5102 2319 5164; x_wconf 86' lang='lat' dir='ltr'><strong>hoc</strong></span> <span class='ocrx_word' id='word_1_889' title='bbox 2349 5103 2534 5159; x_wconf 91' lang='lat' dir='ltr'><strong>modo</strong></span> <span class='ocrx_word' id='word_1_890' title='bbox 2559 5121 2571 5158; x_wconf 89' lang='lat'><strong><em>:</em></strong></span> <span class='ocrx_word' id='word_1_891' title='bbox 2607 5107 2753 5167; x_wconf 88' lang='lat' dir='ltr'><strong>Nam</strong></span> <span class='ocrx_word' id='word_1_892' title='bbox 2783 5104 2833 5162; x_wconf 91' lang='lat' dir='ltr'><strong>si</strong></span> <span class='ocrx_word' id='word_1_893' title='bbox 2862 5104 2935 5160; x_wconf 91' lang='lat' dir='ltr'><strong>de</strong></span> <span class='ocrx_word' id='word_1_894' title='bbox 2969 5104 3125 5165; x_wconf 88' lang='lat' dir='ltr'><strong>tribu</strong></span> <span class='ocrx_word' id='word_1_895' title='bbox 3152 5105 3306 5172; x_wconf 82' lang='lat' dir='ltr'><strong>Juda</strong></span> <span class='ocrx_word' id='word_1_896' title='bbox 3332 5105 3588 5176; x_wconf 83' lang='lat' dir='ltr'><strong>legitime</strong></span> <span class='ocrx_word' id='word_1_897' title='bbox 3609 5122 3716 5162; x_wconf 84' lang='lat' dir='ltr'><strong>rex</strong></span> 
     </span>
    </p>
   </div>
   <div class='ocr_carea' id='block_1_118' title="bbox 2056 5193 3720 5270">
    <p class='ocr_par' dir='ltr' id='par_1_118' title="bbox 2056 5193 3720 5270">
     <span class='ocr_line' id='line_1_118' title="bbox 2056 5193 3720 5270; baseline 0.004 -23"><span class='ocrx_word' id='word_1_898' title='bbox 2056 5208 2184 5248; x_wconf 91' lang='lat' dir='ltr'><strong>esse</strong></span> <span class='ocrx_word' id='word_1_899' title='bbox 2216 5209 2336 5249; x_wconf 88' lang='lat' dir='ltr'><strong>non</strong></span> <span class='ocrx_word' id='word_1_900' title='bbox 2362 5197 2593 5266; x_wconf 88' lang='lat' dir='ltr'><strong>poterat</strong></span> <span class='ocrx_word' id='word_1_901' title='bbox 2612 5193 2725 5249; x_wconf 92' lang='lat' dir='ltr'><strong>nisi</strong></span> <span class='ocrx_word' id='word_1_902' title='bbox 2751 5211 2934 5270; x_wconf 88' lang='lat' dir='ltr'><strong>quem</strong></span> <span class='ocrx_word' id='word_1_903' title='bbox 2965 5194 3271 5265; x_wconf 80' lang='lat' dir='ltr'><strong>sacerdos,</strong></span> <span class='ocrx_word' id='word_1_904' title='bbox 3318 5196 3443 5268; x_wconf 91' lang='lat' dir='ltr'><strong>ipse</strong></span> <span class='ocrx_word' id='word_1_905' title='bbox 3471 5211 3720 5269; x_wconf 89' lang='lat' dir='ltr'><strong>quoque</strong></span> 
     </span>
    </p>
   </div>
   <div class='ocr_carea' id='block_1_119' title="bbox 2055 5273 3717 5364">
    <p class='ocr_par' dir='ltr' id='par_1_119' title="bbox 2055 5273 3717 5364">
     <span class='ocr_line' id='line_1_119' title="bbox 2055 5273 3717 5364; baseline 0.002 -26"><span class='ocrx_word' id='word_1_906' title='bbox 2055 5286 2271 5338; x_wconf 91' lang='lat' dir='ltr'><strong>unctus</strong></span> <span class='ocrx_word' id='word_1_907' title='bbox 2301 5288 2479 5354; x_wconf 90' lang='lat' dir='ltr'><strong>atque</strong></span> <span class='ocrx_word' id='word_1_908' title='bbox 2513 5287 2803 5351; x_wconf 88' lang='lat' dir='ltr'><strong>sacratus,</strong></span> <span class='ocrx_word' id='word_1_909' title='bbox 2836 5283 3102 5355; x_wconf 70' lang='lat' dir='ltr'><strong>legitima</strong></span> <span class='ocrx_word' id='word_1_910' title='bbox 3130 5285 3408 5348; x_wconf 83' lang='lat' dir='ltr'><strong>unctione</strong></span> <span class='ocrx_word' id='word_1_911' title='bbox 3429 5273 3717 5364; x_wconf 77' lang='lat' dir='ltr'><strong>sacraret,</strong></span> 
     </span>
    </p>
   </div>
   <div class='ocr_carea' id='block_1_120' title="bbox 2056 5371 3719 5448">
    <p class='ocr_par' dir='ltr' id='par_1_120' title="bbox 2056 5371 3719 5448">
     <span class='ocr_line' id='line_1_120' title="bbox 2056 5371 3719 5448; baseline 0.006 -22"><span class='ocrx_word' id='word_1_912' title='bbox 2056 5371 2334 5448; x_wconf 86' lang='lat' dir='ltr'><strong>sacerdos</strong></span> <span class='ocrx_word' id='word_1_913' title='bbox 2365 5377 2565 5434; x_wconf 86' lang='lat' dir='ltr'><strong>autem</strong></span> <span class='ocrx_word' id='word_1_914' title='bbox 2596 5373 2658 5428; x_wconf 91' lang='lat' dir='ltr'><strong>in</strong></span> <span class='ocrx_word' id='word_1_915' title='bbox 2690 5379 2861 5443; x_wconf 83' lang='lat' dir='ltr'><strong>gente</strong></span> <span class='ocrx_word' id='word_1_916' title='bbox 2887 5374 3231 5430; x_wconf 78' lang='lat' dir='ltr'><strong>Judeeorum</strong></span> <span class='ocrx_word' id='word_1_917' title='bbox 3257 5391 3378 5430; x_wconf 91' lang='lat' dir='ltr'><strong>non</strong></span> <span class='ocrx_word' id='word_1_918' title='bbox 3408 5375 3534 5442; x_wconf 82' lang='lat' dir='ltr'><strong>fuit,</strong></span> <span class='ocrx_word' id='word_1_919' title='bbox 3552 5382 3719 5447; x_wconf 87' lang='lat' dir='ltr'><strong>post-</strong></span> 
     </span>
    </p>
   </div>
   <div class='ocr_carea' id='block_1_121' title="bbox 2053 5460 3716 5536">
    <p class='ocr_par' dir='ltr' id='par_1_121' title="bbox 2053 5460 3716 5536">
     <span class='ocr_line' id='line_1_121' title="bbox 2053 5460 3716 5536; baseline 0.004 -21"><span class='ocrx_word' id='word_1_920' title='bbox 2053 5477 2240 5532; x_wconf 88' lang='lat' dir='ltr'><strong>quam</strong></span> <span class='ocrx_word' id='word_1_921' title='bbox 2288 5460 2550 5518; x_wconf 89' lang='lat' dir='ltr'><strong>chrisma</strong></span> <span class='ocrx_word' id='word_1_922' title='bbox 2606 5463 2995 5536; x_wconf 89' lang='lat' dir='ltr'><strong>perdiderunt</strong></span> <span class='ocrx_word' id='word_1_923' title='bbox 3021 5469 3078 5520; x_wconf 90' lang='lat' dir='ltr'><strong>et</strong></span> <span class='ocrx_word' id='word_1_924' title='bbox 3133 5464 3578 5522; x_wconf 86' lang='lat' dir='ltr'><strong>exsultaverunt</strong></span> <span class='ocrx_word' id='word_1_925' title='bbox 3635 5466 3716 5521; x_wconf 89' lang='lat' dir='ltr'><strong>de</strong></span> 
     </span>
    </p>
   </div>
   <div class='ocr_carea' id='block_1_122' title="bbox 2053 5549 3718 5630">
    <p class='ocr_par' dir='ltr' id='par_1_122' title="bbox 2053 5549 3718 5630">
     <span class='ocr_line' id='line_1_122' title="bbox 2053 5549 3718 5630; baseline 0.005 -25"><span class='ocrx_word' id='word_1_926' title='bbox 2053 5549 2185 5605; x_wconf 93' lang='lat' dir='ltr'><strong>loco</strong></span> <span class='ocrx_word' id='word_1_927' title='bbox 2207 5549 2267 5606; x_wconf 91' lang='lat' dir='ltr'><strong>in</strong></span> <span class='ocrx_word' id='word_1_928' title='bbox 2293 5565 2415 5622; x_wconf 91' lang='lat' dir='ltr'><strong>quo</strong></span> <span class='ocrx_word' id='word_1_929' title='bbox 2446 5549 2573 5608; x_wconf 85' lang='lat' dir='ltr'><strong>solo</strong></span> <span class='ocrx_word' id='word_1_930' title='bbox 2603 5551 2688 5606; x_wconf 91' lang='lat' dir='ltr'><strong>eis</strong></span> <span class='ocrx_word' id='word_1_931' title='bbox 2712 5551 3044 5612; x_wconf 85' lang='lat' dir='ltr'><strong>sacriﬁcare</strong></span> <span class='ocrx_word' id='word_1_932' title='bbox 3073 5552 3288 5618; x_wconf 84' lang='lat' dir='ltr'><strong>licebat</strong></span> <span class='ocrx_word' id='word_1_933' title='bbox 3312 5572 3324 5620; x_wconf 88' lang='lat'><strong>;</strong></span> <span class='ocrx_word' id='word_1_934' title='bbox 3385 5558 3718 5630; x_wconf 73' lang='lat' dir='ltr'><strong>postquam</strong></span> 
     </span>
    </p>
   </div>
   <div class='ocr_carea' id='block_1_123' title="bbox 2057 5636 3718 5717">
    <p class='ocr_par' dir='ltr' id='par_1_123' title="bbox 2057 5636 3718 5717">
     <span class='ocr_line' id='line_1_123' title="bbox 2057 5636 3718 5717; baseline -0.001 -20"><span class='ocrx_word' id='word_1_935' title='bbox 2057 5636 2393 5702; x_wconf 73' lang='lat' dir='ltr'><strong>sacerdotes</strong></span> <span class='ocrx_word' id='word_1_936' title='bbox 2462 5639 2568 5717; x_wconf 83' lang='lat' dir='ltr'><strong>qui</strong></span> <span class='ocrx_word' id='word_1_937' title='bbox 2645 5654 2816 5712; x_wconf 84' lang='lat' dir='ltr'><strong>reges</strong></span> <span class='ocrx_word' id='word_1_938' title='bbox 2901 5645 3200 5698; x_wconf 87' lang='lat' dir='ltr'><strong>unxerunt</strong></span> <span class='ocrx_word' id='word_1_939' title='bbox 3282 5657 3407 5710; x_wconf 79' lang='lat' dir='ltr'><strong>non</strong></span> <span class='ocrx_word' id='word_1_940' title='bbox 3473 5641 3718 5714; x_wconf 15' lang='lat' dir='ltr'><strong>exstite-t</strong></span> 
     </span>
    </p>
   </div>
  </div>
