4018 6176
113 116 210 168 317

1377 96 1773 156 SERMONES
1813 97 1920 156 AD
1950 97 2299 160 POPULUI.

111 237 262 303 runt,
309 245 420 288 nec
467 243 636 298 reges
680 225 931 299 quidem
975 225 1228 282 existere
1272 225 1626 297 potuerunt.
1677 222 1796 283 Ubi
1831 224 1879 282 Α
1903 221 2124 293 jamin,
2153 224 2388 286 habens
2418 239 2626 282 secum
2674 240 2880 296 regem
2911 232 2967 284 et
2995 230 3338 289 sacerdotes
3361 236 3420 291 et
3445 249 3594 306 pro-i

110 323 266 381 enim
294 336 492 377 causa:
530 316 815 375 effectivae
863 315 1108 380 desunt,
1141 314 1384 370 effectus
1413 326 1637 368 earum
1675 312 1793 368 mi-

110 414 264 472 nime
295 426 425 467 esse
449 410 725 482 possunt.
753 405 1152 462 Concluditur
1180 405 1380 477 itaque
1409 416 1537 458 non
1573 402 1794 460 solum

109 503 178 558 de
205 500 368 556 Juda
397 501 696 570 sceptrum
723 494 1028 561 ablatum,
1051 494 1161 551 sed
1186 509 1260 552 ne
1289 507 1493 563 regem
1521 490 1793 563 quidem

107 591 187 647 ibi
233 594 448 662 postea
492 585 619 643 ﬁeri
656 583 948 656 potuisse.
997 587 1166 640 Nunc
1207 581 1521 639 veniamus
1553 580 1644 638 ad
1681 585 1793 638 ter-

109 680 251 736 tium
277 697 291 732 :
339 680 513 732 «Non
543 678 630 730 est
659 673 856 738 nobis,
888 672 1194 745 inquiunt,
1226 670 1371 728 tanti
1395 668 1571 739 signi,
1608 670 1792 742 quod

109 765 346 824 exsules
385 781 592 820 sumus
633 777 796 820 nunc
833 766 892 816 et
922 760 1054 817 sine
1086 776 1240 832 rege,
1270 759 1331 816 id
1361 762 1449 815 est
1476 757 1787 830 principe,

114 862 174 914 ut
212 860 527 931 propterea
568 851 890 908 credamus
935 849 1175 906 venisse
1207 848 1492 908 Messiam.
1523 847 1786 904 Fuimus

110 947 270 1003 enim
297 943 560 1000 similiter
587 943 648 998 in
687 939 1024 1012 Babylone,
1054 955 1175 996 non
1205 944 1402 995 tamen
1435 935 1554 992 ullo
1587 937 1788 993 modo

111 1034 270 1092 venit
318 1033 574 1099 Messias,
607 1030 710 1086 sed
758 1033 978 1102 postea
1031 1028 1249 1084 reversi
1294 1023 1788 1097 Hierosolymam

109 1124 437 1183 habuimus
475 1136 728 1192 regnum
758 1123 815 1175 et
867 1117 1310 1174 sacerdotium:
1356 1117 1483 1172 haec
1512 1118 1604 1171 est
1633 1129 1786 1184 ergo

108 1228 246 1285 spes
277 1215 483 1268 nostra
511 1215 594 1278 ut,
627 1207 898 1268 similiter
940 1205 1123 1264 nobis
1151 1205 1443 1273 restitutis,
1473 1220 1614 1260 cum
1643 1203 1785 1276 pla-

108 1302 300 1360 cuerit
327 1306 463 1372 Deo,
486 1316 690 1357 rursus
721 1299 853 1354 haec
880 1295 1267 1353 adveniant.»
1299 1291 1783 1366 Respondemus,

106 1391 278 1465 quod
322 1407 482 1450 nunc
509 1389 742 1448 exsules
770 1393 828 1445 et
859 1387 991 1444 sine
1041 1385 1305 1459 principe
1332 1401 1439 1441 vos
1468 1399 1599 1439 esse
1629 1379 1789 1438 dixi-

110 1482 238 1550 stis,
268 1486 327 1537 et
353 1496 558 1536 verum
579 1482 663 1535 est
684 1499 696 1546 ;
720 1478 804 1536 ibi
833 1478 1000 1534 enim
1031 1475 1312 1532 collectus
1339 1477 1464 1530 erat
1490 1473 1552 1530 in
1580 1485 1786 1528 unum

110 1569 376 1644 populus
409 1567 850 1641 Hierolosymis,
883 1565 948 1622 id
977 1568 1088 1635 est,
1119 1564 1304 1620 tribus
1347 1563 1497 1619 Juda
1538 1566 1596 1619 et
1625 1564 1786 1616 Ben-

1905 312 2122 384 phetas
2161 329 2321 381 suos,
2357 318 2413 369 et
2460 313 2926 386 promissionem
2969 317 3178 382 datam
3220 337 3257 378 a
3304 322 3581 392 Domino,

1907 401 2077 472 quod
2103 407 2240 474 post
2264 406 2579 476 peractam
2608 402 3023 475 paenitentiam
3062 410 3444 481 septuaginta
3472 427 3581 476 an.

1907 504 2127 546 norum
2155 491 2403 548 redituri
2429 495 2629 548 essent
2647 491 2707 546 in
2736 495 2953 552 terram
2983 511 3179 567 suam,
3211 515 3398 572 quam
3427 516 3581 564 non-

1907 576 2056 634 dum
2087 578 2419 636 tradiderat
2473 579 2766 638 Dominus
2813 580 3160 653 alienigenis
3201 586 3281 646 ad
3308 587 3582 650 habitan-

1907 664 2080 735 dum,
2127 667 2234 724 sed
2295 669 2448 726 sicut
2494 684 2655 728 nunc
2703 670 2940 730 deserta
2986 680 3373 738 remanserat.
3413 681 3580 740 Nunc

1907 770 2052 812 vero
2083 773 2207 813 non
2237 763 2326 815 est
2370 757 2544 816 vobis
2574 758 2859 822 collectus
2913 762 3202 842 populus,
3236 765 3387 822 sicut
3416 770 3583 842 tunc,

1908 860 2107 919 neque
2133 863 2259 914 rex,
2288 863 2485 920 neque
2518 848 2880 917 sacerdotes,
2905 867 3104 924 neque
3132 855 3462 927 prophetae,
3483 872 3590 918 ne-

1908 949 2030 1006 que
2060 938 2218 992 terra
2265 935 2503 992 deserta
2547 937 2719 993 vobis
2749 945 3075 1011 reservata,
3108 957 3218 998 nec
3262 944 3584 1016 promissio

1909 1022 2055 1080 data
2085 1040 2122 1081 a
2155 1025 2431 1093 Domino,
2459 1026 2626 1099 quod
2656 1033 2791 1100 post
2823 1031 3203 1103 septuaginta
3227 1048 3422 1092 annos
3442 1034 3582 1094 illuc

1909 1115 2188 1182 redeatis,
2226 1117 2376 1178 sicut
2403 1122 2564 1185 tunc,
2586 1120 2690 1180 sed
2716 1126 2805 1178 est
2829 1123 3028 1194 potius
3055 1126 3347 1183 sententia
3376 1126 3522 1188 data
3545 1144 3583 1191 ὃ

1913 1206 2192 1276 Domino,
2225 1207 2392 1280 quod
2437 1212 2727 1282 perpetua
2773 1210 2844 1268 sit
2883 1211 3010 1267 haec
3041 1212 3331 1272 desolatio
3361 1221 3578 1287 vestra,

1911 1295 2081 1366 quod
2125 1295 2189 1350 in
2236 1295 2369 1352 loco
2419 1313 2529 1352 suo
2563 1298 2704 1354 satis
2745 1299 3212 1373 demonstratur,
3243 1321 3378 1377 quae
3408 1305 3581 1362 vobis

1908 1382 2039 1453 jam
2071 1384 2300 1441 circiter
2329 1401 2521 1446 annos
2569 1387 2730 1444 mille
2772 1389 3070 1461 persolvit,
3110 1392 3194 1447 nil
3231 1392 3580 1460 fraudatum

1912 1488 2020 1529 vos
2049 1473 2126 1530 de
2157 1473 2406 1545 caeteris,
2439 1491 2630 1548 usque
2656 1477 2718 1538 in
2738 1476 2942 1536 ﬁnem.

1007 1832 2691 1956 εωυψαωιῖυιηεῃτι

1417 2026 1910 2093 CARNOTENSIS
1953 2028 2270 2085 EPISCOPI

711 2149 1629 2275 SEBMONES
1789 2153 2011 2269 AD
2168 2151 2969 2277 POPULUM

1121 2331 1522 2413 (Bibliotheca
1552 2339 1839 2405 Patrum,
1873 2340 2021 2392 tom.
2052 2339 2235 2407 XVIII,
2266 2357 2407 2414 pag.
2452 2343 2567 2415 37.)

683 2534 908 2604 SERMO
952 2547 1228 2604 PRIMUS.

175 2637 390 2692 Patres
416 2632 805 2702 venerabiles,
825 2634 987 2692 chari
1006 2634 1238 2702 fratres,
1269 2633 1372 2689 ﬁlii
1403 2634 1525 2699 Dei,
1549 2629 1786 2704 aliquid

112 2721 287 2780 vobis
335 2721 625 2780 volumus
656 2737 990 2780 memorare
1037 2723 1112 2778 de
1159 2723 1231 2778 iis
1277 2739 1410 2794 quae
1457 2735 1786 2793 nunquam

111 2828 218 2867 vos
253 2811 534 2868 oblivisci
583 2816 831 2884 oportet,
871 2812 1141 2868 videlicet
1175 2812 1484 2884 quomodo
1537 2809 1786 2867 credere

111 2901 389 2958 debeatis
418 2905 477 2959 et
506 2901 721 2969 vivere,
748 2906 810 2958 ut
838 2902 885 2964 si
913 2902 1050 2974 quis
1078 2903 1431 2975 peccaverit,
1464 2897 1786 2975 quomodo

111 2991 305 3064 possit
334 3006 712 3063 recuperare.
758 2991 886 3050 Tria
915 2996 1052 3052 sunt
1095 2993 1255 3048 haec:
1303 2991 1452 3048 tides
1485 2988 1789 3048 catholica

113 3081 241 3138 haec
264 3084 380 3148 est,
413 3083 474 3135 et
503 3096 692 3141 unum
726 3080 1040 3138 Dominum
1081 3081 1142 3138 in
1181 3080 1474 3148 Trinitate,
1506 3084 1564 3138 et
1593 3076 1786 3138 Trini-

113 3173 298 3226 tatem
325 3167 390 3226 in
425 3168 647 3227 unitate
680 3185 1048 3228 veneremur.
1081 3169 1249 3226 Multi
1276 3175 1413 3228 sunt
1441 3173 1654 3228 autem
1682 3167 1787 3239 qui

111 3274 236 3318 non
296 3263 561 3330 possunt
605 3258 720 3318 hoc
771 3258 1110 3330 intelligere,
1161 3259 1272 3316 nisi
1321 3275 1426 3331 per
1473 3256 1786 3332 quasdam

108 3347 290 3419 quasi
322 3345 741 3406 similitudines
777 3348 1156 3408 inducantur.
1211 3350 1587 3422 Quapropter
1622 3345 1787 3403 dica-

108 3454 247 3493 mus
279 3441 344 3492 et
373 3453 488 3494 nos
516 3436 743 3509 aliquid
771 3437 902 3494 tale.
939 3443 1000 3496 In
1029 3437 1154 3494 sole
1188 3444 1326 3495 sunt
1352 3445 1468 3496 tres
1497 3436 1788 3497 naturali-

108 3532 213 3592 ter,
240 3525 507 3600 sphaera,
539 3524 791 3595 claritas,
807 3527 1241 3600 calor.Sphzera
1269 3528 1412 3586 solis
1432 3525 1788 3588 naturaliter

109 3620 196 3673 est
225 3615 564 3690 splendens
594 3622 651 3674 et
678 3615 895 3676 calens.
931 3619 1216 3674 Summus
1238 3620 1402 3675 Pater
1432 3617 1788 3676 naturaliter

108 3710 196 3760 est
227 3704 503 3777 sapiens,
539 3709 595 3760 et
623 3721 864 3773 amans;
907 3705 1146 3778 sphaara
1191 3705 1351 3778 solis,
1379 3712 1435 3765 et
1473 3706 1781 3781 splendor,

105 3798 161 3848 et
190 3792 386 3862 calor,
417 3807 544 3850 non
575 3797 714 3850 sunt
755 3797 869 3856 tres
900 3793 1079 3860 soles,
1113 3793 1216 3848 sed
1249 3811 1404 3851 unus
1436 3796 1524 3853 sol
1553 3815 1566 3864 ;
1623 3811 1785 3852 sum-

2566 2550 2798 2605 SERMO
2839 2553 2904 2605 II.

1971 2637 2216 2703 Fratres,
2250 2637 2431 2694 credo
2461 2638 2628 2710 quod
2659 2653 2872 2694 omnes
2917 2639 3023 2711 qui
3054 2643 3334 2713 praesenti
3361 2643 3567 2708 basili-t

1895 2739 1966 2780 ca
1995 2724 2389 2793 continemur,
2419 2743 2527 2799 per
2553 2727 2737 2784 ﬁdem
2784 2727 3102 2788 Christiani
3149 2748 3380 2792 sumus.
3415 2735 3569 2794 Red-9

1894 2811 2112 2868 damus
2141 2830 2286 2884 ergo
2319 2815 2379 2870 in
2410 2816 2620 2889 primis
2668 2819 2788 2872 Deo
2819 2818 3064 2886 gratias,
3099 2821 3206 2892 qui
3244 2837 3356 2877 nos
3387 2823 3467 2880 ad
3499 2823 3563 2886 ﬁ,

1894 2900 2032 2956 dem
2083 2917 2256 2960 suam
2300 2921 2517 2961 vocare
2565 2905 2847 2975 dignatus
2891 2911 2998 2974 est,
3032 2913 3089 2964 et
3134 2924 3244 2981 per
3275 2909 3564 2982 baptismi

1894 2991 2150 3060 gratiam
2181 3008 2216 3047 a
2245 2998 2492 3064 peccato
2520 2993 2838 3064 mundare,
2861 2999 2919 3051 et
2947 3013 2983 3054 a
3009 2996 3256 3054 diabolo
3282 2998 3555 3064 liberare,

1895 3079 2073 3140 Dicite
2116 3081 2236 3136 Deo
2286 3081 2529 3151 gratias,
2560 3083 2800 3142 fratres:
2849 3083 2897 3138 si
2927 3086 3473 3156 permansissemus
3500 3089 3562 3152 in

1892 3165 1992 3223 illa
2021 3167 2318 3224 munditia
2345 3186 2484 3242 quae
2536 3171 2713 3228 nobis
2742 3186 2850 3242 per
2873 3172 3254 3246 baptismum
3282 3175 3426 3236 data
3451 3181 3558 3244 est,

1892 3272 2029 3312 vere
2055 3257 2252 3312 felices
2282 3273 2579 3316 essemus.
2617 3259 2730 3316 Sed
2759 3275 2884 3316 non
2915 3263 3384 3333 permansimus,
3417 3264 3566 3320 oeci.

1893 3346 2092 3402 dimus
2135 3347 2297 3404 enim
2339 3364 2446 3420 per
2490 3353 2763 3405 nostram
2802 3351 3069 3423 culpam,
3102 3367 3225 3408 non
3256 3352 3452 3409 solum
3496 3353 3560 3410 in

1891 3441 2158 3510 peccata,
2193 3437 2300 3494 sed
2317 3437 2509 3494 etiam
2532 3437 2594 3494 in
2623 3438 2878 3496 crimina
2907 3445 3153 3513 propter
3179 3457 3317 3514 quae
3345 3457 3559 3513 pecca-

1893 3530 2048 3582 tores
2087 3525 2164 3582 ab
2198 3525 2456 3584 Ecclesia
2504 3532 2880 3599 separantur,
2911 3530 3120 3602 qualia
3147 3535 3287 3586 sunt
3315 3531 3561 3588 homici-

1892 3614 2012 3683 dia,
2057 3613 2368 3681 adulteria,
2415 3615 2858 3685 fornicationes,
2915 3618 3248 3689 sacrilegia,
3306 3619 3556 3691 rapinas,

1891 3705 2067 3775 furta,
2100 3705 2250 3762 falsa
2277 3706 2638 3774 testimonia,
2672 3708 2978 3780 superbia,
3001 3708 3249 3775 invidia,
3284 3710 3556 3777 avaritia,

1889 3795 2120 3852 diutina
2149 3794 2486 3864 iracundia,
2513 3795 2769 3852 ebrietas
2799 3797 3064 3853 assidua.
3088 3797 3246 3853 Sicut
3271 3813 3413 3868 ergo
3436 3801 3556 3856 Deo

102 3900 252 3939 mus
285 3885 459 3940 Pater
486 3887 544 3939 et
568 3882 863 3955 sapientia
881 3883 1032 3956 ejus,
1056 3886 1113 3942 et
1142 3899 1312 3942 amor
1327 3886 1457 3957 ejus
1490 3903 1615 3944 non
1643 3889 1783 3943 sunt
1820 3902 1860 3958 ρ
1891 3883 2109 3954 gratias
2140 3881 2375 3951 egimus
2405 3899 2516 3956 pro
2563 3884 2831 3940 bonitate
2863 3901 2991 3952 sua,
3026 3885 3110 3940 sic
3137 3901 3251 3942 nos
3284 3885 3556 3958 culpabis-

105 3979 234 4030 tres
284 3969 393 4039 dii,
430 3971 531 4028 sed
557 3988 714 4032 unus
763 3977 851 4030 est
890 3975 1082 4038 Deus;
1134 3973 1425 4047 sapientia
1470 3976 1649 4038 Filius
1681 3975 1780 4031 Dei

104 4067 219 4130 est,
257 4058 518 4132 Spiritus
548 4065 794 4118 sanctus
826 4077 996 4120 amor
1021 4065 1145 4118 est:
1185 4065 1350 4120 Pater
1377 4063 1576 4138 itaque
1607 4069 1665 4121 et
1693 4063 1779 4120 Fi-

103 4151 244 4219 lius,
277 4157 337 4210 et
371 4149 628 4223 Spiritus
657 4153 896 4210 sanctas
927 4166 1086 4210 unus
1120 4154 1272 4207 Deus
1315 4158 1440 4221 est;
1492 4154 1587 4210 hic
1623 4157 1780 4211 Deus

107 4246 245 4298 ante
279 4239 510 4296 saecula
540 4242 597 4294 et
625 4253 808 4310 nunc,
840 4243 897 4300 et
924 4254 1160 4312 semper
1185 4239 1319 4298 fecit
1346 4241 1550 4302 omnia
1580 4241 1780 4302 visibi-

105 4328 188 4388 lia
213 4334 272 4387 et
299 4327 651 4388 invisibilia.

181 4419 486 4487 Quaeritur
517 4421 719 4476 autem
740 4432 845 4472 cur
875 4419 1029 4476 Deus
1055 4417 1224 4475 Pater
1251 4418 1460 4482 Filium
1489 4437 1690 4492 suum,
1717 4418 1778 4474 id

103 4513 195 4564 est
223 4507 622 4582 sapientiam,
649 4506 954 4569 hominem
983 4505 1108 4563 ﬁeri
1131 4507 1317 4571 voluit
1338 4510 1364 4563 ?
1388 4510 1778 4582 Respondea-

102 4615 242 4656 mus
269 4614 476 4672 quam
528 4595 876 4654 brevissime
918 4611 1263 4668 possumus,
1309 4603 1550 4671 propter
1587 4598 1778 4658 homi-

99 4703 244 4744 nem
276 4686 502 4758 utique
531 4685 967 4755 redirnendum,
999 4686 1102 4757 qui
1129 4686 1306 4758 culpa
1351 4703 1459 4746 sua
1499 4688 1774 4760 perierat,

98 4783 159 4832 et
201 4793 313 4850 per
346 4791 417 4831 se
471 4790 597 4831 non
650 4778 880 4848 poterat
919 4775 1200 4848 reparari.
1253 4779 1400 4832 Nam
1449 4781 1777 4850 antequam

99 4871 395 4939 peccaret
421 4866 634 4934 homo,
666 4871 790 4922 erat
812 4866 1079 4938 prudens
1112 4870 1170 4922 et
1192 4866 1571 4935 immortalis,
1602 4873 1659 4924 et
1684 4883 1777 4923 ar-

98 4955 282 5012 bitrio
312 4953 497 5022 liber,
529 4953 639 5010 fuit
666 4958 866 5015 tamen
899 4958 1062 5010 tanta
1107 4954 1398 5012 calliditas
1439 4955 1682 5023 diaboli,
1714 4959 1779 5011 ut

99 5044 431 5100 seduceret
455 5057 598 5098 eum
636 5045 694 5098 et
735 5041 1005 5100 redderet
1029 5041 1428 5114 insipientem,
1457 5043 1775 5106 mortalem

99 5138 158 5190 et
184 5131 474 5204 fragilem
501 5149 513 5188 :
545 5130 855 5204 quomodo
884 5145 1024 5200 ergo
1054 5136 1272 5203 posset,
1306 5131 1539 5202 stultus,
1571 5138 1628 5190 et
1653 5132 1774 5190 fra-

1887 3972 1972 4031 les
2015 3971 2416 4028 cenﬁteamur
2462 3987 2574 4044 pro
2629 3971 2854 4034 malitia
2906 3977 3134 4041 nostra,
3175 3976 3232 4028 et
3278 3972 3555 4030 dicamus

1889 4061 2106 4130 singuli
2138 4077 2151 4115 :
2188 4065 2535 4131 peccatores
2566 4077 2794 4118 sumus.
2843 4064 3090 4127 Fratres,
3118 4076 3253 4121 vere
3285 4060 3433 4116 tales
3462 4077 3557 4119 su—

1886 4167 2022 4210 mus
2067 4165 2274 4206 coram
2321 4151 2442 4212 Deo
2486 4155 2544 4207 et
2573 4150 2794 4208 sanctis
2823 4151 2972 4222 ejus,
3007 4150 3116 4206 sed
3142 4149 3553 4209 misericordia

1885 4240 2016 4312 ejus
2067 4252 2294 4306 magna
2336 4242 2446 4306 est,
2480 4241 2584 4313 qui
2636 4239 2811 4298 nobis
2859 4239 3058 4298 adhuc
3109 4239 3297 4298 donat
3350 4239 3549 4298 locum

1886 4329 2009 4386 sive
2041 4333 2280 4400 tempus
2307 4329 2766 4388 emendationis.

1958 4417 2364 4475 Emendemus
2413 4435 2557 4490 ergo
2601 4421 2662 4478 in
2691 4419 2926 4486 melius,
2953 4421 3125 4490 juxta
3158 4419 3545 4492 Scripturam,

1883 4525 2020 4582 qua:
2045 4507 2384 4578 ignorando
2411 4510 2835 4581 peccavimus;
2863 4509 3029 4582 quod
3061 4509 3110 4564 si
3139 4507 3376 4563 nescitis
3401 4523 3550 4579 qua-

1882 4596 2012 4653 liter
2041 4595 2362 4652 emendare
2412 4596 2704 4666 debeatis,
2754 4597 3079 4654 dicendum
3119 4600 3209 4650 est
3256 4594 3448 4650 vobis.
3483 4599 3545 4650 In

1884 4685 2092 4758 primis
2122 4700 2371 4758 peccare
2401 4685 2704 4744 desistite:
2757 4685 3029 4758 quandiu
3067 4683 3227 4739 enim
3256 4683 3390 4755 quis
3432 4685 3545 4738 Do-

1883 4775 2118 4832 minum
2148 4773 2451 4831 offendere
2501 4792 2623 4833 non
2653 4780 2866 4844 cessat,
2895 4789 3005 4829 nec
3037 4773 3166 4843 ejus
3196 4770 3546 4844 paenitentia

1884 4863 2190 4920 fructuosa
2215 4866 2323 4934 est,
2355 4867 2413 4919 et
2440 4865 2542 4936 qui
2583 4865 2644 4921 in
2684 4865 2798 4920 hac
2824 4863 2944 4918 vita
2975 4859 3262 4917 criminali
3296 4863 3543 4931 peccato

1883 4953 2066 5014 tinem
2096 4968 2219 5011 non
2239 4952 2612 5024 imposuerit,
2643 4952 2881 5008 veniam
2910 4951 2971 5006 in
3002 4949 3186 5006 altera
3209 4964 3334 5004 non
3359 4948 3543 5005 habe-

1882 5042 1987 5105 bit.
2015 5044 2412 5114 Quapropter,
2444 5045 2509 5097 ut
2527 5041 2670 5110 dixi,
2689 5038 3094 5097 necessarium
3123 5041 3214 5092 est
3242 5036 3301 5092 in
3332 5037 3542 5111 primis

1883 5130 2118 5188 crimini
2145 5131 2329 5186 ﬁnem
2372 5130 2536 5199 dare,
2568 5129 2784 5186 deinde
2812 5143 2955 5183 vero
2995 5127 3320 5184 commissa
3344 5128 3540 5185 delere

100 5222 261 5292 giiis,
297 5227 361 5278 et
387 5220 660 5277 mortalis
698 5219 958 5287 effectus,
1005 5220 1315 5276 diabolum
1355 5221 1675 5289 revincere,
1724 5226 1782 5277 et
1812 5253 1855 5306 Β
1885 5236 1992 5293 per
2029 5217 2462 5306 pcnnitentiam,
2507 5232 2617 5306 per
2652 5216 3138 5306 eleemosynam,
3175 5233 3282 5289 per
3329 5218 3541 5274 oratio-

99 5327 474 5385 recuperare
521 5326 628 5382 per
674 5325 737 5365 se
774 5309 940 5382 quod
988 5309 1344 5382 perdiderat,
1377 5310 1483 5382 qui
1519 5327 1776 5384 quaeque
1813 5303 1843 5306 ⁷
1885 5323 2044 5363 nem.
2087 5304 2326 5362 Modum
2356 5304 2717 5377 poenitentiae
2750 5303 2923 5360 vobis
2955 5305 3313 5362 constituent
3350 5321 3542 5362 sacer.-

103 5400 222 5454 sibi
247 5400 460 5456 adhuc
488 5398 726 5454 validus
751 5414 874 5455 non
901 5397 1210 5456 defendit?
1247 5398 1413 5454 nullo
1440 5398 1625 5454 modo
1651 5403 1777 5455 erat

103 5493 316 5544 tamen
385 5487 756 5562 impossibile
822 5502 944 5544 non
1006 5486 1240 5560 impleri
1304 5487 1471 5560 quod
1535 5487 1776 5546 volebat

101 5578 534 5653 Omnipotens.

1884 5396 2074 5451 dotes.
2107 5393 2311 5451 Modus
2357 5394 2750 5465 eleemosynae
2780 5397 2885 5462 est,
2920 5395 3252 5451 secundum
3296 5395 3539 5452 facultas.

1884 5489 2004 5546 tem
2028 5487 2085 5540 et
2103 5483 2329 5538 bonam
2358 5483 2729 5539 voluntatem
2749 5488 3031 5541 vestram.
3056 5484 3294 5541 Modum
3324 5485 3539 5548 oratio-

1881 5573 1975 5632 nis
2014 5570 2316 5634 constituit
2359 5570 2536 5632 nobis
2585 5571 2850 5631 Christus
2900 5573 3137 5632 diversa
3181 5572 3296 5630 sub
3333 5571 3534 5628 condi-

3477 114 3588 174 am
3690 195 3694 198 .
