4018 6176
357 244 368 255 ,
453 194 556 248 319

1503 185 1559 242 S.
1598 183 1939 241 FULBERTI
1979 179 2461 239 CARNOTENSIS
2500 180 2833 239 EPISCOPI.

3770 177 3887 232 320

447 314 628 383 tione,
660 327 845 385 quam
876 309 1087 376 nostis,
1120 308 1393 366 videlicet
1433 312 1497 365 ut
1545 307 1804 365 dimittat
1855 307 2005 363 sicut
2046 309 2103 362 et
2131 310 2177 361 A
2208 306 2401 362 moria
2451 322 2575 362 suae
2626 303 3115 378 praesentationis.
3180 305 3346 358 Nunc
3397 316 3536 372 ergo
3587 300 3884 367 scientes,

448 418 582 470 nos,
614 406 725 457 etc.
774 402 1089 455 Hortamur
1116 398 1338 471 itaque,
1370 398 1603 467 fratres,
1647 402 1714 453 ut
1738 397 1986 454 crimina
2011 395 2101 450 fu-

448 492 638 563 giatis,
670 489 1003 560 injunctam
1030 487 1204 544 vobis
1232 488 1643 560 paenitentiam
1691 486 1963 543 alacriter
2011 500 2105 539 su-

447 577 732 651 scipiatis,
766 581 1003 634 strenue
1032 578 1351 649 peragatis.
1391 578 1525 632 Non
1558 582 1697 632 sunt
1725 576 1879 632 enim
1909 573 2107 629 condi-

444 683 580 739 gnae
594 669 907 737 passiones
932 668 1113 737 hujus
1138 668 1416 737 temporis
1448 668 1529 722 ad
1549 668 1827 737 futuram
1847 664 2105 735 gloriam

448 773 579 830 qua?
616 757 984 814 revelabitur
1009 758 1071 812 in
1102 756 1269 812 nobis
1315 758 1502 828 (Rom.
1539 772 1657 823 vin,
1690 757 1796 827 t8).
1841 754 2105 810 Eleemo—

449 862 667 919 synam
697 862 942 919 quoque
967 862 1078 918 pro
1107 861 1287 918 posse
1314 844 1562 909 faciatis,
1592 844 1734 917 quia
1766 843 1917 898 sicut
1947 857 2107 915 aqua

449 934 772 1005 exstinguit
798 936 1022 1005 ignem,
1046 934 1124 989 ita
1151 933 1532 1005 eleemosyna
1560 932 1880 1001 exstinguit
1896 946 2108 1004 pecca-

449 1028 598 1080 tum.
633 1026 882 1079 Oremus
913 1028 1035 1078 tam
1062 1038 1172 1094 pro
1222 1021 1479 1077 invicem
1528 1036 1712 1094 quam
1752 1036 1862 1093 pro
1908 1018 2109 1089 nobis,

448 1111 681 1168 dicente
706 1110 978 1184 apostolo
1004 1128 1015 1165 :
1060 1110 1442 1178 Conﬁtemini
1469 1110 1835 1165 alterutrum
1861 1113 2110 1178 peccata

450 1208 667 1271 vestra,
700 1208 754 1257 et
784 1206 953 1257 orate
974 1215 1089 1269 pro
1121 1201 1368 1255 invicem
1420 1205 1482 1254 ut
1522 1200 1839 1256 salvemini
1869 1199 2017 1269 (Jac.
2049 1215 2108 1265 v,

452 1292 560 1361 16).
596 1290 880 1346 Novimus
912 1294 1111 1344 autem
1142 1305 1249 1362 per
1272 1288 1686 1361 paenitentiam
1714 1288 1955 1358 multos,
1976 1304 2113 1343 eva-

450 1378 597 1433 sisse
627 1377 956 1450 periculum
989 1377 1222 1442 mortis,
1258 1376 1406 1432 alios
1438 1392 1545 1449 per
1589 1376 1942 1433 orationem.
1976 1375 2111 1431 Eni-

447 1471 648 1522 tamur
674 1466 874 1536 etiam,
906 1465 1136 1534 fratres,
1180 1466 1330 1521 inter
1359 1466 1506 1522 tales
1536 1465 1804 1533 inveniri,
1838 1465 1984 1538 quia
2026 1480 2113 1521 re-

447 1572 633 1627 gnum
673 1557 957 1612 caelorum
1003 1558 1121 1611 vim
1163 1557 1419 1626 patitur,
1448 1562 1502 1611 et
1533 1556 1780 1611 violenti
1816 1556 2112 1625 diripiunt

448 1646 609 1703 illud
638 1646 878 1716 (Matth.
910 1662 991 1715 x1,
1024 1646 1127 1717 12).
1160 1648 1400 1701 Praestet
1425 1643 1579 1699 vires
1600 1644 1990 1701 imbecillitati
2009 1659 2113 1699 no-
2150 1663 2189 1716 Β

451 1739 586 1790 strze
641 1734 736 1790 ille
769 1734 873 1807 qui
922 1734 1107 1789 dixit:
1158 1734 1471 1802 Conﬁdile,
1508 1749 1612 1804 ego
1659 1734 1778 1789 vici
1822 1733 2113 1789 mundum

452 1826 651 1892 (Joan.
684 1840 804 1890 xvr,
837 1823 948 1893 23),
978 1823 1265 1878 Dominus
1289 1827 1490 1879 noster
1520 1824 1686 1879 Jesus
1716 1821 1981 1879 Christus
2010 1823 2115 1895 qui

453 1929 593 1968 cum
621 1915 786 1969 Patre
832 1916 889 1967 et
942 1912 1161 1984 Spiritu
1215 1918 1422 1968 sancto
1467 1912 1610 1968 vivit
1638 1917 1693 1968 et
1720 1918 1930 1983 regnat
1961 1915 2113 1968 Deus

454 2017 563 2075 per
592 2000 823 2057 inﬁnita
850 2001 1205 2057 saeculorum
1238 2002 1477 2058 saecula.
1511 2008 1719 2058 Amen.

1099 2091 1337 2148 SERMO
1383 2092 1469 2148 IlI.

779 2197 841 2234 DE
881 2196 1296 2235 Pl'RlFlCATlONE
1335 2197 1530 2236 REATE
1568 2197 1788 2237 MARLrE.
2094 2226 2095 2231 η

526 2269 813 2325 Volumus
840 2269 1012 2324 vobis
1040 2269 1298 2325 breviter
1323 2286 1643 2342 exponere,
1686 2270 1918 2340 fratres,
1956 2271 2115 2326 unde

457 2357 635 2431 erepit
663 2357 1008 2413 solemnitas
1041 2358 1497 2419 Puriticationis.
1532 2375 1715 2431 quam
1755 2359 1933 2416 hodie
1964 2359 2114 2415 cele-

456 2445 667 2512 bratis,
700 2450 758 2502 et
785 2446 933 2518 quid
979 2446 1131 2502 cerei
1182 2447 1519 2518 significent
1555 2464 1708 2520 quos
1738 2447 1979 2504 offertis.
2016 2451 2115 2506 So-

456 2534 733 2591 lemnitas
766 2550 907 2605 ergo
937 2536 1048 2592 ista
1068 2536 1361 2607 processit
1386 2554 1457 2592 ex
1482 2537 1631 2607 lege.
1656 2538 1936 2610 Praecepit
1957 2538 2117 2594 enim

459 2627 615 2680 Deus
652 2623 711 2679 in
758 2623 886 2693 lege
916 2629 979 2681 ut
1027 2625 1241 2681 mulier
1269 2643 1404 2700 quae
1459 2627 1533 2682 de
1563 2627 1672 2682 viri
1704 2627 1794 2683 sui
1822 2633 2118 2701 conceptu

457 2712 925 2784 primogenitum
976 2718 1228 2784 pareret,
1258 2714 1725 2786 quadragesimo
1768 2715 1861 2771 die
1918 2716 2119 2771 nativi-

458 2800 592 2858 tatis
620 2805 1004 2873 praasentaret
1034 2819 1172 2857 eum
1204 2804 1454 2859 Domino
1487 2804 1544 2859 in
1573 2804 1816 2878 templo,
1841 2821 1981 2861 cum
2012 2806 2117 2861 ho-

458 2889 622 2947 stiis:
656 2896 712 2946 et
733 2889 829 2945 hic
858 2890 984 2945 dies
1019 2890 1444 2948 Purificationis
1468 2898 1735 2949 vocatur.
1766 2893 1937 2960 Quod
1969 2910 2118 2967 prae-

2208 413 2396 471 quam
2426 413 2499 453 ex
2525 396 2701 452 bonis
2749 393 3053 468 principiis
3103 392 3454 449 solemnitas
3486 393 3599 448 ista
3627 391 3884 465 prodiit,

2210 492 2264 543 et
2289 503 2475 560 quam
2508 486 2673 560 piam
2713 489 3108 558 sanctamque
3135 482 3638 555 significationem
3667 485 3893 537 nostra

2211 577 2435 635 oblatio
2455 577 2623 649 gerit,
2645 576 3084 633 solemnitatem
3109 574 3329 630 divinis
3345 573 3627 630 laudibus
3653 578 3715 629 et
3741 588 3895 646 ope-

2211 667 2380 723 ribus
2423 681 2805 736 exornemus,
2836 668 2894 721 et
2935 663 3303 721 oblationem
3353 662 3454 736 pio
3500 661 3893 718 celebremus

2213 754 2450 824 affectu,
2495 757 2775 826 rogantes
2816 752 3155 826 piissimam
3200 751 3302 807 Dei
3349 753 3589 807 Matrem
3640 755 3707 805 ut
3752 749 3897 823 ipsa

2212 860 2345 911 nos,
2373 848 2431 900 et
2457 859 2710 900 munera
2733 846 2957 911 nostra,
2987 841 3134 897 Filio
3167 857 3277 913 suo
3300 839 3636 910 gratiﬁcare
3668 838 3895 910 digne-

2215 938 2329 1002 tur,
2378 936 2436 989 et
2468 933 2551 989 ad
2598 930 3050 988 similitudinem
3093 928 3416 987 oblationis
3459 932 3698 995 nostrae,
3748 944 3897 1000 quae

2215 1022 2465 1090 munda,
2490 1022 2650 1078 clara
2681 1026 2738 1077 et
2761 1019 2991 1076 fervida
3021 1035 3153 1075 esse
3184 1018 3440 1089 videtur,
3458 1017 3762 1091 deposcat
3786 1033 3900 1073 no-

2214 1112 2308 1168 bis
2338 1111 2416 1168 ab
2445 1112 2576 1185 ipso
2607 1110 2966 1167 munditiam
3012 1108 3210 1165 cordis
3263 1112 3322 1164 et
3351 1107 3645 1181 corporis,
3675 1105 3897 1162 lumen

2218 1200 2500 1266 scientiae,
2552 1199 2848 1256 fervorem
2905 1198 3045 1254 ﬁdei
3093 1201 3150 1254 et
3197 1196 3522 1264 charitatis,
3579 1200 3900 1269 quatenus

2218 1306 2340 1346 suae
2372 1288 2575 1359 gratiae
2626 1287 2790 1343 dono
2832 1286 3086 1357 accensi,
3117 1301 3225 1359 per
3273 1284 3551 1358 Spiritum
3602 1289 3901 1340 sanctum

2216 1377 2554 1444 illuminati,
2588 1377 2916 1450 purificatis
2965 1375 3268 1431 mentibus
3314 1374 3377 1430 in
3416 1373 3643 1447 templo
3670 1378 3901 1430 sancto

2219 1467 2421 1539 gloriae
2452 1482 2575 1522 sua:
2604 1466 2911 1522 valeamus
2956 1480 3269 1538 apparere,
3316 1479 3422 1537 per
3451 1463 3749 1520 eumdem
3785 1465 3902 1519 Do-

2218 1557 2453 1613 minum
2483 1560 2758 1612 nostrum
2786 1557 2989 1611 Jesum
3025 1553 3341 1611 Christum.

2874 1698 3102 1754 SERMO
3149 1696 3234 1752 Ν.

2379 1822 2445 1860 DE
2483 1821 2810 1860 NATIVITATE
2848 1820 3189 1861 BEATISSIMzﬂ
3230 1820 3415 1860 NAR“
3454 1818 3725 1859 VlRGlNIS.

2290 1912 2653 1985 Approbatae
2678 1911 3130 1968 consuetudinis
3161 1916 3253 1968 est
3296 1910 3462 1985 apud
3509 1907 3899 1965 Christianos

2219 2005 2566 2058 sanctorum
2605 2003 2845 2057 Patrum
2887 1999 3017 2057 dies
3063 1999 3362 2057 natalitios
3401 1999 3737 2056 observare
3768 1997 3900 2053 dili-

2222 2093 2445 2159 genter,
2473 2093 2531 2146 et
2553 2089 2856 2162 praecipue
2881 2089 3121 2145 virtutes
3150 2105 3359 2145 eorum
3411 2087 3765 2158 assignatas
3807 2086 3897 2142 lit-

2220 2179 2360 2235 teris
2392 2178 2454 2234 in
2484 2177 2744 2233 Ecclesia
2772 2176 3020 2233 recitare
3050 2176 3131 2233 ad
3172 2176 3415 2233 laudem
3460 2176 3584 2247 Dei,
3613 2191 3691 2232 ex
3722 2175 3900 2246 cujus

2222 2282 2468 2323 munere
2510 2271 2668 2335 sunt,
2700 2270 2756 2321 et
2803 2264 2882 2321 ad
2918 2265 3316 2322 instrumenta
3360 2264 3691 2320 minorum.
3744 2268 3901 2320 Inter

2223 2372 2434 2412 omnes
2478 2360 2739 2423 sanctos,
2791 2354 3084 2411 memoria
3120 2354 3484 2411 beatissimus
3524 2353 3788 2425 Virginis
3830 2369 3898 2409 eo

2224 2445 2591 2518 frequentius
2647 2444 2843 2515 agitur
2910 2448 3089 2517 atque
3166 2443 3451 2512 festivius,
3514 2460 3642 2517 quo
3707 2443 3899 2515 majo-

2223 2551 2350 2591 rem
2404 2535 2658 2606 gratiam
2715 2534 2878 2607 apud
2909 2534 3254 2590 .Dominum
3308 2532 3567 2589 creditur
3634 2532 3899 2589 invenis-

2226 2640 2306 2680 se.
2345 2623 2507 2680 Unde
2536 2628 2674 2697 post
2700 2622 2817 2679 alia
2845 2622 3128 2695 quaedam
3173 2622 3361 2697 ipsius
3406 2621 3760 2694 antiquiora
3808 2637 3893 2676 so-

2223 2713 2467 2785 lemnia,
2499 2728 2621 2768 non
2671 2712 2777 2768 fuit
2826 2716 3105 2768 contenta
3147 2712 3385 2769 devotio
3414 2710 3717 2780 ﬁdelium,
3750 2711 3895 2784 quin

2226 2803 2549 2859 nativitatis
2579 2801 2846 2858 solemne
2876 2802 3310 2875 superadderet
3348 2800 3741 2857 hodiernum.
3782 2803 3896 2856 Hac

2225 2892 2425 2965 itaque
2467 2890 2563 2947 die
2606 2890 2984 2963 peculiariter
3009 2890 3071 2949 in
3099 2889 3360 2946 Ecclesia
3385 2889 3737 2946 recitandus
3767 2905 3899 2945 esse

398 3052 409 3057 ί
459 2983 707 3074 ceptura
759 2978 1189 3036 Puriﬂcationis
1246 2987 1302 3036 et
1357 2982 1675 3039 oblationis
1718 2983 2119 3055 impleverunt
2156 3016 2198 3074 α
2228 2981 2461 3037 videtur
2486 2980 2582 3036 ille
2609 2980 2779 3046 liber,
2807 2981 2912 3053 qui
2941 2981 3015 3036 de
3053 2983 3189 3037 ortu
3228 2981 3358 3051 ejus
3397 2984 3453 3035 et
3478 2978 3599 3035 vita
3626 2980 3905 3051 scriptus

460 3067 590 3124 aliae
618 3072 837 3123 matres
868 3083 939 3123 ex
969 3070 1340 3141 necessitate,
1373 3072 1518 3144 quia
1556 3072 1797 3144 pollutae
1827 3078 1885 3129 et
1911 3089 2119 3146 pecca-

459 3156 632 3213 trices
662 3160 866 3213 erant:
918 3159 1164 3230 quando
1208 3176 1350 3216 vero
1397 3162 1658 3218 Christus
1703 3167 1879 3218 natus
1927 3168 2014 3218 est
2043 3162 2118 3218 de

457 3245 807 3302 beatissima
829 3246 1063 3315 Virgine
1093 3248 1288 3315 Maria,
1322 3250 1455 3324 ipsa
1482 3267 1601 3307 non
1627 3251 1934 3320 indigebat
1962 3251 2120 3321 lega-

456 3334 499 3390 li
529 3333 966 3406 puriticationc,
993 3336 1137 3408 quia
1164 3339 1393 3394 munda
1424 3345 1549 3395 erat
1579 3344 1636 3395 et
1665 3344 1890 3396 sancta.
1925 3340 2120 3396 Humi-

456 3423 638 3479 litatis
664 3428 863 3478 tamen
901 3430 957 3479 et
996 3425 1347 3482 obedientize
1380 3443 1565 3482 causa
1601 3427 1717 3497 legi
1743 3445 1804 3483 se
1832 3428 2116 3497 subdens,

458 3510 703 3566 obedire
756 3510 904 3580 legis
953 3513 1232 3582 quamvis
1275 3530 1395 3569 non
1453 3514 1761 3583 indigeret,
1804 3516 2017 3572 obtulit
2058 3517 2119 3573 in

461 3596 684 3669 templo
706 3599 806 3652 Dei
831 3598 1021 3653 ﬁlium
1048 3616 1224 3655 suum
1258 3618 1393 3657 cum
1427 3603 1633 3658 hostiis
1654 3605 2120 3675 quadragesimo

459 3685 557 3741 die
586 3685 927 3753 nativitatis,
957 3686 1107 3743 sicut
1132 3694 1219 3744 est
1243 3690 1440 3746 hodie.
1474 3692 1993 3765 Sedprzesentatio
2020 3694 2120 3751 illa

458 3772 711 3844 insignis
767 3778 824 3830 et
862 3774 1122 3844 gloriosa
1163 3777 1308 3833 fuit:
1370 3760 1648 3835 movente
1695 3781 1855 3837 enim
1902 3782 2120 3855 Spiritu

460 3867 690 3933 sancto,
713 3870 1101 3921 occurrerunt
1129 3867 1182 3922 ei
1211 3872 1454 3924 sanctus
1494 3871 1789 3942 propheta
1825 3871 2033 3929 Simon
2066 3877 2121 3928 et

459 3955 631 4008 Anna
682 3958 889 4009 sancta
937 3954 1121 4010 vidua
1168 3960 1226 4011 et
1276 3957 1672 4028 prophetissa,
1706 3959 2022 4017 laudantes
2066 3966 2124 4018 et

457 4040 878 4099 benedicentes
910 4044 1229 4100 Dominum
1277 4046 1352 4102 de
1397 4047 1659 4104 adventu
1704 4050 1937 4117 Christi,
1972 4052 2123 4107 sicut

457 4128 673 4198 legitur
700 4130 760 4185 in
792 4132 1130 4201 Evangelia,
1160 4134 1450 4192 miracula
1473 4136 1826 4209 praebentes.
1858 4139 2120 4195 Christus

464 4231 725 4289 namque
754 4218 815 4273 in
860 4235 1037 4275 carne
1066 4222 1331 4289 veniens,
1364 4224 1596 4294 fratres,
1628 4227 1982 4283 ostendebat
2018 4243 2112 4300 pa-

626 4310 684 4390 et
723 4307 1071 4364 humilitatis
1115 4312 1478 4384 exemplum,
1520 4321 1577 4371 et
1617 4315 1835 4372 divinae
1882 4317 2118 4390 pietatis

460 4387 699 4446 indicia.
735 4390 893 4447 Sicut
919 4392 980 4447 in
1010 4394 1313 4451 nativitate
1356 4414 1485 4465 sua,
1515 4416 1654 4455 cum
1679 4387 1903 4471 jaceret
1926 4401 2120 4457 humi-

457 4475 589 4534 liter
614 4477 674 4533 in
701 4495 1019 4553 praesepio,
1037 4496 1196 4539 nova
1226 4485 1413 4556 stella,
1436 4491 1494 4543 et
1520 4486 1804 4545 laudibus
1833 4490 2119 4562 angelicis

459 4565 877 4623 celebrabatur
904 4568 966 4624 in
1005 4569 1152 4625 caelo
1181 4588 1193 4625 :
1229 4572 1313 4628 sic
1339 4576 1396 4629 et
1425 4575 1607 4631 modo
1653 4593 1790 4633 cum
1830 4578 2118 4651 parvulus

457 4655 789 4712 infantulus
823 4664 1282 4730 prtesentaretur
1310 4662 1371 4716 in
1418 4664 1661 4737 templo,
1696 4666 1770 4722 ad
1804 4667 2115 4723 declaran—

457 4745 602 4801 dam
641 4746 1010 4804 divinitatem
1054 4764 1227 4805 suam
1259 4751 1320 4806 in
1351 4768 1528 4809 carne
1556 4754 1889 4813 latitantem
1931 4758 2118 4814 corda

456 4836 889 4908 prophetarum
916 4838 1296 4897 illuminabat
1323 4843 1573 4915 Spiritus
1594 4852 1859 4903 sanctus.
1886 4851 2001 4904 Nos
2026 4864 2117 4904 er-

458 4941 533 4995 go
564 4926 663 4998 qui
696 4927 863 4983 illum
895 4944 1105 4984 verum
1138 4931 1459 4989 Dominum
1484 4939 1543 4991 et
1567 4934 1875 4991 hominem
1906 4937 2119 4994 adora-

457 5031 615 5079 mus,
647 5016 709 5071 in
740 5019 1096 5075 memoriam
1126 5023 1603 5079 Praesentationis
1648 5026 1777 5096 ejus
1806 5026 1866 5081 in
1895 5028 2118 5100 templo

459 5103 831 5160 celebramus
859 5108 1021 5163 hunc
1051 5109 1212 5166 diem
1255 5128 1392 5166 cum
1431 5112 1733 5170 oblatione
1763 5130 2073 5173 cereorum
2101 5136 2114 5173 :

459 5206 566 5263 per
610 5192 815 5249 lumen
861 5198 1033 5266 cerei,
1065 5198 1455 5262 divinitatem.
1489 5217 1597 5274 per
1638 5218 1836 5261 ceram
1889 5205 2116 5276 signiﬁ-

460 5284 662 5335 cantes
710 5298 953 5340 carnem
1005 5286 1192 5358 ipsius
1236 5290 1609 5360 virginalem.
1661 5293 1805 5367 Apis
1851 5296 2011 5352 enim
2063 5301 2122 5353 et

460 5368 670 5437 mellis,
702 5375 760 5427 et
786 5388 935 5430 certe
964 5375 1163 5448 opifex
1212 5380 1339 5435 sine
1388 5381 1547 5437 coitu
1586 5383 1768 5439 maris
1798 5390 1855 5439 et
1882 5384 2119 5442 feminae

459 5465 825 5532 procreatur.
858 5466 1019 5519 Patet
1049 5481 1191 5537 ergo
1237 5470 1382 5541 quia
1410 5473 1788 5529 Praesentatio
1820 5474 2026 5530 Christi
2056 5475 2118 5530 in

459 5549 684 5623 templo
731 5553 1023 5625 processit
1074 5572 1147 5611 ex
1202 5558 1545 5615 obedientia
1592 5560 1759 5630 legis,
1805 5566 1861 5617 et
1909 5568 2120 5621 nostra

462 5637 860 5708 signiﬁcativa
886 5642 1108 5700 oblatio
1138 5651 1244 5713 est,
1276 5662 1349 5703 ex
1376 5645 1537 5704 dulci
1562 5654 1620 5705 et
1640 5650 1962 5707 venerabili
1994 5666 2117 5708 me-

2227 3070 2661 3142 inveniebatur,
2695 3070 2743 3125 si
2768 3086 2893 3126 non
2917 3069 3289 3142 judicassent
3322 3085 3457 3126 eum
3484 3071 3688 3125 Patres
3736 3068 3908 3124 inter

2227 3160 2579 3233 apocrypha
2608 3159 3073 3216 numerandum.
3116 3163 3188 3215 At
3215 3158 3496 3232 quoniam
3543 3157 3801 3228 magnis
3831 3173 3907 3213 ac

2229 3248 2599 3323 sapientibus
2631 3248 2773 3304 viris
2815 3248 2898 3305 ita
2926 3248 3124 3305 visum
3150 3252 3256 3315 est,
3284 3263 3395 3304 nos
3431 3245 3547 3302 alia
3573 3246 3903 3319 quaedam,

2229 3339 2335 3395 sed
2391 3354 2513 3394 non
2560 3338 2755 3394 aliena
2809 3338 3091 3410 legentes,
3144 3336 3611 3395 ecclesiasticum
3654 3352 3905 3393 morem

2228 3428 2442 3484 debitis
2467 3426 2676 3484 ofﬁciis
2706 3444 3128 3501 exsequamur.
3149 3431 3325 3485 Beata
3345 3442 3486 3497 ergo
3509 3426 3753 3482 Domini
3783 3429 3906 3483 Ma-

2228 3523 2316 3574 ter
2342 3522 2400 3573 et
2427 3521 2718 3590 perpetua
2746 3517 2920 3587 Virgo
2940 3517 3139 3585 Maria,
3156 3517 3515 3591 priusquam
3541 3521 3906 3571 nasceretur

2229 3606 2485 3662 oraculis
2514 3606 2822 3663 enuntiata
2850 3613 2961 3677 est,
2974 3611 3031 3662 et
3058 3606 3372 3676 designata
3402 3604 3736 3673 miraculis,
3756 3610 3903 3661 nata

2228 3713 2371 3752 vero
2401 3695 2684 3769 progenie
2714 3695 2997 3752 divinitus
3025 3696 3329 3758 ordinata,
3373 3694 3690 3768 privilegio
3719 3695 3905 3751 virtu-

2230 3791 2358 3841 tum
2394 3785 2648 3855 insignis
2679 3785 2908 3856 enituit,
2945 3785 3309 3843 Salvatorem
3338 3784 3522 3841 edidit
3547 3799 3584 3840 a
3612 3800 3746 3857 quo
3774 3784 3901 3854 glo-

2230 3875 2458 3931 riﬁcata
2504 3874 2565 3930 in
2605 3874 2778 3945 caelo,
2824 3891 3142 3948 nunquam
3183 3874 3491 3944 terrigenis
3528 3872 3901 3946 patrocinari

2230 3963 2478 4020 desistit.
2502 3963 2973 4036 Propositionem
2998 3967 3285 4037 sequatur
3312 3962 3522 4020 ordine
3549 3978 3664 4019 sua
3691 3977 3901 4019 narra-

2229 4052 2331 4109 tio.
2358 4054 2610 4125 Jamque
2639 4053 2970 4110 referamus
2986 4068 3179 4109 unum
3206 4052 3283 4109 de
3311 4052 3660 4126 praataxatis
3689 4068 3902 4108 oracu-

2228 4139 2319 4208 lis,
2344 4156 2413 4197 ac
2438 4140 2654 4197 deinde
2671 4140 2880 4214 paucis
2904 4140 3315 4214 expediamus.
3350 4139 3502 4196 Dixit
3512 4141 3802 4196 .IEternus
3822 4138 3899 4195 ad

2228 4234 2513 4300 veterem,
2543 4231 2696 4285 Deus
2744 4229 2822 4285 ad
2870 4234 3207 4304 serpentem
3236 4246 3248 4285 :
3291 4229 3648 4286 Inimicitias
3668 4244 3897 4299 ponam

2230 4318 2390 4374 inter
2418 4324 2475 4375 te
2518 4323 2574 4374 et
2621 4319 2952 4381 mulierem,
2986 4325 3041 4377 et
3067 4334 3258 4376 semen
3287 4324 3478 4388 tuum,
3510 4323 3568 4375 et
3592 4333 3798 4375 semen
3824 4318 3900 4373 il-

2234 4408 2348 4462 lius
2380 4407 2549 4477 (Gen.
2591 4422 2674 4478 in,
2710 4408 2813 4479 t5).
2862 4407 3018 4473 Quid
3063 4412 3170 4476 est,
3211 4407 3442 4475 fratres,
3492 4407 3554 4463 in
3597 4406 3717 4463 hoc
3766 4406 3899 4463 loco

2229 4495 2518 4568 serpentis
2547 4500 2726 4569 caput
2756 4500 3080 4565 conterere,
3118 4497 3229 4552 nisi
3258 4495 3658 4570 principalem
3684 4494 3900 4553 diabo-

2226 4583 2267 4639 li
2295 4585 2761 4655 suggestionem,
2804 4584 2865 4640 id
2895 4589 2983 4641 est
3010 4585 3579 4659 concupiscentiam,
3612 4585 3899 4642 resisten-

2227 4672 2307 4728 do
2338 4689 2621 4747 superare
2640 4676 2668 4730 ?
2718 4674 2775 4730 Si
2823 4690 2967 4744 ergo
3015 4679 3320 4747 quaeratur
3362 4690 3649 4748 quasnam
3678 4674 3901 4730 mulier

2226 4762 2576 4833 hujusmodi
2626 4762 2935 4820 victoriam
2984 4769 3233 4837 operata
3277 4765 3402 4822 sit?
3448 4764 3721 4838 profecto
3774 4778 3897 4820 non

2225 4853 2515 4925 reperitur
2565 4853 2626 4909 in
2674 4853 2833 4910 linea
2880 4855 3280 4926 generationis
3334 4855 3642 4924 humanm,
3701 4855 3897 4911 donec

2227 4942 2608 5015 perveniatur
2642 4944 2721 4999 ad
2768 4943 2930 5000 illam
2971 4943 3046 5001 de
3092 4961 3216 5017 qua
3263 4944 3501 5014 agimus
3545 4950 3899 5001 sanctarum

2227 5037 2519 5089 sanctam.
2544 5038 2613 5089 At
2633 5034 2681 5089 si
2710 5033 3124 5105 interrogetur,
3148 5034 3210 5090 in
3238 5050 3362 5108 quo
3393 5035 3691 5107 serpentis
3717 5038 3899 5109 caput

2226 5122 2319 5178 vel
2349 5122 2485 5196 ipsa
2513 5124 2901 5181 contriverit‘?
2950 5124 3238 5181 nimirum
3267 5124 3329 5181 in
3356 5140 3427 5181 eo
3457 5123 3627 5197 quod

2227 5216 2408 5268 tatem
2440 5211 2617 5268 simul
2643 5217 2699 5269 et
2726 5213 3123 5270 humilitatem
3158 5217 3274 5270 Deo
3303 5213 3686 5270 sacriﬁcavit.
3712 5213 3897 5284 Virgi-

2227 5301 2409 5357 nitate
2443 5318 2708 5376 namque
2739 5308 2973 5360 servata
3020 5304 3314 5376 probatur
3352 5302 3711 5359 exstinxisse
3755 5320 3896 5360 con-

2227 5390 2655 5461 cupiscentiam
2689 5393 2884 5448 carnis
2914 5411 2926 5461 ;
2958 5393 3311 5462 humilitate,
3340 5408 3477 5465 quae
3507 5391 3651 5448 facit
3672 5408 3899 5466 paupe-

2226 5493 2354 5532 rem
2384 5478 2614 5551 spiritu,
2642 5481 3191 5555 concupiscentiam
3217 5481 3451 5538 mentis.
3488 5479 3710 5553 Sicque
3741 5482 3898 5553 prin-

2227 5567 2403 5640 cipali
2446 5571 2827 5640 suggestione
2874 5571 3102 5628 diaboli
3150 5571 3327 5639 victa,
3374 5570 3663 5627 vitiosum
3716 5574 3899 5643 caput

2226 5654 2458 5711 virtutis
2488 5658 2641 5730 pede
2670 5659 2962 5716 contrivit.
2988 5663 3117 5717 Non
3146 5664 3346 5718 tamen
3373 5660 3497 5716 hoc
3518 5657 3674 5725 solo,
3700 5659 3810 5715 sed
3827 5674 3899 5714 eo
