4018 6176
128 156 226 213 321

1425 150 1796 210 SERHONES
1834 146 1933 211 AD
1971 144 2316 211 POPULUM.

123 290 316 352 quam
349 269 627 331 maxime
658 268 1072 342 triumphavit,
1101 271 1267 343 quod
1293 272 1370 328 de
1396 291 1512 333 sua
1540 276 1810 333 mundis-
1840 281 1889 333 Α
1924 276 2005 333 ita
2034 282 2099 333 ut
2124 278 2258 352 ipsa
2281 296 2524 354 quoque
2552 281 2824 338 vocabuli
2881 283 2972 339 sui
3027 284 3225 355 ﬁgura
3281 301 3578 355 magnum

121 368 279 424 sima
305 378 499 421 carne
525 365 853 435 corporata
875 360 1168 433 sapientia
1180 360 1341 419 dicit.
1366 366 1812 439 Usquequaque

120 456 428 515 malitiam
460 452 769 522 attingens
801 448 974 506 aﬁne
1005 467 1193 524 usque
1218 452 1297 508 ad
1326 453 1515 511 finem
1569 456 1814 525 fortiter,

117 554 173 606 et
200 547 558 621 disponens
587 540 801 599 omnia
833 540 1091 597 suaviter
1116 541 1279 613 (Sap.
1315 560 1437 614 Vill,
1476 546 1547 618 1).
1579 549 1710 602 Haec
1732 549 1819 601 est

115 654 261 709 ergo
288 634 523 693 mulier
544 632 624 690 ad
642 647 839 705 quam
856 629 1125 687 divinum
1142 631 1291 688 illud
1312 633 1668 693 intendebat
1687 652 1819 692 ora-

115 727 350 793 culum,
368 726 537 781 hanc
564 720 944 797 quandoque
959 720 1330 778 nascituram
1344 723 1817 793 innuebat,hanc

116 814 514 887 singulariter
539 809 884 869 intimabat.
920 808 1211 882 Expedito
1237 826 1425 883 quam
1454 814 1665 887 paucis
1681 829 1815 870 ora-

118 906 277 974 culo,
311 920 517 961 unum
557 915 810 975 quoque
840 898 915 954 de
946 898 1262 955 miraculis
1293 900 1662 960 absolvatur.

186 999 474 1067 Accepta:
501 996 648 1047 sunt
672 1006 711 1046 a
735 992 944 1045 sancto
971 991 1178 1062 Moyse
1218 988 1472 1060 singulae
1503 992 1686 1063 virgae
1742 993 1817 1049 de

122 1083 380 1155 singulis
414 1081 703 1139 tribubus
738 1078 937 1151 Israel,
968 1078 1332 1135 nominibus
1368 1097 1582 1138 earum
1613 1081 1817 1139 inscri-

117 1178 251 1247 ptaz,
301 1171 564 1243 jubente
623 1166 892 1234 Domino,
940 1170 1001 1223 et
1051 1166 1265 1241 posita:
1316 1166 1376 1223 in
1424 1170 1817 1227 tabernaculo

115 1263 244 1334 ejus
279 1260 482 1316 :inter
500 1274 661 1339 quas
696 1272 818 1312 una
869 1272 1010 1329 quae
1044 1256 1243 1312 fuerat
1285 1258 1516 1314 Aaroni
1573 1258 1817 1316 inventa

116 1356 201 1407 est
226 1347 514 1422 sequenti
540 1346 641 1403 die
672 1345 1070 1416 germinasse,
1112 1346 1416 1414 ﬂoruisse,
1449 1348 1813 1418 fronduisse,

115 1444 170 1496 et
195 1437 511 1513 peperisse
543 1433 884 1507 amygdala.
916 1434 1136 1491 Sciens
1162 1450 1302 1506 ergo
1354 1437 1654 1493 Dominus
1702 1438 1817 1494 hoc

115 1546 268 1603 opus
296 1543 482 1583 suum
511 1522 722 1595 magni
744 1537 864 1578 esse
891 1522 1200 1594 mysterii,
1219 1525 1407 1595 jussit
1429 1525 1656 1581 servari
1704 1526 1816 1582 vir-

1923 367 2217 440 quiddam
2244 368 2518 427 innueret
2545 390 2557 426 :
2588 370 3003 444 interpretatur
3033 374 3195 430 enim
3221 376 3410 431 maris
3440 379 3579 433 stel-

1926 459 2008 513 la.
2043 457 2195 523 Quid
2226 475 2369 530 ergo
2400 460 2723 532 mysticum
2754 462 2881 517 haec
2922 463 3330 537 interpretatio
3389 471 3576 537 gerat,

1924 562 2031 618 per
2061 546 2511 606 similitudinem
2541 550 2951 606 ostendamus.
2973 553 3174 608 Nautis
3206 554 3432 627 quippe
3452 572 3579 613 ma-

1924 652 1986 692 re
2011 638 2479 707 transeuntibus,
2508 644 2715 696 notare
2759 657 2912 713 opus
2970 646 3057 697 est
3106 642 3339 699 stellam
3396 646 3575 715 hanc,

1923 723 2101 795 longe
2129 741 2166 782 a
2204 743 2447 784 summo
2479 729 2610 785 coeli
2641 728 2883 785 cardine
2910 735 3347 800 coruscantem,
3398 738 3455 789 et
3504 750 3577 791 ex

1922 819 2195 887 respectu
2248 816 2400 871 illius
2442 818 2736 874 aestimare
2789 823 2967 891 atque
3016 818 3271 889 dirigere
3327 838 3573 878 cursum

1924 920 2122 970 suum,
2159 907 2220 959 ut
2266 910 2507 977 portum
2545 906 2908 963 destinatum
2938 908 3388 980 apprehendere
3438 925 3578 982 pos-

1924 996 2059 1049 sint.
2093 993 2279 1050 Simili
2303 995 2507 1062 modo,
2540 995 2773 1062 fratres,
2806 1002 3038 1068 oportet
3062 997 3372 1054 universos
3423 999 3582 1056 Chri-

1924 1083 2186 1146 sticolas,
2218 1084 2368 1141 inter
2394 1086 2610 1142 fluctus
2639 1087 2822 1158 hujus
2849 1087 3051 1142 saeculi
3085 1088 3468 1161 remigantes,
3499 1094 3581 1145 at-

1923 1172 2164 1229 tendere
2189 1174 2373 1230 maris
2403 1175 2633 1232 stellam
2663 1176 2841 1245 hanc,
2872 1176 2930 1231 id
2982 1182 3071 1232 est
3122 1177 3387 1247 Mariam,
3442 1196 3580 1251 qua:

1926 1276 2211 1333 supremo
2242 1279 2439 1319 rerum
2470 1263 2731 1319 cardinis
2760 1267 2879 1319 Deo
2904 1264 3180 1336 proxima
3200 1270 3307 1335 est,
3363 1271 3421 1321 et
3456 1282 3580 1322 res-

1922 1354 2099 1422 pectu
2132 1352 2388 1423 exempli
2440 1353 2570 1423 ejus
2624 1368 2868 1408 cursum
2916 1353 3049 1408 vitae
3098 1352 3373 1425 dirigere.
3408 1355 3581 1419 Quod

1924 1438 2030 1510 qui
2061 1438 2259 1495 fecerit
2287 1455 2407 1496 non
2432 1441 2756 1511 jactabitur
2784 1458 2956 1499 vanae
2985 1441 3186 1512 gloriae
3216 1447 3411 1512 vento,
3468 1459 3579 1498 nec

1927 1528 2232 1598 frangetur
2264 1530 2524 1603 scopulis
2558 1532 2969 1599 adversorum,
2999 1548 3107 1587 nec
3159 1532 3582 1588 absorbebitur

116 1636 256 1691 gam
279 1617 358 1674 ad
392 1616 851 1673 monimentum.
902 1612 1311 1669 Manebantur
1351 1615 1526 1670 enim
1582 1615 1683 1671 ﬁlii
1732 1621 1818 1671 ls-
1856 1630 1898 1684 Β
1929 1616 2169 1688 scylltea
2196 1618 2480 1683 voragine
2506 1619 2903 1693 voluptatum,
2939 1621 3045 1676 sed
3074 1636 3355 1694 prospere
3385 1624 3582 1678 veniet

114 1709 239 1766 rael
264 1704 594 1782 praesentia
622 1703 818 1773 virgae,
846 1717 1134 1774 quaerere
1168 1703 1430 1759 sollicite
1462 1704 1614 1777 quid
1645 1704 1821 1776 signi-

113 1802 323 1858 ﬁcaret
352 1802 477 1854 tam
508 1792 779 1851 mirabile
808 1791 1067 1859 factum,
1096 1793 1262 1865 quod
1281 1793 1481 1865 longo
1508 1799 1649 1867 post
1677 1810 1819 1867 ape-

116 1890 283 1947 riens
315 1886 559 1944 divinus
592 1882 775 1940 Isaias
802 1898 813 1935 :
844 1881 1252 1953 Egredietur,
1290 1882 1525 1956 inquit,
1553 1884 1726 1954 virga
1751 1883 1824 1938 de

117 1980 334 2036 radice
356 1978 529 2042 Jesse,
552 1979 608 2031 et
636 1975 746 2044 ﬂos
773 1972 841 2027 de
865 1972 1084 2027 radice
1116 1974 1244 2043 ejus
1271 1972 1585 2038 ascendet,
1621 1977 1673 2028 et
1732 1986 1824 2027 re-

117 2071 385 2143 quiescet
415 2079 602 2136 super
629 2079 761 2120 eum
792 2062 1067 2131 Spiritus
1122 2063 1373 2118 Dommi
1426 2062 1573 2131 ([sa.
1607 2078 1687 2131 χι,
1752 2064 1819 2128 t).

114 2158 204 2216 Ad
233 2158 370 2214 haec
400 2154 595 2211 verba
622 2157 914 2224 tanquam
948 2149 1254 2207 auditores
1275 2151 1328 2221 ej
1340 2167 1414 2206 us
1447 2150 1718 2207 dicerent
1743 2150 1823 2205 :0

115 2252 287 2323 pater
318 2244 507 2317 Isaia,
533 2243 794 2299 obscure
849 2239 1139 2313 loqueris,
1184 2240 1280 2297 die
1319 2239 1525 2306 nobis,
1587 2254 1821 2313 quasso,

113 2338 313 2411 ipsam
345 2351 483 2392 rem
528 2331 893 2413 manifeste“
930 2330 1151 2402 adjecit
1203 2329 1543 2386 claritatem
1602 2335 1659 2386 et
1690 2330 1774 2387 ait
1807 2346 1820 2384 :

114 2429 271 2485 Ecce
296 2428 484 2497 virgo
510 2422 804 2492 concipiet
834 2426 889 2477 et
914 2421 1116 2490 pariet
1143 2420 1364 2489 ﬁlium,
1395 2426 1453 2476 et
1496 2422 1823 2477 vocabitur

115 2534 334 2576 nomen
368 2519 504 2587 ejus
533 2512 900 2569 Emmanuel
931 2511 1069 2582 (Isa.
1102 2527 1194 2577 vn,
1229 2512 1337 2581 14).
1397 2509 1611 2566 Filium
1670 2526 1823 2585 quo-

115 2624 233 2682 que
262 2603 552 2677 Virginis,
586 2602 647 2659 id
677 2606 766 2658 est
783 2598 1253 2669 Emmanuelem,
1272 2598 1561 2672 praeclare
1589 2599 1825 2657 descri-

118 2697 270 2752 bens
304 2713 320 2750 :
350 2697 542 2764 Puer,
566 2690 781 2764 inquit,
806 2695 989 2746 natus
1018 2694 1099 2745 est
1156 2689 1344 2758 nobis,
1403 2689 1571 2758 ﬁlius
1628 2691 1823 2747 datus

118 2792 201 2842 est
234 2784 436 2844 nobis,
486 2788 542 2838 et
597 2779 915 2836 vocabitur
962 2792 1168 2833 nomen
1223 2779 1353 2847 ejus
1384 2777 1820 2845 Admirabilis,

123 2872 564 2940 Consiliarius,
578 2871 736 2926 Deus
758 2867 965 2939 fortis,
982 2867 1164 2922 Pater
1179 2868 1278 2936 fut
1286 2867 1387 2921 uri
1399 2866 1607 2921 saeculi
1615 2868 1827 2935 ,Prin-

1930 1703 2010 1760 ad
2030 1710 2270 1777 portum
2298 1706 2513 1779 quietis
2540 1713 2793 1764 aeternae.
2828 1708 2927 1763 Hic
2971 1709 3017 1764 si
3068 1709 3205 1782 quis
3260 1710 3583 1779 interroget

1929 1793 2155 1864 dicens,
2178 1796 2319 1868 quid
2345 1812 2486 1867 ergo
2516 1802 2693 1870 putas
2723 1797 2920 1870 qualis
2943 1797 3083 1853 olim
3110 1798 3171 1853 in
3194 1799 3397 1855 anima
3453 1799 3581 1854 fue-

1929 1882 2021 1951 rit,
2051 1884 2144 1939 vel
2172 1901 2334 1942 nunc
2362 1886 2453 1957 sit,
2486 1887 2617 1947 haec
2650 1903 2932 1959 persona,
2985 1903 3120 1959 quae
3166 1887 3250 1942 sic
3299 1887 3583 1943 omnibus

1931 1972 2148 2028 sanctis
2169 1974 2494 2046 spectanda
2527 1980 2705 2047 atque
2736 1974 3028 2031 imitanda
3058 1975 3457 2048 proponitur?
3485 1990 3583 2030 ve-

1931 2060 2141 2117 raciter
2170 2064 2627 2136 respondemus,
2656 2064 2793 2136 quia
2829 2064 3007 2135 longe
3039 2064 3352 2137 perfectior
3394 2079 3585 2136 quam

1930 2156 2135 2208 nostra
2154 2152 2421 2209 oratione
2453 2152 2854 2210 demonstrari
2882 2154 3086 2226 possit.
3120 2157 3341 2209 Tamen
3372 2169 3446 2208 ne
3501 2152 3585 2208 ibi

1930 2239 2076 2295 nihil
2106 2240 2301 2297 dicere
2324 2258 2672 2311 arguamur,
2706 2242 2805 2299 ubi
2835 2244 3031 2314 major
3060 2242 3250 2299 afﬂuit
3273 2242 3447 2314 copia
3498 2240 3587 2297 (ϋ-

1931 2329 2281 2402 cendorum,
2304 2336 2677 2388 reservantes
2709 2332 2899 2388 multa
2928 2338 3107 2406 atque
3133 2348 3356 2401 magna
3385 2331 3589 2387 facun-

1931 2420 2046 2493 dis,
2070 2421 2281 2478 saltem
2311 2439 2508 2496 pauca
2531 2422 2806 2478 dicamus
2839 2438 3020 2495 super
3047 2423 3183 2493 hoc,
3239 2426 3294 2477 et
3340 2438 3476 2493 quae
3506 2420 3592 2477 fa-

1933 2508 2041 2565 cile
2069 2511 2397 2583 probentur
2427 2511 2649 2568 audita.
2682 2515 2798 2567 Hoc
2829 2512 3008 2581 igitur
3033 2512 3094 2567 in
3125 2510 3333 2582 primis
3364 2514 3590 2566 astrue-

1931 2614 1993 2657 re
2023 2599 2112 2654 fas
2142 2604 2253 2669 est,
2280 2601 2445 2674 quod
2477 2600 2681 2657 anima
2706 2600 2895 2673 ipsius
2926 2605 2983 2656 et
3010 2615 3152 2655 caro
3175 2613 3362 2670 quam
3392 2597 3588 2667 elegit,

1932 2694 1990 2744 et
2014 2689 2427 2745 habitaculum
2450 2690 2563 2745 sibi
2585 2690 2719 2745 fecit
2737 2689 3037 2762 Sapientia
3052 2688 3151 2744 Dei
3165 2685 3453 2755 Patris,ab
3465 2703 3593 2742 om-

1932 2778 1994 2835 ni
2024 2779 2250 2835 malitia
2304 2785 2361 2836 et
2385 2779 2766 2835 immunditia
2791 2777 3131 2851 purissima:
3147 2776 3404 2843 fuerunt,
3428 2773 3590 2831 afﬁr-

1933 2873 2137 2924 mante
2164 2869 2465 2943 Scriptura
2497 2886 2508 2923 :
2541 2868 2831 2936 Quoniam
2856 2870 2918 2923 in
2950 2867 3304 2923 malevolam
3326 2866 3592 2923 animam

128 2980 263 3035 ceps
283 2962 465 3033 pacis
486 2976 509 3017 .'
540 2956 1056 3028 multiplicabitur
1079 2957 1205 3025 ejus
1227 2956 1620 3049 imperium_et
1646 2957 1828 3027 regni
1857 2990 1898 3049 Β
1937 2976 2055 3016 non
2078 2961 2349 3016 introibit
2382 2960 2697 3030 sapientia,
2733 2973 2839 3013 nec
2897 2956 3189 3013 habitabit
3233 2955 3293 3009 in
3344 2971 3594 3026 corpore

134 3055 261 3123 ejus
291 3067 421 3107 non
457 3054 574 3106 erit
602 3049 741 3117 ﬁnis
771 3047 914 3117 (Isa.
946 3060 1023 3111 ix,
1056 3044 1129 3116 6).
1154 3043 1330 3110 Quod
1362 3058 1504 3113 ergo
1530 3043 1695 3099 Deus
1721 3044 1839 3101 de-'

135 3141 407 3213 signavit
449 3136 774 3207 miraculo,
801 3135 921 3191 hoc
947 3149 983 3189 a
1013 3139 1237 3191 secreto
1265 3132 1452 3190 Isaias
1494 3132 1702 3205 prodit
1731 3150 1831 3190 va-

137 3230 361 3289 ticinio.
424 3231 492 3284 Et
540 3225 709 3300 quod
763 3229 932 3281 vates
981 3223 1209 3291 cecinit,
1253 3224 1699 3293 consequenter
1745 3222 1828 3277 rei

134 3321 337 3378 exitus
369 3315 760 3393 approbavit.
805 3318 954 3371 Nam
985 3313 1134 3369 sicut
1160 3312 1264 3368 illa
1284 3311 1451 3381 virga
1507 3310 1635 3366 sine
1666 3312 1825 3368 radi-

134 3427 226 3477 ce,
255 3409 390 3465 sine
419 3405 697 3480 quolibet
723 3407 957 3460 natura:
978 3401 1070 3458 vel
1092 3402 1234 3457 artis
1266 3397 1635 3456 adminiculo
1668 3399 1827 3457 fruc-

138 3498 392 3555 tiﬁcavit
414 3515 429 3552 :
464 3497 548 3552 ita
572 3494 752 3566 Virgo
767 3492 948 3550 Maria
965 3493 1088 3547 sine
1117 3490 1251 3561 conj
1260 3488 1421 3559 ugali
1439 3502 1618 3560 opere
1634 3487 1823 3546 ﬁlium

138 3588 508 3661 procreavit,
539 3583 736 3641 ﬁlium
768 3596 916 3639 sane
935 3580 1080 3636 ﬂore
1109 3579 1496 3650 designatum
1522 3580 1578 3632 et
1594 3575 1823 3643 fructu;

137 3677 316 3746 ﬂore,
338 3680 591 3750 propter
621 3672 907 3747 speciem,
936 3671 1155 3741 fructu,
1191 3672 1438 3742 propter
1488 3665 1823 3724 utilitatem.

138 3770 245 3824 Est
265 3767 434 3824 enim
453 3766 755 3836 speciosus
773 3764 1116 3833 formapraa
1132 3760 1278 3830 ﬁliis
1306 3758 1612 3814 hominum
1638 3756 1824 3828 (Psal.

142 3874 312 3926 xuv,
345 3860 427 3921 3),
458 3860 517 3911 et
542 3852 739 3910 vitalis
771 3849 1011 3908 refectio
1063 3865 1187 3905 non
1231 3846 1429 3905 solum
1481 3844 1824 3916 hominum,

135 3946 260 4003 sed
293 3945 479 4002 etiam
503 3943 880 4014 angelorum.
913 3940 1060 3996 Hinc
1085 3938 1340 3995 breviter
1356 3939 1587 3993 asserta
1612 3950 1831 4009 propo-

133 4034 391 4094 sitionis
410 4034 702 4109 particula
720 4032 938 4107 prima,
963 4028 1131 4103 quod
1151 4031 1422 4101 sequitur
1433 4025 1825 4094 attingamus.

216 4128 377 4181 Nata
409 4128 497 4180 est
527 4122 706 4193 igitur
735 4118 1088 4176 beatissima
1119 4116 1315 4186 Virgo,
1348 4113 1503 4170 sicut
1548 4111 1826 4185 legimus,

136 4220 322 4287 patre
375 4216 701 4278 Nazareno,
766 4213 955 4265 matre
979 4203 1427 4271 Bethlebemita,
1458 4217 1616 4275 quas
1651 4202 1831 4260 urbes

144 4303 369 4361 Christi
403 4300 700 4359 nativitati
728 4298 823 4355 vel
849 4295 1286 4355 conversationi
1308 4292 1643 4351 destinatas
1697 4310 1831 4351 esse

142 4393 471 4467 prophetis
503 4406 628 4447 non
652 4391 977 4445 tacuerant.
1019 4384 1330 4442 Descendit
1352 4388 1557 4440 autem
1610 4382 1690 4439 ab
1742 4400 1833 4440 ra-

141 4482 290 4539 dice
315 4480 484 4537 illius
517 4478 637 4535 ﬁde
667 4476 936 4552 praeclari
965 4475 1242 4541 Abrahae,
1276 4473 1372 4529 cui
1392 4487 1651 4546 superne
1700 4488 1835 4545 pro-

138 4571 351 4630 missa
381 4569 579 4626 fuerat
597 4566 931 4625 benedictio
956 4563 1233 4623 omnium
1255 4562 1524 4634 gentium
1552 4560 1615 4616 in
1664 4561 1837 4617 semi-

136 4678 228 4719 ne
252 4664 461 4730 suo,et
482 4658 560 4715 ab
582 4657 758 4730 stirpe
781 4655 1176 4727 David,quem
1198 4655 1352 4709 Deus
1367 4654 1613 4724 propter
1626 4654 1836 4706 notam

141 4751 279 4810 sibi
295 4748 666 4824 probitatem
719 4746 959 4817 egregia
979 4744 1159 4801 laude
1190 4741 1554 4809 sublimavit,
1586 4739 1791 4797 dicens
1819 4757 1832 4794 ε

138 4841 391 4901 Inveni
420 4842 616 4895 virum
642 4836 963 4893 secundum
997 4850 1102 4890 cor
1128 4848 1322 4889 meum
1377 4831 1534 4902 (Act.
1567 4846 1689 4897 xm,
1720 4829 1833 4899 2‘2).

138 4937 242 4991 De
292 4927 491 4999 regali
539 4941 757 4998 nempe
786 4924 943 4981 tribu
970 4921 1151 4979 simul
1172 4925 1231 4978 et
1258 4918 1613 4977 sacerdotali
1670 4916 1842 4973 duxit

139 5021 471 5094 orginem,
497 5032 634 5084 quae
654 5031 963 5071 summum
994 5016 1216 5082 Regem
1265 5015 1446 5083 atque
1493 5007 1839 5063 Pontiﬁcem

140 5118 289 5172 erat
312 5106 611 5184 paritura.
644 5108 769 5162 Non
798 5108 999 5161 tamen
1030 5103 1162 5158 haec
1211 5100 1437 5157 idcirco
1490 5096 1838 5165 dixerimus,

140 5200 339 5277 quod
376 5194 672 5254 Dominus
695 5195 801 5268 qui
826 5196 1171 5267 peccatores
1192 5205 1409 5247 vocare
1439 5186 1616 5254 venit,
1674 5184 1841 5241 dedi-

142 5296 396 5364 gnatus
429 5286 507 5342 sit
533 5290 785 5341 matrem
808 5300 980 5339 suam
1004 5285 1350 5357 peccatores
1375 5277 1597 5335 habere
1620 5290 1843 5345 cogna-

144 5363 287 5447 tos,
320 5378 485 5433 inter
504 5390 661 5449 quos
692 5373 964 5447 speciosa
988 5371 1147 5428 velut
1196 5371 1349 5426 inter
1397 5366 1603 5439 spinas
1653 5363 1844 5419 lilium

146 5469 524 5544 appareret.
555 5466 687 5520 Haec
711 5463 913 5535 itaque
933 5462 1118 5519 electa
1134 5465 1191 5516 et
1218 5456 1470 5529 insignis
1494 5454 1645 5510 inter
1671 5452 1844 5522 ﬁlias,

146 5574 301 5619 non
324 5554 580 5613 fortuitu
602 5553 874 5628 quidem,
898 5557 1000 5608 aut
1023 5551 1154 5607 solo
1184 5548 1403 5622 placito
1423 5547 1740 5617 parentum
1784 5545 1850 5596 ut

148 5648 480 5727 plerique,
523 5643 630 5701 sed
655 5642 860 5702 divina
877 5638 1322 5715 dispensatione
1349 5648 1572 5693 nomen
1601 5630 1846 5704 accepit,

1936 3048 2169 3105 subdito
2197 3050 2458 3118 peccatis
2481 3049 2649 3119 (Sap.
2683 3063 2721 3112 ι,
2748 3047 2823 3116 4).
2858 3048 2998 3101 Item
3028 3049 3268 3101 econtra
3289 3045 3593 3103 conﬁden—

1935 3142 2023 3193 ter
2053 3136 2401 3205 asserimus,
2428 3137 2576 3211 quia
2595 3133 2761 3190 nullo
2778 3131 3062 3188 virtutum
3086 3148 3299 3206 genere
3315 3134 3589 3202 vacabat,

1937 3227 2032 3284 cui
2086 3226 2519 3300 plenitudinem
2572 3224 2775 3295 gratiae
2817 3220 2917 3277 Dei
2968 3222 3211 3277 nuntius
3289 3224 3594 3281 asserebat

1935 3318 2148 3373 inesse.
2176 3317 2368 3384 Quod,
2401 3318 2717 3375 attestante
2740 3310 3119 3382 archangelo,
3163 3312 3442 3384 quamvis
3491 3330 3591 3371 ne-

1935 3424 2037 3464 mo
2068 3422 2219 3464 sana
2238 3413 2437 3464 mente
2458 3403 2783 3474 discredat,
2842 3407 3036 3458 tamen
3094 3402 3143 3457 si
3206 3402 3342 3475 quis
3392 3404 3590 3461 adhuc

1934 3496 2036 3570 pio
2063 3494 2360 3552 desiderio
2385 3498 2629 3570 qumrat
2656 3495 3007 3563 argumenta
3035 3490 3318 3547 virtutum
3349 3507 3424 3548 ex
3458 3509 3590 3549 ver-

1934 3585 2028 3641 bis
2089 3589 2145 3641 et
2201 3585 2371 3643 factis
2416 3590 2557 3661 ejus
2600 3600 2734 3658 quae
2790 3579 3085 3654 Scriptura
3136 3587 3589 3651 commemorat,

1936 3678 2105 3731 tanto
2134 3673 2247 3731 sibi
2276 3675 2514 3733 facilius
2540 3675 2873 3741 occurrent,
2895 3674 3119 3743 quanto
3158 3670 3283 3743 ipse
3311 3671 3372 3727 in
3425 3687 3591 3746 quae-

1935 3764 2125 3820 rendo
2150 3764 2383 3821 ﬁdelior
2403 3768 2534 3822 erit.
2565 3767 2710 3821 Sunt
2738 3766 2933 3817 autem
2965 3777 3037 3816 ex
3056 3760 3137 3815 eis
3152 3761 3435 3832 quaedam
3465 3779 3592 3817 om-

1935 3853 1999 3909 ni
2026 3854 2149 3909 fere
2178 3853 2515 3909 Christiano
2570 3850 2902 3924 perspicua.
2949 3847 3089 3914 Quis
3136 3848 3295 3903 enim
3350 3854 3439 3904 est
3486 3850 3593 3921 qui

1937 3961 2078 4001 cum
2104 3942 2379 4014 jucunda
2404 3940 2801 3997 admiratione
2850 3954 2972 3993 non
3024 3936 3358 4009 speculetur
3404 3937 3592 4009 ipsius

1937 4034 2192 4085 maturae
2220 4024 2622 4083 adolescentis
2644 4022 3070 4089 fortitudinem,
3101 4025 3158 4076 et
3186 4021 3589 4094 prudentiam,

1939 4120 1998 4172 et
2024 4113 2208 4169 ﬁdem
2238 4111 2300 4166 in
2331 4108 2631 4181 colloquio
2654 4107 2944 4178 angelico,
2971 4106 3074 4162 ubi
3100 4111 3222 4162 tam
3252 4111 3594 4163 constanter

1940 4196 2258 4269 eloquitur,
2288 4199 2410 4251 tam
2440 4192 2766 4266 prudenter
2795 4190 3135 4262 interrogat,
3183 4208 3371 4264 quam
3424 4191 3594 4249 facile

1940 4281 2175 4339 credit?
2202 4279 2345 4345 Quis
2377 4277 2536 4334 enim
2567 4292 2690 4333 non
2721 4275 2917 4333 videat
2946 4292 3016 4332 ac
3041 4275 3301 4332 videndo
3350 4276 3597 4333 miretur

1936 4364 2229 4438 justitiam
2260 4364 2411 4434 ejus,
2443 4378 2565 4434 qua
2596 4362 2677 4417 sic
2702 4360 2983 4417 universa
3035 4366 3335 4435 praecepta
3378 4362 3596 4418 divinae

1941 4450 2090 4519 legis
2137 4446 2472 4518 satagebat,
2530 4445 2798 4519 implere,
2853 4450 2918 4502 ut
2937 4461 3047 4502 nec
3100 4446 3174 4502 ad
3209 4464 3270 4503 se
3299 4448 3595 4520 pertinen-

1944 4536 2025 4592 tia
2051 4532 2351 4605 inexpleta
2378 4530 2788 4604 relinqueret?
2817 4531 2989 4586 Verbi
3019 4530 3206 4600 gratia
3234 4550 3247 4587 :
3280 4537 3417 4605 post
3464 4547 3599 4602 par-

1943 4624 2071 4674 tum
2103 4616 2258 4673 enim
2283 4615 2697 4689 puriﬁcatione
2722 4615 2896 4685 legali
2942 4631 3129 4688 quam
3185 4615 3420 4685 agebat,
3473 4629 3597 4669 non

1943 4702 2176 4773 egebat,
2209 4701 2353 4774 quia
2374 4700 2567 4756 virum
2593 4700 2654 4756 in
2681 4700 3072 4765 concipiendo
3088 4714 3209 4755 non
3230 4703 3491 4755 noverat.
3518 4700 3597 4753 De

1944 4785 2340 4859 temperantia
2349 4801 2593 4857 quoque
2607 4784 2795 4857 ipsius
2819 4785 3091 4856 superius
3107 4783 3331 4838 dictum
3350 4787 3598 4853 est,quae

1948 4873 2066 4926 Deo
2086 4867 2440 4940 virginitatis
2452 4867 2641 4924 lilium
2672 4869 2731 4924 in
2757 4867 3105 4925 humilitatis
3121 4866 3275 4922 valle
3295 4865 3595 4939 produxit.

1948 4957 2093 5010 Cum
2116 4970 2259 5025 ergo
2296 4951 2613 5008 virtutibus
2641 4951 2997 5025 supradictis
3038 4951 3192 5007 facta
3244 4951 3374 5022 ejus
3420 4949 3600 5023 plena

1947 5043 2086 5094 sunt
2111 5043 2290 5111 atque
2316 5037 2494 5102 dicta,
2524 5036 2912 5093 manifestum
2938 5039 3030 5091 est
3050 5049 3173 5091 non
3206 5035 3399 5091 solum
3426 5039 3599 5091 attes-

1947 5122 2166 5179 tatione
2188 5120 2479 5193 angelica,
2513 5120 2619 5176 sed
2645 5121 2824 5177 etiam
2847 5136 3049 5175 rerum
3097 5124 3453 5190 argumento
3474 5119 3602 5176 nul-

1947 5207 2072 5263 lum
2102 5205 2327 5263 virtutis
2356 5203 2718 5261 beatissimus
2738 5203 2953 5274 Virgini
2982 5203 3259 5260 defuisse.
3286 5208 3603 5279 Deprome-

1946 5290 2095 5347 bant
2122 5289 2323 5361 itaque
2348 5287 2591 5343 virtutes
2621 5288 2682 5344 in
2706 5287 3061 5358 cogitatione
3086 5293 3143 5345 et
3166 5288 3382 5345 aﬁ‘ectu
3405 5290 3602 5347 cordis

1948 5375 2079 5446 ejus
2102 5371 2466 5429 ineffabilem
2490 5371 2894 5443 harmoniam,
2930 5390 3115 5447 quam
3165 5374 3297 5447 ipsa
3352 5374 3602 5431 creatrix

1950 5464 2006 5515 et
2034 5456 2416 5514 inhabitatrix
2446 5456 2574 5526 ejus
2598 5456 2701 5513 Dei
2731 5457 3022 5529 sapientia
3046 5458 3455 5515 delectabatur
3502 5475 3604 5514 au-

1951 5544 2110 5607 dire;
2140 5540 2538 5597 coruscabant
2567 5540 2706 5597 foris
2762 5542 2821 5597 in
2868 5543 3179 5616 superﬁcie
3229 5543 3520 5599 sermonis
3546 5546 3603 5597 et

1953 5634 2140 5696 actus,
2173 5627 2332 5684 unde
2383 5625 2594 5684 merito
2640 5625 2872 5702 possint
2930 5628 3204 5686 homines
3272 5627 3601 5699 gloriﬁcare

3477 157 3580 216 322
3662 214 3667 219 .
