3996 6176
497 161 604 216 323

1541 156 1596 212 S.
1641 153 1974 212 FULBERTI
2011 147 2493 210 CARNOTENSIS
2532 153 2866 211 EPISCOPI.

3818 160 3917 214 314

499 287 707 351 Deum,
737 287 796 339 et
824 281 1097 354 exempla
1129 279 1333 337 salutis
1364 279 1652 353 accipere.
1685 280 1806 338 Tali
1832 295 1978 350 ergo
2025 283 2150 334 tan-
2179 278 2227 330 Α
2263 291 2366 331 ore
2397 275 2740 350 susciperet,
2795 278 2974 334 facies
3004 275 3232 332 refulsit
3270 239 3338 332 ut
3392 275 3501 332 sol.
3561 279 3918 354 Peractoque

491 379 690 446 taeque
714 387 1006 445 personae,
1048 370 1195 444 quid
1220 371 1465 428 tandem
1510 371 1588 426 ad
1645 369 1890 426 honoris
1938 385 2148 424 cumu-

494 463 620 518 lum
640 462 833 535 potuit
871 460 1154 518 accedere
1207 462 1406 533 majus
1440 477 1553 517 :eo
1597 460 1763 533 quod
1793 459 1893 514 Dei
1943 458 2150 514 Filium

493 550 666 621 Virgo
693 550 986 623 concepit,
1017 550 1193 622 Virgo
1217 555 1408 607 mater
1435 549 1639 618 edidit,
1667 549 1782 605 hac
1813 563 2030 620 nempe
2059 547 2148 602 di-

491 639 713 708 gnitate
743 639 1103 695 venerabilis
1134 639 1288 696 facta
1308 643 1395 694 est
1416 638 1562 711 ipsis
1619 653 1863 710 quoque
1917 640 2148 692 sancto-

487 744 626 784 rum
653 728 966 784 ordinibus
994 729 1367 800 angelorum.
1396 727 1568 791 Quod
1597 743 1775 800 opere
1826 725 2146 781 manifesto

489 818 815 875 declaravit
845 819 939 875 ille
985 834 1244 888 magnus
1301 822 1480 890 atque
1538 816 1704 872 fortis
1750 815 2146 884 archangelus

491 907 743 976 Gabriel,
777 908 881 982 qui
910 923 1046 964 eam
1078 912 1401 980 antequam
1433 905 1532 961 Dei
1559 909 1749 960 mater
1787 904 1970 970 ﬁeret,
2001 904 2147 976 quia

489 997 751 1053 futuram
783 1001 1047 1068 noverat,
1073 1001 1235 1053 tanta
1260 995 1636 1052 veneratione
1658 993 1975 1050 salutando
1996 1009 2145 1066 prae-

485 1087 665 1155 venit,
705 1088 818 1143 hac
857 1087 1069 1144 eadem
1100 1086 1385 1156 dignitate
1410 1086 1567 1141 facta
1593 1089 1681 1140 est
1725 1083 1905 1140 etiam
1957 1084 2143 1155 impe-

485 1176 671 1247 riosa,
703 1176 1036 1233 secundum
1068 1176 1417 1232 charitatem
1448 1191 1590 1246 erga
1621 1190 1891 1247 superos,
1925 1190 1994 1230 ac
2043 1191 2143 1230 su-

483 1280 591 1337 per
621 1266 840 1329 inferos
863 1283 970 1340 per
999 1265 1436 1322 discretionem.
1483 1265 1648 1321 Unde
1691 1263 1952 1336 plurima
2007 1263 2144 1318 scri-

481 1360 587 1428 pta
613 1361 754 1412 sunt
792 1355 1208 1429 exemplorum
1248 1358 1623 1424 argumenta,
1665 1353 1741 1409 de
1787 1353 2010 1425 quibus
2064 1352 2143 1408 ad

480 1461 750 1518 praesens
780 1445 1063 1518 quaedam
1103 1443 1360 1500 sufﬁciat
1415 1457 1768 1499 memorare.
1811 1441 1913 1497 Illa
1965 1442 2145 1513 igitur

483 1534 626 1591 olim
653 1535 714 1591 in
747 1535 1036 1591 auxilium
1068 1533 1275 1603 magni
1313 1532 1498 1588 Patris
1555 1531 1753 1587 Basilii
1802 1531 1961 1588 misit
2002 1548 2139 1587 san-

2261 365 2545 440 deinceps
2573 368 2790 437 triduo,
2825 384 2964 424 cum
2988 366 3272 424 laudibus
3302 366 3362 422 in
3395 366 3647 424 ecclesia
3670 368 3784 442 piae
3814 373 3917 427 lla-

2261 456 2363 511 tris
2394 457 2648 528 Domini,
2677 474 2784 531 per
2812 474 2999 530 quam
3021 456 3434 513 reconciliatus
3463 456 3673 526 fuerat,
3693 473 3730 514 a
3756 458 3919 517 labo-

2255 545 2422 601 ribus
2449 547 2572 602 suis
2593 547 2772 603 beato
2801 548 2921 602 ﬁne
2951 546 3194 619 quievit.

2326 637 2564 693 Talibus
2591 653 2736 708 ergo
2761 638 2930 694 factis
2954 637 3326 710 approbatur
3351 634 3497 708 quia
3521 637 3761 693 Domini
3802 641 3915 695 Ma-

2255 731 2343 783 ter
2373 727 2596 800 ubique
2634 727 2959 802 imperiosa
2986 732 3097 793 est,
3127 726 3352 799 ubique
3381 727 3727 798 magniﬁca,
3761 734 3916 785 certe

2255 816 2348 871 cui
2380 833 2640 889 pronum
2691 823 2780 874 est
2823 821 3066 873 sanctos
3119 815 3366 886 angelos
3418 815 3480 871 in
3518 816 3914 874 ministerium

2252 906 2503 974 mittere,
2537 912 2593 962 et
2619 907 2697 964 ad
2717 906 3161 979 beneplacitum
3193 922 3370 961 suum
3386 904 3713 963 inferorum
3738 914 3916 980 pacta

2255 1013 2492 1053 cassare
2518 1015 2531 1064 ;
2565 997 2660 1053 his
2683 1013 2929 1070 quoque
2959 1002 3017 1053 et
3047 995 3178 1051 aliis
3214 994 3428 1051 inﬁniti
3451 998 3689 1052 numeri
3740 996 3917 1054 bene

2252 1085 2401 1141 ﬁciis
2431 1103 2567 1159 quae
2593 1087 2688 1142 vel
2719 1087 2935 1158 scripta
2965 1089 3120 1153 sunt,
3179 1083 3272 1140 vel
3323 1085 3555 1157 passim
3597 1086 3727 1158 jugi
3787 1103 3912 1142 sen-

2251 1175 2477 1232 tiuntur
2501 1177 2737 1245 effectu,
2770 1175 2937 1249 quod
2963 1180 3021 1232 et
3039 1174 3215 1246 justis
3246 1179 3304 1230 et
3329 1173 3746 1247 peccatoribus
3774 1177 3917 1232 tide-

2251 1265 2381 1321 liter
2407 1266 2828 1322 invocantibus
2852 1281 2913 1321 se
2952 1269 3170 1338 praesto
3201 1269 3312 1333 est,
3347 1269 3402 1320 et
3457 1280 3777 1338 nunquam
3831 1267 3915 1322 eis

2251 1356 2530 1428 opitulari
2559 1356 2803 1413 desistit.
2833 1356 3081 1412 Veniant
3110 1354 3288 1426 igitur
3317 1355 3397 1410 ad
3422 1371 3562 1411 eam
3589 1355 3734 1425 justi
3773 1371 3914 1411 cum

2251 1446 2462 1502 Basilio
2491 1445 2806 1502 laudantes
2836 1461 2906 1502 ac
2926 1444 3366 1516 benedicentes,
3391 1444 3793 1517 effectumque
3819 1462 3914 1501 ce-

2248 1533 2432 1592 lerem
2461 1535 2584 1590 suis
2617 1536 2840 1592 sanctis
2866 1534 3175 1590 desideriis
3215 1534 3587 1607 postulantes
3618 1534 3749 1591 sine
3802 1535 3912 1590 du-

485 1629 645 1680 ctum
675 1624 980 1695 angelum,
1014 1629 1070 1680 et
1098 1627 1404 1678 mortuum
1450 1621 1772 1691 suscitavit,
1825 1620 1928 1692 qui
1983 1621 2139 1677 male
2167 1635 2209 1692 3
2249 1625 2349 1682 bio
2371 1626 2726 1698 percepturi.
2763 1623 3015 1681 Veniant
3041 1629 3384 1698 peccatores
3414 1639 3553 1680 cum
3581 1624 3911 1698 Theophilo

479 1714 778 1770 viventem
836 1711 1246 1785 pessumdedit
1289 1714 1732 1783 persecutorem
1790 1710 1919 1781 ejus
1963 1709 2139 1766 Julia-

480 1820 629 1859 num
684 1808 1041 1876 apostatam,
1075 1806 1130 1857 et
1180 1801 1308 1856 haec
1364 1798 1610 1855 historia
1660 1799 1972 1855 notissima
2026 1803 2133 1855 est.

481 1891 584 1947 Illa
611 1891 790 1948 etiam
819 1895 894 1956 te,
920 1907 956 1946 o
985 1893 1284 1962 peccator,
1311 1887 1621 1961 quondam
1651 1887 1990 1959 Theophile,
2014 1903 2139 1960 pce-

479 1981 766 2037 nitentem
787 1977 1209 2053 etsuppliciter
1253 1976 1636 2032 invocantem
1686 1976 1764 2031 ab
1821 1975 1964 2048 ipsis
2012 1976 2136 2032 dia-

477 2069 600 2126 boli
630 2069 904 2125 faucibus
927 2071 1202 2142 potenter
1231 2066 1466 2140 eripuit.
1503 2065 1617 2122 Sed
1641 2065 1787 2137 quid
1818 2080 2139 2135 gravemur

475 2158 579 2230 huj
591 2174 659 2213 us
670 2157 824 2230 lapsi
847 2156 1290 2230 reparationem
1313 2153 1523 2228 paucis
1551 2152 1740 2220 effari,
1768 2169 1906 2209 cum
1929 2153 2136 2210 audire

480 2249 556 2304 sit
583 2264 780 2321 operae
808 2247 1066 2319 pretium
1095 2247 1123 2302 τ

549 2341 602 2392 ls
633 2353 774 2408 ergo
804 2335 1163 2409 Theophilus
1193 2333 1476 2390 incedens
1505 2332 1648 2389 olim
1689 2331 1753 2388 in
1798 2332 1991 2406 patria
2039 2350 2136 2389 cu-

475 2411 724 2498 jusdam
747 2425 1012 2499 episcopi
1040 2423 1386 2490 ciliciorum,
1413 2427 1480 2478 ut
1511 2421 1801 2495 scriptura
1849 2422 2132 2496 quaedam

476 2521 742 2585 testatur,
771 2519 1015 2590 propter
1043 2513 1367 2570 infortunia
1391 2528 1504 2569 sua
1529 2512 1589 2568 in
1637 2511 1931 2568 tristitiam
1981 2512 2132 2568 ceci-

476 2607 580 2674 dit,
609 2607 770 2663 unde
800 2605 1048 2663 contulit
1077 2620 1205 2660 sese
1231 2603 1310 2660 ad
1339 2601 1670 2675 quemdam
1695 2602 1973 2658 Judaeum
2005 2618 2131 2658 ma-

475 2694 736 2765 leﬁcum,
778 2696 906 2766 ejus
938 2693 1257 2750 consilium
1311 2696 1368 2747 et
1425 2690 1712 2746 auxilium
1740 2695 1968 2764 petens.
2010 2694 2129 2747 Hoc

475 2787 804 2842 mediatore
820 2785 1052 2840 locutus
1080 2799 1218 2839 cum
1245 2781 1488 2838 diabolo
1507 2780 2004 2837 Christianitatem
2027 2781 2129 2837 ab-

474 2875 739 2944 negavit,
763 2873 1076 2929 diabolum
1106 2871 1393 2941 adoravit,
1424 2870 1596 2942 eique
1625 2869 1700 2924 de
1739 2886 1851 2926 sua
1908 2871 2130 2926 manci-

2246 1714 2568 1771 tundentes
2599 1730 2700 1770 rea
2734 1719 2979 1787 pectora
3009 1729 3148 1768 cum
3169 1712 3401 1769 interno
3425 1712 3588 1779 ﬂetu,
3620 1712 3738 1785 ipsi
3765 1728 3915 1786 quo-

2247 1819 2366 1877 que
2398 1847 2411 1870 ,
2437 1804 2485 1858 si
2512 1819 2648 1860 vere
2667 1803 3014 1877 poeniteant,
3047 1802 3452 1857 desideratam
3472 1800 3712 1856 veniam
3768 1801 3912 1858 ade-

2243 1894 2426 1965 pturi,
2459 1893 2533 1948 de
2558 1909 2820 1965 quorum
2847 1907 3102 1948 numero
3132 1890 3237 1946 tibi
3262 1889 3676 1947 assistentibus
3731 1890 3911 1946 nobis

2246 1986 2312 2037 ut
2343 1981 2660 2037 subvenire
2685 1981 2816 2052 jam
2849 1985 2906 2037 et
2957 1978 3232 2036 auxiliari
3283 1978 3572 2051 digneris,
3625 1979 3913 2051 implora-

2246 2087 2403 2141 mus,
2435 2086 2471 2126 o
2496 2070 2809 2144 praeelecta
2840 2069 2854 2124 l
2887 2085 2924 2126 o
2955 2068 3194 2125 sancta!
3226 2067 3581 2124 veneralibis
3623 2072 3682 2124 et
3723 2069 3912 2142 impe-

2244 2160 2404 2216 riosa
2433 2160 2448 2214 ι
2482 2177 2518 2215 o
2547 2160 2807 2215 clemens
2838 2163 2894 2214 et
2922 2158 3182 2232 propitia
3206 2157 3461 2213 Domina
3500 2163 3725 2225 nostra,
3782 2174 3911 2231 quo

2241 2249 2546 2322 possimus
2565 2263 2919 2322 recuperare
2939 2252 2997 2303 et
3023 2247 3246 2304 habere
3264 2250 3614 2320 perpetuam
3645 2247 3911 2316 gratiam

2241 2339 2348 2394 ﬁlii
2377 2339 2462 2396 tui
2488 2341 2630 2394 Jesu
2652 2338 2863 2394 Christi
2893 2337 3129 2394 Domini
3157 2337 3368 2408 nostri,
3389 2336 3496 2410 qui
3547 2352 3688 2392 cum
3736 2340 3910 2393 Patre

2241 2433 2297 2484 et
2350 2427 2572 2500 Spiritu
2631 2432 2839 2484 sancto
2886 2426 3030 2483 vivit
3083 2431 3143 2482 et
3169 2430 3382 2497 regnat
3432 2441 3592 2482 unus
3639 2428 3798 2482 Deus
3844 2426 3908 2483 in

2243 2522 2556 2575 aeternum.
2590 2520 2802 2574 Amen.

2913 2607 3141 2663 SERMO
3178 2607 3244 2661 ν.

2511 2712 2637 2751 ῙΤΕΜ
2677 2713 2742 2751 ΒΕ
2781 2711 3112 2751 NATIVITATE
3151 2711 3338 2751 MABIJE
3376 2711 3637 2751 WRGINIS.

2313 2788 2540 2841 Fratres
2572 2785 2926 2853 charissimi,
2955 2785 3016 2840 in
3037 2785 3149 2841 hac
3170 2785 3265 2841 die
3295 2784 3670 2841 celebramus
3698 2785 3908 2841 natale

2241 2874 2514 2944 gloriosa
2533 2874 2798 2930 Dominae
2817 2879 3038 2930 nostrae
3054 2874 3246 2932 Mariae
3262 2873 3533 2930 videlicet
3549 2874 3913 2947 Redempto-

475 2963 718 3036 patione
751 2961 1218 3051 chirographum
1249 2959 1489 3051 tradidit
1519 2958 1883 3051 annulosuo
1936 2960 2130 3030 signa-
2155 2993 2200 3051 ο
2237 2965 2318 3020 ris
2337 2964 2524 3021 nostri
2537 2964 2749 3020 Matris.
2776 2963 3061 3019 Volumus
3086 2963 3261 3019 vobis
3285 2962 3514 3036 aliquid
3526 2962 3742 3018 referre
3761 2963 3910 3020 bre-

474 3057 625 3110 tum.
658 3055 865 3109 Postea
901 3067 1044 3107 vero
1087 3050 1223 3107 facti
1271 3050 1582 3124 paenitens,
1641 3049 2019 3124 multumque
2065 3067 2128 3107 se
2172 3049 2199 3051 ἢ
2238 3056 2388 3111 viter
2417 3054 2490 3110 de
2514 3053 2816 3109 natalibus
2845 3053 2996 3124 ejus,
3027 3056 3088 3108 et
3116 3053 3237 3108 vita
3252 3058 3309 3108 et
3331 3053 3471 3124 ﬁne,
3504 3056 3558 3107 et
3583 3051 3911 3122 adjutoriis

475 3143 680 3200 animo
711 3158 938 3214 angens
963 3140 1110 3216 quid
1141 3140 1376 3208 faceret,
1417 3157 1537 3213 quo
1571 3156 1633 3196 se
1669 3145 1938 3208 verteret,
1998 3145 2127 3196 tan-
2237 3161 2371 3218 quae
2400 3143 2535 3216 ipsa
2565 3142 2909 3199 Christianis
2931 3146 2988 3198 et
3019 3143 3193 3214 justis
3214 3146 3272 3199 et
3320 3141 3736 3216 peccatoribus
3779 3141 3908 3198 im-

473 3233 613 3290 dem
641 3232 900 3290 collectis
918 3232 1060 3289 ﬁdei
1088 3236 1144 3287 et
1165 3232 1293 3304 spei
1317 3230 1566 3302 viribus,
1597 3231 1863 3301 confugit
1911 3231 1989 3286 ad
2039 3246 2130 3286 ec-
2237 3234 2500 3307 pendere
2523 3232 2688 3289 solet.
2715 3235 2846 3288 Haec
2861 3233 3062 3305 itaque
3083 3237 3227 3289 nata
3254 3237 3342 3289 est
3369 3233 3445 3288 de
3469 3232 3651 3306 stirpe
3709 3231 3907 3290 Abra-

472 3323 719 3380 clesiam
745 3322 1078 3396 quamdam
1109 3321 1300 3376 beatae
1330 3320 1521 3376 Mariae
1570 3320 1776 3376 matris
1822 3319 2126 3375 memoriae
2234 3323 2326 3378 hae
2349 3328 2526 3396 atque
2545 3321 2735 3378 David
2749 3320 2927 3393 regis,
2946 3321 3169 3394 quibus
3193 3337 3230 3378 a
3255 3325 3373 3378 Deo
3388 3321 3707 3394 promissio
3735 3320 3909 3378 facta

474 3413 837 3481 dedicatam,
887 3411 986 3467 ubi
1065 3409 1468 3482 quadraginta
1519 3409 1752 3464 dierum
1810 3407 2127 3464 afﬂictione

473 3505 768 3556 mactatus
818 3499 1021 3555 animo
1053 3498 1304 3554 contrito
1352 3515 1577 3554 nomen
1635 3513 1764 3569 ejus
1811 3498 2130 3554 invocabat

470 3589 710 3660 jugiter,
735 3605 805 3643 ac
831 3587 1234 3661 patrocinium
1259 3585 1642 3659 implorabat.
1675 3587 1831 3653 Quid
1881 3587 2072 3644 multa
2101 3587 2128 3642 ‘I

471 3678 746 3751 Respexit
772 3679 934 3734 hunc
963 3676 1222 3750 propitia
1251 3676 1668 3733 misericordiae
1699 3679 1894 3744 Mater,
1928 3682 1984 3733 et
2022 3693 2130 3750 per

469 3767 763 3824 visionem
781 3766 860 3823 illi
898 3781 1196 3840 apparens
1222 3765 1296 3822 de
1345 3765 1644 3839 impietate
1699 3765 1986 3836 coarguit,
2047 3766 2126 3822 ad

470 3856 685 3913 Christi
710 3855 1148 3913 confessionem
1165 3854 1448 3911 excitans.
1479 3855 1795 3912 Consolata
1819 3859 1906 3911 est
1925 3855 2127 3911 dolen-

2237 3417 2346 3480 est,
2380 3412 2546 3484 quod
2576 3411 2635 3466 in
2659 3411 2883 3466 semine
2901 3412 3194 3484 ipsorum,
3227 3411 3290 3468 id
3315 3417 3402 3468 est
3428 3411 3489 3467 in
3519 3411 3775 3479 Christo,
3799 3411 3910 3468 be-

2237 3501 2584 3556 nedicendae
2613 3500 2806 3556 forent
2821 3515 3036 3555 omnes
3065 3500 3255 3556 tribus
3285 3503 3472 3556 terrae.
3497 3503 3640 3556 Nata
3669 3504 3763 3556 est
3794 3516 3907 3556 au-

2237 3596 2354 3647 tem
2381 3591 2554 3662 juxta
2581 3589 2933 3645 relationem
2963 3594 3021 3645 et
3041 3589 3362 3663 scripturas
3395 3593 3746 3645 sanctorum
3795 3593 3906 3647 Pa-

2235 3685 2395 3737 trum
2425 3679 2486 3734 in
2518 3678 2750 3734 civitate
2777 3679 3086 3747 Nazareth,
3115 3684 3285 3752 patre
3325 3678 3570 3735 nomine
3620 3679 3907 3735 Ioachim

2237 3787 2311 3826 ex
2341 3769 2554 3826 eadem
2575 3768 2724 3824 urbe
2749 3767 3028 3840 oriundo,
3059 3774 3250 3825 matre
3277 3784 3422 3825 vero
3437 3773 3609 3825 Anna
3644 3769 3907 3826 nomine

2235 3858 2492 3914 oriunda
2512 3873 2584 3912 ex
2614 3857 2844 3913 civitate
2876 3856 3237 3914 Bethlehem.
3270 3857 3396 3914 Vita
3436 3873 3702 3930 quorum
3759 3859 3912 3915 sim-

2233 3947 2372 4020 plex
2397 3951 2454 4002 et
2473 3951 2634 4002 recta
2663 3951 2798 4002 ante
2829 3947 3172 4015 Dominum,
3214 3946 3377 4020 apud
3421 3945 3700 4002 homines
3757 3947 3910 4004 irre—

2233 4034 2653 4109 prehensibilis
2680 4040 2738 4091 et
2757 4035 2858 4108 pia
2883 4040 3026 4092 erat.
3060 4039 3208 4093 Nam
3237 4051 3482 4092 omnem
3522 4035 3909 4094 subtantiam

468 4131 737 4197 ereptum
769 4123 1001 4195 captivo
1021 4122 1277 4178 reddidit
1292 4123 1352 4178 in
1377 4122 1597 4195 pignus
1616 4121 1920 4178 libertatis.
1951 4123 2124 4188 Quod
2234 4142 2406 4182 suam
2429 4124 2646 4181 trifarie
2677 4125 3043 4193 dividebant,
3076 4141 3261 4182 unam
3289 4130 3521 4199 partem
3550 4125 3785 4199 templo
3849 4134 3914 4185 et

469 4229 608 4268 cum
633 4213 923 4282 evigilans
954 4228 1137 4280 supra
1166 4216 1373 4285 pectus
1401 4230 1577 4268 suum
1607 4212 1870 4285 positum
1899 4211 2124 4268 inveni-
2230 4214 2435 4288 templi
2480 4213 2865 4270 servitoribus
2919 4213 3370 4287 impendebant,
3425 4215 3606 4272 aliam
3638 4218 3916 4288 peregri-

467 4305 575 4367 ret,
603 4317 790 4374 quam
819 4301 988 4357 laetus
1019 4301 1321 4369 exstiterit,
1341 4319 1528 4376 quam
1555 4302 1654 4375 pio
1681 4301 1896 4357 affectu
1943 4317 2120 4357 voces
2152 4351 2195 4376 η
2230 4304 2322 4359 nis
2371 4308 2426 4359 et
2503 4303 2874 4376 pauperibus
2953 4303 3304 4373 erogabant,
3347 4304 3586 4360 tertiam
3668 4304 3792 4361 sibi
3852 4312 3918 4364 et

467 4390 878 4447 exsultationis
910 4395 966 4446 et
985 4390 1373 4446 confessionis
1400 4389 1665 4457 ediderit,
1695 4405 1816 4445 non
1843 4394 1930 4444 est
1949 4389 2120 4446 facile
2152 4389 2194 4406 ”
2231 4411 2352 4449 suae
2383 4392 2621 4448 familiae
2649 4393 2856 4449 usibus
2885 4393 3291 4450 reservabant.
3325 4397 3407 4450 Ita
3436 4393 3580 4466 justi
3632 4398 3785 4464 Deo,
3851 4403 3920 4455 et

469 3952 590 4004 tem
617 3945 958 4020 pollicendo
978 3944 1241 4015 veniam,
1275 3949 1332 4001 et
1381 3961 1456 4000 ne
1513 3944 1812 4000 dubitaret
1863 3943 1937 4000 de
1991 3961 2126 4018 pro-

468 4033 1090 4108 misso,supradictum
1112 4032 1579 4106 chirographum
1597 4033 1838 4088 diabolo
1855 4037 2125 4105 potenter

2227 4483 2573 4539 hominibus
2602 4499 2918 4556 pauperes,
2947 4498 3139 4539 annos
3159 4482 3386 4540 circiter
3401 4483 3631 4554 viginti,
3655 4490 3918 4544 castum

2232 4571 2467 4628 Domini
2490 4571 2860 4643 conjugium,
2914 4571 3041 4627 sine
3093 4571 3418 4627 liberorum
3471 4575 3918 4645 procreatione

2229 4661 2607 4718 exercebant.
2637 4663 2942 4717 Voverunt
2966 4665 3190 4732 tamen,
3221 4665 3272 4716 si
3291 4661 3440 4717 forte
3485 4664 3642 4717 Deus
3698 4663 3920 4723 dona-

2228 4755 2316 4807 ret
2344 4751 2427 4805 eis
2454 4749 2746 4821 sobolem,
2778 4766 2915 4806 eam
2943 4766 3006 4806 se
3036 4749 3271 4806 Domini
3301 4751 3538 4807 servitio
3573 4753 3923 4828 mancipa-

2229 4845 2416 4896 turos.
2452 4838 2712 4895 Evolutis
2731 4855 2874 4909 ergo
2904 4844 2988 4895 tot
3013 4854 3311 4912 annorum
3363 4839 3695 4910 curriculis,
3759 4844 3924 4900 mis-

2231 4946 2333 4985 sus
2363 4933 2451 4984 est
2479 4927 2728 4998 angelus
2754 4927 2990 4983 Domini
3017 4927 3183 5000 prius
3215 4928 3294 4984 ad
3318 4928 3610 4996 Joachim,
3635 4928 3926 4990 demum

2230 5020 2308 5076 ad
2333 5025 2591 5087 Annam,
2631 5017 2916 5072 nuntians
2945 5016 3028 5072 eis
3057 5017 3423 5074 nascituram
3453 5017 3643 5074 ﬁliam
3696 5024 3928 5078 nomi-

2227 5124 2301 5164 ne
2327 5107 2590 5175 Mariam,
2650 5106 2744 5162 cui
2775 5105 2982 5162 similis
3037 5105 3346 5163 sanctitate
3399 5123 3509 5163 nec
3538 5111 3725 5165 antea
3759 5117 3931 5168 nata

2228 5197 2402 5253 fuerit
2423 5213 2535 5252 nec
2587 5199 2797 5269 postea
2838 5200 3199 5252 nasceretur.
3256 5199 3497 5253 Factum
3552 5201 3648 5253 est
3681 5198 3930 5274 itaque

2222 5287 2394 5357 juxta
2424 5285 2673 5341 verbum
2698 5285 2896 5355 angeli
2924 5304 2936 5341 :
2978 5289 3122 5342 nata
3147 5289 3235 5342 est
3261 5285 3324 5341 in
3347 5286 3578 5343 civitate
3603 5289 3932 5348 Namnam

2227 5374 2604 5431 sanctissima
2675 5374 2849 5445 Virgo
2903 5374 3103 5442 Maria,
3173 5380 3232 5430 et
3282 5376 3508 5432 mansit
3563 5375 3651 5432 ibi
3700 5379 3934 5436 tribus

2227 5464 2398 5520 annis
2427 5464 2487 5519 in
2505 5469 2757 5536 paterna
2783 5464 2966 5520 domo
2997 5483 3010 5532 ;
3035 5469 3243 5538 postea
3271 5480 3434 5532 vero,
3465 5465 3616 5520 sicut
3676 5481 3939 5538 paren-

2223 5557 2310 5608 tes
2359 5553 2521 5610 illam
2576 5557 2695 5610 Deo
2748 5558 3054 5622 voverant,
3109 5554 3290 5610 ducta
3338 5554 3790 5627 Hierosolymis
3854 5561 3941 5616 in

2223 5642 2451 5716 templo
2481 5642 2718 5704 Domini
2741 5647 3102 5704 cunaeer
3125 5646 3219 5702 est
3243 5659 3440 5718 usque
3464 5643 3546 5702 ad
3594 5653 3943 5718 multum

469 4478 654 4536 dictu.
689 4482 934 4535 Noctem
963 4495 1105 4535 vero
1133 4478 1297 4534 illam
1325 4484 1642 4534 consecuta
1699 4483 1787 4534 est
1812 4478 2122 4536 Dominica

465 4569 615 4642 dies,
641 4585 764 4642 qua
789 4568 1167 4641 Theophilus,
1201 4568 1376 4641 quasi
1405 4585 1544 4624 cum
1568 4567 1821 4624 Domino
1867 4585 1902 4624 a
1958 4584 2120 4624 mor-

464 4661 581 4716 tuis
605 4675 944 4732 resurgens,
973 4658 1256 4732 episcopo
1288 4675 1348 4715 se
1371 4675 1574 4715 eoram
1604 4656 1830 4732 populo
1861 4674 2122 4731 praesen-

465 4750 628 4818 tavit,
659 4754 718 4806 et
741 4766 869 4806 rem
899 4749 1053 4804 sicut
1072 4753 1198 4805 erat
1227 4748 1521 4822 exposuit.
1559 4747 1794 4804 Videres
1824 4748 2120 4821 populum

463 4841 649 4897 modo
675 4856 748 4896 ex
773 4839 984 4896 auditu
1011 4843 1136 4895 tam
1189 4838 1474 4895 horrendi
1510 4837 1747 4895 sceleris
1802 4854 2116 4911 expavere,

463 4931 648 4987 modo
679 4929 1060 4988 considerata
1089 4929 1281 4988 macie
1311 4927 1594 5001 vultuque
1619 4927 1959 5001 paenitentis
1985 4944 2120 4984 con-

463 5019 802 5092 lacrymari.
847 5019 963 5076 Sed
991 5018 1196 5075 audito
1223 5023 1519 5091 quantam
1544 5023 1601 5074 et
1647 5034 1836 5090 quam
1867 5017 2118 5075 celerem

464 5109 937 5166 misericordiam
967 5109 1159 5166 fuerat
1187 5113 1561 5178 consecutus,
1585 5123 1796 5165 omnes
1823 5109 1930 5181 qui
1957 5109 2120 5165 mala

465 5198 829 5254 conscientia
857 5200 1036 5254 territi
1066 5215 1218 5273 pene
1240 5198 1596 5267 defecerant,
1626 5198 1706 5254 ad
1727 5213 1902 5271 spem
1929 5198 2118 5254 veniae

467 5300 605 5339 cum
628 5285 847 5354 gaudio
876 5287 1274 5359 respirabant.
1307 5290 1439 5344 Jam
1465 5302 1609 5342 vero
1671 5290 1736 5342 ut
1787 5303 1914 5342 rem
1955 5285 2119 5341 brevi

461 5371 582 5428 ﬁne
613 5373 1070 5443 concludamus,
1104 5377 1388 5450 episcopo
1415 5375 1665 5447 jubente
1692 5375 1847 5431 male
1873 5379 2116 5431 cautum

465 5463 933 5534 chirographum
962 5465 1322 5537 Theophilus
1352 5466 1488 5534 igne
1541 5463 1844 5520 cremavit.
1899 5463 2117 5518 Deinde

465 5552 834 5624 suffragante
865 5552 1022 5609 clero
1051 5560 1108 5610 et
1127 5554 1354 5628 populo
1384 5555 1599 5610 ductus
1628 5553 1706 5611 ad
1737 5552 1940 5621 altare,
1977 5569 2116 5608 cum

463 5647 912 5704 sacrosanctam
938 5643 1428 5702 communionem
1483 5643 1559 5701 de
1607 5657 1802 5704 manu
1847 5639 2117 5715 episcopi
