4018 6176
224 161 333 216 325

1547 160 1921 220 SERBONES
1952 164 2051 220 ΔΙ)
2078 165 2433 227 rem.

224 282 537 339 decimum
556 293 814 344 annum,
842 280 1095 381 jejuniis
1138 285 1208 338 et
1232 281 1629 341 orationibus
1671 286 1938 343 serviens
1964 291 2015 343 Α
2043 289 2226 347 nibus
2253 292 2713 369 praeferendam,
2754 301 2931 373 cujus
2976 304 3159 364 hodie
3208 307 3540 381 maid;
3563 314 3706 370 ma;

224 372 324 428 die
357 387 430 427 ac
457 376 656 437 nocte,
681 376 748 427 et
780 370 1189 441 virginitatem
1250 388 1435 428 suam
1488 390 1742 445 vovens,
1766 376 1935 449 quod

226 466 369 518 ante
392 461 569 532 virgo
594 460 719 516 ulla
772 476 896 517 non
950 460 1194 530 fecerat,
1258 461 1571 531 angelicis
1624 464 1936 538 colloquiis

224 549 580 621 frequenter
598 554 794 605 utens.
827 549 1039 605 Deinde
1062 565 1225 606 cum
1250 554 1419 606 esset
1451 567 1699 609 reversa
1727 553 1804 609 ad
1832 554 1938 611 do-

219 650 408 692 mum
450 641 779 709 parentum
837 653 1068 693 suorum
1120 638 1196 694 in
1252 637 1577 696 civitatem
1623 642 1933 714 Nazaretb,

226 726 461 781 missus
488 730 587 781 est
613 725 692 781 ad
711 741 853 781 eam
876 726 1111 796 angelus
1149 726 1407 785 Gabriel
1431 742 1476 783 a
1502 732 1623 785 Dec
1646 731 1933 787 nuntians

224 816 284 871 ei
316 814 786 886 conceptionem
814 814 932 869 Filii
958 815 1070 871 Dei.
1102 817 1243 873 Fuit
1270 829 1440 883 ergo
1466 825 1802 892 conceptus
1828 820 1932 876 Dei

227 902 417 959 Filius
446 902 513 957 in
563 902 868 971 Natat-eth,
896 908 1064 959 natus
1086 905 1163 961 in
1193 903 1590 963 Bethlehem.
1618 911 1752 964 Post
1778 908 1931 965 nati-

222 992 486 1048 vitatem
528 1006 676 1046 vero
696 990 913 1047 Christi
958 994 1187 1050 mansit
1235 1008 1386 1050 cum
1450 994 1582 1052 ﬁlio
1638 997 1930 1070 usquead

221 1082 590 1155 passionem
620 1080 830 1148 crucis,
862 1080 962 1136 ubi
994 1083 1262 1141 Christus
1289 1082 1618 1154 Virginem
1673 1092 1929 1145 matrem

222 1172 452 1242 virgini
483 1168 781 1242 discipulo
832 1171 1045 1226 Joanni
1102 1171 1386 1246 apostolo
1452 1176 1924 1234 commendavit.

224 1261 333 1316 Hic
364 1259 735 1315 ministravit
768 1259 823 1314 ei
850 1264 987 1333 post
1040 1264 1404 1333 passionem
1436 1269 1502 1320 et
1544 1266 1924 1324 resurrectio-

224 1364 372 1404 nem
415 1353 474 1405 et
502 1348 917 1403 ascensionem
949 1350 1207 1407 Domini
1231 1352 1293 1408 in
1320 1351 1537 1409 tinem.
1572 1354 1699 1410 Fuit
1722 1358 1925 1412 autem

224 1436 473 1509 sepulta
492 1436 868 1493 sancissima
896 1437 959 1493 in
988 1439 1160 1496 valle
1189 1442 1503 1515 Josap'hat,
1536 1442 1640 1498 ubi
1667 1447 1756 1499 est
1779 1443 1923 1501 aedi-

223 1528 412 1583 ﬁcata
434 1525 692 1581 ecclesia
720 1525 772 1581 in
802 1527 1111 1585 honorem
1140 1530 1290 1601 ejus,
1311 1535 1373 1586 et
1400 1535 1648 1587 sanctus
1665 1534 1923 1590 Joannes

220 1615 508 1689 sepultus
532 1620 629 1671 est
656 1616 901 1688 Epheso.
926 1619 1082 1674 Post
1116 1635 1265 1675 vero
1286 1637 1427 1676 cum
1476 1620 1738 1690 religiosi
1765 1623 1924 1679 Chri-
1946 1641 1996 1696 Β

226 1704 381 1762 tinni
404 1704 692 1778 reliquias
718 1705 918 1761 matris
970 1707 1151 1778 ejus,
1197 1708 1473 1765 videlicet
1520 1709 1774 1777 Domini,
1828 1727 1920 1767 re-

226 1797 467 1869 spicere
498 1794 732 1865 vellent,
780 1796 1155 1868 sepulcrum
1219 1814 1484 1855 vacuum
1532 1799 1919 1871 invenerunt;

228 1886 345 1942 sed
374 1891 435 1942 et
461 1884 523 1941 in
578 1884 844 1959 sepulcro
871 1885 1041 1942 beati
1077 1888 1333 1943 Joannis
1361 1887 1770 1961 respicientes,
1792 1907 1921 1948 non

228 1976 591 2032 invenerunt
608 1975 723 2031 nisi
766 1992 1016 2033 manna.
1081 1977 1285 2035 Credit
1339 1978 1545 2050 itaque
1586 1978 1921 2039 Christiana

230 2067 431 2139 pietas
450 2065 601 2139 quia
626 2065 886 2122 Christus
916 2070 1093 2123 Deus
1132 2067 1232 2123 Dei
1262 2068 1439 2124 Filius
1470 2071 1712 2125 Matrem
1740 2086 1920 2129 suam

232 2155 498 2225 gioriose
526 2155 990 2212 ressuscitaverit
1009 2160 1078 2211 et
1109 2156 1456 2213 exaltaverit
1484 2173 1671 2230 super
1709 2160 1916 2233 caelos,

226 2250 287 2300 et
314 2244 489 2318 quod
519 2243 728 2301 beatus
754 2247 1028 2301 Joannes
1054 2244 1233 2315 virgo
1253 2245 1712 2318 etevangelista,
1741 2250 1845 2323 qui
1866 2252 1919 2307 ei

223 2334 598 2391 ministravit
616 2335 680 2390 in
703 2338 875 2403 terra,
903 2334 1175 2405 gloriam
1222 2336 1354 2407 ejus
1402 2336 1765 2410 participare
1794 2357 1918 2397 me-

220 2430 435 2480 reatur
467 2424 528 2479 in
559 2424 727 2480 cmlo.
752 2428 853 2480 Est
878 2428 1097 2480 autem
1125 2423 1425 2483 inetfabiie
1443 2441 1637 2499 quam
1661 2429 1916 2500 gratiam

222 2518 283 2568 et
306 2513 573 2583 gloriam
596 2513 825 2569 dederit
856 2513 1159 2569 Dominus
1185 2516 1346 2571 Matri
1368 2532 1499 2572 suae
1526 2533 1539 2584 ;
1568 2515 1683 2573 hoc
1713 2522 1916 2576 tamen

224 2606 394 2658 certo
425 2602 652 2658 scimus
672 2602 816 2675 quia
841 2602 993 2673 justi
1014 2602 1318 2675 quidquid
1368 2606 1447 2662 ab
1478 2621 1552 2662 eo
1580 2608 1912 2680 postulant,

226 2706 341 2764 per
367 2691 861 2748 intercessionem
884 2691 1102 2747 matris
1133 2691 1379 2751 celerius
1410 2687 1753 2769 impetrant,
1776 2714 1913 2771 pec-

230 2787 471 2837 catores
490 2795 734 2853 quoque
760 2780 992 2854 saepius
1020 2781 1490 2843 misericordiam
1536 2791 1678 2844 sunt
1697 2803 1911 2845 conse-

222 2870 355 2926 cuti
381 2886 393 2924 :
424 2870 723 2925 habemus
750 2870 933 2943 plura
965 2870 1241 2944 exempla
1260 2873 1340 2931 de
1368 2876 1656 2949 utrisque,
1688 2876 1799 2934 sed
1829 2878 1909 2934 ad

226 2975 506 3032 praesens
532 2960 662 3016 hinc
689 2959 1013 3016 subiciant.
1926 2991 1980 3049 η

899 3104 1130 3160 SERMO
1170 3104 1255 3159 Vl.

408 3258 462 3297 1N
503 3257 644 3298 ORTU
686 3257 849 3297 ,ηυδε
890 3256 1130 3298 VIRGIXIS
1178 3258 1363 3301 MANE
1402 3262 1733 3305 INVIOLATE.

313 3390 528 3444 Mum
547 3384 887 3443 dilectionis
918 3401 1125 3442 amore
1144 3391 1207 3444 et
1228 3388 1450 3445 sedulae
1468 3390 1913 3450 adhortationis

230 3480 390 3532 nutu
414 3491 454 3532 a
472 3475 855 3549 quibusdam
883 3478 1007 3532 Deo
1037 3477 1454 3535 sacratissimis
1476 3484 1533 3535 et
1558 3480 1787 3538 dilectis
1806 3499 1913 3539 co-

232 3564 538 3637 gimus-dc
560 3564 976 3631 sanctissima,
1021 3569 1078 3621 et
1107 3565 1258 3623 ultra
1303 3583 1493 3640 quam
1546 3568 1664 3626 dici
1720 3570 1916 3644 possit

232 3656 459 3712 dm
482 3655 739 3727 Virgine,
792 3671 1020 3728 sponsa
1073 3656 1292 3714 scilicet
1314 3662 1374 3714 et
1422 3662 1617 3716 matre
1672 3662 1913 3719 Domini

234 3744 443 3815 Maria,
477 3744 747 3817 aliquam
770 3744 1197 3802 allocutionem
1236 3745 1452 3815 facere,
1480 3747 1559 3804 de
1589 3755 1723 3807 ortu
1748 3752 1915 3808 vide-

237 3832 377 3889 licet
396 3832 557 3904 ejus,
607 3849 732 3889 non
784 3832 1168 3891 historialiter
1222 3839 1444 3907 texere,
1498 3837 1606 3893 sed
1642 3840 1913 3913 mysticis

240 3938 535 3979 exornare
570 3923 879 3991 laudibus,
903 3929 967 3982 et
1008 3924 1316 3981 beneﬁciis
1358 3928 1788 3997 congratulari,
1832 3932 1913 3988 ad

242 4011 427 4081 cujus
452 4013 594 4069 tanti
622 4013 889 4086 mysterii
948 4014 1264 4071 materiam
1295 4030 1406 4072 nec
1464 4016 1664 4073 omnis
1719 4024 1915 4092 potest

240 4098 518 4157 sufﬁcere
546 4102 836 4173 mundus,
866 4102 919 4159 si
965 4103 1028 4159 in
1059 4119 1250 4160 unum
1288 4106 1477 4160 etiam
1541 4113 1710 4163 coeat
1757 4109 1914 4166 ordi-

236 4206 407 4246 nem.
422 4191 545 4246 Erit
558 4191 857 4248 antemnis
877 4191 1206 4265 inceptum,
1222 4198 1287 4249 et
1298 4193 1599 4250 exsecutio
1610 4195 1910 4266 meritum,

230 4296 509 4353 quorum
532 4282 778 4338 obtentu
812 4282 1153 4356 pervenerit
1180 4283 1259 4340 ad
1308 4287 1551 4356 portum
1580 4284 1707 4343 sine
1759 4303 1912 4344 nau-

232 4369 438 4441 fragio
834 4371 1015 4442 Igitur
1040 4371 1221 4429 nimis
1248 4372 1576 4449 amabilem
1605 4391 1675 4433 ac
1715 4376 1915 4433 saluti-

232 4460 437 4517 feram
459 4458 747 4516 omnibus
776 4460 1008 4518 saaculis
1026 4466 1086 4518 et
1104 4461 1398 4518 terricolis
1426 4463 1551 4519 veri
1587 4465 1913 4539 aeternique

238 4547 423 4620 aegis
456 4564 527 4604 ac
836 4549 1024 4607 nostri
1052 4550 1419 4608 nativitatem
1446 4568 1673 4610 cernua
1716 4554 1913 4613 humi-

236 4638 411 4696 litate
439 4644 840 4709 mensentes,
872 4645 930 4696 et
974 4648 1184 4699 annua
1227 4640 1423 4699 orbita
1463 4643 1792 4701 recolentes
1818 4662 1912 4702 so-

238 4728 500 4798 lemnia,
517 4728 714 4802 primo
726 4734 927 4789 ratum
944 4730 1234 4787 duximus
1246 4735 1640 4806 utrorumque
1656 4749 1912 4792 sexuum

241 4812 507 4888 collegia
528 4818 707 4875 etiam
730 4819 814 4876 ω
840 4819 1110 4877 divinam
1139 4824 1197 4877 et
1250 4819 1576 4892 gloriosam
1625 4822 1910 4881 festivita-
1944 4878 1949 4881 _

236 4912 367 4964 tem
396 4904 764 4979 quibusdam
802 4907 1322 4965 adhortationibus
1348 4908 1623 4979 invitare,
1651 4915 1717 4967 ut
1758 4911 1911 4969 dum

232 5001 643 5068 utrarumque
664 4997 930 5069 partium
961 4996 1199 5054 devotio
1222 4997 1318 5053 his
1343 4998 1531 5055 sacris
1558 4999 1727 5055 festis
1740 4999 1910 5057 nefas

236 5084 490 5143 duxerit
510 5100 634 5141 non
652 5085 956 5159 interesse,
986 5103 1111 5144 una
1130 5087 1407 5144 omnium
1457 5092 1599 5146 vota
1630 5088 1912 5162 capacius

230 5172 527 5248 ejusdem
538 5189 729 5231 sacrae
760 5175 1012 5247 Virginis
1038 5176 1197 5234 circa
1222 5192 1288 5233 se
1302 5177 1674 5250 persentiant
1698 5177 1912 5236 adesse

233 5277 579 5336 juvamma.

316 5372 425 5426 Est
442 5369 604 5425 enim
632 5370 1037 5446 istasuspecta
1060 5371 1368 5443 festivitas,
1386 5388 1513 5429 non
1530 5374 1787 5431 modicis
1802 5390 1915 5431 nec

238 5459 463 5534 paucis
489 5460 851 5533 praefulgens
886 5462 1203 5534 mysteriis,
1232 5468 1336 5519 aut
1376 5462 1741 5536 reliquorum
1772 5480 1914 5521 san-

240 5556 486 5606 ctorum
528 5548 944 5608 festivitatibus
974 5552 1370 5625 ooaequanda,
1405 5553 1511 5608 sed
1554 5557 1790 5610 tantum
1821 5555 1916 5610 est

230 5636 651 5710 excellentior,
674 5644 980 5713 quantam
1006 5644 1246 5699 constet
1260 5655 1404 5700 eam
1418 5640 1915 5701 omihushomi-

2046 381 2248 469 tantur
2268 381 2592 441 nativitatis
2629 386 2813 445 initia.
2840 390 2931 447 Ad
2949 394 3122 465 cujus
3146 411 3293 467 ergo
3312 399 3706 469 magniﬁcen-

2046 465 2188 559 tiam
2214 469 2779 545 collaudandam,et
2795 479 3050 548 gloriam
3064 465 3506 559 perferendam,
3534 494 3702 551 tanta

2040 556 2282 614 valeant
2294 560 2628 620 exuberare
2645 569 2968 639 praeconia,
2985 578 3282 644 quantum
3297 576 3376 635 illi
3402 556 3697 652 congruit,

2040 659 2179 716 quae
2200 653 2454 705 cunctas
2482 655 2898 725 superexcellit
2945 658 3005 714 in
3050 663 3499 732 preeminendo
3540 686 3702 727 crea-

2040 737 2225 828 turas,
2250 740 2311 793 et
2338 739 2673 809 angelicam
2696 743 3072 814 dignitatem.
3088 752 3157 806 Et
3185 751 3288 808 ubi
3316 770 3581 828 usquam
3603 758 3697 815 in-

2038 824 2224 881 veniri
2256 832 2489 898 poterat
2508 830 2696 899 locus,
2723 834 2828 906 qui
2856 835 3012 894 infra
3048 855 3114 896 se
3143 824 3527 902 concluderet
3570 865 3696 907 ma-

2033 912 2309 983 jestatem
2326 919 2697 991 coequalem
2722 923 2899 990 Patri,
2942 932 3255 986 auctorem
3307 934 3581 993 omnium
3608 954 3697 994 re-

2032 1017 2194 1093 rum,
2222 1002 2342 1061 nisi
2362 1011 2566 1064 uterus
2596 1010 2787 1067 Mariae
2816 1018 2954 1070 ante
3003 1018 3221 1075 saecula
3250 1022 3561 1093 praescitus
3578 1027 3605 1081 ?
3632 1025 3695 1082 in

2034 1091 2197 1149 hunc
2228 1093 2525 1167 siquidem
2550 1102 2674 1155 tota
2693 1100 2974 1160 divinitas
3006 1122 3146 1163 cum
3169 1091 3542 1172 humanitate
3568 1131 3698 1173 vcr-

2032 1186 2165 1274 sata
2191 1185 2306 1274 est.
2330 1185 2399 1241 Et
2425 1186 2528 1257 qui
2552 1187 2614 1244 in
2643 1191 3055 1263 comqualitate
3084 1201 3303 1255 cuncta
3330 1200 3697 1274 disponebat

2034 1271 2315 1366 calestia,
2343 1279 2402 1330 et
2421 1278 2736 1346 terrestria,
2756 1278 2821 1335 in
2842 1280 3114 1353 virginea
3142 1271 3514 1359 perangusta
3524 1297 3696 1366 septa

2032 1364 2350 1418 venturam
2376 1369 2434 1420 et
2484 1367 2847 1437 promissam
2896 1375 3283 1446 praeparabat
3308 1380 3510 1438 carnis
3564 1364 3692 1440 suae

2031 1449 2529 1523 redemptionem.

2105 1583 2263 1640 Felix
2292 1585 2423 1641 talis
2468 1593 2677 1661 partus
2719 1594 2776 1647 et
2829 1596 3014 1663 ortus,
3042 1594 3117 1652 de
3159 1598 3329 1670 cujus
3357 1601 3693 1662 substantia

2031 1679 2450 1768 assumptaAest
2478 1676 2611 1733 talis
2641 1678 2831 1750 virgo,
2859 1699 2994 1754 quas
3026 1685 3253 1743 tolleret
3275 1694 3550 1748 veternas
3578 1709 3690 1768 pa-

2031 1767 2267 1821 rentum
2296 1765 2576 1835 oﬂ'ensas,
2630 1773 2688 1825 et
2734 1768 3021 1829 relevaret
3076 1792 3434 1837 concussum
3477 1765 3691 1842 orbem

2029 1851 2135 1924 qui
2158 1852 2271 1909 sub
2301 1872 2457 1913 ειενο
2492 1856 2627 1913 duri
2653 1864 2779 1917 erat
2802 1861 2995 1918 hostis
3038 1864 3327 1925 dominio.
3363 1872 3544 1942 Cujus
3574 1874 3690 1931 ita-

2029 1958 2147 2031 que
2168 1948 2397 2016 partus,
2427 1950 2494 2002 ut
2539 1963 2877 2021 censemus,
2907 1952 2984 2009 ad
3010 1955 3155 2011 nihil
3202 1958 3435 2031 exstitit,
3488 1962 3604 2019 nisi
3624 1967 3691 2021 ut

2027 2030 2193 2123 ﬁeret
2211 2032 2273 2123 ej
2285 2050 2352 2123 us
2378 2039 2586 2092 sancta
2610 2037 2898 2111 pudicitia
2923 2041 3142 2100 domus
3170 2050 3226 2101 et
3254 2049 3689 2123 susceptioFilii

2026 2119 2331 2210 Altissimi.
2357 2123 2445 2179 Ad
2473 2124 2619 2198 quid
2650 2127 2809 2183 enim
2867 2128 3030 2187 aliud
3053 2133 3082 2188 τ
3111 2149 3330 2204 ergone
3377 2119 3560 2210 hujus
3592 2157 3689 2198 ca-

2028 2208 2197 2302 stitas
2226 2216 2329 2268 aut
2357 2217 2493 2269 ante
2535 2220 2796 2288 partum,
2847 2218 2938 2274 vel
2990 2226 3126 2294 post
3157 2223 3409 2294 dignum
3458 2208 3687 2302 pignus

2025 2300 2312 2369 genitum,
2348 2302 2571 2360 foedata
2602 2311 2689 2362 est
2717 2306 2922 2382 aliquo
2953 2313 3231 2383 contagio
3254 2314 3281 2370 ?
3312 2300 3481 2374 Hanc
3523 2321 3685 2378 enim

2025 2388 2191 2445 nulla
2220 2391 2479 2461 gravitas
2511 2398 2615 2450 aut
2638 2394 2811 2452 effeta
2866 2401 3165 2458 successio
3190 2401 3448 2463 ﬁliorum
3490 2408 3682 2482 fregit,

2024 2482 2088 2534 ut
2119 2478 2267 2535 solet
2296 2481 2379 2537 eis
2398 2483 2738 2555 contingere
2758 2502 2894 2558 quae
2921 2488 3255 2547 humanam
3278 2478 3686 2557 sobolemma;

2023 2567 2208 2623 ternis
2257 2574 2505 2639 egerunt
2532 2571 2883 2633 visceribus.
2921 2578 3076 2634 Felix
3131 2580 3290 2636 enim
3343 2583 3544 2658 culpa,
3577 2589 3684 2645 sed

2025 2660 2233 2713 sancta
2258 2657 2589 2748 conjugalis
2612 2663 2883 2733 societas,
2900 2682 3038 2745 quae
3068 2665 3183 2722 tale
3204 2684 3272 2724 ac
3303 2657 3533 2728 tantum
3551 2691 3685 2748 spe-

2025 2745 2293 2820 cialeque
2317 2747 2410 2804 vel
2439 2747 2739 2820 singulare
2792 2751 2977 2810 decus
3028 2755 3293 2829 profudit
3318 2758 3379 2815 in
3410 2745 3684 2831 orbe,vde

2024 2851 2310 2894 concesso
2336 2837 2589 2912 nuptiali
2611 2840 3024 2901 contubernio.
3600 2856 3609 2863 ’

2096 2967 2361 3042 Denique
2389 2968 2450 3025 in
2469 2969 2654 3041 hujus
2693 2974 3082 3048 conceptione
3133 2979 3476 3037 necessaria
3516 2980 3685 3037 haud

2018 3056 2279 3114 dubium
2308 3064 2399 3116 est
2418 3059 2565 3131 quin
2592 3065 2915 3136 utrumque
2967 3072 3281 3138 parentem
3322 3068 3598 3125 viviﬁcus
3624 3073 3688 3126 et

2022 3146 2240 3203 ardens
2275 3149 2527 3222 Spiritus
2548 3149 2836 3220 singulari
2861 3170 3111 3211 munere
3131 3158 3465 3231 repleverit.
3499 3156 3691 3228 quod-

2014 3253 2139 3309 que
2158 3237 2240 3293 ab
2270 3237 2354 3294 eis
2377 3242 2725 3295 sanctorum
2748 3243 3101 3314 angelorum
3127 3245 3412 3304 custodia
3431 3260 3539 3302 seu
3555 3243 3693 3300 visi-

2018 3326 2165 3384 tatio
2190 3342 2513 3400 nunquam
2542 3328 2820 3388 abfuerit.
2876 3333 3075 3390 Merito
3109 3336 3156 3390 si
3205 3333 3462 3411 quidem
3504 3332 3689 3404 hujus

2016 3420 2243 3473 sancta
2274 3415 2526 3487 Virginis
2553 3417 2814 3476 multum
2837 3421 2992 3479 adeo
3019 3422 3323 3484 laudandi
3350 3427 3490 3481 sunt
3512 3427 3691 3480 atex-

2018 3505 2267 3562 tollendi
2312 3505 2677 3563 sanctissimi
2727 3515 3163 3581 procreatores,
3200 3513 3310 3590 qui
3351 3513 3411 3570 in
3465 3512 3694 3572 cunctis

2019 3594 2493 3652 institutionibus
2520 3599 2721 3652 tantos
2751 3614 2821 3654 ac
2851 3598 2998 3655 tales
3028 3616 3089 3656 se
3138 3603 3570 3676 prmstiterunt,
3626 3610 3697 3664 ut

2020 3699 2143 3739 non
2163 3682 2465 3740 immerito
2480 3682 2560 3738 de
2584 3698 2798 3741 eorum
2818 3686 3000 3760 stirpe
3014 3691 3290 3761 prodiret
3310 3694 3443 3752 talis
3456 3712 3692 3754 succes-

2018 3772 2129 3841 sio,
2160 3790 2301 3846 quas
2324 3772 2492 3828 ﬁeret
2518 3776 2582 3829 et
2605 3773 2820 3846 priscis
2849 3776 3133 3834 mtatibus
3148 3788 3217 3838 et
3264 3784 3687 3861 subsequenti-

2019 3862 2137 3918 bus
2161 3862 2509 3935 exemplum
2537 3862 2718 3919 totius
2745 3864 3048 3922 bonitatis.
3073 3869 3255 3943 Felix,
3282 3878 3339 3929 et
3368 3891 3492 3948 prae
3518 3883 3688 3937 caete-

2016 3951 2101 4008 ris
2124 3951 2398 4025 patribus
2424 3949 2673 4022 felicior,
2705 3952 2812 4025 qui
2836 3958 3014 4010 tantae
3042 3958 3229 4027 prolis
3256 3967 3476 4022 meruit
3529 3970 3687 4026 voci-

2016 4041 2132 4098 tari
2161 4044 2446 4114 patrator.
2478 4038 2636 4096 Felix
2646 4040 2830 4097 etiam
2854 4042 2959 4115 qui
2976 4058 3100 4100 non
3122 4046 3347 4119 plures,
3369 4055 3475 4111 sed
3495 4072 3683 4116 unam

2020 4128 2352 4204 promeruit
2376 4128 2680 4221 suscipere
2702 4133 2932 4221 natam,
2962 4148 3103 4205 quas
3132 4137 3381 4198 unicum
3411 4146 3683 4221 concipe-

2022 4225 2110 4277 ret
2133 4225 2192 4277 et
2217 4218 2506 4293 proferret
2556 4220 2658 4276 Dei
2700 4220 2929 4278 Filium.
2961 4226 3077 4280 Nec
3126 4228 3290 4286 enim
3345 4218 3605 4294 decebat
3616 4243 3683 4296 ut

1944 4348 1988 4403 Β
2022 4310 2204 4380 hujus
2240 4307 2564 4403 singularis
2584 4309 2840 4403 Virginis
2868 4313 3225 4372 sanctissimi
3270 4326 3681 4395 progenitores

2022 4398 2390 4455 foedarentur
2439 4396 2840 4469 plurimorum
2920 4407 3357 4477 propagatione
3395 4412 3675 4484 ﬁliorum,

2016 4486 2128 4560 qui
2159 4491 2327 4543 erant
2371 4486 2553 4543 futuri
2579 4488 2772 4545 unica:
2801 4488 3006 4547 matris
3052 4495 3287 4553 Domini
3339 4502 3679 4572 provisores

2014 4581 2078 4633 et
2104 4576 2458 4633 educatores
2482 4577 2731 4649 egregii.
2766 4581 2907 4635 Vere
2927 4580 3106 4638 beata
3130 4588 3192 4639 et
3214 4587 3382 4642 omni
3428 4604 3677 4646 venera-

2022 4666 2179 4724 tione
2205 4664 2510 4734 habenda,
2558 4670 2620 4723 et
2668 4668 2943 4740 quodam
3327 4692 3502 4734 sacro
3521 4694 3675 4750 prae-

2018 4753 2302 4826 dicanda,
2327 4758 2521 4811 mater
2544 4754 2729 4826 hujus
2759 4762 3000 4825 sanctas,
3028 4775 3167 4831 quae
3212 4764 3484 4821 omnium
3516 4770 3678 4823 ante-

2018 4841 2195 4898 cessit
2238 4848 2461 4900 matres
2484 4842 2546 4899 in
2571 4845 2972 4919 concipiendo
3024 4853 3083 4905 et
3136 4853 3484 4918 generando
3536 4870 3674 4912 eam

2018 4945 2157 5003 quas
2221 4947 2400 4987 suum
2455 4936 2519 4988 et
2596 4934 2876 4991 omnium
2949 4941 3259 5005 generaret
3322 4946 3670 5001 amatorem.

2014 5018 2222 5075 Gaude
2252 5024 2310 5076 et
2357 5019 2577 5088 lmtare,
2632 5037 2669 5077 ο
2712 5022 2852 5079 felix
2888 5039 3000 5095 pro
3054 5023 3157 5081 tali
3204 5026 3351 5098 ﬁlia,
3374 5032 3673 5103 quoniam

2017 5106 2118 5163 tali
2344 5108 2574 5165 donata
2625 5125 2713 5178 es,
2769 5128 2891 5185 qua
2934 5112 3101 5170 nulla
3153 5120 3292 5174 ante
3347 5123 3404 5176 te
3461 5126 3675 5197 postea

2015 5196 2234 5253 meruit
2256 5197 2548 5254 anteeelli.
2599 5200 2838 5264 Quanta
2861 5206 3147 5274 putamus
3197 5209 3458 5278 provisio
3498 5212 3675 5270 fuerit

2019 5288 2367 5341 sanctorum
2397 5285 2773 5359 angelorum,
2807 5288 2963 5347 circa
2982 5296 3109 5350 tam
3136 5296 3255 5352 Deo
3302 5301 3672 5368 gratissimos

2014 5376 2317 5446 parentes,
2344 5372 2423 5429 ab
2449 5372 2617 5431 initio
2668 5392 2793 5433 sua:
2833 5382 3282 5453 procreationis,
3310 5392 3371 5443 ct
3413 5389 3673 5447 excuba-

2016 5461 2099 5518 tio
2147 5477 2328 5535 super
2379 5467 2504 5519 tam
2539 5463 2846 5536 ingentem
2885 5470 3156 5528 sobolem
3176 5473 3204 5529 ?
3250 5478 3532 5550 Nunquid
3567 5479 3673 5535 ab-

2018 5551 2204 5608 fuisse
2233 5551 2569 5609 credendus
2596 5560 2686 5612 est
2740 5558 2989 5631 Spiritus
3019 5568 3261 5620 sanctus
3312 5566 3393 5623 ab
3423 5567 3536 5624 ista
3553 5568 3673 5625 exi-

2021 5640 3511 5726 Mpudhqmmsmobmhmudiw
3548 5655 3670 5718 vir-
