3996 6176
400 175 502 237 32'7

1430 178 1486 233 S.
1519 175 1851 232 FULBERTI
1893 165 2370 231 CABNOTENSIS
2408 172 2735 231 EPISCOPI.

3712 177 3818 232 328

399 309 523 362 tute
546 306 575 360 ‘I
596 303 745 361 Nulli
770 300 929 358 enim
957 299 1225 355 ﬁdelium
1259 299 1513 355 dubium
1540 304 1629 356 est
1676 299 1842 373 quod
1892 298 2049 354 circa
2089 302 2132 355 A
2166 312 2298 352 cem
2327 313 2467 353 cum
2498 297 2712 354 mentis
2735 297 3092 370 jubilatione
3145 290 3498 372 recipientes
3532 298 3699 356 omni
3723 314 3821 356 co-

402 412 535 452 eam
568 392 764 450 omnis
794 390 1127 463 frequentia
1157 389 1489 446 calestium
1542 390 1855 461 agminum
1901 388 2053 445 invi-

401 484 643 555 gilabat,
680 485 880 553 utpote
895 495 1083 552 quam
1097 495 1280 552 supra
1302 495 1366 535 se
1392 478 1777 535 exaltandam
1806 477 2052 533 minime

399 571 806 640 ambigebant.
843 571 886 626 Ο
919 568 1097 624 nimis
1129 586 1429 642 superque
1460 569 1633 625 beata
1664 568 1838 638 Virgo
1871 586 1883 636 ;
1915 583 2051 640 qua

396 660 543 716 nulli
566 657 981 731 comparanda
1007 661 1096 712 est
1132 657 1362 725 merito,
1394 674 1503 714 nec
1560 656 1934 729 coaquanda
1958 672 2052 711 ca-

399 749 612 806 stitatis
645 746 810 802 titulo
838 748 866 803 ?
884 748 1028 802 Vere
1054 745 1270 802 etenim
1298 746 1473 802 beata
1493 746 1594 802 illa
1643 744 1882 812 sacula,
1914 761 2049 817 qua

396 857 471 897 ex
499 844 737 895 sacrato
768 842 936 893 utero
966 841 1021 893 te
1050 837 1376 894 meruerint
1399 837 1669 909 excipere
1699 852 1809 891 suo
1832 835 1892 890 in
1911 841 2050 891 tem-

394 945 561 1004 pore.
597 930 750 984 Sane
781 927 827 983 si
850 926 953 999 qui
975 926 1223 983 sollicita
1253 932 1451 982 mente
1480 931 1537 982 et
1577 925 1844 981 studiosa
1893 924 2052 981 inve-

398 1017 714 1088 stigatione
759 1014 1109 1089 perquirant
1161 1030 1268 1070 cur
1316 1019 1662 1070 sanctorum
1716 1013 2053 1078 praeceden-

398 1107 545 1164 tium
576 1104 880 1161 memoria
922 1103 1106 1173 hujus
1134 1103 1396 1176 prafata
1452 1102 1704 1174 Virginis
1754 1107 2052 1175 tempora-

396 1210 512 1250 nea
530 1192 695 1249 initia
713 1190 833 1246 suis
854 1189 1133 1246 ﬁdelibus
1163 1189 1523 1262 sequacibus
1549 1190 1902 1246 enucleatim
1927 1206 2049 1247 non

398 1284 858 1349 exornaverunt,
891 1284 956 1334 ut
980 1280 1059 1334 ad
1089 1279 1364 1335 omnium
1394 1279 1665 1335 notitiam
1713 1279 2045 1349 vulgarent.

393 1370 665 1425 noverint
692 1382 816 1423 non
844 1367 1088 1438 ignaros
1109 1383 1211 1423 eos
1243 1367 1533 1424 exstitisse
1561 1368 1877 1437 haereseos,
1913 1383 2049 1441 qua

392 1475 503 1531 pro
523 1459 742 1528 insigni
771 1464 828 1513 ei
853 1457 1214 1513 admirando
1236 1458 1419 1529 hujus
1443 1474 1626 1513 sacrae
1652 1457 1865 1531 puella
1895 1474 2049 1531 pra-

393 1549 567 1606 conio
595 1562 873 1604 excrmra
902 1552 1048 1616 erat,
1072 1551 1129 1603 et
1153 1547 1232 1603 ob
1260 1546 1345 1617 id,
1376 1547 1425 1602 si
1454 1547 1599 1620 quid
1624 1563 1695 1603 ex
1744 1546 1873 1618 ejus
1914 1551 2049 1603 ortu

2165 390 2310 442 natu
2337 386 2658 457 elaborate,
2696 392 2758 443 ut
2785 390 2948 444 tanta
2972 380 3246 444 hodierni
3294 387 3411 444 diei
3448 387 3817 460 jucunditas,

2162 474 2307 531 dum
2335 476 2663 532 mundanis
2694 475 2980 532 excolitur
3003 480 3061 532 et
3112 476 3445 532 honoratur
3482 475 3817 550 obsequiis,

2163 564 2320 622 hanc
2346 565 2587 622 interior
2615 570 2673 622 et
2700 582 2857 640 pura
2900 565 3267 623 conscientia
3309 566 3488 637 justis
3532 571 3591 623 et
3618 582 3823 623 conse-

2161 655 2483 728 quentibus
2508 661 2911 730 prosequatur
2936 656 3204 713 servitiis.
3250 659 3520 729 Namque
3565 656 3671 730 qui
3695 656 3822 729 pio—

2161 761 2297 800 rum
2328 751 2691 802 venerantur
2717 762 2890 803 sacra
2916 745 3148 815 merita,
3180 746 3403 820 quique
3456 745 3822 802 omnimodis

2160 834 2444 890 interesse
2470 840 2791 909 peroptant
2820 851 3219 909 supernorum
3271 835 3583 907 agminum
3634 835 3818 902 festis,

2158 923 2244 978 sic
2278 922 2340 979 in
2394 924 2801 997 praesentibus
2845 927 3235 980 exerceantur
3274 928 3619 981 sanctorum
3645 928 3819 980 nata-

2158 1011 2315 1083 litiis,
2349 1016 2413 1069 ut
2432 1028 2556 1069 non
2589 1013 2896 1083 contingat
2912 1012 3031 1069 illic
3055 1013 3140 1070 eis
3168 1012 3379 1070 abesse
3424 1012 3711 1086 deinceps
3738 1013 3817 1069 de

2157 1118 2419 1174 quorum
2474 1102 2569 1157 hic
2625 1102 3118 1172 congratulantur
3163 1101 3501 1175 triumphis.
3552 1104 3819 1176 Quapro-

2157 1197 2288 1264 pter
2314 1192 2593 1265 praesenti
2646 1192 3061 1261 celebratione,
3122 1192 3396 1249 omnium
3425 1192 3817 1266 prudentium

2157 1280 2458 1351 virginum
2488 1281 2759 1351 reginam
2790 1281 3012 1338 sedulis
3040 1281 3340 1354 exposcite
3357 1281 3656 1355 precibus,
3679 1297 3817 1354 qua

2158 1369 2562 1442 principatum
2589 1369 2816 1426 obtinet
2861 1370 3012 1426 inter
3053 1370 3268 1427 choros
3325 1374 3669 1427 sanctarum
3702 1370 3819 1425 vir-

2158 1457 2385 1528 ginum,
2421 1475 2531 1515 suo
2572 1458 2906 1516 interventu
2960 1458 3175 1516 efﬁciat
3202 1459 3488 1533 possibile
3517 1475 3640 1532 quo
3682 1474 3819 1514 san-

2158 1550 2262 1602 cta
2292 1546 2567 1603 Ecclesiae
2597 1553 2943 1616 concentus,
2973 1565 3111 1604 cum
3146 1565 3281 1605 eam
3329 1547 3544 1605 humili
3567 1564 3691 1621 qua
3716 1564 3820 1605 va-

390 1639 785 1714 protulerunt.7
810 1637 1011 1707 sagaci
1038 1636 1331 1693 industria
1361 1637 1683 1694 celandum
1731 1637 1963 1693 aemulis
1992 1641 2049 1694 et
2087 1647 2128 1701 Β
2156 1635 2235 1692 let
2265 1636 2629 1709 operatione,
2672 1636 2921 1710 percolit
2970 1637 3032 1693 in
3073 1637 3263 1709 terris,
3289 1637 3539 1693 demum
3584 1636 3646 1693 in
3676 1636 3818 1693 lati-

391 1728 734 1786 inﬁdelibus
758 1727 1167 1797 decreverunt,
1191 1742 1266 1782 ne
1306 1726 1591 1783 inveniret
1632 1744 1790 1784 caeca
1846 1743 2051 1797 garru-

391 1819 546 1875 ditas
575 1816 947 1892 perﬁdorum
978 1815 1138 1872 unde
1163 1819 1503 1872 maternum
1533 1816 1728 1873 sinum
1775 1817 2047 1874 Ecclesia

390 1907 732 1964 verberaret
758 1922 869 1961 sua
888 1903 1199 1978 multiplici
1220 1903 1472 1960 fallacia.
1495 1908 1639 1960 Nam
1667 1909 1723 1960 et
1749 1905 1865 1961 hoc
1880 1904 2049 1978 quod

389 1996 506 2053 levi
526 2000 583 2053 et
608 1994 810 2050 subtili
839 1993 1145 2060 relatione,
1179 1998 1283 2049 aut
1312 1994 1579 2049 forsitam
1610 1994 2047 2068 conscriptione

392 2086 467 2142 de
488 2085 695 2141 matris
748 2082 984 2140 Domini
1039 2083 1345 2140 nativitate
1374 2086 1431 2139 et
1482 2082 1732 2140 infantia
1773 2084 2046 2155 ejusdem

391 2172 627 2230 Domini
650 2176 1065 2245 perceperunt,
1091 2171 1180 2241 ita
1213 2176 1456 2227 versuta
1507 2176 1563 2227 et
1618 2177 2045 2241 argumentosa

390 2263 625 2319 fallacia
655 2261 1070 2334 deturparunt,
1122 2264 1186 2316 ut
1213 2277 1323 2316 nec
1357 2277 1492 2317 vera
1547 2260 1828 2335 deinceps
1856 2278 1891 2318 a
1919 2262 2047 2335 qui-

388 2351 650 2408 busdam
671 2349 1082 2406 ecclesiasticis
1102 2349 1448 2406 doctoribus
1470 2349 1804 2418 recitantur,
1836 2367 2046 2423 quam-

387 2441 477 2497 vis
504 2441 752 2497 minime
785 2426 1195 2512 repudiantur.

461 2533 664 2585 Exstat
690 2544 831 2584 vero
861 2529 1144 2601 quadam
1198 2544 1321 2584 non
1377 2528 1596 2584 usitata
1648 2528 1875 2599 relatio,
1907 2547 2042 2603 qua

388 2619 696 2676 clarissimi
724 2617 1058 2690 interpretis
1092 2617 1431 2689 Hieronymi
1450 2622 1820 2691 pranotatur
1855 2620 2045 2676 nomi-

388 2726 485 2775 ne,
512 2709 773 2765 referens
801 2706 1047 2763 bealum
1072 2707 1411 2764 Matthaum
1441 2712 1577 2780 post
1603 2708 1831 2765 editum
1859 2712 2044 2765 Evan-

389 2798 609 2870 gelium
640 2802 837 2853 ortum
869 2796 1129 2869 prafata
1173 2795 1425 2866 Virginis
1454 2801 1633 2869 atque
1671 2797 2042 2856 initiamenta

387 2887 639 2961 puerilia
679 2890 815 2942 Jesu
847 2885 1076 2951 Christi,
1107 2884 1187 2941 ita
1243 2885 1512 2941 obscuris
1563 2902 1753 2942 manu
1798 2887 2041 2960 propria

388 2977 743 3045 obsignasse
764 2974 966 3030 litteris
1024 2973 1324 3030 Hebraicis
1356 2978 1423 3029 ut
1474 2974 1652 3030 nullis
1706 2974 2039 3034 inﬁdelium
2077 3002 2120 3059 (ε

388 3064 533 3121 illud
556 3063 730 3120 vellet
758 3067 959 3137 patere
991 3062 1308 3135 superﬂuis
1337 3067 1395 3119 et
1444 3063 1832 3121 mordacibus
1882 3066 2038 3123 ricti-

386 3156 522 3223 bus,
570 3171 706 3228 qua
760 3158 900 3211 tunc
963 3170 1000 3210 a
1056 3153 1367 3227 pralibato
1410 3154 1728 3228 interprete
1770 3155 2040 3213 feruntur

384 3250 786 3320 transportata
810 3243 1175 3318 quibusdam
1206 3244 1424 3300 obnixe
1457 3245 1797 3318 petentibus
1829 3247 1905 3303 ad
1938 3250 2039 3304 La-

383 3335 521 3392 tina
550 3335 771 3406 lingua
800 3334 1091 3391 notitiam.
1126 3336 1194 3389 Et
1220 3333 1362 3406 quia
1387 3333 1517 3388 hac
1535 3333 1742 3390 relatio
1766 3335 1917 3391 inter
1946 3353 2038 3393 sa-

383 3442 498 3482 cra
529 3425 843 3496 Scriptura
874 3437 1138 3479 canones
1162 3438 1285 3478 non
1323 3421 1579 3477 habetur
1632 3422 1872 3494 inserta,
1902 3424 2037 3482 ideo

384 3512 688 3569 unanimis
715 3510 985 3568 Ecclesia
1016 3514 1346 3567 conventus
1393 3509 1456 3565 in
1480 3509 1785 3567 recitando
1836 3518 2036 3586 aperte

383 3618 495 3659 nec
525 3601 773 3657 omnino
795 3600 973 3671 eligit,
1020 3615 1131 3654 nec
1161 3599 1223 3654 in
1281 3614 1403 3654 non
1433 3599 1776 3671 recipiendo
1827 3602 2033 3673 rejicit,

382 3707 523 3747 cum
550 3687 843 3745 nonnulla
898 3687 1269 3760 reperiantur
1296 3685 1453 3742 dicta
1476 3686 1569 3743 vel
1616 3687 1772 3744 facta
1810 3706 1945 3762 quae
1973 3692 2036 3747 in

379 3779 628 3854 prafata
651 3778 798 3835 serie
826 3776 1223 3851 impossibilia
1277 3776 1615 3849 videantur,
1645 3794 1781 3850 qua
1832 3784 2034 3842 tamen

378 3868 716 3926 volentibus
746 3870 803 3924 et
832 3865 1176 3923 amantibus
1198 3865 1415 3936 legere,
1446 3882 1570 3922 non
1609 3866 1867 3939 denegat
1888 3869 2034 3927 ﬁde-

376 3959 522 4015 lium
552 3956 863 4013 industria.
898 3955 1077 4013 Nobis
1116 3960 1317 4011 autem
1346 3958 1402 4010 et
1421 3955 1703 4012 omnibus
1761 3957 2031 4015 Ecclesia

376 4048 531 4111 ﬁliis,
574 4046 715 4102 satis
745 4060 1046 4119 superque
1068 4043 1143 4099 sit
1166 4043 1317 4099 ﬁdes
1347 4048 1404 4100 et
1430 4042 1649 4101 devota
1691 4046 2027 4116 credulitas,

377 4152 497 4208 qua
521 4151 659 4191 vere
689 4150 823 4190 eam
848 4133 1205 4190 conﬁtemur
1232 4133 1532 4203 Virginem
1561 4138 1620 4190 et
1646 4134 1705 4190 in
1723 4140 1856 4191 ortu
1885 4141 1942 4192 et
1968 4137 2030 4193 in

377 4223 543 4279 omni
568 4239 678 4279 sua
706 4222 1071 4295 operatione.
1108 4221 1293 4291 Hujus
1322 4237 1589 4295 namque
1609 4227 1777 4296 pater
1815 4229 1872 4279 et
1898 4241 2028 4281 ma-

376 4316 463 4368 ter
491 4311 760 4368 carnales
786 4310 965 4367 fuisse
986 4311 1273 4377 feruntur,
1304 4311 1572 4368 Joachim
1595 4316 1653 4368 et
1673 4318 1867 4385 Anna,
1893 4330 2027 4386 quae
2062 4354 2105 4408 Β

373 4400 528 4458 bene
558 4400 667 4457 sibi
697 4400 771 4457 de
806 4399 1065 4456 nominis
1110 4399 1593 4473 interpretatione
1631 4406 1980 4475 competunt
2011 4421 2024 4459 :

372 4490 643 4547 Joachim
672 4490 898 4564 quippe
905 4490 1281 4559 praeparatio
1311 4491 1557 4546 Domim'
1577 4489 1809 4559 dicitur,
1856 4497 2029 4549 Anna

371 4597 511 4637 vero
536 4581 737 4651 gratia
764 4580 875 4635 Dei
912 4578 1347 4651 interpretatur.
1381 4582 1447 4634 In
1497 4579 1715 4635 horum
1767 4580 2027 4638 duorum

372 4669 691 4726 nominum
720 4667 1201 4742 interpretatione
1224 4667 1370 4740 quid
1400 4666 1686 4735 innuitur,
1708 4668 1821 4724 nisi
1837 4670 2028 4739 gratia

370 4776 557 4833 quam
591 4759 774 4814 simul
808 4756 1008 4829 adepti
1037 4755 1225 4812 sunt?
1244 4755 1348 4811 ubi
1372 4770 1636 4828 namque
1660 4757 1875 4829 poterit
1893 4774 2025 4816 esse

370 4849 583 4920 gratia,
606 4848 724 4904 nisi
746 4846 851 4907 ubi
880 4845 1205 4903 famulatur
1220 4845 1576 4917 praeparatio
1608 4846 1982 4904 conscientia
1997 4849 2026 4905 ?

367 4944 426 4996 et
453 4939 556 4996 ubi
585 4939 787 4995 locum
813 4936 1063 4993 habebit
1101 4935 1457 5008 praeparatio
1501 4934 1883 5008 operationis,
1910 4937 2025 4993 nisi

369 5029 473 5085 ubi
499 5032 635 5086 ante
660 5028 1032 5102 pracesserit
1056 5025 1159 5082 Dei
1208 5024 1419 5095 largita
1465 5026 1655 5096 gratia
1680 5026 1708 5082 ?
1735 5025 1826 5083 Sic
1880 5042 2023 5098 ergo

370 5116 429 5172 in
458 5133 649 5173 unum
680 5117 814 5173 dua
875 5119 1201 5189 compactae
1258 5114 1481 5185 gratiae,
1531 5113 1883 5188 disponente
1927 5116 2023 5172 Dei

367 5208 538 5267 nutu,
568 5205 877 5278 proferunt
896 5222 968 5261 ex
988 5222 1050 5261 se
1072 5202 1325 5275 gratiam
1369 5219 1492 5260 non
1521 5220 1794 5277 parvam,
1823 5204 2023 5278 profu-

367 5297 563 5349 turam
586 5294 762 5350 valde
793 5295 1019 5350 cunctis
1046 5293 1414 5351 hominibus.

437 5386 567 5440 Haec
599 5382 808 5457 paucis
835 5382 993 5440 dicta
1021 5384 1096 5439 de
1117 5389 1460 5440 sanctorum
1498 5389 1815 5457 parentum
1837 5385 2022 5455 digna

366 5471 936 5530 commemoratione
959 5473 1100 5529 satis
1126 5473 1259 5529 sint.
1293 5476 1457 5530 Nunc
1480 5474 1559 5529 ad
1592 5474 1921 5530 evolvenda
1949 5490 2021 5530 ea

362 5582 495 5638 qua
518 5563 780 5621 Christus
805 5561 1035 5618 dederit
1063 5562 1396 5619 veniamus.
1425 5566 1737 5637 Propterea
1774 5563 2016 5618 honori-

359 5652 743 5712 ﬁcentissime
782 5651 1006 5709 summi
1053 5652 1322 5709 Auctoris
1350 5656 1408 5708 et
1436 5652 1723 5710 Creatoris
1771 5651 2011 5708 Genitri-

2157 1725 2237 1782 tia
2267 1726 2535 1799 perenni,
2591 1725 2665 1782 de
2702 1727 2832 1798 ejus
2889 1731 3142 1801 utraque
3197 1726 3576 1798 congaudeat
3630 1725 3818 1783 subli-

2155 1815 2419 1871 matione
2466 1820 2522 1872 et
2573 1814 2781 1886 gloria.
2833 1820 2945 1873 Ista
3024 1822 3113 1873 est
3162 1818 3325 1873 enim
3374 1816 3683 1891 praecipua
3733 1816 3817 1873 fe-

2157 1902 2405 1973 stivitas,
2428 1902 2488 1958 in
2532 1919 2656 1976 qua
2713 1905 2911 1960 omnis
2964 1904 3319 1975 angelorum
3368 1904 3576 1961 militia
3618 1904 3817 1961 exsul-

2155 1996 2257 2060 tat,
2307 1991 2369 2046 in
2446 2008 2569 2064 qua
2624 1993 3058 2065 prophetarum
3115 1993 3465 2067 panduntur
3513 1992 3813 2060 vaticinia,

2154 2080 2217 2136 in
2264 2096 2386 2153 qua
2444 2080 2623 2137 etiam
2700 2082 3011 2152 gentilium
3080 2087 3424 2139 reserantur
3477 2083 3813 2156 praenuntia

2155 2169 2395 2243 scripta,
2429 2169 2490 2225 in
2537 2186 2660 2242 qua
2703 2170 2890 2227 oritur
2948 2188 3173 2245 sponsa
3198 2172 3325 2229 sine
3378 2171 3651 2245 exemplo
3689 2173 3814 2229 Deo

2154 2259 2495 2329 conjuncta,
2524 2259 2598 2315 de
2629 2259 2804 2331 cujus
2834 2265 3000 2318 casta
3027 2261 3294 2336 corporis
3323 2260 3572 2318 materia
3617 2260 3812 2317 oritur

2150 2347 2355 2404 lumen
2386 2348 2447 2404 in
2478 2348 2736 2404 tenebris
2766 2350 2843 2405 ad
2870 2350 3283 2407 exturbandas
3302 2355 3573 2431 veterum
3599 2349 3814 2422 piacu-

2150 2435 2349 2494 lorum
2418 2436 2690 2493 nebulas.
2744 2441 2878 2495 Hac
2920 2444 3028 2510 est,
3080 2439 3354 2513 inquam,
3385 2439 3513 2495 dies
3571 2438 3635 2495 in
3686 2456 3813 2512 qua

2150 2523 2478 2599 pralucida
2510 2526 2698 2599 stella,
2731 2527 2855 2584 imo
2885 2528 3089 2585 lumen
3146 2528 3545 2602 inseparabile
3600 2529 3807 2601 maris,

2151 2613 2266 2670 hoc
2291 2618 2382 2669 est
2429 2614 2611 2685 hujus
2667 2616 2902 2688 mundi,
2956 2616 3117 2674 velut
3165 2620 3341 2688 Eous,
3394 2633 3535 2673 cum
3578 2617 3812 2674 decoris

2151 2703 2495 2760 amoenitate
2526 2721 2597 2760 ex
2630 2706 2868 2762 mortali
2899 2707 3172 2777 genitura
3201 2707 3431 2764 cunctis
3450 2708 3559 2781 qui
3584 2707 3810 2765 salvan-

2150 2793 2212 2849 di
2244 2798 2384 2849 sunt
2407 2793 2612 2850 illuxit.
2649 2797 2778 2851 Haec
2799 2800 2889 2852 est
2916 2796 3276 2853 honoranda
3299 2796 3427 2853 dies
3473 2795 3698 2862 latitia,
3747 2797 3813 2853 in

2149 2898 2273 2956 qua
2292 2882 2460 2953 juxta
2487 2883 2698 2939 mundi
2727 2884 3047 2956 qualitates
3075 2891 3449 2959 praeparatur
3472 2901 3579 2941 vas
3629 2885 3813 2957 virgi-

2149 2986 2352 3039 neum,
2381 2970 2593 3027 divinis
2615 2972 3074 3030 charismatibus
3104 2979 3170 3030 ut
3214 2973 3552 3045 margaritis
3596 2973 3814 3031 ineffa-

2147 3060 2343 3117 biliter
2367 3066 2667 3130 ornatum,
2700 3062 2759 3118 in
2791 3079 2915 3136 quo
2945 3063 3203 3137 qualitas
3235 3063 3338 3121 Dei
3360 3064 3536 3120 mista
3571 3060 3809 3118 homini

2149 3149 2675 3224 compaginaretur
2703 3153 3108 3226 corporaliter,
3128 3169 3255 3210 non
3294 3152 3627 3210 secundum
3664 3166 3812 3224 pro-

2146 3240 2554 3314 pag‘ationem,
2584 3240 2690 3297 sed
2722 3242 3056 3298 secundum
3083 3242 3331 3315 Spiritus
3375 3241 3565 3299 sancti
3595 3256 3816 3314 opera-

2146 3330 2390 3386 tionem.
2416 3330 2579 3402 Quis,
2602 3347 2833 3405 quaso,
2858 3348 3132 3406 unquam
3162 3337 3268 3389 aut
3282 3337 3419 3389 ante
3447 3333 3605 3389 hanc
3624 3330 3814 3402 Virgi-

2145 3434 2307 3488 nem,
2335 3424 2439 3476 aut
2466 3425 2603 3494 post
2626 3421 2804 3489 hanc,
2835 3421 2899 3477 in
2928 3422 3094 3478 omni
3126 3428 3419 3479 terrarum
3448 3421 3640 3495 spatio
3694 3437 3813 3478 au-

2145 3507 2271 3564 dire
2301 3508 2505 3579 valuit,
2532 3514 2597 3565 ut
2646 3510 2836 3567 factor
2889 3511 3163 3567 omnium
3216 3528 3438 3582 rerum,
3490 3526 3815 3585 possessor

2145 3596 2278 3653 cali
2298 3602 2355 3653 et
2375 3602 2560 3665 terra,
2595 3601 2716 3655 Rex
2752 3615 2964 3669 regum
2993 3605 3050 3657 et
3076 3601 3365 3658 Dominus
3389 3600 3810 3674 dominorum,

2146 3685 2243 3743 Sol
2275 3685 2537 3757 justitia,
2567 3686 2774 3744 lumen
2801 3688 3226 3762 insuperabile,
3256 3689 3412 3747 intra
3456 3690 3713 3761 Virginis
3740 3706 3811 3747 se

2142 3779 2306 3831 arcta
2363 3774 2747 3833 concluderet
2793 3780 2993 3852 septa!
3052 3782 3095 3836 Ο
3154 3795 3378 3851 magna
3429 3784 3488 3837 et
3542 3779 3813 3836 admira-

2141 3863 2276 3920 bilis
2322 3863 2511 3938 ipsius
2570 3865 2667 3922 Dei
2727 3867 3090 3939 distributio,
3142 3868 3265 3925 imo
3343 3868 3676 3926 miseratio!
3739 3875 3812 3927 ut

2140 3954 2300 4010 enim
2348 3955 2785 4029 protoplastum
2816 3963 3127 4031 parentem
3156 3964 3213 4016 et
3260 3960 3709 4017 successionem
3737 3959 3814 4016 ﬁ-

2139 4042 2354 4100 liorum
2395 4045 2526 4116 ejus
2582 4045 2917 4119 innovaret,
2947 4065 3132 4122 quem
3161 4054 3396 4105 constat
3421 4049 3502 4105 ob
3529 4049 3647 4106 hoc
3674 4049 3810 4107 edi-

2138 4137 2289 4202 tum,
2322 4138 2386 4189 ut
2412 4134 2888 4207 superbientium
2937 4138 3288 4209 angelorum
3335 4138 3641 4213 suppleret
3691 4156 3810 4197 nu-

2137 4239 2374 4279 merum
2441 4228 2499 4279 et
2545 4223 2838 4293 ordinem,
2897 4242 3021 4283 non
3077 4227 3320 4300 indigne
3361 4228 3602 4302 pertulit
3641 4229 3810 4287 intra

2137 4312 2392 4383 Virginis
2422 4312 2626 4369 alvum
2655 4313 2885 4370 calitus
2915 4331 2976 4371 se
3025 4317 3349 4390 corporari,
3381 4323 3446 4373 ut
3491 4318 3811 4375 consocia-

2136 4400 2255 4457 lem
2297 4401 2555 4459 formam
2608 4418 2734 4459 non
2782 4405 3112 4462 secundum
3166 4407 3385 4464 divina
3444 4408 3809 4466 substantia

2136 4491 2537 4565 quantitatem
2561 4492 2655 4549 vel
2680 4494 3056 4569 qualitatem,
3088 4496 3192 4552 sed
3217 4496 3391 4568 juxta
3436 4514 3810 4571 corporeum

2134 4580 2570 4638 incrementum
2596 4583 2827 4656 absque
2855 4584 3097 4641 macula
3125 4586 3353 4658 peccati
3379 4587 3492 4644 sibi
3543 4604 3807 4661 compa-

2135 4675 2298 4728 ctum
2318 4686 2389 4727 eo
2411 4671 2661 4741 erigeret
2683 4673 2842 4730 unde
2872 4668 2930 4730 et
2954 4690 3167 4731 suasor
3195 4680 3251 4732 et
3298 4675 3395 4731 ille
3452 4676 3804 4747 succubuit,

2132 4758 2367 4832 perﬁda
2394 4759 2771 4818 fraudatione
2813 4763 3092 4838 praecepti
3149 4768 3399 4838 uterque
3423 4766 3650 4837 ejectus
3680 4771 3803 4824 est.

2133 4850 2279 4904 Ecce
2309 4847 2511 4921 itaque
2540 4851 2738 4907 cuncti
2763 4853 2867 4924 qui
2896 4852 2974 4909 ad
3029 4869 3265 4910 sacram
3310 4854 3642 4911 convenitis
3671 4856 3809 4913 Vir-

2133 4938 2287 5010 ginis
2337 4938 2730 5011 nativitatem,
2788 4957 2999 4999 omnes
3077 4959 3399 5017 corporeos
3471 4943 3807 5004 vobiscum

2132 5027 2354 5084 aifertis
2376 5044 2608 5096 sensus,
2640 5029 2905 5086 fortassis
2930 5036 2987 5088 et
3025 5033 3155 5104 jam
3204 5048 3327 5089 non
3366 5032 3585 5090 desunt
3612 5034 3808 5093 vobis

2129 5116 2435 5174 interiores
2465 5118 2660 5175 cordis
2703 5119 3050 5178 intellectus.
3086 5120 3255 5178 Haud
3291 5122 3547 5179 dubium
3599 5124 3804 5196 enim,

2130 5223 2270 5263 cum
2293 5207 2638 5281 dispertitor
2665 5225 2911 5267 suarum
2950 5211 3238 5268 virtutum
3284 5228 3806 5289 unumquemque

2126 5299 2392 5351 vestrum
2419 5312 2528 5353 suo
2565 5296 2874 5355 donaverit
2918 5299 3101 5367 dono,
3133 5301 3237 5373 qui
3268 5301 3376 5357 scit
3428 5301 3487 5358 in
3534 5302 3806 5374 singulis

2126 5384 2208 5441 ita
2235 5383 2544 5452 dispertire
2573 5402 2684 5443 sua
2708 5387 2872 5444 dona
2899 5393 2957 5445 et
3006 5405 3259 5446 numera
3297 5396 3476 5464 prout
3525 5392 3805 5467 quisque

2125 5472 2381 5544 laborat,
2415 5479 2477 5531 ut
2506 5474 2795 5533 efﬁciatur
2817 5477 2949 5549 ejus
2997 5478 3431 5536 habitaculum.
3491 5483 3802 5553 Operatur

2126 5566 2328 5619 autem
2349 5563 2485 5636 hoc,
2515 5569 2579 5620 ut
2607 5565 2689 5621 ait
2715 5567 3051 5640 Apostolus,
3094 5584 3249 5626 unus
3274 5574 3454 5643 atque
3479 5569 3645 5627 idem
3660 5572 3795 5645 Spi-

2124 5651 2291 5721 ritus,
2317 5652 2422 5726 qui
2439 5652 2502 5710 in
2522 5655 2752 5713 cunctis
2780 5658 3114 5714 secundum
3135 5658 3464 5729 gratiarum
3485 5660 3793 5719 rationem
