3996 6176
153 218 249 271 329

1427 215 1702 272 SERMON
1709 213 1791 270 ES
1827 215 1923 268 AD
1962 216 2307 274 POPULUM.

3479 233 3584 286 330

151 338 468 410 spargitur,
512 341 568 392 et
613 336 674 391 in
720 337 967 406 singulis
1019 338 1188 393 unice
1237 338 1550 394 invenitur.
1599 337 1809 407 Erigite
1839 347 1886 399 A
1925 339 2175 396 Insultas
2204 341 2462 415 denique
2493 343 2545 399 ei
2583 345 2770 402 modo
2815 347 2920 418 qui
2969 352 3022 403 te
3063 348 3295 405 dudum
3343 369 3452 408 suo
3489 369 3584 408 ve-

148 443 285 496 ergo
316 431 552 481 mentes
582 432 808 481 vestras
857 427 932 482 ad
984 428 1293 499 praesentis
1345 428 1550 484 matris
1598 427 1812 482 festivi-

149 521 349 580 tatem,
395 520 459 570 ut
488 515 722 570 nullum
752 516 966 571 mentis
999 516 1088 571 vel
1131 517 1398 589 corporis
1441 516 1812 573 domicilium

143 619 244 658 seu
271 603 558 673 jubilatio
596 603 950 669 inveniatur,
1001 621 1136 676 quae
1177 621 1300 660 non
1332 609 1453 661 tota
1495 609 1813 676 concrepet

140 692 197 746 in
236 695 446 746 tamen
495 691 784 763 praeclara
829 693 1258 764 procreatione.
1318 693 1705 764 Congaudeat
1749 693 1810 748 in

137 781 249 836 hac
282 780 628 838 celebritate
655 786 899 854 uterque
930 799 1106 838 sexus
1134 787 1190 838 et
1219 783 1483 838 conditio
1529 783 1806 839 domino-

139 886 273 925 rum
305 886 418 924 seu
461 869 890 941 subjectorum,
941 871 1084 943 quia
1143 888 1248 943 per
1303 872 1460 928 hanc
1513 872 1806 942 Virginem

138 964 541 1031 utrorumque
585 959 744 1014 venit
796 960 1147 1034 redemptio,
1182 961 1403 1017 scilicet
1452 962 1806 1018 immacula-

137 1055 228 1103 tus
256 1048 556 1104 Dominus
597 1049 913 1104 carnaliter
960 1049 1242 1122 prodiens
1287 1051 1360 1107 de
1420 1051 1571 1107 illius
1616 1057 1804 1108 utero.

135 1139 456 1194 Gaudeant
484 1155 657 1194 senes
691 1142 804 1194 Deo
834 1140 1158 1212 placentes,
1211 1142 1501 1214 quoniam
1545 1141 1622 1197 ab
1669 1141 1808 1198 aula

134 1228 266 1284 coeli
297 1227 616 1283 descendit
643 1227 738 1283 ille
767 1228 828 1283 in
860 1229 988 1298 ejus
1019 1229 1229 1301 puellae
1259 1230 1508 1297 viscera,
1543 1232 1646 1303 qui
1697 1247 1804 1287 no-

133 1315 213 1370 vit
259 1331 389 1371 non
432 1316 618 1372 modo
650 1316 884 1372 animas
938 1322 1189 1387 tantum,
1236 1320 1626 1375 verumetiam
1676 1337 1806 1376 cor-

131 1421 307 1477 pora,
358 1405 442 1460 ad
495 1405 805 1461 meliorem
847 1407 1226 1477 juventutem
1277 1409 1492 1464 referre
1541 1426 1577 1465 a
1628 1410 1807 1466 veteri

131 1494 332 1560 ruina,
356 1495 533 1565 juxta
575 1496 928 1552 sententiam
969 1497 1334 1568 Davidicam,
1394 1500 1806 1556 Renovabitur

133 1590 200 1638 ut
227 1585 462 1655 aquila?
479 1587 767 1654 juventus
799 1593 902 1642 tua
955 1585 1142 1657 (Psal.
1197 1604 1291 1656 cu,
1345 1593 1444 1656 5):
1503 1587 1807 1643 imitentur

1918 428 2110 484 neﬁco
2142 447 2325 486 suasu
2363 431 2665 503 infecerat,
2698 435 2841 507 quia
2880 437 3069 493 habes
3102 443 3270 495 tuum
3323 441 3579 513 plastem

1919 516 2040 572 sive
2069 524 2380 591 parentem
2407 522 2756 594 propitium,
2786 525 2888 596 qui
2921 542 3029 581 suo
3058 528 3362 601 triumpho
3393 532 3582 588 nobili

1915 621 2235 679 procacem
2273 611 2611 668 exturbavit
2663 613 2744 668 tui
2796 614 2985 670 hostis
3029 615 3427 675 dominatum.
3480 622 3581 677 Exi

1916 710 2099 766 nunc,
2127 713 2163 752 o
2194 696 2372 754 fallax
2404 705 2462 756 et
2489 700 2765 758 inventor
2813 703 3040 776 antiqui
3093 706 3376 772 criminis,
3410 723 3446 762 a
3490 723 3579 762 se-

1916 783 2116 840 cundo
2148 787 2329 843 noxio
2358 805 2525 860 sexu,
2556 791 2699 862 quia
2725 791 2852 864 ipse
2883 793 2986 864 qui
3009 793 3134 849 sine
3157 794 3379 850 carnali
3402 812 3580 851 onere

1915 874 1994 930 ab
2015 875 2229 931 eodem
2278 877 2593 949 pullulavit
2639 881 2868 949 ordine,
2910 898 3085 937 suam
3131 883 3309 939 hodie
3354 885 3581 952 genitri-

1915 975 2044 1014 cem
2072 959 2248 1016 istam
2282 961 2416 1018 fecit
2446 964 2685 1035 prodire
2715 966 2777 1021 in
2803 966 3020 1022 lucem.
3063 970 3297 1023 Terreat
3343 973 3396 1023 te
3441 985 3578 1040 pro-

1916 1047 2012 1102 cul
2043 1043 2320 1105 secundae
2351 1051 2601 1121 Virginis
2636 1053 2711 1109 de
2743 1055 2892 1110 caelo
2923 1055 3192 1126 collapsa
3221 1056 3574 1124 benedictio,

1913 1136 2016 1209 qui
2046 1136 2277 1193 laetatus
2306 1156 2368 1194 es
2400 1139 2460 1194 in
2493 1140 2700 1212 primae
2722 1143 2963 1212 virginis
3009 1146 3353 1217 opprobrio.
3403 1149 3578 1201 Nam-

1913 1241 2030 1298 que
2061 1226 2165 1298 qui
2196 1228 2504 1297 gaudebas
2535 1230 2593 1284 in
2627 1231 2875 1288 articulo
2908 1234 3264 1289 conditionis
3294 1235 3576 1290 humanae

1911 1315 2141 1388 primos
2171 1332 2207 1372 a
2235 1333 2344 1373 suo
2391 1318 2543 1374 felici
2593 1320 2856 1375 incolatu
2904 1322 3251 1379 exturbasse
3302 1324 3572 1395 colonos,

1913 1418 2076 1458 nunc
2107 1420 2143 1459 a
2177 1406 2445 1461 secundo
2476 1406 2719 1464 homine
2740 1408 2864 1464 ﬁlio
2911 1408 3161 1480 Virginis
3199 1417 3434 1466 aeternae
3473 1428 3574 1468 ex-

1914 1491 2235 1548 sultatione
2266 1508 2456 1549 nexus
2487 1511 2569 1550 es.

1986 1581 2294 1652 Quocirca,
2327 1582 2619 1639 habentes
2647 1584 2725 1640 ob
2757 1585 2965 1641 oculos
3007 1587 3423 1644 sacratissimze
3459 1589 3574 1644 Vir-

133 1674 314 1729 euam
343 1673 532 1729 ﬁdem
564 1675 948 1747 antiquorum
981 1679 1239 1744 Patrum,
1293 1695 1365 1733 ex
1407 1694 1529 1750 qua
1575 1681 1804 1733 constat
1844 1699 1884 1754 Β
1912 1668 2066 1740 ginis
2119 1671 2560 1728 sanctissimam
2617 1673 2732 1728 diei
2798 1674 3265 1745 venerationem,
3325 1693 3447 1732 non
3514 1676 3572 1732 in

131 1761 263 1816 illos
281 1762 592 1834 placuisse
611 1765 748 1831 Deo,
773 1781 882 1820 nec
904 1781 940 1820 a
960 1765 1254 1822 memoria
1273 1765 1510 1821 illorum
1529 1766 1801 1836 refugiat,

133 1851 434 1922 quoniam
463 1868 571 1924 per
595 1853 774 1924 hujus
804 1853 1056 1923 Virginis
1103 1858 1347 1927 partum
1379 1855 1557 1910 etiam
1600 1855 1658 1910 in
1707 1871 1804 1910 ex-

132 1945 333 1995 trema
365 1956 574 1996 eorum
608 1947 762 1998 sorte
805 1942 1150 1998 conceditur
1196 1943 1310 1998 illis
1340 1943 1608 2016 repetitio
1647 1959 1803 1999 verae

132 2028 374 2084 salutis.
408 2031 700 2086 Laetentur
721 2031 974 2102 juvenes
1007 2031 1184 2109 fortes
1233 2033 1296 2088 in
1342 2032 1456 2088 hac
1499 2032 1615 2100 die,
1656 2048 1803 2106 quo-

131 2117 303 2173 niam
325 2118 504 2175 hodie
534 2119 756 2193 prodiit
784 2120 846 2176 in
874 2121 1033 2177 hanc
1063 2121 1260 2178 lucem
1289 2122 1484 2194 Virgo,
1511 2139 1584 2178 ex
1628 2123 1800 2193 cujus

133 2207 378 2263 secretis
414 2213 594 2265 natus
621 2214 710 2265 est
730 2210 988 2282 juvenis,
1023 2211 1331 2284 speciosus
1359 2227 1478 2285 prae
1509 2212 1664 2268 natis
1692 2213 1802 2268 ho-

133 2298 395 2365 minum,
450 2298 526 2354 de
557 2299 729 2371 cujus
757 2299 931 2356 labiis
980 2299 1200 2358 diffusa
1229 2306 1318 2358 est
1368 2301 1565 2358 omnis
1613 2301 1804 2372 gratia

131 2387 363 2459 perlata
393 2403 505 2460 per
527 2389 962 2462 quadripartita
990 2392 1202 2447 mundi
1232 2391 1490 2449 climata.
1518 2392 1802 2449 Virtutem

132 2493 380 2550 quoque
415 2478 683 2552 corporis
720 2479 784 2535 in
831 2480 1018 2536 animi
1060 2481 1330 2552 vigorem
1382 2486 1800 2546 transmutent,

133 2573 184 2623 et
205 2584 320 2641 per
343 2568 533 2639 hujus
562 2585 745 2625 sacrae
773 2570 1030 2641 Virginis
1051 2571 1362 2629 obtentum
1379 2590 1552 2629 suam
1574 2572 1801 2630 Christo

133 2657 569 2713 commendent
619 2658 1013 2728 juventutem.
1076 2661 1563 2730 Congratulenter
1621 2661 1800 2718 etiam

133 2745 303 2815 pueri
357 2750 421 2801 et
461 2744 718 2802 infantes
765 2747 826 2801 in
855 2747 1038 2819 hujus
1080 2749 1343 2805 maxime
1374 2749 1588 2823 puella:
1635 2749 1800 2806 initio

135 2849 243 2890 sua
273 2834 514 2890 Christo
543 2840 598 2891 et
629 2835 820 2892 Maria:
847 2837 1114 2893 dicantes
1147 2839 1472 2895 crescentia
1500 2839 1798 2910 membra,

133 2923 433 2994 quoniam
458 2923 685 2980 habent
713 2941 968 2997 puerum
990 2927 1295 2997 castitatis,
1324 2933 1380 2983 et
1400 2928 1670 3000 puritatis
1691 2927 1800 2983 mi-

135 3015 418 3086 nisu-um,
448 3017 508 3069 et
538 3015 777 3071 Mariam
803 3016 1119 3087 singularis
1147 3019 1463 3090 pudicitia,
1511 3036 1584 3076 ex
1629 3023 1799 3091 cujus
1831 3056 1872 3114 Ο

138 3108 298 3158 utero
331 3106 551 3158 sancto
576 3103 784 3160 Christi
834 3103 1084 3161 infantia
1112 3111 1169 3162 et
1197 3111 1494 3180 suspecta.
1541 3106 1802 3163 Psallant

137 3191 431 3262 spirituali
460 3190 661 3248 laetitia
689 3192 748 3248 in
792 3193 904 3250 hac
935 3193 1030 3249 die
1061 3198 1116 3250 et
1142 3194 1225 3250 illi
1272 3195 1377 3269 qui
1433 3196 1580 3251 forte
1632 3211 1798 3252 exer-

137 3284 386 3336 cuerunt
442 3280 820 3337 dominatum
877 3298 1059 3355 super
1107 3283 1308 3339 saeculi
1352 3284 1610 3354 negotia,
1647 3299 1798 3357 quo-

134 3369 286 3424 niam
315 3385 437 3442 per
465 3370 766 3441 Virginem
791 3371 952 3427 venit
981 3372 1268 3428 Dominus
1298 3373 1570 3429 omnium
1599 3379 1799 3447 potes-

136 3462 316 3513 tatum
374 3463 434 3514 et
490 3458 778 3514 virtutum
833 3464 889 3515 et
931 3459 1434 3517 dominationum.
1493 3461 1802 3518 Gaudeant

138 3547 378 3614 subditi,
434 3551 493 3602 et
523 3547 570 3602 si
601 3564 755 3621 quos
800 3549 1016 3621 permit
1061 3549 1323 3605 alienum
1366 3551 1604 3622 jugum,
1654 3566 1802 3623 quo-

135 3635 287 3691 niam
320 3635 704 3709 quandoque
735 3637 997 3695 exsolvet
1024 3638 1200 3694 Filius
1231 3640 1502 3712 Virginis,
1531 3639 1654 3696 imo
1676 3639 1798 3708 Dei,

139 3723 181 3778 si
204 3727 252 3780 ei
283 3725 653 3799 placuerint,
686 3726 894 3800 iniqua
919 3728 1068 3799 juga
1107 3745 1144 3784 a
1190 3729 1518 3785 cervicibus
1561 3729 1800 3785 illorum

137 3811 455 3886 depellere,
489 3830 561 3870 ac
593 3816 927 3888 superiores
955 3816 1166 3874 efﬁciet
1188 3833 1292 3874 eos
1344 3818 1631 3874 Dominus
1680 3819 1802 3874 suis

136 3907 188 3956 et
213 3919 326 3976 per
349 3920 476 3959 suae
507 3904 702 3960 Matris
725 3905 1100 3976 suffragium.

209 3994 366 4046 Cum
393 4007 532 4061 ergo
574 3993 655 4048 ad
709 3993 982 4049 omnium
1033 3995 1300 4051 virorum
1353 3998 1555 4052 aetates
1597 4000 1804 4052 nostra

137 4079 461 4136 collocatio
490 4088 667 4155 atque
699 4083 1030 4141 exhortatio
1071 4086 1428 4159 pervenerit,
1457 4090 1688 4142 rectum
1725 4085 1804 4142 vi-

137 4167 314 4225 detur
371 4174 433 4225 ut
477 4170 558 4225 ad
609 4170 780 4227 illum
835 4189 1044 4229 sexum
1102 4178 1307 4231 nostra
1349 4175 1551 4231 denuo
1587 4175 1804 4246 diriga-

139 4263 225 4313 tur
254 4259 476 4327 oratio,
506 4275 578 4314 ex
609 4276 732 4332 quo
763 4260 987 4317 scimus
1017 4263 1335 4319 Dominum
1380 4263 1646 4320 carnalia
1691 4264 1802 4319 ini-

140 4347 212 4402 tia
241 4347 601 4420 sumpsisse.
633 4349 729 4404 llle
759 4349 919 4406 enim
964 4351 1399 4409 maledictionis
1446 4358 1652 4410 notam
1682 4353 1802 4426 pri-

140 4451 246 4491 ma:
272 4436 528 4507 virginis
566 4437 628 4492 in
673 4437 1152 4496 benedictionem
1193 4442 1470 4498 secundae
1510 4446 1805 4499 transmu-

142 4524 278 4579 tavit
311 4523 588 4596 Virginis,
621 4526 726 4597 qui
755 4531 892 4583 ante
918 4545 1119 4584 rerum
1149 4530 1407 4586 formam
1460 4530 1804 4602 praeciverat
1835 4563 1838 4566 -

139 4627 211 4666 ex
238 4613 459 4668 eodem
501 4629 648 4669 sexu
676 4632 858 4672 suum
887 4617 950 4672 in
977 4617 1097 4674 ﬁne
1127 4623 1468 4691 temporum
1488 4635 1804 4692 procrean-

138 4701 284 4758 dum
314 4703 444 4759 fore
469 4703 698 4771 Filium,
731 4706 837 4778 qui
867 4707 1156 4764 universis
1185 4725 1366 4765 omne
1395 4709 1630 4766 afferret
1658 4725 1804 4780 gau-

138 4790 328 4847 dium.
362 4794 507 4849 Vere
527 4792 705 4850 beata
731 4795 1133 4852 collaudanda
1180 4798 1281 4853 Dei
1321 4798 1633 4866 beneﬁcia,
1667 4815 1803 4872 quae

137 4898 247 4953 per
274 4882 447 4938 illum
484 4899 693 4940 sexum
725 4885 1113 4943 decreverunt
1149 4888 1462 4960 provenire
1505 4893 1714 4944 nostra
1741 4889 1804 4944 in

137 4975 437 5044 tempora,
469 4988 506 5028 a
533 4989 656 5046 quo
701 4975 896 5048 primo
944 4976 1253 5047 terrigenae
1286 4977 1675 5050 propinatum
1717 4982 1806 5033 est

135 5059 362 5134 iniquae
392 5064 692 5119 suasionis
720 5065 1251 5122 medicamentum.
1282 5069 1324 5124 Ο
1372 5070 1494 5124 Eva
1535 5073 1675 5124 tunc
1713 5067 1803 5122 in-

137 5149 314 5206 felix!
349 5167 475 5207 non
505 5153 702 5209 solum
732 5170 844 5227 pro
865 5155 1278 5212 inobedientiaa
1290 5157 1804 5229 piaculo,verum-

140 5239 320 5296 etiam
390 5257 503 5314 pro
553 5243 990 5300 maledictionis
1050 5245 1238 5318 titulo,
1280 5262 1441 5302 nunc
1483 5262 1626 5303 vero
1669 5246 1808 5302 felix

141 5342 254 5399 pro
276 5329 713 5388 immutationis
743 5332 1020 5404 largiﬂuo
1050 5333 1233 5391 dono.
1261 5338 1480 5391 Laetare
1507 5340 1587 5403 tu,
1617 5340 1808 5391 mater

142 5419 438 5488 omnium,
488 5437 614 5476 non
664 5420 861 5477 solum
901 5423 1044 5496 quia
1080 5424 1314 5481 evasisti
1355 5424 1806 5498 proscriptionis

146 5507 468 5579 excidium,
501 5511 604 5566 sed
636 5510 819 5567 etiam
843 5513 987 5585 quia
1036 5513 1110 5569 de
1154 5517 1257 5569 tua
1303 5514 1596 5570 consimili
1641 5513 1808 5588 prole

146 5597 461 5666 profudisti
485 5616 628 5656 eum
654 5600 717 5655 in
747 5601 1052 5670 saeculum,
1085 5602 1191 5675 qui
1228 5607 1285 5658 te
1333 5607 1622 5676 tuamque
1669 5619 1809 5676 pro-

147 5687 382 5753 geniem
413 5690 625 5746 mortis
674 5690 750 5746 de
801 5693 1091 5765 compede
1135 5692 1595 5750 misericorditer
1637 5694 1807 5751 eruit.

726 5782 967 5837 PATROL.
1013 5785 1162 5838 CXLI

1910 1759 2239 1815 mundanis
2281 1759 2493 1816 laetitiis
2527 1766 2791 1818 exercete
2841 1764 3024 1820 corda
3073 1769 3285 1832 vestra,
3344 1766 3450 1821 sed
3489 1769 3573 1822 to-

1912 1851 2040 1905 tum
2070 1849 2286 1905 mentis
2309 1849 2620 1920 ingenium
2650 1851 2810 1922 ﬁgite
2863 1853 2923 1908 in
2967 1853 3270 1926 prteclarze
3320 1854 3570 1923 Virginis

1912 1953 2176 2011 superna
2200 1937 2300 1994 illa
2327 1939 2496 2007 festa,
2533 1940 2593 1994 in
2626 1939 2849 2012 quibus
2875 1941 3108 1997 diutina
3144 1942 3323 1998 laude
3362 1943 3439 1998 ab
3469 1959 3572 1999 an-

1911 2027 2059 2098 gelis
2091 2027 2319 2084 festivis
2372 2027 2704 2085 honoratur
2733 2031 2997 2086 servitiis.
3049 2034 3362 2088 Procurate
3409 2032 3573 2088 Prin«

1909 2117 2106 2190 cipem
2131 2121 2394 2174 vestram
2427 2117 2652 2174 festinis
2691 2123 2756 2175 ut
2801 2119 3009 2176 valetis
3050 2120 3331 2177 laudibus
3371 2126 3427 2178 et
3471 2121 3572 2178 be-

1908 2206 2108 2278 nignis
2157 2207 2440 2280 operibus
2505 2209 2810 2282 prosequi,
2879 2214 2944 2266 ut
3004 2210 3242 2282 possitis
3304 2228 3444 2266 cum
3501 2227 3572 2267 ea

1909 2293 2142 2368 absque
2220 2296 2667 2351 coruscantium
2729 2297 3060 2354 defectione
3142 2298 3567 2372 lampadarum

1908 2387 2147 2454 Agnum
2177 2385 2345 2457 sequi
2374 2401 2740 2459 quocunque
2770 2385 2899 2442 ierit
2926 2389 3264 2457 (Apoc.x1v,
3289 2389 3361 2459 4).
3388 2389 3571 2445 Hodie

1907 2473 2244 2546 primiceria
2274 2478 2330 2528 et
2357 2473 2591 2530 ductrix
2633 2475 2938 2545 Virginum
2971 2492 3006 2531 a
3053 2477 3272 2532 sanctis
3316 2479 3572 2551 prophe-

1909 2561 1982 2616 tis
2008 2561 2332 2618 vaticinata
2363 2562 2569 2630 oritus,
2603 2564 3091 2633 congratulentur
3121 2565 3174 2620 ei
3204 2572 3432 2623 cunctas
3459 2567 3570 2622 vir-

1910 2651 2098 2722 gines,
2130 2652 2275 2725 quia
2323 2652 2590 2708 nascitur
2615 2653 2836 2725 pudica
2882 2654 3102 2726 puella,
3160 2672 3295 2727 quae
3345 2661 3572 2713 amato-

1907 2755 2036 2795 rem
2061 2741 2293 2814 peperit
2335 2740 2580 2809 integrae
2629 2741 2932 2798 castitatis.
2983 2742 3197 2799 Felices
3241 2743 3375 2810 illae,
3431 2761 3567 2816 quae

1909 2828 2037 2885 sine
2068 2829 2423 2899 cognitionis
2451 2825 2711 2886 ludibrio
2743 2835 2864 2886 tam
2892 2832 3209 2888 miriﬁcam
3231 2833 3329 2888 Dei
3351 2833 3566 2889 Genitri

1909 2935 2040 2975 cem
2068 2924 2367 2992 quantum
2396 2919 2456 2974 in
2482 2920 2628 2992 ipsis
2661 2924 2768 2990 est,
2800 2927 3128 2993 prosecutae
3160 2922 3378 2979 fuerint
3409 2923 3566 2996 puri-

1906 3007 2044 3064 tatis
2083 3009 2463 3065 commercio.
2513 3012 2665 3079 Ergo
2711 3011 2855 3082 quia
2897 3011 3227 3081 gaudenter
3269 3012 3566 3085 suscipitis

1908 3099 1957 3170 ej
1971 3115 2038 3153 us
2066 3103 2287 3169 ortum,
2318 3098 2399 3154 ad
2437 3099 2608 3171 cujus
2639 3115 2748 3155 vos
2778 3115 2902 3155 non
2944 3101 3228 3158 haesitatis
3274 3102 3569 3175 pertinere

1907 3187 2297 3260 colloquium,
2327 3187 2574 3257 satagite
2599 3205 2704 3244 vos
2734 3188 2814 3244 ita
2839 3205 3111 3246 exercere
3140 3191 3198 3246 in
3226 3191 3569 3246 caelestibus

1907 3277 2182 3348 negotiis,
2213 3281 2280 3333 ut
2302 3282 2438 3350 post
2467 3284 2859 3351 exsuperatos
2887 3279 3131 3335 caducae
3179 3282 3360 3352 pestis
3406 3279 3574 3336 labo-

1905 3383 2022 3433 res,
2080 3367 2229 3422 dum
2269 3371 2516 3422 ventum
2556 3367 2730 3423 fuerit
2785 3367 2862 3423 ad
2906 3372 3308 3441 prteoptatum
3349 3369 3570 3426 divina;

1907 3460 2095 3530 portae
2147 3456 2576 3530 spectaculum,
2617 3457 2926 3530 pulsantes
2976 3473 3100 3513 non
3149 3458 3568 3532 repudiemini,

1910 3562 2020 3602 ceu
2052 3546 2127 3602 de
2155 3545 2370 3619 ineptis
2409 3547 2744 3616 virginibus
2792 3546 3027 3617 dicitur,
3076 3564 3212 3620 quae
3261 3564 3297 3604 a
3347 3565 3571 3622 sponso

1909 3635 2244 3708 reprobate-3
2303 3640 2441 3691 sunt
2504 3641 2748 3710 propter
2819 3653 2990 3692 suam
3056 3637 3352 3704 inertiam,
3423 3639 3572 3695 dum

1908 3725 1969 3780 in
1998 3725 2159 3780 vasis
2212 3724 2336 3780 suis
2365 3725 2588 3781 habere
2621 3725 2840 3792 oleum,
2875 3726 2988 3782 hoc
3021 3731 3106 3782 est
3154 3726 3320 3783 bona
3365 3744 3569 3801 opera,

1909 3814 2398 3885 neglexere;sed
2427 3815 2625 3888 potius
2657 3832 2794 3871 cum
2843 3817 2978 3888 ipso
3027 3816 3106 3872 ad
3153 3817 3413 3874 coelestia
3462 3835 3572 3891 pa-

1906 3903 2051 3960 latia
2083 3903 2278 3972 simul,
2307 3908 2363 3959 et
2392 3921 2530 3960 cum
2573 3905 2752 3960 beata
2784 3904 3068 3962 Genitrice
3115 3905 3246 3976 ejus
3292 3907 3574 3978 progredi

1906 3992 2174 4049 valeatis.
2207 3994 2354 4049 Cum
2385 3992 2563 4063 igitur
2591 3993 2703 4048 ista
2726 3993 3131 4048 solemnitatas
3175 3993 3458 4048 omnibus
3503 3994 3574 4049 ﬁ-

1910 4083 2145 4139 delibus
2175 4097 2445 4153 congrua
2475 4083 2553 4138 ab
2584 4083 2858 4138 omnium
2902 4081 3325 4138 conventiculis
3377 4085 3577 4140 catho-

1910 4172 2164 4228 licorum
2230 4171 2432 4228 debito
2493 4171 2721 4228 honore
2782 4176 3202 4244 prosequatur,
3275 4173 3575 4248 praecipue

1914 4265 2055 4318 tunc
2082 4278 2118 4317 a
2149 4261 2331 4317 sacris
2381 4259 2713 4331 virginibus
2761 4260 2936 4317 valde
2989 4263 3412 4334 prosequenda
3463 4268 3573 4332 est,

1912 4356 1970 4408 et
1993 4350 2376 4424 percolenda,
2407 4350 2553 4423 quia
2582 4350 2762 4406 hodie
2810 4350 2994 4406 decus
3043 4351 3408 4423 prudentum
3456 4354 3576 4410 vir-

1913 4441 2144 4512 ginum,
2183 4438 2296 4495 ﬂos
2345 4439 2567 4511 campi,
2615 4438 2776 4495 idem
2829 4443 3049 4496 sanctze
3107 4441 3398 4512 Ecclesiae,
3442 4458 3576 4514 quae

1911 4527 2361 4604 pretiosissimis
2416 4528 2699 4600 impletur
2743 4529 3102 4600 margaritis,
3155 4547 3225 4585 ex
3274 4530 3396 4586 lilio
3441 4547 3580 4586 con-

1909 4619 2181 4688 vallium,
2219 4617 2382 4674 idem
2429 4617 2752 4674 humilium
2797 4619 3112 4674 hominum
3172 4619 3461 4691 processit
3499 4619 3578 4674 ad

1910 4713 2132 4765 ortum.
2168 4707 2430 4765 Gaudete
2460 4723 2567 4780 per
2597 4724 2842 4764 omnem
2882 4708 3158 4774 modum,
3203 4723 3413 4763 omnes
3464 4707 3576 4762 vir-

1912 4798 2105 4870 gines,
2133 4814 2269 4871 qua:
2303 4813 2413 4853 vos
2449 4801 2570 4852 tam
2613 4801 2820 4853 sancto
2851 4801 2907 4852 et
2934 4795 3259 4869 praelucido
3290 4797 3452 4852 dono
3479 4797 3579 4852 Dei

1911 4887 2129 4944 ditatas
2158 4886 2283 4942 fore
2316 4885 2674 4956 cognoscitis
2703 4903 2716 4954 ;
2750 4889 2981 4958 sperate
3008 4884 3067 4939 in
3095 4900 3186 4951 ea,
3219 4900 3355 4955 quae
3398 4884 3579 4956 hujus

1912 4977 2057 5034 doni
2089 4993 2337 5050 campos
2376 4975 2586 5033 effecta
2636 4980 2742 5043 est,
2788 4980 2845 5032 et
2886 4979 3023 5030 ante
3075 4978 3314 5053 partum
3346 4979 3403 5030 et
3442 4979 3584 5047 post

1912 5067 2360 5140 paturitionem.
2397 5063 2766 5135 Magniﬁcate
2810 5079 2944 5119 eam
2993 5061 3292 5118 indefessa
3342 5079 3582 5119 morum

1916 5154 2298 5222 exhibitione,
2323 5153 2616 5226 quoniam
2658 5167 2768 5225 pro
2824 5150 3264 5223 perseverantia
3310 5152 3580 5226 virginis,

1917 5261 2056 5301 cum
2111 5242 2418 5315 tympanis
2492 5238 2901 5297 exsultationis
2971 5243 3026 5295 et
3076 5239 3311 5309 laetitiaz,
3375 5258 3581 5298 coram

1915 5331 2236 5407 praesentia
2266 5330 2458 5387 Matris
2498 5329 2731 5385 Domini
2770 5328 2914 5401 quia
2966 5328 3028 5384 in
3075 5329 3319 5385 sidereis
3368 5332 3579 5388 cubili-

1915 5423 2031 5480 bus
2056 5419 2353 5476 habebitis
2393 5435 2533 5474 cum
2564 5433 2636 5473 ea
2666 5417 2969 5487 gratulari,
3004 5417 3054 5472 si
3101 5424 3361 5491 cmptam
3394 5421 3581 5477 animi

1920 5510 2310 5584 corporisque
2342 5507 2739 5577 integritatem
2771 5507 3002 5564 sincera
3031 5508 3327 5580 probitate
3376 5526 3578 5567 serva-

1921 5599 2137 5658 veritis.
2171 5599 2391 5655 Hilares
2428 5601 2614 5653 estote
2637 5601 2694 5652 et
2723 5612 2852 5663 vos,
2899 5597 3113 5670 puellae
3163 5614 3293 5652 aevo
3346 5603 3583 5666 tenerae,

1922 5691 2068 5764 quia
2097 5689 2330 5746 habetis
2361 5692 2418 5744 et
2448 5703 2556 5742 vos
2586 5685 2850 5758 puellam
2886 5686 3240 5757 angelorum
3268 5687 3587 5743 Dominam

3240 5781 3293 5830 Η
