4018 6176
212 199 305 253 333

1457 179 1821 245 SERMONES
1856 177 1955 237 AD
1993 179 2355 249 POPULUM.

3528 199 3636 256 334

213 324 447 375 ctorum.
484 317 636 375 Scito
664 332 801 389 ergo
824 318 879 372 et
915 313 1336 372 animadverte
1374 311 1510 368 :Ab
1540 308 1699 364 exitu
1738 322 1852 361 scr-
1887 305 1936 358 Α
1958 302 2194 373 justum
2240 326 2253 362 2
2300 307 2432 381 ipse
2482 314 2571 367 est
2623 314 2886 371 exoratio
2941 330 3053 389 pro
3098 318 3363 392 peccatis
3414 321 3635 377 nostris

213 409 415 477 monis,
445 413 507 465 ut
528 408 739 464 iterum
766 406 1087 463 aediﬁcetur
1115 404 1478 474 Jerusalem,
1532 415 1723 473 usque
1769 396 1854 456 .ad

210 498 491 555 Christum
517 498 727 554 ducem
752 496 1165 555 hebdomades
1198 498 1461 569 septem,
1519 496 1576 548 et
1622 488 1852 547 hebdo-

209 588 406 643 mades
435 588 738 658 sexaginta
766 586 897 643 duae
928 589 1100 642 erunt
1132 604 1144 655 ;
1180 588 1238 640 et
1297 599 1549 640 rursum
1592 580 1853 637 (adifica-

207 676 375 745 bitur,
404 676 612 749 platea,
645 680 699 732 et
721 675 871 732 muri
911 675 972 731 in
1029 674 1315 743 angustia
1373 678 1741 744 temporum.
1790 670 1857 723 Et

208 772 335 839 post
360 766 763 823 hebdomades
791 766 1097 835 sexaginta
1126 765 1286 821 duas
1341 763 1651 819 occidetur
1700 761 1860 820 Chri-

211 861 329 911 stus
360 874 371 911 :
405 861 460 911 et
484 872 604 912 non
640 856 745 911 erit
767 857 892 927 ejus
921 855 1200 931 populus,
1222 854 1332 929 qui
1359 870 1501 909 eum
1526 857 1858 925 negaturus

210 953 291 1002 est
338 949 400 1002 Et
420 945 714 1002 civitatem
742 949 797 1001 et
821 945 1225 1001 sanctuarium
1242 943 1567 1017 dissipabit
1592 941 1858 1016 populus

210 1052 337 1091 cum
369 1034 518 1090 duce
546 1038 814 1103 venturo,
862 1037 918 1089 et
970 1032 1107 1089 ﬁnis
1151 1033 1284 1105 ejus
1318 1031 1585 1102 vastitas,
1636 1037 1696 1088 et
1725 1034 1863 1104 post

209 1123 380 1181 ﬁnem
408 1124 548 1179 belli
576 1128 791 1180 statuta
837 1123 1144 1179 desolatio.
1196 1120 1620 1181 Conﬁrmabit’
1656 1125 1862 1178 autem

207 1220 439 1288 pactum
466 1213 667 1271 multis
694 1213 1076 1269 hebdomada
1095 1229 1239 1269 una.
1260 1216 1330 1269 Et
1349 1212 1411 1267 in
1433 1212 1693 1268 dimidio
1719 1211 1865 1267 heb-

208 1303 478 1359 domadis
508 1302 737 1359 deﬁciet
762 1302 956 1358 hostia
985 1307 1042 1357 et
1073 1301 1436 1359 sacriﬁcium
1456 1306 1513 1357 et
1539 1300 1600 1356 in
1633 1299 1863 1372 templo

207 1393 310 1449 erit
336 1392 702 1449 abominatio
731 1392 1131 1460 desolationis,
1164 1396 1221 1448 et
1248 1407 1439 1464 usque
1469 1391 1548 1447 ad
1570 1407 1865 1446 consum-

207 1485 524 1541 mationem
553 1490 610 1541 et
638 1484 817 1541 ﬁnem
863 1483 1271 1557 perseverabit
1322 1482 1618 1539 desolatio
1682 1482 1863 1553 (Dan.

208 1593 282 1645 Ix,
309 1580 511 1642 '21-‘27).
556 1600 585 1626 »

1963 394 2162 467 (Ibid.,
2195 400 2278 463 2).
2314 421 2344 448 »
2375 399 2634 457 Jacobus
2664 403 2781 459 ait:
2815 426 2843 454 «
2878 405 3251 465 Conﬁtemini
3281 409 3632 466 alterutrum

1962 491 2214 558 peccata
2244 493 2462 559 vestra,
2496 496 2553 547 et
2578 496 2741 549 orate
2772 510 2881 567 pro
2908 495 3183 568 invicem,
3216 504 3281 557 ut
3319 499 3634 557 salvemini

1964 575 2218 646 (Jacob.,
2242 594 2298 646 v,
2328 578 2415 652 16)
2445 596 2475 632 ›
2503 579 2846 646 Fulgentius
2879 602 2892 639 :
2929 606 2957 633 ‹‹
2989 586 3360 661 Quocunque
3406 593 3636 664 tempo-

1962 679 2027 720 re
2064 665 2255 723 homo
2282 668 2465 739 egerit
2492 670 2925 742 paenitentiam,
2959 691 3143 747 quam
3170 676 3314 735 libet
3342 694 3630 749 annosus,

1967 754 2017 810 si
2043 760 2165 811 toto
2182 758 2365 815 corde
2385 759 2813 823 renuntiaverit
2833 764 3093 836 peccatis
3114 769 3509 837 praeteritis,et
3521 785 3633 842 pro

1966 845 2051 900 eis
2079 844 2141 900 in
2167 852 2498 921 conspectu
2527 850 2764 908 Domini
2793 868 2917 910 non
2948 853 3145 911 solum
3191 857 3480 930 corporis,
3529 858 3637 915 sed

1967 936 2150 992 etiam
2179 938 2380 995 cordis
2408 938 2715 1014 lacrymas
2746 940 2983 1014 fuderit,
3038 948 3096 1002 et
3148 945 3450 1004 malorum
3500 964 3638 1021 ope-

1967 1042 2103 1082 rum
2154 1027 2430 1086 maculas
2480 1030 2657 1087 bonis
2706 1032 2992 1105 operibus
3045 1034 3273 1091 diluere
3322 1036 3636 1110 curaverit,

1970 1115 2246 1173 omnium
2270 1125 2659 1192 peccatorum
2688 1121 3129 1192 indulgentiam
3158 1124 3427 1182 habebit.
3458 1149 3486 1176 »
3509 1129 3642 1182 Eze-

1971 1207 2125 1263 chiel
2157 1225 2169 1263 :
2203 1232 2230 1259 ‹‹
2259 1210 2315 1265 Si
2340 1209 2564 1284 impius
2617 1211 2801 1281 egerit
2854 1213 3271 1285 paenitentiam
3321 1216 3401 1273 ab
3444 1216 3641 1273 omni-

1970 1296 2089 1352 bus
2118 1299 2378 1371 peccatis
2410 1300 2552 1370 suis,
2584 1317 2720 1374 quae
2760 1306 3042 1374 operatus
3071 1307 3179 1372 est,
3211 1309 3268 1360 et
3296 1305 3645 1367 custodierit

1972 1394 2274 1461 praecepta
2302 1406 2440 1447 mea
2469 1392 2770 1465 universa,
2829 1396 2885 1449 et
2926 1393 3131 1450 fecerit
3171 1395 3487 1466 justitiam,
3519 1396 3643 1454 vita

1971 1477 2149 1541 vivet,
2193 1482 2251 1536 et
2276 1496 2400 1536 non
2420 1480 2737 1539 morietur:
2763 1482 3039 1541 omnium
3068 1483 3453 1558 iniquitatum
3487 1486 3640 1559 ejus,

1973 1583 2129 1640 quas
2153 1575 2435 1643 operatus
2465 1575 2703 1639 est,non
2721 1572 3088 1630 recordabor
3119 1592 3132 1630 :
3173 1575 3230 1631 in
3249 1576 3479 1647 justitia
3508 1593 3640 1648 sua,

276 1688 301 1714 «
340 1665 612 1733 Domine,
646 1664 777 1738 quis
806 1663 1051 1721 credidit
1080 1663 1313 1721 auditui
1341 1667 1545 1721 nostro
1576 1663 1608 1719 ?
1642 1667 1703 1719 et
1730 1662 1866 1720 bra-
1896 1661 1950 1721 «Β
1974 1675 2166 1731 quam
2197 1665 2482 1733 operatus
2513 1665 2620 1731 est,
2638 1661 2814 1718 vivet.
2838 1663 3123 1735 Nunquid
3142 1664 3463 1722 voluntatis
3489 1682 3641 1724 mea:

209 1755 402 1810 obium
462 1754 713 1821 Domini,
772 1753 865 1810 cui
911 1753 1241 1810 revelatum
1299 1754 1432 1809 est?
1482 1756 1547 1808 Et
1576 1752 1869 1810 ascendet

209 1845 355 1901 sicut
381 1844 699 1913 virgultum
732 1860 933 1900 coram
956 1860 1049 1909 eo,
1105 1848 1165 1900 et
1202 1844 1355 1899 sicut
1378 1844 1551 1901 radix
1599 1842 1681 1899 de
1711 1847 1868 1900 terra

211 1934 421 1990 sitienti
461 1951 473 1988 :
525 1950 651 1989 non
677 1939 765 1990 est
792 1934 1013 2006 species
1043 1935 1099 1990 ei
1124 1949 1321 2007 neque
1351 1933 1531 1990 decor
1564 1951 1576 1988 :
1615 1936 1677 1988 et
1723 1932 1869 1989 vidi-

213 2040 350 2078 mus
374 2039 526 2089 eum,
570 2028 629 2079 et
654 2039 776 2078 non
805 2028 928 2080 erat
951 2027 1251 2097 aspectus,
1300 2027 1357 2079 et
1385 2021 1868 2081 desideravimus

212 2130 345 2169 eum
374 2130 387 2167 :
417 2112 766 2184 despectum
796 2118 851 2169 et
872 2113 1272 2169 novissimum
1323 2112 1618 2183 virorum,
1668 2111 1863 2168 virum

208 2203 482 2258 dolorum
509 2209 567 2257 et
595 2202 874 2258 scientem
920 2202 1371 2270 inﬁrmitatem;
1425 2206 1483 2259 et
1536 2201 1719 2275 quasi
1767 2201 1869 2257 ab-

209 2290 511 2345 sconditus
538 2290 731 2345 vultus
761 2290 885 2361 ejus
915 2294 969 2347 et
995 2291 1342 2362 despectus,
1365 2290 1525 2345 unde
1551 2305 1666 2345 nec
1691 2304 1867 2361 repu-

208 2380 465 2434 tavimus
490 2395 651 2435 eum.
682 2381 817 2433 Vere
845 2379 1165 2449 languores
1197 2381 1433 2439 nostros
1458 2378 1587 2451 ipse
1628 2378 1778 2445 tulit,
1811 2381 1869 2433 et

207 2468 444 2524 dolores
475 2472 716 2523 nostros
749 2468 871 2539 ipse
915 2467 1191 2540 portavit,
1243 2472 1299 2524 et
1352 2483 1464 2524 nos
1515 2467 1866 2541 putavimus

207 2574 346 2613 eum
369 2556 549 2629 quasi
574 2555 898 2628 leprosum,
929 2560 985 2612 et
1008 2572 1368 2629 percussum
1397 2573 1435 2613 a
1472 2559 1614 2626 Deo,
1659 2560 1717 2611 et
1756 2556 1868 2611 hu-

212 2646 522 2703 miliatum.
560 2649 687 2718 Ipse
712 2650 908 2705 autem
950 2644 1299 2701 vulneratus
1348 2649 1436 2701 est
1475 2648 1720 2718 propter
1761 2644 1870 2700 ini-

210 2736 463 2807 quitates
488 2739 753 2800 nostras,
809 2732 1032 2789 attritus
1090 2737 1181 2789 est
1236 2737 1479 2806 propter
1508 2732 1733 2789 scelera
1763 2748 1869 2788 no-

211 2828 349 2879 stra.
376 2821 702 2893 Disciplina
727 2822 886 2893 pacis
915 2826 1131 2878 nostrae
1163 2837 1344 2894 super
1371 2838 1529 2891 eum,
1582 2824 1641 2878 et
1679 2821 1866 2877 livore

211 2910 338 2981 ejus
370 2911 566 2967 sanati
594 2927 824 2966 sumus.
858 2912 1073 2967 Omnes
1102 2927 1218 2967 nos
1256 2912 1432 2984 quasi
1459 2928 1605 2968 oves
1644 2910 1867 2967 erravi-

1975 1753 2069 1805 est
2095 1766 2260 1806 mors
2283 1750 2455 1823 impii
2482 1751 2510 1807 ?
2560 1750 2702 1807 dicit
2752 1751 3042 1808 Dominus
3096 1756 3273 1824 Deus,
3323 1760 3379 1813 et
3425 1771 3550 1813 non
3578 1761 3644 1814 ut

1975 1844 2350 1896 convertatur
2379 1856 2417 1896 a
2444 1840 2555 1896 viis
2588 1840 2713 1897 suis
2747 1844 2805 1897 et
2828 1840 3035 1899 vivat?
3087 1842 3145 1900 Si
3181 1849 3384 1902 autem
3413 1850 3636 1904 averte-

1972 1929 2049 1986 rit
2078 1946 2140 1986 se
2161 1930 2360 2002 justus
2392 1947 2429 1987 a
2449 1930 2681 2002 justitia
2734 1947 2865 2002 sua,
2918 1935 2977 1988 et
3021 1932 3223 1990 fecerit
3267 1934 3644 2009 iniquitatem

1974 2019 2313 2075 secundum
2342 2036 2554 2076 omnes
2584 2018 3069 2077 abominationes
3096 2038 3251 2095 quas
3280 2025 3517 2097 operari
3547 2042 3644 2082 so-

1972 2107 2053 2165 let
2080 2109 2323 2182 impius,
2356 2108 2636 2182 nunquid
2665 2108 2872 2166 vivet?
2925 2112 3146 2168 Omnes
3198 2113 3443 2185 justitiee
3490 2115 3642 2187 ejus,

1972 2214 2127 2270 quas
2155 2199 2506 2270 fecerit,non
2535 2198 3046 2257 recordabuntur:
3065 2201 3129 2259 in
3153 2203 3646 2276 praevaricatione

1972 2304 2097 2361 qua
2122 2289 2551 2362 prmvaricatus
2582 2294 2691 2357 est,
2724 2292 2781 2344 et
2804 2289 2868 2345 in
2892 2297 3149 2363 peccato
3173 2310 3286 2351 suo
3313 2295 3479 2368 quod
3504 2312 3645 2370 pec-

1973 2378 2149 2446 cavit,
2179 2378 2242 2434 in
2270 2378 2418 2451 ipsis
2449 2378 2757 2435 morietur.
2792 2380 3297 2456 Unumquemque
3311 2383 3487 2455 juxta
3512 2386 3645 2442 vias

1975 2484 2121 2524 suas
2146 2467 2438 2540 judicabo
2466 2468 2689 2525 domus
2729 2467 2929 2536 Israel,
2984 2469 3067 2531 ait
3120 2473 3430 2531 Dominus.
3491 2478 3646 2533 Con-

1971 2556 2273 2613 vertimini
2303 2562 2360 2613 et
2385 2558 2542 2628 agite
2568 2556 2986 2630 paenitentiam
3016 2558 3096 2629 ab
3126 2562 3411 2619 omnibus
3430 2563 3648 2638 iniqui-

1971 2646 2196 2702 tatibus
2220 2647 2453 2716 vestris,
2486 2650 2544 2703 et
2568 2661 2694 2702 non
2720 2645 2829 2702 erit
2852 2646 3027 2704 vobis
3051 2647 3114 2705 in
3141 2650 3384 2711 ruinam
3428 2652 3645 2726 iniqui-

1972 2737 2089 2790 tas.
2117 2734 2387 2806 Projicite
2417 2751 2454 2792 a
2491 2734 2661 2791 vobis
2713 2749 2925 2791 omnes
2972 2737 3495 2808 praevaricationes
3538 2756 3643 2797 ve-

1974 2827 2146 2891 stras,
2179 2823 2242 2883 in
2270 2824 2493 2897 quibus
2516 2823 2893 2898 praevaricati
2929 2824 3093 2895 estis,
3144 2831 3202 2883 et
3251 2827 3425 2885 facite
3470 2828 3644 2887 vobis

1975 2928 2078 2968 cor
2107 2929 2338 2971 novum
2358 2918 2416 2970 et
2444 2913 2719 2986 spiritum
2747 2929 2977 2970 novum
3008 2932 3022 2970 :
3056 2920 3114 2972 et
3155 2934 3169 2971 :
3206 2933 3394 2991 quare
3423 2918 3642 2976 morie-

211 3014 363 3053 mus.
400 2997 824 3071 Unusquisque
865 2998 925 3053 in
968 2998 1126 3055 viam
1182 3016 1359 3056 suam
1411 2999 1734 3056 declinavit
1766 3017 1779 3054 :
1813 3003 1870 3055 et
1907 3016 1949 3073 ο
1972 3002 2144 3073 mini,
2174 3002 2395 3060 domus
2425 3002 2652 3059 Israel?
2680 3002 2825 3076 quia
2844 3003 2985 3061 nolo
3024 3010 3281 3063 mortem
3311 3007 3643 3083 morientis,

211 3087 499 3143 Dominus
550 3086 757 3160 posuit
810 3087 870 3143 in
917 3103 986 3143 eo
1029 3088 1372 3161 iniquitates
1425 3089 1701 3145 omnium
1756 3104 1866 3145 no-

214 3182 424 3233 strum.
456 3176 704 3233 Oblatus
734 3180 824 3231 est
850 3176 991 3250 quia
1017 3177 1145 3249 ipse
1188 3177 1394 3247 voluit,
1452 3183 1508 3234 et
1553 3195 1677 3235 non
1730 3193 1870 3250 ape—

210 3266 324 3322 ruit
348 3283 418 3322 os
447 3282 648 3322 suum.
690 3265 847 3322 Sicut
898 3266 1023 3323 ovis
1076 3267 1155 3323 ad
1208 3266 1571 3325 occisionem
1618 3267 1870 3324 ducetur

211 3355 383 3428 quasi
441 3370 639 3425 agnus
691 3370 894 3411 coram
946 3356 1228 3412 tondente
1278 3372 1342 3411 se
1388 3356 1781 3424 obmutescet,
1814 3359 1872 3412 et

210 3461 331 3500 non
362 3444 589 3516 aperiet
638 3460 705 3498 os
759 3460 955 3499 suum.
1018 3448 1097 3501 De
1148 3444 1425 3516 angustia
1459 3450 1515 3501 et
1542 3445 1616 3502 de
1641 3445 1870 3517 judicio

212 3534 483 3591 sublatus
512 3539 628 3589 est.
661 3534 1109 3590 Generationcm
1154 3534 1284 3605 ejus
1332 3535 1467 3607 quis
1515 3534 1818 3593 enarrabit
1844 3536 1871 3592 ?

211 3624 359 3692 Quia
409 3623 712 3681 abscissus
761 3627 849 3679 est
898 3623 971 3678 de
1028 3628 1182 3679 terra
1238 3623 1581 3680 viventium.
1630 3627 1872 3697 Propter

211 3716 403 3772 scelus
434 3713 645 3787 populi
670 3712 788 3768 mei
815 3712 1081 3785 percussi
1110 3729 1270 3769 eum.
1324 3716 1393 3769 Et
1439 3714 1606 3771 dabit
1652 3713 1871 3787 impios

209 3822 317 3878 pro
349 3803 680 3878 sepultura,
714 3807 770 3858 et
791 3802 1034 3858 divitem
1063 3819 1173 3875 pro
1202 3800 1392 3858 morte
1423 3819 1535 3858 sua
1567 3820 1580 3858 :
1613 3818 1685 3859 eo
1705 3803 1871 3876 quod

208 3895 584 3968 iniquitatem
610 3910 733 3949 non
760 3893 979 3958 fecerit,
1039 3909 1149 3948 nec
1202 3893 1378 3950 dolus
1424 3893 1601 3950 fuerit
1650 3893 1713 3949 in
1769 3909 1870 3950 ore

212 3986 365 4054 ejus.
398 3987 461 4039 Et
483 3985 766 4039 Dominus
794 3982 1044 4039 voluerit
1087 3987 1389 4040 conterere
1436 3999 1577 4040 eum
1616 3983 1680 4039 in
1704 3983 1869 4041 inﬁr-

208 4072 440 4129 mitate.
501 4073 555 4128 Si
601 4071 900 4145 possuerit
944 4088 1056 4144 pro
1085 4076 1332 4143 peccato
1376 4072 1642 4129 animam
1672 4089 1868 4144 suam,

208 4161 439 4218 videbit
495 4177 699 4217 semen
753 4160 1099 4229 longaevum
1148 4166 1203 4216 et
1246 4161 1518 4217 voluntas
1548 4162 1781 4217 Domini
1809 4162 1871 4219 in

204 4268 400 4307 manu
429 4252 560 4322 ejus
590 4250 894 4320 dirigetur.
924 4254 1034 4305 Pro
1065 4266 1136 4305 eo
1166 4250 1332 4322 quod
1351 4249 1649 4306 laboravit
1669 4249 1872 4307 anima

1975 3089 2117 3146 dicit
2144 3090 2435 3147 Dominus
2465 3094 2645 3163 Deus,
2699 3092 3065 3150 revertimini
3113 3099 3169 3153 et
3215 3095 3638 3169 vivite(Ezech.

1976 3182 2167 3248 21-24,
2200 3182 2410 3251 30-32).
2447 3202 2475 3232 ›)

2607 3272 2836 3329 SEBMO
2879 3272 3017 3330 VIII.

2406 3390 2409 3391 ν
2484 3416 2489 3421 ,
2556 3361 3055 3435 (Fragmentum).

2049 3449 2170 3502 Hoc
2198 3461 2341 3503 vero
2373 3450 2640 3521 tempore
2670 3454 2881 3523 postea
2903 3466 3095 3524 quam
3131 3452 3486 3512 resurrectio
3536 3457 3645 3512 Do-

1979 3531 2127 3589 mini
2146 3535 2333 3591 nostri
2354 3538 2381 3591 J
2386 3552 2493 3592 esu
2514 3537 2744 3606 Christi,
2770 3539 3326 3598 manifestissimum
3347 3542 3643 3614 judicium

1979 3626 2197 3679 nostris
2220 3622 2532 3695 libertatis,
2563 3625 2774 3696 illuxit,
2788 3643 2899 3683 nec
2924 3644 3137 3686 eorum
3165 3629 3476 3700 signorum
3506 3648 3644 3705 quas

1973 3709 2105 3780 jam
2133 3709 2519 3781 intelligimus
2548 3715 2895 3787 operatione
2925 3717 3096 3787 gravi
3136 3720 3367 3776 onerati
3409 3737 3640 3789 sumus,

1982 3797 2089 3855 sed
2118 3800 2400 3871 quaedam
2438 3818 2635 3874 pauca
2679 3820 2793 3877 pro
2839 3806 3046 3863 multis
3097 3807 3434 3880 eademque
3482 3809 3645 3866 factu

1980 3885 2263 3944 facillima
2283 3893 2341 3945 et
2359 3889 2774 3949 observatione
2802 3892 3161 3964 castissima,
3182 3895 3310 3967 ipse
3353 3897 3643 3952 Dominus

1981 3979 2039 4032 et
2064 3977 2393 4049 apostolica
2418 3979 2662 4036 tradidit
2689 3980 3027 4053 disciplina.
3064 3983 3259 4040 Secuti
3282 3986 3339 4039 et
3356 3983 3645 4057 baptismi

1982 4072 2428 4124 sacramentum
2453 4073 2509 4125 et
2546 4070 2867 4127 celebratio
2917 4071 3185 4144 corporis
3234 4076 3292 4128 et
3331 4073 3643 4145 sanguinis

1981 4155 2238 4227 Domini,
2266 4174 2401 4230 quis
2430 4159 2868 4232 unusquisque,
2915 4176 3054 4216 cum
3092 4160 3364 4234 percipit,
3397 4179 3519 4237 quo
3550 4180 3642 4221 re-

1980 4243 2247 4300 ferantur
2274 4245 2542 4302 imbutus
2570 4247 2861 4319 agnoscit,
2894 4252 2961 4305 ut
2979 4265 3050 4305 ea
3078 4264 3203 4305 non
3241 4251 3467 4308 carnali
3520 4268 3643 4311 ser-

204 4343 361 4413 ejus,
396 4340 618 4396 videbit
645 4345 701 4395 et
727 4340 1091 4396 saturabitur
1119 4356 1131 4395 :
1163 4339 1224 4395 in
1255 4339 1499 4396 scicntia
1526 4355 1636 4396 sua
1658 4338 1871 4411 justiﬁ-
1904 4363 1951 4419 Β
1979 4333 2182 4403 vitute,
2218 4335 2327 4390 sed
2355 4336 2647 4410 spirituali
2676 4336 2877 4410 potius
2900 4326 3170 4399 libertate
3194 4356 3569 4400 veneremur.

203 4431 517 4504 cabitipse
534 4434 735 4501 justus
766 4445 975 4485 servus
1007 4445 1176 4485 meus
1214 4429 1455 4499 multos,
1509 4434 1566 4486 et
1592 4429 1868 4502 iniquita-

203 4529 291 4580 tes
314 4539 533 4579 eorum
558 4522 685 4594 ipse
714 4520 998 4593 portabit.
1034 4520 1170 4577 ldeo
1195 4520 1550 4593 dispertiam
1592 4521 1645 4577 ei
1695 4521 1884 4593 pluri-

202 4629 361 4678 mos,
390 4616 447 4667 et
470 4611 713 4667 fortium
743 4609 970 4665 dividet
998 4609 1211 4681 spolia,
1242 4626 1352 4682 pro
1392 4627 1462 4666 eo
1496 4610 1663 4683 quod
1694 4610 1875 4671 tradi-

198 4701 290 4757 dit
343 4702 410 4757 in
458 4705 715 4757 mortem
767 4698 1035 4755 animam
1070 4714 1264 4767 suam,
1315 4703 1540 4755 etcum
1578 4699 1875 4757 sceleratis

197 4794 525 4864 reputatus
552 4792 656 4844 est.
692 4792 758 4844 Et
800 4788 925 4861 ipse
975 4792 1219 4860 peccata
1269 4787 1597 4844 multorum
1638 4789 1785 4859 tulit,
1818 4793 1876 4845 et

194 4897 317 4955 pro
349 4878 868 4950 trangressoribus
897 4877 1088 4952 oravit
1124 4878 1261 4949 (Isa.
1296 4877 1430 4948 Lm),
1470 4900 1496 4927 ››
1529 4883 1593 4934 ut
1621 4894 1745 4935 non
1773 4894 1876 4952 p_e-

194 4970 417 5040 rirent,
448 4968 594 5025 dicit
623 4968 911 5025 Dominus
940 4966 1343 5039 omnipotens.

274 5058 555 5117 Christus
585 5057 668 5113 ait
698 5074 711 5111 :
749 5079 776 5106 «
804 5055 1102 5113 Gaudium
1127 5059 1219 5111 est
1242 5056 1470 5125 angelis
1522 5072 1703 5129 super
1753 5073 1875 5114 uno

191 5151 527 5221 peccatore
555 5144 968 5219 paenitentiam
1002 5149 1436 5217 agente,quam
1466 5161 1646 5218 super
1670 5162 1877 5203 mona-

193 5240 382 5308 ginta
428 5252 652 5293 novem
676 5234 871 5307 justis,
926 5233 1030 5306 qui
1078 5248 1200 5289 non
1225 5233 1498 5303 indigent
1524 5235 1876 5308 poenitentia

192 5328 382 5395 (Luc.
413 5342 513 5393 xv,
544 5326 621 5397 7).
656 5347 685 5375 »
714 5326 882 5380 Joan.
925 5323 1133 5394 Apost,
1185 5322 1269 5379 sic
1312 5323 1412 5391 ait,
1467 5324 1618 5381 inter
1665 5329 1878 5382 caetera

189 5415 273 5472 ad
302 5415 448 5486 jam
482 5412 809 5486 baptizatos
843 5428 855 5465 :
890 5432 919 5459 «
953 5410 1158 5476 Filioli,
1190 5411 1316 5466 hmo
1348 5412 1542 5470 scribo
1596 5412 1767 5470 vobis
1814 5416 1879 5469 ut

186 5521 329 5560 non
356 5502 616 5577 peccetis
646 5502 707 5573 (Ι
726 5502 906 5557 Joan.
936 5516 993 5565 ιι,
1032 5499 1100 5570 1).
1126 5522 1155 5549 ››
1190 5503 1293 5555 Et:
1343 5524 1370 5550 «
1408 5501 1465 5558 Si
1495 5502 1632 5575 quis
1664 5520 1876 5575 pecca-

183 5594 377 5661 verit,
442 5592 811 5649 advocatum
864 5589 1158 5646 habemus
1207 5590 1368 5662 apud
1414 5594 1646 5647 Patrem
1675 5594 1877 5649 Jesum

2055 4425 2193 4483 Nisi
2210 4427 2737 4498 manducaveritis,
2767 4426 2984 4501 inquit,
3042 4444 3283 4491 carnem
3310 4433 3429 4501 ﬁlii
3454 4432 3643 4490 homi-

1987 4514 2079 4570 nis
2104 4521 2157 4571 et
2189 4517 2541 4587 sanguinem
2572 4517 2854 4584 biberiiis,
2886 4534 3008 4575 non
3036 4518 3325 4581 habebitis
3368 4520 3550 4577 vitam
3580 4522 3643 4577 in

1986 4604 2166 4661 vobis.
2200 4604 2450 4662 Facinus
2473 4606 2566 4663 vel
2592 4605 2887 4677 ﬂagitium
2915 4606 3147 4663 videtur
3169 4607 3401 4678 jubere.
3432 4608 3645 4679 Figura

1985 4709 2128 4764 ergo
2157 4697 2247 4752 est
2275 4695 2408 4768 (54),
2440 4695 2596 4752 dicet
2617 4695 2951 4764 haereticus,
2982 4694 3340 4768 praecipiens
3376 4696 3644 4755 Passioni

1984 4784 2219 4841 Domini
2248 4800 2377 4843 esse
2407 4784 2985 4849 communicandum
3012 4788 3266 4854 tantum,
3294 4788 3356 4842 et
3382 4786 3644 4844 suaviter

1984 4876 2163 4945 atque
2192 4873 2408 4930 utiliter
2430 4871 2882 4935 recondendum
2910 4872 2974 4928 in
2997 4874 3312 4941 memoria,
3343 4874 3511 4947 quod
3530 4892 3642 4950 pro

1982 4961 2159 5018 nobis
2186 4978 2327 5020 caro
2353 4963 2484 5034 ejus
2511 4961 2797 5019 cruciﬁxa
2821 4964 2879 5021 et
2905 4960 3220 5018 vulnerata
3240 4962 3353 5025 sit.

2057 5051 2171 5120 Qui
2197 5052 2525 5110 manducat
2545 5066 2735 5123 meam
2764 5064 3007 5113 carnem
3036 5055 3093 5107 et
3122 5051 3489 5113 bibitmeum
3508 5070 3645 5117 san-

1982 5143 2244 5212 guinem,
2305 5141 2482 5199 habet
2523 5142 2707 5199 vitam
2748 5143 3055 5198 aeternam.
3117 5139 3223 5197 Hic
3272 5144 3643 5221 quandoque

1983 5245 2090 5303 per
2118 5230 2321 5287 cibum
2347 5233 2405 5286 et
2432 5232 2643 5302 potum
2674 5227 3017 5287 societatem
3062 5228 3188 5287 vult
3227 5231 3475 5304 intelligi
3510 5252 3642 5295 cor-

1982 5320 2144 5392 poris
2169 5323 2228 5376 et
2253 5318 2668 5375 membrorum
2688 5333 2958 5387 suorum,
2988 5319 3157 5394 quod
3183 5324 3275 5379 est
3299 5328 3507 5383 sancta
3535 5330 3642 5385 Ec-

1987 5410 2185 5480 clesia,
2214 5408 2277 5465 in
2306 5407 2744 5482 praedestinatis
2772 5412 2830 5464 et
2857 5410 3084 5467 vocatis
3111 5415 3169 5468 et
3205 5412 3541 5484 justiﬁcatis
3587 5422 3646 5476 et

1988 5499 2332 5572 gloriﬁcatis
2358 5498 2576 5555 sanctis
2604 5502 2664 5555 et
2707 5497 2986 5555 ﬁdelibus
3025 5501 3176 5573 ejus.
3229 5505 3493 5568 Quorum
3520 5507 3642 5580 pri-

1987 5608 2157 5647 mum
2184 5591 2312 5662 jam
2334 5588 2557 5645 factum
2588 5592 2674 5646 est
2702 5587 2766 5644 id
2790 5591 2883 5645 est
2910 5590 3354 5661 praedestinatio
3387 5612 3401 5648 :
3429 5611 3643 5652 secun-

264 5686 398 5755 (54)
442 5678 853 5753 Interpretatio
875 5681 962 5733 est
990 5677 1246 5750 mystica
1270 5683 1326 5734 et
1355 5683 1499 5735 nota
1526 5680 1654 5739 haec
1686 5681 1808 5737 duo
1826 5676 2040 5750 verba,
2074 5681 2227 5736 dicet
2262 5679 2596 5751 haereticus,
2626 5692 2754 5735 non
2778 5676 2990 5737 haberi
3010 5678 3073 5735 in
3100 5695 3216 5736 ms.
3267 5683 3334 5736 D.
3363 5683 3602 5746 Petavii.
