4018 6176
343 236 448 289 335
1400 220 1457 276 S.
1499 217 1835 275 FULBERTI
1876 210 2354 271 CARNOTENSIS
2394 207 2726 271 EPISCOPI.

3672 219 3787 273 336

337 354 485 411 dum
518 357 574 409 et
601 350 837 408 tertium
869 347 1094 405 factum
1123 348 1231 416 est,
1263 349 1320 402 et
1348 344 1414 401 ﬁt
1443 348 1500 400 et
1527 344 1647 412 ﬁet,
1678 342 1739 398 id
1771 345 1860 397 est
1888 355 1993 395 vo-
2036 340 2083 392 A
2113 335 2305 391 fessus
2329 342 2439 393 est.
2476 337 2695 413 Et‘ideo
2724 336 3003 411 quamvis
3035 336 3193 394 dicat
3232 336 3309 393 ad
3334 352 3447 393 nos
3505 356 3517 394 :
3560 340 3786 410 Amen,

339 444 493 501 catio
522 447 578 497 et
600 437 947 513 justiﬁcatio
980 455 994 493 :
1027 439 1314 509 quartum
1343 449 1485 491 vero
1515 448 1678 489 nunc
1706 433 1768 487 in
1791 429 1998 503 spe,in

337 551 401 592 re
432 538 631 589 autem
662 530 928 586 futurum
978 531 1089 596 est,
1115 601 1122 607 .
1148 526 1210 581 id
1266 529 1355 582 est
1408 522 1779 595 gloriﬁcatio.
1813 520 2000 591 Hujus

337 623 421 681 rei
477 624 943 685 sacramentum,
1000 615 1064 671 id
1115 619 1251 682 est,
1313 612 1554 669 unitatis
1603 608 1872 683 corporis
1944 610 2002 663 et

338 708 648 781 sanguinis
680 706 912 775 Christi,
944 703 1165 761 alicubi
1190 701 1456 776 quotidie
1483 701 1656 757 certis
1675 694 2000 755 intervallis

338 801 573 857 dierum
628 799 691 853 in
746 794 1057 851 Dominica
1112 808 1323 849 mensa
1379 793 1771 864 pneparatm',
1822 790 1880 841 et
1924 783 1999 841 de

338 904 553 946 mensa
606 884 915 943 Dominica
957 883 1214 937 sumitur
1247 898 1260 936 :
1293 879 1660 953 quibusdam
1682 876 1761 933 ad
1787 874 1997 946 vitam,

338 977 710 1053 quibusdam
740 974 815 1030 ad
843 973 1104 1029 exitium.
1136 974 1246 1027 Res
1276 986 1417 1026 vero
1449 969 1579 1042 ipsa
1609 969 1781 1038 cujus
1807 981 2001 1053 sacra-

338 1073 607 1124 mentum
632 1068 738 1133 est,
767 1062 933 1118 omni
962 1058 1193 1116 homini
1220 1058 1301 1114 ad
1338 1058 1540 1126 vitam,
1572 1054 1721 1112 nulli
1767 1054 1846 1110 ad
1877 1052 1998 1110 exi-

338 1158 510 1225 tium,
540 1155 885 1228 quicunque
911 1151 1040 1222 ejus
1066 1148 1367 1222 particeps
1400 1146 1592 1203 fuerit.
1637 1149 1766 1219 lpsc
1797 1143 1998 1201 Domi-

338 1264 453 1304 nus
482 1243 664 1317 paulo
692 1247 830 1315 post
857 1239 1101 1312 exponit
1146 1236 1295 1310 quid
1344 1236 1417 1292 sit
1465 1234 1836 1292 manducare
1874 1249 2000 1289 cor-

338 1351 453 1408 pus
484 1333 612 1403 ejus
644 1335 701 1386 et
731 1328 1086 1397 sanguinem
1113 1326 1339 1382 bibere.
1376 1326 1491 1394 Qui
1516 1324 1845 1381 manducat
1864 1338 1999 1380 car-

338 1439 471 1480 nem
499 1436 687 1477 meam
722 1425 777 1476 et
816 1417 959 1472 bibit
988 1432 1182 1473 meum
1211 1417 1588 1486 sanguinem,
1635 1415 1699 1469 in
1745 1428 1836 1469 me
1872 1427 2000 1468 ma-

337 1517 457 1583 net,
486 1516 539 1567 et
565 1525 669 1580 ego
699 1510 761 1563 in
790 1507 918 1562 illo.
954 1507 1072 1560 Hoc
1121 1508 1212 1560 est
1257 1519 1401 1573 ergo
1440 1501 1811 1557 manducare
1838 1499 1998 1555 illam

337 1618 558 1667 escam,
592 1606 649 1656 et
676 1598 843 1654 illum
875 1599 1085 1668 potum
1114 1593 1338 1659 bibere,
1382 1592 1441 1648 in
1474 1592 1702 1648 Christo
1734 1606 1998 1660 manere,

2108 427 2297 482 Amen
2331 427 2463 483 dico
2495 428 2678 496 vobis,
2711 428 2834 483 nisi
2858 426 3367 484 manducaveritis
3388 442 3629 485 carnem
3658 430 3793 499 ﬁlii

2111 517 2387 587 hominis,
2418 523 2475 575 et
2506 518 2770 575 biberitis
2796 520 2925 589 ejus
2955 519 3331 589 sanguinem,
3372 521 3505 586 etc.,
3537 535 3662 576 non
3694 524 3789 575 ta-

2110 621 2253 662 men
2283 622 2418 664 eam
2444 611 2507 664 ut
2532 606 2796 663 hominis
2824 606 3005 663 unius
3030 623 3102 663 ex
3131 606 3308 663 nobis
3342 606 3641 665 aestimare
3673 609 3791 665 de-

2109 694 2327 751 bemus
2358 696 2689 769 (quomodo
2720 696 2883 753 enim
2900 696 3075 767 juxta
3103 705 3381 752 naturam
3423 712 3596 755 suam
3621 697 3789 755 vivi-

2108 784 2341 841 ﬁcatrix
2364 801 2492 841 esse
2524 802 2664 842 caro
2716 785 2979 842 hominis
3009 785 3301 859 poterit?)
3360 786 3465 842 sed
3522 791 3586 843 ut
3640 803 3792 844 vere

2108 875 2419 948 propriam
2448 875 2577 947 ejus
2604 875 2846 944 factam,
2874 875 2979 948 qui
3009 880 3252 949 propter
3287 891 3403 931 nos
3439 875 3619 933 Filius
3669 877 3793 934 ho-

2108 964 2288 1020 minis
2328 969 2385 1021 et
2426 963 2619 1022 factus
2668 970 2758 1021 est
2798 969 2854 1021 et
2899 969 3172 1020 vocatus.
3229 964 3521 1038 Sylvester
3567 982 3739 1041 papa
3777 1001 3792 1038 ε

2111 1076 2140 1104 ‹‹
2170 1054 2399 1110 Primus
2429 1053 2623 1110 Adam
2652 1070 2838 1110 suasu
2881 1056 3173 1127 serpentis
3209 1059 3465 1110 mortem
3505 1054 3792 1124 incurrit,

2108 1144 2184 1211 et,
2216 1141 2439 1212 ejectus
2468 1140 2544 1198 de
2586 1140 2870 1214 paradiso
2899 1140 3248 1197 deliciarum
3298 1141 3420 1210 Dei,
3475 1141 3536 1199 in
3566 1142 3792 1199 labore

2108 1235 2166 1286 et
2194 1230 2412 1286 sudore
2443 1229 2564 1286 edit
2592 1246 2836 1303 panem.
2869 1233 3046 1288 Terra
3075 1234 3276 1287 autem
3320 1229 3395 1286 de
3423 1246 3545 1304 qua
3576 1230 3783 1290 factus

2108 1323 2214 1387 est,
2246 1318 2417 1389 virgo
2444 1323 2588 1375 erat.
2612 1318 2885 1391 Oportuit
2912 1333 3055 1389 ergo
3084 1318 3420 1375 secundum
3458 1319 3655 1376 Adam
3707 1318 3792 1376 de

2108 1408 2339 1479 virgine
2370 1408 2539 1464 nasci
2559 1407 2665 1480 qui
2695 1412 3032 1480 serpentem
3050 1411 3378 1464 tentantem
3405 1425 3465 1465 se
3490 1408 3787 1479 vinceret,

2111 1501 2167 1552 et
2194 1496 2504 1552 hominem
2535 1496 2609 1552 de
2640 1496 2979 1569 captivitate
3009 1496 3139 1567 ejus
3169 1496 3276 1569 qui
3313 1496 3576 1569 primum
3629 1497 3793 1553 vice-

2109 1590 2202 1643 rat
2228 1585 2523 1642 liberaret.
2554 1585 2851 1650 Quoniam
2887 1584 2991 1659 qui
3023 1586 3163 1641 Adaa
3191 1585 3379 1642 victor
3404 1586 3463 1642 in
3492 1586 3793 1660 paradiso

337 1698 393 1749 et
413 1691 582 1747 illum
611 1690 958 1745 manentem
984 1684 1046 1739 in
1086 1699 1147 1738 se
1176 1683 1419 1739 habere.
1478 1685 1559 1737 Ac
1603 1696 1711 1753 per
1758 1681 1873 1736 hoc
1899 1680 2001 1753 qui
2034 1694 2073 1748 Β
2111 1674 2432 1743 exstiterat,
2461 1675 2590 1747 ipse
2620 1680 2873 1731 tentator
2898 1674 3134 1730 Domini
3160 1674 3351 1731 factus
3376 1676 3545 1732 estin
3574 1675 3789 1734 deser-

337 1797 461 1838 non
492 1782 694 1835 manet
723 1778 783 1831 in
815 1773 1065 1839 Christo,
1098 1776 1153 1828 et
1181 1772 1243 1827 in
1281 1788 1404 1844 quo
1435 1786 1559 1826 non
1602 1774 1806 1826 manet
1838 1768 2001 1827 Chri-

338 1875 486 1937 stus,
517 1862 939 1941 proculdubio
992 1876 1117 1916 non
1164 1860 1494 1916 manducat
1552 1859 1682 1930 ejus
1735 1875 1998 1928 carnem,

337 1974 447 2014 nec
473 1954 621 2011 bibit
640 1954 771 2024 ejus
804 1948 1186 2019 sanguinem,
1205 1948 1385 2004 etiam
1416 1948 1465 2003 si
1497 1952 1673 2004 tantae
1694 1947 1779 2004 rei
1809 1964 2004 2004 sacra-

337 2050 608 2105 mentum
641 2042 720 2098 ad
744 2040 1040 2112 judicium
1068 2038 1182 2093 sibi
1214 2037 1537 2093 manducet
1562 2040 1618 2092 et
1646 2035 1837 2091 bibat.
1859 2038 1999 2091 Item

336 2136 521 2211 paulo
546 2138 684 2208 post
714 2120 1080 2202 Augustinus
1108 2132 1273 2183 tract.
1308 2132 1376 2183 26
1408 2145 1419 2181 :
1472 2149 1501 2175 ές
1552 2125 1801 2197 Signum
1860 2124 2002 2198 quia

343 2222 732 2282 manducavit
757 2224 814 2275 et
840 2217 1006 2285 bibit,
1030 2218 1144 2273 hoc
1163 2220 1253 2272 est
1281 2234 1293 2270 :
1318 2216 1365 2271 si
1386 2220 1591 2271 manet
1628 2220 1685 2271 et
1726 2219 2005 2271 manetur

340 2314 389 2371 si
409 2312 639 2370 habitat
659 2326 727 2366 ac
742 2304 1188 2373 inhabitatur,si
1207 2305 1391 2360 haeret
1405 2309 1462 2359 et
1480 2319 1603 2359 non
1621 2303 1951 2360 deseratur.
1975 2326 2003 2353 ››

509 2402 767 2469 Haymo,
791 2410 969 2465 super
992 2394 1329 2464 Epistolam
1359 2393 1441 2450 ad
1468 2392 1830 2448 Corinthios.

414 2494 563 2549 Caro
589 2502 776 2561 quam
796 2483 1053 2540 Verbum
1088 2481 1187 2538 Dei
1214 2480 1403 2537 Patris
1434 2481 1765 2553 assumpsit
1792 2481 1854 2536 in
1884 2484 2005 2537 ute-

340 2598 408 2639 ro
435 2576 716 2649 Virginali
746 2566 807 2630 in
833 2572 1056 2629 unitate
1092 2587 1215 2626 suae
1252 2585 1547 2643 personae,
1590 2574 1647 2627 et
1693 2570 1870 2643 panis
1900 2570 2006 2643 qui

342 2670 725 2727 consecratur
754 2663 817 2720 in
849 2660 1125 2728 Ecclesia,
1159 2676 1350 2715 unum
1381 2674 1601 2731 corpus
1635 2658 1848 2716 Christi
1878 2677 1891 2715 :
1924 2660 2006 2717 ita

338 2759 448 2816 iste
478 2755 652 2830 panis
682 2750 892 2808 transit
920 2750 981 2804 in
1007 2765 1225 2823 corpus
1266 2747 1499 2811 Christi,
1542 2763 1653 2803 nec
1700 2752 1839 2805 sunt
1880 2748 2004 2805 duo

340 2860 615 2920 corpora,
649 2841 754 2897 sed
781 2855 970 2895 unum
997 2854 1239 2909 corpus.
1294 2836 1623 2892 Divinitatis
1669 2837 1831 2893 enim
1877 2837 2001 2911 ple-

340 2935 571 3002 nitudo,
604 2948 741 3004 quae
773 2928 880 2985 fuit
908 2927 968 2983 in
997 2927 1119 2998 illo,
1172 2926 1360 2999 replet
1406 2927 1590 2982 istum
1634 2943 1894 3001 panem;
1948 2934 2004 2984 et

340 3027 478 3100 ipsa
505 3022 782 3079 divinitas
813 3016 1006 3108 Verbi,
1038 3032 1175 3089 quae
1204 3016 1412 3108 implet
1442 3015 1661 3108 caelum
1691 3020 1749 3073 et
1781 3020 2002 3108 terram
2034 3051 2077 3108 Ο

343 3122 400 3173 et
428 3112 633 3171 omnia
662 3126 798 3183 quae
828 3108 890 3163 in
919 3107 1002 3162 eis
1028 3110 1185 3173 sunt,
1216 3106 1351 3178 ipsa
1378 3106 1567 3178 replet
1587 3122 1807 3180 corpus
1838 3107 2001 3164 Chri-

346 3204 418 3261 sti
442 3201 607 3277 quod
637 3217 673 3256 a
703 3196 904 3255 multis
930 3194 1341 3251 sacerdotibus
1364 3210 1473 3268 per
1519 3194 1860 3253 universum
1912 3213 2003 3253 or-

340 3294 483 3351 bem
514 3288 936 3356 sanctiﬁcatur,
994 3290 1050 3341 et
1098 3284 1242 3341 facit
1291 3301 1483 3341 unum
1526 3301 1745 3357 corpus
1790 3286 2002 3343 Christi

342 3399 491 3439 esse.
524 3384 590 3436 Et
608 3378 759 3433 sicut
786 3375 881 3431 ille
911 3373 1085 3447 panis
1112 3377 1169 3429 et
1193 3373 1440 3442 sanguis
1467 3374 1527 3427 in
1576 3389 1795 3446 corpus
1843 3375 2002 3431 Chri-

345 3472 417 3528 sti
447 3469 780 3531 transeuut,
811 3464 892 3519 ita
920 3478 1120 3517 omnis
1150 3462 1251 3533 qui
1279 3462 1339 3516 in
1367 3458 1628 3518 Ecc'lesia
1674 3462 1855 3533 digne
1904 3480 2001 3519 co-

344 3553 723 3620 meditillud,
758 3568 948 3608 unum
999 3567 1220 3622 corpus
1273 3550 1480 3606 Christi
1523 3555 1631 3622 est,
1677 3552 1825 3608 sicut
1872 3553 2000 3626 ipse

345 3646 492 3703 dixit
525 3661 538 3699 :
569 3643 683 3710 Qui
706 3641 1031 3696 manducat
1059 3654 1300 3695 carnem
1328 3654 1519 3695 meam
1551 3645 1604 3695 et
1637 3640 1779 3697 bibit
1807 3658 1999 3699 meum

343 3734 717 3806 sanguinem,
745 3732 805 3786 in
831 3745 924 3786 me
952 3733 1171 3794 manet,
1204 3733 1257 3785 et
1290 3743 1393 3799 ego
1419 3729 1483 3783 in
1522 3730 1628 3785 illo
1684 3729 1876 3800 (Joan.
1919 3748 1996 3799 VI,

345 3825 453 3895 57).
485 3825 707 3879 Tamen
736 3819 835 3875 illa
855 3835 995 3875 caro
1025 3834 1215 3891 quam
1245 3817 1589 3891 assumpsit,
1605 3819 1781 3875 etiste
1800 3820 1997 3893 panis,

343 3913 664 3985 omnisque
696 3908 972 3975 Ecclesia,
1005 3923 1128 3964 non
1157 3907 1384 3964 faciunt
1412 3908 1519 3964 tria
1557 3924 1810 3981 corpora
1836 3911 1999 3967 Chri-

345 4004 440 4069 sti,
467 4001 573 4059 sed
595 4016 786 4057 unum
816 4014 1059 4071 corpus.
1092 4000 1156 4053 Et
1185 3997 1335 4069 sicut
1363 3998 1468 4070 qui
1498 3998 1731 4071 corpori
1771 4004 1828 4056 et
1858 4016 1999 4056 san-

345 4091 512 4163 guini
540 4089 750 4148 Christi
776 4086 1243 4155 communicant,
1299 4103 1488 4143 unum
1522 4104 1740 4161 corpus
1764 4106 1904 4145 cum
1929 4106 2001 4146 eo

345 4179 701 4248 eﬂlciuntur,
760 4176 843 4232 sic
885 4180 943 4233 et
990 4176 1090 4248 qui
1137 4176 1606 4246 communicant,
1648 4177 1899 4235 scienter
1925 4179 2001 4235 de

343 4264 709 4338 idolothytis,
742 4280 934 4319 unum
964 4280 1103 4319 cum
1127 4263 1371 4321 diabolo
1401 4281 1620 4338 corpus
1650 4266 1927 4325 existunt.

666 4354 740 4408 In
769 4352 1049 4423 Symbolo
1097 4352 1384 4421 Ephesini
1419 4355 1676 4411 concilii.

416 4441 795 4501 Neccessario
824 4445 881 4497 et
926 4441 1041 4496 hoc
1089 4440 1455 4497 addiscimus
1508 4461 1521 4499 :
1575 4444 2000 4501 annuntiantes

344 4534 506 4592 enim
561 4530 893 4589 secundum
947 4545 1191 4586 carnem
1238 4535 1494 4587 mortem
1542 4532 1830 4603 unigeniti
1878 4534 2004 4591 Filii

2112 1769 2172 1822 to
2201 1784 2214 1821 :
2249 1770 2311 1821 ut
2337 1764 2442 1838 qui
2467 1764 2693 1821 vicerat
2717 1764 3209 1834 manducantem,
3250 1764 3587 1821 vinceretur
3633 1782 3672 1823 a
3692 1767 3788 1839 je-

2106 1856 2381 1927 junante.
2413 1857 2480 1911 Et
2509 1854 2664 1911 sicut
2692 1859 2946 1911 mortem
2989 1870 3112 1910 non
3149 1854 3461 1911 inveniunt
3508 1855 3629 1911 nisi
3678 1856 3791 1929 qui

2110 1944 2237 2001 nati
2259 1947 2401 2000 sunt
2420 1959 2493 1999 ex
2518 1959 2697 2000 carne
2713 1943 2972 2010 Adae,ita
2991 1942 3179 1999 vitam
3198 1959 3321 1999 non
3337 1944 3651 2000 inveniunt
3668 1944 3791 2001 nisi

2111 2032 2217 2108 qui
2248 2031 2437 2089 renati
2468 2031 2708 2088 fuerunt
2731 2048 2804 2087 ex
2832 2047 2995 2105 aqua
3019 2036 3077 2088 et
3098 2031 3318 2104 Spiritu
3341 2037 3570 2105 sancto,
3584 2037 3647 2088 et
3661 2049 3792 2089 car-

2111 2138 2254 2178 nem
2281 2120 2492 2178 Christi
2522 2125 2580 2177 et
2609 2120 2967 2191 sanguinem
3018 2136 3141 2175 suae
3189 2120 3353 2176 carni
3405 2125 3461 2176 et
3499 2121 3788 2192 sanguini

2115 2210 2513 2280 sociaverunt,
2551 2211 2659 2283 qui
2686 2210 2828 2266 vicit
2877 2208 3210 2276 diabolum,
3260 2209 3617 2282 paradisum
3645 2209 3787 2265 red-

2113 2298 2285 2365 didit,
2316 2303 2373 2355 et
2396 2299 2532 2355 vitae
2567 2303 2800 2355 aeternae
2827 2298 3085 2369 januam
3114 2298 3410 2370 patefecit.
3456 2320 3483 2349 ››

2758 2388 2986 2445 SERMO
3052 2390 3135 2444 IX.

2509 2493 2575 2533 DE
2614 2493 3053 2533 ANNUNTIATIORE
3097 2492 3382 2534 DOIINICA.

2222 2565 2397 2638 (Opp.
2429 2566 2493 2622 S.
2526 2567 2684 2637 Aug.
2718 2570 2861 2622 tom.
2894 2568 2957 2634 V,
2981 2565 3279 2639 Append.,
3313 2581 3487 2622 serm.
3522 2570 3673 2634 194).

2191 2660 2239 2712 1.
2279 2656 2423 2712 Eva,
2451 2655 2698 2725 damna,
2729 2661 2786 2711 et
2832 2655 3045 2711 Mariae
3094 2656 3394 2725 beneﬁcia.
3434 2654 3624 2712 Adest
3671 2672 3784 2713 no-

2114 2743 2231 2811 bis,
2264 2743 2650 2810 dilectissimi,
2683 2747 2926 2816 optatus
2953 2744 3081 2801 dies
3107 2743 3298 2801 beam
3325 2759 3394 2800 ac
3415 2744 3786 2801 venerabilis

2115 2849 2353 2907 semper
2384 2832 2635 2905 Virginis
2667 2832 2858 2890 Mariae
2892 2850 2904 2889 :
2938 2833 3074 2889 ideo
3117 2850 3255 2890 cum
3296 2850 3535 2890 summa
3585 2835 3789 2891 exsul-

2114 2922 2335 2979 tatione
2375 2922 2636 2994 gaudeat
2664 2926 2820 2979 terra
2857 2926 3081 2993 nostra,
3119 2926 3295 2979 tanta;
3350 2922 3600 2994 Virginis
3646 2923 3784 2980 illu-

2116 3017 2300 3068 strata
2323 3011 2419 3068 die
2450 3010 2723 3068 solemni.
2755 3014 2887 3067 Haec
2928 3016 3017 3067 est
3060 3012 3221 3068 enim
3272 3011 3383 3068 ﬂos
3428 3012 3644 3084 campi,
3700 3012 3783 3069 de

2114 3117 2239 3174 qua
2266 3105 2466 3157 ortum
2494 3104 2585 3157 est
2624 3100 2954 3174 pretiosum
2992 3100 3183 3157 lilium
3231 3099 3606 3168 convallium,
3666 3117 3785 3174 per

2114 3190 2287 3260 cujus
2316 3193 2557 3262 partum
2587 3193 2854 3245 mutatur
2882 3194 3119 3260 natura,
3146 3188 3783 3263 protoplastorumque

2113 3278 2343 3335 deletur
2368 3283 2424 3335 et
2452 3277 2648 3351 culpa.
2677 3278 2997 3334 Prwcisum
3026 3284 3116 3335 est
3143 3278 3204 3334 in
3234 3294 3307 3334 ea
3332 3278 3478 3334 illud
3504 3280 3641 3334 Eva:
3688 3278 3786 3334 in-

2110 3367 2403 3424 felicitatis
2432 3367 2694 3437 elogium
2724 3384 2846 3441 quo
2876 3367 3111 3435 dicitur,
3164 3370 3237 3424 In
3282 3370 3532 3425 tristitia
3574 3369 3786 3439 paries

2109 3459 2267 3528 ﬁlios
2292 3459 2459 3525 (Gen.
2488 3474 2566 3513 ιιι.
2605 3461 2692 3525 16)
2725 3475 2737 3512 :
2779 3458 2923 3531 quia
2973 3458 3085 3514 ista
3124 3458 3186 3514 in
3215 3457 3414 3513 laetitia
3453 3458 3784 3514 Dominum

2112 3547 2439 3621 parturivit.
2476 3550 2595 3603 Eva
2616 3546 2777 3603 enim
2805 3547 2971 3613 luxit,
3000 3547 3117 3604 ista
3145 3546 3424 3603 exultavit
3460 3566 3474 3615 ;
3529 3549 3652 3603 Eva
3691 3547 3782 3603 la-

2111 3653 2371 3710 crymas,
2398 3638 2575 3694 Maria
2605 3636 2897 3706 gaudium
2940 3637 3002 3692 in
3032 3642 3236 3693 ventre
3266 3636 3522 3709 portavit
3564 3653 3579 3692 :
3635 3638 3786 3710 quia

2109 3726 2212 3783 illa
2261 3731 2661 3800 peccatorem,
2715 3727 2827 3784 ista
2890 3726 3076 3783 edidit
3130 3726 3533 3783 innocentem.
3602 3726 3788 3797 Virgo

2109 3816 2336 3890 quippe
2368 3819 2588 3888 genuit,
2622 3819 2765 3892 quia
2795 3819 2959 3888 virgo
2984 3818 3258 3892 concepit
3284 3836 3299 3887 ;
3346 3817 3639 3875 inviolata
3676 3835 3787 3893 pe-

2110 3907 2280 3979 perit,
2308 3908 2454 3981 quia
2478 3908 2542 3965 in
2563 3914 2858 3982 conceptu
2886 3909 3074 3967 libido
3103 3926 3226 3966 non
3274 3908 3401 3965 fuit.
3457 3909 3787 3983 Utrobique

2110 3995 2492 4066 miraculum,
2520 4001 2577 4054 et
2603 3998 2729 4055 sine
2761 3999 3140 4073 corruptione
3170 3998 3441 4071 gravida,
3472 4003 3532 4055 et
3554 3998 3619 4055 in
3650 4015 3788 4072 par-

2110 4090 2178 4142 tu
2238 4087 2409 4158 virgo
2464 4103 2781 4161 puerpera.
2838 4089 3152 4146 Descendit
3206 4087 3458 4159 angelus
3511 4088 3588 4145 de
3630 4088 3787 4145 caelo

2112 4174 2332 4231 missus
2364 4193 2401 4233 a
2429 4179 2596 4234 Patre
2625 4180 2743 4234 Deo
2783 4178 2843 4233 in
2869 4183 3091 4234 nostrae
3145 4176 3576 4250 redemptionis
3607 4193 3786 4233 exor-

2112 4263 2304 4335 dium,
2331 4265 2406 4321 ad
2434 4265 2678 4323 beatam
2728 4266 3113 4323 salutandam
3165 4266 3408 4323 Mariam
3440 4284 3453 4322 :
3484 4268 3634 4334 Ave,
3690 4267 3785 4322 in-

2114 4353 2246 4425 quit
2270 4354 2520 4425 angelus
2551 4355 2630 4411 ad
2673 4371 2831 4427 eam,
2876 4357 3082 4426 gratia
3121 4356 3327 4426 plena,
3377 4356 3671 4411 Dominus
3698 4361 3786 4413 te-

2116 4458 2269 4499 cum.
2300 4443 2549 4516 lmpleta
2569 4448 2658 4501 est
2680 4459 2822 4515 ergo
2850 4444 3029 4501 Maria
3060 4444 3270 4516 gratia,
3293 4449 3350 4500 et
3370 4446 3492 4500 Eva
3518 4449 3787 4502 vacuata

2114 4536 2203 4588 est
2231 4548 2267 4588 a
2304 4531 2502 4605 culpa.
2546 4532 2871 4590 Maledictio
2901 4535 3033 4589 Evae
3054 4533 3117 4590 in
3139 4533 3625 4590 benedictionem
3650 4550 3789 4589 mu-

344 4622 467 4691 Dei,
495 4621 557 4677 id
585 4625 674 4677 est
699 4623 837 4676 Jesu
867 4617 1096 4684 Christi,
1125 4622 1181 4673 et
1203 4618 1699 4676 resurrectionem
1748 4622 1898 4692 ejus,
1948 4627 2007 4679 et
2112 4624 2271 4677 tatur
2297 4621 2490 4679 Mariae
2523 4639 2537 4677 :
2569 4623 2715 4691 Ave,
2746 4624 2952 4694 gratia
2974 4624 3183 4693 plena,
3215 4624 3505 4679 Dominus
3560 4628 3782 4680 tecum.

343 4711 406 4767 in
437 4710 599 4767 caelis
624 4708 1038 4765 ascensionem
1068 4706 1290 4779 pariter
1314 4708 1684 4777 conﬁtentes,
1724 4709 2003 4766 incruen-

343 4805 468 4856 tam
499 4798 874 4855 celebramus
899 4797 961 4852 in
1006 4795 1269 4852 ecclesiis
1318 4796 1590 4853 sacrificii
1635 4799 1998 4857 servitutem.

346 4889 438 4946 Sic
463 4888 641 4944 etiam
665 4886 744 4944 ad
796 4884 1081 4959 mysticus
1136 4883 1580 4942 benedictiones
1633 4888 1999 4957 accedimus,

344 4983 399 5035 et
425 4976 890 5046 sanctiﬁcamur,
918 4974 1238 5048 participes
1269 4976 1458 5032 sancti
1489 4977 1756 5049 corporis
1780 4981 1837 5033 et
1865 4993 2001 5049 pre-

342 5066 477 5122 tiosi
504 5064 813 5135 sanguinis
844 5063 1075 5131 Christi,
1109 5064 1383 5120 omnium
1411 5069 1685 5121 nostrum
1714 5065 2003 5140 Redemp-

342 5154 486 5210 toris
532 5153 724 5209 etfecti
751 5170 764 5206 :
795 5170 921 5210 non
970 5156 1036 5209 ut
1091 5168 1478 5209 communem
1526 5169 1769 5211 carnem
1813 5154 2001 5228 perci-

341 5242 575 5316 pientes
608 5241 791 5314 (quod
818 5241 974 5297 absit
1000 5242 1060 5314 !),
1119 5257 1229 5298 nec
1280 5246 1347 5298 ut
1390 5241 1503 5297 viri
1541 5242 1891 5300 sanctiﬁcati
1945 5248 2003 5301 et

340 5330 533 5387 Verbo
555 5330 858 5400 conjuncti
886 5330 1220 5387 secundum
1249 5330 1552 5401 dignitatis
1582 5332 2002 5401 unitatem,aut

343 5420 425 5477 sic
468 5419 735 5477 divinam
786 5419 1159 5493 possidentes
1201 5420 1655 5487 habitationem,
1706 5421 1812 5478 sed
1859 5438 1999 5478 vere

339 5508 783 5568 viviﬁcatricem
838 5516 896 5567 et
940 5510 1129 5583 ipsius
1182 5510 1353 5566 Verbi
1394 5511 1701 5584 propriam
1753 5511 1994 5569 factam.

339 5599 466 5658 Vita
494 5602 654 5658 enim
681 5600 1031 5656 naturaliter
1061 5603 1125 5654 ut
1157 5602 1309 5655 Deus
1354 5600 1631 5667 existens,
1678 5600 1821 5673 quia
1862 5617 1998 5674 pro-

337 5690 484 5764 prie:
512 5690 679 5747 carni
710 5690 911 5745 unitus
941 5692 1050 5755 est,
1081 5687 1525 5745 viviﬁcatricem
1555 5705 1691 5747 eam
1708 5704 1835 5744 esse
1862 5705 1997 5762 pro-

2111 4712 2330 4766 Tecum
2358 4710 2646 4767 Dominus
2674 4711 2738 4767 in
2764 4712 2964 4781 corde,
2998 4717 3194 4768 tecum
3231 4712 3293 4768 in
3320 4716 3541 4783 ventre,
3576 4717 3783 4768 tecum

2110 4796 2173 4855 in
2198 4803 2386 4867 utero,
2419 4804 2617 4857 tecum
2647 4800 2710 4857 in
2735 4801 2976 4858 auxilio.

2180 4893 2234 4945 2.
2274 4890 2477 4946 Maria
2520 4906 2750 4949 omnem
2798 4897 3044 4962 superat
3104 4892 3365 4948 laudem.
3417 4890 3731 4949 Gratulare
3767 4938 3785 4962 ,

2108 4976 2288 5035 beata
2351 4978 2524 5050 Virgo
2581 5000 2594 5037 :
2652 4979 2920 5037 Christus
2992 4995 3098 5036 rex
3154 4996 3187 5036 e
3237 4979 3389 5036 coelo
3452 4995 3565 5035 suo
3614 4980 3792 5037 venit

2110 5067 2172 5122 in
2214 5072 2451 5124 uterum
2503 5073 2697 5138 tuum,
2752 5085 2826 5125 ex
2881 5069 3016 5126 sinu
3071 5069 3256 5126 Patris
3300 5069 3364 5125 in
3412 5073 3657 5125 uterum
3695 5069 3790 5125 di-

2111 5161 2331 5226 gnatur
2385 5156 2746 5214 descendere
2799 5158 3026 5218 matris.
3056 5159 3407 5228 Benedicta,
3438 5157 3655 5230 inquit,
3691 5164 3784 5228 tu,

2108 5245 2173 5301 in
2219 5245 2591 5317 mulieribus,
2627 5263 2763 5320 quae
2810 5247 2992 5304 vitam
3045 5252 3100 5304 et
3137 5247 3280 5304 viris
3325 5251 3383 5303 et
3420 5245 3790 5303 mulieribus

2108 5333 2411 5407 peperisti.
2488 5337 2666 5392 Mater
2746 5336 2978 5407 generis
3034 5339 3225 5393 nostri
3274 5351 3523 5409 poenam
3578 5334 3789 5392 intulit

2108 5422 2382 5491 mundo;
2439 5424 2697 5481 Genitrix
2746 5426 2981 5483 Domini
3032 5425 3218 5484 nostri
3271 5424 3528 5482 salutem
3581 5424 3792 5481 attulit

2107 5510 2357 5567 mundo.
2439 5513 2680 5569 Auctrix
2764 5513 2991 5587 peccati
3047 5517 3207 5584 Eva;
3291 5513 3521 5570 auctrix
3579 5513 3785 5569 meriti

2105 5599 2320 5668 Maria;
2366 5601 2491 5657 Eva
2542 5602 2871 5660 occidendo
2919 5603 3129 5673 obfuit,
3179 5604 3358 5661 Maria
3406 5602 3786 5659 viviﬁcando

2105 5689 2345 5763 profuit.
2400 5691 2505 5750 Illa
2560 5693 2896 5765 percussit;
2958 5694 3072 5751 ista
3150 5693 3404 5749 sanavit.
3473 5694 3586 5749 Pro
3641 5693 3786 5749 ino-
