3996 6176
286 125 377 179 337
977 172 982 176 .
1184 79 1193 83 ’
1525 119 1891 176 SERMONES
1927 123 2022 177 AD
2060 124 2408 185 POPULUM.

3572 127 3675 180 338

272 243 541 303 bedientia
566 240 729 297 enim
758 240 1099 299 obedientia
1137 247 1562 311 commutatur,
1618 242 1770 299 ﬁdes
1791 260 1901 317 pro
1937 252 1984 303 Α
2008 247 2361 320 integritatis
2388 251 2759 323 dignitatem.
2796 254 2943 308 Nam
2986 249 3092 323 qui
3119 255 3294 322 terra,
3322 248 3473 305 mari
3498 226 3679 305 cmlo-

269 333 497 409 perﬁdia
521 335 966 404 compensatur.
1005 334 1158 390 Laeta
1176 332 1356 403 igitur
1381 332 1559 390 Maria
1591 337 1785 403 gestat
1819 333 1905 389 in-

269 426 489 490 fantem,
520 421 790 477 exultans
820 421 1199 495 amplexatur
1248 422 1461 492 ﬁlium,
1493 427 1692 496 portat
1720 440 1756 479 a
1780 439 1903 496 quo

268 511 608 587 portabatur.
641 514 756 567 Nec
782 510 1049 580 fortuitu,
1084 515 1150 568 ut
1175 512 1414 582 ﬁngunt
1445 512 1783 585 Sabelliani,
1811 530 1902 569 re-

266 600 399 675 perit
422 598 737 674 parvulum
763 618 777 669 ;
805 599 911 655 sed
940 599 1207 657 decursis
1232 617 1449 657 novem
1467 600 1777 657 mensibus
1805 618 1906 675 pe-

265 689 400 764 perit
424 687 993 746 Christum.Plaudat
1016 703 1177 747 nunc
1203 691 1446 760 organis
1467 690 1725 760 Maria,et
1752 690 1905 746 inter

263 777 478 835 veloces
498 777 777 834 articulos
825 781 1118 852 tympana
1158 794 1469 852 puerperae
1519 783 1898 853 concrepent.

264 866 573 923 Concinant
599 865 868 922 laetantes
920 866 1106 937 chori,
1140 871 1200 924 et
1234 867 1667 925 alternantibus
1692 868 1904 924 modu-

260 955 321 1012 lis
376 955 686 1012 dulcisona
738 955 1009 1012 carmina
1058 957 1400 1013 misceatur.
1461 957 1674 1014 Audite
1721 957 1902 1027 igitur

260 1044 755 1119 quemadmodum
808 1045 1226 1118 tympanistria
1282 1051 1489 1103 nostra
1526 1046 1896 1104 cantaverit:

259 1134 330 1191 ait
341 1135 496 1191 enim
526 1152 541 1190 :
569 1135 923 1206 Magniﬁcat
942 1136 1147 1193 aniina
1176 1151 1308 1194 mea
1331 1138 1685 1205 Dominum;
1716 1142 1771 1193 et
1800 1152 1900 1193 ea:-

258 1225 483 1281 sultavit
511 1225 762 1295 spiritus
791 1240 954 1281 meus
984 1226 1046 1281 in
1099 1227 1220 1283 Deo
1266 1227 1532 1284 salutari
1550 1241 1677 1283 meo
1704 1239 1727 1297 ,'
1756 1240 1901 1298 quia

257 1314 495 1384 respexit
521 1314 922 1371 humilitatem
966 1315 1207 1372 ancilla
1245 1331 1368 1371 suae
1396 1328 1420 1386 ;
1447 1330 1575 1372 ecce
1623 1316 1778 1371 enim
1825 1330 1902 1372 ex

260 1402 353 1457 hoc
391 1402 621 1458 beatam
648 1416 740 1458 me
771 1402 967 1459 dicent
1017 1418 1216 1458 omnes
1269 1405 1699 1473 generationes.
1746 1400 1898 1468 Quia

251 1490 376 1561 fecit
402 1491 552 1547 mihi
573 1507 799 1561 magna
829 1494 936 1563 qui
961 1497 1169 1561 potens
1200 1498 1304 1548 est.
1334 1494 1528 1549 Causa
1556 1490 1734 1562 igitur
1762 1493 1897 1545 tan-

2011 354 2130 410 que
2155 355 2278 396 non
2308 341 2560 415 capitur,
2600 341 2755 397 intra
2785 340 2965 396 unius
3014 339 3353 412 corpusculi
3398 337 3674 394 membra

2013 428 2350 502 suscipitur.
2386 434 2517 486 Haec
2548 434 2636 486 est
2665 430 2765 487 illa
2795 430 3030 486 novitas
3059 428 3325 486 Jeremiae
3366 427 3672 500 prophetae

2011 516 2288 574 vaticinio
2352 518 2793 590 praenuntiata:
2848 518 3073 583 Faciet,
3126 516 3335 589 inquit,
3385 516 3674 571 Dominus

2011 622 2228 662 novum
2258 624 2440 677 super
2468 614 2732 675 terram;
2765 608 2993 677 femina
3042 606 3435 662 circumdabit
3478 606 3671 661 virum

2012 694 2248 762 (Jerem.
2281 711 2441 761 xxxx,
2465 696 2577 767 2'2).
2638 697 2681 752 0
2710 693 2935 751 femina
2984 709 3163 765 super
3204 693 3457 748 feminas
3495 694 3674 746 bene-

2009 780 2189 848 dicta,
2223 799 2354 854 quae
2380 782 2575 838 virum
2602 782 2851 838 omnino
2894 798 3017 837 non
3042 781 3226 848 novit,
3258 785 3316 836 et
3334 781 3526 836 virum
3558 796 3670 835 suo

2009 874 2178 926 utero
2208 871 2600 927 circumdedit
2627 872 2640 927 ι
2675 872 3019 927 Circumdat
3040 870 3232 925 virum
3250 870 3429 926 Maria
3454 869 3669 939 angelo

2007 959 2191 1015 ﬁdem
2221 960 2425 1016 dando
2460 961 2646 1034 ;quia
2682 964 2804 1017 Eva
2860 960 3120 1033 perdidit
3160 959 3355 1015 virum
3408 947 3671 1032 serpenti

2008 1048 2458 1106 consentiendo.

2078 1141 2133 1194 4.
2164 1140 2386 1210 Angeli
2408 1140 2491 1196 ad
2544 1140 2804 1196 Mariam
2846 1139 3045 1196 verba.
3078 1140 3291 1195 Maria
3338 1137 3670 1194 obedientia

2009 1229 2479 1284 commendatur.
2519 1228 2747 1285 Salutat
2775 1227 3025 1297 angelus
3076 1226 3342 1301 puellam
3381 1225 3489 1280 viri
3515 1224 3670 1280 salu-

2010 1315 2246 1372 tationis
2274 1317 2551 1386 ignaram
2586 1335 2600 1383 ;
2635 1321 2883 1372 terretur
2939 1315 3112 1385 Virgo
3170 1315 3431 1370 novitate
3461 1313 3669 1368 verbo-

2007 1420 2163 1459 rum.
2195 1404 2283 1460 Ad
2315 1421 2503 1477 quam
2530 1404 2802 1475 angelus,
2836 1407 2901 1459 ut
2957 1403 3231 1476 superius
3286 1402 3662 1474 protulimus,

2006 1492 2154 1547 dixit
2186 1509 2197 1547 :
2223 1494 2312 1549 Ne
2338 1494 2566 1558 timeas,
2616 1495 2817 1548 Maria
2846 1506 2868 1562 ,'
2898 1493 3181 1548 invenisti
3203 1493 3355 1546 enim
3405 1491 3664 1560 gratiam

256 1579 744 1636 tieinvalescentis
779 1579 991 1636 laetitiae
1047 1585 1175 1637 erat
1228 1580 1588 1637 miraculum
1642 1595 1889 1635 novum.
1923 1607 1967 1660 Β
2006 1582 2174 1651 apud
2201 1584 2540 1638 Dominum.
2576 1585 2654 1637 Ne
2682 1581 2895 1654 inquit,
2925 1598 2961 1637 a
3010 1585 3340 1654 conspectu
3368 1596 3524 1646 meo,
3556 1582 3667 1635 Ma-

252 1670 427 1724 Novus
461 1670 656 1725 Mariae
700 1673 910 1741 partus
962 1674 1203 1742 partum
1244 1672 1378 1725 Evoe
1427 1668 1620 1740 evicit,
1654 1673 1712 1725 et
1766 1671 1898 1724 Eva:

255 1755 540 1828 planctum
569 1756 762 1813 Mariae
787 1761 1000 1812 cantus
1031 1756 1299 1813 exclusit.

314 1849 360 1900 3.
387 1846 609 1901 Mundi
627 1847 792 1902 salus
814 1860 889 1901 ea:
915 1846 1129 1901 Marias
1150 1861 1394 1902 assensu
1427 1846 1663 1915 pendet.
1696 1845 1898 1901 Maria

254 1934 429 1990 Mater
456 1940 510 1991 et
542 1936 736 2006 virgo.
768 1936 988 2005 Nupsit
1010 1935 1128 2005 ipsi
1148 1936 1290 1991 Deo.
1311 1936 1586 1991 Jeremiae
1602 1934 1674 1990 de
1695 1935 1896 1990 Maria

252 2023 565 2092 prophetia.
601 2023 862 2096 Denique
904 2027 1042 2095 post
1094 2021 1250 2078 illius
1296 2021 1727 2079 benedictionis
1749 2038 1897 2094 prae-

255 2111 485 2180 sagium,
516 2110 672 2166 dum
696 2111 872 2167 tacita
933 2126 1141 2166 secum
1172 2111 1346 2180 Virgo
1392 2110 1609 2166 mentis
1649 2110 1896 2166 alterca-

252 2199 387 2255 tione
414 2199 786 2270 conﬂigeret,
814 2199 1013 2272 qualis
1055 2204 1211 2256 esset
1237 2200 1353 2256 ista
1407 2199 1703 2267 salutatio,
1746 2215 1898 2255 nun-

253 2288 347 2344 tius
370 2289 608 2346 interim
638 2289 891 2346 caelestis
915 2289 1263 2362 exsequitur
1284 2290 1495 2362 (Luca)
1524 2309 1536 2347 :
1566 2291 1892 2360 Netimeas,

249 2380 423 2437 Maria
451 2399 464 2449 ;
494 2381 783 2437 invenisti
822 2383 1087 2452 gratiam
1130 2380 1297 2451 apud
1347 2381 1684 2437 Dominum.
1740 2381 1895 2437 Ecce

250 2471 513 2541 concipies
535 2472 606 2526 in
635 2476 803 2528 utero
832 2477 887 2527 et
908 2472 1115 2541 paries
1161 2470 1379 2539 ﬁlium,
1409 2475 1465 2527 et
1508 2470 1744 2526 vocabis
1794 2485 1895 2525 no-

247 2574 361 2615 men
388 2562 513 2630 ejus
540 2561 767 2616 Jesum.
796 2564 868 2615 At
893 2559 996 2615 illa
1023 2577 1037 2615 :
1072 2560 1393 2629 Quomodo,
1441 2559 1654 2632 inquit,
1682 2560 1783 2629 ﬁet
1813 2560 1891 2614 is-

248 2648 358 2719 tud,
379 2650 671 2720 quoniam
693 2651 889 2706 virum
911 2665 1031 2705 non
1058 2664 1344 2720 cognosco
1367 2652 1395 2704 ?
1443 2651 1510 2704 Et
1538 2648 1788 2718 angelus
1813 2648 1892 2704 ad

247 2752 362 2793 eam
386 2756 399 2794 :
426 2739 719 2810 Spiritus,
751 2738 852 2805 ait,
910 2744 1153 2795 sanctus
1205 2739 1579 2809 superveniet
1610 2738 1673 2794 in
1714 2743 1790 2810 te,
1837 2743 1893 2794 et

248 2828 416 2885 virtus
456 2830 766 2885 Altissimi
820 2828 1195 2885 obumbrabit
1244 2829 1402 2899 tibi;
1447 2827 1694 2900 ideoque
1732 2827 1893 2899 quod

247 2925 499 2975 nascetur
526 2934 612 2976 ea:
636 2923 692 2974 te
716 2919 1028 2987 Sanctum,
1052 2919 1367 2976 vocabitur
1389 2918 1586 2974 Filius
1608 2918 1737 2974 Dei.
1752 2919 1781 2971 J
1788 2933 1890 2973 am

245 3006 437 3063 audisti
461 3009 759 3081 quomodo
785 3010 889 3078 ﬁet
918 3008 1048 3077 hoc,
1077 3008 1377 3081 responde
1406 3022 1568 3063 nunc
1597 3006 1887 3074 verbum;

245 3100 298 3151 ut
320 3098 459 3169 quid
501 3097 766 3155 turbaris
788 3098 971 3155 modo
1000 3099 1028 3155 ?
1049 3098 1285 3154 Audisti
1313 3098 1606 3170 quomodo
1628 3099 1731 3168 ﬁet
1758 3098 1889 3168 hoc,

242 3184 365 3259 quia
387 3188 657 3259 Spiritus
680 3194 921 3245 sanctus
949 3190 1324 3258 superveniet
1344 3190 1409 3244 in
1440 3193 1517 3259 te,
1548 3191 1613 3243 ut
1655 3186 1887 3261 prolem

244 3275 450 3347 gignas,
492 3283 551 3335 et
584 3277 984 3348 virginitatem
1007 3293 1128 3334 non
1159 3277 1379 3351 perdas
1412 3296 1425 3333 :
1467 3276 1660 3332 ﬁlium
1689 3276 1887 3349 profe-

243 3378 342 3433 ras,
363 3370 417 3422 et
436 3370 584 3441 post
610 3371 853 3440 partum
881 3366 1230 3439 incorrupta
1243 3380 1623 3439 permaneas.
1649 3366 1692 3422 0
1710 3365 1888 3422 beata

243 3455 412 3521 Maria,
440 3455 736 3513 saeculum
765 3471 946 3513 omne
975 3455 1282 3529 captivum
1309 3460 1479 3511 tuum
1534 3454 1889 3529 deprecatur

245 3557 539 3602 assensum
565 3562 579 3601 :
609 3550 686 3612 te,
718 3545 991 3613 Domina,
1013 3544 1281 3601 mundus
1298 3562 1420 3600 suae
1442 3543 1583 3600 ﬁdei
1608 3542 1885 3600 obsidem

243 3629 500 3691 feciLNoli
521 3634 746 3691 morari
752 3634 951 3706 ,Virgo
974 3651 987 3690 :
1014 3633 1226 3690 nuntio
1265 3633 1611 3690 festinanter
1631 3648 1884 3706 respon-

244 3719 304 3776 de
328 3723 596 3795 verbum,
630 3727 689 3779 et
717 3722 953 3796 suscipe
980 3722 1174 3780 ﬁlium
1203 3741 1217 3793 ;
1249 3722 1329 3779 da
1373 3722 1579 3791 ﬁdem,
1636 3727 1693 3779 et
1735 3723 1887 3779 senti

244 3808 513 3869 virtutem.
548 3813 730 3883 Ecce,
753 3811 968 3887 inquit,
990 3813 1222 3870 ancilla
1278 3814 1521 3870 Domini
1547 3828 1569 3868 :
1602 3813 1715 3883 ﬁat
1740 3811 1891 3867 mihi

244 3903 536 3959 secundum
616 3902 858 3959 verbum
909 3907 1099 3958 tuum.
1150 3905 1265 3959 Nec
1316 3918 1509 3973 mora,
1575 3901 1887 3958 revertitur

241 3990 476 4059 nuntius,
495 3996 555 4048 et
578 3990 938 4063 virginalem
964 3991 1304 4048 thalamum
1332 3991 1663 4062 ingreditur
1692 3990 1884 4049 Chris-

243 4078 338 4133 tus.
372 4079 631 4138 Emcitur
660 4080 860 4136 subito
890 4096 1214 4153 praegnans
1244 4080 1423 4137 beata
1455 4079 1555 4136 Dei
1602 4079 1880 4150 genitrix,

242 4169 288 4220 et
317 4175 521 4227 cuncta
552 4186 664 4243 per
692 4168 912 4227 srecula
936 4169 1299 4242 praedicatur
1336 4169 1475 4225 hinc
1530 4168 1688 4224 felix.
1734 4168 1884 4224 Con-

241 4256 370 4328 cepit
396 4275 537 4315 mox
594 4259 676 4315 ad
727 4258 1138 4315 credulitatem
1187 4258 1377 4326 verbi,
1434 4258 1619 4315 virilis
1671 4257 1884 4328 ignara

240 4348 492 4403 consortii
520 4366 533 4403 :
568 4346 854 4420 impletur
880 4351 1082 4404 uterus
1114 4346 1280 4404 nullo
1309 4347 1580 4404 humano
1617 4346 1882 4421 pollutus

240 4436 513 4508 amplexu.
551 4441 757 4494 Exstat
792 4437 995 4510 itaque
1025 4438 1200 4509 virgo
1229 4454 1368 4494 cum
1393 4436 1672 4510 concipit,
1712 4436 1883 4507 virgo

240 4525 480 4596 gravida,
514 4528 689 4597 virgo
728 4543 868 4583 cum
898 4527 1075 4600 parit,
1123 4533 1180 4584 et
1208 4528 1380 4598 virgo
1424 4532 1566 4601 post
1617 4531 1877 4599 partum.

241 4613 503 4674 Praeclara
532 4632 680 4688 ergo
710 4616 812 4673 illa
868 4616 1243 4688 virginitatis,
1301 4621 1359 4673 et
1387 4617 1647 4689 gloriosa
1682 4616 1884 4672 fecun-

238 4698 390 4761 ditas.
415 4706 686 4763 Exsultat
712 4706 912 4776 Maria,
944 4710 999 4763 et
1026 4710 1282 4763 matrem
1326 4723 1387 4763 se
1428 4706 1564 4763 lana
1608 4706 1878 4774 miratur,

239 4796 287 4846 et
308 4794 375 4850 de
397 4796 619 4868 Spiritu
647 4800 855 4853 sancto
881 4812 945 4851 sc
972 4796 1277 4871 peperisse
1304 4796 1527 4866 gaudet
1557 4814 1570 4853 :
1599 4812 1710 4853 nec
1738 4795 1882 4869 quia

238 4884 442 4955 peperit
460 4885 697 4960 inupta,
745 4890 1031 4954 terretur;
1065 4885 1171 4941 sed
1221 4885 1366 4958 quia
1402 4886 1714 4957 gemuerit,
1740 4901 1880 4941 cum
1920 4913 1929 4924 -

239 4972 610 5032 exsultatione
654 4975 924 5032 miratur.
986 4975 1367 5032 Gaudeamus
1429 4990 1572 5045 ergo
1624 4979 1681 5031 et
1743 4989 1877 5045 nos,

240 5055 446 5132 h'atres,
472 5063 535 5120 in
561 5064 657 5120 die
693 5069 873 5122 tantas
918 5062 1194 5134 Virginis,
1248 5079 1385 5136 quae
1427 5064 1576 5120 dum
1623 5063 1879 5137 despon-

238 5155 446 5207 saretur
474 5152 673 5225 fabro,
704 5152 839 5209 σαεΙί
864 5152 1072 5226 nupsit
1120 5151 1461 5209 architecto.
1517 5151 1878 5208 Promittitur

238 5237 378 5295 enim
407 5241 459 5297 ei
482 5241 643 5298 ﬁlius
666 5258 777 5316 per
800 5241 1199 5298 visitationem
1221 5241 1412 5297 sancti
1442 5240 1710 5315 Spiritus.
1742 5244 1876 5297 Haec

238 5322 323 5382 illa
348 5330 597 5386 audiens
626 5330 867 5401 gaudet,
914 5330 1199 5404 cupitque
1246 5328 1401 5386 effici
1454 5334 1665 5387 mater.
1721 5329 1875 5396 Quid

237 5410 396 5482 igitur
422 5418 665 5487 mirum,
695 5418 746 5474 si
776 5418 903 5475 sine
929 5417 1310 5491 corruptione
1351 5418 1634 5489 nascitur,
1664 5418 1771 5492 qui
1798 5416 1874 5474 de

238 5505 684 5563 sanctiﬁcatione
723 5508 1056 5582 concipitur
1087 5525 1100 5563 :
1150 5522 1274 5563 non
1295 5507 1457 5563 enim
1512 5507 1763 5564 decebat
1808 5509 1876 5562 ut

238 5587 323 5647 ille
343 5594 447 5666 qui
472 5594 649 5652 nobis
676 5595 965 5655 afferebat
992 5596 1269 5666 salutem,
1301 5596 1479 5655 matri
1529 5598 1874 5670 praeriperet

2006 1674 2095 1726 ter
2126 1670 2362 1726 Domini
2393 1672 2532 1738 mei,
2586 1670 2899 1726 terrearis:
2942 1686 3053 1741 ego
3092 1669 3499 1741 conceptionis
3550 1672 3665 1723 tum

2007 1759 2275 1815 minister
2300 1759 2533 1827 adveni,
2567 1775 2691 1814 non
2730 1764 2795 1814 ut
2824 1758 3218 1827 virginitatem
3258 1758 3556 1812 amitteres
3580 1756 3667 1812 in-

2006 1848 2229 1904 terveni
2261 1867 2273 1916 ;
2301 1849 2429 1921 ipse
2459 1863 2556 1904 me
2577 1848 2737 1903 misit
2764 1847 2842 1903 ad
2870 1851 2945 1916 te,
2967 1847 3071 1919 qui
3102 1851 3189 1901 est
3226 1846 3563 1901 nasciturus
3591 1861 3666 1901 ex

2006 1940 2078 1993 te.
2111 1939 2417 2008 Concipies
2440 1937 2602 1994 enim
2632 1944 2686 1993 et
2706 1938 2906 2006 paries
2932 1937 3127 2006 ﬁlium
3157 1949 3181 2006 ;
3210 1951 3331 1991 non
3350 1934 3666 2005 cujuslibet

2005 2026 2200 2082 meriti
2250 2026 2580 2093 hominem,
2640 2026 2747 2082 sed
2795 2025 2971 2082 totius
3018 2024 3217 2080 saeculi
3276 2022 3661 2080 Salvatorem.

2006 2115 2236 2187 Recole,
2268 2116 2465 2183 Maria,
2494 2115 2553 2171 in
2602 2115 2756 2171 libro
2787 2114 2953 2169 Isaiae
2977 2114 3307 2187 prophetae,
3372 2111 3666 2181 virginem

2002 2220 2190 2276 quam
2219 2204 2550 2277 parituram
2577 2204 2771 2273 legisti
2804 2205 2944 2273 (Isa.
2970 2220 3069 2270 vn,
3108 2203 3226 2273 14);
3279 2207 3335 2257 et
3353 2201 3548 2271 gaude
3577 2205 3663 2257 at—

2001 2309 2121 2366 que
2151 2293 2403 2361 exsulta,
2431 2292 2577 2365 quia
2606 2298 2669 2348 tu
2699 2308 2829 2348 esse
2850 2291 3139 2347 meruisti.
3164 2294 3247 2346 'l‘u
3276 2290 3359 2346 ibi
3390 2289 3665 2362 praefigu-

2000 2385 2133 2439 rata
2158 2399 2221 2438 es
2250 2383 2445 2452 Virgo,
2480 2386 2543 2438 tu
2595 2397 2730 2438 ecce
2762 2380 3061 2452 concipies
3090 2380 3151 2435 in
3203 2384 3389 2446 utero,
3421 2396 3544 2435 non
3587 2378 3661 2435 de

2000 2472 2147 2543 viro,
2180 2472 2285 2528 sed
2306 2472 2381 2527 de
2406 2471 2625 2545 Spiritu
2654 2475 2860 2526 sancto
2891 2487 2903 2525 :
2958 2475 3015 2526 et
3041 2469 3291 2539 gravida
3318 2468 3452 2535 eris,
3486 2472 3543 2524 et
3570 2468 3663 2523 in-

2001 2566 2282 2633 corrupta
2338 2559 2743 2634 permanebis.
2802 2559 3001 2614 Paries
3054 2557 3302 2630 quidem
3348 2557 3561 2624 ﬁlium,
3607 2562 3665 2613 et

2000 2649 2351 2721 virginitatis
2408 2664 2533 2705 non
2581 2647 2825 2721 patieris
2884 2645 3331 2703 detrimentum.
3384 2643 3662 2700 Etﬁcieris

2000 2739 2270 2811 gravida,
2300 2744 2357 2796 et
2380 2738 2494 2795 eris
2520 2742 2711 2794 mater
2736 2752 2973 2809 semper
3000 2735 3241 2791 intacta.
3273 2733 3495 2790 Senties
3515 2750 3663 2807 pon-

1998 2830 2143 2886 dera
2171 2829 2413 2898 ventris,
2441 2828 2494 2884 ei
2519 2827 2816 2901 pudorem
2844 2840 2970 2882 non
2989 2823 3206 2898 perdes
3237 2822 3538 2879 castitatis.
3573 2827 3661 2879 ln-

1998 2923 2332 2976 tumescent
2359 2918 2548 2975 ubera
2578 2924 2700 2985 tua,
2732 2922 2790 2973 et
2819 2916 3042 2971 intacta
3097 2917 3344 2969 manent
3381 2911 3661 2981 genitalia

2000 3016 2119 3065 tua.
2152 3012 2226 3064 At
2253 3007 2353 3064 illa
2381 3006 2566 3064 dixit:
2602 3009 2756 3063 Ecce
2785 3006 3017 3062 ancilla
3045 3003 3289 3059 Domini
3314 3017 3339 3058 .·
3377 3003 3486 3071 ﬁat
3512 3002 3663 3058 mihi

1997 3098 2319 3156 secundum
2353 3098 2596 3154 verbum
2625 3102 2814 3152 tuum.
2845 3096 2888 3151 0
2914 3094 3048 3149 felix
3070 3092 3430 3157 obedientia,
3462 3108 3498 3147 ο
3520 3092 3658 3147 insi-

1998 3189 2131 3260 gnis
2154 3188 2367 3259 gratia,
2397 3203 2534 3259 quae
2572 3187 2721 3242 dum
2772 3184 2958 3241 ﬁdem
2982 3182 3286 3239 humiliter
3312 3182 3494 3249 dedit,
3527 3182 3660 3238 caeli

1994 3278 2058 3333 in
2085 3293 2147 3333 se
2176 3277 2455 3350 opiﬁcem
2481 3274 2849 3348 corporavit!
2888 3272 3155 3345 Implevit
3174 3271 3235 3326 in
3256 3287 3329 3327 ea
3351 3270 3657 3340 Dominus,

1993 3366 2160 3441 quod
2189 3365 2422 3422 dudum
2444 3363 2836 3437 praedixerat:
2872 3361 3276 3417 Obedientiam
3301 3360 3461 3415 malo
3477 3375 3656 3430 quam

1993 3456 2378 3525 sacriﬁcium,
2409 3459 2465 3510 et
2492 3454 2799 3509 scientiam
2829 3452 2941 3506 Dei
2958 3451 3103 3519 plus
3141 3464 3321 3520 quam
3352 3443 3668 3505 holocauti

1994 3544 2160 3615 (Osee
2184 3560 2262 3610 vr,
2292 3544 2367 3614 6).
2404 3545 2534 3598 Haec
2559 3540 2667 3597 fuit
2694 3555 2833 3596 vera
2861 3537 3202 3595 obedientia
3236 3536 3402 3592 omni
3429 3535 3653 3592 sacriﬁ-

1994 3632 2086 3688 cio
2117 3632 2357 3703 gratior,
2404 3631 2534 3687 haec
2570 3628 2851 3686 voluntas
2904 3626 3132 3683 cunctis
3190 3624 3397 3682 hostiis
3450 3641 3657 3698 accep-

1992 3722 2106 3778 tior
2137 3739 2151 3789 ;
2183 3720 2325 3777 hinc
2352 3718 2683 3793 promeruit
2711 3716 2986 3788 gloriam,
3017 3732 3203 3789 quam
3233 3715 3365 3787 ipsa
3392 3719 3656 3788 postmo-

1992 3811 2140 3867 dum
2170 3809 2394 3883 plausit
2424 3828 2437 3865 :
2465 3810 2639 3876 Ecce,
2666 3806 2765 3874 ait,
2798 3822 2875 3862 ex
2931 3806 3041 3861 hoc
3081 3805 3311 3861 beatam
3341 3819 3434 3860 me
3457 3804 3654 3859 dicent

1993 3915 2190 3957 omnes
2219 3900 2652 3969 generationes.

2064 3992 2116 4043 5.
2148 3986 2247 4043 Ad
2276 3988 2506 4042 beatam
2546 3985 2848 4054 Virginem
2863 3980 3153 4051 precatio.
3180 3981 3223 4036 0
3248 3978 3427 4034 beata
3451 3977 3648 4044 Maria,

1992 4076 2097 4151 qui
2109 4076 2211 4132 tibi
2229 4075 2409 4147 digne
2430 4073 2622 4129 valeat
2636 4073 2775 4144 jura
2797 4070 3126 4141 gratiarum
3147 4084 3216 4123 ac
3232 4067 3482 4123 laudum
3503 4082 3651 4140 prae-

1992 4166 2167 4223 conia
2182 4164 2694 4238 impendere,quae
2711 4159 2999 4231 singulari
3020 4162 3123 4215 tuo
3146 4174 3396 4214 assensu
3421 4156 3650 4212 mundo

1994 4254 2334 4312 succurristi
2355 4252 2587 4326 perdito
2615 4252 2644 4308 ?
2674 4253 2834 4318 Quas
2865 4248 2972 4305 tibi
2998 4248 3211 4305 laudes
3233 4246 3518 4317 fragilitas
3541 4245 3650 4301 hu-

1911 4316 1956 4369 D
1995 4344 2160 4401 mani
2182 4342 2413 4414 generis
2437 4340 2758 4416 persolvat,
2791 4355 2928 4412 quae
2987 4338 3115 4394 solo
3145 4342 3247 4394 tuo
3287 4334 3649 4392 commercio

1990 4432 2387 4507 recuperandi
2416 4430 2649 4488 aditum
2677 4429 2905 4486 invenit
2932 4429 2960 4484 ‘l
2988 4428 3205 4500 Accipe
3243 4426 3442 4498 itaque
3468 4439 3650 4497 quas-

1992 4540 2230 4597 cunque
2260 4521 2461 4591 exiles,
2511 4534 2910 4593 quascunque
2968 4516 3192 4574 meritis
3230 4514 3345 4570 tuis
3385 4513 3647 4584 impares

1991 4614 2319 4686 gratiarum
2343 4614 2642 4670 actiones:
2676 4614 2897 4668 etcum
2914 4605 3244 4680 susceperis
3274 4601 3646 4675 vota,culpas

1989 4708 2225 4761 nostras
2255 4701 2487 4759 orando
2518 4715 2760 4757 excusa.
2784 4696 3039 4754 Admitte
3067 4697 3303 4750 nostras
3332 4706 3537 4763 preces
3563 4689 3648 4746 in-

1989 4797 2080 4850 tra
2109 4791 2438 4849 sacrarium
2469 4787 2886 4854 exauditionis,
2941 4786 3181 4856 reporta
3220 4780 3397 4836 nobis
3417 4776 3645 4834 antido-

1987 4887 2115 4940 tum
2140 4878 2657 4939 reconciliationis.
2717 4876 2800 4933 Sit
2850 4889 2959 4947 per
3004 4877 3058 4928 te
3087 4867 3430 4926 excusabile
3477 4865 3644 4940 quod

1985 4989 2094 5046 per
2110 4976 2165 5029 te
2184 4969 2516 5042 ingerimus
2548 4985 2561 5023 :
2594 4967 2701 5023 ﬁat
2726 4960 3100 5037 impetrabile
3127 4955 3430 5046 quodpﬁda
3445 4960 3642 5046 mente

1984 5043 2312 5134 poscimus.
2351 5056 2567 5129 Accipe
2594 5052 2760 5127 quod
2813 5049 3142 5115 offerimus,
3209 5044 3435 5101 redona
3475 5043 3640 5117 quod

1984 5164 2272 5220 rogamus
2297 5165 2310 5215 ;
2343 5160 2565 5202 excusa
2601 5140 2768 5215 quod
2789 5139 3086 5195 timemus.
3118 5135 3294 5207 (Quia
3318 5139 3380 5191 tu
3410 5150 3473 5189 es
3501 5148 3639 5206 spes

1984 5238 2162 5294 unica
2189 5239 2595 5309 peccatorum,
2617 5246 2724 5304 per
2768 5232 2823 5285 te
2853 5242 3167 5300 speramus
3189 5223 3429 5281 veniam
3457 5222 3638 5279 delic-

1983 5330 2182 5382 torum
2217 5342 2230 5393 ;
2262 5327 2320 5379 et
2343 5323 2407 5379 in
2437 5326 2511 5392 te,
2543 5317 2911 5385 beatissima,
2934 5354 2945 5365 .
2968 5319 3316 5372 nostrorum
3371 5317 3458 5369 est
3512 5327 3639 5368 exs-

1981 5412 2237 5489 pectatio
2258 5408 2688 5485 praemiorum.)
2723 5408 2937 5465 Sancta
2964 5405 3162 5472 Maria,
3182 5419 3430 5460 succure
3460 5400 3638 5456 mise-

1979 5505 2087 5577 ris,
2106 5504 2256 5576 juva
2284 5499 2718 5575 pusillanimes,
2749 5496 2949 5553 refove
2973 5494 3220 5562 ﬂebiles,
3252 5508 3358 5549 ora
3387 5507 3496 5564 pro
3535 5504 3640 5577 po-

1980 5576 2149 5667 pulo,
2180 5589 2471 5649 interveni
2498 5604 2609 5663 pro
2638 5587 2796 5645 clero
2822 5583 3115 5642 intercede
3143 5599 3255 5657 pro
3288 5581 3505 5638 devoto
3557 5576 3637 5633 fe-
