4018 6176
332 162 436 217 339

331 284 533 341 mineo
560 300 726 340 sexu.
749 281 1011 340 Sentiam
1040 296 1251 337 omnes
1302 282 1475 336 tuum
1512 280 1825 351 juvamen,
1857 275 1987 350 qui-

1366 156 1422 213 S.
1465 154 1802 211 FULBERTI
1839 145 2321 207 C.\RNOTENSIS
2376 143 2709 201 EPISCOPI.

2094 276 2283 328 tatum
2305 270 2602 325 effectum.
2632 267 2711 325 Sit
2731 266 2837 323 tibi
2868 246 3135 323 studium
3165 263 3407 320 assidue
3436 279 3608 321 orare
3650 280 3773 338 pro

3655 143 3772 199 34-0

333 387 568 445 cunque
585 371 889 427 celebrant
904 373 1070 426 tuam
1091 368 1747 426 commemorationem.
1768 365 1986 422 Assiste
2095 360 2323 435 populo
2350 358 2470 427 Dei,
2498 374 2635 430 qua:
2677 356 2942 413 meruisti
2988 354 3306 445 benedicta
3332 354 3587 445 pretium
3612 354 3775 409 ferre

332 465 544 536 parata
567 460 720 517 votis
748 458 1147 532 poscentium,
1180 463 1237 515 et
1262 458 1525 533 repende
1564 456 1848 514 omnibus
1878 468 1986 525 op-

333 578 2157 613 ﬂ

2096 449 2309 507 mundi
2338 449 2443 523 qui
2466 447 2611 504 vivit
2639 451 2695 503 et
2722 448 2934 515 regnat
2958 445 3020 500 in
3052 443 3274 501 saecula
3304 443 3689 500 saeculorum.

2136 578 2167 587 φφ-
2184 577 2225 587 ·-σ
2250 578 2267 586 -ο
2290 578 2309 585 η
2330 575 2565 587 εἸ-θτν-*νηιῇ

1252 699 1395 784 DE
1474 693 1975 783 PECCATIS
2041 686 2794 778 CAPITALIBUS.

1142 908 1181 961 ῐ.

760 998 849 1054 De
870 997 1221 1066 paenitentia
1253 996 1563 1052 laicorum.

409 1085 466 1142 Si
499 1085 635 1158 quis
658 1086 966 1142 hominem
991 1084 1272 1141 occiderit
1298 1088 1529 1157 sponte,
1564 1087 1791 1157 septem
1821 1080 1995 1137 annis

335 1175 639 1248 poeniteat.
673 1175 728 1232 Si
758 1174 1140 1242 immeritum,
1173 1174 1381 1229 decem
1412 1174 1585 1229 annis
1609 1173 1912 1247 poeniteat.
1939 1170 1997 1227 Si

335 1264 681 1334 diaconum,
704 1264 1157 1337 quatuordecim
1187 1264 1360 1320 annis
1398 1264 1700 1337 paeniteat.
1758 1262 1812 1319 Si
1836 1277 1999 1334 pres-

280 1402 285 1415 ,
335 1353 636 1426 byterum,
668 1352 876 1424 viginti
924 1357 981 1409 et
1027 1369 1150 1409 uno
1189 1370 1349 1409 anno
1405 1353 1707 1425 poeniteat.
1750 1351 1806 1407 Si
1857 1349 1994 1424 quis

335 1441 644 1497 hominem
674 1457 797 1498 non
824 1446 1033 1515 sponte
1065 1441 1364 1513 occiderit,
1426 1442 1611 1497 tribus
1650 1441 1823 1496 annis
1875 1456 1998 1511 poe-

337 1530 539 1585 niteat.
577 1529 636 1587 Si
666 1529 909 1603 publico
937 1530 1114 1598 bello,
1152 1547 1272 1586 uno
1294 1546 1455 1586 anno
1477 1528 1843 1602 poeniteat.Si
1862 1527 1996 1600 quis

337 1617 648 1674 hominem
679 1616 1090 1687 debilitaverit,
1124 1620 1316 1675 tribus
1372 1618 1777 1691 quadragenis
1804 1617 1995 1691 poeni-

338 1710 475 1764 teat.
513 1708 571 1765 Si
600 1707 735 1781 quis
768 1708 1109 1763 membrum
1164 1707 1493 1781 principale
1550 1706 1726 1762 alicui
1780 1705 1993 1773 tulerit,

338 1795 528 1853 tribus
554 1796 727 1853 annis
759 1801 815 1852 et
845 1795 1093 1852 dimidio
1119 1796 1421 1868 paeniteat.
1486 1795 1543 1852 Si
1570 1795 1704 1868 quis
1738 1794 1998 1850 sodomi-

340 1884 490 1941 ticus
517 1886 613 1941 vel
639 1902 779 1941 cum
800 1885 1032 1958 pecude
1060 1885 1264 1956 semel,
1320 1889 1548 1958 septem
1604 1884 1778 1942 annis
1810 1884 1998 1957 poeni-

340 1975 476 2029 teat.
515 1974 572 2030 Si
598 1974 995 2037 consueverit,
1029 1974 1442 2047 quatordecim
1488 1973 1660 2029 annis
1690 1973 1991 2047 pmniteat.

344 2061 401 2119 Si
430 2062 566 2136 quis
623 2062 947 2120 fornicatur
987 2063 1139 2119 inter
1193 2062 1423 2119 femora
1481 2063 1683 2131 semel,
1738 2066 1997 2135 quatuor

340 2150 746 2226 quadragenis
774 2151 1143 2225 poeniteat.Si
1159 2152 1551 2220 consueverit,
1580 2151 1768 2208 tribus
1783 2150 1994 2219 annis;

2029 902 2078 955 Α
2108 893 2410 966 exstiterit,
2468 897 2698 966 septem
2757 891 2931 949 annis
2988 891 3293 965 paeniteat.
3360 889 3417 947 Si
3442 890 3579 963 quis
3605 892 3782 962 jurat

2104 989 2312 1043 contra
2334 1000 2571 1057 pacem,
2607 998 2730 1039 uno
2760 999 2922 1039 anno
2954 981 3239 1054 pmniteat
3267 997 3405 1037 cum
3433 980 3777 1052 eleemosy-

2103 1077 2218 1143 nis,
2250 1079 2305 1130 et
2332 1074 2553 1130 redeat.
2591 1073 2647 1130 Si
2677 1073 2815 1147 quis
2845 1071 3221 1145 pertinaciter
3250 1071 3392 1140 odit,
3421 1087 3781 1127 excommu-

2104 1166 2351 1224 nicetur.

2906 1254 2969 1308 ll.

2509 1344 2598 1398 De
2620 1342 2979 1411 paenitentia
3008 1342 3348 1397 mulierum.

2181 1431 2235 1488 Si
2269 1447 2391 1503 qua
2416 1431 2632 1486 mulier
2658 1430 2897 1486 duobus
2956 1430 3239 1486 fratribus
3279 1430 3567 1503 nupserit,
3604 1430 3784 1502 quin-

2105 1535 2223 1591 que
2251 1520 2424 1575 annis
2454 1519 2757 1592 poeniteat.
2790 1520 2845 1575 Si
2874 1535 2997 1591 qua
3027 1524 3267 1593 partum
3319 1524 3515 1579 necat,
3549 1525 3655 1574 aut
3679 1535 3780 1573 ex-

2106 1609 2244 1665 citat
2269 1614 2479 1682 sponte
2511 1627 2523 1664 :
2560 1610 2610 1665 si
2631 1610 2759 1681 jam
2788 1608 2947 1675 vivit,
2973 1608 3292 1665 duodecim
3315 1609 3489 1664 annis
3525 1628 3536 1673 ;
3572 1609 3621 1663 si
3654 1625 3777 1663 non

2103 1701 2243 1755 vivit
2275 1700 2493 1768 adhuc,
2551 1716 2653 1756 sex
2684 1699 2859 1756 annis
2914 1705 3049 1772 post
3088 1699 3370 1772 paeniteat
3402 1718 3415 1767 ;
3450 1703 3505 1754 et
3537 1715 3779 1770 semper

2107 1793 2272 1845 sexta
2300 1790 2444 1845 feria
2462 1790 2709 1860 jejunet.
2747 1788 2804 1845 Si
2850 1794 3039 1845 mater
3086 1787 3389 1843 dormiens
3439 1786 3633 1843 tilium
3683 1788 3780 1843 vel

2105 1879 2290 1935 tiliam
2324 1879 2703 1952 oppresserit,
2738 1878 2928 1934 tribus
2962 1879 3135 1934 annis
3163 1877 3459 1951 poeniteat.
3488 1878 3543 1935 Si
3575 1878 3778 1934 infans

2106 1968 2327 2024 alicubi
2356 1968 2652 2040 ceciderit,
2683 1972 2741 2024 et
2770 1967 2998 2037 obierit,
3032 1983 3251 2041 parens
3301 1985 3425 2023 uno
3455 1985 3618 2023 anno
3646 1985 3777 2042 pce-

2108 2058 2308 2113 niteat.
2341 2058 2397 2115 Si
2427 2058 2624 2114 infans
2654 2061 2927 2114 mortuus
2966 2057 3144 2113 fuerit
3194 2073 3301 2131 per
3347 2058 3778 2127 negligentiam

2109 2147 2235 2203 sine
2266 2147 2592 2219 baptismo,
2626 2147 2815 2204 tribus
2841 2147 3014 2203 annis
3042 2147 3326 2221 poeniteat
3360 2166 3372 2214 ;
3416 2164 3536 2203 uno
3581 2165 3657 2203 ex
3688 2147 3778 2204 his

342 2241 391 2298 si
416 2242 705 2316 parvulus
734 2258 1061 2317 oppressus
1088 2242 1204 2299 hoc
1231 2242 1470 2316 patitur,
1513 2258 1635 2299 una
1661 2241 1998 2315 quadrage-
2042 2256 2082 2310 Β
2112 2236 2275 2307 foris,
2300 2242 2355 2293 et
2385 2254 2624 2311 semper
2649 2242 2817 2293 sexta
2868 2236 3014 2293 feria
3061 2236 3311 2308 jejunet.
3365 2236 3578 2292 Fidelis
3622 2236 3780 2293 bene

340 2340 423 2384 na
451 2326 755 2400 pmm'teat.
783 2328 839 2384 Si
867 2340 975 2401 per
1026 2343 1087 2383 se
1113 2327 1334 2400 ipsum,
1395 2326 1635 2383 duabus
1663 2326 2005 2399 quadrage.

341 2417 435 2473 nis
464 2416 766 2490 paeniteat.
804 2417 859 2475 Si
889 2417 1283 2485 consueverit,
1336 2434 1459 2474 uno
1506 2433 1667 2473 anno
1695 2416 1999 2490 poeniteat.

345 2506 402 2564 Si
431 2506 566 2581 quis
601 2506 895 2563 adulterat
925 2506 1284 2580 simpliciter,
1313 2508 1581 2580 quinque
1606 2506 1783 2561 annis
1814 2506 2003 2579 poeni-

340 2593 480 2648 teat.
518 2591 574 2649 Si
599 2590 933 2664 dupliciter,
966 2591 1175 2648 decem
1205 2592 1379 2648 annis
1427 2591 1732 2665 pcaniteat.
1784 2591 1839 2647 Si
1868 2590 2004 2664 quis

340 2683 583 2754 raptum
612 2678 1025 2753 fecerit,tribus
1062 2682 1260 2753 annis,
1292 2697 1415 2738 uno
1438 2682 1511 2738 de
1532 2682 1627 2738 his
1646 2681 1786 2738 foris
1817 2681 2003 2737 eccle-

344 2770 433 2827 sia
462 2770 763 2844 poeniteat.
818 2770 1035 2845 Siquis
1083 2785 1355 2828 nonnam
1385 2770 1732 2844 corruperit,
1776 2774 2005 2843 septem

345 2860 517 2917 annis
550 2860 856 2935 poeniteat.
893 2861 950 2917 Si
974 2860 1109 2933 quis
1159 2859 1695 2931 consanguineam,
1735 2859 2003 2932 quinque

345 2951 523 3008 annis
548 2951 853 3025 poeniteat.
906 2950 963 3008 Si
1008 2950 1143 3024 quis
1204 2950 1440 3007 divinos
1487 2949 1759 3017 consulit,
1817 2949 2004 3005 tribus

347 3041 521 3099 annis
547 3040 848 3116 paeniteat.
903 3040 961 3099 Si
1018 3041 1151 3116 quis
1208 3041 1532 3113 sacrilegus
1588 3040 1684 3098 vel
1725 3042 2003 3116 perjurus

2114 2327 2324 2383 vivens
2365 2344 2611 2383 securus
2661 2326 2800 2382 hinc
2849 2326 2984 2382 exit.
3033 2326 3374 2399 Baptizatus
3430 2326 3509 2382 ad
3560 2326 3781 2382 horam

2115 2431 2301 2485 agens
2331 2416 2744 2488 paenitentiam
2776 2416 2923 2471 dum
2972 2431 3160 2470 sanus
3192 2419 3277 2471 est
3331 2418 3385 2470 et
3437 2415 3782 2471 reconcilia-

2113 2507 2227 2575 tus,
2253 2510 2309 2560 et
2338 2510 2551 2577 postea
2597 2504 2750 2559 bene
2804 2504 2941 2559 vivit
2995 2520 3260 2560 securus.
3294 2503 3422 2574 Qui,
3455 2503 3693 2578 positus
3721 2504 3785 2560 in

2112 2593 2323 2649 ultima
2374 2594 2748 2665 necessitate,
2790 2592 3205 2667 paenitentiam
3262 2588 3512 2667 accipi?
3532 2598 3589 2649 et
3642 2594 3779 2661 exit,

2113 2682 2319 2751 fateor,
2353 2700 2476 2739 non
2507 2682 2589 2739 illi
2608 2699 2904 2751 negamus
2934 2682 3100 2755 quod
3132 2684 3292 2756 petit,
3340 2683 3443 2737 sed
3474 2692 3599 2739 non
3628 2701 3783 2758 prae-

2115 2787 2293 2827 sumo
2323 2771 2519 2827 dicere
2550 2771 2694 2846 quia
2725 2772 2878 2827 bene
2911 2771 3047 2827 exit.
3110 2774 3193 2827 Do
3241 2788 3382 2841 ergo
3412 2772 3733 2827 consilium
3765 2793 3780 2829 :

2113 2861 2341 2918 dimitte
2372 2862 2683 2929 incertum,
2724 2866 2781 2918 et
2834 2866 2965 2917 tene
3014 2864 3263 2933 certum,
3314 2865 3377 2917 ut
3415 2862 3561 2917 dum
3594 2879 3784 2918 sanus

2111 2965 2173 3005 es
2204 2967 2351 3021 agas
2406 2951 2839 3024 paenitentiam,
2896 2955 2958 3007 ut
3006 2957 3278 3007 mortuus
3334 2950 3557 3008 habeas
3609 2968 3784 3008 secu-

2110 3039 2367 3098 ritatem.

1235 3369 1916 3488 SANGTI
2016 3367 2912 3487 PULBEBTI

1648 3551 2127 3610 CARNOTENSIS
2166 3554 2478 3610 EPlSCOPl

702 3730 1188 3851 HYMNI
1271 3732 1452 3850 ET
1537 3729 2189 3851 CARMIM
2293 3649 3430 3854 ECCLESItS’EIC-t.

1639 3917 1950 3989 (Biblioth.
1983 3918 2158 3975 Patr.
2183 3918 2365 3987 XVIII,
2396 3918 2512 3990 48.)

1162 4178 1205 4231 Ι.

526 4274 747 4320 HYMNUS
778 4278 877 4319 SEU
906 4278 1083 4320 PROSA
1116 4281 1182 4320 DE
1208 4279 1421 4321 SANGTO
1465 4280 1842 4321 PANTALEONE.

430 4354 694 4418 Quantas
720 4353 914 4409 caedes
939 4352 1250 4410 Christiani
1274 4354 1469 4424 gregis
1493 4354 1871 4421 inhorruerit,
1901 4355 2015 4411 sub

356 4441 694 4500 Maximiani
743 4443 1058 4515 quondam
1104 4443 1291 4517 impia
1340 4444 1679 4515 tyrannide,
1732 4444 2015 4501 revolutaa

355 4531 744 4590 manifestam
780 4534 1210 4607 scripturarum
1239 4535 1497 4608 paginae.

425 4624 589 4679 Tunc
615 4624 1003 4679 Eustorchius
1062 4629 1305 4680 senator
1359 4623 1611 4696 quidam
1656 4624 2015 4682 Nicomedia:

354 4710 687 4782 habitabat,
713 4712 965 4785 quidam
995 4716 1052 4768 et
1079 4716 1257 4768 natus
1284 4711 1529 4767 nomine
1579 4711 1923 4782 Pantaleon,
1959 4718 2018 4770 et

356 4800 570 4856 decore
601 4800 898 4874 corporali
929 4800 1125 4857 clarus
1156 4805 1214 4856 et
1240 4799 1501 4870 ingenio.

428 4888 596 4944 Unde
621 4893 808 4961 pater,
861 4903 1030 4945 more
1078 4892 1341 4960 patrum,
1390 4886 1561 4943 laetus
1613 4902 1683 4943 ac
1730 4888 2015 4946 sollicitus

355 4973 493 5033 fecit
519 4991 660 5032 eum
679 4976 954 5033 liberales
976 4979 1135 5032 artes
1153 4974 1625 5048 apprehendere,
1638 4980 1706 5033 ut
1724 4992 1848 5033 non
1864 4983 2018 5035 esset

358 5065 631 5138 speciosa
656 5065 894 5140 lampas
922 5065 1049 5121 sine
1076 5064 1322 5122 lumine.

428 5157 577 5211 Tum
601 5154 907 5211 discendae
934 5153 1213 5211 salutaris
1242 5154 1569 5228 disciplinae
1596 5156 1804 5226 gratia,
1838 5157 2022 5213 medi-

359 5257 434 5300 co
460 5243 797 5301 Maximiani
852 5243 1093 5301 tradidit
1136 5244 1533 5318 Euphrosino,
1598 5260 1723 5318 quo
1772 5246 2019 5303 ductore

361 5334 540 5407 coepit
568 5350 697 5393 esse
726 5334 1009 5415 frequens
1036 5335 1097 5390 in
1128 5334 1371 5408 palatio.

432 5427 761 5498 Imperator
788 5430 1011 5493 autem,
1044 5426 1175 5495 ejus
1222 5424 1541 5481 honestata
1577 5426 1835 5497 cognita,
1865 5441 2021 5481 asse-

361 5514 455 5585 rit,
488 5531 558 5571 ac
587 5518 1022 5588 consequenter
1049 5516 1406 5569 attestantur
1446 5512 1567 5581 alii,
1617 5515 1799 5587 digna
1852 5513 2019 5591 quod

361 5620 628 5691 persona
656 5603 786 5667 talis
814 5607 1008 5665 astare
1038 5602 1268 5663 Caesari.

2052 4178 2093 4233 C
2190 4177 2343 4231 Inter
2366 4173 2517 4244 haec,
2540 4174 2789 4247 quidam
2836 4174 3116 4230 sacerdos
3146 4174 3203 4229 in
3253 4174 3469 4229 eodem
3529 4171 3781 4246 oppido,

2122 4267 2508 4337 nuncupatus
2542 4264 2908 4329 Hermolaus,
2946 4266 3107 4318 metu
3130 4263 3268 4318 saevi
3295 4263 3605 4336 principis,
3637 4261 3784 4317 late-

2123 4353 2235 4411 bra
2266 4371 2330 4410 se
2359 4354 2724 4410 recondebat
2751 4352 3034 4408 obsoletae
3059 4353 3287 4421 tegetis.

2194 4461 2324 4525 Qua
2376 4461 2796 4516 Pantaleonem
2871 4476 3028 4533 saepe
3087 4464 3494 4516 transeuntem
3552 4457 3789 4530 conspi-

2122 4564 2288 4618 cans,
2320 4567 2426 4606 vas
2456 4549 2757 4606 electionis
2788 4567 2915 4605 esse
2946 4549 3234 4621 comperit
3264 4564 3371 4621 per
3395 4546 3699 4621 Spiritum,
3733 4552 3791 4603 et

2122 4639 2389 4695 modeste
2420 4640 2764 4712 provocavit
2791 4640 2951 4694 intus
2984 4634 3060 4694 ad
3092 4634 3484 4712 colloquium.

2196 4747 2414 4811 Quaerit
2469 4763 2611 4817 ergo
2654 4764 2898 4814 nomen,
2927 4764 3116 4818 genus
3148 4744 3536 4819 studiumque
3594 4742 3789 4818 pueri,

2122 4836 2335 4907 qmerit
2374 4840 2619 4892 sectam.
2682 4837 2777 4892 Ille
2824 4838 3041 4893 notans
3067 4834 3457 4909 quaesitorum
3488 4834 3788 4903 ordinem,

2123 4923 2434 4994 diligenter
2466 4930 2891 5000 contrapensat
2918 4942 3346 4998 responsorum
3373 4924 3609 4981 seriem.

2199 5034 2382 5092 Solvit
2408 5035 2671 5108 primum
2700 5053 2768 5092 ac
2788 5035 3119 5092 secundum
3156 5053 3170 5104 ;
3194 5040 3334 5091 tunc
3353 5049 3791 5107 exponenscee-

2126 5125 2283 5178 tera:
2346 5146 2374 5173 ‹‹
2410 5124 2669 5192 Scrutor,
2725 5122 2935 5196 inquit,
2994 5122 3360 5180 documenta
3411 5121 3792 5194 Hippocratis

2125 5212 2369 5281 modici,
2395 5216 2579 5285 atque
2603 5212 2808 5281 magni
2835 5211 3215 5285 praecessoris
3269 5212 3399 5283 ejus
3446 5210 3789 5283 Esculapii.

2200 5321 2372 5375 «Hos
2402 5322 2689 5391 putamus
2730 5335 2860 5374 esse
2912 5318 3077 5385 deos,
3136 5317 3240 5390 qui
3298 5316 3487 5373 vivaci
3516 5316 3792 5387 numine,

2127 5424 2265 5479 quae
2296 5408 2598 5480 descripta
2644 5408 3031 5480 reliquerunt,
3088 5410 3524 5479 prosequentes
3581 5421 3794 5478 appro-

2127 5496 2296 5565 bant,
2327 5496 2474 5553 dum
2498 5497 2746 5565 langore
2777 5496 3035 5568 fatigatis
3076 5496 3393 5552 sanitatem
3424 5500 3729 5566 reparant.
3764 5516 3795 5544 υ

2198 5604 2287 5663 Ad
2316 5604 2445 5662 haec
2475 5618 2654 5664 senex
2682 5604 3049 5677 Hermolaus,
3066 5620 3133 5662 os
3163 5608 3467 5662 maturum
3488 5616 3791 5678 reserans,
