3996 6176
221 150 310 204 341
1028 168 1032 172 ·
1271 141 1488 196 HYMNI
1526 142 1612 196 ET
1650 140 1962 197 CARMINA
1999 138 2564 199 ECCLESIASTICA.

3529 147 3632 202 342

216 286 330 327 non
361 269 660 325 contendo
708 266 990 341 replicare
1039 266 1244 323 omnia
1287 282 1423 339 qua;
1452 265 1719 339 protulit,
1753 263 1858 321 sed
1895 265 1941 317 A
1970 260 2106 330 bus,
2135 268 2275 337 post
2306 265 2547 322 adultus
2598 266 2910 339 vilipendit
2963 281 3185 322 vanam
3244 267 3457 323 mundi
3514 267 3635 337 glo-

215 375 343 435 quze
372 358 629 414 breviter
657 357 875 412 dixisse
899 372 1020 411 non
1044 355 1304 412 absurde
1334 356 1544 428 potuit.

280 472 304 497 «
349 450 541 506 Chare
565 447 667 513 ﬁli,
700 447 885 502 verba
916 461 1053 502 mea
1076 444 1422 515 virgilanter
1446 445 1670 518 accipe,
1704 443 1866 500 forti-

210 546 412 613 terque
439 536 755 593 cerebrosa
784 537 968 592 retine
998 534 1292 591 memoria
1317 551 1329 589 :
1361 550 1509 590 nam
1548 533 1866 605 magistros

206 627 386 684 credo
411 634 545 683 tuos
568 642 687 681 non
720 626 934 681 docere
963 623 1122 681 talia.

273 740 301 765 «ι
348 720 507 772 Duas
535 732 662 771 esse
678 714 1008 771 medicinas
1040 712 1665 783 Christianinovimus,
1681 728 1865 768 unam

203 806 452 881 quidem
485 805 559 861 de
592 804 854 875 terrenis,
887 803 961 860 de
990 803 1264 877 supernis
1294 803 1576 873 alteram;
1605 818 1864 876 quarum

203 888 265 950 ut
288 896 567 953 diversos
593 900 776 961 ortus,
807 894 887 949 sic
919 897 974 949 et
1003 892 1351 951 efﬁcaciam.
1482 934 1517 965 ,

271 1008 298 1034 ‹‹
345 984 552 1041 Medici
583 983 796 1039 terreni
827 983 1074 1055 longam
1105 998 1212 1056 per
1241 981 1689 1055 experientiam,
1733 996 1863 1036 sur-

200 1074 481 1131 culorum
508 1074 845 1131 didicerunt
872 1072 1049 1141 vires,
1075 1076 1132 1128 et
1158 1071 1442 1128 similium
1463 1088 1598 1145 quas
1627 1087 1864 1145 permu-

198 1168 326 1220 tant
358 1164 678 1237 qualitates
708 1163 1118 1218 humanorum
1149 1177 1490 1236 corporum.

266 1272 299 1306 ι
343 1252 551 1309 Nullus
581 1258 781 1309 tamen
806 1252 868 1308 in
896 1252 1010 1310 hac
1037 1255 1159 1308 arte
1193 1251 1273 1307 sic
1305 1251 1597 1325 probatus
1626 1249 1862 1321 exstitit,

195 1342 290 1398 cui
322 1358 449 1397 non
471 1347 669 1397 essent
697 1341 774 1397 ad
809 1341 1146 1397 curandum
1177 1341 1309 1397 aliae
1365 1340 1659 1414 difﬁciles,
1710 1338 1865 1397 aliae-

194 1448 313 1507 que
344 1431 702 1504 passionum
732 1448 978 1504 prorsus
997 1430 1379 1485 incurabiles.

264 1544 293 1570 ιε
344 1524 465 1576 Hoc
494 1526 738 1577 testatur
762 1519 857 1576 ille
887 1520 978 1575 vir
1002 1520 1410 1594 Hippocrates,
1451 1518 1555 1593 qui
1597 1516 1706 1573 fuit
1751 1518 1866 1573 hoc

195 1610 265 1666 dc
294 1604 455 1666 caelo
481 1610 843 1667 sublimatus
874 1609 963 1665 vir
990 1608 1384 1681 Esculapius,
1413 1608 1636 1682 quibus
1681 1622 1864 1664 nemo

195 1699 521 1755 ventilatur
542 1699 738 1771 major
766 1715 898 1755 esse
927 1698 1200 1754 medicus

267 1812 296 1838 ιι
344 1790 417 1844 At
443 1804 721 1862 supernae
747 1787 1059 1844 medicinae
1088 1786 1349 1844 Christus
1382 1790 1597 1842 auctor
1624 1785 1858 1854 emicat,

195 1876 305 1954 qui
338 1893 550 1933 curare
582 1876 709 1934 sola
746 1879 941 1951 potest
963 1874 1233 1948 jussione
1282 1874 1612 1943 morbidos,
1668 1878 1725 1931 et
1782 1874 1861 1932 ad

194 1968 388 2024 vitam
412 1967 487 2022 de
508 1965 786 2040 sepulcro
814 1980 1096 2021 revocare
1124 1967 1415 2021 mortuos.

270 2079 301 2106 α
343 2056 454 2118 Qui
479 2056 730 2115 dederat
753 2071 910 2113 caeco
936 2054 1099 2123 dato,
1128 2058 1265 2131 post
1288 2057 1488 2110 creata
1507 2052 1756 2123 lumina,
1791 2069 1861 2111 ac

196 2146 269 2211 de
302 2147 520 2202 tumba
542 2146 671 2217 jam
702 2144 917 2203 fetente
950 2144 1273 2201 suscitatus
1304 2146 1574 2211 Lazarus,
1626 2148 1862 2200 caetera-

194 2252 313 2315 que
336 2236 498 2292 mira
529 2239 716 2305 gesta,
747 2250 1008 2307 quorum
1037 2249 1162 2290 non
1186 2236 1275 2289 est
1301 2249 1608 2289 numerus.

264 2349 294 2373 ι(
336 2325 456 2381 Sed
483 2324 559 2380 de
591 2323 819 2381 Christo
845 2323 993 2401 quid
1017 2322 1267 2390 dicatur,
1302 2339 1440 2378 cum
1456 2338 1567 2379 nos
1594 2323 1723 2395 ejus
1744 2338 1861 2378 ser-

192 2415 315 2471 vuli
344 2416 507 2471 mira
538 2429 793 2487 quaeque
833 2412 1126 2469 faciamus
1153 2412 1215 2467 in
1243 2411 1433 2486 ipsius
1462 2412 1728 2482 nomine,
1756 2410 1862 2468 tibi

192 2521 444 2591 quoque
474 2520 599 2559 non
629 2503 911 2574 negando
942 2502 1067 2558 fore
1094 2518 1247 2579 sane
1272 2501 1628 2558 crederetur.

261 2618 291 2643 ‹‹
335 2598 425 2650 Tu
450 2599 702 2665 te'ergo,
736 2594 912 2650 chare
944 2591 1049 2662 ﬁli,
1083 2593 1381 2666 sapienter
1400 2591 1628 2662 collige,
1685 2606 1861 2661 argu-

188 2691 399 2741 menta
432 2683 765 2739 manifestis
794 2698 1041 2738 sumens
1063 2682 1142 2738 ab
1170 2682 1475 2755 operibus,
1498 2682 1634 2755 quis
1648 2697 1860 2739 eorum

189 2774 261 2829 sit
293 2772 623 2829 habendus
645 2775 799 2828 Deus
830 2776 1008 2845 atque
1036 2772 1383 2828 Dominus.»

261 2862 461 2934 Cmpit
490 2868 693 2918 autem
721 2861 948 2918 ratione
1004 2861 1104 2917 tali
1145 2876 1297 2934 puer
1329 2860 1502 2929 allici,
1534 2864 1860 2934 postquam

1974 352 2148 420 riam,
2181 353 2256 410 de
2283 353 2406 409 suis
2434 355 2582 411 nihil
2612 371 2943 424 reservans,
2975 358 3192 429 printer
3222 360 3447 412 vestem
3490 355 3633 413 sim-

1974 440 2213 513 plicem.
2984 428 2989 429 7
3342 428 3349 443 ’

2049 531 2162 588 Sed
2188 548 2567 605 quaecunque
2596 532 2947 605 possidebat
2975 532 3131 588 dans
3164 533 3443 589 fomentis
3487 550 3635 607 pau-

1973 621 2467 692 perum,nescius
2498 626 2750 679 Romam
2792 622 3004 695 pergit,
3043 623 3173 692 jam
3225 623 3317 678 vir
3367 626 3630 692 exstans,

1973 707 2089 764 illic
2114 714 2172 765 et
2202 711 2587 783 conjungitur
2615 710 2920 785 Dionysio,
2953 710 3195 783 suisque
3227 713 3446 768 sanctis
3493 728 3635 769 con-

1977 798 2311 855 sodalibus.

2048 888 2140 945 Sic
2159 889 2221 944 in
2252 892 2472 945 coetum
2499 893 2805 946 tantorum
2833 888 3099 944 virorum
3120 888 3325 946 lumen
3353 889 3512 959 viget
3530 890 3633 947 ad-

1973 977 2132 1034 ditus
2163 978 2466 1052 Dionysio.
2494 980 2587 1036 his
2618 978 2896 1052 perfectis
2952 978 3282 1050 praedicare
3336 979 3633 1037 Christum

1974 1067 2135 1140 genti
2161 1067 2413 1125 Gallicae.

2044 1160 2378 1214 Tornacum
2397 1173 2605 1214 versus
2636 1157 2833 1213 Piatus
2865 1173 2928 1212 se
2957 1156 3170 1213 direxit
3196 1156 3475 1229 inclytus,
3493 1172 3634 1213 cum

1972 1246 2225 1304 Parisios
2257 1247 2367 1303 iret
2390 1247 2602 1303 beatus
2634 1246 2972 1318 Dionysius.

2043 1338 2310 1392 Tornaco
2336 1351 2479 1406 ergo
2508 1335 2906 1392 diﬁ‘undendo
2927 1335 3045 1391 late
3067 1334 3257 1391 sancti
3274 1334 3441 1390 verbi
3463 1334 3635 1391 semi-

1972 1441 2075 1496 na,
2110 1425 2338 1482 Christo
2369 1425 2656 1481 convertit
2675 1425 2943 1481 virorum
2969 1428 3057 1480 ter
3084 1424 3243 1480 dena
3269 1422 3475 1479 millia.

2044 1515 2261 1570 Praeter
2290 1530 2531 1586 parvos,
2561 1518 2617 1570 et
2647 1514 2898 1570 secundi
2930 1530 3109 1569 sexus
3150 1511 3393 1568 turbam
3440 1511 3632 1568 maxi-

1907 1620 1949 1674 B
1975 1621 2144 1661 mam
2169 1604 2606 1672 Christicolum,
2641 1603 2916 1674 genuinis
2946 1603 3098 1660 inter
3138 1603 3267 1659 haec
3307 1618 3633 1660 coruscans

1971 1694 2260 1750 virtutum
2289 1692 2617 1750 miraculis.
3542 1736 3579 1773 ο

2045 1782 2380 1839 Edomabat
2432 1782 2719 1857 parcitate
2785 1781 2969 1838 duras
3015 1781 3174 1838 vires
3228 1780 3515 1854 corporis,
3569 1785 3636 1838 ut

1972 1872 2307 1942 frangendo
2331 1872 2674 1942 roboratus,
2714 1871 2871 1928 hosti
2910 1886 3036 1927 non
3087 1870 3525 1942 succumberet,
3578 1874 3635 1927 et

1970 1961 2141 2018 illum
2168 1961 2390 2019 fortiter
2409 1960 2753 2017 debellaret.

2041 2054 2114 2107 At
2142 2053 2335 2108 Caesar
2359 2050 2771 2117 Maximianus,
2798 2053 2865 2107 ut
2890 2049 3041 2106 Piati
3068 2048 3269 2106 hausit
3294 2048 3526 2106 famam
3554 2048 3659 2106 vi»

1970 2140 2217 2197 rulentis
2242 2141 2512 2212 auribus,
2544 2140 2975 2219 comprehendi
2989 2140 3170 2219 jussit
3197 2156 3358 2213 eum,
3388 2139 3470 2198 ad
3526 2156 3632 2198 ne-

1973 2231 2237 2288 candum
2267 2232 2563 2306 protinus.

2043 2324 2231 2395 thue
2260 2322 2425 2379 fama
2476 2326 2582 2390 est,
2637 2322 2731 2379 ille
2782 2321 3035 2378 militare
3079 2325 3419 2397 promptus,
3450 2326 3631 2396 atque

1968 2409 2125 2466 vinci
2148 2411 2407 2484 nescius,
2436 2428 2629 2468 nexus
2649 2411 2808 2481 vicit,
2836 2410 3028 2482 ﬂagra
3054 2400 3195 2468 vicit
3215 2414 3272 2468 et
3290 2426 3502 2470 omnes
3525 2412 3633 2471 im-

2016 2503 2166 2555 etus.

2075 2515 2166 2554 us.

1970 2513 2377 2644 peDecollatur
2405 2603 2671 2662 namque
2727 2587 2974 2643 tandem
3024 2587 3160 2645 laeto
3206 2591 3362 2644 caatu
3413 2591 3634 2659 marty-

1968 2692 2126 2747 rum,
2158 2678 2429 2755 palmam
2480 2677 2659 2748 gessit
2714 2677 3018 2733 laureatus
3049 2677 3127 2733 ad
3158 2675 3289 2733 caali
3318 2675 3629 2753 palatium.

2052 2776 2329 2842 Dumque
2360 2766 2537 2837 gleba
2567 2766 2922 2823 conderetur
2951 2766 3196 2837 gloriosi
3235 2781 3454 2838 corpus
3478 2780 3634 2821 mar«

1968 2862 2140 2938 tyris,
2173 2858 2343 2915 fusus
2374 2856 2525 2913 odor
2586 2859 2644 2912 et
2702 2854 2945 2929 superni
3000 2855 3224 2912 circum
3286 2854 3442 2913 circa
3490 2868 3630 2911 nec-

190 2950 448 3022 singulis
501 2950 714 3006 diebus
766 2950 1140 3006 sacerdotem
1168 2949 1378 3018 visere,
1408 2965 1479 3006 ac
1517 2949 1592 3006 de
1628 2950 1858 3007 Christo
1898 2975 1941 3032 c
1970 2951 2132 3010 taris.

189 3040 488 3098 sciscitari
511 3040 723 3111 multa,
750 3040 926 3115 plura
955 3039 1169 3095 dicere.

269 3131 557 3197 Quadam
582 3145 723 3200 ergo
753 3128 848 3185 die
871 3129 1033 3185 solus
1056 3145 1092 3184 a
1119 3128 1406 3199 magistro
1430 3128 1684 3199 rediens,
1712 3128 1859 3186 dum

189 3221 263 3276 de
322 3221 431 3275 via
491 3218 831 3285 declinaret,
892 3218 1317 3292 interemptum
1344 3235 1622 3292 puerum,
1679 3224 1859 3298 atque

184 3310 366 3379 juxta
402 3306 549 3363 vidit
575 3308 705 3378 ejus
730 3310 1167 3381 peremptorem
1200 3305 1537 3361 colubrum.

259 3400 399 3464 Quo
430 3396 775 3472 spectaculo
803 3411 1128 3470 parumper
1182 3394 1563 3452 tremefactus
1614 3395 1856 3465 abstitit,

192 3488 297 3544 sed
321 3503 520 3565 quam
543 3486 808 3563 primum
838 3485 1198 3558 resipiscens
1218 3485 1409 3542 vivide
1429 3485 1731 3554 referbuit,
1752 3486 1859 3543 sic-

190 3593 305 3668 que
341 3579 590 3668 precem
615 3579 732 3631 Deo
760 3591 902 3632 vero
934 3574 1301 3648 primitivam
1330 3575 1543 3668 obtulit
1573 3596 1587 3633 :

260 3690 289 3715 (ί
335 3660 383 3723 0
416 3667 580 3733 Jesu,
607 3682 788 3739 quem
818 3682 996 3739 posse
1053 3668 1268 3721 cuncta
1317 3665 1630 3724 Christiani
1657 3668 1856 3741 perhi-

188 3756 357 3825 bent,
415 3756 467 3810 si
523 3754 772 3825 collegio
828 3760 1068 3810 tuorum
1128 3772 1224 3811 me
1263 3754 1530 3826 dignaris
1580 3758 1854 3830 jungere,

194 3850 440 3919 praesta,
473 3861 706 3919 quaeso,
740 3844 907 3918 quod
935 3844 1188 3900 ﬁdenter
1208 3845 1338 3916 jam
1370 3834 1678 3925 prmsMo
1717 3832 1857 3922 pos?

193 3952 347 3992 cere.

266 4048 293 4074 α
344 4027 558 4080 Precor
579 4039 741 4095 ergo,
772 4040 879 4099 per
904 4025 1177 4081 virtutem
1208 4023 1292 4081 tui
1316 4010 1535 4096 magni
1569 4027 1853 4097 nominis,

192 4119 257 4170 ut
284 4113 514 4169 revivat
535 4113 646 4168 iste
676 4130 846 4185 puer,
876 4119 1073 4186 crepet
1092 4115 1198 4170 iste
1224 4114 1500 4183 coluber;
1533 4115 1701 4189 quod
1720 4132 1857 4191 pro-

190 4203 356 4259 beris
386 4219 517 4258 esse
546 4203 680 4258 vitis
719 4208 897 4276 atque
924 4204 1130 4260 mortis
1159 4204 1397 4260 arbiter.
1433 4222 1464 4257 ›
1566 4192 1571 4205 1

2039 3044 2121 3098 Ne
2150 3035 2297 3111 quid
2326 3033 2594 3091 mundus
2632 3034 2932 3092 haisitaret
2986 3035 3061 3093 de
3117 3033 3307 3092 salute
3365 3033 3627 3108 spiritus,

1969 3131 2142 3205 cujus
2175 3141 2315 3185 caro
2341 3128 2483 3182 tunc
2510 3123 2814 3203 probabat
2836 3125 2998 3182 hunc
3026 3140 3278 3198 regnare
3304 3124 3555 3182 caelitus.

2748 3230 2839 3285 III.

2344 3333 2522 3375 PROSA
2564 3334 2629 3374 DE
2668 3333 2995 3375 NATIYITATE
3034 3332 3243 3375 DOMXNI.

2040 3426 2263 3482 Sonent
2307 3420 2434 3493 regi
2461 3425 2605 3479 nato
2643 3437 2801 3483 nova
2839 3419 3093 3489 cantica,
3119 3419 3291 3493 cujus
3310 3421 3476 3483 Pater
3493 3418 3630 3486 fecit

1964 3515 2190 3588 omnia,
2222 3516 2415 3575 mater
2445 3515 2534 3570 est
2561 3512 2736 3583 Virgo
2760 3510 3181 3577 sacratissima.

2036 3609 2339 3664 Generans
2364 3603 2553 3660 nescit
2579 3603 2675 3660 hic
2701 3602 3013 3675 feminam,
3051 3601 3153 3659 illa
3182 3604 3271 3669 est
3321 3599 3451 3661 sine
3495 3598 3625 3666 vim

1964 3695 2231 3768 gravida.

2034 3785 2295 3841 Verbum
2324 3781 2503 3839 corde
2518 3782 2704 3839 Patris
2736 3781 3005 3852 genitum
3037 3783 3175 3841 ante
3205 3779 3442 3836 saecula.

2034 3873 2181 3931 Alvo
2210 3872 2418 3929 matris
2450 3870 2650 3945 prodit
2679 3874 3063 3943 corporatum
3091 3870 3233 3941 post
3256 3872 3548 3940 tempora.

2037 3964 2081 4023 Ο
2112 3961 2267 4019 mira
2289 3959 2563 4031 genitura
2588 3958 2600 4015 ι
2635 3974 2672 4017 o
2690 3957 2988 4039 stupenda
3016 3955 3325 4019 nativitas!
3359 3971 3396 4011 ο
3424 3954 3623 4028 proles

1965 4052 2226 4123 gloriosa
2253 4050 2266 4106 l

2037 4141 2378 4197 Humanata
2403 4135 2703 4204 divinitas,
2734 4134 2817 4193 sic
2870 4137 2925 4191 te
2983 4133 3357 4201 nasciturum
3411 4132 3621 4199 Filium

1964 4230 2085 4298 Dei,
2116 4232 2282 4301 vates
2308 4232 2413 4291 tua
2441 4224 2599 4283 docti
2622 4223 2839 4299 Spiritu
2867 4223 3284 4298 praedixerant.

260 4293 355 4392 Ad
386 4293 544 4347 hanc
572 4308 805 4392 vocem,
840 4309 926 4392 '0“
952 4292 1103 4349 ﬁdes
1138 4294 1164 4392 ΙΔ
1185 4310 1221 4350 Ο
1247 4294 1527 4392 mira_Dei
1557 4295 1797 4392 bonitas
1840 4298 1853 4355 ἔ
1895 4333 1941 4388 D
2040 4292 2131 4376 sic
2160 4296 2212 4374 fe
2243 4317 2466 4387 oriente
2496 4331 2569 4375 ex
2596 4292 2832 4387 Vﬁgine
2858 4292 3049 4386 siam-3,
3074 4330 3291 4389 pacem
3321 4314 3489 4375 terris
3516 4328 3623 4375 an.

191 4388 470 4480 mortuus
516 4382 787 4480 resurgit
836 4382 1055 4480 infans,
1115 4387 1170 4480 e_t
1216 4384 1537 4480 chelydrus
1587 4385 1855 4463 ﬁnditur,
1895 4382 1934 4388 ⁷
1965 4407 2080 4480 geli
2109 4382 2406 4479 nuntiam.

189 4472 325 4528 laus
353 4470 646 4545 praeclara
666 4470 741 4527 de
772 4472 973 4541 gentili
1003 4489 1103 4529 ore
1134 4477 1252 4530 Deo
1280 4474 1567 4531 funditur.

262 4585 290 4610 «ι
335 4564 409 4617 Te
433 4576 620 4631 nunc,
650 4560 864 4634 inquit,
897 4562 1211 4629 benedico,
1243 4566 1383 4619 Jesu
1422 4566 1855 4640 potentissime,

186 4668 316 4708 non
346 4657 402 4707 te
433 4650 619 4707 semel
641 4650 1022 4723 benedicam,
1056 4655 1207 4709 Deus
1237 4659 1415 4727 atque
1450 4657 1697 4714 Domine
1726 4676 1740 4727 ;
1792 4664 1858 4716 tu

190 4742 271 4797 sis
291 4740 458 4796 omni
492 4740 842 4797 benedictus
872 4741 1224 4798 saeculorum
1254 4748 1544 4816 tempore.
1576 4769 1605 4797 »

262 4830 458 4892 Currit
479 4844 626 4898 ergo
654 4828 1035 4891 latebundus
1066 4832 1176 4889 tiro
1197 4833 1407 4891 Christi
1426 4834 1664 4903 nobilis,
1696 4841 1754 4894 et
1776 4839 1858 4895 ad

188 4919 376 4991 pedes
396 4918 698 4981 Hermolai
735 4920 1004 4993 procedit
1059 4922 1414 4995 presbyteri,
1473 4922 1703 4983 instans
1742 4928 1859 4987 sibi

190 5023 318 5067 non
347 5007 574 5071 tardari
605 5009 761 5070 sacri
784 5008 1013 5071 fontem
1036 5010 1275 5069 lavacri.

992 5154 1059 5207 II.

622 5293 686 5331 DE
727 5291 937 5333 SANCTO
976 5293 1137 5332 ΡῙΛΤΟ
1178 5294 1419 5335 HYMNUS.

262 5438 323 5491 ln
344 5435 554 5492 tellure
586 5436 897 5492 Beneventi
916 5435 1092 5493 claris
1129 5439 1295 5492 ortus
1349 5438 1642 5510 patribus,
1704 5441 1848 5496 illoi‘

194 5525 318 5596 guis
348 5524 584 5582 mundo
607 5524 825 5596 Piatus,
858 5525 1042 5583 sacris
1074 5525 1256 5581 fultus
1285 5526 1575 5585 moribus.

258 5616 385 5677 Mox
413 5630 570 5693 puer
599 5614 900 5676 Christum
930 5616 1239 5693 sequendo
1270 5615 1642 5681 admirandis
1703 5619 1847 5685 nisi-

2034 4497 2337 4557 Elementa
2364 4495 2567 4565 vultus
2584 4492 2936 4565 exhilarant,
2995 4510 3210 4563 omnes
3263 4492 3455 4559 sancti
3504 4490 3621 4551 clas

1962 4589 2199 4651 mentes
2226 4583 2509 4656 juhilant.

2037 4676 2206 4743 Salve
2236 4673 2579 4743 clamando,
2608 4689 2846 4748 nosque
2871 4673 3058 4742 salva,
3093 4670 3310 4739 Deitas.
3332 4670 3396 4729 in
3409 4680 3619 4743 persoo

1960 4765 2056 4837 nis
2086 4765 2241 4837 trina
2271 4762 2527 4838 siinplex
2554 4763 2824 4831 excusia.

2742 4881 2828 4933 IV.

2448 4983 2673 5025 HYINUS
2708 4983 2777 5023 ΒΕ
2812 4981 3119 5024 ῙἮΙΝΙΤΑΤΕ.

2028 5084 2291 5141 Verbum
2322 5083 2424 5141 Dei
2455 5082 2860 5156 Spir-itumque
2883 5079 3089 5150 legifer
3116 5079 3178 5137 in
3225 5078 3459 5155 Genesi,
3508 5094 3613 5136 rex

1958 5173 2147 5230 David
2178 5173 2446 5230 secundo
2468 5172 2706 5247 psalmo
2732 5175 2871 5245 post
2896 5170 3192 5229 tricenum
3240 5168 3469 5239 cecinit,
3526 5167 3611 5227 sic

1955 5264 2207 5334 uterque
2237 5263 2577 5318 Trinitatem
2601 5259 2843 5317 unitatis
2862 5259 3145 5333 prodidit.

2030 5349 2300 5423 Sapiens,
2352 5367 2490 5406 cum
2547 5349 2811 5421 genitore
2858 5353 3066 5408 sancto
3128 5366 3259 5420 suo,
3303 5349 3608 5422 Salomon,

1956 5455 2133 5513 piane
2156 5439 2343 5496 verbo
2362 5440 2702 5511 declaravit,
2730 5456 2859 5497 esse
2888 5444 3008 5501 Deo
3066 5440 3295 5513 Filium,
3348 5441 3609 5499 Verbum

1956 5529 2177 5588 scilicet
2194 5533 2505 5599 internum,
2537 5530 2716 5588 corde
2737 5531 2864 5603 ejus
2887 5531 3176 5602 genitum.

2026 5621 2211 5699 Moysi
2265 5625 2323 5681 et
2362 5620 2529 5682 Isaias
2574 5620 2707 5685 testi
2746 5624 2836 5683 est
2889 5622 3417 5707 Psalmographus,
3462 5620 3605 5706 quia.
