3996 6176
391 119 492 172 343

1440 117 1494 172 s.
1535 71 1882 172 FULBERTI.
1909 109 2385 170 CARNOTENSIS
2425 109 2754 168 EPISCOPI.

3708 111 3821 166 344

389 239 562 297 Filius
593 257 731 297 cum
759 243 923 296 Patre
956 243 1111 296 Deus
1145 243 1234 294 est
1290 242 1347 295 et
1385 237 1696 306 Dominus,
1755 237 1836 293 nil
1882 235 2044 292 enim
2082 237 2129 290 A
2157 233 2380 301 ingenii
2409 237 2643 289 motum
2673 249 2783 289 nec
2817 233 3023 289 levitas
3055 233 3421 306 praecipitem
3451 236 3670 302 ageret,
3702 248 3822 289 nec

387 333 553 386 Patre
585 332 702 384 Deo
736 328 998 397 gignitur
1023 327 1136 383 nisi
1165 332 1336 384 Deus.

460 423 645 474 Deum
669 417 976 472 hominem
999 417 1266 474 futurum
1293 433 1444 484 esse,
1479 417 1630 473 sicut
1653 416 1886 481 exstitit,
1911 418 2047 487 post

385 507 760 564 Psalmistam
794 507 974 563 Isaias
1005 507 1234 581 liquido
1264 507 1577 581 perdocuit
1606 526 1619 577 ;
1674 504 2045 580 dispensatio

385 597 635 652 salutem
661 596 762 653 illa
787 597 964 653 nobis
993 598 1196 654 edidit.

457 686 749 758 Quodque
777 690 933 742 Deus
966 688 1304 743 nasciturus
1343 703 1490 755 esse,
1545 692 1733 742 matre
1790 685 2044 756 Virgine,

383 773 546 829 idem
573 779 708 830 ante
740 775 1070 833 Gabriclem
1097 778 1300 848 jussus
1357 782 1445 834 est
1490 775 1814 850 praedicere
1849 791 1862 841 ;
1915 769 2044 826 talis

388 877 570 933 porro
599 863 769 918 decet
798 867 964 919 ortus
993 871 1297 921 auctorem
1325 865 1652 920 munditiae.

462 951 783 1020 Legislator
800 953 1124 1026 Danielque
1143 958 1496 1010 notaverunt
1514 952 2048 1023 terminum,quan-

388 1038 467 1094 do
499 1041 619 1095 Rex
648 1044 936 1095 venturus
969 1047 1512 1116 essetexspcctatus
1541 1041 1807 1111 gentium
1838 1057 1849 1095 :
1878 1039 1928 1095 is
1949 1053 2048 1093 ne-

388 1127 612 1197 glectus
640 1128 898 1200 perdidit
927 1130 1084 1186 male
1113 1132 1409 1205 populum
1440 1130 1776 1186 Judaicum.

470 1219 785 1272 Summum
810 1234 1013 1289 regem
1041 1219 1387 1276 adfuturum
1418 1236 1746 1293 pauperem
1774 1223 1830 1275 et
1857 1217 2051 1274 humi-

384 1303 504 1359 lem
526 1305 784 1360 ostendit
813 1308 1106 1378 propheta
1133 1307 1307 1380 quasi
1322 1308 1453 1379 jam
1482 1307 1796 1375 visibilem,
1830 1304 2050 1362 corruit

389 1391 684 1464 superbus
718 1393 901 1448 hostis
929 1400 1065 1450 ante
1097 1396 1269 1466 cujus
1304 1397 1539 1453 faciem.

1187 1487 1250 1540 V.

477 1585 528 1624 1N
569 1585 738 1625 FESTO
780 1587 974 1627 SANCTI
1014 1590 1199 1629 EGIDII
1240 1591 1492 1642 ABBATIS,
1535 1591 1605 1630 AD
1645 1588 1961 1629 MATUTINL'M

429 1723 462 1752 .
524 1747 540 1752 _
1007 1678 1428 1720 INYITATORIUM.

455 1747 794 1804 'Adoramus
821 1766 1025 1819 regem
1053 1752 1230 1808 totius
1261 1753 1542 1808 bonitatis
1569 1756 1896 1818 auctorem,
1943 1749 2049 1824 qui

388 1842 667 1893 sanctum
698 1839 1006 1909 zEgidium
1034 1847 1285 1898 exornat
1315 1847 1371 1898 et
1397 1843 1601 1912 gratiae
1628 1842 1826 1909 donis,
1860 1845 1917 1897 et
1956 1842 2049 1912 ju-

386 1924 553 1981 stitiae
581 1927 862 1999 praemiis.

1169 2012 1252 2066 Vl.

647 2113 700 2151 ΙΝ
741 2113 1034 2155 ΜΑΤυΤῙΝΙΞ
1073 2115 1343 2157 LAUDIBIZS
1384 2115 1778 2157 RESPONSORIA.

457 2184 777 2241 Dominum
811 2203 1048 2259 semper
1074 2191 1129 2244 et
1155 2188 1376 2262 ubique
1407 2193 1779 2258 regnantem,
1811 2189 1872 2244 in
1905 2204 2044 2245 san-

383 2278 476 2330 cto
509 2291 618 2330 suo
648 2275 876 2345 zEgidio
908 2277 1228 2333 miriﬁcum
1250 2277 1666 2350 praedicemus.
1712 2279 2042 2335 Jubilemus

386 2366 505 2419 Deo
537 2365 974 2435 gratulantibus
1005 2367 1241 2438 animis,
1277 2369 1378 2441 qui
1410 2373 1733 2441 patronum
1769 2375 2042 2425 nostrum

384 2452 691 2522 IEgidium
747 2453 1049 2511 decoravit
1096 2457 1284 2524 gratia
1341 2458 1690 2514 sanctitatis.
1744 2462 1920 2530 Deus,
1981 2463 2045 2514 ut

384 2541 629 2596 tandem
659 2557 772 2597 nos
800 2543 1114 2612 vigilantes
1139 2543 1433 2613 invenias,
1481 2545 1646 2602 chari
1697 2546 1778 2603 tui
1833 2547 2043 2618 zEgidii

381 2629 556 2686 nobis
587 2632 797 2688 merita
827 2633 1246 2703 sutfragentur.
1272 2635 1624 2691 Benedictus
1653 2635 1726 2693 sit
1742 2636 2044 2694 universa-

380 2717 450 2773 lis
505 2720 816 2790 Dominus,
884 2738 1067 2795 quem
1115 2723 1330 2779 beatus
1379 2724 1698 2782 nobiscum
1745 2725 2044 2783 benedicit

381 2807 664 2878 Egidius.
701 2813 854 2865 Laus
869 2811 1144 2882 jucunda
1169 2817 1409 2870 resonet
1435 2816 1553 2870 Deo
1597 2814 1732 2870 vivo
1785 2818 1844 2871 et
1897 2831 2040 2871 vero

380 2895 442 2950 in
497 2897 685 2952 sancti
742 2898 834 2952 sui
879 2899 1090 2969 Egidii
1139 2901 1443 2957 miraculis
1503 2902 1764 2972 gloriosi.
1828 2904 2039 2960 Sancte

382 2983 688 3040 confessor
717 2989 774 3040 et
794 2990 1042 3058 patrone
1076 2992 1277 3045 noster
1301 2989 1509 3060 Egidi,
1534 3007 1641 3064 per
1666 2992 1838 3063 cujus
1860 2993 2038 3049 meri-

381 3076 440 3127 ta
469 3072 789 3129 Dominum
816 3075 1242 3148 gloriﬁcamus,
1282 3079 1446 3151 apud
1472 3079 1643 3136 illum
1699 3097 1810 3154 pro
1864 3081 2038 3138 nobis

383 3165 435 3216 te
465 3161 826 3219 intercedere
855 3165 1204 3222 sentiamus.
1247 3168 1661 3225 Benedicimus
1683 3173 1758 3240 te,
1787 3171 2042 3227 clemen-

379 3250 603 3306 tissime
634 3254 809 3322 Deus,
842 3254 947 3326 qui
996 3254 1158 3311 diem
1211 3256 1432 3312 festum
1480 3257 1642 3315 beati
1706 3259 1926 3330 Egidii
1975 3260 2037 3315 in

373 3338 618 3396 laudem
671 3348 838 3398 tuam
895 3343 1072 3400 nobis
1123 3347 1459 3419 expendere
1522 3347 1798 3419 tribuisti,
1863 3353 2038 3422 teque

377 3429 722 3502 suppliciter
751 3447 1073 3487 exoramus
1095 3439 1160 3490 ut
1190 3436 1412 3490 sanctis
1461 3437 1575 3492 tuis
1601 3436 1826 3509 quibus
1849 3437 2040 3494 hono-

373 3516 726 3573 riﬁcentiam
753 3519 1128 3589 exhibemus,
1161 3524 1372 3580 virtute
1404 3541 1473 3581 ac
1521 3525 1771 3598 praemio
1823 3527 2038 3584 sociari

373 3619 732 3661 mereamur.

1150 3702 1261 3756 VH.

761 3802 939 3844 PROSA
980 3804 1044 3843 ΕΤ
1086 3805 1212 3844 ALIA
1253 3806 1651 3849 RESPONSORIA.

450 3872 703 3929 Sanctus
726 3875 988 3946 /Egidius
1012 3879 1252 3935 natione
1298 3883 1536 3938 Graecus
1569 3883 1873 3956 praeclaris
1926 3901 2034 3958 pa-

370 3961 640 4017 rentibus
673 3964 966 4036 originem
1014 3967 1202 4039 duxit,
1235 3986 1487 4044 corpore
1542 3973 1748 4030 valens
1794 3979 1851 4030 et
1897 3991 2035 4032 acer

368 4050 624 4120 ingenio.
661 4054 921 4112 Feliciter
949 4057 1190 4114 adultus
1212 4065 1298 4116 est
1339 4077 1409 4117 ac
1466 4061 1784 4120 liberaliter
1834 4065 2032 4120 erudi-

370 4141 482 4192 tus.
511 4144 791 4198 lnrcrum
813 4161 1056 4218 quoque
1087 4150 1468 4220 possessinne
1499 4168 1620 4208 non
1651 4153 1866 4221 tenuis,
1927 4155 2030 4210 sed

2152 322 2379 378 desidia
2408 323 2669 388 tardum,
2704 323 2881 378 docto
2912 322 3090 378 docili
3119 339 3363 395 quoque
3391 337 3578 394 puero
3625 321 3823 391 gratia

2155 411 2255 466 Dei
2281 427 2404 467 non
2435 411 2640 478 defuit,
2666 411 2851 467 vitam
2879 412 3008 483 ejus
3037 411 3202 466 omni
3232 427 3472 467 morum
3505 410 3825 466 honestate

2153 500 2611 556 commendans.
2635 503 2767 556 Jam
2792 501 3042 574 jamque
3087 499 3228 555 foris
3276 498 3634 555 scintillabat
3665 498 3826 554 indi-

2155 589 2279 653 ciis,
2335 607 2626 646 succensa
2674 590 2838 646 velut
2891 590 3127 663 lampas
3181 589 3502 646 charitatis.
3581 591 3824 645 Vestem

2155 689 2315 742 aegro
2339 674 2579 730 cuidam
2608 675 2992 740 mendicanti,
3027 692 3150 749 qua
3171 691 3289 730 non
3320 674 3624 747 superﬂua
3661 678 3823 742 tege-

2154 763 2350 834 batur,
2379 764 2657 837 quamvis
2687 764 2886 821 adhuc
2944 765 3255 837 paedagogi
3296 763 3650 820 sententiam
3702 762 3817 818 sibi

2155 853 2480 910 aestimaret
2509 854 2973 921 formidabilem,
3007 855 3190 911 dedit.
3251 853 3478 910 Prodiit
3514 852 3818 925 extemplo

2156 943 2464 1015 quoddam
2495 937 2886 1000 memorabile
2919 944 3180 1014 signum,
3211 947 3376 1016 quod
3434 947 3620 1000 Deum
3659 942 3819 1012 ΙΕςὶ-

2156 1031 2256 1088 dio
2279 1033 2589 1104 cooperari
2612 1039 2986 1106 compertum
3009 1037 3118 1088 est.
3155 1037 3324 1100 Nam,
3365 1036 3430 1088 ut
3483 1048 3642 1103 {eger
3691 1032 3820 1088 atti-

2158 1122 2240 1191 git
2263 1121 2530 1178 oblatam
2562 1122 2673 1178 sibi
2699 1128 2950 1196 vestem,
3005 1121 3185 1179 simul
3233 1123 3453 1194 recepit
3499 1121 3817 1196 pristinam

2157 1211 2489 1268 sanitatem.
2529 1213 2878 1269 Parentibus
2933 1217 3132 1268 autem
3185 1211 3244 1268 in
3297 1227 3444 1284 pace
3498 1210 3814 1280 defunctis,

2155 1301 2499 1374 patrimonii
2530 1303 2623 1358 sui
2673 1302 2970 1359 Christum
2998 1301 3132 1358 fecit
3181 1301 3502 1368 haeredem,
3556 1299 3818 1356 mirabili

2157 1390 2340 1445 modo
2388 1392 2783 1463 pauperando
2843 1391 3156 1458 ditescens,
3205 1391 3352 1446 dum
3394 1389 3816 1463 temporalium

2156 1480 2477 1553 impendiis
2507 1485 2728 1538 aeterna
2750 1482 3031 1538 lucratur.
3066 1487 3136 1538 At
3162 1481 3467 1538 ubisancti
3493 1481 3603 1536 viri
3627 1481 3817 1536 virtus

2083 1592 2129 1647 Β
2157 1585 2281 1642 prae
2308 1570 2723 1642 magnitudine
2773 1588 2882 1628 sua
2909 1571 3088 1629 latere
3118 1588 3239 1628 non
3296 1571 3507 1644 potuit,
3555 1571 3820 1627 conﬂue-

2154 1660 2300 1716 bant
2330 1660 2594 1733 plurimi,
2629 1661 2897 1734 corporis
2929 1662 3265 1735 animaeque
3292 1660 3583 1718 beneﬁcia
3612 1665 3819 1733 postu-

2154 1749 2364 1806 lantes.
2392 1754 2505 1807 Nec
2536 1767 2698 1818 vero,
2726 1750 2830 1806 ubi
2862 1751 3036 1808 dator
3072 1751 3274 1808 hilaris
3306 1756 3361 1808 et
3385 1749 3550 1824 quod
3571 1749 3817 1806 daretur

2154 1838 2398 1894 abunde
2429 1855 2548 1894 non
2608 1839 2833 1906 aderat,
2891 1857 3000 1895 suo
3043 1857 3292 1896 munere
3351 1838 3810 1895 frustrabantur.

2156 1929 2425 2000 Cumque
2451 1928 2600 1985 mira
2623 1929 3052 1998 gestalaudum
3073 1929 3374 2002 praeconia
3397 1931 3809 2002 sequerentur,

2154 2017 2304 2072 mari
2338 2016 2585 2073 transito
2612 2017 2872 2073 natalem
2905 2018 3192 2075 Graeciam
3223 2035 3332 2074 sua
3370 2017 3687 2092 praesentia
3734 2017 3816 2072 vi-

2154 2104 2380 2174 duavit,
2410 2105 2720 2162 incautum
2755 2122 2884 2162 esse
2910 2106 3196 2178 judicans
3225 2106 3366 2162 levis
3396 2105 3572 2161 famae
3621 2105 3817 2178 pretio

2153 2195 2503 2251 thesaurum
2533 2193 2708 2252 bonae
2737 2197 3112 2254 conscientiae
3142 2197 3471 2264 venditare,
3520 2195 3576 2251 in
3624 2195 3818 2251 natali

2150 2301 2532 2358 permanens.
2558 2285 2815 2342 Mirabile
2844 2287 3091 2360 quidem
3113 2291 3200 2343 est
3233 2291 3461 2360 quanto
3491 2285 3549 2341 in
3583 2301 3652 2340 eo
3676 2301 3815 2340 suc-

2151 2374 2399 2430 creverit
2424 2375 2810 2448 parcimoniaa
2852 2377 3059 2444 virtus,
3106 2393 3244 2433 cum
3302 2375 3490 2432 multo
3543 2379 3814 2448 tempore

2152 2463 2230 2519 ab
2277 2463 2466 2536 ipsius
2505 2481 2750 2538 quoque
2804 2466 2977 2538 panis
3028 2465 3590 2522 abstineretedulio.
3643 2465 3810 2520 Unde

2149 2551 2321 2610 facile
2374 2558 2538 2627 patet
2595 2571 2734 2610 eum
2791 2571 2899 2611 nec
2929 2554 3330 2628 pulmentaria
3372 2570 3482 2610 nec
3528 2553 3812 2626 quaslibet

2151 2643 2305 2713 gulae
2326 2643 2694 2700 irritamenta
2716 2651 3084 2719 quaerentem
3133 2645 3209 2701 ad
3253 2659 3515 2719 superna
3542 2642 3810 2700 evolasse

2148 2747 2354 2809 regna.

2913 2825 3047 2881 VIII.

2601 2929 2780 2970 PROSA
2822 2931 2887 2970 DE
2926 2931 3055 2972 DIVO
3095 2932 3357 2972 MARTINO.

2221 3005 2374 3058 Inter
2402 3005 2599 3060 Patres
2655 3005 3030 3062 monachalis
3073 3005 3167 3061 vel
3214 3004 3501 3061 clericalis
3550 3003 3806 3074 ordinis,

2146 3091 2374 3148 virtulis
2400 3092 2746 3150 excellentia
2775 3095 3053 3151 Martinus
3075 3094 3373 3151 notabilis.
3406 3097 3530 3150 Non
3555 3092 3813 3166 quilibet

2146 3181 2220 3237 de
2251 3181 2544 3254 pluribus,
2579 3183 2684 3239 sed
2730 3183 2824 3239 ille
2855 3184 3172 3240 solitarius.
3202 3184 3396 3239 Primo
3426 3182 3640 3238 deinde
3698 3185 3811 3238 Tu-

2145 3271 2364 3327 ronicaa
2391 3271 2610 3344 praesul
2639 3278 2928 3346 paterque
2948 3273 3174 3346 patriae.
3210 3273 3432 3329 Diserta
3463 3288 3642 3345 quem
3660 3288 3808 3344 pru-

2147 3359 2369 3427 dentia,
2401 3361 2691 3434 fortisque
2713 3363 3130 3435 temperantia,
3154 3362 3300 3436 quin
3334 3363 3613 3418 universa
3662 3377 3807 3416 san-

2147 3449 2316 3506 ctitas
2342 3451 2594 3521 ornavit,
2626 3452 2741 3508 hoc
2771 3456 2878 3519 est,
2903 3453 3178 3510 Charitas.
3214 3454 3267 3507 Is
3318 3451 3566 3526 pauperi
3616 3467 3808 3524 quam

2145 3541 2374 3608 dividit,
2401 3558 2465 3598 se
2494 3547 2656 3598 veste
2687 3543 2951 3600 Christus
2976 3544 3188 3610 induit,
3211 3544 3366 3599 dans
3402 3543 3576 3612 signa
3625 3547 3807 3598 tantae

2145 3629 2350 3700 gratiae
2373 3631 2634 3687 necdum
2660 3637 2867 3689 renato
2895 3647 3155 3689 cernere.
3185 3635 3314 3689 Mox
3344 3631 3506 3688 fonte
3547 3630 3677 3686 caeli
3706 3646 3808 3686 ro-

2145 3718 2310 3775 scido
2342 3723 2548 3777 sancto
2578 3719 2838 3794 repletus
2867 3721 3104 3795 Spiritu,
3164 3721 3424 3794 divoque
3479 3719 3658 3775 fretus
3699 3735 3811 3775 nu-

2143 3808 2324 3876 mine,
2349 3813 2404 3866 et
2431 3813 2495 3866 ut
2523 3815 2736 3882 potens
2762 3811 3103 3885 Apostolus,
3136 3811 3400 3868 confutat
3430 3816 3589 3867 ortas
3619 3810 3810 3866 haere-

2145 3913 2260 3965 ses,
2287 3898 2461 3968 jussu
2487 3898 2716 3971 repellit
2734 3900 3060 3966 daemones,
3096 3901 3368 3957 medetur
3390 3900 3570 3974 leprae
3625 3917 3805 3956 oscu-

2140 3986 2220 4053 lo,
2255 3989 2311 4042 et
2338 3986 2588 4042 mortuis
2620 3989 2909 4060 precario.
2968 3990 3080 4056 Qui
3129 3989 3265 4061 igne
3319 3994 3490 4063 rapto
3548 3989 3806 4060 coalitus,

2141 4091 2438 4132 cremasse
2463 4075 2605 4133 fana
2633 4077 2925 4147 funditus,
2958 4095 3285 4152 gravesque
3337 4078 3524 4135 moles
3580 4095 3688 4151 per
3738 4080 3806 4134 ﬁ-

2139 4164 2299 4235 dem,
2328 4166 2488 4222 hunc
2506 4167 2878 4224 transtulisse
2908 4169 3224 4242 praedicem
3250 4170 3276 4224 ?
3335 4169 3575 4225 Dedisse
3627 4169 3805 4224 cmcis

368 4234 670 4333 {n‘gemem
700 4233 1211 4333 copiamPrQVlda
1235 4237 1482 4309 largitas
1541 4242 1826 4333 θιζοεᾶνίί-
1881 4243 2029 4300 Hinc
2091 4254 2354 4333 nsidera,
2388 4258 2604 4313 sentire
2635 4258 2832 4314 surdis
2857 4275 3108 4330 organa,
3137 4259 3437 4332 mutisque
3471 4260 3803 4333 praecinen-

366 4314 520 4371 inter
547 4335 837 4393 prospera
857 4323 1162 4398 voluptate
1193 4343 1314 4384 non
1340 4334 1429 4386 est
1456 4331 1771 4397 resolutus,
1803 4349 1913 4390 nec
1942 4334 2028 4390 in-

2178 4305 2354 4323 ._--_,
2388 4305 2602 4313 --.ηυγ
2636 4305 2832 4314 -..μην
2860 4305 3108 4330 “om”,
3137 4305 3437 4332 ...-....,.,..V
3472 4305 3777 4333 pws-..“

2183 4345 2322 4417 bus,
2355 4351 2596 4419 aptasse
2622 4347 2870 4404 claudos
2895 4349 3143 4404 saltibus
3174 4349 3202 4404 ?
3228 4351 3381 4415 Quot
3402 4349 3648 4418 gesserit
3699 4350 3807 4404 hu-

366 4408 455 4459 ter
483 4423 698 4480 aspera
759 4426 794 4466 a
847 4412 1088 4470 diabolo
1145 4421 1233 4471 est
1262 4424 1600 4490 superatus.
1636 4421 1923 4493 lnediam,
1957 4423 2029 4478 si-

367 4494 492 4562 tim,
526 4497 760 4567 algores
783 4505 839 4557 et
858 4501 1110 4573 vigilias,
1134 4522 1245 4578 pro
1274 4509 1484 4565 Christi
1517 4525 1725 4567 amore
1782 4512 2025 4570 delicias

362 4589 770 4660 computabat.
805 4590 1061 4649 Affectus
1092 4595 1341 4666 injuriis,
1391 4603 1446 4654 et
1499 4591 1754 4670 graviter
1799 4604 2027 4662 saucia-

360 4679 480 4746 tus,
512 4676 916 4747 aﬂligentibus
947 4699 1008 4739 se
1037 4683 1477 4758 deprecabatur
1511 4689 1773 4747 veniam.
1809 4693 2022 4750 Crede-

357 4762 495 4854 bat,
514 4767 681 4839 quod
720 4769 1010 4830 didicerat
1039 4790 1074 4829 a
1103 4791 1246 4831 vero
1277 4777 1588 4849 magistro,
1623 4778 1681 4836 in
1734 4781 2020 4854 patientia

356 4853 601 4910 tandem
627 4857 860 4914 animas
887 4861 1199 4933 possideri.
1232 4865 1446 4922 Virtute
1477 4867 1676 4940 itaque
1703 4853 1907 4926 vectus
1938 4873 2018 4929 ad

354 4941 654 5015 sublimia,
681 4949 1032 5006 sacerdotali
1062 4953 1278 5008 meruit
1301 4953 1490 5012 infula
1515 4956 1805 5016 decorari.
1860 4961 2016 5018 Obti-

349 5031 480 5085 nuit
499 5033 659 5088 enim
691 5035 838 5094 illud
870 5040 1179 5114 sapientis,
1207 5045 1375 5117 quod
1405 5045 1465 5102 in
1497 5050 1766 5121 tempore
1791 5049 1892 5109 irae
1922 5051 2012 5112 fa-

351 5121 480 5174 ctus
509 5126 596 5178 est
620 5128 1044 5188 reconciliatio.

422 5206 630 5309 {fidelis
653 5214 872 5309 Christi
897 5221 1205 5280 confessor
1232 5225 1516 5302 JEgidius,
1549 5245 1765 5301 genere
1787 5233 2005 5309 clarus,

347 5294 747 5396 sedscientia,
777 5305 991 5366 virtute
1019 5315 1077 5368 et
1104 5330 1284 5387 opere
1307 5294 1512 5390 longe,
1547 5294 1729 5382 clario
1761 5294 2000 5384 exstitit:

346 5386 580 5484 tegitur
598 5391 843 5463 quidem
870 5400 1034 5470 regia
1061 5386 1239 5477 stirpe
1266 5386 1450 5466 fuisse
1471 5413 1838 5483 progenitus.
1887 5418 2002 5474 Sed

339 5473 434 5576 hic
463 5493 587 5576 aevo
610 5484 790 5552 tener,
825 5487 904 5543 ad
950 5473 1218 5550 liberalia
1250 5473 1619 5557 rudimentav
1647 5501 1993 5576 dispositus,

336 5563 611 5626 doctores
638 5588 910 5635 summos
932 5578 1102 5641 brevi
1119 5585 1530 5659 mquiparavit.
1560 5593 1711 5648 Dum
1737 5563 1995 5666 potentis

2129 4435 2395 4506 jusmodi
2428 4437 2858 4495 miraculorum
2891 4439 3096 4507 millia,
3130 4439 3280 4510 fugit
3319 4439 3493 4510 ligari
3541 4439 3799 4507 calculo,

2132 4525 2292 4581 velut
2325 4525 2572 4584 saburra
2599 4528 2861 4600 pontica.

2914 4634 2998 4687 IX.

2628 4749 2693 4790 DE
2733 4749 2942 4790 SANCTO
2982 4751 3292 4791 LAMBERTO.

2197 4836 2409 4906 Magna
2437 4851 2552 4892 vox
2570 4835 2750 4893 laude
2773 4853 2992 4894 sonora
3019 4841 3075 4894 te
3101 4837 3270 4894 decet
3289 4855 3396 4912 per
3426 4839 3794 4912 omnia,quo

2122 4924 2245 4996 poli
2295 4925 2513 4982 chorea
2544 4930 2720 4983 aucta
2744 4926 2846 4983 tali
2873 4943 3178 5000 compare,
3244 4935 3398 4985 terra
3445 4929 3683 5002 plaudit
3736 4934 3795 4985 et

2121 5013 2368 5070 resultat
2393 5014 2577 5085 digna
2607 5019 2772 5071 tanto
2823 5016 3096 5088 praesule.
3152 5019 3194 5075 0
3253 5034 3422 5074 sacer
3476 5019 3792 5074 Lamberte

2121 5107 2370 5177 martyr,
2397 5107 2540 5160 vota
2563 5110 2769 5162 nostra
2800 5105 3058 5179 suscipe.

2918 5224 2980 5278 X.

2792 5341 2900 5382 PRO
2939 5341 3098 5383 REGE.

2186 5426 2411 5493 Regum
2431 5423 2709 5496 princeps
2732 5426 2913 5496 atque
2940 5423 3144 5491 virtus,
3187 5423 3362 5494 cujus
3404 5427 3550 5479 nutu
3570 5424 3790 5480 mundi

2113 5511 2336 5567 malum
2350 5517 2702 5584 gyrat,tcrra
2716 5512 3373 5585 perstat,disponuntur
3385 5515 3604 5568 saecula
3625 5530 3638 5568 :
3658 5513 3786 5584 regi

2115 5595 2372 5658 Roberto
2389 5601 2530 5654 nato
2545 5596 2726 5670 stirpe
2744 5595 3138 5665 nobilissima,
3159 5596 3240 5655 sic
3255 5595 3506 5655 domare
3550 5596 3659 5654 des
3687 5614 3791 5653 su-
