4018 6176
230 125 334 179 345

1303 118 1519 178 HYMNI
1558 121 1643 176 ET
1684 121 2015 179 CARMINA
2055 122 2638 185 ECCLESIASTICA.

3630 139 3733 196 34-6

224 246 458 322 perbos
488 248 548 301 et
572 244 856 317 subjectis
882 260 1142 317 parcere,
1172 249 1239 302 ut
1262 246 1357 303 hic
1383 258 1651 316 regnans
1680 241 1908 312 glorio-
1934 244 1975 297 A
2021 246 2142 299 Aut
2166 244 2328 300 bene
2361 248 2746 320 complacitae
2775 257 2994 326 captus
3023 250 3259 308 virtutis
3282 269 3511 310 amore.

225 354 330 393 sus
357 335 684 410 quondam
713 334 872 391 vivat
895 333 957 389 in
986 335 1217 392 aethere.

1026 454 1108 507 ΧΙ.

796 557 863 596 DE
901 557 1075 597 ΒΕΛΤΛ
1113 557 1359 601 YIRGINE.

219 632 431 691 Solem
455 630 705 703 justitiae
730 633 955 699 Regem
981 629 1248 702 paritura
1278 646 1656 704 supremum,

214 721 405 779 Stella
430 720 615 778 Maria
643 719 834 776 moris
867 717 1047 774 hodie
1075 720 1370 792 processit
1398 720 1479 777 ad
1508 723 1745 775 ortum:

216 811 482 867 Cernere
512 808 790 866 divinum
819 807 1025 864 lumen
1057 809 1307 879 gaudete
1334 808 1565 866 ﬁdeles.

986 906 1159 976 Resp.

216 996 416 1070 Stirps
446 997 620 1052 Jesse
648 995 858 1066 vigam
884 993 1190 1068 produxit,
1222 995 1535 1070 virgatque
1565 994 1784 1052 florem

214 1088 285 1143 Et
310 1102 501 1160 super
529 1086 695 1142 hunc
721 1086 935 1141 ﬂorem
960 1085 1284 1156 requiescit
1315 1085 1568 1159 Spiritus
1599 1084 1803 1141 almus
1828 1103 1842 1154 ;

211 1175 396 1245 Virgo
429 1174 531 1230 Dei
556 1172 811 1245 genitrix
838 1171 1002 1242 virga
1027 1177 1144 1240 est,
1171 1172 1281 1229 ﬂos
1300 1173 1461 1230 ﬁlius
1491 1173 1644 1244 ejus.

978 1260 1167 1331 Resp.
1700 1270 1705 1279 ’

211 1353 308 1409 Ad
334 1356 563 1410 nutum
592 1351 836 1407 Domini
864 1352 1146 1406 nostrum
1178 1351 1419 1408 ditantis
1448 1352 1769 1422 honorem,

216 1449 383 1506 Sicut
412 1449 595 1523 spina
623 1464 853 1516 rosam,
886 1447 1097 1517 genuit
1126 1448 1293 1504 Judaa
1324 1449 1589 1515 Mariam,

216 1542 287 1595 Ut
316 1538 535 1595 vitium
561 1538 754 1595 virtus
781 1536 1062 1611 operiret,
1098 1538 1289 1608 gratia
1316 1538 1582 1611 culpam.

1008 1655 1124 1709 XII.

812 1758 893 1798 DE!
919 1758 1102 1799 SANTA
1143 1759 1331 1799 CRUCE.

214 1832 517 1890 Vexillum
544 1830 707 1902 regis
735 1830 1084 1887 venerabile
1115 1836 1329 1887 cuncta
1360 1834 1642 1902 regentis,

222 1924 268 1979 Ο
300 1938 450 1977 crux
476 1924 709 1987 sancta,
743 1919 980 1975 micans
1012 1936 1194 1993 super
1216 1921 1425 1977 omnia
1454 1921 1655 1979 sidera
1681 1922 1833 1997 caeli,

222 2008 515 2067 Mortifera
546 2007 738 2081 lapsis
772 2012 977 2078 gustu,
1009 2024 1146 2080 quae
1171 2008 1299 2065 sola
1328 2014 1605 2082 reportas

215 2098 572 2155 Antidotum
596 2097 752 2166 vitae,
784 2095 1055 2152 fructum
1085 2114 1380 2171 suspensa
1405 2115 1759 2172 perennem,

214 2192 290 2245 Te
321 2188 483 2260 colo,
511 2193 569 2244 te
600 2186 791 2243 fateor
822 2202 1141 2254 venerans,
1168 2191 1221 2242 te
1252 2204 1484 2260 pronus
1516 2188 1724 2246 adoro.

217 2276 507 2348 Christus,
526 2275 921 2349 principium,
954 2273 1110 2341 ﬁnis,
1142 2277 1449 2344 surrectio,
1487 2277 1626 2341 vita,

215 2370 459 2436 Merces,
486 2366 612 2433 lux,
646 2366 908 2439 requies,
935 2370 1280 2423 sanctorum
1305 2366 1493 2437 doxa,
1526 2383 1770 2425 corona.

215 2458 325 2512 Pro
356 2454 549 2512 servis
574 2454 868 2511 Dominus
900 2452 1264 2511 redimendis
1295 2455 1494 2511 hostia
1524 2455 1743 2526 factus,

217 2548 282 2600 In
336 2549 392 2601 te
453 2544 836 2618 suspendens
889 2543 1029 2615 [pro
1078 2545 1454 2617 suspensus],
1511 2560 1620 2617 per
1671 2545 1906 2617 lignum

1506 2633 1731 2704 [toxica
1757 2634 1906 2708 ligni

215 2722 521 2795 Purgavit,
549 2722 769 2779 clausae
801 2721 1133 2779 reserando
1159 2721 1394 2778 limima
1421 2723 1575 2779 vitae.

216 2816 398 2870 Tante
423 2828 571 2886 pars
604 2827 717 2882 ego
747 2827 887 2867 sum
915 2810 1221 2883 libertatis,
1251 2810 1413 2868 bone
1442 2815 1648 2870 Pastor
1672 2833 1685 2883 ;

220 2902 335 2961 Sed
362 2901 553 2972 mala,
583 2917 821 2975 semper
851 2915 1062 2971 agens,
1096 2916 1414 2973 nunquam
1458 2900 1564 2958 tibi
1592 2903 1782 2975 digna
1810 2922 1902 2961 re-

1669 2995 1897 3068 [pendi.

219 3085 339 3139 Heu
362 3081 375 3137 !
408 3079 562 3137 mihi
573 3079 703 3150 jam
717 3078 944 3135 bibulae
971 3093 1295 3135 numerum
1312 3081 1685 3138 transcendit
1701 3099 1899 3140 arenae

220 3170 470 3229 Sarcina
492 3168 845 3237 multorum,
877 3166 1028 3222 mihi
1053 3183 1185 3240 quae
1216 3183 1475 3235 crevere,
1499 3169 1824 3227 malorum.

222 3259 330 3316 Sed
354 3257 508 3331 quia
527 3257 835 3330 peccantis
852 3255 1052 3329 potius
1066 3255 1232 3312 bona
1247 3272 1437 3328 quam
1469 3256 1631 3314 mala
1657 3259 1896 3332 quaeris,

220 3348 480 3421 Plusque
508 3346 615 3402 tibi
645 3350 855 3419 peccat
885 3361 1058 3419 spem
1087 3345 1194 3419 qui
1239 3346 1549 3418 peccando
1591 3348 1897 3423 relinquit,

219 3437 305 3494 Ad
330 3442 389 3494 te
422 3436 727 3506 confugio,
759 3435 866 3493 tibi
893 3435 1171 3511 supplico
1197 3435 1605 3510 conﬁteorque
1630 3457 1644 3508 ;

222 3530 423 3597 Parce,
454 3543 689 3602 precor,
718 3527 1007 3583 miserere
1034 3526 1176 3595 mei,
1199 3526 1481 3582 miserere
1511 3544 1810 3597 meorum,

223 3617 498 3674 Defuncti
528 3616 633 3688 qui
662 3619 820 3685 sunt,
845 3618 902 3670 et
943 3613 1006 3669 in
1034 3614 1173 3683 hoc,
1204 3612 1313 3686 qui
1340 3613 1491 3682 luce,
1525 3621 1848 3687 parentum
1880 3636 1894 3674 :

221 3706 329 3771 Qui
362 3705 534 3759 bona
561 3702 844 3771 fecerunt,
870 3702 964 3758 his
986 3718 1097 3776 per
1123 3706 1177 3759 te
1199 3701 1479 3774 centupla
1507 3703 1714 3774 redde,

220 3790 351 3862 Qui,
377 3789 544 3846 mala
568 3794 920 3846 convertens
951 3789 1333 3863 peccamina,
1382 3794 1595 3846 cuncta
1622 3792 1892 3866 remittis,

218 3882 449 3936 Omnes
474 3879 588 3935 hoc
613 3879 786 3949 signo
814 3878 919 3951 qui
948 3883 1005 3935 te
1029 3882 1395 3935 venerantur
1424 3883 1480 3935 et
1506 3886 1683 3938 orant

222 3967 449 4039 Dirige,
477 3971 760 4037 sustenta,
794 3967 1047 4035 custodi,
1082 3971 1351 4038 protege,
1382 3967 1570 4039 salva,

220 4059 315 4113 Da
346 4056 555 4129 procul
585 4073 621 4112 a
646 4056 846 4128 nobis,
879 4056 1056 4113 elatio
1081 4057 1251 4113 sistat
1278 4061 1346 4113 ut
1365 4057 1584 4127 omnis,

218 4147 355 4213 Quo
386 4144 490 4200 tibi
517 4144 797 4200 submissi
819 4144 1170 4221 placeamus
1193 4149 1435 4219 pectore
1466 4161 1640 4218 puro.

216 4239 469 4303 Protege
498 4249 610 4289 nos
635 4233 874 4304 jugiter,
900 4238 1165 4290 ventosae
1194 4233 1392 4290 laudis
1425 4234 1503 4290 ab
1535 4251 1661 4304 ora,

220 4326 287 4379 Et
306 4321 487 4378 nobis
517 4321 733 4392 dignas
765 4320 968 4376 confer
992 4321 1099 4377 tibi
1126 4321 1353 4378 solvere
1385 4327 1601 4393 grates.

219 4411 469 4468 mvidiae
499 4410 801 4466 maculam
831 4410 904 4465 de
929 4410 1231 4466 mentibus
1263 4411 1439 4467 ablue
1470 4412 1711 4482 nostris,

218 4499 555 4557 lnfundens
588 4499 763 4555 nobis
789 4499 991 4569 ignem
1023 4498 1276 4555 caelestis
1305 4501 1527 4557 amoris
1554 4520 1566 4569 ;

219 4590 327 4644 Irae
354 4603 745 4660 compescens
776 4588 1068 4655 stimulos,
1095 4588 1191 4643 fac
1220 4605 1332 4644 nos
1364 4590 1674 4661 patientes,

216 4676 660 4748 Tristitiamque
690 4675 927 4747 fugans,
958 4676 1018 4731 in
1050 4675 1291 4732 damnis
1332 4693 1505 4750 spem
1528 4680 1847 4736 retinentes
1874 4698 1887 4749 ;

219 4765 459 4822 Crimen
487 4764 750 4820 avaritiae
775 4764 952 4820 nobis
981 4763 1146 4820 dona
1171 4764 1494 4835 fugiamus,

218 4857 288 4911 Ut
313 4854 550 4927 pietatis
578 4870 732 4926 opus
754 4852 987 4926 placitae
1019 4853 1123 4909 tibi
1153 4853 1302 4910 ferre
1332 4870 1630 4927 queamus
1657 4873 1669 4924 ;

216 4943 553 5015 Ingluviem
584 4942 803 4999 ventris
836 4959 947 4999 nos
976 4942 1209 4999 vincere
1241 4943 1580 5010 sobrietate,

215 5032 613 5105 Luxuriieque
639 5032 800 5089 luem
826 5036 993 5088 casto
1020 5034 1280 5089 concede
1308 5033 1561 5106 pudore,

214 5124 287 5180 Ut
314 5137 426 5195 per
445 5126 501 5177 te
528 5120 759 5190 mundi,
786 5138 895 5195 per
924 5125 979 5177 te
1006 5137 1247 5196 quoque
1274 5121 1508 5178 viribus
1536 5123 1712 5192 aucti,

211 5213 571 5268 Constanter
595 5211 781 5268 vitam
812 5210 1166 5269 studeamus
1193 5211 1357 5269 adire
1389 5227 1736 5285 supernam.

983 5326 1120 5383 XIII.

646 5433 712 5472 DE
748 5431 972 5484 TIHORB,
1015 5432 1112 5472 SPE
1149 5433 1216 5472 ΕΤ
1255 5432 1461 5474 AMORE.

204 5508 450 5562 Primus
476 5504 554 5561 ab
579 5504 789 5561 illicitis
825 5503 1145 5561 hominum
1178 5520 1241 5559 se
1272 5505 1533 5562 continet
1561 5506 1730 5575 ordo,

203 5599 328 5653 Aut
353 5610 555 5669 patum
578 5598 874 5663 metuens,
905 5596 1012 5651 aut
1037 5593 1326 5666 providus
1355 5594 1769 5685 emolumenti,

2023 333 2137 397 Qui
2170 337 2452 405 spectare
2483 336 2621 394 licet
2648 339 2835 396 ﬁnem
2866 342 3191 397 videantur
3220 343 3297 398 ad
3323 360 3537 415 unum,

2024 423 2096 476 Ut
2124 421 2353 478 vitium
2382 425 2591 497 vitent,
2624 429 2787 485 velut
2816 431 3053 486 exitiale
3079 447 3379 489 venenum
3406 452 3419 499 ;

2020 509 2091 563 In
2117 510 2388 581 paritate
2418 518 2621 572 tamen
2654 519 2847 575 meriti
2876 519 3187 576 discretius
3214 522 3437 578 absunt
3463 540 3476 589 ;

2022 598 2206 653 Unde
2230 614 2346 657 nec
2373 603 2553 661 unitae
2581 607 2830 663 veniunt
2859 609 2939 664 ad
2966 609 3214 681 praemia
3239 612 3476 682 palmae.

2020 685 2280 743 Primus
2315 692 2474 748 enim
2502 695 2735 767 coleret,
2768 698 3012 766 genium
3044 698 3091 752 si
3114 704 3316 769 posset
3340 699 3568 770 inulte;

2023 773 2149 831 Sed
2182 779 2571 838 vehementer
2600 784 2714 840 ait:
2748 786 3000 841 Zelantis
3033 786 3326 843 abhorreo
3358 788 3591 845 vultum

2019 861 2292 934 Judicis,
2321 874 2377 924 et
2399 870 2537 925 dirae
2568 871 2826 929 ﬂammis
2858 875 3067 931 ardere
3097 876 3404 944 gehennae.

2020 955 2209 1009 Anne
2241 960 2539 1014 secundus
2564 961 2721 1017 idem
2753 963 2947 1031 faciat,
2983 965 3029 1019 si
3052 965 3300 1037 praemia
3323 964 3566 1022 desint?

2025 1040 2147 1099 Sed
2177 1045 2343 1116 vigili
2373 1048 2597 1105 ratione
2625 1066 2811 1119 sagax
2838 1052 2986 1107 dum
3013 1054 3233 1123 gaudia
3263 1056 3490 1126 pensat

2021 1134 2199 1204 Vera,
2234 1135 2596 1208 voluptatem
2629 1145 2799 1195 caute
2830 1142 3140 1214 postponit
3166 1142 3440 1210 inertem,

2020 1223 2254 1279 Tertius
2283 1225 2541 1295 ingenue
2570 1228 2767 1283 bonus
2791 1231 3147 1302 egregieque
3178 1231 3435 1285 decorus

2020 1315 2095 1369 Te
2128 1313 2587 1386 contemplatur,
2622 1320 2674 1371 te
2702 1317 2908 1388 diligit,
2940 1334 3123 1374 aurea
3149 1318 3328 1374 virtus
3355 1336 3368 1373 :

2019 1401 2179 1459 Malit
2207 1419 2425 1475 nempe
2454 1404 2626 1472 mori,
2655 1422 2843 1477 quam
2874 1407 3079 1462 vivens
3114 1411 3167 1462 te
3198 1406 3456 1462 Viduari.

2024 1493 2171 1548 Sunt
2200 1492 2379 1561 igitur
2402 1494 2631 1565 species
2662 1511 2734 1549 ex
2762 1496 2977 1551 affectu
3007 1496 3308 1551 venientes

1940 1608 1981 1661 Β
2022 1584 2101 1637 De
2132 1581 2352 1653 quibus
2379 1582 2687 1651 effugiant,
2721 1588 2783 1638 ut
2841 1584 2918 1639 ab
2951 1585 3159 1640 ordine
3187 1584 3489 1657 discrepet
3517 1584 3687 1640 ordo.

2019 1674 2169 1726 Nam
2197 1671 2333 1743 quis
2362 1671 2610 1727 sollicito
2641 1671 2873 1729 dubitet
2902 1674 3175 1745 praeferre
3206 1673 3405 1729 timori

2022 1761 2304 1816 Securam
2336 1760 2466 1832 spei
2485 1761 2755 1832 requiem
2782 1763 2809 1817 ἰ)
2837 1762 2943 1817 sed
2966 1763 3093 1835 ipse
3124 1762 3402 1818 decenter

2019 1851 2089 1904 Ut
2116 1848 2475 1921 praecellenti
2504 1865 2798 1905 venerans
2820 1852 3081 1921 assurgit
3111 1851 3301 1906 amori

2017 1939 2247 1994 Interea
2276 1941 2444 1993 Pater
2472 1938 2737 2011 optimus
2767 1940 2917 2009 haec,
2950 1939 3293 2012 speculatus
3325 1939 3403 1994 ab
3434 1938 3556 1995 alto

2020 2028 2201 2097 Cujus
2226 2027 2438 2097 judicii
2466 2027 2614 2082 nihil
2643 2033 2730 2083 est
2758 2030 2923 2101 quod
2953 2029 3121 2085 fallat
3146 2044 3441 2084 acumen:

2019 2117 2115 2172 Ille
2146 2116 2359 2189 inquit,
2392 2132 2563 2171 meus
2593 2120 2698 2184 est,
2729 2118 3088 2173 vernaculus
3114 2118 3223 2173 iste
3257 2116 3514 2173 satelles.

2020 2209 2151 2262 Haec
2177 2221 2314 2262 mea
2335 2204 2678 2272 conformis,
2708 2223 2846 2263 mea
2868 2206 3255 2262 dilectissima
3285 2205 3501 2278 proles.

2016 2298 2177 2351 Tunc
2206 2294 2382 2350 variis
2412 2293 2635 2349 meritis
2660 2294 2945 2352 distantia
2976 2295 3223 2368 praemia
3252 2295 3502 2364 librans,

2016 2388 2226 2454 Magna
2256 2384 2502 2457 quidem
2527 2384 2723 2455 primo
2754 2385 2977 2455 tribuit,
3006 2385 3239 2455 majora
3270 2384 3556 2453 secundo,

2016 2473 2081 2529 In
2112 2473 2239 2530 solo
2271 2477 2460 2530 totum
2491 2473 2719 2529 confert
2740 2474 3053 2546 probitatis
3081 2474 3294 2529 amico.

2783 2577 2915 2632 XIV.

2508 2698 2572 2737 DE
2612 2698 2793 2737 EADEM
2832 2700 2900 2738 RE
2939 2698 3191 2738 BREVIUS.

2014 2788 2152 2842 Tres
2179 2800 2377 2840 causae
2406 2783 2629 2839 faciunt
2656 2784 2931 2841 homines
2961 2787 3209 2857 peccata
3234 2799 3445 2839 cavere
3470 2802 3483 2839 :

2015 2877 2231 2931 Horror
2260 2872 2554 2946 supplicii,
2589 2888 2726 2944 spes
2755 2874 2991 2941 mercis,
3025 2888 3196 2929 amor
3225 2872 3561 2946 probitatis.

1935 2968 1976 3023 C
2012 2965 2152 3027 Quae
2182 2962 2459 3036 quamvis
2504 2963 2689 3018 ﬁnem
2717 2963 3036 3020 videantur
3066 2962 3307 3018 tendere
3355 2962 3434 3017 ad
3463 2978 3675 3031 unum,

2014 3052 2244 3110 Scilicet
2282 3056 2347 3107 ut
2370 3050 2510 3106 vitio
2553 3057 2815 3120 careant,
2856 3053 3081 3108 distant
3110 3056 3311 3107 tamen
3340 3052 3476 3122 hoc,
3510 3052 3679 3124 quod

2013 3141 2293 3199 Servulus
2324 3144 2380 3196 et
2402 3139 2574 3195 miles
2603 3157 2711 3195 seu
2739 3142 2895 3211 regis
2924 3140 3081 3196 ﬁlius
3117 3159 3129 3208 ;
3163 3140 3330 3213 atqui

2009 3230 2370 3304 Principium
2403 3228 2666 3296 timidus,
2694 3230 2949 3302 cupidus
2989 3229 3172 3284 habet
3212 3230 3674 3298 incrementum,

2010 3319 2243 3376 Virtutis
2271 3324 2459 3375 totam
2485 3334 2789 3374 summam
2816 3318 3084 3374 sincerus
3116 3322 3371 3374 amator.

2007 3414 2080 3465 At
2106 3409 2154 3464 si
2182 3409 2457 3481 proficiat
2487 3408 2662 3464 timor
2687 3407 2750 3462 in
2773 3423 2965 3480 spem,
2996 3424 3134 3479 spes
3162 3409 3222 3462 in
3253 3423 3545 3474 amorem,

2008 3501 2089 3554 De
2122 3514 2321 3554 sermo
2352 3497 2523 3554 miles
2547 3496 2707 3553 venit
2737 3500 2794 3553 et
2818 3496 2893 3552 de
2922 3496 3104 3552 milite
3125 3496 3347 3569 proles.

2006 3587 2229 3644 Probra
2261 3591 2449 3657 cavet,
2479 3586 2575 3642 vel
2613 3587 2804 3656 ﬂagra
2833 3601 3081 3659 pavens,
3133 3585 3225 3642 vel
3248 3584 3501 3658 praemia
3530 3600 3674 3657 cap-

3468 3678 3671 3745 illam.

2005 3766 2106 3821 Vel
2133 3765 2364 3823 virtutis
2394 3780 2607 3822 amans
2632 3783 2646 3833 ;
2679 3764 2923 3828 distant,
2956 3768 3020 3819 ut
3050 3764 3202 3832 calo,
3238 3764 3491 3835 satelles,

2006 3857 2125 3910 Rex
2151 3874 2165 3923 ;
2191 3856 2313 3911 duo
2357 3853 2695 3926 proﬁciunt,
2748 3858 2937 3909 status
2979 3857 3067 3908 est
3092 3852 3217 3919 tibi,
3271 3853 3456 3922 tertie,
3512 3868 3671 3908 sum-

3485 3941 3665 4010 [mus.

2787 4048 2895 4102 XV.

2504 4170 2813 4210 FL'LBERTUS
2856 4171 2920 4208 DE
2960 4169 3170 4209 SElPSO.

2003 4265 2074 4321 Mi
2104 4264 2311 4333 factor,
2344 4279 2479 4318 mea
2510 4262 2651 4331 vita,
2688 4261 2873 4328 salus,
2903 4260 3129 4316 ﬁducia
3159 4262 3310 4333 sola,

2004 4356 2089 4410 Da
2118 4353 2265 4408 mihi
2295 4351 2611 4409 consilium
2641 4355 2697 4406 et
2724 4356 2930 4407 votum
2960 4351 3241 4424 viresque
3275 4350 3585 4425 sequendi,

2001 4443 2334 4511 Ambiguus
2361 4441 2509 4514 quid
2534 4457 2734 4511 agam,
2761 4458 2883 4514 quo
2915 4440 3158 4496 tandem
3191 4441 3309 4496 ﬁne
3336 4441 3663 4514 quiescam:

2001 4537 2150 4589 Nam
2176 4548 2381 4587 vereor
2406 4535 2624 4587 temere
2658 4535 2937 4603 suscepto
2963 4530 3318 4603 pontiﬁcatu

2003 4621 2321 4679 Servandis
2354 4620 2589 4690 ovibus,
2640 4636 2818 4689 mage
2846 4636 3032 4692 quam
3079 4618 3387 4690 prodesse,
3414 4631 3663 4684 nocere;

2000 4712 2192 4785 Atque
2216 4711 2353 4768 ideo
2383 4715 2529 4784 puto
2556 4710 2895 4766 cedendum
2924 4707 3274 4764 melioribus
3300 4723 3447 4763 esse.

2002 4802 2115 4858 Sed
2143 4801 2413 4857 recolens
2457 4800 2625 4873 quod
2672 4816 2796 4855 non
2835 4797 3072 4871 opibus,
3126 4811 3322 4868 neque
3372 4793 3665 4864 sanguine

3435 4882 3662 4953 [fretus,

1999 4979 2334 5036 Conscendi
2366 4977 2732 5043 cathedram,
2762 4990 2993 5048 pauper
3018 4973 3092 5028 de
3118 4971 3294 5027 sorde
3324 4972 3573 5040 levatus,

1995 5067 2260 5124 Arbitror
2288 5069 2403 5123 hoc
2433 5070 2547 5123 ate
2576 5065 2799 5121 factum
2832 5054 2981 5118 sicut
3007 5067 3144 5117 tuus
3176 5066 3267 5117 est
3294 5077 3447 5130 mos,

1993 5160 2109 5214 Nec
2139 5161 2375 5212 mutare
2403 5155 2627 5225 locum,
2653 5153 2769 5209 nisi
2800 5149 3174 5223 signiﬁcaris,
3206 5151 3421 5207 ausim.

1993 5244 2280 5310 Quamvis
2311 5243 2509 5298 illaesa
2540 5244 2783 5297 moneat
2811 5255 2982 5296 mens
3013 5239 3253 5296 conscia
3282 5239 3436 5307 vitae,

1990 5335 2074 5389 Tu
2096 5331 2231 5398 scis,
2260 5334 2463 5386 sancte
2490 5330 2681 5398 Pater,
2737 5328 2884 5400 quid
2914 5327 2988 5384 sit
3028 5326 3136 5384 tibi
3166 5329 3391 5400 gratius
3415 5329 3656 5397 horum,

1996 5419 2323 5490 Utiliusque
2352 5417 2497 5471 mihi
2523 5436 2535 5473 :
2563 5433 2775 5490 precor
2803 5416 2941 5472 inde
2971 5421 3137 5472 tuam
3158 5417 3461 5490 pietatem,

1996 5511 2064 5565 Ut
2097 5506 2246 5562 mihi
2278 5504 2542 5575 digneris
2570 5506 2685 5561 hoc
2714 5504 3004 5577 inspirare
3033 5504 3277 5575 labenti,

1998 5595 2348 5665 Consilium,
2380 5608 2768 5668 praesensque
2793 5593 2965 5664 juves
2990 5593 3069 5654 ad
3098 5594 3553 5666 perﬁciendum.
