4018 6176
343 139 447 196 347

1110 258 1239 312 XVI.

934 380 1061 419 IDEM
1103 380 1167 419 DE
1207 379 1416 419 SEIPSO.

347 498 420 551 Te
445 493 519 549 de
548 489 918 564 pauperibus
941 492 1155 547 natum
1185 488 1449 562 suscepit
1470 488 1757 549 alendum

348 582 633 647 Christus,
668 584 723 639 et
752 578 1119 639 immeritum
1148 578 1230 634 sic
1260 576 1539 639 enutrivit
1569 581 1625 633 et
1654 576 1841 643 auxit,

347 675 417 727 Ut
444 669 663 729 collata
686 668 791 727 tibi
811 669 1057 725 miretur
1082 684 1339 725 munera
1359 667 1649 736 mundus,

347 763 497 819 Nam
521 774 715 833 puero
741 757 945 817 faciles
973 756 1233 830 providit
1271 756 1482 812 adesse
1514 754 1855 825 magistros,

348 852 415 906 Et
432 849 720 920 juvenem
749 847 1026 923 perduxit
1054 845 1271 912 adhoc,
1303 849 1367 901 ut
1394 845 1712 917 episcopus
1738 859 1922 901 esses.

350 941 559 1006 Reges,
593 936 928 1010 pontifices,
956 933 1184 1008 populi,
1218 938 1273 990 te
1303 932 1793 1001 magniﬁcabant,

352 1029 600 1085 Servum
629 1030 940 1085 consentes
960 1024 1319 1097 prudentem
1344 1027 1554 1097 satque
1584 1021 1823 1084 ﬁdelem

350 1119 492 1171 Esse
522 1114 602 1187 pii
653 1113 903 1175 Domini.
952 1112 1077 1179 sed,
1122 1112 1278 1185 proh
1309 1110 1537 1183 pudor!
1579 1110 1708 1183 ipse
1733 1109 2010 1180 nefende,

350 1204 614 1260 Prudens
642 1219 751 1260 nec
778 1201 937 1261 ﬁdus
967 1202 1185 1267 fueras,
1211 1205 1276 1257 ut
1299 1216 1393 1254 res
1420 1199 1797 1267 manifestat;

350 1296 499 1348 Nam
521 1294 732 1346 contra
754 1305 1089 1346 memorare
1110 1288 1296 1361 pudet
1316 1304 1501 1359 quam
1520 1288 1792 1361 nequiter
1812 1288 2013 1361 ipsum

350 1380 611 1445 LtBSBl'lS,
641 1385 697 1436 et
728 1384 967 1437 sanctos
1002 1379 1131 1449 ejus
1158 1382 1261 1435 tua
1295 1394 1482 1451 prava
1511 1382 1739 1432 tuentes
1764 1396 1777 1445 ;

351 1470 493 1530 Quze
517 1470 618 1524 vix
648 1468 770 1527 ulla
801 1468 943 1525 satis
970 1473 1227 1542 possunt
1255 1472 1550 1523 tormenta
1580 1468 1763 1539 piare.

350 1556 724 1616 Praestolatur
777 1556 976 1611 adhuc
1005 1556 1294 1611 Dominus
1349 1560 1551 1610 tamen
1584 1554 1677 1610 ille
1716 1554 2014 1625 benignus

353 1648 420 1701 Et
445 1650 499 1700 te
522 1647 717 1701 vivere
740 1645 1084 1721 perpetitur,
1120 1645 1165 1698 si
1200 1644 1346 1699 forte
1374 1644 1695 1711 reciscens,

354 1734 672 1802 Segnitiem
698 1734 822 1791 zelo
847 1733 1131 1811 perimas,
1164 1733 1493 1809 meritoque
1525 1737 1780 1788 reatum.

350 1822 542 1877 Virtus
562 1826 669 1891 est,
705 1822 958 1877 Domino
983 1821 1238 1899 parendi
1265 1822 1440 1879 ﬁrma
1468 1821 1771 1891 voluntas,

353 1910 546 1971 Virtus
578 1916 688 1976 est,
720 1911 989 1973 medium
1019 1911 1311 1968 retinendi
1332 1916 1579 1993 accepta
1609 1910 1907 1971 voluntas.

1106 2039 1262 2094 XVII.

356 2164 422 2202 DE
454 2164 652 2214 SIGNIS,
685 2164 750 2202 ET
781 2164 1067 2213 MENSIBUS,
1118 2163 1182 2201 ΕΤ
1215 2162 1426 2217 DIEBUS,
1459 2163 1523 2201 ET
1552 2162 1743 2215 MORIS,
1783 2162 2019 2202 COHPEN-
2058 2192 2067 2201 .

979 2251 1108 2290 DIC)!
1139 2250 1393 2291 COMPUTI.

355 2348 596 2400 Annum
629 2341 719 2397 sol
746 2341 1030 2397 duodena
1060 2356 1272 2396 means
1295 2357 1402 2415 per
1433 2341 1606 2410 signa
1637 2341 1944 2410 rotundat,

359 2437 702 2504 Cunctaque
732 2436 819 2487 ter
847 2430 1017 2486 denis
1046 2431 1337 2507 percurrit
1366 2431 1540 2500 signa
1569 2430 1803 2500 diebus,

354 2527 543 2594 Atque
564 2520 773 2575 decem
803 2520 984 2587 horis,
1017 2525 1074 2575 et
1097 2518 1416 2575 dimidium
1446 2520 1792 2592 faciuntque

355 2616 553 2668 Partes
574 2611 666 2665 hae
688 2609 1064 2665 duodenario
1098 2609 1145 2664 si
1177 2609 1665 2682 multiplicentur,

351 2703 701 2757 Tercentum
734 2713 1084 2768 sexagenos,
1118 2703 1176 2754 et
1198 2698 1468 2771 quinque
1495 2699 1644 2765 dies,
1676 2704 1735 2755 et

357 2793 468 2847 Sex
497 2790 697 2853 horas,
732 2803 885 2860 quas
913 2787 1315 2859 quadrantem
1340 2787 1524 2860 liquet
1554 2803 1686 2842 esse
1712 2787 1848 2842 diei.

354 2882 472 2935 Hoc
502 2878 682 2947 igitur
733 2892 988 2931 numero
1018 2876 1331 2948 proprium
1362 2876 1450 2930 sol
1482 2876 1714 2947 perﬁcit
1762 2892 2013 2932 annum.

357 2965 472 3021 Sed
499 2964 643 3036 quia
668 2964 908 3035 planius
933 2969 1025 3020 est
1044 2969 1166 3021 toto
1195 2982 1382 3038 quam
1408 2970 1578 3038 parte
1607 2966 1744 3033 diei,

355 3058 597 3113 Annum
626 3053 817 3109 metiri
842 3053 1030 3109 voluit
1054 3055 1271 3110 chorus
1298 3055 1763 3127 astrologorum,

354 3146 704 3199 Tercentum
735 3144 1049 3214 sexagenis
1081 3149 1137 3200 et
1173 3144 1443 3217 quinque
1472 3144 1729 3201 diebus:

357 3232 565 3291 Claudi
606 3236 722 3288 tres
749 3248 962 3305 annos,
987 3238 1202 3306 quarto
1233 3234 1628 3307 superaddier
1656 3250 1870 3300 unum,

357 3323 468 3390 Qui
496 3322 571 3378 de
604 3327 864 3396 quatuor
891 3338 1191 3379 annorum
1216 3323 1657 3395 quadrantibus
1677 3324 1816 3379 exit.

353 3413 525 3467 Hunc
553 3411 919 3468 bissextilem
949 3411 1226 3467 dixerunt
1256 3417 1501 3485 propter
1529 3411 1644 3466 hoc
1674 3428 1927 3481 annum,

359 3501 458 3555 His
476 3499 725 3571 quando
751 3503 917 3554 sexto
945 3499 1139 3555 Martis
1167 3504 1335 3555 notat
1362 3505 1500 3555 ante
1530 3499 1845 3567 Kalendas,

357 3591 563 3648 Annos
586 3585 915 3659 praeteritos
945 3586 1259 3658 supplens,
1307 3587 1734 3659 redimensque
1762 3588 2014 3656 futuros,

354 3679 464 3734 Per
492 3691 730 3732 menses
762 3675 905 3731 anni
931 3675 1087 3731 soles
1115 3676 1197 3731 ita
1221 3676 1651 3732 distribuerunt
1680 3695 1692 3731 :

356 3768 543 3822 Janus
574 3768 632 3821 et
659 3768 965 3834 Augustus
990 3764 1315 3838 jaculoque
1346 3766 1674 3822 December
1701 3770 1934 3835 acutus,

357 3857 493 3911 Fert
515 3859 732 3927 quarto
768 3869 982 3921 nonas,
1006 3869 1172 3910 nono
1203 3854 1563 3927 decimoque
1593 3855 1889 3912 Kalendas
1914 3873 1927 3911 :

356 3946 495 4000 Post
517 3942 656 4001 Idus
688 3942 842 3999 soles
874 3942 1115 4012 triginta
1145 3943 1367 3999 scilicet
1393 3959 1604 4008 unum,

355 4036 525 4100 Mars,
558 4032 763 4104 Maius,
792 4030 999 4099 Julius,
1040 4031 1350 4104 libripens,
1383 4032 1637 4089 October
1683 4036 1740 4087 et
1770 4048 2015 4104 aequus:

359 4123 535 4178 Sexto
560 4136 754 4175 nonas
785 4124 1031 4193 septeno
1061 4121 1419 4199 decimoque
1447 4121 1743 4178 Kalendas
1767 4141 1780 4177 :

356 4212 498 4265 Post
519 4208 657 4264 Idus
687 4209 842 4264 soles
876 4209 1134 4279 triginta,
1166 4227 1373 4266 rursus
1398 4216 1453 4266 et
1484 4227 1697 4279 unum,

356 4297 586 4364 Junius,
618 4297 897 4370 Aprilem,
930 4302 1066 4371 post
1113 4299 1643 4373 Septembremque
1671 4300 2018 4369 November,
2060 4322 2104 4376 ι)

360 4389 582 4454 Quarto
607 4402 800 4441 nonos
828 4391 1038 4442 octavo
1067 4386 1420 4462 decimoque
1448 4390 1769 4461 Kalendas,

356 4478 493 4532 Post
516 4474 657 4530 Idus
688 4475 844 4531 soles
875 4475 1133 4546 triginta,
1162 4476 1430 4532 Februus
1461 4482 1685 4551 autem,

360 4569 488 4622 Fert
523 4569 737 4639 quarto
796 4580 1011 4634 nonas,
1074 4570 1242 4622 sexto
1286 4566 1642 4641 decimoque
1699 4568 2019 4637 Kalendas,

354 4657 492 4709 Post
515 4653 653 4709 ldus
683 4653 840 4709 soles
864 4653 1074 4724 viginti
1105 4671 1339 4728 pauper
1363 4660 1419 4711 et
1443 4661 1577 4712 octo

359 4742 471 4800 Sed
499 4758 605 4817 per
634 4742 965 4798 bissextum
998 4743 1219 4813 gaudet
1250 4743 1363 4799 sibi
1404 4761 1666 4801 crescere
1697 4762 1947 4802 nonum.

355 4835 726 4887 Annumerat
754 4831 1030 4904 proprias
1050 4832 1273 4888 mensis
1293 4833 1403 4888 sibi
1425 4834 1681 4906 quisque
1700 4834 2019 4902 Kalendas,

356 4919 560 4976 Nullus
590 4926 645 4976 et
668 4924 882 4976 octavo
911 4921 1136 4981 mensis
1165 4937 1288 4977 non
1317 4926 1623 4995 computet
1653 4923 1809 4987 Idus.

356 5008 567 5065 Mensis
594 5009 777 5064 habet
803 5024 1129 5065 numerum
1182 5010 1517 5069 normalem
1563 5010 1820 5085 quisque
1848 5016 2021 5068 nota-

1868 5105 2017 5157 tum.

356 5189 563 5240 Annus
591 5184 776 5243 habet
801 5190 1221 5243 concurrentes
1249 5188 1353 5265 qui
1384 5189 1805 5246 convenientes
1845 5103 1862 5177 [

360 5278 594 5335 Donant
624 5275 773 5335 scire
804 5276 953 5351 dies,
985 5278 1089 5351 qui
1121 5295 1359 5337 menses
1390 5279 1497 5336 rite
1527 5279 1897 5349 Kalendant;

430 5453 535 5582 $55)
570 5458 718 5512 Mars
740 5474 796 5514 v.
827 5490 896 5498 —
926 5458 1109 5529 April.
1145 5474 1181 5513 1.
1207 5491 1275 5498 —
1305 5458 1433 5515 Mai.
1468 5475 1546 5515 ιιι.
1581 5492 1648 5502 -
1673 5463 1806 5517 Jun.
1842 5477 1917 5516 v1.
1952 5494 2020 5503 —

459 5571 470 5582 .
504 5543 541 5582 Ι.
571 5561 640 5569 -
662 5534 811 5582 Aug.
842 5545 916 5582 1v.
951 5560 1020 5569 -—
1049 5531 1204 5582 Sent.
1232 5548 1330 5582 v11.
1362 5563 1431 5571 —
1459 5534 1583 5582 Oct-
1612 5549 1670 5582 11-
1695 5564 1763 5572 —
1785 5535 1928 5582 Nov.
1962 5550 2015 5582 v-

354 5528 470 5582 Jul.
504 5543 541 5583 1.
571 5561 640 5569 —
662 5534 811 5600 Aug.
842 5545 916 5583 1v.
951 5528 1020 5569 -ἒ-
1049 5531 1204 5601 Sept.
1232 5548 1330 5586 v11.
1362 5563 1431 5571 —
1459 5534 1583 5589 Oct.
1612 5549 1670 5589 11.
1695 5564 1763 5572 —
1784 5535 1928 5588 Nov.
1962 5550 2016 5591 v.

355 5632 424 5645 -ν-
455 5602 590 5659 Dec.
622 5616 722 5657 v11.
750 5631 821 5645 -
843 5602 975 5659 Jan.
1010 5616 1087 5657 111.
1116 5632 1184 5643 —
1206 5601 1341 5665 Feb.
1384 5618 1458 5663 v1.

1418 133 1474 189 S.
1506 130 1846 188 FULBEBTI
1877 128 2361 188 CAR'I‘ONENSIS
2394 131 2707 190 EPISCOPI

2038 257 2087 309 A
2117 255 2183 311 Hi
2215 261 2355 313 sunt
2400 256 2703 313 normales
2758 255 2989 311 numeri
3020 255 3124 328 qui
3177 253 3487 310 mensibus
3523 252 3782 313 haerent.

3673 130 3784 184 348

2118 346 2392 419 Quinque
2422 346 2661 419 placent
2707 344 2891 412 Marti,
2919 360 3027 400 nec
3071 342 3343 416 displicet
3386 358 3546 397 unus
3570 341 3784 414 Aprili,

2116 434 2299 491 Maius
2330 435 2507 490 habet
2534 439 2751 499 ternos,
2786 433 3053 505 duplicat
3080 432 3197 487 sibi
3220 431 3428 487 Junius
3460 431 3654 503 ipsos,

2119 525 2279 579 Unus
2312 523 2451 578 item
2478 523 2651 592 Julio,
2686 522 2790 578 tibi
2818 526 2973 587 sunt,
3002 524 3284 590 Auguste,
3310 519 3628 592 quaterni;

2120 611 2465 683 September
2495 616 2725 684 septem
2755 610 2911 666 binis
2936 610 3188 666 October
3225 609 3345 678 agit
3373 624 3523 673 rem,

2120 700 2393 773 Quinque
2433 700 2766 758 November
2820 698 3059 768 abhinc,
3105 703 3376 771 repetens
3427 700 3789 769 septemque

3406 786 3421 856 [
3432 783 3788 851 December,

2121 883 2233 935 Nec
2265 879 2512 950 cupiunt
2536 881 2685 933 Jano
2712 882 2830 933 tres
2861 893 2970 937 nec
2998 894 3103 932 sex
3127 876 3328 932 tollere
3355 875 3543 930 Febro
3578 876 3713 944 (ὔὸ).

2121 969 2265 1023 Huic
2297 969 2442 1026 alter
2472 984 2760 1025 numerus
2789 967 3084 1025 concurrit
3113 966 3189 1021 ad
3218 964 3679 1031 inveniendum,

2122 1060 2251 1123 Qua
2279 1057 2392 1115 sibi
2419 1058 2675 1130 quisque
2701 1057 2796 1113 die
2822 1057 3043 1113 mensis
3076 1055 3212 1112 velit
3239 1070 3369 1109 esse
3404 1052 3713 1110 Kalendas

2124 1150 2361 1219 Septem
2386 1147 2640 1203 lineonis
2661 1146 2864 1220 ipsum
2897 1145 2999 1203 tibi
3030 1160 3205 1203 cerne
3230 1148 3508 1199 notatum
3538 1142 3677 1213 i236).

2124 1240 2347 1292 Harum
2376 1240 2612 1310 Septem
2644 1236 3000 1292 lineolarum
3023 1234 3299 1307 quaelibet
3328 1248 3451 1287 una

2126 1330 2435 1400 Spectatur
2462 1327 2699 1382 numeri
2728 1342 3002 1385 summas
3033 1330 3261 1393 gestare
3293 1327 3643 1396 quaternas,

2128 1419 2191 1471 Et
2218 1417 2300 1471 sic
2330 1416 2538 1484 viginti
2570 1432 2823 1473 summae
2856 1417 3253 1471 numeruntur
3281 1417 3337 1467 et
3366 1415 3502 1467 octo

2127 1506 2335 1560 Divisa:
2369 1505 2611 1561 totidem
2634 1509 2792 1561 certa
2818 1503 3044 1560 ratione
3078 1518 3183 1574 per
3214 1516 3427 1565 annos,

2053 1610 2097 1662 Β
2128 1596 2227 1649 Hae
2254 1611 2498 1667 quoque
2529 1610 2780 1648 summae
2809 1593 3031 1648 solares
3065 1591 3395 1646 vocitantur
3418 1593 3671 1661 epactaz,

2128 1684 2192 1738 Hi
2222 1687 2644 1739 concurrentes
2667 1682 2901 1737 numeri
2930 1684 3245 1736 versantur
3273 1680 3334 1734 in
3364 1678 3537 1733 annis

2128 1776 2289 1828 Unus
2320 1772 2599 1839 hissexto,
2650 1772 2772 1826 duo
2800 1787 2944 1837 non,
2981 1776 3175 1842 neque
3221 1773 3360 1836 tres,
3409 1782 3607 1838 neque
3636 1780 3797 1837 qua-

3655 1854 3794 1926 ltiti.

2129 1955 2240 2009 Sex
2271 1957 2409 2008 sunt
2434 1952 2718 2017 bissexto,
2755 1967 2877 2007 non
2908 1967 3014 2006 vos
3044 1953 3275 2022 septem
3301 1964 3418 2003 une
3445 1944 3690 2016 gemelli

2128 2042 2352 2107 Quadri
2400 2041 2479 2097 ad
2530 2041 2882 2110 bissextum,
2932 2038 3101 2112 quini
3160 2054 3283 2108 sex,
3333 2040 3564 2110 septem
3612 2033 3795 2090 alior-

3609 2126 3795 2197 (sum,

2129 2223 2307 2280 Senni
2337 2223 2415 2279 ad
2440 2222 2789 2289 bissextum,
2813 2224 2933 2276 tres
2951 2218 3187 2293 quadri,
3205 2216 3473 2291 quinque
3495 2231 3797 2285 seorsum,

2131 2314 2366 2384 Septem
2419 2311 2770 2377 bissextant,
2828 2312 3109 2382 quatuor,
3155 2307 3278 2362 duo
3336 2310 3576 2378 tresque
3632 2319 3802 2358 recu-

3610 2394 3793 2465 [sant,

2130 2491 2305 2557 Quini
2350 2491 2699 2555 bissextant,
2735 2488 2839 2543 sed
2890 2491 3122 2560 septem
3179 2500 3456 2557 unusque
3485 2484 3797 2554 rejectant,

2126 2583 2262 2636 Tres
2291 2580 2549 2635 bissexte
2575 2577 2822 2651 quadris
2850 2576 3048 2650 quinis
3080 2592 3241 2631 nunc
3261 2573 3498 2646 jungito
3524 2571 3709 2628 senis.

2865 2666 3047 2723 XVIII.

2750 2772 2813 2811 DE
2845 2770 3179 2811 PHILOMELA.

2127 2851 2320 2901 Aurea
2349 2848 2626 2918 personet
2650 2844 2781 2917 lyra
2811 2843 2973 2899 clara
2994 2841 3427 2909 modulamina,

2052 2970 2092 3024 ρ
2130 2935 2395 3008 Simplex
2423 2934 2649 2990 chorda
2679 2934 2752 2989 sit
2778 2938 3021 2988 extensa
3050 2948 3193 2987 voce
3223 2927 3642 3024 quindenaria,

2123 3024 2385 3080 Primum
2414 3039 2632 3078 sonum
2663 3038 2823 3078 nunc
2852 3021 3065 3077 reddat
3092 3020 3220 3090 lege
3257 3016 3647 3092 llypodorica,

2123 3112 2463 3169 Philomelae
2490 3111 2705 3167 demus
2734 3111 2945 3166 laudes
2978 3109 3040 3166 in
3064 3126 3212 3165 voce
3242 3106 3544 3177 organica,

2126 3202 2303 3258 Dulce
2331 3202 2518 3257 melos
2547 3201 2931 3257 decantantes
2962 3199 3112 3255 sicut
3132 3198 3305 3253 docet
3336 3197 3587 3265 musica,

2127 3291 2263 3348 Sine
2293 3291 2466 3361 cujus
2494 3293 2616 3346 arte
2647 3305 2785 3344 vera
2815 3287 2980 3350 nulla
3012 3287 3215 3342 valent
3243 3284 3490 3341 cantica.

2127 3382 2275 3436 Cum
2304 3378 2521 3434 telluris
2550 3393 2687 3433 vere
2713 3394 2871 3433 novo
2903 3376 3317 3449 producuntur
3342 3371 3633 3445 germina,

2125 3472 2453 3525 Nemorosa
2482 3466 2706 3523 circum
2736 3467 2893 3523 circa
2924 3465 3316 3521 frondescunt
3344 3469 3400 3519 et
3423 3460 3701 3528 brachia,

2127 3557 2361 3628 Flagrat
2388 3557 2539 3613 odor
2568 3572 2707 3611 cum
2735 3556 2939 3612 suavis
2968 3554 3182 3611 ﬂorida
3212 3568 3321 3629 per
3350 3550 3629 3622 gramina

2128 3646 2428 3703 Hilarescit
2456 3645 2782 3719 philomela
2806 3645 2996 3701 dulcis
3019 3660 3203 3700 sonus
3228 3641 3487 3705 conscia,

2128 3739 2196 3795 Et
2226 3735 2550 3790 extendens
2579 3734 2950 3791 modulando
2982 3732 3232 3803 gutturis
3266 3728 3621 3806 spiramina,

2128 3825 2338 3880 Reddit
2361 3824 2516 3879 veris
2545 3829 2602 3879 et
2626 3823 2812 3879 aestivi
2844 3823 3126 3897 temporis
3158 3819 3461 3896 praeconia
3483 3835 3505 3873 .·

2130 3916 2312 3970 Instat
2341 3913 2500 3968 nocti
2530 3916 2586 3969 et
2609 3913 2725 3969 diei
2749 3928 2892 3968 voce
2921 3911 3033 3967 sub
3063 3910 3394 3967 dulcisona.

2130 4002 2433 4075 Soporatis
2463 4002 2617 4059 dans
2644 4002 2906 4077 quietem
2936 4004 3149 4057 cantus
3180 4015 3288 4072 per
3316 3995 3684 4059 discrimina,

2130 4094 2374 4147 Necnon
2403 4090 2659 4165 pulchra
2688 4089 2901 4146 viatori
2926 4089 3150 4145 laboris
3177 4087 3407 4156 solatia,

2128 4181 2299 4236 Vocis
2325 4180 2454 4251 ejus
2485 4179 2865 4252 pulchritudo
2891 4178 3107 4234 clarior
3129 4193 3314 4257 quam
3341 4175 3611 4247 cythara.

2133 4266 2396 4323 Vincitur
2423 4268 2621 4323 omnis
2652 4267 3000 4323 cantitando
3031 4266 3343 4321 volucrum
3370 4259 3697 4319 catervula.

2139 4357 2347 4429 Implet
2374 4357 2553 4412 silvas
2585 4363 2763 4430 atque
2795 4362 3009 4414 cuncta
3039 4355 3299 4411 modulis
3333 4350 3669 4420 arbustula,

2132 4446 2401 4503 Gloriosa
2428 4446 2602 4502 valde
2626 4442 2782 4504 facta
2810 4446 2965 4502 veris
2995 4462 3119 4519 pra:
3149 4444 3367 4513 laetitia,

2129 4536 2447 4591 Volitando
2480 4537 2715 4592 scandit
2742 4536 2862 4593 alta
2891 4536 3178 4592 arborum
3204 4531 3539 4598 cacumina,

2128 4630 2209 4680 Ac
2240 4624 2454 4681 festiva
2486 4626 2628 4681 satis
2659 4626 2849 4696 gliscit
2875 4624 3111 4681 sibilare
3142 4623 3429 4680 carmina.

2131 4713 2293 4769 Cedit
2315 4729 2537 4785 anceps
2562 4713 2638 4768 ad
2672 4713 2956 4769 frondosa
2986 4728 3276 4770 resonans
3305 4708 3690 4781 umbracula,

2129 4802 2294 4857 (:edit
2322 4801 2470 4866 olor,
2503 4807 2561 4857 et
2590 4803 2792 4858 suavis
2820 4802 3011 4881 ipsius
3043 4800 3325 4865 melodia,

2130 4891 2293 4948 Cedit
2323 4890 2429 4947 tibi
2460 4884 2925 4966 timpanistraet
2958 4907 3178 4947 sonora
3209 4889 3387 4945 tibia:

2129 4980 2417 5046 Quamvis
2445 4972 2606 5037 enim
2635 4980 2893 5036 videaris
2914 4996 3163 5066 corpore
3183 4976 3553 5052 permodica,

2128 5072 2353 5125 Tamen
2381 5069 2576 5125 cuncti
2608 5071 2929 5143 capiuntur
2958 5073 3062 5125 tua
3087 5067 3367 5135 melodia.

2128 5162 2313 5214 Nemo
2344 5158 2507 5214 dedit
2530 5160 2662 5215 voci
2694 5163 2813 5227 tua;
2841 5160 2969 5215 haec
2998 5158 3200 5223 dulcia
3223 5155 3516 5222 carmina,

2130 5248 2247 5305 Nisi
2274 5247 2435 5304 solus
2462 5251 2584 5304 Rex
2609 5249 2861 5306 ccelestis
2889 5248 2990 5322 qui
3024 5249 3321 5318 gubernat
3348 5244 3576 5301 omnia.

2202 5424 2311 5497 (56)
2344 5427 2401 5479 Β.
2431 5442 2470 5497 ι,
2502 5442 2564 5493 ιι,
2593 5442 2672 5495 ιιι,
2704 5443 2781 5483 IV.
2825 5458 2893 5469 —-
2937 5429 2996 5482 Β.
3031 5441 3108 5495 v1,
3131 5442 3227 5489 v11.
3261 5443 3301 5496 1,
3328 5443 3386 5481 11.
3432 5457 3503 5465 —
3543 5428 3607 5480 Β.
3640 5444 3730 5496 1v,
3755 5446 3815 5497 v,

2127 5531 2204 5583 v1,
2232 5532 2327 5570 v11.
2386 5546 2454 5559 -—-
2509 5517 2568 5571 Β.
2601 5532 2658 5584 ιι,
2684 5533 2767 5584 ιιι,
2793 5533 2875 5588 ιιι,
2906 5533 2963 5572 v.
3013 5549 3081 5557 —
3125 5520 3183 5573 B.
3218 5533 3375 5588 v11,1,
3403 5531 3575 5588 11,111.
3622 5547 3705 5558 ——
3750 5523 3815 5580 Β,

2127 5620 2296 5680 γινι,
2328 5621 2425 5683 v11,
2456 5621 2495 5664 ι.
2530 5637 2597 5649 -
2620 5609 2680 5664 Β.
2711 5623 2791 5679 ιιι,
2823 5623 2899 5681 1v,
2929 5624 2985 5680 ν,
3008 5623 3082 5666 v1.
