3996 6176
420 154 517 208 351
1456 141 1511 197 8.
1556 136 1897 195 FULBERTI
1936 131 2420 192 CABNOTENSIS
2469 129 2788 188 EPISCOP.

418 278 676 332 Joannes
702 270 912 335 abbas,
940 265 1224 339 parvulus
1256 268 1506 331 statura,
1535 278 1659 319 non
1688 258 2026 329 virtutibus,
2114 261 2162 315 Α

422 370 506 423 Ita
531 361 742 434 majori
768 357 950 427 socio,
977 356 1083 429 qui
1113 371 1250 411 cum
1281 359 1407 411 erat
1434 353 1496 409 in
1522 368 1743 419 eremo,

421 478 449 506 ‹‹
475 454 633 519 Volo,
661 448 915 516 dicebat,
949 447 1146 504 vivere
1178 446 1329 502 sicut
1354 444 1605 514 angelus
1635 456 1862 508 secure,

419 546 499 599 Ne
524 543 681 596 veste
707 553 817 593 nec
847 535 982 592 cibo
1012 534 1128 591 frui
1154 534 1261 608 qui
1287 534 1594 590 laboretur
1622 529 1924 587 manibus.
1941 550 1970 578 ››

420 627 742 702 Respondit
766 626 945 683 frater
970 642 982 681 :
1008 628 1278 691 «Moneo,
1302 639 1378 680 ne
1400 622 1480 678 sis
1499 620 1740 693 inccepti
1759 632 2077 692 properus,

418 719 585 785 Quod
612 717 717 774 tibi
741 715 1132 789 postmodum
1164 715 1237 770 sit
1260 729 1381 770 non
1413 712 1640 785 cepisse
1670 709 1912 765 satius.)

417 807 642 864 Atille:
694 805 849 873 «Qui
876 821 1001 861 non
1031 804 1297 872 dimicat,
1330 818 1452 858 non
1485 800 1643 857 cadit
1668 813 1866 871 neque
1909 811 2081 869 supe-

1908 886 2034 957 [rat.
2044 906 2072 935 »

417 987 485 1041 Et
502 984 703 1040 nudus
726 999 997 1039 eremum
1025 980 1366 1038 interiorem
1394 981 1682 1052 penetrat.

420 1076 657 1147 Septem
683 1072 810 1128 dies
842 1072 1153 1142 gramineo
1178 1070 1279 1125 vix
1307 1069 1388 1124 ibi
1419 1068 1595 1124 durat
1622 1064 1870 1140 pabulo,

419 1165 637 1220 Octava
665 1161 854 1218 fames
884 1162 1139 1234 imperat
1167 1163 1233 1215 ut
1262 1157 1341 1214 ad
1370 1156 1642 1212 sodalem
1674 1153 1898 1220 redeat,

418 1251 526 1318 Qui
552 1267 684 1307 sero
707 1250 915 1307 clausa
937 1250 1148 1322 janua,
1179 1251 1341 1304 tutus
1372 1246 1531 1313 sede,
1554 1246 1617 1301 in
1641 1242 1872 1301 cellula.
1921 1293 1924 1296 .

417 1342 567 1396 Cum
597 1340 794 1396 minor
822 1355 969 1395 voce
1000 1337 1180 1394 debili
1212 1336 1510 1410 appellat:
1554 1357 1581 1385 «
1608 1337 1823 1405 Frater,
1858 1330 2041 1405 aperi,

413 1432 695 1498 Joannes,
723 1427 856 1500 opis
889 1426 1152 1496 indigus,
1183 1425 1339 1482 notis
1370 1422 1589 1480 assistit
1612 1421 1873 1487 foribus;

415 1522 495 1574 Ne
521 1521 768 1590 spernat
794 1521 897 1572 tua
925 1516 1138 1588 pietas,
1171 1530 1353 1587 quem
1379 1511 1593 1581 redigit
1622 1510 1966 1566 necessitas.
1988 1530 2016 1557 »

417 1606 756 1680 Respondet
770 1605 865 1661 ille
882 1605 1119 1661 deintus
1139 1622 1152 1659 :
1184 1626 1211 1653 «
1225 1607 1484 1659 Joannes
1499 1600 1690 1657 factus
1702 1606 1789 1654 est
1808 1597 2077 1668 angelus.

416 1696 653 1753 Miratur
683 1694 814 1750 caeli
846 1693 1140 1761 cardines,
1173 1693 1328 1748 ultra
1357 1706 1481 1747 non
1511 1693 1681 1746 curat
1710 1687 2043 1744 homines.»

415 1784 583 1840 Foris
612 1787 870 1839 Joannes
897 1785 1176 1851 excubat,
1207 1780 1552 1851 malamque
1582 1781 1819 1833 noctem
1850 1775 2077 1842 tolerat,

420 1877 485 1929 Et
509 1876 723 1946 prieter
747 1871 1152 1927 voluntariam
1178 1871 1337 1925 hanc
1363 1868 1485 1937 agit
1515 1865 1946 1939 pcenitentiam.

417 1964 596 2018 Facto
626 1977 805 2017 mane
836 1960 1116 2032 recipitur
1148 1958 1411 2030 satisque
1440 1956 1639 2012 verbis
1670 1954 1878 2021 uritur,

421 2051 513 2108 Sic
536 2051 798 2106 intentus
828 2049 905 2106 ad
937 2048 1201 2105 crustela
1228 2047 1337 2103 fert
1365 2046 1656 2119 patienter
1685 2043 1908 2100 omnia.

419 2139 793 2196 Refocillatus
828 2139 1074 2194 Domino
1112 2140 1308 2207 grates
1336 2135 1459 2205 agit
1489 2151 1557 2191 ac
1590 2132 1754 2189 socio
1781 2151 1794 2197 ;

419 2227 641 2283 Dehinc
665 2227 971 2283 rastellum
1002 2225 1262 2282 brachiis
1294 2228 1479 2280 tentat
1503 2238 1742 2278 movere
1757 2219 2079 2291 languidis,

420 2315 752 2385 Castigatus
782 2315 1060 2384 angustia
1089 2315 1163 2369 de
1194 2313 1429 2369 levitate
1454 2311 1659 2376 nimia,

421 2407 568 2463 Cum
597 2404 845 2475 angelus
869 2420 991 2460 non
1021 2403 1234 2476 potuit,
1263 2402 1354 2458 vir
1379 2402 1576 2458 bonus
1608 2416 1736 2456 esse
1763 2397 1986 2454 didicit.

1166 2547 1341 2602 XXVI.

1131 2666 1373 2707 EYMNUS.

526 2762 833 2831 Organum
865 2759 1081 2815 mentis
1113 2758 1243 2830 tibi,
1271 2772 1477 2831 quaeso
1506 2760 1746 2821 nostras,

523 2851 887 2921 Temperans
917 2847 1143 2919 plectro
1175 2847 1491 2902 moderare
1515 2844 1756 2915 linguae,

528 2936 709 3007 Cujus
735 2935 812 2990 ad
842 2933 1085 2990 laudem
1112 2933 1329 3006 cupide
1358 2947 1694 3001 movemur,

780 3022 1025 3096 Spiritus
1056 3021 1231 3078 alme.

526 3115 610 3169 Tu
636 3111 736 3168 Dei
768 3112 955 3169 Patris
986 3111 1292 3185 Genitique
1320 3124 1476 3183 pura

528 3201 814 3269 Charitas,
843 3216 965 3274 qua
992 3217 1056 3256 se
1081 3200 1301 3273 pariter
1323 3199 1582 3270 benigne

527 3290 878 3358 Confovant,
920 3293 974 3346 et
1000 3305 1136 3362 qua:
1165 3288 1329 3345 bona
1358 3288 1526 3345 audit
1554 3292 1780 3356 auctor,

776 3381 918 3433 Esse
944 3384 1161 3434 creata.

525 3469 609 3522 Tu
638 3467 821 3521 ﬁdem
848 3467 1059 3538 spiras,
1095 3482 1268 3522 sacra
1288 3467 1427 3536 jura
1456 3465 1664 3521 dictas.

529 3554 738 3611 Gratiae
761 3553 984 3624 largus,
1016 3555 1191 3610 venia
1218 3559 1475 3626 reperta,

530 3642 719 3698 Victor
743 3658 1032 3710 errorum,
1065 3642 1270 3714 probas
1295 3642 1557 3699 veritatis

490 3980 603 4051 (57)
641 3981 829 4036 Rarus
878 3979 941 4036 in
985 3979 1294 4036 breviariis
1344 3980 1591 4036 vetustis
1644 3984 1910 4051 tempore
1966 3997 2076 4051 pa-

419 4051 591 4133 shali.
614 4056 762 4133 —_2.
796 4054 955 4133 Cass.
977 4067 1132 4133 noua
1159 4053 1308 4133 {neti
1328 4052 1661 4133 dulcedine.
1695 4051 2073 4133 Rehimetjlis.

420 4122 800 4204 Hilanmetum
830 4122 1025 4204 (μέλοςὶ
1047 4123 1271 4179 dicitur
1298 4138 1336 4179 a
1364 4125 1501 4204 mel,
1520 4124 1664 4204 quia
1693 4125 1845 4204 sicut
1870 4125 1986 4179 mel
2005 4124 2077 4204 fit

419 4208 495 4249 ex
520 4193 766 4275 dtversis
795 4193 1108 4275 generibus
1139 4209 1360 4275 rerum,
1394 4196 1480 4275 ita
1516 4193 1735 4275 prelum
1772 4194 1845 4275 ﬁt
1890 4209 1965 4251 ex
1994 4194 2078 4249 di-

420 4265 604 4319 versis
644 4265 867 4320 notulz’s
916 4280 1154 4334 novum,
1189 4265 1346 4322 unde
1381 4266 1745 4321 Psalmisla:
1798 4265 2073 4335 Cantate,

418 4335 671 4416 ρᾳηιίῃο
712 4337 1019 4416 canticum
1055 4351 1292 4416 novum.
1326 4368 1395 4377 —
1433 4341 1484 4416 ὃἔ
1522 4337 1603 4393 Cf.
1636 4338 1820 4409 Apoc.
1855 4353 1910 4403 v,
1936 4336 2070 4416 _Hll.:

417 4406 754 4475 Fisz'ologus
803 4412 1019 4462 narrat
1067 4408 1287 4464 leonem
1335 4409 1544 4477 rugitu
1586 4406 2076 4464 suo'resuscitare

420 4477 687 4532 catulum
729 4484 860 4546 post
910 4479 1209 4549 striduum
1228 4492 1250 4549 ;
1296 4480 1381 4534 ita
1419 4480 1606 4534 Pater
1643 4479 1889 4534 Filium.
1922 4510 1992 4518 —
2019 4485 2073 4534 7.

416 4549 672 4631 {eam},
717 4551 806 4631 28.
857 4548 963 4631 liii.
996 4548 1555 4631 Wimpf..persouet.
1587 4581 1657 4590 —
1695 4553 1839 4615 8-12,
1873 4550 2071 4631 Corn.:

416 4620 701 4690 Fingitur
763 4624 1035 4676 tartarus
1092 4620 1383 4677 hominem
1449 4628 1739 4693 tanquam
1800 4620 2074 4690 prxdam

3738 119 3842 174 352

2539 252 2921 311 Testiﬁcator.

2295 346 2446 403 Cum
2473 344 2662 415 venis,
2693 342 2937 416 culpam
2961 340 3244 412 lacryma:
3272 350 3559 409 sequaces

2294 434 2575 503 Diluunt;
2606 433 2743 489 vita:
2772 428 3078 487 recalescit
3104 426 3283 499 ignis,

2293 527 2485 597 Atque
2517 519 2862 596 compuncti
2889 521 3116 576 cremat
3138 531 3245 573 ara
3273 513 3471 572 cordis

2541 612 2699 669 Thus
2739 608 2995 684 pietatis.

2294 701 2553 759 Gloriam
2580 700 2746 757 trinae
2776 696 3023 754 monadi
3051 710 3363 763 canamus,

2296 795 2445 850 Cum
2476 794 2596 846 Deo
2625 788 2780 845 divae
2812 786 3082 844 Genitore
3112 783 3268 840 Proli
3293 801 3306 851 ;

2290 878 2559 948 Flamini,
2588 894 2698 934 nec
2728 892 2853 934 non
2877 876 2957 932 ab
2983 879 3240 948 utroque
3265 872 3400 929 fuso

2539 967 2728 1026 Corde
2758 965 2940 1023 ﬁdeli.

2924 1144 3123 1199 XXVII.

2636 1292 2859 1340 HYMRUS
2898 1296 3205 1339 “scmus
3244 1277 3380 1351 (57).

2334 1402 2589 1475 (DANIEL,
2622 1402 2959 1458 Thesaurus
2985 1396 3461 1469 hymnotogicus,
3495 1398 3536 1463 Ι,
3567 1392 3717 1465 221.)

2441 1509 2670 1567 Chorus
2696 1524 2869 1564 novae
2896 1503 3261 1562 Hierusalem

2438 1602 2668 1655 Novam
2700 1595 2838 1653 meli
2867 1593 3247 1652 dulcedinem

2438 1689 2700 1754 Promat,
2736 1685 2938 1742 colens
2964 1699 3102 1740 cum
3138 1680 3352 1738 sobriis

2438 1774 2724 1833 Paschale
2754 1773 2972 1830 festum
3007 1770 3265 1843 gaudiis.

2191 1890 2221 1941 5
2440 1884 2569 1949 Quo
2598 1881 2882 1951 Christus,
2913 1878 3170 1935 invictus
3197 1877 3291 1934 leo

2440 1974 2707 2028 Dracone
2738 1984 2991 2040 surgens
3021 1967 3260 2033 obruto,
3302 1995 3321 2002 —

2436 2062 2590 2116 Dum
2622 2075 2763 2116 voce
2791 2059 2927 2115 viva
2965 2059 3250 2130 personat

2440 2154 2486 2205 A
2515 2152 2704 2206 morte
2731 2149 2965 2204 functos
2990 2146 3222 2203 excitat.

2443 2258 2639 2323 Quam
2668 2255 2988 2312 devorarat
3015 2251 3330 2326 improbus

2193 2352 2257 2403 10
2439 2345 2713 2401 Praedam
2742 2344 2959 2401 refudit
2995 2346 3274 2412 tartarus,

2437 2434 2783 2509 Captivitate
2808 2433 2997 2490 libera

2438 2527 2643 2581 Jesum
2673 2526 3006 2598 sequuntur
3043 2521 3310 2592 agmina.

2434 2630 2786 2704 Triumphat
2814 2627 2911 2685 ille
2941 2626 3253 2702 splendide

2438 2723 2505 2776 Et
2527 2718 2748 2789 dignus
2774 2716 3191 2791 amplitudine,

2190 2815 2253 2866 15
2439 2807 2554 2867 Soli
2587 2808 2830 2882 polique
2859 2806 3118 2881 patriam

2436 2901 2632 2955 Unum
2664 2897 2803 2954 facit
2825 2894 3287 2969 rempublicam.

2440 3010 2643 3078 Ipsum
2674 3003 2947 3061 canendo
2982 3001 3283 3076 supplices

2438 3097 2659 3165 Regem
2696 3108 3011 3167 precemur
3041 3090 3280 3160 milites,

2438 3184 2508 3238 Ut
2532 3182 2593 3237 in
2625 3197 2735 3236 suo
2761 3179 3090 3237 clarissimo

2186 3274 2258 3327 20
2438 3273 2555 3326 Nos
2582 3268 2818 3326 ordinet
2844 3268 3087 3343 palatio.

2438 3377 2548 3433 Per
2579 3376 2758 3433 saecla
2779 3379 2954 3432 metae
2978 3373 3182 3431 nescia

2438 3465 2596 3521 Patri
2628 3480 2911 3538 supremo
2941 3462 3148 3534 gloria,

2436 3556 2758 3628 Honorque
2787 3553 2864 3610 sit
2891 3569 3031 3610 cum
3066 3551 3208 3609 Filio

2437 3647 2506 3700 Et
2533 3643 2744 3717 spiritu
2766 3641 3075 3717 paraclito.

2186 3982 2531 4054 absorptam
2561 3995 2861 4054 removere
2899 3981 3072 4054 (Apo.
3103 3996 3203 4047 xx,
3233 3980 3321 4051 13)
3349 3984 3418 4054 et_
3443 3979 3704 4050 ﬁngitur
3734 3978 3866 4054 Cit.

2185 4050 2457 4109 incedere
2476 4052 2883 4123 triumphator
2902 4050 2956 4108 et
2971 4050 3267 4123 'magnam
3291 4050 3530 4123 turbam
3555 4064 3632 4106 ex
3660 4052 3868 4106 servi-

2187 4129 2311 4195 tute
2335 4121 2721 4195 liberatarum
2744 4138 2942 4195 secum
2973 4121 3231 4180 trahere.
3266 4121 3410 4195 Dicit
3437 4126 3616 4195 poeta
3643 4125 3869 4195 patres

2184 4194 2247 4250 in
2274 4194 2481 4267 limbo.
2536 4195 2642 4251 Hi1.
2684 4194 2938 4265 legendo
2977 4207 3299 4267 sequamur
3321 4193 3400 4250 ad
3429 4192 3871 4267 omnes’perti-

2184 4281 2325 4321 nere
2355 4266 2494 4323 facit
2520 4266 2904 4323 Christianos.
2941 4268 3026 4322 14.
3052 4265 3206 4321 Lud.
3229 4265 3552 4336 praecelsus
3582 4278 3752 4336 amp.
3787 4295 3868 4305 —

2189 4341 2270 4392 16.
2308 4338 2473 4393 Cass.
2504 4337 2595 4393 Hi1
2624 4353 2670 4393 e.
2705 4352 2761 4393 a.
2787 4337 2951 4408 fecit.
2979 4368 3050 4377 —-
3077 4340 3254 4393 17-20.
3288 4338 3511 4392 Desunt
3537 4336 3707 4408 apud
3745 4336 3872 4390 Lu-

2184 4408 2401 4463 decum
2422 4412 2615 4481 21-24,
2644 4407 2807 4481 apud
2844 4407 3204 4481 Fabricium.
3236 4439 3306 4447 -—
3329 4411 3420 4463 20.
3443 4435 3513 4447 --
3533 4407 3867 4481 ordinare,

2184 4495 2303 4561 vox
2340 4479 2642 4561 militaris.
2674 4478 2743 4519 5—
2788 4483 2879 4536 2i.
3228 4483 3423 4561 mente
3460 4479 3663 4534 nescia
3704 4492 3871 4561 gum

2481 4551 2748 4607 humana
2776 4551 3169 4621 possibilitate
3208 4555 3350 4607 sunt
3385 4546 3873 4619 ineorum-clien-

2182 4636 2380 4678 διοιιια
2389 4662 2401 4676 .
