4018 6176
157 183 251 236 353
1660 157 2082 217 DIPLOMATA.

3493 164 3599 218 354

169 282 3597 318 m

174 297 3598 332 Ψ

1182 424 1472 545 SAN
1491 423 1718 542 CTI
1819 418 2553 538 FULBERTI

1676 641 2066 734 VERSUS

998 805 1086 858 DE
1128 803 1343 857 UNClA
1385 800 1472 854 ET
1510 797 1852 854 PARTIBUS
1872 793 2059 850 ’EJUS
2100 794 2182 847 ET
2223 794 2319 848 DE
2362 791 2741 848 SCRUPULO.

144 989 360 1062 (Edidit
390 986 640 1046 Carolus
667 984 741 1041 de
771 982 1014 1048 Villiers,
1047 978 1362 1048 theologus
1385 975 1757 1044 Parisiensis,
1788 974 1850 1029 in
1880 971 2040 1115 nip.tif
2074 970 2151 1026 ad
2185 969 2365 1042 epist.
2405 973 2501 1025 H3
2523 966 2798 1032 Fulberti,
2826 965 3096 1021 Biblioth.
3122 970 3221 1021 PP.
3257 971 3401 1022 tom.
3421 965 3596 1032 XVlll,

1723 1061 1866 1115 pag.
1947 1067 1998 1098 θ.

1723 1061 1998 1119 pag.oo.

1660 1178 2088 1190 —————

1489 1306 1576 1360 De
1625 1303 1819 1358 uncia
1863 1305 1917 1357 et
1943 1300 2247 1370 partibus.

1151 1397 1333 1453 Uncia
1357 1393 1565 1463 viginti
1589 1391 1892 1464 scirpulos
1919 1393 1975 1464 et
2004 1393 2267 1464 quatuor
2288 1387 2518 1464 ambit:

1151 1459 1471 1523 Dimidium
1503 1469 1690 1519 stater
1716 1459 1790 1517 ac
1822 1459 2155 1516 semiuncia
2185 1460 2400 1515 dicitur
2428 1459 2586 1528 ejus;

1149 1543 1335 1594 Terna
1353 1537 1485 1592 duae
1519 1534 1699 1591 seclae
1733 1548 1877 1604 pars
1910 1536 1999 1586 est
2039 1533 2374 1604 eademque
2404 1528 2603 1604 duella
2633 1546 2645 1596 ;

1151 1613 1368 1675 Quarta
1387 1607 1568 1662 siclus
1589 1604 1692 1661 vel
1719 1600 1978 1675 sicilicus
2007 1603 2101 1657 vel
2131 1600 2391 1675 denique
2416 1600 2596 1675 sicet:

1155 1669 1389 1737 Sextula
1419 1682 1588 1734 sexta
1619 1674 1812 1731 modo
1844 1673 1997 1729 solet
2018 1679 2075 1730 et
2100 1674 2282 1730 modo
2294 1669 2473 1727 'secla
2500 1669 2703 1726 vocari
2728 1687 2740 1735 ;

1151 1755 1432 1809 Octavam
1465 1747 1786 1821 appellant
1817 1744 2235 1815 dragmam....

1401 1851 1484 1903 De
1512 1844 1792 1915 scirpula
1815 1848 1869 1898 et
1889 1844 2174 1912 partibus
2204 1845 2332 1912 ejus

1152 1951 1310 2004 Unus
1336 1946 1476 2001 item
1500 1943 1748 2015 scirpus
1773 1940 1956 2015 calcis
1983 1940 2368 2015 componitur
2388 1943 2542 2003 octo,

1155 2018 1471 2074 Dimidium
1499 2011 1751 2086 scirpuli
1779 2017 1872 2086 est
1900 2012 2072 2086 obul,
2106 2011 2247 2084 pars
2269 2015 2484 2082 quarta
2504 2011 2729 2086 cerates
2757 2025 2770 2074 ;

1154 2091 1296 2145 Hinc
1328 2095 1556 2144 sextam
1583 2079 1736 2154 ﬁngi
1769 2083 1998 2155 placuit
2029 2079 2383 2154 scitamque
2409 2079 2606 2155 vocari
2641 2096 2653 2133 :

1157 2162 1406 2218 Ultimus
1437 2163 1522 2215 est
1548 2153 1788 2225 calcus,
1816 2153 2029 2211 ciceris
2061 2156 2184 2210 duo
2212 2153 2467 2224 granula
2495 2165 2779 2225 pensans.

151 2303 3593 2347 ﬂ

1483 2418 2276 2508 PROCLAMATIO

1265 2605 1644 2670 ANTEQUAM
1687 2601 1945 2656 DICANT
1991 2599 2170 2655 PAX
2202 2598 2496 2654 DOMINI

947 2788 1286 2858 Composita
1311 2799 1348 2840 a
1377 2783 1614 2839 domino
1647 2781 1937 2834 FULBERTO
1966 2793 2079 2847 pro
2111 2776 2478 2833 adversariis
2503 2774 2806 2831 Ecclesiae.

1055 2908 1314 2984 (Dunod,
1347 2907 1608 2964 Histoire
1639 2903 1714 2959 de
1741 2903 2056 2973 Besancon
2089 2905 2129 2973 Ι,
2164 2902 2446 2970 Preuves,
2479 2917 2538 2973 p.
2569 2899 2711 2970 vni.)

1657 3035 2092 3049 _———_—-—

223 3204 293 3256 ln
325 3196 543 3271 spiritu
567 3192 914 3250 humilitatis
944 3196 1000 3247 et
1023 3190 1086 3246 in
1144 3188 1346 3242 animo
1385 3183 1636 3240 contrito
1693 3181 1830 3234 ante
1869 3162 1916 3212 Α
1943 3174 2059 3231 bus
2090 3173 2376 3243 fundasti,
2404 3178 2462 3230 et
2489 3174 2549 3229 in
2581 3174 2808 3228 honore
2832 3175 3176 3227 sanctorum
3189 3169 3434 3227 Joannis
3464 3186 3605 3242 apo-

158 3294 446 3347 sanctum
476 3286 667 3342 altare
699 3288 866 3340 tuum
898 3285 954 3339 et
996 3276 1466 3336 sacratissimum
1525 3285 1746 3343 corpus
1777 3271 1834 3322 et

159 3378 534 3449 sanguinem
552 3380 743 3440 tuum,
771 3371 1018 3427 Domine
1034 3372 1195 3434 Jesu,
1215 3364 1571 3434 Redemptor
1593 3355 1830 3421 mundi,

159 3447 538 3532 accedimus,
567 3470 625 3521 et
652 3463 727 3519 de
747 3460 1006 3536 peccatis
1027 3455 1267 3520 nostris,
1300 3469 1408 3526 pro
1429 3451 1651 3524 quibus
1677 3447 1834 3536 juste

161 3557 517 3628 aﬂligimur,
547 3533 875 3625 culpabiles
907 3563 1113 3604 coram
1147 3550 1200 3600 te
1243 3559 1354 3598 nos
1376 3541 1710 3628 reddimus.
1745 3533 1837 3589 Ad

161 3652 238 3713 te,
279 3625 534 3700 Domine
565 3643 729 3709 Jesu,
757 3638 1057 3702 venimus,
1091 3632 1166 3690 ad
1208 3637 1262 3688 te
1291 3629 1564 3703 prostrati
1610 3625 1835 3682 clama-

161 3750 328 3801 mus,
362 3732 512 3804 quia
542 3727 730 3801 iniqui
756 3732 814 3783 et
833 3723 1096 3798 superbi,
1129 3720 1370 3791 suisque
1394 3717 1616 3772 viribus
1657 3711 1839 3769 conﬁ-

163 3824 236 3889 si,
275 3803 548 3893 undique
599 3833 780 3890 super
812 3831 924 3871 nos
972 3813 1310 3880 insurgunt.
1379 3809 1590 3864 Terras
1629 3803 1842 3860 Sancti

163 3912 431 3967 Joannis
447 3892 518 3966 iet
547 3907 763 3965 Sancti
787 3902 1084 3974 Stephani
1127 3898 1443 3965 invadunt,
1489 3892 1840 3965 depraedan-

167 4008 286 4057 tur
308 4006 363 4056 et
421 4003 676 4055 vastant.
709 3999 1008 4067 Pauperes
1037 3995 1172 4046 tuos
1230 3987 1482 4043 cultores
1512 3999 1719 4041 earum
1778 3980 1838 4035 in

165 4087 389 4145 dolore
412 4093 467 4143 et
497 4087 654 4142 fame
685 4088 864 4155 atque
895 4078 1165 4137 nuditate
1192 4075 1387 4131 vivere
1420 4073 1664 4128 faciunt.
1699 4072 1839 4124 Tor-

166 4177 393 4234 mentis
423 4175 604 4232 etiam
642 4178 698 4230 et
729 4171 943 4243 gladiis
1001 4166 1312 4224 occidunt:
1368 4167 1605 4218 nostras
1660 4157 1840 4215 etiam

165 4286 266 4324 res
300 4266 468 4323 unde
487 4265 686 4320 vivere
716 4261 1012 4318 debemus
1043 4257 1104 4312 in
1131 4261 1230 4311 tuo
1263 4257 1470 4308 sancto
1501 4248 1756 4314 servitio,
1786 4251 1843 4302 et

168 4373 328 4431 quas
361 4355 554 4411 beatae
583 4350 793 4408 animae
826 4348 967 4404 huic
991 4345 1125 4402 loco
1174 4359 1282 4416 pro
1337 4340 1522 4396 salute
1553 4356 1662 4395 sua
1715 4335 1843 4392 reli-

169 4427 462 4519 querunt,
492 4439 797 4513 diripiunt,
826 4435 1005 4493 nobis
1035 4433 1212 4489 etiam
1238 4429 1520 4486 violenter
1541 4427 1839 4485 auferunt.

1945 3263 2074 3319 stoli
2099 3266 2155 3318 et
2187 3262 2470 3333 Stephani
2499 3259 2956 3334 protomartyris
2988 3259 3070 3315 tui
3120 3259 3478 3327 sublimasti,
3519 3274 3605 3312 se-

1944 3353 2043 3408 det
2072 3352 2132 3406 in
2163 3351 2416 3420 tristitia,
2436 3367 2545 3407 nec
2573 3356 2661 3406 est
2689 3350 2793 3422 qui
2846 3348 3188 3404 consoletur
3219 3365 3352 3404 eam
3385 3352 3440 3402 et
3465 3347 3606 3402 libe-

1943 3447 2051 3511 ret,
2083 3441 2199 3498 nisi
2239 3444 2321 3506 tu,
2353 3443 2506 3497 Deus
2526 3447 2744 3495 noster.
2779 3443 3063 3509 Exsurge,
3095 3438 3341 3493 Domine
3371 3437 3606 3506 Jesu,in

1945 3531 2314 3603 adjutorium
2341 3535 2637 3597 nostrum,
2671 3529 2943 3585 conforta
2972 3545 3084 3583 nos
3108 3534 3163 3584 et
3191 3527 3474 3584 auxiliare
3495 3543 3605 3582 no-

1944 3622 2057 3677 bis.
2088 3624 2379 3692 Expugna
2408 3619 2834 3692 impugnantes
2862 3635 2994 3674 nos.
3049 3621 3274 3687 Frange
3306 3617 3484 3673 etiam
3516 3633 3609 3672 su-

1945 3710 2221 3783 perbiam
2251 3709 2490 3764 illorum
2519 3709 2622 3781 qui
2647 3710 2808 3764 hunc
2835 3708 3038 3764 locum
3068 3713 3124 3763 et
3170 3723 3281 3762 nos
3314 3706 3606 3777 afﬂigunt,

1947 3804 2005 3855 et
2024 3797 2286 3869 afﬂigere
2320 3798 2589 3870 cupiunt.
2619 3801 2702 3852 Tu
2734 3797 2867 3865 scis,
2902 3797 3170 3866 Domine,
3203 3796 3307 3868 qui
3339 3802 3476 3851 sunt
3507 3796 3604 3863 illi,

1949 3893 2005 3943 et
2026 3887 2277 3942 nomina
2335 3903 2586 3953 eorum;
2620 3902 2874 3957 corpora
2926 3890 2981 3941 et
3029 3885 3231 3951 corda,
3283 3889 3606 3956 antequam

1948 3980 2360 4044 nascerentur,
2394 3975 2499 4030 tibi
2553 3979 2691 4029 sunt
2743 3974 3000 4043 cognita.
3059 3976 3434 4044 Quapropter
3482 3989 3604 4040 eos,

1950 4067 2221 4138 Domine,
2252 4065 2404 4121 sicut
2425 4064 2559 4131 scis,
2586 4063 2848 4135 justitica
2875 4063 2935 4118 in
2965 4063 3177 4119 virtute
3207 4066 3340 4130 tua;
3382 4063 3476 4118 fac
3505 4079 3607 4118 eos

1950 4170 2398 4224 recognoscere,
2432 4157 2612 4226 prout
2643 4152 2747 4207 tibi
2769 4152 2984 4224 placet,
3032 4168 3142 4207 sua
3187 4151 3524 4219 malefacta,
3552 4155 3609 4208 et

1949 4243 2138 4298 libera
2160 4259 2270 4298 nos
2298 4242 2359 4296 in
2405 4240 2814 4297 misericordia
2846 4247 2966 4297 tua.
3022 4245 3102 4296 Ne
3132 4239 3426 4313 despicias
3473 4257 3605 4311 nos,

1951 4333 2223 4403 Domine,
2255 4332 2584 4387 clamantes
2606 4331 2685 4386 ad
2711 4336 2786 4399 te,
2819 4332 2923 4387 sed
2953 4337 3195 4404 propter
3225 4331 3474 4401 gloriam
3498 4348 3607 4388 no—

1951 4423 2131 4480 minis
2163 4422 2247 4478 tui
2273 4427 2328 4478 et
2351 4421 2828 4478 misericordiam
2885 4423 3055 4478 visita
3083 4438 3194 4477 nos
3223 4422 3284 4477 in
3335 4439 3502 4496 pace,
3554 4427 3610 4478 et

173 4511 444 4592 [Ecclesia
476 4536 578 4586 tua
606 4511 752 4595 haec,
787 4525 1056 4591 Domine,
1095 4537 1281 4594 quam
1303 4518 1513 4591 priscis
1557 4513 1841 4589 tempori-
1882 4515 1922 4568 Β
1951 4529 2092 4569 erue
2117 4529 2229 4568 nos
2255 4529 2291 4568 a
2319 4513 2596 4584 praesenti
2625 4511 2923 4582 angustia.

186 4668 3582 4706 ______________________________—___————————

1064 4789 1735 4911 SANGTI
1827 4784 2718 4904 PULBERTI

1441 4994 2345 5118 DIPLOMATA.

1693 5217 2082 5230 ——————

992 5353 1034 5405 ι.

292 5463 402 5504 PRO
444 5459 720 5501 MONACHIS
751 5455 978 5497 MAJORIS
1009 5451 1340 5494 MONASTERII
1378 5452 1734 5492 TURONENSIS.

332 5537 558 5606 (BALUZ.
579 5533 758 5590 Conc.
787 5527 1202 5586 Gal.Narbon.
1222 5524 1493 5597 Append.
1513 5541 1569 5596 p.
1593 5525 1703 5595 77.)

261 5629 325 5682 ln
339 5623 586 5682 nomine
603 5623 820 5678 sanctae
843 5621 898 5673 et
916 5615 1232 5673 individuse
1257 5611 1565 5669 Trinitatis.
1604 5615 1843 5667 Fumea-

1957 5356 2077 5406 rus,
2107 5353 2230 5393 non
2259 5337 2507 5409 quidem
2538 5338 2687 5394 meis
2737 5335 2982 5404 meritis,
3014 5338 3118 5394 sed
3179 5339 3368 5408 gratia
3392 5355 3608 5412 praeve-

1955 5430 2152 5486 niente
2180 5426 2609 5500 Redemptoris,
2640 5427 3014 5485 Carnotensis
3044 5428 3380 5502 episcopus.

2028 5542 2054 5568 ι(
2115 5521 2328 5574 Notum
2376 5516 2505 5572 ﬁeri
2560 5517 2839 5572 volumus
2893 5517 3171 5572 omnibus
3211 5517 3608 5574 confratribus

1954 5608 2171 5665 nostris
2198 5605 2582 5680 presbyteris,
2610 5606 2987 5679 diaconibus,
3013 5623 3117 5663 seu
3141 5607 3365 5664 cunctis
3397 5607 3611 5662 utrius-
