3996 6176
404 182 506 241 355
1445 158 1500 238 sl
1543 174 1882 238 FULBER’I‘I
1921 168 2395 233 mammas
2435 174 2766 238 EPISCOPI.
3710 196 3807 250 εει

402 326 521 381 que
568 306 814 377 ordinis,
848 306 1198 361 clericorum
1231 304 1452 361 scilicet
1481 310 1537 361 et
1591 300 2050 367 monachorum,
2090 301 2139 353 A
2170 301 2416 358 alodum
2447 320 2623 361 suum
2681 306 2980 376 delegaret
3008 310 3226 367 nostris
3254 312 3487 383 usibus,
3520 330 3591 371 ea
3612 315 3808 373 videli-

401 403 527 456 tam
554 397 946 471 praesentibus
989 413 1176 469 quam
1216 396 1428 452 futuris
1481 412 1587 469 per
1613 401 1864 451 ventura
1922 399 2061 448 tem-

400 504 550 561 pora
579 486 1062 555 succedentibus,
1093 486 1346 559 qualiter
1375 485 1656 542 monachi
1684 484 1886 540 Sancti
1912 486 2057 539 Mar-

400 576 504 632 tini
534 575 765 646 Majoris
795 576 1127 633 Monasterii
1174 580 1441 631 nostram
1473 575 1744 631 adierunt
1804 588 2060 645 praesen-

398 665 560 727 tiam,
616 664 917 720 humiliter
970 665 1360 737 deprecantes
1405 669 1469 720 ut
1505 664 1584 720 ob
1633 680 1903 720 amorem
1942 660 2058 717 [Dei

397 753 825 826 omnipotentis
856 758 911 809 et
943 752 1160 809 sanetae
1187 755 1376 811 Mariae
1412 754 1509 809 Dei
1528 752 1822 823 genitricis
1850 751 2055 807 simul-

399 859 518 915 que
541 844 671 915 jam
702 843 841 899 dicti
863 843 1218 899 confessoris
1241 844 1485 911 Martini,
1511 841 1844 916 quamdam
1874 840 2055 896 eccle-

398 931 551 988 siam
583 932 783 989 Navoil
812 933 1054 989 nomine
1083 933 1163 989 ad
1192 933 1375 989 altare
1408 938 1624 989 sanctae
1656 949 1724 988 ac
1782 929 2053 987 beatissi-

398 1037 511 1076 mae
565 1021 815 1092 Virginis
864 1021 1052 1080 Mariae
1104 1023 1519 1095 pertinentem,
1548 1022 1631 1077 eis
1688 1037 1883 1077 emere
1935 1037 2056 1076 em-

396 1115 684 1184 ptamque
713 1112 1021 1185 possidere
1050 1113 1109 1167 in
1150 1118 1507 1186 perpetuum
1559 1111 2048 1167 concederemus.

399 1200 569 1266 Quod
597 1200 677 1256 ita
702 1201 976 1268 facimus,
1011 1201 1279 1271 Hilgodio
1333 1202 1538 1272 milite,
1570 1202 1665 1256 cui
1714 1202 1787 1257 de
1844 1206 2051 1256 nostro

395 1288 689 1344 beneﬁcio
745 1291 1038 1362 pertinere
1088 1291 1340 1358 videtur,
1372 1308 1690 1347 assensum
1728 1291 2048 1363 praebente.

397 1380 689 1434 Coemunt
718 1395 859 1449 ergo
890 1396 1025 1436 eam
1047 1386 1103 1437 et
1129 1382 1383 1437 minimo
1428 1382 1618 1455 pretio
1645 1382 1707 1437 in
1744 1386 2051 1453 posterum

397 1467 510 1524 sibi
539 1467 846 1525 vindicant
889 1470 967 1525 ab
998 1470 1253 1527 Roberto
1294 1472 1562 1543 quodam
1612 1471 1895 1541 vassallo,
1929 1473 1985 1526 et
2014 1485 2049 1526 a

394 1556 633 1613 duobus
658 1558 795 1614 ﬁliis
852 1560 980 1630 ejus
1019 1561 1264 1616 Arnulfo
1296 1566 1352 1617 et
1399 1561 1697 1629 Notberto,
1753 1566 1809 1617 et
1860 1565 2049 1616 matre

2166 396 2256 446 cet
2283 395 2509 449 ratione
2542 399 2604 450 ut
2628 396 2901 467 quandiu
2929 399 3191 455 viverent
3231 399 3359 473 ipse
3387 407 3442 458 et
3474 420 3623 459 uxor
3665 407 3804 477 ejus,

2163 481 2406 538 nomine
2436 483 2581 551 Oda,
2615 484 2677 539 in
2733 486 2904 557 cujus
2933 487 3070 543 dote
3100 495 3191 545 est
3238 492 3557 563 praedictus
3586 493 3806 566 alodus,

2164 576 2486 644 utrumque
2517 579 2816 643 tenerent;
2850 581 2985 649 post
3031 577 3344 636 decessum
3402 598 3543 638 vero
3587 600 3806 653 eorum,

2164 664 2485 734 utrumque
2515 662 2799 719 fratribus
2821 673 3172 723 remaneret.
3225 671 3404 741 Cujus
3436 673 3809 743 petitionibus

2162 748 2411 805 libenter
2442 752 2874 825 acquievimus,
2895 771 3002 827 per
3035 773 3348 814 assensum
3390 760 3613 816 Odonis
3637 765 3809 819 comi-

2162 839 2253 905 tis,
2274 840 2339 895 in
2357 842 2526 911 cujus
2552 843 2836 899 comitatu
2860 850 2997 900 sunt
3018 850 3282 919 utraeque
3308 853 3473 904 terrae
3497 850 3570 906 de
3597 852 3809 924 quibus

2163 934 2253 983 est
2269 945 2485 984 sermo.
2511 933 2717 987 Nostra
2749 932 3044 1005 siquidem
3068 939 3240 1003 terra,
3274 953 3462 1010 quam
3495 956 3597 1011 per
3615 957 3808 1013 preca-

2161 1016 2311 1072 riam
2342 1022 2533 1090 poscit
2560 1021 2802 1088 habere,
2834 1022 2895 1076 in
2912 1025 3260 1080 Carnotensi
3284 1029 3566 1084 comitatu
3597 1031 3804 1103 posita,

2160 1112 2409 1163 vocatur
2444 1110 2869 1182 Jeranivillare,
2897 1117 2954 1167 et
2978 1112 3072 1168 ille
3121 1114 3332 1171 alodus
3356 1133 3536 1189 quem
3591 1136 3809 1177 recom-

2159 1201 2390 1268 pensat,
2427 1197 2486 1252 in
2515 1201 2706 1257 Droca
2737 1217 2914 1256 sensu
2937 1201 3053 1270 (B.,
3077 1203 3403 1271 Dorcasini)
3423 1206 3704 1264 comitatu
3717 1226 3811 1265 su-

2158 1300 2266 1356 per
2302 1286 2527 1342 ﬂumen
2562 1288 2761 1358 Blesis,
2812 1289 3041 1362 positus
3071 1292 3415 1349 nominatur
3470 1296 3807 1353 Palisiacus.

2159 1375 2430 1430 Nostram
2488 1375 2690 1449 itaque
2750 1382 2969 1434 terram
3039 1381 3444 1438 Jeranivillare
3487 1399 3558 1439 eo
3613 1387 3811 1440 tenore

2160 1461 2443 1518 Gradulfo
2484 1481 2668 1538 supra
2697 1466 3010 1523 nominato
3041 1484 3148 1541 per
3176 1471 3509 1541 precariam
3549 1473 3814 1528 concedi-

2157 1567 2314 1622 mus,
2340 1557 2405 1608 ut
2435 1555 2709 1626 quandiu
2739 1556 2866 1628 ipse
2928 1557 3240 1627 advixerit,
3268 1565 3325 1615 et
3349 1561 3633 1632 praedicta
3681 1563 3811 1633 ejus

394 1663 633 1714 eorum;
691 1648 795 1721 qui
825 1650 1104 1706 eamdem
1144 1651 1457 1707 ecclesiam
1483 1650 1557 1707 de
1598 1650 1899 1707 Walverio
1926 1650 2047 1706 tilio
2086 1651 2128 1707 Β
2159 1640 2285 1696 Οάἃ
2315 1657 2483 1709 ΠΧΟΓ,
2506 1648 2833 1717 utrumque
2863 1650 3097 1702 teneam
3128 1665 3141 1713 ;
3172 1653 3309 1721 post
3337 1648 3653 1706 decessum
3672 1667 3813 1707 vero

395 1734 698 1790 Gaucelini
727 1740 945 1803 tenent,
980 1737 1093 1793 sub
1125 1739 1297 1809 cujus
1306 1739 1481 1810 jussu
1505 1744 1825 1796 etassensu
1850 1738 2047 1795 Sancti

394 1823 620 1879 Martini
658 1824 972 1880 monachis
998 1826 1190 1881 venali
1217 1826 1555 1884 conditione
1572 1829 1645 1883 de
1683 1828 1912 1901 reliquo
1946 1828 2048 1883 ha-

392 1910 659 1969 bendam
685 1915 1037 1970 concedunt.
1065 1915 1292 1972 Habent
1339 1917 1699 1989 itaque.......
1733 1922 1789 1974 et
1826 1922 2045 1987 tenent,

394 2006 451 2056 et
480 2001 709 2074 absque
738 2002 855 2059 ulla
885 2003 1295 2076 inquietudine
1342 2006 1593 2077 alicujus
1619 2006 1884 2079 episcopi
1943 2022 2050 2061 seu

396 2090 648 2161 alicujus
678 2092 939 2148 hominis
971 2094 1048 2149 ab
1076 2094 1366 2151 hodierna
1394 2096 1488 2152 die
1517 2101 1573 2151 et
1610 2096 1891 2168 deinceps
1916 2113 2047 2151 mo-

392 2181 569 2237 nachi
600 2184 714 2237 Deo
753 2188 808 2238 et
833 2187 1038 2239 sancto
1065 2185 1308 2241 Martino
1333 2184 1478 2241 inibi
1504 2185 1864 2242 famulantes
1899 2203 2050 2259 prae-

392 2270 577 2327 fatam
594 2270 917 2327 ecclesiam
940 2276 999 2328 et
1018 2273 1319 2345 quidquid
1351 2274 1431 2330 ad
1477 2291 1612 2331 eam
1642 2275 1934 2347 pertinere
1965 2276 2048 2331 vi-

392 2358 583 2427 detur,
617 2375 820 2414 secure
873 2365 1075 2416 tenant
1122 2365 1301 2434 atque
1356 2363 1725 2435 possideant.
1777 2364 2049 2421 Consistit

394 2453 594 2504 autem
612 2448 737 2504 haec
765 2449 1014 2505 ecclesia
1035 2450 1096 2505 in
1122 2465 1281 2523 pago
1304 2452 1904 2509 Vindocinensihaud
1924 2453 2049 2508 lon-

393 2551 464 2605 ge
482 2536 568 2592 ab
599 2536 735 2609 ipso
763 2542 959 2593 castro
991 2538 1269 2609 seposita.
1327 2540 1582 2596 Nomina
1609 2557 1753 2596 vero
1806 2541 2046 2597 testium

391 2625 494 2698 qui
521 2624 600 2680 ad
628 2625 742 2681 hoc
772 2625 1143 2682 audiendum
1180 2627 1457 2699 producti
1506 2627 1748 2685 fuerunt
1803 2629 2045 2685 inferius

390 2713 675 2769 adnotata
695 2713 1101 2769 continentur:
1120 2715 1515 2771 Theodericus
1538 2717 1886 2789 capicerius,
1909 2718 2045 2787 Sigo

389 2806 738 2876 praecentor,
786 2801 1152 2871 Hildegarius
1194 2803 1442 2876 Pupilla,
1475 2805 1766 2872 Giroinus,
1818 2806 2047 2862 Rainal—

389 2890 504 2945 dus
532 2889 966 2958 vicedominus,
997 2891 1277 2947 Girardus
1322 2893 1615 2962 Bodellus,
1647 2894 1981 2950 Gauslinus.
2013 2919 2042 2945 ››

1182 2984 1249 3036 ΙΙ.

386 3068 474 3143 De
491 3067 923 3143 {eranivjllure
945 3083 1058 3143 per
1080 3073 1420 3138 precariam
1452 3072 1593 3128 dato
1615 3074 1819 3128 Gradu
1830 3074 1914 3143 lfo
1936 3075 2041 3129 mi-

425 3138 539 3209 liti,
557 3138 700 3195 etde
712 3139 1014 3195 Palisz'aco
1026 3140 1089 3195 in
1108 3145 1646 3211 recompensatz’one
1662 3144 1736 3200 ab
1753 3160 1817 3200 eo
1839 3138 2000 3201 dato.

908 3250 1055 3303 Ante
1084 3262 1315 3304 annum
1357 3253 1511 3307 1024.

383 3353 689 3429 [Genuam
720 3355 1076 3429 Documents
1100 3356 1331 3429 inedita
1344 3372 1451 3412 sur
1473 3359 1652 3429 l’ltist.
1683 3359 1755 3414 de
1781 3360 2037 3429 France,

451 3428 680 3502 tor-n.1,
696 3440 837 3502 pag:
872 3430 959 3502 99,
1008 3425 1092 3502 du
1138 3426 1461 3502 Cartulaire
1504 3427 1579 3484 de
1629 3429 1909 3502 l’abbaye
1964 3425 2040 3485 de

455 3494 783 3550 Saint—Pére
800 3494 874 3550 de
903 3496 1218 3567 Chartres.]

454 3621 483 3648 ‹‹
511 3603 575 3655 In
601 3599 851 3655 nomine
877 3604 1092 3656 sanctae
1122 3606 1179 3657 et
1206 3602 1530 3658 individuae
1582 3606 1896 3680 Trinitatis,
1936 3614 2040 3666 Pa-

382 3687 484 3743 tris
508 3687 799 3751 videlicet,
827 3693 884 3744 et
910 3689 1053 3756 Filii,
1077 3694 1133 3745 et
1160 3690 1408 3763 Spiritus
1454 3695 1663 3762 sancti,
1696 3699 2034 3770 FULBERTUS,

381 3776 577 3833 Gratia
607 3777 707 3833 Dei
757 3778 1209 3835 Carnotensium
1233 3782 1572 3855 episcopus,
1596 3789 1651 3840 et
1680 3784 1871 3844 abbas
1889 3791 2038 3847 San-

380 3865 455 3922 cti
508 3865 655 3921 Petri
705 3867 1053 3923 monasterii
1102 3870 1498 3938 Macesaunus,
1546 3876 1603 3928 et
1651 3879 2035 3947 congregatio

376 3953 650 4012 fratrum.

449 4066 479 4095 «
519 4048 734 4101 Notum
762 4061 891 4102 esse
928 4045 1211 4103 volumus
1268 4054 1490 4105 sanctae
1538 4051 1640 4107 Dei
1672 4056 1939 4111 Ecclesiae
1971 4059 2038 4113 ti-

377 4133 611 4189 delibus
643 4134 955 4203 universis,
971 4137 1364 4208 praesentibus
1389 4144 1567 4214 atque
1582 4142 1815 4214 futuris,
1840 4149 2033 4220 quali-

2157 1744 2385 1796 eorum,
2421 1736 2477 1791 et
2508 1738 2660 1788 terra
2684 1750 2869 1806 quam
2887 1735 3123 1808 damus,
3156 1742 3210 1793 et
3240 1737 3453 1794 alodus
3469 1739 3598 1812 jam
3627 1741 3814 1797 nomi-

2157 1822 2354 1888 natus,
2379 1819 2579 1892 quieta
2593 1825 2648 1875 et
2675 1820 2864 1877 solida
2895 1824 2973 1878 ad
3002 1841 3144 1879 usus
3164 1825 3409 1881 fratrum
3441 1827 3806 1898 perveniant.

2160 1906 2385 1963 Placuit
2408 1908 2623 1965 iterum
2654 1915 2716 1965 ut
2746 1911 2871 1967 haec
2901 1918 3104 1969 nostra
3141 1915 3457 1971 conventio
3484 1917 3544 1971 in
3576 1917 3811 1973 duabus

2159 1995 2377 2051 chartis
2404 1997 2773 2066 scriberetur,
2804 2016 3063 2073 quarum
3094 2018 3280 2058 unam
3301 2003 3618 2076 praedictus
3645 2005 3811 2061 miles

2156 2086 2420 2151 haberet,
2472 2087 2655 2143 altera
2714 2105 2854 2144 vero
2885 2091 3203 2146 nobiscum
3254 2098 3605 2149 remaneret.
3642 2096 3707 2150 Et
3750 2100 3815 2151 ut

2156 2176 2284 2232 haec
2305 2177 2887 2250 notitiapermaneat
2914 2179 3110 2252 ﬁrma,
3135 2186 3340 2237 nostra
3394 2182 3637 2238 nomina
3667 2184 3818 2240 assi-

2158 2266 2477 2336 gnavimus
2502 2268 2800 2323 etcomitis
2823 2268 3069 2340 Odonis,
3086 2286 3417 2344 eorumque
3444 2273 3692 2345 quihuic
3712 2290 3819 2330 ne~

2157 2354 2317 2424 gotio
2334 2354 2597 2410 maxime
2622 2355 3013 2412 interfuerunt
3041 2358 3289 2414 nomina
3320 2360 3814 2417 subnotavimus:

2159 2444 2214 2499 S.
2261 2442 2515 2499 Fulberti
2540 2443 2824 2516 episcopi.

2158 2529 2212 2584 8.
2256 2529 2460 2586 Odinis
2492 2531 2741 2587 comitis.

2157 2619 2212 2675 8.
2254 2620 2597 2689 Magenardi
2621 2621 2876 2677 abbatis.

2156 2708 2211 2762 S.
2256 2708 2521 2764 Durandi
2551 2710 2787 2765 decani.

2156 2796 2211 2851 S.
2248 2796 2500 2853 Arnulﬁ.

2198 2926 2211 2939 .
2253 2886 2554 2943 Marcuini.

2200 3014 2211 3026 .
2256 2975 2526 3032 Richerii.

2196 3107 2208 3119 .
2252 3064 2587 3133 Beringerii.

2195 3195 2207 3208 .
2252 3153 2499 3210 Wadrici
2511 3196 2523 3208 .

2196 3285 2207 3297 .
2252 3242 2493 3299 Letaldi.

2195 3374 2207 3386 .
2253 3331 2678 3405 Christophori.

2195 3462 2206 3474 .
2253 3418 2585 3476 Gauzberti.

2195 3553 2206 3564 .
2250 3507 2608 3564 Guinefredi.

2193 3641 2205 3653 .
2250 3597 2489 3654 Otberti.

2193 3729 2204 3741 .
2246 3686 2506 3742 Huberti.

2191 3817 2204 3830 .
2247 3775 2506 3832 Huberti.

2192 3909 2204 3921 .
2245 3865 2543 3934 Rodberti,
2578 3871 2635 3924 et
2661 3871 3029 3924 caeterorum.
3056 3892 3085 3919 ››

2214 3976 2351 4031 Post
2395 3978 2652 4031 mortem
2700 3975 2947 4048 quidem
2995 3976 3259 4033 Gradulﬁ
3308 3981 3365 4034 et
3423 3978 3620 4035 uxoris
3671 3980 3815 4051 ejus

2146 4063 2307 4131 Odm,
2336 4064 2410 4121 de
2441 4065 2796 4138 supradictis
2814 4064 2979 4122 terris
2997 4065 3185 4122 multa
3201 4065 3362 4123 mala
3378 4068 3648 4141 perpessi
3662 4074 3816 4127 sunt

2145 4153 2428 4210 monachi
2487 4171 2523 4210 a
2564 4153 2912 4227 parentibus
2962 4154 3409 4228 przedictorum,
3463 4157 3813 4214 dicentibus

2156 2884 2191 2941 S

2156 2975 2191 3031 8

2153 3065 2188 3120 8

2153 3156 2187 3210 8

2153 3244 2188 3298 8

2153 3335 2187 3387 8

2152 3421 2186 3477 8

2151 3510 2186 3565 8

2150 3600 2185 3655 8

2149 3688 2185 3744 8

2149 3776 2184 3832 8

2149 3865 2184 3921 8

377 4225 465 4278 ter
476 4227 611 4279 ante
632 4229 899 4279 nostram
917 4227 1295 4297 praesentiam
1312 4230 1553 4287 veniens
1566 4233 1739 4290 miles
1759 4238 2033 4311 quidam,
2138 4242 2274 4312 jure
2307 4241 2421 4297 sibi
2441 4225 2777 4315 competere
2807 4225 2985 4314 quod
2998 4248 3275 4316 parentes
3305 4262 3514 4302 eorum
3568 4252 3709 4304 ante
3740 4264 3814 4304 se

376 4310 619 4408 nomine
650 4312 989 4408 Gradulfus,
1021 4315 1321 4408 humiliter
1376 4321 1652 4392 expetivit
1677 4329 1739 4379 ut
1767 4325 1841 4382 de
1885 4310 2031 4400 qua-
2067 4351 2111 4403 ι)
2142 4310 2253 4386 visi
2275 4334 2416 4386 sunt
2440 4310 2656 4386 tenere.
2710 4310 2873 4387 Unde
2923 4310 3228 4402 monachi,
3274 4332 3573 4390 inﬁnitam
3620 4351 3818 4408 pecu-

376 4399 522 4457 dam
546 4405 701 4456 terra
725 4401 907 4457 nostri
922 4404 1189 4475 praedicti
1209 4409 1553 4464 monasterii
1567 4399 2034 4482 precariamﬂsibi

360 4489 728 4558 iaceremus,
748 4494 805 4546 et
822 4491 970 4564 ipse,
988 4510 1100 4566 pro
1113 4498 1688 4569 recompensatione,
1704 4507 2032 4575 quemdam

2141 4420 2565 4489 niamdantes,
2587 4419 2850 4487 tandem,
2882 4421 3003 4476 Deo
3033 4421 3379 4496 opitulante,
3408 4423 3473 4479 in
3505 4424 3630 4480 suis
3688 4426 3821 4482 usi-

2141 4509 2256 4565 bus
2280 4513 2661 4567 retorserunt.

377 4623 2717 4662 ___________________________

1229 4704 1581 4824 VITA
1677 4709 2195 4835 SANCTI
2286 4718 2931 4839 AUBEBTI

1654 4915 2146 4966 CAMERACENSIS
2189 4921 2507 4977 EPISCOPI,

1090 5020 1513 5099 AUCTORE,
1572 5028 1686 5131 U'\I‘
1753 5032 2154 5111 VIDETUR,
2188 5036 2531 5098 .SANCTO
2594 5036 3059 5101 FULBERTO.

1689 5162 1883 5237 (Apud
1929 5166 2187 5239 Surium,
2216 5171 2279 5225 l3
2311 5170 2474 5242 Dec.)

1002 5360 1389 5418 PROLOGUS.

2133 5372 2488 5429 arbitrantes
2510 5389 2571 5428 se
2600 5374 2796 5429 vivere
2825 5377 2960 5447 post
2985 5378 3260 5443 mortem,
3296 5376 3346 5433 si
3397 5376 3492 5431 sui
3520 5376 3811 5433 nominis

443 5438 652 5539 Multos
671 5443 1045 5539 saecularium
1069 5448 1269 5517 gloriae
1299 5454 1646 5525 temporalis
1703 5472 1837 5529 spes
1863 5472 2025 5515 vana
2132 5461 2488 5518 memoriam
2518 5462 2576 5517 in
2605 5438 2876 5535 posterds
2899 5479 3089 5536 usque
3120 5438 3454 5535 dilatarent,
3501 5466 3655 5523 dum
3682 5482 3816 5539 per

372 5529 792 5620 saepedelusit,
826 5550 980 5607 quos
1008 5537 1438 5597 immoderatus
1487 5544 1681 5601 laudis
1724 5549 2021 5620 appetitus

369 5618 1447 5688 adsubeundos'laboresettoleranda
1457 5618 2018 5706 periculaaccendit,

2134 5550 2521 5623 triumphales
2547 5553 2943 5626 corruptibilis
2968 5568 3209 5626 pompae
3231 5555 3428 5611 titulos
3446 5555 3654 5611 fabula
3684 5572 3811 5612 eos

2130 5638 2327 5696 inanis
2341 5641 2630 5698 recitaret.
2656 5643 2784 5705 Qua
2802 5656 3007 5698 rerum
3029 5642 3500 5715 speciwquidam
3518 5644 3815 5717 philoso-
