3996 6176
229 182 307 235 357
925 192 930 196 ·
1528 166 1688 222 γΙΤΑ
1724 164 1785 221 8.

1959 165 2186 222 'BEBTI.

3461 181 3565 235 358

224 301 427 373 phorum
450 294 673 350 inanter
726 290 980 353 excitati,
1012 289 1320 362 popularis
1350 304 1509 345 aurae
1546 288 1803 357 gratiam
1833 293 1881 343 Α
1918 288 2276 357 caligantem
2296 292 2557 349 veritatis
2585 292 2812 351 lumine
2841 294 3288 364 illustrarent,et
3317 299 3574 358 virulen-

130 454 133 455 ν
222 390 486 460 rapientes,
515 383 658 437 dum
688 396 751 436 se
814 380 1086 435 inlirmos
1138 379 1461 434 tolerandis
1499 378 1806 433 laboribus

220 476 463 540 sentirent,
490 487 605 528 non
637 470 813 526 simili
842 470 1069 535 labore,
1130 469 1233 525 sed
1290 469 1551 525 consorti
1588 482 1803 534 errore,

216 566 270 622 ad
294 560 575 621 scribenda
595 565 763 629 gesta
786 558 1167 615 saecularium
1222 558 1483 613 virorum
1513 573 1578 612 se
1610 555 1807 612 studio

213 654 467 709 accinxere
489 667 503 717 ;
528 648 810 721 qui,dum
838 647 1024 703 vitam
1055 646 1236 702 aliam
1279 646 1646 715 nesciebant,
1692 645 1808 700 hoc

213 743 296 799 sibi
320 741 388 796 ad
413 739 729 812 quemdam
760 736 932 811 quasi
966 736 1221 792 fructum
1260 735 1646 791 beatitudinis
1672 751 1807 806 prc-

207 833 346 887 ﬁcere
371 828 753 891 testimabant,
784 828 833 882 si
862 826 1160 882 scribendi
1201 826 1537 893 occasione,
1568 825 1808 895 ingenia

210 938 300 976 suae
326 919 555 975 solertiae
584 918 645 973 in
684 916 1039 972 memoriam
1093 916 1346 988 posteris
1404 914 1803 987 reliquissent.

208 1009 569 1066 Sedlectorem
599 1022 804 1061 meum
831 1021 1010 1077 super
1040 1003 1132 1059 his
1183 1004 1437 1060 obsecro
1484 1003 1632 1075 quid
1663 1003 1809 1058 alter

205 1097 351 1159 alteri,
378 1095 513 1168 quid
543 1095 657 1150 sibi
686 1098 933 1166 uterque
966 1092 1235 1166 praestitit
1294 1092 1512 1148 talibus
1543 1091 1752 1147 studiis
1779 1092 1806 1145 ‘2

202 1186 322 1253 Quid
346 1185 490 1240 enim
520 1184 831 1239 Dardanus
859 1183 1073 1238 ductor
1100 1186 1203 1238 aut
1224 1181 1477 1237 Rutulus
1506 1180 1671 1237 ferox
1698 1197 1806 1235 suo

199 1274 397 1343 Maroni,
419 1278 516 1328 aut
544 1273 654 1327 iste
680 1270 929 1327 contulit
974 1271 1075 1341 illi,
1110 1288 1247 1326 cum
1301 1286 1555 1343 corpora
1598 1270 1807 1325 vermi-

196 1364 302 1433 bus,
328 1363 549 1419 animas
578 1361 794 1417 dedere
823 1361 997 1415 saevis
1051 1360 1291 1429 ignibus
1317 1361 1344 1414 ?
1390 1360 1578 1428 Di‘gno
1604 1358 1803 1431 plane,

198 1454 277 1508 sed
300 1453 499 1520 ﬂenda,
558 1466 829 1506 errorum
870 1466 1120 1505 suorum
1159 1448 1561 1505 remuneratio
1594 1448 1606 1502 Σ

196 1542 449 1598 adversm
482 1540 916 1597 beatitudinem
944 1540 1071 1594 hﬂBC
1100 1555 1311 1594 eorum
1368 1538 1614 1593 intentio
1654 1537 1809 1610 aspi-

193 1631 329 1687 rabat
350 1646 493 1703 quos
523 1634 757 1685 constat
787 1645 1034 1684 suorum
1060 1627 1317 1683 fructum
1345 1615 1621 1683 laborum
1646 1644 1807 1699 quee-
1832 1647 1877 1698 Β

200 1720 318 1775 sisse
334 1720 388 1775 in
418 1719 619 1785 rebus,
651 1718 874 1791 quibus
904 1717 1069 1773 nulla
1099 1717 1210 1772 sibi
1239 1717 1489 1772 oriretur
1515 1734 1692 1773 causa
1724 1733 1813 1772 sa-

195 1808 317 1874 lutis,
346 1825 443 1865 nec
468 1807 767 1881 profuturi
786 1811 989 1863 essent
1014 1807 1091 1862 ad
1124 1806 1477 1861 memoriam
1499 1806 1808 1879 posterita-

197 1898 268 1954 tis.
292 1899 387 1955 Sed
409 1899 554 1971 quia
600 1898 885 1969 scriptum
945 1900 1071 1951 est:
1134 1900 1196 1950 In
1246 1896 1539 1951 memoria
1589 1900 1811 1951 aeterna

198 1992 335 2043 erunt
352 1988 481 2058 justi
512 1988 706 2055 (Psal.
741 1987 878 2057 cxx),
920 1985 1055 2041 licet
1081 1985 1166 2041 eis
1194 1990 1402 2040 nostra
1432 1985 1654 2051 fragilis
1684 2002 1810 2040 me-

197 2076 349 2132 moria
368 2092 481 2131 non
519 2075 782 2131 sufﬁciat
819 2074 899 2131 ad
929 2074 1235 2147 propriam
1269 2073 1519 2142 gloriam
1549 2090 1810 2146 quorum

195 2166 395 2220 nomina
420 2165 479 2219 in
509 2164 669 2219 libro
698 2164 831 2219 vitae
858 2168 997 2218 sunt
1022 2163 1261 2235 scripta,
1312 2168 1510 2218 tamen
1555 2162 1812 2232 dignum

195 2254 328 2310 valde
355 2258 435 2311 est
457 2259 513 2311 et
546 2271 783 2310 summe
814 2254 953 2309 utile
994 2270 1201 2309 eorum
1233 2253 1308 2309 ad
1340 2252 1583 2309 laudem
1612 2254 1811 2309 Domi-

194 2344 239 2398 ni
257 2344 525 2399 imitanda
564 2348 727 2413 gesta
767 2342 1025 2399 recolere
1051 2358 1313 2416 quorum
1337 2342 1459 2397 vita
1488 2342 1812 2398 sanctitatis

191 2432 456 2503 profutura
481 2437 579 2487 est
628 2432 705 2487 ad
734 2430 1193 2487 aediﬁcationem
1240 2430 1597 2500 legentibus,
1649 2436 1705 2487 et
1732 2431 1811 2486 ad

192 2520 597 2577 aemulationem
645 2521 932 2575 virtutum
997 2519 1401 2575 audientibus.
1454 2519 1634 2589 igitur
1686 2536 1811 2575 non

191 2606 337 2664 uetus
363 2609 596 2665 solertis
626 2624 740 2680 ope
768 2607 1009 2677 ingenii,
1040 2608 1144 2662 sed
1176 2607 1429 2679 Spiritus
1459 2607 1651 2679 sancti
1684 2623 1814 2676 gra-

190 2697 249 2752 tia
272 2697 445 2754 ﬁdens
474 2714 583 2753 me
609 2713 788 2769 posse
812 2696 1032 2768 juravi,
1064 2712 1261 2768 pauca
1279 2696 1528 2768 quidem
1547 2712 1579 2752 e
1610 2697 1813 2752 multis

190 2786 401 2843 scribere
428 2786 726 2861 proposui
757 2802 893 2858 quas
925 2801 1031 2857 per
1061 2786 1307 2841 beatum
1338 2785 1689 2841 Autbertum
1715 2803 1812 2841 su-

188 2890 339 2945 perna
358 2877 553 2946 gratia
587 2875 666 2931 ad
694 2874 937 2930 laudem
967 2874 1059 2930 sui
1108 2880 1165 2929 et
1191 2874 1594 2929 ostensionem
1619 2875 1812 2931 fidelis

191 2964 259 3017 sui
283 2965 634 3021 confessoris
680 2964 931 3033 dignata
981 2967 1070 3018 est
1099 2964 1375 3057 _operari.
1434 2965 1575 3057 Qum
1632 2964 1886 3057 etiame

191 3053 718 3123 probatissimorum
747 3054 1015 3109 virorum
1033 3052 1315 3109 relatione
1329 3052 1637 3119 didici,aut
1650 3068 1814 3125 spar-

192 3141 277 3196 sim
301 3143 355 3198 in
390 3144 577 3200 sacris
623 3142 907 3199 chartulis
954 3141 1171 3215 scripta
1224 3141 1436 3214 reperi,
1478 3147 1543 3197 ut
1597 3142 1818 3198 habeat

192 3234 425 3288 sanctum
456 3233 589 3303 ejus
610 3231 930 3301 collegium
955 3230 1034 3286 ad
1061 3230 1305 3285 laudem
1334 3230 1668 3287 Conditoris
1694 3246 1816 3303 quo

191 3333 236 3372 se
256 3318 343 3375 die
365 3321 623 3377 solemni
648 3320 708 3375 in
747 3318 965 3375 divinis
1016 3318 1273 3375 cultibus
1332 3324 1621 3389 exerceat,
1653 3324 1707 3375 et
1737 3318 1818 3375 ad

191 3407 596 3465 aemulationem
623 3407 811 3463 sancti
838 3407 1035 3480 operis
1058 3423 1181 3480 quo
1209 3407 1636 3479 proﬁciat.Qua
1664 3408 1725 3463 in
1754 3424 1817 3463 re

190 3492 430 3554 lectorem
458 3514 675 3554 meum
730 3496 981 3552 obsecro
1026 3501 1112 3567 ut,
1169 3497 1221 3552 si
1262 3497 1511 3553 fortasse
1561 3498 1819 3554 incultus

192 3598 352 3641 sermo
394 3587 622 3660 peritas
675 3602 852 3642 aures
890 3585 1226 3659 perculerit,
1278 3586 1474 3642 discat
1508 3586 1819 3661 imperitiae

189 3675 390 3731 veniam
426 3678 599 3747 dare,
648 3692 788 3732 cum
842 3676 1031 3732 sciam
1079 3676 1139 3731 in
1196 3676 1481 3732 humanis
1550 3677 1820 3749 partibus

191 3762 306 3820 nihil
324 3766 657 3839 perfectum
684 3781 819 3821 esse
844 3783 858 3833 ;
890 3781 999 3821 nec
1032 3770 1262 3821 tantum
1283 3766 1641 3839 periclitetur
1657 3766 1817 3839 apud

189 3866 299 3909 eum
320 3856 577 3912 audacia
611 3855 922 3910 scribentis
967 3860 1264 3927 quantum
1322 3855 1514 3911 valeat
1561 3856 1821 3925 dignitas

190 3937 524 4014 imperantis.
552 3943 623 3999 id
652 3958 790 3999 vero
816 3943 1003 3999 lector
1032 3960 1069 3999 a
1094 3943 1269 3999 nobis
1326 3944 1598 3999 curiosus
1628 3944 1822 4017 requi-

190 4044 421 4088 rerenon
448 4033 638 4089 debet
665 4032 909 4089 utbeati
966 4032 1076 4109 viri
1115 4036 1280 4102 gesta
1338 4033 1681 4089 continendi
1733 4050 1823 4089 or-

192 4117 299 4176 dine
317 4124 682 4192 scribantur,
731 4122 1004 4178 videlicet
1031 4123 1254 4195 quibus
1286 4122 1576 4178 oriundus
1616 4122 1822 4178 natali-

190 4206 298 4279 bus,
324 4213 547 4284 quibus
576 4211 760 4266 initiis
793 4217 1001 4267 sancta
1029 4211 1300 4281 infantia,
1338 4211 1560 4284 quibus
1590 4211 1823 4267 adoles-

190 4299 345 4354 centia
372 4298 688 4356 miraculis
726 4299 958 4369 claruit,
988 4299 1138 4354 dum
1194 4299 1482 4367 intelligat
1511 4299 1823 4355 miraculo—

186 4388 437 4458 rumejus
468 4404 785 4444 summam
827 4392 895 4444 et'
931 4404 1220 4458 magnam
1249 4393 1481 4460 partem
1535 4405 1571 4444 a
1617 4392 1822 4444 nostra

187 4475 364 4533 notitia
391 4479 601 4534 latere.
645 4478 815 4543 Quod
874 4481 1028 4533 certe
1077 4476 1332 4532 dubium
1388 4482 1476 4532 est
1524 4482 1718 4533 utrum
1762 4476 1823 4532 id

187 4565 513 4639 scriptorum
548 4567 806 4636 ignaviae
833 4566 1049 4621 debeat
1072 4566 1354 4638 imputari
1404 4582 1481 4621 an
1501 4567 1664 4636 justo
1724 4566 1825 4622 Dei

183 4649 379 4719 judicio
407 4656 660 4720 ascribi,
683 4656 787 4729 qui
812 4656 1018 4712 stellas
1039 4655 1271 4711 claudit
1301 4656 1475 4725 quasi
1498 4655 1606 4710 sub
1627 4657 1828 4726 signa-

184 4742 298 4799 culo
318 4745 448 4814 (Job
471 4748 581 4817 ix),
628 4744 796 4812 dum,
849 4742 1121 4799 videlicet
1148 4743 1520 4813 exigentibus
1568 4744 1825 4818 peccatis

184 4831 482 4905 malorum,
510 4835 638 4889 vita
660 4832 1051 4890 absconditur
1074 4832 1397 4889 bonorum.

242 5011 277 5063 I.
308 5012 488 5081 igitur
516 5013 805 5068 humanae
861 5011 1209 5085 perditionis
1267 5015 1487 5067 sortem
1512 5011 1829 5067 miseratus

182 5096 318 5156 Deus
343 5106 402 5158 et
432 5101 731 5159 Dominus
780 5106 983 5158 noster
1037 5104 1204 5157 Jesus
1244 5099 1526 5168 Christus,
1570 5102 1827 5173 peractis

182 5193 428 5257 paternae
482 5191 902 5263 dispositionis
955 5190 1370 5258 sacramentis,
1423 5194 1480 5247 et
1502 5191 1581 5247 ad
1609 5191 1830 5248 caelum

181 5276 463 5338 rediturus
478 5297 831 5354 novamque
860 5280 1115 5337 victricis
1137 5279 1333 5337 carnis
1359 5278 1614 5350 gloriam
1631 5286 1830 5353 pater-

183 5370 263 5422 nis
285 5371 558 5427 vultibus
612 5375 1102 5443 praesentaturus,
1158 5386 1350 5426 novos
1390 5370 1691 5426 nascentis
1730 5375 1831 5427 Ec~

184 5454 355 5515 desiaa
380 5460 668 5527 cultores,
698 5460 920 5533 quibus
950 5459 1147 5531 gregis
1176 5457 1395 5514 novelli
1416 5475 1559 5515 cura
1583 5461 1832 5518 manda-

183 5552 347 5619 retur,
379 5549 589 5619 elegit.
617 5551 740 5620 Qui,
795 5550 1020 5606 lumine
1074 5550 1214 5605 ﬁdei
1255 5548 1539 5617 irradiati,
1584 5551 1834 5624 Spiritus

186 5638 364 5695 sancti
384 5653 646 5696 munere
672 5640 860 5708 ditati,
877 5639 1181 5697 mundum
1196 5639 1547 5710 ignorantiae
1576 5641 1835 5699 tenebris

1918 382 1975 433 ta
1993 379 2223 451 antiqui
2251 382 2580 439 seductoris
2610 385 2845 441 semina
2865 384 2942 441 de
2959 402 3106 456 agro
3139 387 3412 445 Ecclesiae
3435 405 3576 447 con-

1917 471 2138 524 stanter
2174 477 2529 527 resecarent.
2586 472 2776 544 Hujus
2826 475 3148 532 Dominicis
3189 476 3575 536 institutionis

1916 563 2288 615 exsecutores
2316 561 2492 632 primi
2521 561 2818 634 discipuli,
2847 563 3062 620 deinde
3085 582 3575 625 successores”-

1914 662 2071 716 rum,
2104 649 2293 705 sancti
2322 650 2597 707 videlicet
2625 652 2899 707 doctores
2944 654 3292 711 exstiterunt
3328 673 3485 729 quos
3508 656 3576 714 in

1916 734 2034 791 ﬁne
2061 740 2421 795 senescentis
2450 740 2663 796 mundi
2695 742 2772 796 ad
2802 742 3165 798 excolendas
3189 751 3419 801 mentes
3434 746 3579 802 ﬁde—

1914 823 2063 879 lium
2093 828 2467 897 providentia
2483 828 2684 885 divina
2713 830 3271 901 praeordinavitﬂui
3301 833 3576 905 spiritua-

1914 912 2062 969 lium
2092 914 2312 972 talenta
2337 917 2638 972 donorum
2669 935 2705 973 a
2735 935 2978 975 summo
3029 921 3455 977 Patrefamilias
3474 940 3575 979 ac-

1916 1002 2197 1076 cipientes
2227 1009 2301 1071 et,
2335 1007 2701 1077 praedicandi
2734 1009 2994 1079 negotio,
3048 1009 3127 1065 ad
3155 1026 3407 1067 usuram
3454 1011 3580 1069 ani-

1917 1109 2155 1148 marum
2181 1096 2606 1167 expendentes,
2636 1102 2801 1153 tanto
2827 1098 3160 1171 impensius
3209 1100 3578 1173 ampliﬁcare

1918 1181 2272 1238 studuerunt
2298 1188 2529 1256 quanto
2556 1185 2836 1241 certiores
2861 1191 3028 1242 erant
3056 1186 3131 1242 de
3151 1189 3579 1245 remuneratio-

1916 1286 1990 1325 ne
2024 1272 2359 1344 Largitoris,
2390 1278 2450 1329 et
2478 1275 2829 1343 evangelica
2858 1275 3150 1331 sententia
3176 1278 3475 1333 conterriti
3496 1277 3578 1333 de

1917 1359 2305 1416 damnatione
2358 1363 2645 1433 torpentis
2695 1362 2869 1418 servi.
2912 1367 2993 1419 De
3040 1374 3299 1435 quorum
3325 1381 3580 1422 numero

1918 1453 2160 1503 sanctus
2189 1449 2296 1515 vir,
2321 1449 2605 1507 dominus
2637 1451 2957 1507 Autbertus
2972 1456 3031 1507 et
3050 1452 3332 1508 sacerdos
3365 1452 3580 1509 Christi

1915 1536 2399 1608 probatissimus,
2441 1539 2685 1607 refulsit,
2738 1540 3108 1614 temporibus
3146 1541 3466 1610 Dagoberti
3492 1557 3580 1598 re-

1918 1626 2007 1695 gis
2040 1629 2406 1683 Francorum
2452 1628 2679 1701 inclyti.
2712 1630 2842 1701 Qui,
2874 1630 2953 1685 ab
3002 1629 3148 1701 ipsis
3171 1646 3355 1686 sacrae
3386 1631 3580 1702 pueri-

1917 1715 2010 1770 tiae
2040 1716 2234 1786 annis,
2269 1732 2533 1789 superna
2562 1718 2752 1787 gratia
2782 1719 3079 1792 aspiratus
3124 1734 3389 1776 annosos
3415 1720 3578 1777 viros

1918 1804 2135 1860 sanctis
2164 1806 2415 1878 praeibat
2439 1807 2733 1862 moribus.
2762 1807 3135 1863 Litteralibus
3158 1808 3421 1881 denique
3460 1813 3579 1865 stu-

1916 1892 2029 1948 diis
2060 1894 2309 1950 traditus
2341 1899 2398 1951 et
2420 1895 2844 1951 ecclesiasticis
2867 1896 3278 1952 sanctionibus
3302 1896 3581 1954 decenter

1915 1980 2292 2045 informatus.
2323 2000 2431 2057 per
2456 1986 2680 2055 gradus
2708 1985 2979 2056 singulos
3010 1986 3348 2058 proﬁciens,
3380 2000 3582 2042 succe‘

1917 2071 2195 2128 dentibus
2216 2073 2497 2129 virtutum
2552 2074 2950 2141 incrementis,
3008 2079 3326 2147 provectus
3366 2080 3461 2132 est
3492 2075 3580 2131 ad

1917 2162 2156 2219 culmen
2186 2163 2570 2220 sacerdotalis
2592 2165 2859 2220 honoris.
2897 2168 2976 2220 Ex
3006 2169 3180 2236 gente
3205 2165 3408 2239 itaque
3423 2170 3581 2221 sorte

1916 2252 2184 2307 mortalis
2210 2256 2434 2307 naturae
2466 2253 2714 2322 contigit
2766 2253 3075 2310 Albertum
3130 2253 3581 2311 Cameracensis

1920 2340 2079 2396 sedis
2108 2341 2483 2414 episcopum,
2515 2342 2789 2414 deposito
2838 2342 3035 2398 carnis
3091 2359 3292 2413 onere,
3332 2343 3412 2399 de
3465 2344 3581 2399 hoc

1917 2431 2147 2486 mundo
2171 2430 2492 2487 transiisse.
2528 2431 2737 2487 Divina
2788 2431 2966 2501 igitur
2984 2432 3336 2504 operatione
3362 2436 3582 2489 cuncta

1919 2519 2232 2576 salubriter
2258 2521 2636 2593 disponente,
2665 2520 2983 2576 Autbertus
3012 2521 3101 2576 vir
3122 2521 3485 2593 conspicuus
3508 2525 3576 2576 ot

1922 2624 2232 2664 successor
2264 2609 2567 2680 emeritus,
2598 2608 2922 2681 proﬁciens
2952 2609 3027 2664 de
3076 2608 3289 2665 virtute
3313 2609 3374 2663 in
3405 2609 3584 2664 virtu-

1920 2701 2059 2764 tem,
2088 2697 2362 2768 ejusdem
2391 2697 2549 2752 sedis
2564 2696 2972 2770 pontiﬁealem
3003 2698 3241 2752 sortitus
3271 2701 3359 2752 est
3376 2695 3582 2765 digni-

1919 2792 2122 2844 tatem.
2155 2791 2333 2844 Porro
2363 2788 2647 2844 humanae
2668 2789 2876 2844 salutis
2904 2792 3141 2855 Auctor,
3166 2787 3436 2860 prescius
3472 2801 3581 2842 an-

1890 2874 1895 2877 ⁴
1921 2876 2153 2948 tiquum
2178 2877 2409 2932 hostem
2425 2881 2589 2933 tanto
2610 2877 2920 2933 ardentius
2947 2890 3189 2947 gregem
3204 2876 3585 2933 Dominicum
3644 2898 3651 2903 ’

1921 2965 2331 3022 insecuturum
2356 2970 2590 3039 quanto
2617 2965 2889 3035 vicinius,
2918 2966 3174 3022 instante
3212 2966 3331 3022 ﬁne
3356 2965 3583 3034 saeculi,

1925 3054 2097 3110 sciret
2123 3054 2270 3109 nihil
2301 3070 2611 3126 superesse
2641 3055 2808 3126 quod
2837 3055 2917 3110 ad
2947 3054 3305 3110 tentandum
3344 3055 3583 3111 artibus

1927 3143 2049 3198 suis
2080 3142 2324 3198 ulterius
2360 3143 2672 3215 potuisset,
2727 3142 3017 3199 adversus
3073 3143 3406 3215 tyrannidis
3457 3144 3587 3214 ejus

1924 3230 2245 3304 imperium
2264 3230 2533 3287 validum
2588 3230 2954 3287 defensionis
2982 3231 3158 3287 nobis
3187 3231 3424 3304 paravit
3451 3231 3591 3287 obs-

1926 3320 2374 3391 taculum,dans
2396 3320 2577 3376 nobis
2603 3320 3258 3391 Autbertum,videlioet
3285 3319 3590 3390 gregissui

1926 3417 2229 3486 pastorem
2260 3411 2784 3483 vigilantissimum
2814 3417 2871 3468 et
2899 3412 3214 3468 custodem
3246 3411 3589 3469 animarum

1925 3500 2305 3557 ﬁdissimum.

2000 3594 2064 3647 ll.
2100 3591 2460 3648 Constitutus
2492 3595 2695 3647 autem
2722 3590 2783 3646 in
2826 3590 2967 3647 sede
2998 3589 3346 3663 pontiﬁcali,
3386 3589 3589 3662 qualis

1928 3684 2306 3753 quantusque
2337 3681 2399 3735 in
2426 3696 2501 3736 ea
2525 3680 2751 3751 vixerit,
2782 3696 2908 3736 non
2937 3684 3025 3736 est
3048 3684 3267 3736 nostra:
3294 3679 3594 3752 possibili-

1928 3769 2061 3825 tatis
2087 3768 2379 3825 evolvere.
2410 3768 2598 3824 Altius
2636 3770 2798 3824 enim
2850 3769 3071 3825 eminet
3094 3785 3282 3841 quam
3324 3768 3444 3823 ullo
3474 3783 3591 3823 ser-

1929 3872 2109 3911 mone
2137 3856 2361 3911 includi
2393 3856 2602 3911 valeat.
2659 3856 2946 3911 Animalis
2993 3856 3153 3911 enim
3190 3856 3375 3911 homo
3407 3854 3592 3928 perci-

1930 3960 2069 4016 pere
2098 3960 2219 3999 uon
2246 3948 2442 4016 potest
2472 3948 2735 4016 quantus
2764 3943 2860 3998 hic
2883 3943 3055 3998 ﬁxerit
3075 3943 3136 3998 in
3156 3943 3345 3998 oculis
3371 3941 3593 3997 summi

1932 4031 2243 4098 Creatoris,
2278 4031 2373 4087 cui
2402 4031 2549 4086 nihil
2579 4034 2705 4086 erat
2757 4044 3078 4085 commune
3124 4046 3265 4085 cum
3308 4029 3592 4085 amatori-

1931 4121 2047 4177 bus
2076 4120 2310 4191 mundi,
2338 4125 2551 4191 praeter
2580 4119 2747 4192 quod
2769 4135 2925 4174 curae
2950 4119 3237 4192 pastorali
3277 4118 3594 4175 necessitu-

1933 4209 2071 4265 dine
2102 4209 2419 4265 videbatur
2448 4209 2663 4264 arctari
2697 4226 2709 4277 ;
2742 4224 2931 4280 quam
2979 4208 3027 4263 si
3083 4208 3373 4265 inoffense
3422 4207 3598 4264 decli-

1933 4315 2080 4355 nare
2110 4298 2423 4372 potuisset,
2455 4314 2599 4353 vera
2626 4297 2776 4352 ﬁdes
2806 4302 2899 4353 est
2923 4297 3067 4370 quia
3111 4299 3595 4371 eremumpotius

1935 4406 2121 4464 quam
2146 4387 2578 4445 monasterium
2598 4387 2933 4459 delegisset.
2964 4389 3479 4461 Frequentabatur
3495 4387 3599 4456 igi-

1932 4485 2027 4536 tur
2054 4497 2091 4535 a
2117 4478 2376 4551 populis,
2409 4494 2483 4533 ex
2507 4477 2712 4533 vicinis
2742 4482 2799 4533 et
2821 4478 3031 4550 procul
3060 4478 3303 4535 remotis
3345 4476 3597 4533 urbibus

1933 4568 2278 4629 catervatim
2328 4567 2407 4623 ad
2464 4583 2605 4622 eum
2655 4566 3117 4622 conﬂuentibus.
3180 4566 3311 4634 Qui,
3366 4562 3597 4618 eximiae

1934 4656 2399 4713 conversationis
2446 4656 2611 4712 fama
2636 4654 2892 4721 excitati,
2933 4654 3134 4711 videre
3162 4669 3303 4708 eum
3327 4650 3502 4707 anxie
3527 4649 3602 4705 si-

1936 4746 2178 4803 tiebant.
2204 4748 2337 4802 tam
2384 4761 2547 4814 vero,
2602 4744 2716 4800 nisi
2767 4760 2944 4800 sexus
2990 4742 3262 4798 alternus
3287 4738 3595 4812 impediat,

1935 4851 2075 4892 eum
2102 4850 2374 4908 personae
2404 4832 2677 4903 dignitati
2702 4832 2920 4901 faveat,
2944 4828 3432 4898 videasreginam
3452 4832 3600 4883 Aus-

1936 4926 2007 4983 tri
2030 4925 2337 4998 requirere
2368 4923 2728 4996 sapientiam
2775 4919 3131 4988 Salomonis,
3152 4933 3361 4988 regem
3400 4916 3603 4973 videli-

1936 5021 2028 5072 cet
2051 5013 2525 5071 festinantemad
2555 5011 2831 5068 consulta
2867 5008 3185 5083 pontiﬁcis.
3228 5011 3376 5064 Nam
3396 5011 3599 5077 Dago-

1935 5104 2160 5174 bertus,
2181 5104 2286 5176 qui
2316 5107 2454 5158 tunc
2486 5101 2771 5174 temporis
2796 5100 2948 5155 inter
3003 5096 3402 5168 Francigenas
3432 5096 3602 5169 regni

1937 5192 2355 5251 monarchiam
2380 5191 2645 5261 regebat,
2677 5188 3080 5246 celeberrime
3122 5187 3422 5261 opinionis
3450 5202 3603 5244 nun-

1939 5283 2032 5339 tiis
2057 5281 2245 5337 semel
2275 5280 2585 5346 excitatus,
2647 5277 2921 5351 deposito
2968 5278 3127 5334 fastu
3156 5276 3378 5348 regalis
3407 5277 3601 5334 excel-

1938 5370 2154 5438 lentia“,
2183 5369 2393 5425 crebro
2437 5368 2516 5423 ad
2566 5383 2704 5423 eum
2761 5367 3041 5423 veniebat
3078 5372 3162 5433 et,
3194 5366 3333 5423 licet
3389 5363 3603 5422 terreni

1940 5461 2110 5533 regni
2138 5459 2389 5533 imperio
2432 5457 2811 5528 sublimatus,
2842 5457 3120 5530 cupiebat
3150 5461 3353 5513 tamen
3377 5454 3451 5509 de
3488 5469 3605 5509 cce-

1940 5551 2071 5607 lesti
2100 5549 2490 5624 acquisitione
2518 5563 2555 5604 a
2578 5547 2709 5603 viro
2744 5547 2842 5603 Dei
2895 5547 3197 5603 aediﬁcari.
3229 5544 3339 5610 Qui
3368 5559 3506 5598 cum
3531 5557 3602 5598 eo

1943 5641 2019 5699 de
2042 5638 2389 5714 temporalis
2420 5638 2595 5709 regni
2624 5637 3039 5709 sollicitudine,
3068 5637 3151 5693 de
3196 5633 3378 5693 futuri
3402 5628 3605 5689 saeculi
