4018 6176
354 179 457 231 359

1409 163 1464 218 S.
1506 157 1847 218 FULBERTI
1885 154 2363 214 CARNOTENSIS
2402 157 2727 215 EPISCOPI

3688 162 3798 218 860

353 296 739 361 beatitudine,
771 294 845 349 de
871 290 1076 363 judicii
1106 293 1290 354 metu,
1324 286 1399 343 de
1426 303 1530 360 spe
1547 284 1889 341 aeternitatis
1918 282 2006 338 fa'-
2042 282 2092 337 Δ
2120 281 2197 337 ad
2262 281 2649 338 invisibilium
2705 282 2890 338 ﬁnem
2970 281 3418 355 pertrahebant,
3468 282 3641 351 dum,
3686 299 3800 356 per

355 387 572 443 miliari
624 382 922 454 colloquio
980 382 1397 452 praemoneret,
1458 377 1552 431 ille
1607 391 1746 430 eum
1772 374 2018 429 liventer

356 474 638 533 audiebat
676 477 729 527 et
762 470 969 526 audito
1016 485 1088 524 eo
1119 466 1311 523 multa
1342 465 1632 531 faciebat;
1657 479 1801 529 non,
1822 466 1885 516 ut
1931 460 2018 515 in-

354 569 554 621 cestus
586 560 849 617 Herodes
891 557 1209 613 videbatur
1264 555 1524 611 audiisse
1579 556 1870 608 Joannem
1929 564 2019 604 ar-

354 655 656 723 guentem,
686 649 791 705 sed
816 647 1091 704 Ezechias
1122 645 1313 700 ﬁdelis
1336 644 1551 699 Isaiam
1582 640 2011 697 eonsolantem.

353 746 571 799 Verum
597 738 876 796 aestimati
908 753 1030 793 non
1054 739 1248 809 potest
1286 738 1512 805 quanto
1560 731 1717 799 regis
1775 729 2013 785 animus

350 830 683 889 resultabat
713 827 935 898 gaudio
964 825 1129 898 quod
1160 824 1305 879 tanti
1336 822 1442 877 viri
1501 820 1759 893 hospitio
1810 817 2012 889 recipi,

352 919 769 979 benedictione
800 916 1006 979 foveri,
1062 912 1450 969 collocatione
1490 910 1806 965 meruisset
1834 906 2016 962 (ediﬁ-

354 1010 496 1067 cari.
531 1008 711 1075 Igitur
736 1022 810 1060 ne
838 1005 1103 1071 ingratus
1133 1002 1310 1057 tantis
1339 998 1642 1055 beneﬁciis
1698 997 2013 1064 videretur,

355 1098 650 1157 aestuabat
679 1096 882 1151 animo
907 1108 1176 1165 quonam
1211 1090 1394 1145 modo
1420 1088 1664 1144 uberius
1688 1086 1877 1142 sancti
1907 1084 2014 1140 viri

357 1188 610 1259 gratiam
638 1184 745 1239 sibi
779 1181 1136 1238 conciliaret.
1170 1178 1436 1235 Tandem
1469 1194 1505 1233 a
1547 1175 1818 1250 quodam
1840 1175 2012 1231 fami-

357 1275 494 1333 liari
522 1275 655 1345 ejus
684 1270 912 1327 audivit
938 1270 1051 1324 hec
1081 1267 1245 1323 nullo
1297 1267 1414 1323 alio
1436 1271 1616 1339 pacta
1669 1264 1900 1320 facilius
1952 1280 2014 1319 se

353 1379 532 1438 posse
560 1358 888 1434 promereri
945 1374 1128 1429 quam
1162 1357 1212 1411 si
1268 1372 1361 1411 res
1388 1354 1648 1411 ecclesiae
1680 1357 1868 1408 Beatae
1898 1356 2013 1408 Ma-
2049 1354 2060 1364 '

353 1454 474 1520 riae,
502 1451 597 1507 cui
627 1450 755 1523 ipse
783 1451 950 1503 Pater
974 1445 1353 1511 venerabilis,
1390 1448 1507 1500 Deo
1538 1447 1799 1508 auctore,
1819 1442 2014 1497 deser-

351 1542 571 1605 viebat,
601 1539 674 1595 de
707 1553 820 1592 suo
844 1536 978 1607 jure
1037 1534 1349 1602 augendas
1383 1536 1647 1588 curaret:
1679 1530 1827 1586 nihil
1854 1531 2013 1585 enim

2126 371 2240 427 hoc
2266 372 2431 444 quod
2460 372 2680 427 mirum
2709 371 2851 427 foris
2896 371 3207 441 agebatur,
3242 373 3358 428 hoc
3405 371 3574 444 quod
3630 371 3799 428 intus

2126 461 2489 533 operabatur
2513 461 2844 521 sentiretur.
2887 464 3053 517 Nunc
3098 466 3301 517 autem
3354 460 3498 531 vita,
3553 464 3613 517 et
3668 477 3799 517 non

2128 551 2300 621 signa
2329 551 2653 623 quaerenda
2678 554 2836 620 sunt,
2859 551 3004 625 quia
3046 557 3333 625 operante
3358 534 3481 607 Deo
3511 568 3801 608 numero-

2127 640 2270 696 sitas
2300 640 2569 696 ﬁdelium
2598 640 2873 696 excrevit.
2910 640 3025 697 Sed
3074 657 3150 697 ne
3176 640 3326 697 forte
3374 640 3631 713 quilibet
3680 641 3801 697 hoc

2124 730 2370 786 beatum
2397 730 2748 785 Autbertum
2765 728 3029 800 indigere
3059 730 3376 787 arbritetur
3404 734 3489 800 ut,
3508 730 3589 787 ad
3620 746 3803 786 excu-

2125 819 2382 875 sandam
2426 819 2735 890 signorum
2786 819 3075 893 inopiam,
3123 836 3236 877 nos
3290 820 3367 876 de
3418 820 3540 875 vita
3590 819 3802 893 potius

2122 926 2310 984 quam
2367 910 2440 965 de
2497 909 2799 965 miraculis
2835 909 3179 983 loquamur,
3234 914 3390 966 certe
3440 914 3662 983 praeter
3699 908 3804 965 illa

2123 1018 2280 1074 quae,
2310 1004 2374 1055 ut
2397 998 2748 1071 jactantiam
2795 999 3027 1068 vitaret,
3084 998 3423 1064 occultavit,
3484 1014 3688 1072 neque
3738 998 3802 1053 in

2123 1089 2439 1146 hominum
2490 1087 2764 1143 notitiam
2815 1103 3033 1160 passus
3089 1091 3179 1143 est
3221 1086 3552 1160 pervenire.
3613 1085 3802 1144 Multa

2123 1179 2369 1252 quidem
2431 1182 2574 1233 sunt
2620 1193 2755 1249 qua:
2802 1175 3150 1233 hominibus
3208 1176 3539 1243 innotuere,
3596 1192 3804 1248 neque

2123 1270 2286 1325 enim
2316 1265 2493 1322 celari
2514 1269 2869 1337 potuerunt;
2903 1281 2979 1321 ex
3007 1264 3229 1337 quibus
3282 1264 3567 1321 testimari
3597 1267 3809 1337 potest

2122 1362 2355 1433 quanta
2384 1356 2484 1412 illa
2538 1356 2757 1411 fuerint
2811 1372 2970 1429 quae,
3012 1360 3157 1411 teste
3196 1355 3385 1423 nullo,
3438 1358 3608 1411 solus
3634 1371 3808 1411 exer-

2124 1447 2262 1503 cuit.
2295 1450 2511 1502 Verum
2542 1445 2703 1501 enim
2728 1461 2865 1502 vero
2894 1460 3034 1500 cum
3093 1443 3397 1517 Scriptura
3420 1443 3585 1499 dicat
3617 1460 3631 1498 :
3663 1443 3808 1499 Glo-

2124 1539 2219 1594 ria
2243 1538 2441 1607 patris
2471 1542 2527 1592 et
2553 1537 2717 1605 ﬁlius
2738 1536 2975 1605 sapiens
3015 1535 3216 1605 (Prov.
3258 1534 3337 1605 x),
3386 1549 3458 1589 ea
3504 1532 3798 1588 ﬁdelibus

350 1631 411 1687 in
440 1629 622 1685 rebus
656 1623 1005 1682 transitoriis
1036 1623 1320 1695 episeopo
1346 1622 1580 1694 placere
1610 1624 1826 1692 praeter
1846 1619 2010 1692 quod

2192 1626 2497 1683 iditoribus
2524 1623 2795 1680 sufﬁcere
2824 1628 3100 1697 poterant
3128 1624 3202 1679 de
3254 1623 3382 1679 viro
3414 1622 3517 1679 Dei
3548 1622 3629 1678 ad
3660 1622 3802 1677 insi-

353 1719 788 1793 expenderetur
816 1714 876 1769 in
910 1730 1054 1767 usus
1086 1712 1370 1766 ecclesiae.
1425 1714 1585 1766 Tunc
1639 1725 1763 1777 rex,
1798 1714 1861 1764 ut
1889 1715 2014 1764 erat

351 1809 558 1868 hilaris
572 1807 764 1867 dator,
795 1802 1075 1858 fratribus
1104 1801 1206 1873 qui
1231 1800 1291 1855 in
1323 1800 1581 1855 oratorio
1610 1801 1796 1854 Beata:
1822 1798 2010 1854 Maria:

353 1898 805 1957 famulabantur
834 1908 1022 1947 unum
1051 1890 1266 1959 regalis
1319 1888 1741 1944 muniﬁcentiae
1798 1888 2012 1943 ﬁscum

354 1986 603 2043 donavit
628 1985 707 2040 ad
737 1980 1006 2037 subsidia
1028 1978 1378 2051 temporalia
1400 1977 1670 2039 fratrum,
1690 1977 1785 2033 cui
1812 1978 2015 2046 Oveng

354 2076 677 2149 antiquitas
707 2087 929 2128 nomen
957 2069 1343 2141 imposuerat.

426 2168 515 2221 Ill.
549 2162 658 2220 Sed
682 2178 793 2217 nos
818 2160 963 2215 dum
992 2157 1148 2226 regis
1181 2155 1707 2212 mansuetudinem
1736 2154 2015 2210 extollen-

353 2250 433 2307 do
458 2249 881 2322 priedicamus,
904 2248 965 2302 in
993 2247 1122 2301 viro
1167 2245 1267 2301 Dei
1295 2248 1523 2317 quanta
1579 2242 1754 2299 fuerit
1780 2242 2014 2298 humili-

353 2340 490 2397 tatis
524 2337 860 2395 constantia
889 2352 1014 2392 non
1064 2340 1185 2390 tam
1210 2334 1505 2389 aestimare
1544 2332 1793 2404 quilibet
1821 2337 2016 2405 potest

353 2446 543 2505 quam
573 2426 859 2485 admirari
893 2444 905 2494 ;
948 2425 1072 2498 qui,
1098 2425 1249 2479 inter
1277 2427 1441 2480 tanta
1468 2423 1644 2493 regiae
1666 2422 2010 2491 sedulitatis,

354 2520 520 2579 nullo
544 2518 822 2575 vanitatis
851 2515 1178 2573 tentamine
1207 2513 1581 2586 supplantari
1614 2513 2013 2586 potuit.Quod

351 2610 564 2667 vitium
582 2608 645 2663 in
666 2605 868 2662 multis
888 2605 1144 2660 nimium
1174 2603 1398 2676 experti
1442 2619 1673 2672 sumus,
1729 2619 1882 2675 quos
1935 2602 2014 2658 ad

350 2699 529 2755 unius
566 2694 920 2753 homunculi
964 2693 1382 2749 salutationem
1438 2696 1542 2748 aut
1589 2692 2012 2748 simulatricem

352 2786 760 2844 adulationem
781 2782 987 2838 videas
1018 2781 1189 2837 facile
1223 2781 1523 2852 jactantite
1557 2780 1765 2854 spiritu
1794 2780 2009 2836 inﬂari.

312 2877 466 2943 'Qui
496 2876 544 2931 si
570 2875 773 2946 aliqua
832 2871 1026 2941 ﬁgura
1077 2870 1169 2926 vel
1215 2870 1365 2926 falsa
1416 2870 1731 2925 hominum
1754 2870 2013 2925 aestima-

2122 1733 2237 1787 gne
2268 1714 2514 1784 virtutis,
2547 1730 2683 1787 quae
2725 1729 2831 1787 per
2858 1713 3186 1769 imitatores
3209 1728 3352 1768 suos
3386 1711 3583 1782 egisse
3631 1710 3799 1767 vide-

2121 1812 2236 1875 tur,
2267 1806 2410 1879 quia
2438 1806 2554 1861 hoc
2581 1804 2660 1860 ab
2690 1804 2822 1877 ipso
2849 1802 2961 1859 sibi
3011 1806 3370 1876 acceperunt
3398 1800 3569 1874 quod
3602 1800 3799 1872 signis

2121 1901 2180 1952 et
2205 1893 2507 1952 miraculis
2538 1893 2895 1960 enituerunt,
2933 1891 3101 1965 quod
3129 1890 3342 1947 mundi
3371 1889 3630 1960 gloriam
3680 1887 3800 1943 eal-

2122 1989 2345 2055 cantes,
2378 1988 2434 2039 et
2464 1982 2659 2039 carnis
2689 1981 2998 2037 illecebras
3027 1980 3415 2047 declinantes,
3462 1978 3683 2052 spretis
3712 1994 3800 2034 re-

2120 2092 2258 2132 rum
2307 2071 2819 2147 possessionibus,
2884 2071 2993 2127 soli
3058 2068 3358 2129 Conditori
3425 2072 3551 2125 toto
3609 2067 3798 2124 corde

2122 2163 2524 2220 adhaeserunt.

2192 2344 2256 2397 V.
2287 2340 2401 2398 Sed
2460 2337 2605 2411 quia
2635 2337 2874 2408 signum
2912 2336 2987 2392 de
3036 2334 3186 2391 caelo
3234 2338 3575 2407 quaarentes
3606 2349 3647 2390 a
3676 2335 3794 2390 Do-

2121 2432 2312 2503 mino,
2342 2430 2583 2500 signum
2606 2432 2769 2485 Jonaa
2798 2426 3152 2495 audierunt;
3185 2425 3289 2499 qui
3320 2429 3523 2481 tamen
3545 2423 3798 2495 signum

2120 2525 2284 2579 Jonas
2310 2537 2347 2577 a
2391 2518 2642 2575 mortuis
2683 2516 3047 2587 resurgentis
3090 2530 3214 2571 non
3259 2512 3650 2570 crediderunt
3693 2528 3801 2586 per

2121 2615 2467 2669 revocatum
2488 2608 2799 2664 hominem
2827 2606 3003 2680 quasi
3024 2605 3100 2661 de
3129 2607 3336 2660 ventre
3365 2603 3476 2659 ceti
3513 2603 3794 2659 infama-

2120 2701 2213 2770 lis,
2238 2698 2562 2773 pensanda
2618 2700 2758 2753 sunt
2807 2695 3019 2752 merita
3068 2694 3227 2751 beati
3274 2691 3600 2767 pontiﬁcis.
3659 2695 3800 2748 Erat

2122 2805 2389 2862 namque
2415 2788 2476 2843 in
2504 2786 2754 2843 ecclesia
2779 2786 2971 2841 Beatae
2992 2783 3204 2851 Maria},
3235 2799 3372 2857 quae
3395 2781 3549 2838 intra
3584 2798 3802 2838 muros

2121 2879 2459 2933 Cameraeae
2490 2876 2647 2931 sedis
2674 2879 2764 2931 est
2787 2878 3150 2936 constructa,
3181 2888 3332 2946 puer
3376 2870 3657 2944 quidam,
3689 2886 3799 2926 no-

351 2966 511 3021 tione
542 2963 731 3033 egisse
760 2961 1116 3028 dicerentur,
1147 2959 1357 3032 procul
1384 2958 1570 3014 dubio
1601 2975 1662 3014 se
1687 2959 2013 3031 prophetas
2051 2989 2093 3045 C
2118 2968 2255 3026 bilis
2283 2967 2607 3040 prosapiae,
2635 2964 2695 3020 in
2722 2964 2859 3020 vina
2888 2967 3051 3020 ortus
3079 2979 3216 3036 qua;
3270 2960 3350 3017 ab
3378 2959 3585 3016 incolis
3607 2959 3796 3015 vanis

340 3041 732 3119 'aastimarent,
765 3067 906 3107 eum
929 3050 1092 3106 dona
1119 3066 1242 3105 non
1264 3050 1650 3122 accepissent.
1695 3049 1808 3106 Sed
1847 3050 2012 3106 nullo

352 3143 619 3219 impulsu
649 3139 951 3213 jactantiae
998 3139 1077 3195 ab
1127 3156 1262 3195 arce
1321 3138 1670 3195 humilitatis
1699 3139 1786 3193 vir
1815 3140 2011 3209 justus

352 3233 526 3305 dejici
549 3235 804 3304 poterat,
837 3229 932 3286 cui
962 3229 1142 3285 etiam
1200 3228 1334 3301 ipsa
1365 3226 1721 3301 pontiﬁcalis
1767 3228 2011 3283 honoris

350 3322 707 3388 sublimitas,
739 3336 875 3393 qum
892 3319 1189 3391 plerisque
1229 3333 1469 3389 pompae
1517 3316 1781 3373 fomenta
1809 3317 2015 3372 minis-

349 3418 504 3469 trare
536 3411 701 3476 solet,
736 3410 874 3481 plus
915 3407 1266 3477 abjectionis
1314 3405 1628 3461 materiam
1668 3406 2007 3477 praestabat.

356 3501 510 3566 Quin
539 3499 719 3555 etiam
749 3513 888 3552 cum
919 3496 1267 3567 aliquando,
1329 3512 1401 3549 ex
1455 3495 1770 3550 occasione
1808 3495 2011 3565 cujus-

350 3590 495 3644 dam
528 3585 819 3643 miraculi.
851 3584 1080 3640 clamor
1109 3584 1319 3655 populi
1332 3584 1706 3653 excitaretur,
1730 3582 1824 3639 ille
1850 3583 2014 3640 altio-

349 3678 400 3733 ri
429 3675 680 3733 consilio
710 3674 870 3743 vulgi
919 3672 1313 3728 admiratione
1367 3688 1748 3743 compescere
1788 3672 2012 3728 niteba-

350 3772 463 3834 tur,
496 3782 649 3839 opus
676 3764 823 3819 illud
854 3763 1058 3819 dicens
1088 3778 1211 3818 non
1267 3778 1389 3817 suae
1446 3762 1629 3818 fuisse
1686 3762 1846 3829 ﬁdei,
1906 3762 2012 3817 sed

347 3856 564 3912 divinae
590 3853 840 3921 virtutis,
863 3853 957 3926 pie
981 3869 1189 3908 secum
1218 3856 1505 3924 reputans
1538 3852 1853 3909 meliorum
1880 3868 2009 3909 esse

346 3943 704 4001 inﬁrmitatis
727 3941 1154 3999 conscientiam
1182 3940 1469 3996 virtutum
1497 3941 1775 4011 vanitate,
1792 3947 1855 3997 ut
1870 3958 2009 3997 cum

345 4032 628 4107 Apostolo
657 4032 973 4088 videbatur
1002 4030 1197 4086 dicere
1231 4047 1243 4084 :
1276 4031 1556 4087 Libenter
1608 4031 1917 4102 gloriabor
1944 4032 2008 4086 in

348 4122 795 4191 inﬁrmitatibus
843 4122 1004 4188 meis,
1076 4126 1142 4175 ut
1198 4120 1489 4176 inhabitet
1538 4122 1599 4176 in
1655 4135 1747 4176 me
1816 4120 2008 4176 virtus

350 4211 581 4267 Christi
608 4210 667 4280 (Ι
693 4210 831 4265 Cor.
861 4209 983 4279 xu).

2120 3073 2343 3115 nomen
2376 3056 2623 3129 accepit,
2655 3052 2954 3110 vocabulo
3003 3051 3391 3117 Landelinus,
3439 3064 3621 3123 quem
3682 3063 3797 3120 pa-

2120 3151 2343 3215 rentes,
2367 3145 2529 3201 fonte
2554 3141 2931 3216 baptismatis
2988 3139 3408 3197 innovandum
3433 3143 3488 3193 et
3513 3136 3592 3193 ob
3636 3151 3790 3192 sua-

2119 3253 2257 3294 rum
2285 3235 2538 3291 salutem
2569 3232 2912 3289 animarum
2943 3229 3273 3303 disciplinis
3303 3228 3485 3284 sacris
3511 3225 3798 3282 imbuen-

2120 3326 2291 3391 dum,
2319 3325 2495 3381 beato
2526 3322 2810 3378 Autberto
2842 3320 3235 3376 tradiderunt.
3265 3317 3395 3385 Qui,
3422 3317 3559 3373 licet
3587 3315 3797 3372 adhuc

2120 3420 2338 3472 tenerae
2377 3413 2567 3469 aetatis
2617 3411 2961 3467 inﬁrmitate
3018 3408 3318 3475 detentus,
3375 3405 3799 3480 praetendebat

2120 3505 2391 3562 moribus
2416 3502 2700 3577 quaedam
2751 3501 2925 3571 signa
2976 3499 3189 3555 futurae
3232 3497 3586 3554 sanctitatis.
3631 3498 3793 3562 Qua-

2119 3593 2396 3649 mobrem
2422 3590 2705 3663 antiquus
2755 3587 3009 3645 humani
3067 3587 3299 3657 generis
3348 3584 3656 3653 inimicus,
3688 3583 3794 3657 qui

2121 3682 2200 3738 ab
2229 3681 2395 3737 initio
2428 3678 2601 3736 bonis
2627 3678 2861 3734 actibus
2889 3676 3160 3733 resistere
3191 3674 3517 3741 contendit,
3550 3672 3790 3729 invidia:

2120 3771 2353 3827 facibus
2405 3784 2696 3825 accensus
2752 3771 2959 3823 contra
3006 3766 3168 3822 hunc
3233 3764 3295 3820 in
3355 3762 3689 3819 tentatione
3728 3778 3790 3818 se

2118 3860 2284 3927 rexit,
2316 3862 2618 3932 quatenus
2650 3861 2708 3913 et
2734 3856 2913 3912 beato
2941 3855 3070 3911 viro
3122 3853 3346 3910 laboris
3396 3852 3489 3908 sui
3521 3852 3791 3908 fructum

2119 3950 2408 4006 adimeret
2431 3952 2487 4003 et
2511 3962 2767 4020 puerum
2806 3945 3014 4001 mortis
3043 3944 3287 4000 vulnere
3323 3942 3644 3998 sauciaret.
3680 3944 3789 3997 Fu-

2118 4044 2316 4096 turum
2347 4038 2510 4094 enim
2539 4035 2844 4093 metuebat
2872 4052 2945 4091 ne
2976 4051 3084 4108 per
3126 4032 3608 4091 conversationis
3659 4032 3791 4103 ejus

2119 4128 2395 4203 exempla
2423 4127 2596 4184 multi
2618 4127 2763 4183 olim
2793 4126 3190 4182 excitarentur
3218 4124 3297 4180 ad
3325 4139 3616 4179 normam
3640 4123 3790 4194 justi

2117 4220 2315 4293 operis
2349 4216 2821 4290 exsequendam.
2881 4215 2996 4272 Sed
3046 4213 3206 4270 unde
3260 4213 3449 4269 hostis
3506 4213 3789 4286 impurus

420 4301 504 4398 [V-
541 4298 704 4398 Ιξξξάθ
730 4298 842 4398 ani
869 4298 1162 4398 ξιοάίθῐἮᾶ
1198 4298 1382 4398 Patris
1431 4299 1622 4398 nostri
1663 4299 2008 4357 SOlemnitaS
2047 4343 2093 4398 Β
2122 4309 2443 4366 adversum
2482 4307 2727 4363 beatum
2748 4304 3100 4362 Autbertum
3132 4320 3255 4360 sum
3286 4302 3531 4359 malitiae
3560 4318 3789 4359 ausum

345 4390 408 4447 in
436 4387 721 4445 landibus
754 4387 923 4458 Regis
974 4387 1215 4458 superni
1266 4405 1380 4444 ῐιοε
1424 4389 1701 4445 attentius
1760 4389 2011 4459 astringi
2047 4387 2089 4398 ”
2121 4397 2418 4469 excitavit,
2447 4396 2586 4451 inde
2625 4399 2682 4452 et
2710 4393 2967 4451 victoriae
3012 4393 3393 4450 occasionem
3415 4391 3645 4448 invitus
3674 4391 3789 4447 mi-

346 4482 777 4549 commoneret,
810 4492 933 4544 eos,
963 4476 1249 4531 nimirum
1302 4494 1457 4550 quos
1501 4479 1793 4535 adversus
1833 4496 2007 4535 sanc-

343 4573 472 4627 tum
503 4567 695 4624 virum
722 4567 1090 4640 requirentes
1122 4565 1295 4635 signa
1352 4567 1741 4623 scandalizari
1772 4568 2007 4623 audivi-

344 4676 502 4729 mus,
550 4660 897 4730 oportuerat
972 4654 1328 4725 evangelieae
1382 4656 1709 4712 severitatis
1766 4658 2007 4713 verbere

344 4747 653 4815 contundi,
677 4764 814 4820 quae
846 4744 989 4802 dicit
1021 4760 1034 4798 :
1066 4744 1381 4801 Generatio
1429 4746 1593 4801 mala
1621 4751 1673 4801 et
1727 4746 2009 4802 adultera

342 4842 578 4911 signum
611 4838 828 4910 quaerit
850 4836 1092 4905 (Matth.
1120 4836 1244 4906 x11),
1305 4839 1370 4891 ut
1417 4834 1772 4891 Pharisiacei
1806 4835 2007 4891 livoris

342 4928 485 4984 vitio
516 4927 595 4984 ad
641 4943 864 5001 purum
913 4927 1179 4991 excocto,
1226 4924 1367 4980 ﬁdei
1415 4924 1773 4995 evangelica;
1824 4924 2009 4981 verba

343 5021 704 5089 pensarent;
759 5033 917 5089 quae,
987 5015 1115 5087 ipse
1169 5018 1379 5070 auctor
1428 5014 1756 5085 signorum,
1812 5014 2002 5070 dixit:

348 5106 462 5172 Qui
496 5107 559 5161 in
583 5122 676 5161 me
704 5106 912 5172 credit,
945 5120 1129 5175 opera
1160 5119 1293 5176 qua?
1337 5120 1441 5175 ego
1463 5106 1625 5174 facio
1656 5108 1711 5160 et
1756 5105 1880 5174 ipse
1904 5106 2006 5175 fa-

345 5195 477 5261 ciet,
510 5199 564 5249 et
594 5197 829 5264 majora
854 5194 1066 5251 horum
1089 5195 1275 5263 faciet
1306 5194 1501 5265 (Joan.
1547 5193 1685 5265 xw).
1722 5196 1810 5265 Ut,
1840 5193 2006 5250 vide-

343 5282 478 5338 licet
551 5282 920 5337 cessantibus
970 5283 1362 5339 exterioribus
1427 5281 1730 5338 miraculis
1782 5282 2005 5355 quibus

345 5371 489 5429 olim
529 5370 798 5426 carnales
844 5371 1001 5427 oeuli
1053 5376 1109 5427 et
1156 5372 1377 5428 inﬁrmi
1426 5373 1727 5429 auditores
1774 5372 2004 5442 indige-

343 5461 511 5527 bant,
538 5460 665 5531 jam
697 5458 940 5515 tandem
994 5460 1297 5516 discerunt
1333 5462 1539 5531 vitam,
1593 5466 1649 5517 et
1678 5477 1800 5516 non
1833 5461 2006 5529 signa

342 5566 595 5627 pensare
627 5570 639 5619 ;
667 5567 802 5623 quae
832 5550 1009 5619 longe
1068 5551 1279 5607 melius
1304 5552 1539 5625 proﬁcit
1575 5552 1651 5607 ad
1684 5550 2007 5607 aemulatio-

342 5658 483 5698 nem
513 5641 798 5698 virtutum
826 5656 1015 5714 quam
1060 5640 1323 5695 ostensio
1378 5640 1780 5712 corporalium
1834 5639 2007 5695 mira-

343 5731 636 5789 culorum.
669 5730 1008 5789 Visibilibus
1037 5730 1198 5788 enim
1243 5729 1616 5787 audientium
1648 5729 1831 5786 corda
1860 5729 2004 5785 olim

2115 4487 2406 4544 nistravit.
2436 4488 2585 4541 Nam
2614 4484 2758 4559 quia
2789 4483 2903 4540 sub
2930 4483 3193 4539 districta
3242 4480 3482 4555 providi
3512 4479 3790 4552 magistri

2116 4592 2369 4633 censura
2396 4591 2548 4649 puer
2605 4574 2803 4630 adhuc
2859 4572 3135 4628 modicus
3179 4571 3493 4642 agebatur,
3534 4587 3611 4627 ex
3663 4585 3789 4644 quo

2115 4665 2281 4723 nulla
2302 4665 2415 4721 sibi
2462 4663 2791 4720 insolentiie
2840 4662 3084 4735 patebat
3134 4659 3392 4728 occasio,
3434 4658 3789 4715 frustratam

2116 4756 2228 4812 sibi
2256 4754 2561 4825 malignus
2595 4753 2835 4827 spiritus
2893 4750 3283 4808 erubescebat
3327 4748 3668 4805 victoriam.
3720 4751 3790 4805 Ut

2116 4848 2317 4902 autem
2337 4844 2399 4900 in
2412 4842 2596 4899 virilis
2610 4842 2795 4899 animi
2819 4841 3003 4898 robur
3024 4839 3376 4897 adolescens
3406 4839 3618 4905 evasit,
3647 4854 3788 4913 quae

2115 4938 2259 4991 tetas
2286 4932 2528 4989 liberior
2555 4931 2635 4988 ad
2678 4947 2936 5006 quaeque
2961 4930 3312 4987 audendum
3343 4944 3590 5002 semper
3616 4928 3789 4985 vide-

2113 5028 2227 5093 tur,
2254 5022 2539 5079 continuo
2564 5021 2753 5078 hostis
2790 5020 3107 5095 improbus
3156 5036 3218 5075 se
3248 5018 3385 5074 totis
3414 5017 3649 5074 viribus
3708 5017 3787 5073 ad

2113 5112 2453 5170 rebellionis
2484 5115 2638 5168 artes
2661 5108 3034 5184 praeparavit.
3093 5107 3279 5181 Coepit
3307 5106 3573 5163 subdola
3599 5110 3792 5163 tenta-

2114 5202 2273 5259 tione
2296 5200 2535 5273 juvenis
2560 5198 2832 5256 animum
2862 5197 3123 5271 pulsare,
3147 5195 3665 5268 cogitationesque
3693 5212 3791 5251 va-

2112 5291 2232 5348 rias
2286 5295 2342 5347 et
2393 5290 2623 5346 illicitas
2668 5289 2956 5359 ingerere,
2988 5302 3151 5343 nunc
3180 5285 3428 5359 quidem
3450 5284 3790 5341 immittens

2114 5380 2166 5436 ei
2196 5379 2554 5435 memoriam
2597 5377 2813 5435 terreni
2860 5375 3224 5451 patrimonii,
3284 5374 3517 5446 generis
3571 5373 3792 5430 nobili-

2113 5468 2315 5531 tatem,
2370 5463 2610 5519 familiae
2681 5477 3075 5519 numerosam
3134 5460 3509 5531 dignitatem,
3579 5474 3788 5515 rerum

2114 5552 2386 5622 gloriam,
2416 5557 2471 5607 et
2505 5551 2734 5623 reliqua
2789 5551 2919 5606 vitae
2953 5548 3281 5606 laseivioris
3336 5546 3783 5603 blandimenta.

2111 5644 2329 5697 Verum
2406 5641 2658 5712 quidam
2728 5639 2967 5710 cognati
3051 5635 3509 5695 contubernales
3599 5635 3784 5703 illius,

2110 5729 2217 5802 qui
2238 5745 2377 5785 eum
2406 5729 2646 5801 puriore
2675 5729 2865 5800 gratia
2891 5727 3221 5785 dilectionis
3245 5740 3451 5783 amare
3479 5724 3787 5782 videban-
