4018 6176
165 99 247 153 361
1531 104 1696 158 γΙΤΑ
1739 104 1796 160 S.

1930 104 2201 164 ‘TBERTI.

3483 137 3594 192 362

161 225 264 285 tur,
290 219 435 274 dum
488 234 552 273 se
578 217 789 287 juveni
818 219 1124 276 consulere
1167 218 1500 297 putabant,
1533 226 1831 298 pernicio-
1857 233 1906 284 Α
1943 243 2125 298 super
2138 233 2355 302 justas,
2404 243 2460 293 et
2488 253 2664 295 aures
2685 243 2812 310 ejus
2851 243 2915 299 in
2938 260 3146 314 preces
3175 263 3375 307 eorum
3403 252 3592 324 (Psal.

159 311 270 365 sius
293 325 426 364 cum
458 307 638 363 malae
667 308 1071 380 persuasionis
1096 308 1314 365 ictibus
1344 311 1824 385 impugnabant.

157 400 259 464 Qui
286 403 339 453 et
368 397 504 470 ipsi,
538 396 758 452 eodem
789 398 994 470 spiritu
1023 399 1246 468 agitati,
1280 400 1637 461 referebant
1667 421 1831 476 egre-

154 488 304 558 giam
323 487 661 558 juventutis
691 487 946 543 formam
985 487 1304 558 indignum
1334 506 1470 547 esse
1503 493 1828 551 ecclesias-

154 578 271 634 ticis
295 576 558 633 cultibus
582 575 893 648 occupari;
921 576 1135 634 debere
1166 578 1376 650 potius
1407 581 1699 639 virtutem
1727 599 1828 639 ve-

151 672 336 723 terum
365 664 592 721 imitari
619 668 934 736 parentum
964 666 1066 738 qui
1087 666 1311 723 militiae
1339 669 1659 726 saecularis
1693 671 1829 728 arti-

145 755 262 813 bus
288 769 581 823 magnam
615 769 814 809 rerum
844 753 1092 822 gloriam
1131 756 1550 828 acquisierunt
1586 779 1601 828 ;
1660 761 1828 817 illam

147 850 342 901 autem
371 842 723 898 monasterii
748 843 1033 915 regulam,
1065 845 1529 915 intolerabilem,
1567 849 1828 921 planam

147 934 225 991 ad
247 931 974 1004 suscipiendum,arduam
997 933 1079 989 ad
1099 935 1830 1008 exsequendum,nemini

146 1021 544 1096 expetendam
576 1019 691 1075 nisi
715 1036 892 1092 quem
941 1022 1186 1079 animus
1225 1017 1697 1094 formidolosus,
1727 1032 1830 1084 aut

143 1117 288 1168 aetas
316 1109 598 1179 debilior,
649 1113 747 1165 aut
805 1109 876 1165 ad
925 1111 1169 1168 nullum
1215 1111 1402 1168 decus
1441 1112 1825 1172 fortitudinis

143 1207 302 1274 apta,
340 1199 578 1255 vincere
607 1197 917 1269 inglorium
948 1200 1118 1270 cogit
1145 1205 1201 1257 et
1236 1201 1532 1271 ignotum.
1575 1206 1822 1274 Verum,

144 1292 294 1348 sicut
313 1288 469 1345 solet
499 1288 625 1344 fieri
655 1293 715 1344 ut
742 1288 936 1344 omnis
986 1305 1194 1347 sermo
1222 1289 1418 1346 malus
1447 1289 1636 1350 facile
1657 1309 1824 1350 men-

144 1387 260 1436 tem
311 1377 611 1434 audientis
641 1375 874 1444 inliciat,
929 1393 1082 1432 cum
1116 1378 1361 1435 assidua
1406 1379 1725 1454 colloquia
1767 1388 1824 1440 et

141 1470 465 1526 diuturnus
496 1483 640 1523 usus
681 1469 906 1539 pestem
937 1467 1168 1524 animis
1209 1468 1528 1526 infundere
1561 1471 1818 1541 soleant,

1937 322 2344 390 xxxni).Porro
2365 326 2649 384 humanae
2673 330 2880 388 salutis
2896 341 3132 392 amator
3153 322 3593 413 compemntem

1939 406 2151 502 famuli
2193 412 2285 467 sui
2312 430 2562 502 causam
2586 420 2876 492 praevidit,
2907 439 3030 495 qua
3055 431 3111 482 et
3137 427 3252 499 piae
3291 406 3594 502 petitionis

1940 497 2267 570 compleret
2292 501 2568 561 effectum
2595 511 2653 563 et
2682 514 2900 566 sanctae
2923 514 3098 569 matri
3124 497 3398 575 Ecclesiae
3436 537 3596 579 erro-

1938 601 2124 644 neum
2151 591 2484 651 restitueret
2505 595 2718 655 ﬁlium.

2011 679 2121 732 VII.
2154 679 2408 750 Contigit
2427 684 2673 756 quidem
2694 691 2759 744 ut
2782 688 3104 759 cujusdam
3128 692 3323 750 divitis
3338 696 3592 756 domum

1938 763 2194 838 diripere
2215 785 2355 826 cum
2378 773 2502 828 suis
2529 776 2924 849 complicibus
2951 778 3124 836 solito
3143 797 3310 839 more
3332 792 3588 856 pararet.

1939 856 2208 930 Cumque
2259 859 2389 930 jam
2433 862 2924 924 incumbentibus
2976 869 3233 927 tenebris
3285 889 3407 930 nox
3445 879 3592 933 tetra

1935 943 2384 1019 inhorresceret,
2441 968 2565 1024 qua
2611 954 2690 1010 illi
2745 956 3041 1013 nefarium
3097 975 3250 1033 opus
3307 963 3592 1036 perﬁcere

1936 1032 2315 1108 festinabant,
2365 1040 2464 1113 pia
2510 1042 2611 1098 Dei
2663 1044 3053 1117 dispositione
3103 1032 3346 1120 contigit
3400 1069 3592 1110 unum

1935 1138 2009 1215 ex
2036 1127 2398 1198 supradictis
2426 1129 2757 1189 furunculis
2795 1139 2987 1191 morte
3015 1136 3460 1209 deprehensum
3479 1142 3596 1215 spi-

1933 1212 2112 1270 ritum
2142 1217 2475 1290 exhalasse,
2509 1221 2682 1292 cujus
2713 1222 2982 1280 animam
3021 1241 3310 1299 corporeo
3353 1212 3590 1288 carcere

1931 1303 2276 1377 resolutam,
2309 1309 2570 1379 peccatis
2613 1311 3010 1382 exigentibus,
3043 1313 3324 1372 diabolus
3381 1335 3590 1375 secum

1929 1392 2008 1448 ad
2036 1392 2350 1451 infernalia
2371 1395 2628 1454 claustra
2650 1404 2922 1457 traxerat.
2949 1401 3039 1457 Ad
3069 1404 3242 1475 cujus
3272 1407 3588 1479 exsequias

1929 1480 2078 1537 dum
2131 1482 2294 1538 inani
2332 1485 2634 1555 religionis
2665 1489 2862 1545 studio
2921 1491 3063 1546 socii
3111 1495 3498 1567 excubarent,
3531 1501 3590 1553 et

143 1558 371 1616 etiam$i
425 1573 660 1614 m0mm
685 1554 1213 1656 tranqumitasnm,
1263 1562 1484 1656 famen,
1517 1560 1682 1618 Sicut
1709 1567 1824 1618 ειδ-
1856 1581 1896 1636 Β
1930 1573 2256 1640 Maurosus,
2301 1554 2567 1631 defuncti
2618 1577 2823 1633 dolore
2873 1580 3255 1639 vehementer
3302 1554 3580 1656 afﬂictus,

144 1665 327 1722 gnum
351 1648 520 1718 mite,
547 1646 726 1702 ventis
754 1645 1230 1718 exagitantibus,
1271 1647 1332 1703 in
1360 1653 1588 1707 uastum
1621 1667 1820 1708 assur-

145 1740 332 1811 git,ita
361 1738 530 1794 bona
550 1741 754 1792 natura
783 1735 1093 1808 improbis
1108 1737 1517 1795 monitoribus
1545 1738 1815 1798 ﬂuctuat.

146 1833 307 1887 Patet
333 1832 486 1884 certe
532 1825 771 1882 fallaciae
801 1830 985 1882 aestas
1005 1826 1310 1899 juvenilis,
1365 1832 1423 1884 et
1449 1827 1629 1885 facile
1658 1828 1818 1886 deci-

145 1919 330 1993 pitur,
355 1933 487 1972 cum
516 1914 1042 1971 fraudulentorum
1063 1913 1293 1973 insidiis
1319 1917 1814 1975 circumvenitur.

150 2009 259 2064 Vix
289 2006 462 2062 etiam
488 2004 693 2061 restitit
721 2003 876 2060 dolis
907 2008 1058 2060 aetas
1080 2005 1300 2075 senilis,
1323 2022 1479 2063 nam
1511 2010 1571 2063 et
1590 2007 1817 2066 semine

146 2097 466 2172 prudentia
494 2096 848 2170 plerumque
866 2096 1128 2152 versutis
1150 2096 1570 2153 circumventa
1585 2097 1818 2157 insidiis

146 2187 419 2244 irritatur.
464 2189 613 2256 Ergo
663 2186 713 2241 si
757 2184 1054 2241 maturior
1085 2201 1226 2240 usus
1264 2201 1428 2259 sepe
1460 2185 1816 2260 labefactus,

145 2293 344 2350 neque
373 2275 486 2332 sibi
517 2275 856 2348 prospicere
883 2278 1102 2347 potest,
1142 2275 1290 2348 quid
1319 2275 1552 2332 mirum
1579 2275 1629 2331 si
1673 2283 1818 2335 aetas

144 2364 525 2424 immaturior
577 2364 689 2420 sibi
747 2364 962 2421 adesse
1017 2379 1140 2420 non
1195 2365 1410 2438 potuit,
1466 2381 1604 2438 quin
1642 2368 1819 2424 tantis

140 2453 579 2529 perurgebatur
627 2453 862 2509 insidiis
888 2454 917 2511 Τ
970 2452 1226 2510 Provida
1273 2453 1484 2528 itaque
1549 2455 1649 2511 Dei
1704 2456 1820 2513 dis-

145 2544 501 2618 pensatione
560 2541 931 2615 permissum
959 2545 1049 2598 est
1097 2541 1176 2598 ad
1205 2547 1445 2617 tempus
1493 2545 1818 2616 praevalere

145 2633 409 2707 improbi
459 2632 796 2689 seductoris
843 2631 1158 2701 malitiam,
1185 2648 1310 2689 non
1339 2637 1546 2689 tamen
1587 2634 1666 2690 ad
1695 2635 1816 2691 fru-

148 2730 310 2781 ctum
362 2721 664 2792 [eﬂ'ectum
693 2719 917 2792 ﬁnalis]
963 2720 1198 2776 socialis
1226 2721 1438 2792 ruinae,
1473 2722 1581 2778 sed
1608 2728 1672 2780 ut
1694 2741 1820 2781 ma-

147 2812 572 2871 nifestarentur
601 2827 788 2884 opera
845 2810 944 2866 Dei
986 2814 1043 2866 et
1093 2810 1304 2867 merita
1344 2811 1506 2868 beati
1553 2813 1819 2872 Autberti

1929 1675 1990 1714 se
2017 1674 2090 1714 ex
2117 1658 2473 1717 lassitudine
2504 1668 2562 1718 et
2581 1663 2813 1721 tristitia
2843 1666 3157 1738 paululum
3178 1669 3348 1727 daret
3377 1672 3582 1744 quieti,

1925 1747 2134 1803 divina
2179 1747 2482 1806 voluntate
2534 1755 2592 1808 et
2636 1753 3104 1822 suffragantibus
3151 1759 3375 1814 meritis
3428 1761 3588 1817 beati

1928 1836 2218 1904 Autberti,
2268 1837 2480 1894 datum
2537 1845 2626 1895 est
2678 1841 3042 1899 adolescenti
3092 1845 3292 1902 videre
3343 1849 3586 1920 quantis

1923 1925 2119 1998 pcenis
2134 1925 2232 1981 illa
2250 1926 2586 1984 miserrima
2601 1929 2806 1986 anima
2821 1929 2882 1986 in
2898 1931 3162 1989 infernos
3180 1935 3584 2007 cruciabatur,

1924 2014 2168 2087 quantis
2195 2014 2420 2072 ultricis
2465 2016 2731 2074 ﬂammae
2778 2019 3068 2076 incendiis
3099 2023 3403 2088 urebatur,
3436 2041 3508 2082 ac
3537 2026 3587 2081 si

1926 2102 2147 2160 erranti
2166 2103 2375 2175 juveni
2403 2106 2477 2161 ex
2501 2105 2710 2163 divina
2738 2107 3044 2166 voluntate
3089 2111 3204 2168 hoc
3233 2112 3478 2170 daretur
3507 2115 3588 2171 ad

1925 2192 2272 2264 exemplum
2296 2193 2655 2266 formidinis,
2679 2201 2745 2252 ut
2772 2197 3045 2255 videlicet
3074 2216 3148 2256 ex
3171 2200 3286 2257 hac
3317 2202 3585 2259 conside-

1927 2281 2156 2338 ratione
2185 2281 2488 2353 colligeret
2515 2290 2742 2356 quanta
2771 2289 2825 2341 ei
2851 2291 3051 2344 reatus
3077 2289 3169 2344 sui
3197 2305 3380 2363 poena
3407 2291 3588 2350 insta-

1924 2373 2014 2427 ret
2040 2385 2224 2443 quem
2251 2385 2325 2426 ex
2355 2373 2655 2428 consortio
2679 2373 2941 2430 criminis
2970 2375 3178 2432 similis
3205 2379 3383 2451 culpa
3411 2396 3589 2436 accu-

1928 2462 2106 2515 saret.

1999 2547 2143 2602 VIll.
2193 2550 2618 2605 Consternatus
2668 2567 2814 2608 vero
2869 2556 3035 2609 tanto
3086 2569 3283 2610 errore
3338 2554 3583 2613 visionis

1921 2633 2178 2705 juvenis,
2236 2634 2442 2692 animo
2468 2637 2768 2694 aestuabat
2794 2639 3317 2711 quemadmodum
3343 2645 3465 2697 tam
3497 2643 3583 2698 di-

1926 2721 2137 2778 stricta
2169 2721 2708 2780 animadversionis
2724 2725 3019 2796 judicium
3047 2726 3453 2798 subterfugere
3478 2745 3581 2786 va-

1923 2808 2104 2878 leret;
2161 2809 2266 2865 sed
2315 2827 2390 2866 ex
2435 2810 2911 2868 consideratione
2970 2813 3234 2870 criminis
3280 2813 3583 2873 oriebatur

146 2904 211 2960 in
272 2901 394 2958 illo.
465 2901 683 2972 Sicque
745 2899 972 2956 factum
1030 2903 1119 2956 est
1176 2903 1241 2956 ut
1294 2900 1484 2956 hostis
1541 2901 1817 2974 impurus
1851 2936 1891 2991 C
1924 2898 2101 2972 quasi
2145 2898 2479 2991 difﬁdentia
2504 2902 2994 2991 recuperationis.
3032 2907 3179 2959 Tum
3208 2921 3350 2960 vero
3381 2904 3443 2962 in
3473 2910 3581 2962 ter-

149 3009 269 3050 non
297 3007 364 3047 se
389 2991 470 3048 ab
499 2990 766 3062 incoepto
796 2993 934 3045 ante
958 2995 1369 3062 compesceret
1396 3005 1586 3062 quam
1615 2991 1818 3049 incau-

150 3087 278 3137 tum
301 3079 595 3152 juvenem
643 3076 872 3134 sensim
902 3076 981 3133 ad
1007 3076 1363 3134 sententiam
1392 3093 1567 3134 suam
1619 3079 1820 3136 inﬂec-

157 3175 315 3228 teret.

220 3260 306 3316 Vl.
340 3259 455 3325 Qui
473 3256 844 3316 malesuada
862 3256 1195 3314 dilectionis
1214 3257 1645 3314 blandimentis
1667 3259 1817 3315 mol-

150 3349 258 3406 lior
303 3349 520 3416 factus,
572 3345 808 3404 concito
866 3362 976 3402 ceu
1027 3362 1220 3418 equus
1269 3345 1538 3404 infrenus
1589 3353 1816 3406 rectore

153 3443 496 3511 contempto
525 3436 964 3495 monasterium
987 3435 1269 3507 deseruit,
1300 3441 1357 3493 et
1377 3437 1678 3494 saecularis
1706 3437 1815 3494 mi-

153 3529 284 3587 litiae
311 3529 499 3586 armis
530 3527 814 3594 intentus,
842 3526 1236 3600 postmodum
1267 3542 1328 3582 se
1372 3527 1592 3599 colligit
1619 3531 1814 3586 totum

154 3619 231 3676 ad
259 3618 460 3675 studia
487 3615 720 3690 rapinae
745 3634 759 3683 ;
792 3620 849 3672 et
867 3631 1023 3688 quos
1053 3615 1409 3687 hujusmodi
1431 3617 1654 3688 negotii
1706 3633 1813 3674 vo-

153 3707 444 3764 luntarios
476 3704 728 3772 audivit,
753 3703 848 3760 his
878 3708 1000 3761 tota
1043 3703 1452 3762 familiaritate
1480 3723 1544 3763 se
1582 3706 1814 3762 inferio-

150 3813 276 3854 rem
306 3795 494 3860 dedit,
543 3797 710 3850 tanto
739 3793 984 3866 pronior
1014 3793 1092 3850 ad
1137 3793 1361 3851 scelera
1397 3799 1628 3867 quanto
1657 3794 1710 3852 ei
1740 3795 1814 3852 de

147 3883 509 3959 impunitate
552 3881 883 3952 securitas,
914 3886 972 3937 et
1017 3881 1278 3955 potentis
1311 3883 1543 3952 generis
1591 3883 1817 3957 aspira-

143 3972 264 4031 bat
291 3969 628 4026 auctoritas.
662 3969 899 4025 Timens
927 3985 1090 4037 vero,
1123 3985 1198 4028 ne
1223 3970 1299 4026 de
1321 3970 1579 4028 sollicitis
1603 3988 1817 4046 paren-

145 4061 321 4117 tibus
354 4058 571 4132 requiri
601 4058 925 4127 debuisset,
975 4075 1126 4116 neve
1173 4059 1394 4117 indicio
1442 4062 1703 4119 nominis
1732 4063 1818 4119 in-

144 4149 346 4207 veniri
394 4149 700 4221 potuisset,
760 4151 992 4205 mutato
1046 4149 1292 4206 nomine
1345 4167 1470 4224 quo
1525 4152 1817 4226 appellari

147 4243 572 4306 consueverat,
605 4240 943 4294 Maurosum
987 4255 1050 4295 se
1089 4240 1377 4312 appellari
1400 4241 1608 4312 jubet;
1669 4259 1815 4300 sane

148 4345 273 4386 non
332 4329 740 4397 incongruum
787 4326 1007 4383 talibus
1065 4328 1278 4385 studiis
1330 4345 1657 4402 agnomen,
1712 4333 1816 4405 qui

149 4417 418 4474 candido
469 4414 881 4472 ecclesiasticae
936 4416 1245 4474 munditiae
1274 4418 1487 4476 habitu
1514 4421 1814 4494 exspolia-

149 4511 268 4572 tus,
301 4505 590 4562 furtivam
635 4504 993 4561 Mauritaniae
1036 4504 1399 4564 inﬁdelitatis
1440 4514 1706 4567 mentem
1735 4510 1818 4567 la-

148 4593 497 4652 trocinandi
526 4593 723 4650 studio
768 4593 1062 4663 induerat,
1096 4599 1154 4651 et
1194 4596 1544 4670 perditionis
1572 4615 1633 4655 se
1677 4599 1817 4657 late-

143 4686 275 4744 bris
307 4685 738 4742 occultaverat.
781 4687 910 4751 Qua
951 4703 1155 4743 rerum
1201 4686 1368 4744 fama
1414 4689 1704 4747 excitatus
1726 4692 1838 4748 vir'

147 4775 256 4831 Dei
285 4773 470 4830 altius
499 4789 685 4846 quam
713 4773 830 4830 dici
855 4775 1044 4846 possit
1081 4774 1255 4831 ruina
1283 4775 1479 4848 fratris
1504 4778 1812 4849 ingemuit.

147 4864 269 4921 Sed
301 4868 366 4920 et
406 4863 482 4918 de
527 4863 994 4936 praesumptione
1027 4864 1355 4922 adversarii
1383 4881 1494 4938 pro
1537 4867 1817 4940 indigna-

147 4952 336 5008 tionis
363 4956 531 5007 motu
558 4951 878 5008 infremuit.
912 4952 1063 5018 Quid
1093 4957 1296 5010 tamen
1326 4956 1576 5025 ageret?
1616 4961 1818 5030 Itaque

146 5056 376 5110 unum,
401 5040 568 5113 quod
598 5040 678 5097 illi
710 5056 946 5113 semper
977 5041 1267 5099 familiare
1297 5047 1424 5100 erat
1454 5045 1816 5116 subsidium,

143 5129 299 5187 adiit
326 5129 617 5186 orationis
657 5129 1009 5200 remedium,
1059 5132 1386 5206 multisque
1415 5150 1526 5207 pro
1570 5137 1818 5194 errantis

138 5217 397 5289 juvenis
423 5217 612 5274 salute
641 5219 917 5292 precibus
951 5221 1274 5278 Dominum
1301 5227 1495 5294 rogat,
1521 5229 1818 5297 quatenus

144 5311 438 5380 respectu
494 5309 761 5379 gratuitae
792 5309 1027 5382 pietatis
1085 5310 1352 5372 animam
1393 5314 1695 5385 captivam
1744 5315 1819 5370 de

145 5395 382 5469 laqueo
414 5396 638 5453 inimici
687 5403 932 5465 erueret,
967 5416 1039 5454 ne
1097 5400 1285 5457 hostis
1331 5401 1683 5458 immundus
1715 5407 1822 5460 Do-

147 5485 306 5542 mini
339 5485 542 5558 gregis
595 5486 820 5544 damno
873 5488 1203 5546 insultaret.
1236 5494 1362 5548 Non
1392 5497 1595 5548 autem
1626 5492 1821 5549 inanis

145 5590 288 5632 esse
327 5575 528 5649 potuit
557 5577 740 5632 sancti
787 5577 896 5632 viri
925 5579 1149 5651 petitio,
1193 5579 1338 5652 quia
1381 5583 1546 5637 oculi
1582 5582 1827 5638 Domini

526 5667 766 5722 ΡΑτιιοι.
845 5668 1016 5724 CXLI.

1924 3003 2058 3044 ram
2106 3003 2412 3056 corruens,
2464 2988 2874 3061 lacrymabilis
2903 2991 3288 3064 querimoniae
3319 3010 3381 3050 se
3423 2995 3580 3052 voci-

1922 3075 2039 3132 bus
2086 3076 2420 3133 incusabat.
2482 3076 2587 3133 Cui
2642 3078 2928 3135 assistens
2988 3080 3238 3150 angelus
3292 3083 3576 3138 Domini:

1928 3185 1957 3213 «
1989 3162 2290 3229 Quidnam
2333 3169 2440 3233 est,
2470 3163 2684 3236 inquit,
2715 3165 3056 3222 miserande
3093 3167 3377 3238 juvenis?
3432 3169 3580 3241 quid

1923 3252 2190 3320 invocas,
2218 3268 2398 3309 auras
2431 3252 2814 3308 infructuosis
2846 3254 3084 3310 ﬂetibus
3121 3253 3376 3325 fatigas?
3425 3257 3581 3323 Quid

1921 3341 2093 3398 illum
2135 3341 2493 3414 importunis
2523 3341 2802 3414 precibus
2834 3342 3128 3400 inclamas
3174 3360 3359 3417 quem
3390 3345 3579 3402 offen-

1922 3431 2064 3489 dere
2113 3447 2239 3487 non
2286 3430 2533 3488 timuisti
2558 3432 2586 3486 ?
2637 3431 2902 3489 Haeccine
2958 3437 3050 3489 est
3079 3433 3232 3489 stola
3281 3451 3471 3508 quam
3501 3435 3580 3492 ab

1920 3521 2054 3595 ipso
2083 3520 2549 3591 regenerationis
2578 3520 2737 3577 fonte
2772 3521 3056 3580 indueras
3079 3523 3107 3578 ‘I
3137 3523 3400 3580 Haeccine
3448 3541 3582 3599 pro-

1922 3611 2197 3668 fessionis
2246 3611 2398 3668 ﬁdes
2425 3627 2633 3684 quam,
2683 3610 3114 3668 abrenunciato
3164 3614 3386 3670 Satana
3441 3631 3581 3672 cum

1923 3701 2047 3758 suis
2088 3700 2394 3774 operibus,
2444 3705 2499 3756 te
2547 3704 2920 3758 servaturum
2972 3701 3382 3775 promiseras?
3429 3704 3582 3772 Quid

1920 3790 2122 3848 vultus
2152 3805 2443 3863 supernos
2473 3789 2692 3861 refugis
2716 3806 2872 3862 quos
2895 3790 3212 3846 habiturus
3233 3807 3368 3848 eras
3389 3794 3583 3851 conci-

1920 3897 2045 3950 ves,
2064 3881 2138 3950 isi
2189 3879 2542 3936 Autbertum
2568 3878 2906 3935 audisses?
2953 3882 3099 3934 Ecce
3137 3882 3448 3952 quomodo
3499 3881 3582 3938 Fi-

1922 3969 2038 4027 lius
2078 3968 2181 4025 Dei
2214 3968 2408 4025 factus
2432 3971 2521 4024 est
2567 3966 2940 4040 mancipium
2963 3966 3238 4039 Ediaboli.
3297 3969 3581 4043 Nunquid

1923 4063 2232 4117 Maurosus
2289 4057 2578 4127 signatus,
2637 4059 2903 4116 Morosus
2974 4059 3208 4124 unctus,
3267 4060 3577 4116 Maurosus

1922 4151 2168 4206 renatus
2195 4147 2224 4203 ‘I
2294 4144 2689 4202 Landelinum
2743 4144 2806 4200 in
2862 4144 3017 4202 libro
3046 4145 3400 4216 {nobiscum
3450 4149 3581 4205 vitae

1922 4236 2244 4295 Autbertus
2271 4235 2612 4292 obtinuerat
2640 4233 2857 4292 ascribi
2885 4253 2900 4304 ;
2934 4238 3276 4294 Maurosum
3306 4239 3583 4296 diabolus

1925 4343 2132 4384 secum
2160 4325 2366 4384 inserit
2406 4323 2808 4398 chirographo
2832 4324 3205 4398 perditionis.
3252 4327 3413 4385 Scias
3441 4345 3584 4386 vero

1925 4416 2071 4491 quia
2122 4431 2246 4472 non
2273 4413 2474 4471 leviter
2503 4415 2669 4488 apud
2697 4413 3030 4472 districtum
3066 4415 3336 4487 judicem
3383 4423 3584 4474 actum

1923 4509 2015 4563 est
2041 4504 2209 4578 quod
2260 4504 2338 4560 ad
2369 4504 2446 4575 inj
2458 4503 2650 4561 uriam
2681 4519 2859 4561 suam
2900 4504 3250 4562 insolentias
3282 4510 3415 4562 tuas
3459 4511 3584 4562 tam

1927 4593 2343 4668 aequanimiter
2389 4593 2707 4667 hucusque
2752 4593 3034 4666 portavit,
3087 4593 3255 4666 quod
3301 4593 3584 4664 fugitivus

1925 4686 2058 4756 ejus
2087 4689 2190 4742 aut
2218 4700 2436 4740 manus
2465 4681 2783 4740 hominum
2802 4681 3050 4756 impune
3073 4681 3586 4755 fugerit,autmor-

1927 4775 2000 4832 tis
2029 4774 2315 4848 laqueum
2342 4772 2642 4830 declinare
2666 4771 2942 4844 potuerit.
2975 4771 3085 4826 Diu
3112 4771 3274 4827 enim
3295 4777 3404 4843 est,
3419 4771 3584 4844 quod

1929 4863 2076 4921 tanti
2100 4877 2348 4937 pmnam
2385 4861 2646 4917 incendii
2673 4859 3031 4917 cruciandus
3070 4859 3375 4916 subiturus
3428 4875 3583 4930 eras,

1926 4953 2041 5010 nisi
2070 4951 2412 5008 intercessio
2450 4951 2610 5007 beati
2659 4949 2926 5007 Autberti
2977 4948 3250 5004 advocati
3299 4949 3401 5018 tui,
3433 4949 3586 5005 iram

1927 5041 2198 5099 ultricem
2222 5039 2444 5112 judicis
2468 5039 2816 5109 mitigasset.
2847 5037 2971 5094 Tibi
3002 5043 3248 5110 paratus
3278 5037 3432 5110 ignis
3461 5055 3589 5094 cru-

1929 5131 2165 5188 ciatoris
2193 5127 2559 5196 accenditur,
2589 5128 2695 5183 sed
2723 5126 2990 5182 Autberti
3019 5125 3301 5200 lacrymis
3326 5129 3586 5185 ﬂammae

1929 5221 1980 5291 ej
1989 5237 2058 5275 us
2071 5218 2564 5286 exstinguuntur?
2574 5216 2674 5272 Vel
2687 5231 2848 5270 nunc
2866 5220 3146 5288 expertus
3165 5218 3422 5288 intellige
3443 5218 3590 5292 quid

1929 5309 2129 5382 potius
2183 5306 2367 5375 eligas
2397 5324 2409 5360 :
2467 5321 2605 5361 cum
2638 5309 2934 5361 tormento
2964 5304 3104 5362 duci
3133 5306 3193 5362 in
3237 5307 3587 5364 barathrum

1931 5393 2342 5462 Gehennse,vel
2369 5411 2509 5449 cum
2549 5393 2834 5449 Autberto
2856 5393 2966 5448 frui
3001 5395 3227 5452 cmlesti
3251 5397 3587 5452 mansione.

1935 5488 2050 5546 Sed
2071 5503 2203 5542 sera
2219 5483 2330 5540 ista
2349 5483 2697 5539 deliberatio
2724 5482 2949 5550 fuisset,
2963 5483 3079 5540 nisi
3103 5485 3418 5541 Autbertus
3449 5501 3596 5557 prae-

1933 5573 2500 5646 venisset.Relinque
2520 5573 2699 5643 igitur
2719 5575 3088 5633 exsecranda
3107 5574 3406 5632 consortia
3423 5573 3597 5630 latro-

3282 5667 3346 5718 l2
