3980 6176
441 140 543 193 363

1491 132 1548 188 S.
1590 129 1928 186 FULBERTI
1965 127 2444 185 CARNOTENSIS
2481 129 2813 186 EPISCOPI.

3758 126 3864 183 3“

438 272 611 324 num,
642 260 700 311 ct
729 254 941 312 Christi
986 253 1259 309 militiam
1289 269 1624 324 assumens,
1656 253 1874 310 ducem
1922 255 2092 307 tuum
2122 257 2171 308 Α
2202 250 2389 308 ticula
2418 251 2655 309 urbana
2683 250 2993 308 fastidiens
3018 266 3081 306 se
3110 250 3188 307 ad
3215 248 3537 306 remotiora
3562 248 3697 305 loca
3724 262 3865 305 con-

439 345 671 406 imitare
690 344 1063 402 Autbertum.
1078 343 1233 400 Audi
1253 343 1670 401 beatissimum
1686 341 2028 417 praesulem,
2041 344 2100 397 et

439 449 804 504 recognosce
833 439 1005 490 tuum
1026 432 1397 508 spiritualem
1420 435 1678 502 Patrem,
1706 438 1880 489 tuum
1905 434 2100 504 prote-

405 530 689 594 ‘ctorem,
733 527 902 581 tuum
959 522 1295 579 abaeterno
1345 522 1583 580 interitu
1632 522 2093 593 redemptorem.

442 612 686 685 Suscipe
716 627 858 667 vero
888 611 967 667 ab
993 627 1064 667 eo
1096 612 1329 670 monita
1356 611 1613 669 caelestis
1641 610 1951 677 doctrinas,
1972 607 2099 681 qui-

437 701 557 759 bus
582 700 959 758 emendatior
984 700 1179 759 factus
1209 701 1497 759 merearis
1511 700 1730 757 stolam
1753 713 1942 772 quam
1968 710 2101 769 per-

438 789 679 847 dideras
722 789 1011 862 recipere,
1034 789 1173 861 ipso
1196 789 1607 847 intercessore.
1642 788 1740 845 [iis
1767 786 1961 854 dictis,
1994 800 2099 841 an-

438 878 627 949 gelus.
677 877 961 938 continuo
1016 878 1329 951 disparuit.
1361 882 1479 936 Nos
1505 894 1647 935 vero
1692 875 1873 950 quale
1911 888 2101 948 quan-

437 973 686 1041 tumque
716 967 1011 1027 restituere
1042 984 1373 1040 possumus
1392 968 1563 1041 quod
1580 966 1924 1037 Autbertus,
1944 963 2099 1022 testi-

437 1057 553 1117 bus
571 1056 825 1128 angelis,
838 1056 1129 1115 virtutum
1148 1058 1341 1127 gratia
1358 1056 1521 1125 nitet,
1563 1061 1621 1113 et
1639 1055 1807 1130 apud
1821 1052 2098 1112 homines

437 1146 653 1203 debita:
680 1145 1083 1203 venerationis
1114 1144 1316 1202 ofﬁcio
1343 1146 1522 1202 caret!
1554 1148 1738 1203 Porro
1763 1147 1904 1201 sunt
1917 1142 2099 1215 plena

434 1234 828 1305 jucunditatis
867 1234 1059 1307 quod,
1111 1234 1311 1293 adhuc
1338 1234 1398 1292 in
1439 1238 1599 1293 terra
1630 1235 1821 1292 homo
1843 1232 2095 1307 positus,

437 1323 589 1383 inter
618 1322 920 1392 angelicos
960 1324 1117 1379 cives
1143 1323 1370 1382 meritis
1398 1323 1621 1394 fulget;
1663 1323 1772 1380 sed
1821 1335 1949 1379 non
1972 1320 2098 1376 sine

438 1412 647 1471 dolore
670 1417 729 1469 et
768 1411 1086 1471 formidine
1111 1412 1392 1470 recolitur
1418 1413 1605 1486 quod,
1635 1411 1909 1485 supernis
1934 1410 2098 1467 creti-

437 1502 553 1558 bus
580 1502 957 1573 coniunctus,
986 1501 1137 1560 inter
1166 1502 1442 1560 homines
1471 1502 1870 1573 negligentius
1913 1500 2098 1571 digno

440 1591 604 1651 cultu
635 1591 1033 1649 venerationis
1068 1592 1421 1649 celebratur.

510 1683 755 1740 1X.Jam
784 1697 927 1739 vero
956 1680 1317 1738 Landelinus
1341 1681 1625 1751 angelicis
1646 1680 1929 1738 aﬁatibus
1951 1697 2100 1755 pau-

438 1770 620 1842 lisper
644 1774 966 1839 recreatus,
998 1769 1105 1827 sed
1130 1770 1353 1827 timens
1365 1770 1480 1827 sibi
1500 1770 1818 1827 subvenire
1844 1769 2096 1837 tardius,

438 1858 640 1919 relicto
669 1857 945 1916 nefandae
977 1858 1273 1915 societatis
1319 1858 1594 1930 collegio,
1624 1858 1985 1931 quantocius
2017 1857 2099 1914 ci-

438 1946 682 2005 vitatem
707 1946 891 2019 petiit,
918 1951 979 2003 et
1005 1946 1060 2004 si
1081 1945 1164 2003 ibi
1190 1951 1438 2004 sanctus
1461 1948 1554 2004 vir
1576 1952 1751 2015 esset,
1778 1964 1821 2004 a
1843 1946 2102 2004 custodi-

441 2036 560 2094 bus
585 2036 897 2106 diligenter
946 2035 1270 2109 requisivit.
1307 2037 1421 2103 Qui
1464 2036 1538 2094 de
1568 2036 1885 2109 praesentia
1941 2034 2100 2093 beati

440 2126 551 2186 viri
571 2125 783 2183 certior
804 2126 1018 2196 factus,
1039 2125 1310 2198 nihilque
1324 2126 1834 2183 dissimulandum
1855 2125 2103 2183 arbitra-

442 2221 559 2287 tus,
589 2214 936 2288 poenitentia
961 2215 1196 2279 ductus,
1219 2216 1300 2272 ad
1313 2216 1500 2289 pedes
1514 2216 1706 2274 sancti
1726 2215 2098 2289 provolutus,

442 2304 686 2376 culpam
724 2303 960 2369 fatetur,
1008 2304 1194 2360 errori
1238 2305 1481 2364 veniam
1521 2305 1736 2379 poscit.
1782 2308 1933 2362 Tum
1959 2319 2100 2361 vero

420 2391 673 2452 —vidercs
728 2408 802 2449 ex
846 2391 1182 2465 longinqua
1237 2394 1480 2465 regione
1533 2395 1859 2468 prodigum
1904 2394 2097 2451 filium

440 2481 812 2550 redeuntem,
860 2485 916 2537 et
946 2486 1177 2554 patrem
1226 2482 1286 2538 in
1317 2483 1523 2540 oscula
1551 2487 1842 2540 ruentem.
1896 2487 2099 2557 Itaque

438 2571 531 2628 vir
559 2575 821 2641 sanctus,
851 2576 1106 2643 paterna
1140 2572 1357 2645 pietate
1398 2573 1786 2646 praestrictus,
1812 2575 2097 2646 juvenem

438 2659 692 2733 excepit,
719 2660 962 2716 veniam
991 2661 1347 2733 promittens
1370 2662 1421 2717 si
1450 2662 1613 2721 mala
1640 2662 1938 2736 praaterita
1976 2678 2100 2720 me-

436 2749 604 2807 lioris
630 2748 762 2805 vitae
788 2749 1179 2807 conversione
1216 2756 1519 2824 pingeret,
1546 2751 1694 2808 nihil
1737 2752 1917 2824 igitur
1939 2751 2097 2808 ditii-

437 2837 709 2895 dendnm
732 2842 969 2911 putaret
988 2855 1051 2895 se
1082 2854 1193 2912 pro
1219 2839 1325 2896 illo
1347 2840 1642 2897 rationem
1671 2841 2047 2898 redditurum
2081 2858 2095 2909 ;

2207 341 2336 397 tulit
2360 341 2423 398 in
2450 341 2603 398 locis
2628 340 2876 397 desertis
2916 356 3090 396 secus
3134 340 3362 396 ﬂuenta
3393 338 3682 396 Sambrae.
3733 340 3866 404 Quo

2204 429 2267 486 in
2288 429 2423 487 loco
2451 430 2788 487 solitudinis
2821 446 2960 486 cum
2991 429 3176 500 signis
3205 434 3265 485 et
3302 427 3607 484 miraculis
3662 432 3719 483 et
3746 427 3866 501 pia:

2207 520 2677 577 conversationis
2710 519 2920 576 studiis
2957 518 3181 592 pollere
3210 518 3526 586 videretur,
3552 516 3725 573 multi
3746 515 3865 573 illic

2208 609 2286 666 ab
2307 625 2381 666 eo
2408 610 2489 666 ad
2517 609 2822 666 servitium
2846 609 3068 665 summi
3095 608 3428 665 Conditoris
3458 612 3598 663 sunt
3618 621 3869 678 congre-

2208 699 2347 769 gati.
2380 700 2469 755 Ad
2500 699 2916 757 evacuandam
2935 698 3114 769 igitur
3138 697 3353 771 prl’oris
3380 696 3515 753 vitae
3536 695 3863 753 maculam.

2206 788 2271 845 in
2320 788 2468 845 locis
2520 806 2657 863 qua!
2686 788 2800 846 sibi
2847 788 2927 844 ad
2966 787 3261 856 refugium
3314 790 3374 843 et
3416 785 3868 858 receptaculum

2205 878 2511 936 latronum
2556 883 2896 951 paraverat,
2950 876 3314 934 monasteria
3343 876 3693 945 construxit,
3746 881 3869 932 sta—

2205 971 2385 1024 tuens
2412 967 2719 1024 ministros
2743 968 2806 1024 in
2834 967 3215 1024 exsecutione
3250 966 3661 1023 ecclesiasticae
3703 964 3871 1021 insti-

2208 1057 2454 1115 tutionis
2478 1075 2492 1125 ;
2520 1062 2577 1114 et
2604 1073 2759 1130 quos
2787 1061 2926 1114 ante
2957 1057 3153 1113 socios
3195 1056 3492 1113 habuerat
3518 1054 3868 1127 criminum,

2204 1146 2601 1217 postmodum
2646 1143 2784 1201 fecit
2809 1149 3225 1217 cooperatores
3251 1143 3594 1199 divinorum
3633 1147 3871 1215 myste-

2205 1234 2456 1291 riorum.
2487 1238 2645 1303 Quae,
2678 1236 2729 1292 si
2776 1234 2913 1308 quis
2938 1235 3073 1291 vitae
3109 1235 3240 1306 ejus
3269 1232 3484 1291 seriem
3514 1238 3871 1305 textumque

2207 1324 2679 1381 conversationis
2719 1322 3061 1394 diligentius
3086 1321 3430 1397 inspexerit,
3476 1321 3648 1379 facile
3694 1320 3874 1377 inve-

2205 1414 2348 1483 niet,
2393 1413 2723 1488 praesrtim
2771 1427 2911 1469 cum
2967 1412 3421 1469 monasteriales
3466 1411 3876 1468 habitationes

2207 1518 2365 1577 quas
2383 1502 2513 1576 ipse
2538 1501 3289 1575 construxit,prsesentibus
3312 1500 3511 1574 potius
3532 1503 3877 1574 appareant

2129 1610 2171 1664 Β
2206 1608 2395 1667 quam
2441 1596 2647 1649 nostro
2689 1607 2967 1649 sermone
3013 1590 3399 1664 explicentur.
3459 1594 3632 1660 Nam,
3681 1593 3752 1645 ut
3789 1589 3875 1644 de

2207 1684 2455 1757 reliquis
2484 1682 2694 1740 sﬂeam
2732 1697 2870 1755 quas
2898 1682 3167 1757 fortasse
3192 1696 3316 1738 non
3360 1679 3672 1737 benevolis
3698 1678 3878 1735 audi-

2208 1771 2437 1829 toribus
2486 1770 2729 1828 fastidio
2777 1771 2913 1842 sint,
2946 1770 3111 1844 apud
3142 1769 3397 1828 Laubias
3423 1768 3714 1826 exstruxit
3740 1782 3879 1823 mo-

2207 1860 2539 1919 nasterium
2583 1860 2645 1917 in
2687 1860 2917 1917 honore
2946 1863 3005 1917 Β.
3038 1859 3188 1916 Petri
3218 1857 3491 1932 apostoli.
3544 1856 3719 1920 Quod
3748 1872 3878 1913 cer-

2207 1951 2488 2009 nentibus
2517 1950 2765 2025 quidem
2796 1950 2875 2007 ad
2889 1949 3186 2021 judicium
3209 1948 3430 2020 egregii
3457 1947 3682 2005 laboris
3706 1945 3880 2003 sum-

2208 2056 2343 2098 cere
2369 2044 2567 2114 potest
2593 2057 2606 2107 ;
2636 2039 2804 2113 quod
2833 2039 3013 2096 etiam
3035 2037 3214 2109 regiis
3242 2038 3455 2095 ditavit
3489 2036 3874 2104 muneribus,

2207 2146 2278 2187 ac
2307 2129 2585 2186 villarum
2635 2127 2730 2203 Est]
2760 2128 3002 2185 familia
3030 2143 3202 2201 aeque
3245 2127 3495 2201 replevit
3522 2126 3717 2200 copia.
3761 2124 3878 2183 Cui

2208 2218 2510 2294 quidquid
2538 2218 2809 2292 priorum
2837 2234 3051 2289 regum
3087 2215 3497 2274 muniﬁcentia
3508 2216 3737 2289 passim
3758 2230 3882 2288 per

2209 2313 2575 2367 Francorum
2604 2308 2916 2381 acquisivit
2944 2323 3132 2378 regna
3157 2306 3476 2378 delegavit,
3505 2321 3580 2362 ne
3609 2305 3881 2362 fratrum

2207 2398 2595 2471 congregatio
2616 2397 2843 2456 ibidem
2873 2396 3139 2454 serviens
3166 2400 3365 2467 egeret
3391 2395 3486 2453 his
3502 2410 3639 2469 quas
3656 2409 3880 2451 mona-

2206 2488 2335 2545 chis
2362 2487 2634 2544 feruntur
2650 2500 2785 2543 esse
2810 2501 3098 2557 congrua.
3133 2485 3306 2552 Quod
3332 2485 3393 2540 in
3423 2483 3560 2541 loco
3584 2482 3879 2555 regendas

2206 2576 2475 2633 ecclesias
2518 2576 2767 2635 beatum
2809 2578 3157 2633 Ursmarum
3194 2573 3478 2648 praefecit,
3510 2573 3713 2629 virum
3741 2586 3881 2629 mo-

2204 2666 2374 2723 ribus
2430 2670 2731 2743 ornatum,
2787 2664 2977 2736 signis
3034 2670 3092 2721 et
3140 2663 3445 2721 miraculis
3497 2677 3876 2730 coruscum;

2206 2757 2381 2827 cujus
2404 2755 2609 2813 dotem
2651 2755 3001 2811 meritorum
3030 2753 3164 2811 vitae
3190 2753 3383 2826 ipsius
3408 2750 3642 2809 libellus
3671 2751 3882 2809 editus

2203 2845 2487 2903 insinuat.
2545 2850 2606 2902 In
2662 2845 2976 2918 ρι’ωεθηιίε
3033 2848 3235 2902 autem
3290 2842 3549 2916 exempli
3599 2842 3878 2914 negotio,

436 2928 735 3019 quidquid
778 2928 970 3019 fuerat
998 2928 1348 2987 offensionis
1376 2930 1733 2987 innocentiae
1759 2931 1889 2987 vice
1927 2946 2097 2991 com-
2125 2964 2166 3019 ε
2206 2937 2344 3010 quis
2384 2951 2509 2993 non
2532 2935 2790 2992 similem
2820 2934 3038 2993 Joanni
3074 2934 3464 2993 arbitraretur
3488 2933 3881 3002 Autbertum,

436 3018 801 3090 putandum,
842 3018 893 3074 si
933 3022 1137 3075 tamen
1184 3020 1471 3078 scelerata
1512 3022 1814 3079 consortia
1860 3022 2098 3096 penitus

436 3104 687 3162 vitanda
713 3106 1085 3164 aestimasset.
1113 3110 1395 3165 Paratum
1435 3126 1498 3166 se
1523 3111 1760 3182 juvenis
1810 3111 1887 3167 ad
1917 3127 2098 3168 omne

437 3191 860 3251 satisfactioais
894 3208 1086 3266 genus
1132 3195 1350 3253 fatetur
1403 3202 1609 3271 utpote
1636 3214 1823 3272 quem
1848 3199 2097 3255 recentis

436 3283 638 3340 adhuc
688 3283 937 3341 visionis
981 3285 1199 3342 horror
1249 3290 1555 3344 terruerat.
1587 3293 1660 3345 At
1716 3289 1853 3361 pius
1904 3292 2096 3362 pater,

433 3370 591 3427 votis
622 3373 755 3443 ejus
783 3371 1192 3442 congaudens,
1228 3376 1491 3448 suscepit
1514 3392 1656 3432 eum
1683 3377 2095 3449 penitentiam,

435 3473 622 3530 quem
647 3459 750 3517 diu
790 3459 1038 3517 ﬂeverat
1065 3477 1101 3517 a
1132 3474 1195 3517 se
1222 3462 1622 3535 recedentem,
1673 3463 1996 3537 sinumque
2042 3464 2098 3521 ei

436 3546 655 3603 divina
680 3547 961 3620 aperiens
974 3548 1416 3618 misericordias,
1431 3553 1687 3610 reddidit
1709 3569 1849 3611 eum
1873 3560 2096 3613 sanetae

436 3637 614 3693 matri
646 3637 938 3693 Ecclesiee.
973 3638 1085 3705 Qui
1111 3638 1174 3695 in
1198 3644 1435 3697 tantum
1455 3643 1570 3701 sub
1923 3661 2098 3705 vene-

435 3724 641 3783 rabilis
667 3726 855 3783 Patris
894 3726 1115 3798 vigiliis
1159 3743 1229 3785 se
1272 3734 1331 3786 et
1362 3730 1611 3803 jejuniis
1662 3735 2097 3806 praeteritorum

436 3830 624 3886 agens
649 3816 1061 3889 pmoitentiam
1088 3818 1461 3890 constrinxit,
1503 3825 1569 3877 ut
1596 3821 1812 3882 inferni
1840 3839 1981 3881 eum
2009 3826 2093 3882 vi-

436 3902 602 3961 disse
626 3909 686 3962 ct
710 3904 1087 3978 pertimuisse
1108 3910 1424 3977 tormenta,
1444 3908 1681 3966 etiamsi
1705 3910 1912 3983 lingua
1939 3917 2094 3971 tace-

434 3998 543 4064 ret,
592 3994 971 4051 conversatio
1012 3994 1376 4068 loqueretur.
1423 4002 1630 4072 Itaque
1660 4000 1777 4058 sub
1824 4002 2095 4061 saeculari

434 4082 645 4139 habitu
672 4083 734 4139 in
766 4084 1137 4142 monasterio
1162 4085 1603 4159 aliquantulum
1631 4098 2092 4149 conversantem

434 4170 529 4226 vir
549 4177 793 4228 sanctus
820 4174 897 4228 ad
934 4189 1157 4245 purum
1206 4175 1477 4233 hortatur
1514 4178 1849 4253 relinquere
1891 4182 2093 4239 steculi

436 4258 694 4330 negotia,
721 4265 787 4317 ut
812 4260 1056 4317 tiberine
1078 4262 1465 4322 meditaretur
1489 4267 1769 4326 scelestia.
1790 4273 2094 4328 Paratum-

434 4361 551 4421 que
579 4347 800 4405 videns
821 4350 901 4407 ad
924 4352 1410 4423 omnia,abscidit
1437 4356 1569 4427 ejus
1596 4374 1836 4416 comam
1857 4361 2088 4433 capitis,

433 4451 473 4495 ι
498 4452 622 4511 quo
649 4437 961 4512 depulerat
982 4441 1256 4498 maculas
1269 4443 1486 4503 cordis.
1500 4446 1799 4520 Adeptum
1826 4449 2088 4524 denique

429 4526 592 4584 hanc
607 4527 913 4600 dignitatis
936 4529 1211 4603 gratiam,
1228 4531 1377 4588 dum
1394 4534 1893 4596 animadverteret
1918 4539 1983 4597 in
2013 4556 2085 4597 eo

430 4617 759 4675 sanctitatis
792 4619 993 4690 vigere
1018 4620 1318 4691 virtutem,
1369 4636 1478 4695 per
1533 4625 1802 4696 singulos
1856 4629 2083 4699 gradus

427 4707 728 4779 promovit
766 4707 847 4765 ad
895 4708 1251 4768 diaconatus
1286 4709 1595 4769 oﬁeiuml
1633 4714 1724 4771 Ad
1775 4716 1945 4789 quod
1999 4718 2084 4775 sic

425 4795 709 4869 apparuit
754 4801 953 4871 aptus,
1005 4803 1072 4855 ut
1121 4797 1353 4871 liquido
1409 4800 1758 4860 claresceret
1796 4805 2082 4863 omnibus

424 4885 590 4957 quod
642 4887 743 4942 Dei
772 4887 961 4957 gratia
1007 4886 1089 4943 ad
1114 4886 1176 4943 id
1205 4888 1426 4946 electus
1454 4896 1628 4948 esset.
1670 4894 1882 4951 Paucis
1939 4911 2081 4954 vero

421 4971 783 5046 interpositis
810 4976 1026 5032 diebus
1073 4990 1215 5032 cum
1270 4980 1466 5048 magis
1508 4995 1581 5038 ac
1617 4982 1815 5052 magis
1861 4989 2080 5043 semet-

420 5060 623 5133 ipsum
651 5065 900 5137 erigeret
928 5066 990 5123 in
1021 5064 1125 5122 Dei
1151 5065 1533 5136 femininum,
1574 5069 1788 5129 beatus
1811 5074 2079 5147 pontifex

422 5163 611 5220 agens
641 5155 868 5222 gratias
913 5158 1034 5213 Deo
1083 5155 1163 5214 ad
1192 5157 1642 5231 Presbyteratus
1665 5162 1905 5220 culmen
1935 5179 2076 5222 eum

420 5240 631 5296 evexit.

489 5330 552 5385 Χ.
584 5329 952 5389 Sublimatus
988 5341 1188 5393 autem
1220 5337 1281 5393 in
1317 5337 1500 5411 hujus
1530 5342 1765 5415 apicem
1807 5345 2073 5416 honoris,

414 5418 681 5474 enarrari
711 5433 832 5476 non
871 5428 1064 5495 potest
1089 5430 1319 5497 quanto
1362 5426 1653 5487 virtutum
1683 5433 1944 5490 culmine
1981 5450 2079 5491 ex-

412 5506 611 5565 crevit.
662 5511 795 5567 Jam
824 5527 973 5567 vero
1015 5514 1283 5585 magistri
1333 5518 1604 5575 moribus
1634 5521 1990 5580 informatus
2020 5530 2078 5581 et

409 5597 744 5657 exercitatas
771 5603 1238 5661 conversationis
1291 5622 1407 5663 usu
1434 5609 1771 5681 roboratus,
1813 5628 2072 5673 conven-

2207 3026 2357 3082 dum
2399 3025 2496 3082 ille
2539 3041 2614 3082 ex
2640 3024 2874 3081 latrone
2897 3029 3093 3081 tutum
3141 3024 3415 3082 Ecclesiae
3464 3023 3882 3097 provisorem,

2205 3117 2314 3173 iste
2344 3133 2416 3173 ex
2445 3132 2617 3189 mque
2643 3115 2892 3184 latrone,
2933 3118 2991 3171 et
3032 3129 3106 3171 ex
3149 3114 3340 3188 impio
3370 3119 3628 3188 raptore,
3657 3129 3886 3171 verum

2205 3206 2342 3263 fecit
2378 3205 2614 3262 Domini
2653 3204 3074 3261 sacerdotem?
3116 3204 3231 3262 Sed
3258 3203 3434 3260 nobis
3476 3203 3593 3261 ista
3628 3203 3886 3261 interim

2204 3294 2632 3369 replicantibus
2659 3294 2977 3367 pensanda
3017 3294 3309 3350 eccam-rit
3334 3293 3630 3351 immensa
3673 3294 3889 3367 pietas

2205 3384 2556 3456 Conditoris,
2591 3382 2699 3457 qui
2727 3386 2865 3457 post
2910 3382 3152 3457 lapsum
3192 3387 3539 3456 peccatores
3581 3381 3661 3439 ad
3689 3382 3888 3440 inno-

2204 3468 2462 3529 centiam
2506 3472 2706 3529 venire
2758 3470 3024 3529 donavit.
3077 3473 3221 3529 Item
3275 3489 3348 3529 ex
3390 3472 3546 3529 illius
3573 3473 3889 3530 sententia

2203 3560 2513 3618 maxillam
2563 3560 2906 3628 chiathan,
2938 3559 3172 3619 armilla
3212 3560 3539 3618 divinitatis
3566 3572 3688 3616 suae
3736 3575 3887 3633 per-

2203 3651 2483 3723 foratam,
2536 3654 2596 3707 et
2649 3649 2951 3707 credimus
3006 3655 3066 3707 et
3119 3650 3476 3722 gaudemus,
3533 3650 3689 3706 dum
3744 3651 3889 3708 viro

2202 3741 2345 3797 huic
2400 3740 2587 3797 semel
2638 3739 2701 3797 in
2766 3738 2971 3797 fauces
3027 3740 3161 3812 ejus
3222 3738 3397 3813 lapso
3459 3744 3518 3796 et
3571 3738 3890 3796 evadendi

2203 3828 2439 3888 aditum
2477 3830 2731 3904 aperuit,
2764 3834 2839 3900 et,
2879 3845 2957 3886 ne
2980 3829 3227 3888 ulterius
3253 3828 3637 3901 relaberetur,
3672 3834 3892 3887 custo-

2274 4013 2361 4065 Xl.
2394 4008 2638 4066 Athenis
2678 4021 2822 4067 vero
2867 4010 3018 4067 urbe
3068 4011 3406 4067 Graecorum
3460 4006 3888 4074 nobilissima,

2203 4097 2556 4155 adolescens
2576 4099 2829 4172 quidam
2851 4099 3088 4173 inclytis
3109 4102 3275 4156 ortus
3297 4096 3893 4165 natalibus,studiis-

2203 4202 2324 4261 que
2350 4188 2681 4246 litterarum
2717 4189 3093 4257 exercitatus,
3154 4187 3261 4244 sed
3308 4191 3365 4244 et
3406 4186 3548 4242 ﬁdei
3587 4186 3893 4243 moribus

2202 4277 2553 4349 adornatus,
2568 4295 2641 4335 ex
2668 4278 3059 4352 inspiratione
3075 4276 3321 4351 superni
3343 4276 3583 4347 amoris,
3604 4276 3897 4349 patriam

2200 4372 2601 4440 parentesque
2625 4367 2899 4424 deserere
2917 4382 3285 4437 cursumque
3309 4366 3507 4436 longua
3518 4367 3899 4438 peregrina-

2200 4456 2377 4512 tionis
2414 4456 2825 4514 meditabatur
2862 4472 3189 4526 assumere,
3240 4459 3539 4529 quatenus
3569 4455 3898 4528 impensis

2198 4545 2545 4618 temporalis
2586 4545 2775 4602 exsilii
2824 4549 3188 4602 mercaretur
3236 4549 3477 4602 aeternis
3519 4542 3899 4617 portionem

2196 4634 2576 4691 hereditatis.
2586 4635 2767 4706 Igitur
2781 4638 3037 4692 Romam
3056 4634 3323 4704 veniens,
3343 4632 3605 4691 oratoria
3620 4640 3902 4707 aposto-

2196 4721 2397 4780 lorum
2409 4724 2698 4781 orationis
2717 4724 2907 4795 gratia
2926 4724 3237 4782 lustrando
3254 4721 3707 4798 aliquantulum
3730 4729 3907 4783 tem-

2198 4812 2362 4886 poris
2383 4813 2982 4887 explevit.0ui,nocte
2996 4812 3795 4889 quadamJassescentibus
3822 4833 3909 4873 ex

2198 4903 2405 4960 itinere
2426 4903 2695 4972 artubus,
2731 4905 2793 4960 in
2832 4919 3119 4961 somnum
3141 4904 3461 4971 resolutus,
3501 4901 3741 4960 divinas
3756 4906 3907 4977 jus-

2196 4990 2380 5050 sionis
2396 5007 2541 5049 voce
2561 4995 2846 5050 monetur
2864 4993 3152 5050 occiduos
3176 4992 3503 5050 Galliarum
3522 4990 3679 5048 ﬁnes
3702 5008 3919 5068 expc.

2192 5085 2333 5150 tere,
2360 5070 2709 5156 pagumque
2733 5085 2987 5155 Hagnon
3009 5085 3725 5157 penetrans,congmum
3760 5100 3908 5141 suae

2188 5171 2576 5228 habitationis
2587 5172 2793 5230 locum
2814 5188 3106 5247 quaerere,
3139 5171 3267 5241 ubi,
3301 5170 3565 5230 oratorio
3588 5178 3914 5233 constru-

2188 5261 2638 5329 cto,vocationis
2661 5277 2788 5318 suae
2806 5267 3048 5337 tempus
3071 5264 3463 5335 exspectaret.
3485 5262 3705 5318 Sciens
3736 5279 3913 5335 ergo

2186 5349 2456 5406 divinam
2472 5352 2914 5424 providentiam
2934 5352 3046 5409 sibi
3067 5366 3311 5426 semper
3328 5349 3661 5409 aﬂuturam
3673 5395 3690 5419 ,
3714 5351 3916 5412 labo-

2186 5438 2326 5495 riosi
2364 5456 2574 5496 cursus
2594 5457 2716 5497 non
2747 5447 2992 5515 paveret
3019 5442 3305 5513 injuriam
3325 5440 3524 5498 donec
3546 5438 3629 5497 ad
3656 5438 3915 5502 locum

2187 5528 2539 5600 perveniret,
2574 5530 2677 5586 ubi
2723 5530 3017 5587 inveniret
3053 5530 3158 5605 qui
3200 5529 3313 5586 sibi
3360 5528 3919 5603 peregrinationis

2188 5620 2431 5690 portum
2450 5617 2808 5692 indulgeret,
2827 5624 2887 5678 et
2910 5634 3114 5677 rerum
3141 5618 3497 5692 adiumenta
3523 5620 3916 5693 pristmt.
