4018 6176
219 149 314 204 365

1587 147 1596 153 “
1623 142 1784 198 Vl'l'A
1826 144 1884 200 S.
1923 141 2289 204 AUTBERTI.

3560 165 3666 218 366

209 271 327 337 Qua
353 280 504 323 voce
535 263 747 321 divina
775 263 1019 321 beatum
1060 261 1344 337 portendi
1375 265 1745 323 Autbertum
1804 283 1891 322 se-
1920 270 1969 323 Α
2004 283 2118 325 nus
2149 272 2454 329 exsolvere
2484 272 2718 330 debeat.
2756 296 2782 324 »
2808 276 3088 335 Gaudens
3107 278 3286 348 igitur
3313 283 3668 340 venerabilis

204 357 443 432 quentia
471 353 768 411 indicant.
803 355 915 411 Sed
946 353 1285 425 jussionem
1340 354 1589 411 Domini
1651 356 1892 429 explere

201 447 550 504 desiderans
574 443 671 499 vir
699 442 799 499 Dei
829 443 1093 501 Gislenus
1126 442 1233 514 (sic
1265 443 1436 500 enim
1487 460 1724 502 nomen
1768 450 1896 502 erat

201 539 394 609 illius),
423 534 779 608 regionibus
803 533 1061 603 diversis,
1094 533 1307 590 insulis
1344 540 1405 592 et
1426 534 1692 593 urbibus
1721 553 1895 610 pera-

203 627 402 700 gratis,
433 640 730 699 prospero
753 639 928 679 cursu
961 623 1204 680 tandem
1235 625 1520 696 pervenit
1547 625 1634 682 ad
1687 625 1892 680 locum

201 718 300 792 qui
327 722 473 773 tunc
501 711 786 786 temporis
816 713 892 769 ab
918 713 1124 770 incolis
1153 713 1514 785 Ursdungus
1545 712 1890 785 dicebatur,

203 824 274 865 ex
303 803 744 863 consuetudine
768 802 1035 860 videlicet
1066 801 1228 860 ursas
1246 803 1654 877 parturientis
1681 821 1695 871 ;
1729 819 1890 859 nunc

201 913 340 952 vero
373 893 540 952 Cella
568 896 828 949 vocatur.
863 893 971 958 Qui
1021 892 1187 948 locus
1248 893 1432 949 distat
1486 891 1742 948 tricenis
1770 891 1891 948 fere

201 984 470 1043 millibus
492 982 571 1039 ab
596 982 741 1038 urbe
769 983 1184 1039 Cameracensi
1214 1001 1226 1050 ;
1262 981 1326 1038 in
1353 998 1477 1054 qua
1507 982 1655 1054 ipse
1709 998 1780 1037 ex
1808 981 1892 1037 di-

202 1077 336 1132 vino
383 1071 633 1130 oraculo
678 1076 944 1128 sanctum
990 1073 1344 1146 pontiﬁcem
1388 1087 1585 1144 super
1647 1086 1892 1141 gregem

203 1163 413 1223 Christi
474 1178 618 1219 cura
668 1161 933 1234 pervigili
981 1162 1263 1218 audierat
1306 1159 1629 1216 insudare.
1678 1165 1747 1216 At
1796 1161 1890 1216 ille

199 1255 394 1312 noxiis
451 1252 670 1310 avulsis
717 1251 1063 1324 arboribus,
1139 1250 1451 1308 basilicam
1512 1250 1589 1306 in
1662 1252 1890 1308 honore

201 1343 617 1420 apostolorum
643 1342 812 1414 ccepit
836 1341 1167 1412 aedificare,
1197 1345 1253 1398 et
1306 1339 1520 1397 studiis
1581 1340 1890 1398 bonorum

205 1450 266 1489 se
296 1448 557 1506 operum
583 1430 914 1486 exercitare.
953 1429 1393 1487 Disseminante
1435 1445 1592 1486 vero
1645 1429 1888 1487 diabolo

201 1523 390 1579 zelam
445 1519 677 1577 invidiae
724 1535 830 1591 per
887 1520 1088 1575 corda
1118 1518 1438 1587 malorum,
1475 1519 1762 1576 auditum
1803 1524 1890 1576 est

2001 361 2170 415 Pater
2191 361 2368 417 bonis
2398 362 2503 418 viri
2532 362 2763 429 studiis,
2790 367 3080 424 accersito
3109 384 3314 425 secum
3358 370 3536 428 beato
3595 389 3667 428 ac

2001 451 2327 506 venerabili
2375 452 2476 508 Dei
2526 452 2748 508 cultore
2803 456 3100 523 Amando,
3142 474 3278 515 cum
3303 475 3532 530 magna
3559 461 3669 518 cir-

2001 538 2289 594 cumfusae
2319 540 2512 612 plebis
2541 541 2934 598 exsultatione
2963 548 3402 604 monasterium
3430 550 3509 606 ad
3540 550 3667 606 lau-

1999 626 2138 683 dem
2191 631 2424 686 Domini
2477 637 2533 687 et
2582 632 2874 688 honorem
2933 636 3343 707 apostolorum
3413 639 3560 696 Petri
3610 643 3667 696 et

1999 716 2164 772 Pauli
2193 721 2579 776 consecravit.

2069 809 2201 860 XIII.
2234 807 2347 863 Sed
2361 807 2568 864 etillnd
2583 812 3067 882 praetereundum
3081 828 3203 869 non
3223 816 3456 871 aestimo
3474 819 3663 888 quod,

1999 909 2136 950 cum
2155 898 2396 968 superni
2413 899 2671 970 spiritus,
2691 900 2751 955 in
2773 901 2955 956 rebus
2975 902 3246 958 humana
3263 904 3660 962 sollicitudine

1999 982 2507 1055 administrandis,
2536 989 2768 1059 paucis,
2799 993 2856 1044 et
2882 989 2998 1044 illis
3030 990 3287 1061 purioris
3316 992 3452 1048 vita:
3482 1009 3664 1050 mun-

1997 1072 2140 1129 ditia
2167 1074 2464 1147 preedites,
2497 1092 2619 1132 non
2649 1078 2764 1133 nisi
2795 1093 2902 1150 per
2931 1078 3189 1135 visiones
3241 1087 3347 1137 aut
3403 1083 3667 1140 obscura

1997 1163 2264 1234 mysticae
2313 1164 2557 1221 visionis
2605 1167 2928 1236 aenigmata
2959 1183 3020 1224 se
3068 1169 3251 1225 videri
3293 1172 3663 1242 permittant,

1995 1251 2239 1307 beatum
2249 1254 2598 1310 Autbertum
2613 1255 2861 1325 angelos
2874 1258 3488 1330 corporalibusoculis
3502 1277 3664 1333 saepe

1993 1340 2213 1396 vidisse
2244 1342 2414 1397 multi
2434 1343 2770 1400 audierunt.
2807 1345 2979 1410 Quod
3001 1347 3224 1402 mirum
3262 1348 3664 1419 prudentibus

1994 1429 2182 1485 videri
2206 1445 2329 1486 non
2360 1431 2556 1499 debet,
2582 1449 2721 1489 cum
2744 1433 3012 1490 internus
3033 1436 3249 1492 mentis
3271 1437 3521 1494 intuitus
3537 1455 3665 1494 cor-

1995 1518 2161 1589 porei
2203 1524 2484 1591 aspectus
2515 1521 2719 1577 lumen
2756 1519 2835 1578 ad
2871 1522 3201 1595 spiritualia
3229 1526 3531 1582 cernenda
3565 1543 3664 1582 ac-

204 1612 464 1685 aliqucs,
492 1614 558 1665 ut
586 1614 669 1664 est
717 1625 846 1664 mos
880 1608 1293 1677 adulantium,
1328 1613 1545 1664 sancto
1603 1607 1888 1681 episcopo
1917 1622 1960 1676 Β
1997 1608 2271 1663 cenderet
2298 1625 2482 1681 quem
2512 1611 2592 1665 ab
2617 1610 2842 1666 intimis
2864 1612 3044 1668 rebus
3070 1614 3255 1670 virtus
3282 1614 3661 1671 continentiae

205 1702 470 1759 suasisse
499 1714 574 1754 ne
601 1698 810 1754 sineret
848 1697 1034 1753 illum
1065 1695 1626 1770 pseudodoctorem
1670 1697 1730 1752 in
1759 1696 1888 1752 ﬁni-

202 1791 318 1849 bus
349 1790 476 1846 suis
501 1789 580 1845 ad
604 1787 883 1860 injuriam
916 1787 1015 1842 sui
1044 1786 1287 1843 honoris
1332 1801 1613 1854 manere,
1671 1790 1737 1841 ut
1785 1787 1888 1858 qui

210 1881 290 1937 ad
321 1878 682 1935 seducendas
706 1881 949 1932 mentes
973 1875 1356 1948 simplicium,
1384 1875 1633 1931 urbana
1651 1875 1886 1948 sapien—

213 1971 362 2026 tium
384 1966 786 2025 conventicula
809 1966 1036 2035 vitans,
1080 1965 1139 2020 in
1190 1965 1299 2022 has
1358 1964 1722 2022 solitudines
1751 1981 1890 2021 con-

210 2060 488 2116 venisset.
528 2059 637 2115 Sed
665 2058 750 2114 vir
784 2057 1028 2112 Domini
1072 2056 1384 2112 advertens
1433 2055 1887 2127 suggestionem

208 2149 433 2206 invidia
459 2149 653 2221 potius
685 2162 877 2220 quam
907 2145 1138 2202 ratione
1160 2145 1574 2220 compositam
1633 2165 1644 2201 :
1698 2165 1728 2199 (ε
1760 2150 1887 2203 Non

207 2245 318 2308 est,
349 2237 562 2311 inquit,
593 2243 889 2302 nostrum,
919 2235 1230 2291 hominem
1264 2235 1681 2291 indiscussum
1732 2235 1888 2306 judi-

207 2344 362 2393 care,
399 2342 593 2398 neque
623 2325 791 2382 omni
823 2324 1059 2398 spiritui
1088 2324 1344 2391 credere,
1370 2325 1571 2379 donec
1599 2323 1887 2397 probetur

206 2417 254 2472 si
284 2433 357 2472 ex
379 2417 498 2470 Deo
531 2415 617 2470 sit.
649 2438 675 2464 ››

276 2509 388 2561 ΧΗ.
424 2504 654 2560 Mittitur
677 2503 883 2575 itaque
916 2501 1161 2557 nuntius
1177 2501 1280 2573 qui
1296 2499 1614 2556 hominem
1641 2499 1718 2555 ad
1740 2515 1884 2556 con-

205 2601 481 2669 spectum
512 2593 813 2666 pontiﬁcis
859 2591 1148 2648 accersire
1194 2590 1433 2661 debeat,
1489 2591 1604 2646 hoc
1648 2590 1884 2647 interim

203 2684 516 2760 prOposito
546 2700 619 2738 ne
647 2683 738 2738 vir
783 2682 885 2737 Dei
924 2697 998 2737 ex
1029 2685 1324 2736 conventu
1383 2679 1600 2752 quovis
1649 2680 1883 2752 injurias

201 2779 375 2832 motu
399 2776 873 2830 contristaretur.
910 2774 1202 2826 Evocatus
1233 2774 1438 2825 autem
1469 2769 1681 2825 beatus
1699 2770 1881 2826 Gisle-

202 2882 322 2921 nus
347 2863 525 2936 coepit
553 2867 672 2919 Deo
730 2861 954 2932 gratias
1004 2875 1180 2930 agere
1224 2859 1390 2931 quod
1445 2873 1506 2914 se
1542 2873 1652 2930 per
1706 2875 1883 2914 suum

201 2951 554 3028 pontiﬁcem
601 2967 866 3023 superna
907 2949 1098 3018 gratia
1152 2948 1471 3004 visitasset.
1527 2947 1883 3004 Perveniens
1913 2978 1955 3035 ρ

201 3045 408 3117 itaque
449 3042 529 3098 ad
558 3041 798 3110 urbem,
850 3044 1056 3095 sancto
1106 3040 1499 3111 praesentatur
1547 3037 1878 3110 episcopo;

208 3151 395 3208 quem
417 3132 533 3200 ille,
567 3136 634 3187 ut
659 3129 957 3200 ﬂagrabat
982 3128 1288 3185 charitatis
1320 3127 1660 3195 dulcedine,
1691 3127 1775 3183 sic
1795 3128 1881 3183 af-

202 3224 360 3280 fatus
405 3241 418 3279 :
482 3246 511 3271 «
546 3222 669 3290 Dic,
738 3221 949 3294 inquit,
1015 3218 1225 3289 nobis,
1282 3217 1462 3274 frater
1511 3218 1878 3287 charissime,

204 3315 376 3385 cujus
394 3330 477 3380 es,
504 3312 752 3383 cujusve
773 3308 1164 3380 dignitatis?»
1197 3307 1301 3365 Cui
1331 3307 1424 3364 ille
1455 3306 1828 3380 respondens
1865 3326 1878 3364 :

204 3422 234 3457 ‹
267 3403 533 3471 Graecus,
564 3398 780 3472 inquit,
813 3398 1075 3468 natione,
1105 3397 1474 3452 Christianus
1512 3412 1656 3452 vero
1693 3395 1882 3467 digni-

204 3495 342 3558 tate,
377 3488 624 3545 Athenis
654 3502 798 3542 vero
848 3490 1037 3555 ortus,
1090 3484 1304 3543 Christi
1327 3485 1692 3558 baptismate
1714 3500 1882 3543 rena-

203 3583 317 3634 tus.
345 3582 430 3633 Ita
461 3579 718 3633 Romam
740 3575 966 3642 adiens,
999 3591 1105 3648 per
1137 3574 1240 3630 Dei
1291 3579 1665 3648 praeceptum
1722 3573 1880 3630 hanc

199 3666 450 3742 perveni
480 3665 544 3720 in
571 3664 851 3737 patriam,
877 3679 1055 3738 super
1069 3663 1300 3720 ﬂumen
1347 3665 1640 3734 Hagnam,
1665 3661 1880 3722 inloco

200 3757 308 3831 qui
337 3756 558 3812 dicitur
587 3755 935 3825 Ursdungus
960 3769 1212 3826 ;operor
1243 3752 1547 3821 manibus,
1581 3751 1879 3810 aediﬁcare

202 3843 470 3916 gestiens
520 3845 640 3898 Deo
695 3841 1042 3898 oratorium.
1111 3840 1543 3898 Desiderabam
1597 3839 1879 3914 equidem

199 3938 382 3989 tuam
434 3938 706 4007 expetere
766 3932 1162 4000 sanctitatem,
1212 3931 1503 4004 petiturus
1575 3931 1877 3988 licentiam

201 4021 437 4093 agendi
459 4040 592 4096 quae
623 4027 763 4078 sunt
787 4027 1002 4096 empta,
1041 4021 1149 4078 sed
1179 4022 1462 4094 praevenit
1503 4022 1696 4092 gratia
1750 4026 1876 4096 tua,

198 4127 344 4186 qua
365 4127 481 4168 nos
509 4110 838 4168 accersivit.
869 4133 897 4161 κ
921 4111 1168 4167 lntuitus
1196 4117 1397 4167 autem
1424 4111 1619 4167 almus
1650 4108 1878 4182 episco-

195 4217 318 4274 pus
353 4200 466 4256 viri
495 4215 825 4269 sermones,
845 4199 1112 4272 nihilque
1159 4199 1641 4273 reprehensionis
1670 4197 1877 4271 depre-

195 4290 502 4356 hendens,
562 4289 764 4345 dilexit
820 4305 997 4357 eum;
1061 4289 1264 4362 sicque
1310 4304 1418 4362 per
1465 4289 1693 4362 aliquot
1746 4286 1873 4345 dies

197 4381 398 4451 gratia
425 4378 848 4451 hospitalitatis
875 4382 1195 4447 retentum,
1229 4384 1286 4435 et
1308 4379 1636 4451 corporalis
1669 4378 1875 4436 alimo-

195 4469 316 4524 niae
343 4468 642 4535 subsidio,
671 4473 728 4523 et
747 4484 916 4524 sacro
945 4467 1266 4542 spiritualis
1296 4468 1428 4524 vitae
1460 4468 1760 4540 colloquio
1783 4485 1876 4525 sa-

198 4558 391 4615 tiavit.
428 4557 651 4613 Dehinc
681 4557 1115 4614 benedictionis
1147 4575 1269 4613 suae
1285 4573 1534 4613 munere
1555 4557 1872 4627 donatum,

195 4651 579 4719 acceptaque
609 4646 983 4716 regrediendi
1006 4645 1264 4714 licentia,
1321 4662 1465 4701 eum
1513 4645 1872 4701 venerabilis

194 4739 377 4791 Pater
404 4735 676 4790 hortatur
703 4733 987 4807 perﬁcere
1014 4733 1280 4790 studiose
1309 4749 1445 4807 quae
1475 4738 1756 4806 coeperat,
1788 4749 1875 4790 se-

192 4839 349 4897 que,
407 4823 666 4895 peractis
717 4840 851 4895 quae
909 4828 1325 4895 congruerent,
1373 4823 1702 4880 oratorium
1751 4840 1873 4878 suae

193 4911 579 4968 auctoritatis
605 4910 1020 4969 benedictione
1050 4917 1540 4970 consecraturum
1574 4909 1870 4984 promisit.

196 5003 343 5068 Qua
365 5000 633 5074 episcopi
659 5001 1054 5073 promissione
1103 5001 1295 5070 ltetus,
1354 5000 1521 5074 operi
1569 5000 1873 5058 ardentius

189 5090 494 5158 instabat,
528 5090 1011 5148 animadverteris
1035 5092 1164 5163 jam
1194 5108 1266 5147 ex
1295 5107 1497 5147 rerum
1546 5095 1758 5146 eventu
1811 5105 1874 5146 se

191 5181 377 5237 illum
404 5180 703 5237 invenisse
719 5197 902 5254 quem
931 5181 1008 5236 ad
1029 5180 1424 5237 ministerium
1449 5180 1684 5237 socialis
1704 5179 1872 5236 labo-

191 5272 281 5327 ris
317 5270 608 5326 divinitus
626 5271 894 5326 audierat
912 5270 1023 5326 sibi
1041 5271 1431 5343 promissum.
1456 5270 1713 5343 Expletis
1730 5285 1873 5326 vero

189 5376 320 5434 pro
347 5359 601 5415 modulo
630 5376 740 5414 suo
761 5376 896 5432 quas
926 5360 1276 5416 monasticis
1321 5359 1525 5414 usibus
1582 5374 1875 5426 congrue-

189 5450 374 5514 bant,
413 5449 500 5503 vir
533 5449 632 5504 Dei
661 5449 1074 5504 venerandum
1109 5449 1324 5504 talibus
1354 5449 1552 5504 verbis
1601 5447 1876 5520 interpeL

187 5539 283 5595 lat
307 5538 668 5612 episcopum
697 5557 709 5592 :
745 5562 771 5587 «
806 5541 1062 5611 Tempus
1092 5539 1279 5606 adest,
1313 5541 1500 5605 Pater,
1549 5553 1671 5609 quo
1703 5553 1875 5592 servo

191 5644 317 5686 suo
334 5626 630 5684 dominus
659 5625 925 5699 pontifex
949 5625 1269 5698 promissae
1293 5624 1727 5684 benedictionis
1745 5640 1875 5681 mu—

1996 1696 2308 1753 clauserat.
2335 1701 2551 1754 Rerum
2569 1700 2815 1770 quidem
2836 1703 3158 1760 necessitas
3177 1705 3458 1775 exigebat
3478 1710 3542 1761 ut
3563 1721 3661 1761 ve-

1994 1786 2280 1843 nerabilis
2307 1790 2474 1844 Pater
2501 1789 2826 1846 canonicos
2854 1805 3014 1858 suos,
3033 1792 3138 1864 qui
3154 1793 3416 1849 Atrebati
3435 1793 3496 1848 in
3515 1797 3659 1849 Bea-

1994 1879 2068 1931 tze
2123 1875 2317 1933 Mariae
2374 1879 2741 1934 monasterio
2786 1879 3258 1948 famulabantur,
3315 1881 3662 1938 visitaturus

1995 1964 2158 2020 adire
2183 1965 2446 2022 deberet.
2483 1966 2594 2032 Qui
2624 1967 2794 2024 locus
2821 1968 2964 2024 olim
2993 1974 3050 2025 et
3077 1969 3312 2026 ambitu
3341 1986 3661 2026 murorum

1995 2057 2052 2108 et
2079 2053 2412 2126 frequentia
2433 2055 2654 2111 civium
2685 2056 3106 2114 celeberrimus
3125 2059 3337 2128 fuerat,
3369 2059 3494 2127 sed,
3521 2073 3663 2129 gen-

1994 2143 2143 2199 tium
2160 2143 2541 2202 infestatione
2563 2161 2598 2201 a
2622 2147 2821 2218 prisco
2840 2151 2997 2203 statu
3017 2148 3409 2218 deformatus,
3431 2149 3658 2206 crebris

1993 2232 2180 2288 ruinis
2207 2233 2524 2307 hucusque
2557 2236 2846 2292 consistit.
2878 2237 2984 2293 Ubi
3005 2253 3145 2293 cum
3175 2237 3251 2294 de
3272 2237 3450 2293 rebus
3469 2238 3660 2296 Eccle-

1994 2322 2097 2378 siae
2127 2323 2270 2379 satis
2299 2324 2377 2380 ad
2408 2329 2646 2396 tempus
2684 2330 3014 2397 tractasset,
3041 2326 3311 2400 quadam
3366 2333 3560 2396 nocte,
3594 2333 3662 2386 ut

1990 2410 2073 2466 illi
2099 2417 2224 2467 erat
2255 2428 2494 2486 semper
2521 2413 2726 2484 moris,
2751 2415 3034 2471 fratribus
3074 2415 3276 2471 adhuc
3300 2416 3658 2488 quiescenti-

1991 2499 2126 2569 bus,
2153 2515 2408 2570 surgens
2435 2501 2514 2556 ad
2541 2507 2850 2558 nocturnae
2869 2503 3156 2559 orationis
3176 2508 3438 2575 tempus,
3463 2521 3658 2578 usque

1990 2589 2051 2644 in
2101 2589 2251 2644 lucis
2307 2591 2729 2662 crepusculum
2760 2593 3148 2648 continuavit.
3206 2593 3473 2648 Necdum
3517 2611 3656 2653 vero

1991 2693 2235 2734 cursum
2262 2680 2548 2736 orationis
2576 2680 2934 2753 expleverat,
2968 2697 3108 2737 cum
3140 2696 3204 2737 se
3246 2681 3430 2754 foras,
3479 2685 3657 2756 quasi

1989 2783 2102 2840 pro
2127 2767 2528 2826 refocillandis
2559 2769 2766 2842 aliquo
2830 2770 3194 2827 relevamine
3223 2771 3496 2842 artubus,
3527 2789 3656 2830 sus-

1989 2873 2180 2931 pensa
2194 2858 2430 2915 interim
2447 2859 2714 2916 oratione
2726 2859 2993 2930 contulit,
3017 2865 3073 2917 et
3098 2864 3262 2917 stans
3275 2860 3337 2917 in
3351 2862 3654 2920 menibus

1991 2948 2170 3021 coepit
2180 2948 2294 3020 piae
2308 2948 2713 3004 meditationis
2727 2950 2991 3006 motibus
3007 2950 3231 3023 pulsari
3251 2951 3655 3024 quamobrem

1990 3039 2298 3110 Vedastus,
2323 3044 2627 3095 tantorum
2657 3040 2850 3113 spatio
2881 3053 3180 3097 annorum
3218 3041 3351 3098 vilis
3399 3043 3656 3118 sepulcri

1990 3127 2214 3199 cespite
2236 3127 2496 3195 clausus,
2529 3128 2732 3185 debito
2760 3130 2990 3188 honore
3020 3134 3264 3198 careret,
3297 3146 3481 3203 quem
3522 3131 3654 3202 jam

1992 3230 2394 3288 supernorum
2413 3215 2634 3273 civium
2650 3219 2952 3274 consortio
2971 3218 3374 3275 exsultantem
3397 3219 3653 3276 celestis

1990 3305 2380 3374 Hierusalem,
2411 3321 2519 3361 ceu
2552 3320 2861 3376 gemmam
2889 3308 3173 3364 virtutum
3214 3306 3511 3379 fulgorem
3539 3308 3652 3365 mi-

1989 3400 2246 3462 cantem,
2266 3394 2632 3452 adscivisset.
2666 3397 2912 3465 Etenim,
2938 3413 2972 3453 a
2999 3397 3096 3452 die
3108 3396 3503 3469 depositionis
3523 3397 3653 3469 ejus

1987 3499 2184 3556 usque
2213 3484 2290 3539 ad
2319 3488 2560 3556 tempus
2584 3485 2743 3541 beati
2768 3485 3054 3553 Autberti,
3075 3500 3178 3541 sex
3193 3485 3358 3542 fuere
3387 3484 3655 3561 episcopi

1988 3571 2210 3644 quibus
2224 3572 2356 3646 ipse
2377 3573 2669 3646 septimus
2684 3573 2760 3629 ad
2782 3573 3323 3647 poutiticiiculmen
3346 3574 3651 3644 successit,

1988 3676 2128 3716 cum
2161 3665 2243 3717 tot
2265 3661 2607 3718 labentibus
2630 3663 2804 3718 annis
2822 3677 3065 3733 gemma
3094 3665 3192 3718 Dei
3222 3665 3489 3738 pretiosa
3517 3664 3656 3721 sub-

1987 3753 2261 3806 terraneo
2279 3751 2480 3806 adhuc
2497 3765 2680 3823 specu
2697 3750 3107 3815 claudebatur,
3115 3752 3291 3822 cujus
3309 3754 3654 3827 sepulcrum

1985 3838 2151 3894 haud
2179 3839 2356 3908 longe
2383 3854 2419 3894 a
2449 3839 2658 3894 dextro
2686 3854 2873 3894 cornu
2905 3838 3111 3895 altaris
3136 3841 3329 3896 Beatae
3349 3841 3544 3898 Maria:
3570 3841 3655 3898 di-

1989 3926 2224 3982 stabat:
2259 3943 2397 3982 cum
2427 3942 2569 3982 vero
2597 3932 2680 3983 tot
2706 3927 2980 3998 egregios
3011 3926 3220 3983 Christi
3276 3929 3656 3985 confessores

1985 4015 2098 4071 illis
2125 4015 2308 4072 fuisse
2338 4016 2710 4088 temporibus
2730 4016 3072 4086 audiamus,
3098 4017 3324 4073 meritis
3339 4018 3651 4084 sublimes,

1987 4106 2306 4162 virtutibus
2333 4105 2612 4174 illustres,
2647 4106 2913 4162 minimis
2943 4107 3008 4163 in
3037 4105 3220 4162 rebus
3260 4108 3649 4177 sollicitiores,

1986 4194 2196 4266 procul
2225 4194 2412 4250 dubio
2433 4194 2821 4252 manifestum
2853 4201 3086 4252 estnon
3144 4211 3356 4254 eorum
3411 4197 3656 4269 ignavia

1986 4283 2431 4354 negligentibus
2453 4285 2654 4355 jacere
2669 4288 2904 4340 tantum
2922 4285 3297 4358 thesaurum,
3323 4285 3430 4344 sed
3447 4287 3653 4344 divino

1981 4373 2210 4444 judicio
2259 4378 2315 4429 et
2346 4373 2651 4430 voluntate
2686 4373 2846 4431 beati
2875 4374 3110 4432 Vedasti
3137 4375 3253 4432 hoc
3283 4377 3653 4450 exsequendi

1984 4463 2251 4519 muneris
2291 4462 2687 4519 ministerium
2716 4463 2894 4520 beato
2919 4464 3202 4521 Autberto
3254 4471 3649 4523 reservatum.

1985 4553 2173 4625 Ccepit
2228 4553 2407 4622 igitur
2456 4553 2662 4609 anima
2718 4558 2970 4610 aestuare
3023 4554 3315 4626 quoniam
3346 4555 3653 4611 transferri

1984 4647 2228 4700 sanctus
2256 4643 2564 4700 confessor
2593 4642 2916 4711 debuisset,
2950 4648 3236 4716 reputans
3296 4661 3502 4701 secum
3557 4645 3649 4700 in-

1982 4747 2320 4802 congruum
2375 4732 2500 4788 fore
2554 4732 2677 4787 duo
2728 4731 3052 4788 luminaria
3118 4748 3346 4804 magna
3392 4737 3650 4803 angusta

1980 4821 2159 4876 unius
2184 4821 2404 4878 domus
2430 4821 2570 4877 sede
2600 4820 2864 4876 cohiberi
2899 4837 2912 4876 :
2945 4820 3220 4876 videlicet
3246 4838 3343 4892 ne,
3365 4821 3467 4877 ubi
3496 4837 3647 4894 prae-

1981 4907 2143 4967 clara
2169 4909 2268 4966 Dei
2296 4909 2602 4966 Genitricis
2631 4909 2925 4966 memoria
2943 4908 3268 4982 primatum
3285 4910 3547 4966 nominis
3566 4915 3646 4968 te-

1979 5001 2182 5071 nebat,
2214 4999 2358 5056 tanti
2379 4999 2563 5055 Patris
2594 4998 2784 5068 gloria
2815 4998 3125 5055 obscurior
3147 4999 3476 5069 videretur;
3502 5016 3642 5057 cum

1979 5094 2240 5162 repente,
2255 5103 2473 5145 aurora
2483 5087 2752 5154 rubente,
2772 5087 3060 5142 orientem
3079 5104 3287 5144 versus
3304 5089 3638 5161 intendens,

1980 5179 2142 5235 videt
2164 5177 2399 5233 eminus
2428 5180 2589 5233 trans
2610 5175 2922 5232 ﬂuviolum
2947 5176 3049 5248 qui
3099 5177 3354 5235 'l‘rientio
3372 5184 3637 5250 vocatur,

1981 5268 2176 5324 virum
2198 5265 2604 5337 splendidum,
2632 5265 2861 5335 virgam
2884 5264 2946 5320 in
2976 5282 3165 5323 manu
3197 5272 3517 5341 tenentem,
3535 5270 3640 5327 ba-

1983 5355 2159 5410 silica:
2187 5353 2390 5408 locum
2420 5351 2612 5407 metiri
2647 5370 2659 5418 ;
2692 5367 2802 5406 ceu
2817 5353 3129 5424 quondam
3154 5357 3434 5425 Ezechiel,
3467 5374 3638 5414 secus

1983 5445 2206 5500 ﬂuenta
2239 5441 2556 5514 Babylonis
2581 5456 2829 5513 corpore
2861 5443 3110 5514 positus,
3143 5445 3203 5500 in
3243 5446 3454 5518 spiritu
3479 5449 3639 5502 venit

1983 5533 2062 5588 ad
2117 5537 2336 5587 terram
2391 5529 2592 5599 Israel,
2625 5528 2726 5584 ubi
2757 5529 2816 5583 in
2853 5529 3186 5589 visionibus
3219 5536 3319 5589 Dei
3345 5535 3637 5607 templum

1984 5620 2219 5679 Domini
2240 5636 2429 5678 manu
2456 5617 2718 5678 hominis
2748 5616 2894 5674 vidit
2921 5621 3133 5677 metiri.
3183 5623 3353 5687 Quod
3383 5622 3480 5679 ille
3509 5639 3634 5679 cer-
