3980 6176
455 170 558 223 367

1621 166 1676 222 S.
1720 165 2052 221 FULBERTI
2093 163 2248 218 VITA
2289 163 2346 219 S.
2387 165 2750 222 AUTBERTI.

3774 176 3878 230 368

449 305 622 356 nens,
651 289 944 346 revelante
975 287 1203 360 spiritu,
1233 288 1524 344 visionem
1575 290 1852 359 cognovit
1881 289 2102 360 angeli-
2137 290 2184 342 A
2214 291 2414 343 autem
2441 289 2543 361 qui
2565 290 2815 347 aderant
2843 290 3009 346 vario
3039 295 3256 348 eventu
3286 292 3578 358 miraculi,
3627 295 3875 354 beatum

453 396 608 437 cam.
638 377 918 435 Intellexit
947 376 1123 446 igitur
1154 377 1240 432 vir
1266 377 1365 433 Dei
1393 378 1640 434 beatum
1689 379 2013 436 Vedastum
2044 379 2110 434 il-

447 471 566 536 luc,
593 472 891 525 annuente
924 468 1173 537 Christo,
1209 469 1708 526 transferendum.

520 560 650 614 XIV.
675 561 886 613 Beatus
907 557 1086 627 igitur
1106 557 1390 630 pontifex,
1424 559 1524 614 tali
1569 559 1928 615 revelatione
1981 575 2102 615 cer-

443 649 556 704 tior
582 648 792 717 factus,
814 647 1060 704 beatum
1076 648 1510 715 Audomarum,
1533 649 1637 722 qui
1658 666 1729 706 ea
1752 654 2099 722 tempestate

441 738 836 794 Tarvanensis
868 737 1032 793 urbis
1054 754 1297 808 gregem
1325 755 1468 794 cura
1510 739 1780 810 pervigili
1833 739 2095 809 regebat,

439 828 520 885 ad
550 833 671 885 tam
703 829 967 884 solemne
988 828 1391 884 translationis
1415 828 1679 884 ofﬁcium
1723 829 2098 885 invitandum

438 917 771 974 aestimavit.
806 917 936 988 Qui,
963 918 1099 973 licet
1129 918 1292 972 senio
1319 922 1646 989 pressus-et
1667 917 1987 974 amissione
2014 919 2098 975 lu-

437 1007 671 1064 minum
700 1006 952 1062 debilior
973 1007 1184 1077 factus,
1217 1005 1624 1062 imbecillioris
1656 1011 1855 1064 tamen
1887 1024 2095 1080 corpo-

436 1097 518 1154 ris
573 1101 804 1152 tantum
852 1112 974 1152 non
1031 1095 1397 1152 formidabat
1448 1095 1737 1164 laborem,
1796 1103 2093 1170 quantum

436 1187 598 1244 beati
622 1185 886 1242 Autberti
915 1185 1202 1241 mandato
1235 1185 1572 1242 satisfacere
1619 1187 1941 1256 gaudebat.
1979 1188 2091 1244 Dif-

436 1276 760 1333 ﬁcultatem
787 1275 964 1346 igitur
993 1275 1260 1348 corporis
1292 1275 1617 1348 superabat
1645 1276 1905 1332 charitas
1926 1294 2091 1333 men-

434 1367 526 1434 tis,
562 1366 908 1438 Christoque
931 1380 1170 1434 gressus
1198 1369 1457 1434 regente,
1487 1365 1737 1421 devotus
1785 1367 1864 1421 ad
1919 1383 2090 1423 vene-

433 1456 695 1513 randum
720 1454 987 1528 pervenit
1009 1453 1380 1527 episcopum.
1415 1459 1485 1510 At
1515 1455 1608 1510 ille
1639 1473 1777 1511 cum
1799 1457 1946 1528 quid
1968 1459 2090 1513 ani-

432 1561 535 1602 mo
565 1548 810 1614 gereret,
844 1547 900 1599 et
923 1543 1071 1616 quid
1102 1543 1216 1598 sibi
1244 1543 1528 1599 divinitus
1573 1548 1727 1600 esset
1774 1551 2083 1603 ostensum

2218 393 2434 448 corpus
2465 378 2543 434 ad
2569 379 2770 434 locum
2801 380 2878 435 ab
2904 381 3119 449 angelo
3143 381 3526 452 designatum
3543 384 3876 442 honorifice

2215 465 2661 522 transtulerunt.
2693 469 2822 533 Quo
2869 468 2931 524 in
2970 469 3102 526 loco
3136 471 3494 526 venerabilis
3552 473 3875 547 episcopus

2213 556 2644 611 monasterium
2675 557 3021 626 construxit,
3054 562 3108 614 et
3135 575 3208 614 ex
3232 559 3412 616 rebus
3444 560 3534 616 sui
3585 562 3872 637 episcopii

2211 643 2273 699 in
2299 661 2482 700 usum
2508 645 2930 702 famulantium
2952 664 3061 721 pro
3078 665 3276 705 rerum
3300 651 3744 723 opportunitate
3767 653 3874 709 do-

2211 732 2393 802 navit,
2428 733 2551 798 ubi,
2575 734 2745 804 juxta
2771 751 3102 806 congruam
3126 753 3326 793 rerum
3358 738 3723 808 facultatem,
3756 741 3874 797 fra-

2209 824 2324 877 tres
2350 822 2408 877 in
2441 823 2732 896 obsequia
2763 824 2949 880 divini
2976 826 3168 881 cultus
3195 826 3523 898 deputavit.
3569 831 3646 884 De
3697 829 3870 886 obitu

2205 926 2369 977 vero,
2401 927 2523 983 quo
2553 915 2818 985 tempore
2849 919 3053 970 sancta
3071 917 3129 969 B.
3159 915 3424 971 Autberti
3439 916 3660 984 anima,
3685 935 3868 975 carne

2206 999 2420 1068 soluta,
2450 1017 2775 1072 supernam
2801 1002 3165 1059 Hierusalem
3195 1004 3377 1076 petiit,
3439 1010 3664 1061 certum
3714 1007 3868 1080 quid

2204 1088 2282 1144 ad
2305 1094 2574 1145 nostram
2600 1089 2868 1146 notitiam
2901 1107 3022 1147 non
3048 1093 3339 1164 pervenit,
3399 1095 3704 1150 nonnullis
3760 1095 3868 1152 ob.

2203 1165 2547 1237 sistentibus
2575 1183 2769 1237 causis
2795 1199 2932 1254 quae
2963 1183 3140 1239 etiam
3193 1185 3524 1240 maximam
3572 1185 3863 1243 virtutum

2201 1270 2329 1340 ejus
2360 1276 2591 1343 partem
2619 1288 2655 1326 a
2685 1277 2888 1328 nostra
2942 1273 3238 1330 memoria
3295 1274 3676 1331 sustulerunt.
3732 1277 3866 1333 Fuit

2200 1362 2400 1414 autem
2431 1364 2706 1416 sanetum
2737 1377 2955 1432 corpus
2977 1362 3107 1432 ejus
3140 1363 3502 1419 tumulatum
3531 1363 3590 1419 in
3607 1365 3862 1422 ecclesia

2199 1448 2357 1502 Beati
2381 1449 2548 1516 Petri,
2575 1467 2711 1522 quae
2760 1455 2926 1506 extra
2967 1467 3175 1508 muros
3226 1452 3480 1509 civitatis
3540 1458 3678 1510 tunc
3709 1461 3858 1512 erat.

2197 1553 2358 1594 nunc
2385 1554 2526 1594 vero
2549 1539 2705 1596 intra
2727 1540 2952 1596 mmnia
2983 1541 3113 1610 ejus
3142 1547 3246 1597 est.
3287 1547 3349 1598 ln
3402 1559 3526 1615 qua
3569 1545 3862 1617 requievit

431 1635 692 1700 referret,
725 1633 1255 1704 congratulabatur
1292 1633 1526 1701 visioni,
1582 1639 1638 1691 et
1695 1651 1756 1690 se
1812 1636 2086 1693 fraterme
2123 1641 2166 1694 B
2196 1641 2388 1698 usque
2419 1627 2493 1682 ad
2529 1631 2764 1700 tempus
2793 1628 3096 1684 DOdiloniS
3124 1631 3409 1702 episcopi,
3441 1631 3546 1704 (Ῑυί
3589 1631 3643 1688 εί
3693 1633 3857 1688 deei'

432 1724 758 1780 sedulitatis
797 1723 992 1778 studio
1035 1721 1378 1777 obedienter
1425 1723 1696 1780 accinxit.
1757 1728 1886 1780 Jam
1942 1742 2084 1782 vero

431 1813 712 1870 aestimari
740 1828 864 1868 non
885 1815 1080 1883 potest
1103 1815 1330 1883 quanta
1353 1813 1708 1869 confluentis
1735 1815 1943 1887 populi
1969 1820 2085 1872 tur-

428 1903 511 1959 ba
539 1919 610 1958 eo
639 1902 734 1957 die
766 1902 843 1957 ad
872 1916 1011 1955 eum
1041 1900 1242 1955 locum
1273 1903 1634 1970 convenerit,
1672 1904 1864 1959 cleru‘s
1885 1905 2085 1961 videli-

429 1997 523 2048 eet
551 1997 608 2047 et
635 1991 944 2062 utriusque
974 2006 1150 2045 sexus
1175 2005 1298 2045 non
1318 1990 1578 2060 ignobile
1600 1993 1835 2062 vulgus.
1873 1997 2082 2051 Parato

426 2082 606 2151 igitur
629 2081 842 2136 feretro
871 2083 928 2134 et
965 2078 1246 2136 omnibus
1273 2096 1408 2151 quae
1439 2081 1774 2138 necessaria
1799 2083 2083 2139 videban-

427 2176 542 2240 tur,
573 2170 805 2226 detecto
835 2167 1129 2240 sepulcro,
1158 2172 1214 2223 et
1240 2167 1521 2240 imposita
1551 2170 1900 2242 antiphona,
1943 2189 2081 2228 cum

426 2276 651 2330 magna
670 2257 1000 2314 reverentia
1022 2261 1295 2312 sanctum
1321 2258 1669 2314 thesaurum
1692 2261 2077 2328 sustulerunt,

425 2349 768 2423 paratisque
797 2347 1098 2416 crucibus,
1131 2351 1188 2402 et
1215 2347 1397 2402 cereis
1435 2351 1489 2402 et
1507 2348 1842 2417 omnigenis
1869 2350 2080 2406 solem-

423 2439 516 2494 nis
545 2454 785 2511 pompaa
815 2435 1144 2502 ornatibus,
1179 2451 1318 2490 cum
1349 2451 1573 2506 magna
1602 2437 1794 2508 plebis
1819 2439 2078 2495 exsulta-

426 2527 583 2582 tione
606 2530 882 2581 sanctum
913 2539 1132 2595 corpus
1162 2523 1239 2578 ad
1267 2523 1468 2579 locum
1501 2524 1864 2581 destinatum
1893 2531 2079 2583 trans-

420 2617 571 2672 ferre
593 2618 918 2688 coeperunt.
951 2616 1348 2668 Transeuntes
1373 2619 1576 2670 autem
1597 2615 1948 2686 praedictum
1974 2619 2078 2672 ﬂu-

417 2706 668 2770 violum,
700 2721 839 2760 cum
863 2704 992 2774 jam
1021 2703 1134 2757 sub
1164 2702 1430 2759 urbanos
1463 2702 1611 2758 ﬁnes
1641 2705 2073 2776 contingerent,

423 2801 481 2852 et
499 2796 714 2852 beatus
744 2792 1126 2848 Audomarus
1155 2792 1345 2848 sancti
1373 2793 1640 2848 Autberti
1674 2794 1925 2864 vestigia
1977 2812 2077 2867 pe-

418 2883 700 2940 detentim
724 2886 1202 2954 prosequeretur,
1230 2881 1430 2937 statim
1463 2897 1736 2952 supernae
1776 2885 2072 2955 operatio-

2193 1731 2328 1770 mus
2365 1721 2616 1788 quartus
2675 1717 2736 1772 in
2785 1718 3139 1790 episcopatu
3191 1720 3492 1776 successit.
3551 1722 3672 1778 Hic.
3714 1739 3856 1778 cum

2193 1806 2544 1860 Nortmanni
2574 1806 2821 1863 Galliam
2848 1809 3197 1881 depopulati
3220 1815 3436 1878 essent,
3461 1827 3601 1867 cum
3628 1828 3856 1883 magna

2191 1895 2499 1964 diligentia
2522 1903 2798 1953 sanctum
2820 1915 3038 1972 corpus
3064 1899 3123 1955 in
3151 1899 3463 1956 ecclesiam
3496 1905 3684 1958 Beatus
3735 1905 3853 1960 Ma-

2191 1984 2291 2039 ria:
2341 1985 2658 2055 transtulit,
2713 1987 2817 2042 ubi
2875 1988 3200 2044 honorifice
3244 1989 3605 2046 collocatum
3661 1991 3853 2047 multo

2190 2077 2457 2145 tempore
2487 2075 2729 2146 quievit.

2262 2166 2367 2218 XV.
2411 2167 2588 2219 Porro
2620 2165 2768 2221 Otho
2797 2165 3141 2238 imperator,
3176 2168 3406 2224 Henrici
3430 2166 3588 2239 regis
3612 2169 3796 2236 ﬁlius,
3818 2187 3856 2226 a

2191 2252 2463 2308 Fulberto
2495 2255 2912 2310 Cameracensi
2943 2256 3224 2329 episcopo
3247 2257 3375 2313 dari
3394 2258 3502 2313 sibi
3527 2258 3686 2331 petiit
3710 2276 3853 2315 cor-

2187 2357 2336 2414 pora
2350 2346 2695 2398 sanctorum
2708 2344 3036 2415 praesulum
3049 2347 3312 2401 Autberti
3334 2353 3384 2400 et
3401 2347 3727 2416 Gaugerici.
3751 2348 3852 2404 llle

2186 2447 2346 2498 vero,
2378 2431 2746 2503 quibusdam
2776 2433 2837 2488 in
2872 2435 3120 2490 consilio
3141 2435 3442 2502 adhibitis,
3504 2437 3850 2493 Theoderici

2187 2520 2631 2576 Cameracensis
2661 2522 2926 2594 episcopi
2957 2528 3012 2578 et
3029 2523 3269 2580 alterius
3288 2526 3614 2581 sacerdotis
3637 2543 3855 2599 corpo-

2184 2625 2252 2664 ra
2273 2609 2323 2664 ei
2354 2609 2536 2678 dedit,
2565 2610 2931 2682 quibusdam
2958 2613 3051 2683 adj
3064 2614 3254 2668 unctis
3287 2631 3317 2668 e
3348 2631 3597 2687 corpore
3655 2615 3845 2671 sancti

2183 2698 2447 2754 Autberti
2475 2699 2733 2754 articulis
2756 2719 2768 2759 ;
2793 2701 3117 2772 prudenter
3140 2708 3205 2758 ut
3231 2703 3500 2775 quidem,
3533 2720 3608 2760 ne
3633 2705 3842 2761 civitas

2185 2788 2630 2843 Cameracensis
2670 2789 2793 2844 suis
2819 2792 3085 2861 patronis
3123 2793 3452 2849 orbaretur.
3489 2796 3682 2848 Lastus
3743 2794 3843 2863 igi-

2182 2880 2278 2931 tur
2305 2875 2631 2948 imperator
2665 2878 2982 2950 praeelaras
3039 2881 3320 2952 reliquias
3359 2881 3420 2938 in
3476 2882 3841 2939 monasterio

420 2972 511 3027 nis
539 2972 600 3026 in
631 2987 692 3026 se
723 2969 964 3039 agnovit
993 2969 1290 3036 virtutem,
1319 2975 1382 3025 ut
1411 2969 1461 3024 ei
1493 2975 1693 3043 aperte
1723 2971 1967 3028 daretur
1987 2973 2073 3028 in-
2107 2990 2150 3043 ο
2183 2965 2346 3036 (111οά
2367 2965 2493 3037 ipse
2519 2966 3247 3036 Magdebm‘giconstl‘m‘it
3281 2971 3657 3043 PBPODGDdas
3675 2988 3844 3028 cura-

416 3060 597 3131 telligi
620 3059 830 3133 quanti
853 3063 1052 3115 essent
1076 3059 1290 3127 meriti,
1324 3064 1383 3114 et
1407 3059 1456 3114 is
1486 3059 1590 3132 qui
1609 3061 1982 3133 portabatur,
2016 3067 2073 3120 et

414 3150 464 3206 is
488 3150 592 3223 qui
613 3149 908 3223 portando
941 3147 1320 3221 sequebatur.
1354 3152 1522 3214 Nam,
1575 3149 1827 3222 depulsa
1875 3151 2070 3223 longae

415 3240 693 3296 caecitatis
723 3243 915 3306 nocte,
950 3239 1149 3295 statim
1178 3238 1491 3295 oculorum
1516 3238 1721 3295 lumen
1751 3240 1977 3312 recipit,
2008 3242 2069 3296 in

411 3330 545 3386 loco
574 3330 846 3386 videlicet
872 3328 977 3384 ubi
1006 3328 1067 3383 in
1095 3328 1451 3383 memoriam
1487 3327 1646 3383 beati
1678 3329 1943 3385 Autberti
1973 3346 2069 3385 ec-

412 3419 594 3476 clesia
624 3423 965 3474 constructa
995 3433 1031 3470 a
1059 3416 1456 3488 pi‘azsentibus
1485 3416 1685 3472 adhuc
1716 3418 1974 3474 cernitur
2008 3419 2069 3475 in

412 3506 820 3562 testimonium
848 3504 1158 3577 praesentis
1187 3504 1478 3559 miraculi.
1525 3505 1638 3560 Sed
1694 3494 1837 3577 quia
1895 3523 2070 3564 vene-

411 3595 640 3650 randus
688 3593 776 3648 vir
808 3593 1187 3647 Audomarus
1207 3591 1684 3664 parvipendebat
1713 3593 1918 3649 lumen
1947 3612 2067 3652 car-

410 3682 640 3739 nalium
666 3680 1002 3748 oculorum,
1028 3679 1131 3752 qui
1160 3679 1364 3735 lumen
1395 3684 1548 3736 certe
1581 3680 1800 3737 civium
1831 3683 2064 3740 deside-

409 3771 583 3830 rabat
615 3784 1035 3844 supernorum,
1068 3767 1222 3824 illico
1252 3768 1533 3842 precibus
1562 3769 1839 3825 eamdem
1877 3787 2064 3843 quam

409 3859 716 3916 ultroneus
743 3857 969 3913 ferebat
983 3873 1187 3912 rursus
1202 3857 1545 3929 impetravit
1565 3858 1907 3914 caecitatem.
1935 3862 2064 3926 Qua

407 3949 768 4005 exhibitione
799 3945 1071 4002 miraculi
1098 3962 1224 4002 non
1239 3946 1379 4002 latet
1399 3945 1584 4002 virtus
1611 3948 1936 4019 operantis,
1957 3950 2062 4005 sed

407 4043 682 4110 superest
711 4052 977 4108 quaerere
1002 4036 1281 4091 meritum
1311 4040 1529 4108 optata:
1555 4035 1802 4092 virtutis.
1845 4039 2062 4094 Verum

406 4126 682 4181 subtilius
739 4123 1185 4196 speculantibus
1227 4123 1483 4180 dubium
1521 4139 1652 4180 esse
1695 4141 1819 4181 non
1867 4129 2062 4197 potest

405 4214 566 4286 quia,
599 4213 1092 4286 praetereuntibus
1119 4213 1341 4269 meritis
1372 4213 1560 4269 sancti
1610 4214 1865 4282 Vedasti,
1906 4215 2060 4270 ﬁdes

403 4307 471 4359 ut
492 4301 822 4359 efﬁceretur
846 4301 1103 4358 obtinuit
1134 4301 1296 4358 beati
1331 4302 1616 4359 Autberti.
1670 4302 2056 4375 Stupentibus

2181 3053 2282 3109 Vit.
2316 3057 2494 3110 pOI‘l‘O
2525 3061 2725 3111 autem
2750 3056 2912 3111 fama
2935 3057 3314 3114 Germaniam
3363 3076 3607 3116 omnem
3661 3077 3839 3117 OCCU-

2182 3149 2357 3216 parat
2387 3151 2623 3201 sanctos
2655 3147 3006 3202 Autbertum
3037 3152 3093 3203 et
3122 3149 3515 3217 Gaugericum
3556 3167 3588 3206 e
3642 3152 3839 3207 Galliis

2179 3235 2240 3290 in
2275 3235 2597 3292 Saxoniam
2619 3237 2960 3292 translatos.
2994 3238 3105 3293 Sed
3139 3255 3310 3294 secus
3341 3239 3470 3312 ipsa
3493 3258 3589 3296 res
3621 3242 3835 3303 habet:

2180 3324 2394 3378 nostris
2421 3324 2579 3378 enim
2610 3325 2981 3396 temporibus
3013 3325 3324 3381 Herluinus
3358 3328 3576 3399 praesul
3625 3329 3836 3385 Came-

2177 3413 2462 3478 racensis,
2496 3412 2806 3483 diligenter
2845 3419 3269 3486 perscrutatus,
3318 3416 3474 3472 beati
3529 3419 3839 3488 Gaugerici

2179 3517 2397 3572 corpus
2429 3501 2696 3557 maxima
2727 3519 2797 3557 ex
2828 3508 2996 3574 parte
3025 3504 3259 3576 reperit.
3296 3504 3434 3574 Ejus
3460 3510 3660 3561 autem
3707 3523 3839 3561 suc-

2177 3605 2376 3645 cessor
2401 3591 2695 3646 Gerardus
2723 3592 3155 3647 monasterium
3183 3593 3245 3647 in
3275 3610 3395 3666 quo
3425 3600 3668 3650 sanctus
3700 3601 3838 3651 Aut-

2174 3678 2378 3734 bertus
2404 3679 2672 3752 quiescit,
2693 3679 2770 3734 ab
2802 3679 3078 3735 Herluino
3101 3680 3556 3752 ampliﬁcatum,
3608 3683 3671 3737 in
3717 3700 3840 3739 me-

2174 3768 2432 3823 moriam
2460 3767 2647 3822 sancti
2691 3767 2852 3823 Pauli
2906 3769 3250 3825 solemniter
3293 3772 3684 3841 consecravit,
3741 3788 3837 3829 sa-

2173 3873 2462 3928 crumque
2491 3856 2651 3911 beati
2679 3857 2946 3913 Autberti
2970 3874 3187 3930 corpus
3219 3860 3344 3914 suis
3375 3860 3620 3916 sedibus
3675 3863 3837 3917 resti-

2174 3946 2299 4012 tuit,
2332 3959 2492 4000 anno
2522 3945 2731 4000 Christi
2757 3946 2991 4002 decimo
3043 3964 3224 4020 supra
3270 3948 3678 4006 millesimum.
3723 3952 3833 4016 Qui

2170 4035 2337 4090 locus
2357 4034 2523 4089 haud
2561 4035 2773 4106 procul
2811 4035 2980 4091 abest
3007 4036 3084 4092 ab
3125 4037 3377 4094 ecclesia
3436 4040 3830 4095 sanctissimae

2170 4123 2376 4180 matris
2410 4123 2530 4194 Dei,
2563 4128 2619 4178 et
2647 4128 2951 4196 perpetuas
2985 4125 3227 4193 virginis
3257 4127 3446 4184 Mariae
3481 4145 3494 4194 ;
3552 4130 3612 4184 in
3637 4145 3828 4202 eoque

2166 4219 2327 4270 recta
2355 4213 2472 4268 iide
2498 4212 2858 4285 petentibus,
2887 4213 3064 4270 beato
3095 4214 3379 4272 Autberto
3402 4216 3824 4286 intercedente,

2164 4302 2462 4360 beneﬁcia
2490 4301 2695 4358 divina
2727 4307 3106 4374 praestantur.
