3980 6176
313 162 412 215 371

1503 153 1849 217 ursum):
1885 151 1983 212 AD
2022 149 2083 208 s.
2124 128 2554 213 FULBERTUI.

3633 148 3740 215 δτι

309 280 567 337 ctioncm
596 279 822 337 datlcnl
846 278 1048 335 fecerit
1081 276 1525 351 suprascripta,
1576 276 1851 351 quandiu
1903 275 1967 331 in
2002 275 2049 330 Α
2080 288 2271 346 quam
2297 271 2637 342 ecclesiam,
2662 271 2761 329 vel
2784 269 3032 343 aliquod
3051 267 3486 331 monasterium
3511 268 3588 331 de
3607 286 3749 344 pro-

307 371 426 426 hac
477 369 877 443 permanserit
928 367 1275 437 intentione,
1333 367 1606 426 humana
1657 371 1715 424 et
1770 365 1972 425 divina

308 457 598 517 multetur
621 456 1060 523 maledictione.

387 549 443 605 S.
476 546 1028 610 Richardicomitis.
1063 547 1122 608 8.
1167 544 1448 607 Radberti
1503 543 1966 623 archipraesulis.

311 639 367 695 8.
394 636 674 692 Richardi
703 635 938 693 comitis
978 635 1157 692 frater
1212 633 1595 708 archiprtesul
1653 633 1972 690 Rothoma-

309 725 529 797 gensis.
564 726 619 783 S.
652 724 1011 782 Gunnoridis
1038 724 1374 781 comitissae.
1410 726 1464 780 S.
1516 723 1812 791 Richardi,
1864 721 1971 777 ﬁlii

310 813 565 871 comitis.
600 816 656 871 S.
680 814 983 884 Rodberti,
1011 813 1115 870 ﬁlii
1137 812 1390 877 comitis,
1427 814 1483 873 S.
1516 811 1762 875 Unfridi.

383 904 770 977 Supradictus
790 903 1044 971 viculus,
1079 920 1115 959 a
1143 903 1323 959 rebus
1351 901 1719 973 colligendis,
1762 903 1971 957 Resco-

307 992 423 1048 lius
450 992 592 1049 olim
625 992 871 1065 quidem
903 991 1249 1061 dicebatur;
1277 991 1361 1048 ibi
1388 991 1550 1051 enim
1577 1006 1672 1051 res
1688 988 1820 1047 ﬁsci
1850 987 1970 1045 col-

308 1080 649 1152 ligebautur
669 1081 764 1143 vel
787 1080 1334 1154 congregabantur.
1365 1084 1429 1141 In
1456 1096 1601 1159 quo,
1640 1093 1765 1139 non
1793 1077 1971 1147 longe

315 1169 393 1225 ab
426 1172 554 1226 Ava
584 1170 853 1238 ﬂumine,
886 1174 1128 1242 propter
1149 1169 1478 1241 quemdam
1509 1168 1754 1233 fontem,
1805 1181 1970 1239 quae-

310 1258 456 1315 dam
475 1259 785 1315 ecclesiola
827 1258 1025 1328 lignea
1069 1258 1180 1314 sita
1227 1262 1353 1313 erat
1403 1256 1465 1312 in
1507 1257 1734 1312 honore
1783 1254 1972 1311 sancti

314 1347 584 1419 Remigii.
616 1348 918 1403 Deﬂuente
946 1363 1085 1403 vero
1109 1352 1397 1419 tempore,
1448 1349 1503 1401 et
1551 1345 1783 1401 viculus
1834 1360 1973 1399 cum

313 1437 565 1499 ecclesia
584 1437 755 1499 bellis
781 1436 1042 1497 assiduis
1070 1436 1149 1497 ad
1180 1435 1434 1498 nihilum
1457 1450 1610 1510 pene
1633 1434 1969 1499 deducitur.

310 1534 368 1586 et
396 1534 558 1599 tunc,
584 1531 888 1589 annuente
920 1527 1136 1588 comite
1167 1525 1486 1596 Richardo,
1520 1524 1808 1599 parochia
1843 1524 1975 1599 ipsa

2079 361 2223 439 priis
2268 361 2714 418 haereditatibus
2767 358 3169 427 honoraverit,
3215 357 3312 413 vel
3353 358 3746 416 donationem

2079 448 2297 518 fecerit,
2328 450 2670 515 nullatenus
2696 465 2807 505 nec
2833 465 2870 515 β
2892 447 3034 516 ﬁlio,
3070 461 3183 503 nec
3216 447 3296 507 ab
3351 446 3557 528 aliqua
3608 465 3745 514 puc-

2079 555 2314 603 eessore
2339 545 2629 620 repetere,
2658 539 2881 605 idcirco
2912 554 3023 609 ego
3051 536 3400 603 loscelinus,
3448 538 3750 605 Gauafridi

2078 629 2260 701 ﬁlius,
2292 634 2504 687 notum
2529 646 2658 686 esse
2688 628 2867 702 cupio
2893 627 3177 684 omnibus
3198 633 3324 683 tam
3342 628 3746 700 praesentibus

2077 735 2265 793 quam
2288 719 2518 788 futuris,
2550 718 2806 793 qualiter
2834 721 3035 790 etque.
3062 716 3290 773 ratione
3319 731 3430 789 pro
3471 716 3566 773 his
3606 733 3747 791 qum

2080 826 2117 869 θ.
2134 814 2302 884 patre
2331 825 2468 871 meo
2489 808 2740 871 dimissa
2767 811 2909 871 sunt
2927 811 3108 879 atque
3134 804 3352 862 tradita
3380 807 3595 862 Sancto
3644 809 3749 863 Pe-

2077 905 2169 956 tro
2190 899 2565 957 Carnotensis
2597 897 2874 966 ccenobii,
2903 900 3045 969 post
3060 900 3317 951 mortem
3346 894 3554 969 ipsius,
3577 897 3746 953 adie-

2077 989 2191 1047 rim
2218 989 2515 1052 domuum
2547 988 2832 1049 abbatem
2862 983 3274 1061 Majanardum
3305 987 3363 1039 et
3384 1000 3630 1042 omnem
3658 986 3750 1059 ip-

2080 1080 2203 1142 sius
2229 1079 2344 1139 loci
2388 1077 2940 1151 congregationem.
3001 1078 3172 1131 Pater
3220 1073 3518 1153 siquidem
3569 1092 3747 1132 meus

2081 1168 2452 1238 Gausfridus,
2483 1168 2563 1224 ob
2592 1166 2927 1223 remedium
2982 1180 3232 1220 suorum
3298 1163 3747 1237 peccaminum,

2080 1257 2350 1325 alodum,
2372 1256 2619 1313 nomine
2649 1253 3034 1322 Exclusellas,
3066 1252 3128 1309 in
3149 1252 3436 1309 comitatu
3474 1254 3746 1310 Dorcasi-

2080 1363 2180 1414 no,
2217 1347 2432 1402 Sancto
2463 1348 2631 1401 Petro
2661 1341 2977 1413 delegavit,
3011 1357 3190 1415 super
3239 1341 3489 1398 ﬂuvium
3539 1342 3748 1398 Andu-

2080 1451 2182 1502 raa,
2217 1451 2314 1490 me
2344 1449 2534 1506 puero
2569 1436 2626 1489 et
2655 1437 2844 1489 matre
2872 1430 3129 1486 vivente.
3163 1434 3285 1500 Ego
3315 1433 3517 1487 autem
3542 1431 3748 1505 ipsum

2082 1522 2329 1579 alodum
2362 1522 2597 1596 expetii,
2622 1536 2747 1577 non
2789 1520 2924 1576 ideo
2975 1524 3040 1574 ut
3076 1518 3258 1575 velim
3311 1520 3609 1576 retrahere
3665 1519 3747 1577 ab

312 1617 479 1678 unita
514 1620 609 1677 est
636 1615 836 1677 Sancti
863 1615 1094 1687 Georgii
1116 1613 1437 1689 parochias,
1499 1613 1669 1683 cujus
1724 1612 1974 1674 ecclesia
2003 1631 2043 1688 Β
2080 1611 2212 1684 ipso
2240 1608 2565 1666 venerabili
2594 1608 2727 1665 loco
2757 1608 2854 1664 cui
2883 1611 2972 1663 est
2995 1606 3266 1679 traditus,
3289 1624 3400 1664 nec
3432 1611 3495 1664 ut
3542 1607 3747 1681 aliqua

309 1722 435 1763 non
461 1704 642 1775 longe
669 1704 899 1775 aberat,
932 1708 990 1765 et
1017 1704 1203 1763 altare
1238 1701 1439 1761 Sancti
1460 1700 1708 1773 Remigii
1759 1700 1820 1758 in
1878 1699 1975 1755 ala

311 1793 481 1851 istius
508 1792 776 1855 ecclesiae
802 1809 839 1848 a
870 1791 1184 1851 monachis
1208 1790 1562 1852 translatum
1579 1794 1686 1860 est,
1719 1788 1823 1846 ubi
1844 1804 1973 1867 per-

312 1881 535 1941 mansit
559 1881 755 1941 donec
781 1880 1074 1941 moderno
1103 1884 1369 1952 tempore
1395 1895 1432 1935 a
1458 1877 1757 1937 monacho
1778 1877 1975 1940 nomi-

315 1986 391 2026 ne
416 1969 683 2031 Huberto
702 1972 996 2029 caemento
1018 1974 1079 2025 et
1100 1967 1299 2042 lapide
1354 1972 1447 2027 est
1495 1966 1792 2027 aediﬁcata
1841 1967 1972 2038 [at.,

312 2058 563 2117 doneca
591 2057 898 2119 modernis
956 2055 1269 2117 monachis
1326 2055 1521 2129 major
1573 2059 1864 2116 caemento
1919 2057 1978 2110 et

311 2146 513 2221 lapide
546 2150 635 2205 est
651 2145 994 2219 aediﬁcata].

1099 2237 1187 2295 Ν.

311 2325 398 2382 De
416 2325 667 2387 accusata
694 2324 1166 2386 Wadcniscw'tis
1194 2322 1343 2383 data
1366 2323 1591 2387 Sancto
1618 2324 1798 2383 Petro
1816 2323 1979 2387 alia-

998 2415 1270 2486 jenario.

864 2502 1034 2575 (Ante
1080 2518 1181 2565 an.
1241 2502 1423 2575 1024.)

386 2596 453 2653 lu
474 2592 721 2655 nomine
742 2596 968 2655 sanctae
993 2596 1051 2653 et
1099 2592 1426 2653 individuus
1479 2590 1793 2653 Trinitatis.
1853 2593 1976 2661 Ego

208 2708 213 2713 ι
316 2681 671 2752 Richardus,
703 2685 1213 2743 Nortmannorum
1240 2680 1388 2751 dux,
1408 2685 1623 2743 notum
1646 2679 1784 2737 volo
1844 2695 1974 2737 esse

311 2774 436 2832 tam
463 2770 861 2845 praesentibus
881 2786 1069 2843 quam
1089 2769 1322 2837 futuris,
1354 2768 1498 2847 quia
1713 2783 1976 2843 praesen-

312 2859 460 2918 tiam
489 2874 690 2919 meam
710 2858 903 2919 ﬁdelis
933 2873 1125 2927 meus,
1156 2858 1404 2919 nomine
1426 2856 1800 2929 Rajenarius,
1834 2872 1974 2912 cum

2081 1700 2290 1756 fraude
2316 1699 2658 1772 possideam
2691 1716 2704 1762 ;
2738 1697 2843 1754 sed
2875 1713 2945 1753 eo
2977 1700 3185 1752 tenore
3224 1701 3281 1753 et
3336 1696 3439 1752 tali
3488 1713 3751 1753 conven-

2082 1789 2239 1846 tione
2270 1789 2631 1861 ut,quandiu
2657 1787 2968 1853 vixero,xn
3006 1786 3231 1843 solidos
3260 1786 3323 1843 in
3344 1802 3597 1843 censum
3613 1803 3751 1861 per-

2084 1870 2337 1945 solvam',
2390 1880 2611 1933 statuto
2664 1876 2940 1945 termino,
2993 1875 3387 1949 debitumque
3440 1874 3748 1932 servitium

2082 1967 2426 2041 persolvam
2458 1983 2472 2036 ;
2503 1981 2616 2022 nec
2634 1981 2908 2039 unquam
2959 1963 3107 2020 mihi
3130 1964 3304 2021 liceat
3324 1981 3436 2022 nec
3468 1966 3749 2033 vendere,

2083 2072 2194 2112 nec
2216 2056 2448 2112 tradere
2480 2054 2676 2123 alicui,
2727 2070 2838 2110 nec
2890 2054 3033 2122 ﬁlio,
3080 2069 3190 2110 nec
3240 2054 3422 2111 alicui
3469 2070 3751 2111 meorum

2084 2145 2567 2219 propinquorum
2601 2163 2615 2214 ;
2651 2143 2757 2200 sed
2787 2158 3046 2217 semper,
3068 2143 3217 2199 dum
3233 2144 3443 2200 ﬂatum
3469 2143 3746 2210 emisero,

2084 2237 2148 2292 in
2171 2251 2308 2291 mea
2336 2250 2525 2291 manu
2551 2249 2808 2307 meoque
2832 2232 3103 2289 dominio
3127 2233 3442 2290 habeatur.
3498 2235 3631 2289 Post
3668 2232 3750 2288 ﬂ-

2084 2341 2227 2381 nem
2257 2340 2397 2380 vero
2419 2339 2567 2380 meae
2595 2322 2748 2393 vitae,
2780 2326 2845 2378 ut
2874 2323 3071 2394 major
3098 2322 3392 2379 memoria
3423 2323 3498 2378 sit
3533 2322 3749 2395 patris,

2086 2419 2143 2471 et
2172 2418 2407 2487 partem
2425 2412 2664 2469 valeam
2687 2411 2911 2468 habere
2932 2411 2995 2467 in
3014 2411 3207 2484 ipsius
3237 2411 3575 2482 benefacta,
3621 2426 3752 2468 non

2084 2503 2268 2559 modo
2305 2501 2451 2557 illud
2479 2500 2646 2575 quod
2673 2504 2844 2574 pater
2872 2499 3140 2570 donavit,
3170 2500 3340 2575 quod
3362 2517 3526 2557 nunc
3551 2504 3748 2571 teneo,

2083 2594 2246 2649 dono
2276 2591 2483 2648 domui
2516 2590 2752 2647 abbatis
2782 2589 3105 2662 Majenardi
3143 2595 3201 2646 et
3247 2589 3503 2647 aliorum
3557 2590 3753 2647 senio-

2082 2698 2239 2751 rum,
2272 2682 2377 2736 sed
2407 2681 2614 2736 omnia
2638 2696 2779 2736 cum
2798 2680 2892 2735 his
2918 2695 3054 2753 quae
3075 2679 3138 2735 in
3158 2679 3294 2755 ipso
3325 2684 3482 2747 sunt,
3528 2680 3753 2736 scilicet

2082 2768 2462 2836 molendinis,
2494 2768 2661 2825 terris
2694 2768 2866 2824 cultis
2890 2772 2947 2824 et
3001 2768 3256 2839 incultis,
3308 2768 3514 2842 pratis,
3562 2768 3749 2837 silvis,

2085 2858 2164 2914 ad
2190 2857 2473 2913 eumdem
2495 2856 2697 2912 locum
2723 2872 2759 2912 a
2783 2871 2906 2929 quo
2928 2856 3151 2928 accepi,
3175 2856 3498 2913 deveniant
3518 2857 3579 2912 in
3600 2874 3751 2912 usus

309 2964 608 3009 consensu
651 2964 776 3009 stne
806 2947 1105 3021 conjugis,
1148 2946 1606 3017 Wandelbm‘gis
1649 2945 1972 3019 vocabulo,
2008 2976 2055 3033 ε
2085 2962 2396 3003 servorum
2427 2946 2658 3033 Christi.
2693 2947 2766 3001 Ut
2785 2949 2988 3033 autem
3017 2945 3249 3033 absque
3280 2945 3584 3001 calumnia
3624 2946 3753 3002 ulla

307 3036 611 3097 humiliter
632 3040 844 3115 petens
874 3040 958 3104 ut,
986 3052 1098 3111 pro
1117 3035 1384 3097 remedio
1412 3036 1627 3097 animae
1653 3051 1829 3105 meae,
1880 3050 1971 3092 ec-

311 3124 556 3181 clesiam
585 3124 648 3181 in
678 3125 966 3183 comitatu
991 3124 1264 3194 Ebroico,
1296 3124 1393 3187 cui
1416 3140 1645 3185 nomen
1698 3128 1786 3182 est
1836 3126 1969 3185 Wa-

309 3212 695 3285 doniscurtis,
726 3231 833 3271 seu
860 3231 971 3289 pro
1000 3214 1103 3270 ﬁlii
1135 3214 1228 3275 sui
1254 3215 1477 3281 anima,
1503 3215 1677 3286 cujus
1707 3213 1972 3270 vocabu-

307 3301 437 3362 lum
462 3301 576 3363 iuit
600 3302 956 3372 Rodbertus,
986 3303 1076 3367 vel
1094 3318 1205 3375 pro
1234 3301 1551 3365 abolendis
1596 3301 1722 3363 suis
1759 3316 1972 3376 pecca-

313 3391 410 3461 tis,
455 3391 770 3448 monachis
831 3392 1031 3448 Sancti
1079 3391 1231 3452 Petri
1270 3390 1532 3451 caanobii
1592 3389 1973 3445 Carnotensis

234 3490 239 3495 '
313 3480 727 3535 concederem.
787 3480 917 3546 Qui,
971 3479 1201 3555 justam
1251 3478 1602 3556 petitionem
1660 3477 1809 3534 tanti
1862 3477 1975 3533 viri

309 3566 702 3629 considerans
724 3582 1058 3627 assensum
1098 3566 1357 3643 praebui,
1400 3567 1650 3642 insuper
1699 3567 1974 3631 sencieiis

308 3655 500 3724 ut,ab
765 3656 828 3716 in
886 3655 1278 3733 subsequenti
1322 3655 1725 3726 generatione,
1767 3656 1974 3718 nullus

313 3762 585 3819 suorum,
615 3746 712 3808 vel
731 3745 1146 3822 quorumlibet
1164 3745 1450 3821 aliorum,
1474 3746 1577 3819 jus
1612 3745 1975 3807 dominatio-

307 3836 403 3895 nis
420 3852 532 3899 seu
560 3835 903 3897 violentiam
937 3835 1257 3913 cujuslibet
1288 3836 1659 3913 irruptionis,
1720 3837 1971 3908 [contra]

308 3927 494 4001 hujus
515 3925 903 3989 ﬁrmitudinis
927 3930 1142 3987 nostrisa
1156 3925 1665 3999 compactionem,
1720 3930 1973 3985 temera-

306 4017 397 4073 ria
410 4016 801 4091 procacitate,
843 4016 1113 4091 inmane
1156 4019 1428 4077 conetur,
1486 4018 1556 4079 Ut
1602 4019 1802 4079 autem
1846 4016 1973 4077 haec

309 4105 540 4165 cartula
565 4105 629 4166 in
653 4105 762 4163 Dei
811 4105 1060 4167 nomine
1108 4104 1358 4167 ﬁrmiori
1397 4104 1691 4167 innitatur
1746 4105 1970 4179 vigore,

309 4209 501 4253 manu
527 4192 774 4266 propria
791 4193 1147 4268 subscripsi,
1184 4193 1467 4255 ﬁdelibus
1516 4208 1766 4266 quoque
1816 4192 1973 4257 meis

316 4280 398 4337 ad
415 4279 942 4341 corroborandum
966 4280 1207 4343 tradidi.

383 4327 1477 4429 Rodberti
1512 4367 1969 4446 archiepiscopi.
1995 4327 2047 4383 ⁵

312 4460 369 4517 8.
399 4457 666 4520 Herberti
685 4456 979 4533 episcopi.
1012 4457 1069 4513 8.
1103 4455 1446 4518 Theoderici
1462 4456 1721 4521 abbatis.
1744 4459 1800 4516 S.
1821 4457 1973 4532 130d-

308 4548 461 4609 berti
474 4546 698 4609 clerici.
729 4548 786 4611 8.
834 4545 1150 4623 Rajenm'ii,
1205 4545 1312 4619 qui
1368 4545 1525 4609 hanc
1584 4544 1972 4609 donationem

310 4637 465 4702 fecit.
499 4640 553 4696 S.
579 4636 874 4700 Medi
901 4636 976 4697 de
1002 4635 1365 4699 Watulabus.

380 4731 592 4792 Unum
614 4727 778 4789 ﬁlius
800 4726 1093 4801 temnoris
1118 4725 1404 4789 monachi
1450 4723 1833 4801 possederint
1882 4725 1973 4791 vel

308 4818 630 4879 habuerint
674 4816 988 4893 pietatem
1044 4815 1359 4877 ecclesiam
1399 4814 1649 4895 penitus
1709 4813 1921 4891 ignoro
1956 4833 1970 4885 ;

309 4921 456 4969 nam
476 4921 847 4981 negassem
862 4904 1159 4969 habuisse
1198 4905 1283 4967 ab
1334 4901 1600 4985 antiquis
1656 4904 1973 4967 monachis

311 4995 535 5059 audiui.
556 5011 761 5070 neque
783 5011 821 5053 a
842 4993 1158 5057 modernis
1175 4993 1548 5055 mentionem
1577 4991 1845 5065 aliquam
1871 4992 1974 5052 ﬁe-

310 5084 361 5138 ri
378 5098 707 5158 nunquam
735 5085 861 5161 (sic,
882 5100 1028 5147 cum
1360 5082 1693 5159 negatione)
1744 5081 1967 5149 audivi.

311 5259 401 5315 De
413 5258 600 5319 alecto
626 5260 1063 5329 Seluselalarum
1092 5261 1234 5320 dato
1263 5274 1302 5321 α
1324 5259 1660 5331 Gausfrido
1687 5265 1745 5317 et
1773 5260 1970 5318 Josce—

984 5349 1113 5409 lino
1129 5351 1293 5425 ﬁlio.

870 5436 1055 5510 (Ante
1078 5452 1176 5499 an.
1218 5436 1401 5511 1024.)

380 5524 686 5596 Quoniam
704 5529 1026 5603 permanet
1044 5527 1342 5605 scriptum
1369 5530 1548 5600 atque
1578 5525 1879 5582 sancitum
1906 5524 1970 5585 in

311 5615 561 5675 decretis
586 5618 878 5683 veterum,
913 5613 961 5670 si
988 5613 1125 5689 quis
1176 5613 1472 5673 nobilium
1514 5613 1807 5675 laicorum
1859 5613 1966 5672 ali-

2082 3033 2178 3090 vel
2208 3032 2674 3094 contradictione
2696 3033 2816 3091 hcc
2860 3031 2987 3106 ﬁat,
3032 3032 3239 3094 litteris
3288 3033 3582 3099 mandare
3620 3038 3750 3089 stu-

2083 3122 2188 3180 dui
2220 3142 2233 3191 ;
2262 3122 2343 3178 ob
2364 3123 2478 3178 hoc
2499 3122 2762 3180 maxime
2786 3137 2861 3180 ne
2888 3121 3129 3199 aliquis,
3167 3121 3316 3179 mihi
3371 3122 3545 3179 fuerit
3597 3122 3751 3195 (sic),

2083 3211 2195 3268 sibi
2219 3210 2496 3271 vindicet.
2531 3210 2759 3269 Seniori
2781 3226 3026 3286 quoque
3075 3226 3212 3271 meo
3273 3211 3485 3280 Odoni,
3546 3211 3753 3271 comiti

2086 3301 2330 3373 inclyto,
2352 3299 2828 3373 proceribusque
2861 3300 2985 3355 suis
3010 3299 3180 3359 trado
3204 3300 3748 3369 corroborandum.

2083 3393 2149 3446 ut
2174 3405 2434 3465 sequens
2462 3388 2525 3443 in
2556 3404 2750 3445 aevum
2776 3387 3022 3445 ﬁrmum
3052 3392 3108 3445 et
3151 3388 3568 3447 inconvulsum
3615 3405 3755 3463 per-

2083 3482 2329 3533 maneat
2357 3477 2524 3553 quod
2552 3476 2847 3533 insertum
2878 3480 2986 3533 est.
3019 3479 3074 3534 S.
3111 3476 3336 3534 Odonis
3370 3477 3623 3547 comitis,
3685 3480 3747 3535 8.

2083 3570 2286 3634 Bertae,
2318 3566 2525 3622 matris
2556 3582 2695 3622 suae.
2729 3567 2785 3622 S.
2814 3566 3079 3639 Agnetis,
3105 3565 3242 3623 ﬁlia:
3265 3566 3476 3644 ipsius.
3507 3569 3563 3624 8.
3595 3567 3755 3624 Wal-

2082 3654 2210 3713 terii
2242 3655 2494 3711 comitis.
2531 3658 2588 3712 S.
2616 3654 2930 3713 Gausfredi
2958 3654 3178 3712 militis.
3233 3656 3290 3712 S.
3349 3656 3553 3712 Hervei
3595 3657 3757 3713 vice-

2082 3744 2334 3801 comitis.
2371 3747 2428 3801 S.
2461 3743 2716 3801 Rodulﬁ.
2773 3746 2828 3801 S.
2883 3743 3212 3801 Gausberti.
3276 3746 3331 3801 S.
3382 3744 3624 3801 Alberti.
3689 3748 3750 3804 S.

2082 3831 2390 3889 Wasulini.
2422 3833 2478 3889 S.
2518 3832 2679 3889 Sulii.
2717 3833 2773 3888 S.
2800 3830 3098 3909 Joscelini,
3148 3831 3253 3908 qui
3304 3832 3461 3888 hanc
3511 3832 3756 3889 chartu-

2081 3920 2207 3977 lam
2232 3919 2460 3976 ﬁrmari
2481 3919 2750 3976 instituit.
2772 3921 2828 3977 S.
2863 3920 3180 3991 Gausfridi,
3206 3920 3409 3977 militis
3451 3921 3562 3977 sui.

2865 4011 2954 4065 VI.

2380 4099 2466 4154 De
2496 4097 2729 4167 Guerpo
2755 4096 3127 4154 Ursivillaris
3156 4098 3434 4155 ecclesia.

2638 4184 2829 4256 (Circa
2865 4200 2965 4245 an.
2997 4186 3181 4258 1024.)

2152 4272 2275 4331 Sub
2326 4276 2569 4329 aeterno.
2599 4272 2893 4343 regimine
2974 4288 3335 4346 summoque
3409 4272 3751 4331 sacerdotio

2079 4361 2312 4430 Christi,
2338 4377 2478 4421 meo
2533 4364 2823 4438 tempore,
2875 4377 2988 4433 ego
3032 4362 3362 4431 Odolricus,
3397 4361 3753 4420 Aureliano-

2076 4470 2214 4511 rum
2258 4451 2600 4531 episcopus,
2665 4456 2877 4508 notum
2940 4450 3069 4508 ﬁeri
3130 4452 3265 4509 volo
3321 4457 3753 4526 contempora-

2077 4543 2236 4600 libus
2294 4545 2475 4617 atque
2538 4540 2988 4597 successoribus
3059 4541 3210 4597 meis
3265 4542 3521 4599 modum
3567 4546 3627 4598 et
3676 4542 3757 4598 ﬁ-

2079 4648 2221 4689 nem
2248 4646 2445 4689 causze
2505 4645 2640 4709 quae
2669 4630 2733 4686 in
2761 4629 2877 4686 hac
2898 4630 3172 4687 chartula
3201 4630 3420 4705 scripta
3460 4634 3568 4688 est.
3623 4633 3755 4689 Mo-

2076 4723 2256 4779 nachi
2316 4719 2514 4778 Sancti
2569 4720 2724 4776 Petri
2775 4720 3151 4777 Carnotensis
3192 4720 3754 4794 coenobiiposside-

2079 4813 2249 4876 bant,
2307 4826 2382 4867 ex
2433 4808 2617 4880 longo
2643 4813 2936 4883 tempore,
2970 4810 3305 4884 quamdam
3335 4808 3651 4866 ecclesiam
3679 4810 3755 4869 in

2078 4915 2238 4974 pago
2266 4898 2533 4959 Dunensi
2560 4898 2623 4954 in
2646 4897 2780 4954 loco
2808 4897 2914 4970 qui
2942 4895 3159 4954 dicitur
3188 4897 3560 4956 Ursivillaris.
3604 4899 3758 4964 Qui-

2078 4990 2223 5047 dam
2246 5003 2390 5045 vero
2421 4991 2660 5044 casatus
2686 4990 2909 5059 noster,
2936 4987 3181 5047 nomine
3228 4986 3562 5059 Hilduinus,
3599 5003 3757 5046 cum

2079 5077 2202 5134 suis
2222 5076 2582 5152 propinquis
2610 5075 2961 5133 intendebat
2984 5075 3070 5131 eis
3094 5075 3463 5133 calumniam
3504 5075 3581 5132 de
3604 5074 3757 5149 ipsa

2077 5166 2350 5237 ecclesia,
2370 5166 2579 5222 dicens
2605 5180 2740 5222 eam
2761 5165 2841 5220 ad
2879 5168 3295 5221 casamentum
3350 5168 3627 5222 nostrum
3685 5170 3759 5223 et

2077 5256 2157 5314 ad
2196 5272 2375 5313 suum
2425 5253 2785 5312 beneﬁcium
2846 5253 3157 5326 pertinere.
3220 5251 3500 5309 Addebat
3553 5252 3753 5311 etiam

2076 5345 2451 5419 temporibus
2482 5347 2929 5424 antecessorum
2967 5356 3243 5397 meorum
3299 5356 3361 5397 se
3420 5341 3561 5397 satis
3615 5341 3756 5414 agi.

2075 5437 2235 5490 tasse
2288 5431 2655 5489 calumniam
2734 5430 2935 5498 istam,
2994 5428 3099 5486 sed
3139 5428 3433 5501 justitiam
3485 5427 3751 5496 minime

2078 5522 2370 5596 consequi
2418 5520 2707 5599 potuisse.
2776 5517 3178 5575 Convenimus
3234 5532 3377 5589 ergo
3435 5516 3751 5575 domuum

2077 5610 2443 5683 Fulbertum,
2470 5610 2824 5687 episcopum
2836 5606 3288 5676 Carnotenscm,
3311 5608 3370 5663 et
3393 5603 3748 5679 Amulium,
