3980 6176
181 167 261 224 373
968 173 973 178 “
1310 156 1490 214 LAUS
1518 156 1753 213 ἾἸΤΕἸ

1954 154 2177 213 πλε.
2302 124 2305 127 ’
3421 164 3526 220 374

178 284 328 347 Sancti
348 281 478 339 Petri
501 279 801 350 abbatem,
825 276 890 336 ut
916 279 992 336 de
1028 280 1143 336 ista
1174 295 1361 337 causa
1398 280 1612 338 darent
1638 296 1748 340 no-
1784 282 1837 337 A
1862 279 2131 353 jusmodi
2160 282 2518 353 sacrilegam
2546 283 2913 341 calumniam
2943 284 3187 342 ulterius
3216 286 3523 361 inquietet.

162 379 242 435 bis
279 371 551 430 audientiae
593 369 828 438 locum;
882 369 1051 443 quod
1095 373 1151 426 et
1179 369 1445 426 fecerunt
1476 370 1662 426 semel
1691 370 1752 427 in
1865 371 2038 437 Quod
2085 371 2133 426 si
2186 372 2565 445 pertinaciter
2614 374 2840 429 odiosae
2888 374 3202 432 calumnia:
3239 377 3525 434 inhaerere

172 465 333 523 eadem
356 460 481 517 villa
503 475 636 532 quae
661 458 877 515 dicitur
916 459 1287 530 Ursivillaris,
1342 463 1400 516 et
1442 460 1661 519 iterum
1688 460 1750 518 in
1862 461 2159 529 maluerit,
2188 462 2287 518 illo
2328 479 2455 537 quo
2492 467 2645 521 Deus
2692 464 2880 520 iratus
2936 466 3366 537 incorrigibiles
3423 468 3526 524 da-

167 555 401 626 villaque:
425 546 628 606 dicitur
676 551 1043 606 Castanetas.
1098 549 1377 606 Discussa
1428 548 1631 624 itaque
1679 565 1753 607 ex
1858 556 2032 609 mnat
2057 552 2435 610 anathemate
2463 552 2725 611 feriatur.
2759 554 2885 611 Fiat
2911 555 3034 612 ﬁat.
3072 560 3186 612 Nos
3231 573 3393 625 vero,
3421 558 3525 631 qui

164 649 362 714 utraque
408 644 564 712 parte
622 638 1045 706 controversia,
1120 638 1461 694 invenimus
1517 643 1753 711 partem
1863 639 2229 697 calumniam
2261 642 2669 715 supradictam
2696 644 3091 716 gurpivimus,
3121 647 3369 703 nomina
3415 663 3523 703 no-

160 730 531 789 monachorum
576 728 658 784 ita
716 728 1013 801 scriptura
1064 731 1121 783 et
1172 726 1420 783 testibus
1468 730 1525 784 et
1568 727 1754 799 longa
1861 734 1986 787 stra
2014 735 2477 803 nostrorumque
2526 732 2797 788 ﬁdelium
2849 733 2954 805 qui
3010 739 3331 806 praesentes
3382 736 3523 791 ade-

158 820 389 877 vestitura
434 815 755 884 suffultam,
800 820 865 872 ut
902 816 1068 872 nulla
1107 816 1581 873 Christianorum
1621 816 1751 886 lege
1860 825 2015 890 rant,
2041 820 2104 876 in
2128 822 2409 893 praesenti
2452 822 2742 893 chartula,
2788 824 3093 879 memorias
3137 840 3341 894 causa,
3392 825 3526 881 feci-

156 914 314 985 posset
334 907 662 982 supradicta
687 906 936 963 ecclesia
982 906 1060 963 ab
1113 921 1321 962 eorum
1365 905 1751 979 possessione
1828 926 1999 965 .mus
2019 908 2318 966 adnotari.

155 999 342 1057 auferri.
370 998 543 1065 Unde,
571 1001 780 1054 contra
801 998 902 1068 jus
933 1001 1113 1069 atque
1168 996 1337 1053 nefas
1392 996 1751 1052 contendere
1934 1000 1990 1055 8.
2024 998 2301 1069 Odolrici,
2351 998 2795 1057 Aurelianensis
2831 1000 3100 1074 episcopi
3160 1003 3215 1059 8.
3272 1001 3527 1058 Fulberti

154 1089 390 1158 nolentes,
425 1103 534 1157 ego
561 1086 832 1143 videlicet
861 1085 1170 1142 Odolricus
1196 1085 1537 1161 episcopus,
1561 1089 1620 1141 et
1636 1083 1752 1142 fra-
1862 1088 2242 1145 Carnotensis
2274 1087 2561 1162 episcopi.
2597 1091 2652 1145 S.
2688 1088 2911 1145 Alberti
2942 1089 3199 1146 abbatis.
3248 1093 3304 1148 S.
3362 1094 3524 1147 lsen-

154 1186 218 1236 ter
238 1195 385 1234 meus
406 1176 802 1243 Isembardus,
835 1180 893 1231 et
913 1175 1234 1249 praedictus
1266 1174 1576 1231 Hiiduinus
1610 1190 1751 1230 cum
1858 1175 2034 1232 bardi
2064 1175 2216 1231 laici.
2255 1176 2309 1232 S.
2344 1176 2570 1231 Erfredi
2619 1176 2841 1233 Clerici.
2902 1180 2957 1234 S.
3021 1178 3254 1234 Salonis
3308 1178 3521 1236 clerici.

152 1270 254 1326 ﬁliis
276 1274 324 1326 et
365 1267 582 1325 caeteris
628 1265 987 1340 propinquis
1035 1264 1177 1335 suis,
1229 1280 1299 1320 ex
1330 1268 1453 1321 toto
1485 1263 1747 1337 gurpivi-
1863 1266 1918 1322 S.
1980 1266 2252 1332 Bovonis,
2304 1265 2518 1323 decani
2596 1266 2792 1323 Sancti
2865 1267 3090 1324 Martini
3141 1269 3521 1325 Turonensis.

150 1377 255 1417 mus
275 1358 578 1431 incceptam
608 1354 977 1412 calumniam
1002 1352 1315 1409 monachis
1342 1351 1539 1410 Sancti
1578 1351 1745 1421 Petri,
1863 1355 1919 1411 S.
1950 1352 2233 1410 Tercelini
2263 1354 2476 1410 clerici.
2514 1357 2569 1412 8.
2603 1354 2847 1411 Tedoini
2877 1355 3090 1412 clerici.
3163 1359 3218 1413 S.
3248 1356 3521 1414 Alberici.

152 1453 421 1506 annuentes
440 1450 504 1502 ut
530 1444 717 1501 solide
746 1448 804 1500 et
830 1443 1026 1517 quiete
1056 1442 1407 1516 possideant
1430 1440 1748 1497 ecclesiam
1862 1445 1917 1501 8.
1948 1443 2209 1499 Hilduini
2235 1443 2390 1512 laici,
2427 1446 2481 1501 S.
2516 1444 2773 1500 Hilduini
2822 1445 2906 1501 ﬁli
2953 1446 3103 1515 ejus.
3160 1447 3216 1502 S.
3269 1446 3525 1503 Odolrici

152 1555 282 1595 suam
304 1535 642 1595 Ursivillaris
670 1535 731 1591 in
762 1537 1144 1607 perpetuum,
1179 1532 1330 1588 sicut
1353 1532 1586 1603 justum
1615 1547 1747 1587 esse
1858 1532 1962 1588 ﬁlii
1990 1533 2143 1603 ejus.
2180 1536 2236 1590 S.
2266 1533 2554 1589 Pontelini
2602 1534 2836 1607 nepotis
2890 1536 3039 1605 ejus.
3111 1537 3166 1592 S.
3224 1536 3522 1593 Godefridi

152 1628 507 1703 comperimus.
546 1624 824 1683 mwrdixi
848 1624 1031 1683 etiam
1050 1618 1379 1696 episcopali
1398 1620 1748 1686 auctoritate
1787 1637 1828 1691 Β
1858 1621 2013 1679 laici.
2044 1624 2103 1679 8.
2132 1621 2379 1679 Adroldi
2400 1621 2787 1679 vioeoomitis.
2838 1626 2896 1680 8.
2929 1624 3209 1681 Fn’derici
3244 1624 3317 1681 fr.
3364 1625 3519 1684 laici.

150 1718 256 1775 mihi
292 1735 325 1776 ει
374 1720 485 1775 Deo
535 1715 751 1773 tradita
790 1729 866 1770 ne
894 1713 1031 1787 quis
1062 1727 1477 1771 successorum
1512 1715 1750 1769 nostro-
1859 1712 1914 1768 S.
1948 1711 2214 1782 Hugonis
2244 1711 2523 1768 Radordi.
2552 1714 2609 1768 S.
2640 1712 2852 1768 Gualoi
2875 1712 3029 1769 laici.

148 1824 247 1867 rum
292 1805 597 1882 [medietas
656 1802 989 1865 monachus
1049 1801 1247 1860 Sancti
1297 1799 1448 1865 Petri
1487 1814 1595 1872 per
1638 1799 1749 1859 hn—

1102 2143 1377 2234 LAUS
1471 2143 1764 2232 VIT/E
1859 2144 2501 2233 MONASTIC/E

692 2344 696 2349 ’
738 2305 949 2425 (Apud
976 2354 1042 2410 Β.
1071 2353 1131 2410 Ρ.
1158 2351 1488 2421 Sirmium,
1516 2350 1669 2422 Opp.
1704 2352 1955 2422 Godofr.
1998 2353 2331 2422 Vindocin.,
2362 2355 2487 2411 not.
2518 2352 2595 2411 ad
2619 2351 2724 2410 lib.
2757 2354 2842 2425 ιι).

142 2636 253 2695 Felix
274 2653 401 2711 grex
423 2636 911 2710 hominum,qui,
927 2635 1142 2694 Christi
1156 2636 1383 2708 dogma
1394 2640 1739 2710 sequentes,
1852 2636 2202 2694 Discursum
2232 2635 2566 2706 monachis,
2598 2635 2784 2695 vitam
2810 2634 2977 2707 dant,
2996 2639 3053 2695 et
3083 2635 3399 2695 stationem
3424 2657 3438 2701 ;

188 2729 509 2803 Contemptis
541 2727 808 2801 optibus,
838 2725 926 2783 nil
951 2727 1264 2801 praprium
1290 2726 1546 2784 retinent
1573 2745 1587 2796 ;
1922 2727 2053 2793 Qua
2079 2725 2244 2783 velut
2265 2726 2327 2782 in
2350 2724 2538 2783 caulis
2568 2726 2987 2783 contineantur
3012 2740 3175 2783 oves.

143 2817 277 2874 Unius
302 2818 533 2876 arbitrio
552 2830 716 2890 quos
744 2815 953 2887 regula
982 2819 1192 2872 sancta
1210 2820 1461 2886 coercet,
1550 2862 1553 2864 .
1850 2817 2117 2882 Quarum
2145 2816 2343 2889 prima
2364 2815 2584 2871 domus
2601 2819 2796 2872 servat
2816 2820 3148 2890 potumque
3166 2813 3511 2890 cibumque.

189 2909 413 2972 Quorum
440 2907 704 2981 quisque
736 2920 848 2961 suo
877 2904 961 2961 nil
990 2905 1114 2975 agit
1137 2921 1211 2960 ex
1237 2903 1424 2960 libito.
1921 2908 2005 2961 Ex
2032 2904 2256 2979 quibus
2282 2906 2394 2961 hos
2423 2903 2611 2961 reficit
2629 2905 2840 2977 juncta
2868 2903 3134 2962 secunda
3163 2903 3402 2962 domus.

143 2996 219 3051 Cor
237 2997 433 3070 quibus
459 3001 549 3054 est
578 3010 793 3062 unum,
834 2994 1058 3067 quibus
1084 2993 1406 3050 indiscreta
1442 2992 1739 3066 voluntas,
1780 3017 1821 3073 ρ
1844 2993 2040 3050 Tertia
2068 2992 2344 3050 membra
2370 2993 2531 3051 fovet
2557 2996 2775 3052 vexata
2804 2994 3009 3051 labore
3041 2992 3279 3063 diurno,
3478 3006 3487 3015 '

186 3089 270 3143 Par
288 3088 501 3145 cunctis
529 3085 779 3143 habitus
803 3088 863 3141 et
885 3084 1055 3143 cibus
1084 3087 1176 3165 est
1202 3083 1429 3139 similis.
1922 3085 2145 3150 Quarta
2165 3082 2266 3139 Dei
2294 3081 2504 3139 laudes
2532 3081 2774 3140 assidue
2804 3089 3061 3142 resonat.

143 3174 203 3229 Sic
221 3180 397 3233 tamen
430 3181 495 3233 ut
524 3175 731 3249 capiat
748 3189 873 3247 quo
896 3172 1154 3247 quisque
1177 3172 1411 3230 videtur
1439 3186 1632 3244 egere,
1847 3173 2107 3229 Plurima
2133 3176 2421 3253 praetereo
2452 3170 2631 3228 simili
2655 3172 2957 3243 condigna
2982 3172 3191 3245 relatu,

186 3269 307 3323 Etas
335 3272 395 3324 ut
412 3265 644 3338 fragilis
667 3264 1020 3321 debilitasve
1044 3264 1236 3335 jubet.
1923 3261 2038 3319 Sed
2065 3261 2322 3318 breviter
2350 3260 2571 3332 dicam,
2601 3258 2684 3317 nil
2705 3265 2994 3335 superest,
3021 3260 3113 3318 vel
3143 3258 3331 3319 abest.

142 3355 285 3411 Luxus
306 3357 465 3415 abest
491 3355 719 3424 omnis,
742 3354 1035 3428 peccandi
1064 3369 1203 3411 rara
1227 3353 1499 3425 facultas,
1847 3354 1964 3408 Hos
1982 3350 2163 3421 igitur
2193 3364 2491 3425 proceres,
2523 3350 2686 3406 hunc
2714 3349 2967 3422 dignum
2991 3348 3172 3408 laude
3212 3353 3511 3419 senatum,

186 3447 354 3503 Cuncti
379 3450 741 3505 cunctorum
767 3460 909 3501 cum
928 3444 1180 3501 timeant
1204 3443 1431 3500 oculos.
1919 3440 2215 3512 Exiguum
2246 3439 2464 3514 specie,
2497 3438 2770 3498 moribus
2795 3434 3103 3509 eximium,

139 3533 220 3589 Lex
241 3537 563 3594 communis
596 3534 781 3591 habet
819 3534 985 3592 visas
1038 3550 1184 3591 mox
1221 3533 1476 3606 prodere
1508 3531 1741 3606 culpas,
1848 3530 2145 3603 Comparo
2175 3529 2463 3604 formicis,
2495 3544 2761 3607 quarum
2790 3526 3064 3587 studiosa
3089 3526 3370 3588 laborum

186 3624 239 3679 Ut
256 3639 496 3683 nascens
526 3624 743 3682 vitium
770 3638 957 3698 poena
980 3638 1240 3698 sequens
1269 3624 1512 3680 resecet.
1916 3618 2200 3677 Turmula
2229 3624 2540 3677 c'onvectat
2565 3622 2815 3697 corpOre
2849 3621 3047 3693 majus
3075 3637 3250 3679 onus.

139 3711 374 3772 Desidiam
396 3715 660 3788 fugiunt,
690 3714 866 3772 labor
887 3714 1047 3772 utilis
1077 3716 1335 3787 occupat
1363 3727 1594 3770 omnes.
1848 3712 1990 3777 Quae
2019 3725 2096 3766 ne
2125 3726 2251 3766 non
2279 3711 2513 3785 possint
2532 3728 2922 3769 communem
2947 3710 3166 3771 ducere
3193 3706 3401 3783 vitam,

184 3804 333 3862 Noxia
356 3808 666 3881 torpentes
695 3821 773 3862 ne
797 3804 1057 3862 subeant
1080 3804 1336 3861 animos.
1917 3799 2115 3856 Isdem
2145 3800 2259 3856 sub
2282 3800 2510 3859 laribus
2536 3801 2754 3859 horrea
2778 3818 2970 3876 parva
2990 3798 3209 3858 locant.

138 3890 402 3952 Confusam
426 3894 585 3953 nihil
611 3898 719 3966 est,
744 3894 851 3951 ubi
874 3893 1029 3950 ﬁunt
1050 3892 1262 3950 ordine
1286 3893 1524 3961 cuncta,
1847 3891 2143 3961 Comparo
2168 3886 2383 3945 divinis
2411 3888 2648 3964 apibus,
2681 3904 2817 3964 quae
2844 3905 3093 3963 corpore
3116 3904 3307 3963 parvo

184 3984 392 4043 Curatm'
417 3991 638 4055 totum,
670 3983 1111 4058 negligiturque
1141 3982 1307 4040 nihil.
1918 3981 2192 4048 Ingentes
2218 3980 2453 4035 animas
2480 3980 2871 4055 egregiasque
2897 3981 3111 4049 gerunt
3137 3995 3151 4034 :

136 4069 217 4125 Nec
239 4073 412 4132 solum
437 4076 591 4146 vita,
623 4074 730 4131 sed
756 4076 990 4130 eonstat
1009 4075 1067 4130 et
1090 4071 1239 4129 ordo
1261 4068 1550 4144 loquendi
1579 4087 1593 4127 :
1846 4064 2183 4138 Hexagonis
2214 4066 2374 4125 cellis
2404 4084 2535 4147 quae
2556 4067 2737 4126 mella
2763 4064 3051 4143 liquentia
3075 4060 3366 4135 condunt,

184 4158 502 4235 Dispeth
526 4178 703 4238 asque
732 4161 1004 4220 maxima
1036 4176 1176 4218 cum
1201 4160 1486 4231 minimis,
1754 4158 1769 4171 ‘
1918 4157 2064 4215 Utile
2086 4156 2412 4214 miriﬁcum
2437 4174 2575 4231 quae
2600 4158 2968 4216 fabricantur
2991 4175 3165 4233 opus.

137 4246 227 4303 Non
241 4251 337 4307 nisi
350 4252 707 4326 praescripto
737 4251 1065 4324 quisquam
1089 4249 1428 4323 loquitur-ve
1455 4246 1675 4317 siietve,
1847 4250 1990 4315 Quae
2019 4247 2425 4320 disciplinam,
2459 4264 2592 4325 quae
2611 4249 2751 4320 jura
2780 4248 3113 4318 domestica
3140 4252 3398 4306 servant.
3450 4289 3454 4292 ‹

324 4344 519 4417 sedes,
545 4341 770 4399 incedit
794 4339 1004 4432 ordine
1031 4339 1288 4432 quisque
1318 4354 1449 4399 suo.
1482 4429 1488 4432 ι
1586 4429 1595 4432 Α
1774 4375 1821 4432 D
1871 4431 1876 4432 γ
1924 4334 2410 4432 Quasquesimul
2435 4333 2965 4432 reﬁcit-ingeniosa
2980 4338 3228 4397 donius.

136 4425 349 4486 Ecclesiae
372 4432 562 4489 limen
589 4434 917 4503 noctesque
946 4428 1194 4502 diesque
1221 4426 1621 4505 frequentant,
1774 4425 1812 4432 ⁷
1852 4428 2151 4501 Compare
2181 4426 2505 4502 sideribus,
2528 4429 2752 4502 quibus
2777 4427 2925 4487 aula
2946 4442 3209 4505 superna
3233 4428 3511 4500 refulget,-

184 4518 234 4574 Et
257 4523 458 4579 sanctis
485 4520 774 4597 precibus
805 4535 989 4593 seque
1019 4534 1280 4593 suosque
1296 4519 1531 4591 juvant.
1917 4522 2077 4583 Aera.
2092 4534 2229 4591 quae
2254 4518 2497 4576 furvum
2520 4519 2803 4577 noctibus
2826 4519 3134 4578 irrudiant.

134 4606 247 4669 Ouid
270 4627 479 4681 moror,
509 4616 571 4669 et
588 4598 790 4669 verbis
810 4607 1085 4669 ev01vere
1114 4607 1350 4681 singula
1377 4610 1541 4679 tento
1568 4607 1599 4662 ?
1848 4610 1988 4672 Qua:
2011 4606 2197 4663 semel
2220 4606 2567 4685 impositam
2597 4612 2838 4666 servant
2862 4624 2971 4683 per
3025 4600 3251 4665 saecula
3286 4600 3502 4677 legem,

182 4697 446 4774 Quidquid
479 4705 691 4773 agunt,
724 4716 881 4773 opus
902 4703 992 4756 est
1018 4698 1283 4772 corporis
1312 4701 1415 4755 aut
1440 4696 1677 4757 animae.
1920 4697 2060 4763 Quae
2089 4695 2291 4761 solitos
2321 4713 2532 4757 cursus
2560 4686 2619 4755 et
2644 4714 2931 4757 numeros
2960 4701 3277 4770 peragunt.

104 4793 108 4796 ‘
132 4778 250 4848 Quid
268 4792 422 4863 quod
446 4792 533 4849 sic
557 4782 859 4871 habitant,
883 4793 952 4861 ut
979 4787 1051 4847 sit
1073 4804 1241 4847 sacer
1267 4788 1401 4862 ipse
1415 4786 1743 4849 domorum
1848 4788 2147 4860 Comparo
2163 4789 2403 4874 gyranti
2428 4789 2772 4847 sotemnitar
2800 4786 3225 4845 suam:

184 4877 236 4933 Et
258 4879 391 4936 situs
420 4887 479 4939 et
500 4897 814 4951 numerus,
846 4877 1272 4951 sufﬁciensque
1297 4878 1457 4934 sibi?
1919 4881 2177 4951 insuper
2198 4878 2491 4949 angelicis
2509 4893 2803 4953 compare
2825 4877 3148 4951 spiritibus,

130 4966 445 5043 Quadratam
475 4969 745 5048 speciem
770 4972 1068 5043 structura
1110 4962 1440 5037 domestica
1479 4966 1735 5043 praefert.
1850 4966 1967 5033 Qui
1988 4982 2229 5041 semper
2254 4969 2503 5026 SANCTUS
2533 4966 3001 5043 triplicatavoce
3027 4958 3347 5033 resultant,

180 5048 316 5113 Attia
341 5056 430 5115 bis
460 5058 621 5115 binis
645 5058 866 5132 inclyta
893 5057 1243 5131 porticibus.
1921 5060 1987 5113 ln
2011 5057 2180 5115 terris
2208 5058 2491 5118 monachi
2507 5057 2682 5135 quod.
2698 5052 3089 5117 modulantur
3114 5053 3295 5111 idem.

130 5142 258 5214 01122,
280 5147 465 5205 tribus
495 5148 747 5219 inclusae
767 5146 1081 5223 domibus,
1114 5162 1269 5222 quas
1298 5147 1573 5221 corporis
1588 5164 1747 5211 usus
1851 5147 1943 5206 Sic
1975 5146 2274 5204 Cherubin
2303 5146 2474 5215 coelo,
2503 5146 2787 5204 monachi
2814 5145 3036 5202 talium
3049 5147 3381 5213 manentem

181 5232 435 5312 Postulat,
464 5243 530 5303 et
552 5242 790 5315 quarta.
814 5253 951 5313 quae
974 5236 1201 5301 domus,
1221 5240 1315 5301 est
1336 5235 1601 5306 Domini,
1920 5237 2413 5295 limmdantuni
2432 5235 2739 5293 servitium
2765 5230 3036 5294 Domino:

1489 5554 2102 5585 μ-
