4018 6176
362 151 2498 217 W

1555 335 1759 380 INTBA
1799 329 2039 376 ANNUM
2084 325 2304 370 MXXIX
2347 324 2612 367 MXXXIV

1114 511 1794 665 GUIDO
1970 394 3042 648 ARETINUS

1563 767 1791 828 ABBAS
1831 767 1888 822 S.
1931 764 2178 821 CBUCIS
2217 759 2606 817 AVELLANJE

1867 947 2297 965 Ψ

1533 1111 1976 1202 ΝΟΤΙΤΙΑ
2061 1108 2656 1198 HISTORICA

810 1325 1010 1398 (Apud
1043 1322 1376 1382 Fabricium
1400 1320 1776 1378 Bibliotheca
1804 1317 2012 1377 medim
2043 1322 2096 1374 et
2138 1317 2361 1386 inﬁmis
2388 1314 2759 1383 Latinitatis,
2783 1316 2928 1370 tom.
2962 1314 3049 1382 IV,
3079 1326 3219 1386 pag.
3259 1311 3398 1383 I27).

1883 1500 2303 1517 Ψ

452 1634 642 1692 Guido
660 1633 957 1702 Aretinus,
984 1631 1321 1689 monachus
1345 1631 1475 1688 ord.
1532 1633 1588 1688 S.
1623 1629 1920 1687 Benedicti
1968 1645 2040 1686 ac
2078 1631 2127 1685 Δ
2156 1630 2534 1700 Anecdotor.,
2567 1635 2736 1704 parte
2765 1647 2846 1699 ιιι,
2869 1645 3007 1704 pag.
3041 1633 3164 1700 618,
3197 1629 3260 1684 in
3295 1627 3664 1685 bibliotheca
3700 1627 3824 1681 Bu-

382 1725 600 1782 deinde
629 1723 824 1781 abbas
857 1725 913 1780 S.
949 1722 1149 1780 Crucis
1181 1721 1480 1778 Avellanaa
1511 1721 1572 1776 in
1615 1720 1860 1777 diceeesi
1917 1719 2048 1778 Cal:

383 1813 554 1870 liensi
591 1827 781 1886 prope
810 1810 1095 1878 Aretium,
1145 1826 1181 1866 a
1229 1809 1545 1866 Benedicto
1600 1812 1715 1866 VIII
1769 1808 2049 1883 pontiﬁce

384 1903 490 1976 qui
519 1917 616 1958 an.
654 1904 810 1972 1024,
842 1899 990 1956 obiit
1021 1899 1349 1956 accersitus
1382 1902 1633 1956 Romam
1674 1900 1769 1972 (1),
1816 1899 1932 1972 ipsi
1962 1903 2050 1955 at-

385 2007 506 2065 que
537 1989 874 2046 successori
903 1990 1035 2061 ejus
1065 1989 1278 2046 Joanni
1315 1991 1424 2046 XIX
1452 1990 1526 2061 (2)
1572 1989 1853 2063 probavit
1897 2005 2051 2062 prae-

387 2080 620 2136 clarum
646 2079 710 2134 in
735 2079 974 2135 musica
998 2079 1266 2136 studium
1295 2095 1474 2135 suum
1522 2096 1536 2135 :
1589 2080 1663 2134 In
1713 2080 1846 2145 hoc,
1898 2079 2056 2148 Sige-

386 2169 556 2226 berto
603 2168 805 2241 judice
861 2169 960 2240 (3),
1004 2169 1313 2239 prioribus
1360 2169 1781 2240 praeferendus
1802 2211 1819 2240 ,
1898 2167 2057 2240 quod

388 2261 619 2331 ignotos
645 2265 858 2316 cantus
889 2260 1067 2316 etiam
1088 2259 1270 2328 pueri
1313 2264 1368 2316 et
1414 2260 1634 2329 puellae
1680 2259 1928 2328 facilius
1971 2258 2059 2314 di-

389 2355 560 2406 scant
606 2349 701 2405 vel
747 2349 1077 2405 doceantur
1095 2363 1211 2418 per
1239 2350 1367 2419 ejus
1398 2350 1693 2420 regulam,
1733 2364 1912 2420 quam
1948 2363 2059 2418 per

393 2453 588 2494 vocem
615 2437 894 2508 magistri
917 2441 1024 2492 aut
1045 2451 1161 2506 per
1188 2451 1361 2492 usum
1399 2437 1661 2507 alicujus
1701 2439 2058 2492 instrumen-

396 2526 462 2596 ti,
486 2525 806 2582 dummodo
835 2540 941 2582 sea:
967 2525 1185 2581 litteris
1215 2526 1309 2581 vel
1333 2525 1588 2595 syllabis
1609 2524 1684 2597 (4)
1705 2525 2060 2582 modulatim

395 2615 681 2686 appositis
707 2615 788 2671 ad
813 2629 920 2671 sea:
957 2630 1122 2671 voces
1155 2615 1227 2684 (5)
1283 2629 1434 2687 quas
1487 2615 1646 2672 solas
1697 2615 2063 2686 regulariter

394 2706 622 2761 musica
653 2703 865 2773 recipit
890 2716 913 2775 ;
954 2704 1163 2776 hisque
1187 2703 1425 2760 vocibus
1448 2719 1564 2774 per
1598 2706 1868 2774 ﬂexuras
1912 2704 2062 2775 digi-

397 2801 595 2851 torum
623 2796 788 2851 laevce
814 2808 1030 2850 manus
1061 2794 1378 2861 distinctis,
1435 2809 1546 2864 per
1590 2795 1887 2865 integrum
1937 2795 2063 2851 dia-

394 2899 586 2955 pason
615 2898 677 2939 se
705 2884 892 2938 oculis
921 2889 973 2938 et
1001 2884 1203 2938 oribus
1251 2884 1535 2954 ingerunt
1582 2885 1825 2941 intenta
1874 2889 1929 2940 et
1976 2899 2065 2940 re-

2156 1720 2314 1776 rensi
2336 1725 2567 1778 exstare
2597 1725 2842 1778 testatur
2866 1720 3044 1777 breve
3075 1717 3358 1776 Guidonis
3411 1717 3711 1789 scriptum
3736 1716 3828 1770 De

2155 1827 2438 1868 mensura
2464 1812 2875 1880 monochordi,
2906 1810 3071 1884 quod
3101 1809 3305 1883 incipit
3329 1827 3341 1864 :
3374 1810 3523 1866 Cum
3549 1809 3822 1877 primum

2157 1915 2194 1957 a
2221 1903 2271 1957 G
2301 1902 2380 1957 ad
2404 1903 2604 1973 ﬁnem,
2637 1917 2845 1958 novem
2871 1901 3142 1971 passibus
3183 1899 3652 1956 monochordum
3681 1911 3830 1967 par-

2160 1991 2312 2059 tiris,
2341 1993 2572 2061 primus
2597 2006 2807 2061 passus
2839 1990 3262 2047 terminabitur
3288 1990 3348 2045 in
3380 1989 3454 2054 Α,
3484 1991 3596 2043 etc.
3633 1983 3828 2042 Guido

2159 2081 2286 2154 ipse
2307 2081 2368 2136 in
2396 2082 2672 2152 Epistola
2701 2081 2784 2137 ad
2827 2081 3177 2137 Michaelem
3209 2079 3590 2145 monachum,
3635 2089 3830 2149 quam

2160 2171 2441 2228 laudatus
2471 2171 2760 2228 Baronius
2796 2170 2876 2227 ad
2904 2185 3134 2226 annum
3165 2173 3318 2236 1022,
3363 2183 3426 2224 n.
3457 2170 3585 2236 XXI,
3615 2164 3833 2234 vulga-

2162 2260 2265 2330 vit,
2289 2264 2585 2317 memorat
2614 2260 3127 2330 Antiphonarium
3159 2274 3328 2313 suum
3348 2257 3622 2327 pra/iris
3651 2268 3835 2323 regu-

2165 2351 2239 2406 lis
2283 2350 2666 2419 recensitum,
2715 2348 2881 2422 quod
2934 2351 3092 2406 velut
3144 2347 3442 2420 quoddam
3477 2345 3834 2416 prodigium

2165 2438 2411 2495 revolvit
2461 2437 2810 2495 Benedictus
2863 2441 2998 2493 VIII.
3055 2437 3364 2504 Caeterum,
3419 2433 3688 2506 exceptis
3726 2447 3835 2488 no-

2165 2526 2240 2583 tis
2295 2526 2539 2583 musicis
2573 2569 2587 2595 ,
2667 2524 2816 2582 nihil
2891 2524 3223 2582 Guidonem
3280 2527 3494 2597 praeter
3559 2525 3836 2578 veterum

2167 2616 2581 2674 auctoritatem
2638 2614 3072 2680 immutavisse,
3123 2612 3220 2671 vel
3270 2613 3566 2670 musicam
3622 2625 3839 2668 eorum

2167 2705 2606 2763 instructiorem
2653 2703 2982 2762 reddidisse
3037 2703 3302 2778 disputat
3346 2706 3575 2760 Marcus
3626 2701 3842 2761 [cibo-

2172 2795 2328 2851 mius
2382 2794 2461 2851 ad
2516 2794 2829 2852 Aristidem
2885 2793 3313 2858 Quintilianum
3359 2809 3420 2866 p.
3451 2795 3580 2862 240,
3641 2796 3704 2848 et
3763 2787 3841 2846 ad

2173 2883 2478 2941 Euclidem
2507 2899 2647 2958 pag.
2682 2889 2770 2941 51.
2830 2886 3044 2942 Contra
3095 2882 3333 2939 illorum
3376 2882 3554 2939 etiam
3593 2885 3842 2938 senten-

396 2973 591 3028 missae
620 2971 974 3027 elevationes
1004 2972 1098 3028 vel
1149 2972 1540 3040 depositiones
1589 2973 1929 3029 earumdem
1964 2987 2062 3028 vo-
2103 2984 2144 3039 Β
2173 2973 2354 3043 tiam,
2411 2972 2516 3047 qui
2562 2988 2634 3029 eo
2691 2978 3046 3044 argumento
3096 2977 3342 3028 cantum
3391 2968 3846 3028 Guidonianum

402 3074 557 3114 cum.
589 3056 690 3112 Hic
712 3057 790 3114 ad
810 3057 1224 3115 Theobaldum
1255 3060 1378 3116 sive
1408 3059 1821 3117 Theodaldum
1840 3059 2066 3134 potius,

404 3145 780 3218 episcopum,
813 3144 891 3202 ab
921 3161 1083 3203 anno
1117 3150 1251 3204 1014
1297 3149 1375 3205 ad
1433 3153 1589 3217 1037,
1644 3149 1950 3206 Aretinum
1991 3148 2067 3220 (6)

405 3234 639 3309 scripsit
679 3236 1076 3308 Micrologum
1120 3237 1244 3294 sive
1292 3239 1476 3296 libros
1510 3240 1658 3296 duos
1706 3239 1780 3296 de
1815 3241 2064 3306 musica,

403 3340 667 3397 quorum
695 3324 859 3398 prior
887 3340 1068 3398 prosa
1093 3330 1348 3384 constat.
1382 3327 1530 3385 alter
1553 3328 1818 3384 carmine
1848 3327 2069 3401 partim

405 3416 756 3471 hexametro
787 3415 1008 3488 partim
1032 3416 1336 3473 trochaico
1361 3417 1701 3489 rhythmico
1716 3418 1816 3489 (7).
1838 3418 2074 3487 Episto-

411 3505 531 3560 lam
553 3504 985 3560 dedicaloriam
1029 3505 1110 3560 ad
1143 3505 1554 3562 Theodaldum
1581 3505 1764 3563 edidit
1783 3507 2044 3564 Baroniu

410 3589 492 3647 ad
520 3605 750 3646 annum
784 3595 942 3663 1022,
969 3607 1030 3648 n.
1063 3595 1241 3649 XXIII.
1272 3593 1531 3650 Meminit
1571 3598 1627 3651 et
1655 3595 1939 3652 Domnizo
1966 3595 2071 3654 lib.

411 3696 430 3735 ι
456 3681 536 3734 De
568 3679 697 3734 Vita
725 3679 1018 3736 Mathildis
1045 3681 1368 3738 ducatricis
1401 3698 1534 3756 cap.
1568 3688 1621 3756 5,
1654 3684 1820 3758 apud
1845 3684 2076 3742 Leibni-

413 3769 566 3826 tium
586 3772 730 3824 tom.
756 3773 776 3825 I
807 3769 1078 3844 scriptor.
1113 3773 1442 3844 Brunsvic.,
1472 3790 1612 3848 pag.
1649 3775 1944 3833 64LLibri
1963 3775 2077 3850 ipsi

415 3857 720 3927 Guidonis,
754 3874 1110 3936 quanquam
1139 3861 1202 3918 in
1216 3861 1492 3936 pluribus
1513 3863 1888 3923 bibliothecis
1915 3865 2075 3931 msti,

414 3947 678 4005 necdum
701 3947 898 4006 lucem
928 3951 1204 4008 viderunt
1239 3952 1406 4026 quod
1433 3969 1644 4011 sciam.
1706 3956 1898 4012 Semel
1943 3956 2068 4015 cita

417 4040 512 4094 tur
543 4037 674 4108 ejus
706 4037 1056 4112 Micrologus
1084 4057 1121 4098 a
1149 4043 1216 4099 Μ.
1249 4041 1526 4100 Mibomio
1574 4042 1653 4100 ad
1683 4044 2080 4101 Gaudentium

419 4142 562 4200 pag.
595 4132 682 4184 37.
710 4127 808 4184 Vir
830 4128 1195 4188 clarissimus
1251 4132 1588 4190 Bernardus
1639 4136 1766 4191 Pez.
1818 4138 1963 4194 tom.
2010 4137 2076 4194 III

495 4303 815 4392 (liquido
832 4304 1051 4392 ipse-in
1079 4308 1354 4392 Epistola
1384 4311 1464 4369 ad
1484 4314 1828 4392 Michaelem
1864 4333 2078 4376 mona-

427 4373 611 4454 chum
645 4375 701 4454 S_.
742 4373 934 4433 Maria
965 4373 1348 4452 Pomposiani
1376 4385 1653 4453 caanobii,
1685 4387 1845 4444 edita
1868 4373 2084 4446 allia-

424 4444 607 4533 roniq
623 4444 900 4533 arduum.
946 4444 1195 4533 40223}.
1229 4456 1357 4520 xxx,
1383 4444 1651 4533 XXII_ub_i
1680 4473 1790 4530 pro
1820 4461 1944 4516 abii
1971 4444 2080 4533 {gi-

427 4521 529 4606 tur
553 4517 908 4606 gemanum,
960 4517 1120 4578 male
1158 4517 1480 4582 excussum
1525 4517 1739 4599 legitur
1771 4547 1784 4599 ;
1818 4533 1947 4589 Alii
1973 4517 2085 4606 ibi.

426 4592 530 4642 tur
552 4587 908 4647 Romanum.

613 4661 900 4747 Baronius
955 4662 1017 4719 in
1065 4665 1269 4747 codice
1317 4684 1427 4725 suo
1456 4671 1674 4747 reperit
1699 4673 1829 4730 haec
1858 4676 2083 4734 verba:

423 4731 1000 4812 Joanne__vicesimo,
1053 4737 1386 4812 Romanam
1449 4731 1825 4812 gubernante
1878 4731 2087 4806 Eccl};

425 4804 1010 4892 siam-,Itiicrolog‘um
1035 4823 1208 4892 suhum
1233 4811 1420 4867 edidit
1449 4804 1831 4892 Guidoanno
1859 4804 2088 4892 trigesi-

425 4887 520 4959 mo
557 4881 775 4944 quarto
801 4881 1059 4959 .gtatu:_
1086 4881 1397 4959 Czeterum,
1453 4890 1518 4941 ut
1559 4890 1832 4959 notatum
1885 4881 2086 4959 Pagio,

424 4945 693 5034 {cannas
711 4947 816 5034 qui
842 4949 1160 5034 Benedicto
1184 4955 1300 5034 VIII
1331 4945 1632 5034 successit,
1659 4945 2089 5020 JoannemXIX

428 5021 697 5098 selvpeat
720 5021 854 5098 ipse
883 5021 944 5098 in
973 5023 1271 5098 rescriptis
1296 5027 1442 5083 suis.

497 5085 1004 5170 (3)_ln._Chronico
1033 5093 1113 5151 ad
1142 5085 1372 5154 annum
1403 5101 1560 5170 1028,
1613 5105 1670 5157 et
1721 5101 1782 5157 in
1830 5100 1982 5160 libro
2007 5107 2089 5160 De

429 5158 820 5228 scriptoribus
851 5163 1060 5222 eccles.
1093 5181 1145 5223 c.
1181 5171 1302 5226 144.

483 5225 840 5319 εςξζξζιζ-νε,
869 5237 974 5319 mi,
996 5237 1089 5308 fa,
1123 5240 1237 5319 sol_,
1270 5225 1454 5319 la,_e_x
1480 5247 1624 5302 noto
1664 5245 1896 5319 hymno
1928 5245 2091 5304 Pauli

431 5297 674 5354 Diaconi
700 5297 764 5358 in
791 5297 847 5360 S'.
874 5297 1168 5365 Joannem
1203 5297 1571 5386 Bapiistam‘:

859 5405 1045 5458 queant
1073 5397 1208 5461 laxis
1234 5399 1496 5461 REsonare
1526 5403 1668 5455 ﬁbris

743 5452 1145 5521 gnra-gestorum
1176 5460 1394 5513 FAmuli
1425 5452 1624 5518 tuorum

736 5516 926 5586 some
945 5523 1158 5586 pollutis
1185 5524 1376 5575 LAbiis
1399 5516 1592 5579 reatum

898 5582 1072 5634 Sa'ncte
1101 5587 1331 5637 Joannes.

423 5651 565 5713 Vide
585 5656 635 5714 si
661 5657 860 5732 placet
885 5679 1022 5736 quae
1037 5665 1118 5722 ad
1139 5664 1310 5723 illum
1335 5667 1499 5726 Pauli
1516 5669 1816 5742 hymnum
1834 5672 2096 5738 Joannes

2176 3063 2616 3120 instructiorem
2665 3078 2794 3119 esse
2856 3062 3107 3136 antiquo
3152 3060 3560 3125 contendunt,
3615 3057 3795 3131 quod
3832 3099 3847 3120 .

2177 3169 2316 3208 cum
2369 3157 2640 3208 veterum
2691 3156 3021 3224 systemata
3042 3194 3055 3219 ,
3141 3149 3474 3207 Aristoxeni
3527 3146 3848 3214 tredecim,

2177 3241 2434 3299 aliorum
2479 3245 2616 3316 post
2665 3257 2805 3297 eum
2860 3239 3207 3314 quindecim
3257 3243 3486 3296 tantum
3533 3236 3852 3294 continue-

2177 3330 2294 3388 rint
2351 3346 2554 3401 sonos,
2613 3329 2802 3386 Guido
2858 3329 3159 3386 senariam
3230 3328 3523 3400 majorem
3588 3323 3850 3382 addide-

2210 3419 2271 3487 it,
2313 3417 2395 3475 ita
2451 3421 2517 3475 ut
2561 3417 2770 3489 viginti
2817 3433 2980 3474 nunc
3034 3432 3215 3474 sonos
3287 3414 3650 3472 habeamus.
3693 3417 3852 3469 Isaa-

2198 3524 2288 3564 ius
2328 3506 2591 3580 Vossius,
2645 3509 2725 3564 De
2776 3507 3004 3563 viribus
3056 3506 3339 3579 rhythmi,
3392 3520 3533 3578 pag.
3582 3507 3676 3570 01,
3746 3517 3855 3560 no-

2207 3603 2268 3656 at
2291 3597 2624 3655 Guidonem
2650 3596 2713 3653 in
2743 3595 3165 3653 concinnanda
3194 3611 3304 3651 sua
3351 3593 3516 3650 scala
3570 3597 3853 3649 secutum

2185 3703 2318 3743 esse
2346 3686 2678 3760 harparum
2705 3690 2763 3742 et
2790 3700 3158 3756 organorum
3187 3682 3278 3740 sui
3323 3681 3612 3755 temporis
3658 3695 3856 3738 exem-

2193 3775 2356 3845 plum
2388 3774 2526 3831 :illa
2554 3773 2715 3830 enim
2745 3773 2972 3846 viginti,
3003 3772 3215 3846 inquit,
3270 3776 3336 3827 ut
3381 3769 3726 3846 plurimum
3770 3768 3855 3824 in-

2194 3868 2414 3922 structa
2465 3863 2621 3921 tibiis
2649 3863 2932 3921 habuisse
2981 3867 3326 3936 systemata,
3375 3859 3554 3916 docet
3602 3859 3858 3932 scriptor

2225 3953 2416 4028 liquot
2443 3953 2676 4009 saeculis
2707 3952 2975 4010 Guidone
3005 3950 3290 4009 vetustior
3315 3967 3327 4004 :
3359 3950 3554 4006 Porro
3583 3963 3858 4006 numero-

2187 4045 2332 4104 sitas
2383 4059 2704 4106 nervorum
2755 4044 2848 4103 vel
2893 4043 3262 4112 ﬁstularum,
3313 4047 3376 4096 ut
3427 4045 3584 4110 puta
3645 4037 3862 4111 viginti

2192 4135 2369 4192 unius
2387 4139 2494 4192 aut
2500 4133 2801 4208 plurium,
2820 4148 2941 4189 non
2957 4132 3182 4190 idcirco
3197 4131 3530 4201 apponitur
3546 4128 3714 4201 quod
3732 4127 3865 4183 soni

2209 4314 2466 4373 Neitzius
2493 4313 2962 4386 inlleortologio
2992 4329 3053 4386 p.
3085 4317 3212 4379 263,
3245 4328 3372 4386 seq.
3395 4316 3453 4368 et
3470 4307 3865 4386 plenagiusin

2195 4385 2784 4458 Originibusilinguaa
2815 4377 3077 4458 Gallicae,
3100 4377 3246 4441 voce
3276 4377 3505 4458 BemOl,
3535 4377 3869 4437 ubi'aﬁ‘ert

2193 4463 2254 4516 et
2279 4455 2395 4516 Hoc
2422 4455 2719 4514 distichon
2748 4456 2954 4513 nescio
2989 4457 3161 4528 cujus
3191 4455 3446 4512 auctoris
3479 4472 3493 4510 :

2195 4577 2354 4628 Corde
2383 4576 2549 4638 Deum
2569 4574 2634 4638 Et
2650 4573 3206 4638 Fidibusqumituque
3239 4573 3364 4638 A_l_t_.o_
3385 4570 3692 4621 Benedicam

2260 4639 2344 4689 UT
2377 4639 2454 4688 ZtE
2485 4637 2556 4688 Ml
2586 4637 2776 4687 FAciat
2798 4636 3027 4686 SOLvere
3052 4633 3230 4683 LA'bra
3259 4633 3384 4683 Slbi.

2199 4749 2402 4804 Exstat
2428 4749 2486 4802 et
2511 4745 2628 4802 hoc
2674 4742 3002 4800 Abrahami
3047 4740 3390 4798 Bucholzeri
3445 4739 3756 4796 distichon
3807 4737 3876 4794 in

2199 4819 2329 4890 ejus
2355 4815 2746 4886 chronologia
2777 4815 2854 4871 ad
2884 4817 2952 4870 Α.
2987 4816 3046 4871 C.
3079 4815 3236 4869 1044.

2262 4931 2361 4986 Cur
2390 4931 2602 4982 adhibes
2634 4931 2768 4982 tristi
2795 4943 3029 4980 numeros
3056 4937 3360 4986 cautumque
3393 4926 3596 4977 labori?

2325 4996 2410 5045 UT
2445 4995 2665 5045 RElevet
2691 4993 2930 5043 Mlserum
2961 4991 3159 5041 FAtum
3193 4988 3509 5054 SOLitosque
3535 4988 3794 5040 LAbores.

2277 5104 2354 5175 (5)
2393 5102 2535 5175 Vide
2564 5101 2964 5175 recentiorum
2995 5105 3260 5172 systema
3303 5097 3610 5155 musicum
3654 5096 3886 5175 Guido-

2203 5171 2458 5230 nianum
2484 5173 2607 5229 sive
2638 5171 2864 5229 scalam
2891 5171 3180 5240 magnam
3202 5187 3340 5227 cum
3374 5175 3642 5225 veterum
3674 5173 3885 5240 syste-

2205 5249 2364 5316 mate
2393 5249 2830 5316 comparatam,
2854 5244 2914 5316 in
2941 5241 3162 5316 tabella
3179 5241 3353 5316 apud
3374 5241 3886 5316 M._Meibom_ium,

2206 5315 2363 5373 notis
2408 5316 2488 5373 ad
2533 5311 2802 5372 'Euclidis
2873 5311 3373 5370 introductiohem
3447 5311 3889 5368 harmonicam

2206 5401 2354 5514 (ἓξῇ
2373 5392 2461 5456 51,
2493 5391 2547 5468 et
2580 5385 2910 5468 Sebastiani
2940 5385 3254 5441 Brossardi
3279 5383 3540 5468 ‘Lexicon
3570 5381 3892 5438 musicum

2357 5475 2423 5514 ce
2447 5457 2674 5514 editum
2706 5473 2766 5512 1n
2796 5455 3094 5512 vocabulo
3121 5456 3406 5514 Susteme.
3438 5470 3500 5514 ι).
3540 5458 3644 5511 163
3674 5469 3810 5514 sea.

2339 5458 2423 5515 ice
2447 5452 2674 5514 editum
2706 5457 2766 5512 in
2796 5455 3094 5528 vocabulo
3121 5452 3406 5525 Systeme,
3438 5470 3500 5528 p.
3540 5458 3644 5511 163
3674 5469 3810 5525 seq.

2303 5531 2353 5602 6)
2395 5529 2622 5602 Ughell.
2651 5534 2796 5584 tom.
2830 5526 3298 5602 IAIWQ-S_&C!m,
3327 5543 3386 5598 p.
3421 5526 3546 5602 lilii.
3619 5599 3638 5602 _
3706 5601 3719 5602 ί
3891 5583 3896 5587 .

2302 5599 2358 5670 ‘7)
2398 5600 2754 5671 VossiusDe
2773 5599 3036 5671 scientiis
3061 5599 3256 5671 Matii.
3306 5613 3439 5671 cap.
3470 5599 3563 5668 22,
3610 5599 3648 5661 §
3696 5601 3757 5663 7,
3819 5610 3891 5667 p.

2209 5668 2318 5741 95';
2340 5668 2611 5752 Oeneius
2635 5670 2700 5740 in
2724 5684 2873 5734 voce
2899 5668 3288 5740 Μίενοιοσωο
