3980 6176
231 186 311 243 377

1122 185 1337 243 sumo
1375 189 1738 246 ARETINUS.
1771 162 1840 231 -ζ
1868 180 2148 248 ΝοτιτιΑ
2188 194 2620 249 Ll'l‘l‘ERARlA.

3485 174 3588 243 sis

232 309 359 363 ultra
384 306 698 379 quindecim
720 311 829 363 aut
852 306 1015 377 forte
1031 310 1325 368 sexdecim
1348 313 1810 383 protendantur,
1850 320 1896 372 A
1926 317 2012 373 tia
2036 317 2568 387 incomparabilem
2599 314 2880 390 appellat.
2910 313 3081 371 Gerh.
3114 316 3283 369 Joan.
3346 310 3591 366 Vossius

225 397 307 453 sed
314 396 416 466 ipsi
422 394 583 451 iidem
597 396 704 467 qui
711 401 850 451 sunt
865 397 1121 467 inferius
1136 405 1571 470 repetuntur,et
1588 401 1698 458 hoc
1710 419 1823 474 pro

224 486 470 542 varietate
484 484 809 541 modorum.
843 489 922 542 Ac
945 502 1088 544 sane
1111 492 1178 545 28
1201 491 1455 562 φθόγγους
1498 491 1620 548 sive
1655 497 1825 550 tonos

218 572 423 630 musicis
448 571 847 645 frequentatos
887 574 1019 645 jam
1076 574 1357 633 describit
1408 577 1824 652 Nicomachus,

217 661 300 719 lib.
322 678 355 718 ιι
386 660 661 718 Manualis
714 662 1071 737 harmonici,
1103 682 1245 739 pag.
1299 672 1386 725 39.
1430 668 1588 726 Sicut
1624 671 1825 726 autem

217 749 373 807 Guido
421 765 523 823 per
575 751 841 824 syllabas
896 759 982 822 ut,
1042 770 1126 825 re,
1157 758 1259 824 mi,
1293 760 1430 829 etc.,
1461 756 1543 814 ita
1598 762 1825 814 veteres

215 838 429 912 Egyptii
455 855 558 912 per
588 844 819 913 septem
848 843 1083 900 vocales
1113 845 1443 919 exprimere
1464 847 1709 904 totidem
1733 865 1827 905 so-

214 943 302 986 nos
325 928 856 999 consueverunt,‘ut
885 948 958 989 ex
1011 935 1287 992 Demetrii
1312 935 1466 993 libro
1499 942 1622 1012 Περὶ
1669 942 1823 1013 ἑρμη-

213 1023 321 1081 νείας
341 1021 366 1087 §
390 1024 469 1089 17,
498 1019 635 1076 edit.
668 1022 855 1078 Oxon.
893 1026 1131 1081 lsaacus
1152 1026 1395 1083 Vossius
1417 1026 1609 1097 docet,
1644 1033 1823 1102 atque

212 1106 453 1163 eumdem
481 1108 543 1164 in
572 1109 827 1166 modum
852 1113 1168 1184 Gregorius
1197 1117 1444 1186 Magnus
1488 1116 1695 1189 primis
1744 1117 1822 1174 ad

209 1196 298 1252 hoc
331 1213 467 1253 usus
492 1202 584 1254 est
611 1203 841 1273 septem
860 1200 1065 1259 litteris
1088 1203 1414 1278 alphabeti,
1445 1205 1666 1280 quibus
1717 1206 1821 1263 de-

210 1288 361 1357 cursis
383 1287 501 1344 sive
530 1290 863 1347 ascendens
894 1297 1104 1350 cantus
1126 1294 1249 1350 sive
1270 1294 1640 1352 descendens
1670 1296 1843 1354 redit.

208 1377 270 1434 ad
293 1383 551 1436 octavam
580 1383 638 1436 et
660 1380 873 1439 iisdem
903 1383 1249 1457 obloquitur
1295 1387 1559 1443 numeris
1600 1392 1819 1457 septem

207 1468 511 1525 discrimina
542 1486 771 1527 vocum.

262 1556 385 1613 Huic
413 1558 669 1616 Guidoni
697 1560 1072 1633 Trithemius,
1127 1579 1261 1637 cap.
1322 1567 1446 1634 318,
1499 1562 1705 1621 tribuit
1753 1564 1823 1621 li-

1931 405 2132 477 etiam,
2158 422 2301 480 pag.
2332 412 2399 464 95
2423 409 2503 462 De
2532 407 2792 462 scientiis
2818 404 3275 469 mathematicis,
3310 400 3392 458 ait
3410 398 3591 456 musi-

1934 510 2072 550 cum
2100 495 2431 551 Guidonem
2461 510 2589 550 esse
2619 492 2724 566 qui
2754 508 2827 548 ex
2853 492 3154 548 monacho
3175 489 3431 548 canobii
3452 491 3592 544 Hec-

1932 582 2088 637 tonis
2117 583 2239 638 sive
2269 585 2323 639 S.
2360 581 2639 655 Leufredi
2654 580 2777 637 sive
2808 578 3105 636 Lodifredi
3163 577 3326 652 apud
3383 574 3589 632 Ebroi-

1931 686 2140 728 censes
2193 675 2612 739 Nortmannos,
2679 669 2871 726 factus
2953 668 3025 724 sit
3099 666 3588 739 archiepiscopus

1929 763 2291 830 Aversanus,
2315 765 2494 834 atque
2522 759 2791 816 Ecclesia
2814 761 3097 815 Romana
3124 751 3589 812 cordinalis.Sed

1928 848 2100 906 illum
2129 849 2463 907 Guidonem
2492 849 2616 905 sive
2647 847 3078 915 Guimundum,
3110 844 3215 917 qui
3240 847 3447 900 contra
3486 842 3589 897 Be-

1928 939 2275 1009 rengarium
2305 938 2559 1012 scripsit,
2591 942 2747 995 recte
2772 955 2809 995 a
2826 937 3094 994 Guidone
3118 933 3357 990 Aretino
3380 930 3591 987 distin-

1930 1027 2075 1099 guit,
2103 1032 2318 1101 prater
2346 1042 2723 1099 anonymnm
2754 1025 3145 1083 Mellicensem
3171 1039 3222 1078 c.
3259 1023 3382 1087 102,
3426 1017 3587 1074 idem

1928 1117 2306 1189 Trithemius,
2332 1133 2466 1191 cap.
2497 1121 2618 1185 122,
2642 1120 2699 1172 et
2727 1119 2791 1172 ll.
2823 1120 2891 1172 80
2919 1120 3000 1172 De
3027 1115 3253 1169 illustr.
3297 1108 3587 1167 Benedic-

1929 1207 2114 1278 tinis;
2140 1223 2338 1280 neque
2362 1212 2598 1279 tempus
2624 1205 2843 1278 patitur
2870 1220 3008 1260 cum
3054 1201 3320 1260 Guidone
3348 1198 3586 1255 Aretino

1927 1297 2212 1353 eumdem
2240 1295 2426 1352 fuisse
2475 1295 2999 1368 archiepiscopum
3046 1297 3444 1357 Aversanum,
3492 1302 3589 1342 su-

1926 1386 2230 1460 perstitem
2261 1385 2461 1442 adhuc
2490 1400 2590 1441 an.
2617 1388 2773 1441 1090.

2002 1472 2277 1530 Similiter
2296 1472 2599 1530 cavendus
2626 1471 2834 1545 lapsus
2864 1468 3184 1536 Possevini,
3215 1467 3320 1540 qui
3365 1465 3584 1521 Micro-

1933 1565 2131 1635 logum
2158 1562 2445 1620 Guidonis
2475 1561 2773 1618 musicum
2804 1560 3116 1617 confundit
3139 1573 3279 1615 cum
3320 1554 3583 1613 Microlo-

206 1645 348 1703 brum
369 1648 452 1704 De
477 1663 730 1718 corpore
757 1656 813 1706 et
824 1652 1119 1722 sanguine
1137 1653 1377 1709 Domini
1396 1654 1688 1710 adversus
1714 1656 1822 1711 Be-
1863 1671 1904 1726 Β
1933 1667 2010 1723 go
2040 1652 2115 1709 de
2146 1650 2559 1708 ecclesiasticis
2590 1648 3111 1706 observationibus
3143 1663 3252 1703 seu
3277 1645 3350 1701 de
3393 1644 3586 1699 missa

205 1736 528 1806 rengarium,
558 1738 963 1812 eumdemque
989 1740 1311 1813 respiciens
1331 1741 1580 1799 fortasse
1593 1758 1823 1817 anony-

206 1839 313 1879 mus
332 1823 689 1892 Mellicensis,
722 1842 853 1900 cap.
887 1831 977 1897 80,
1011 1827 1366 1895 Guidonem,
1396 1829 1515 1886 ﬁde
1540 1847 1612 1887 ac
1637 1832 1822 1889 scien-

1242 2219 1682 2307 NOTITIA

1929 1742 2038 1798 rite
2070 1740 2452 1807 celebranda,
2476 1745 2541 1795 ut
2565 1756 2601 1795 a
2636 1740 2817 1808 Pagio
2844 1738 2921 1794 ad
2948 1753 3176 1793 annum
3204 1738 3359 1792 1022.
3408 1748 3579 1788 num.

1928 1838 1982 1901 9,
2004 1837 2062 1890 et
2089 1831 2168 1890 ab
2191 1830 2426 1889 Oudino
2452 1834 2607 1887 recte
2629 1830 2760 1901 jam
2788 1833 3086 1911 notatum.

1804 2221 2501 2309 LITTERARIA.

752 2424 843 2490 (D.
876 2422 1157 2481 Martinus
1178 2427 1523 2496 Gmsarus,
1552 2427 1886 2498 Scriptores
1912 2426 2299 2483 ecclesiastici
2319 2426 2392 2482 de
2418 2425 2666 2491 musica,
2701 2426 2766 2488 ll,
2795 2422 2985 2496 praef.)

1671 2588 1775 2595 .-_.....
1795 2587 1881 2594 -.μ--

252 2732 293 2784 1.
321 2728 543 2801 Dignus
570 2732 828 2789 omnino
857 2738 945 2790 est
995 2750 1033 2791 a
1082 2751 1205 2808 quo
1250 2752 1471 2793 novam
1520 2736 1817 2808 epocham
1855 2737 1897 2794 C
1925 2737 2219 2807 operibus.
2254 2740 2381 2809 Ipse
2414 2734 2602 2791 Guido
2633 2734 2695 2789 in
2724 2730 2974 2806 epistola
2994 2729 3071 2787 ad
3092 2726 3434 2785 Michaelem
3452 2741 3581 2781 mo-

199 2816 517 2892 scriptorum
549 2822 715 2889 dere
742 2823 974 2881 musica
1004 2825 1409 2899 auspicemus,
1445 2826 1635 2883 Guido
1681 2832 1816 2881 Are-

194 2904 340 2978 tinus,
368 2909 487 2982 qui,
520 2911 767 2969 sublata
790 2917 1061 2971 veterum
1091 2919 1370 2972 notarum
1400 2915 1701 2985 indigesta
1732 2931 1819 2971 se-

192 2994 258 3052 rie
281 3014 343 3055 ac
367 3001 744 3069 confusione,
775 3019 883 3076 per
909 3003 1099 3061 lineas
1127 3010 1184 3061 et
1212 3005 1433 3075 claves,
1464 3022 1620 3079 quas
1648 3021 1819 3062 voca-

191 3101 298 3142 mus
314 3088 372 3144 in
393 3091 558 3148 scala
583 3092 841 3163 musica,
867 3093 1137 3150 discendi
1161 3095 1651 3168 exsequendique
1680 3111 1817 3150 mu-

190 3174 342 3234 sicam
364 3178 747 3254 disciplinam
765 3182 987 3239 mirum
1009 3184 1072 3239 in
1098 3184 1351 3239 modum
1381 3184 1659 3239 eamdem
1680 3183 1818 3239 faci-

190 3261 361 3323 litavit.
388 3271 663 3327 Testatur
689 3271 753 3328 id
771 3272 901 3345 ipse
949 3272 1011 3329 in
1041 3274 1361 3345 Micrologi
1404 3273 1493 3329 sui
1540 3273 1814 3346 prologo,

192 3355 393 3414 tandem
421 3360 693 3416 adfuisse
723 3361 836 3417 sibi
872 3361 1141 3418 divinam
1172 3364 1460 3434 gratiam,
1520 3379 1656 3419 cum
1692 3377 1821 3417 mu-

189 3444 337 3501 sicam
358 3452 567 3517 pueris
603 3450 891 3522 traderet,
921 3456 977 3507 et
1017 3451 1294 3521 Quidam,
1343 3451 1561 3524 inquit,
1610 3464 1816 3508 eorum

193 3532 485 3595 imitatione
511 3539 761 3596 chorda
788 3546 1137 3597 nostrarum
1167 3546 1448 3597 notarum
1496 3556 1609 3596 usu
1653 3556 1818 3597 exer-

191 3623 344 3692 citati,
375 3634 515 3685 ante
544 3630 729 3685 unius
750 3632 967 3687 mensis
994 3632 1257 3700 spatium
1302 3632 1521 3688 invisos
1542 3637 1598 3688 et
1649 3632 1820 3686 inau-

195 3710 316 3768 ditos
342 3726 556 3774 cantus
588 3719 677 3774 ita
704 3720 900 3789 primo
929 3721 1156 3776 intuitu
1201 3719 1616 3777 indubitanter
1672 3734 1817 3775 can-

192 3800 385 3874 tabant,
416 3813 482 3861 ut
512 3807 852 3864 maximum
881 3810 1292 3878 spectaculum
1340 3810 1622 3878 plurimis
1662 3822 1820 3877 pra!-

195 3886 408 3951 bcretur.
431 3899 541 3952 Per
557 3897 851 3953 chordam
869 3897 1139 3969 intelligit
1164 3897 1384 3955 lineam
1415 3898 1599 3967 illam,
1631 3914 1819 3971 quam

190 3977 350 4039 colore
380 4002 600 4042 croceo
628 3985 723 4042 vel
752 3986 937 4043 rubro
962 3986 1332 4058 distinguere
1363 3988 1597 4045 solebat
1624 4004 1696 4044 eo
1736 3987 1821 4043 lo-

1922 2826 2186 2882 nachum
2217 2824 2708 2899 Pomposianum,
2738 2839 2799 2896 p.
2829 2825 2917 2884 43,
2942 2819 3204 2889 prolixis
3236 2815 3455 2885 ﬁnibus
3485 2829 3583 2870 ea:-

1922 2919 2185 2973 sulatum
2219 2933 2280 2972 se
2305 2916 2447 2972 dicit
2480 2930 2587 2982 ;ac
2618 2930 2781 2981 mox,
2812 2925 3173 2986 persuasum
3241 2922 3304 2962 se
3329 2902 3394 2960 ut
3417 2905 3479 2961 in
3509 2919 3581 2960 eo

1923 3004 2289 3060 monasterio
2319 3008 2609 3070 maneret,
2633 3019 2670 3058 a
2691 3001 2958 3059 Guidone
2986 2999 3169 3070 hujus
3191 2992 3449 3052 canobii
3481 2991 3583 3049 ab-

1923 3090 2082 3162 bate,
2110 3093 2238 3148 viro
2276 3109 2494 3166 nempe
2523 3092 2624 3147 illo
2654 3090 3055 3157 sanctissimo,
3113 3086 3285 3157 cujus
3337 3097 3578 3154 corpus,

1925 3187 1988 3237 ut
2016 3187 2156 3254 post
2176 3183 2589 3239 Hermannum
2617 3184 3018 3243 Contractum,
3044 3177 3393 3250 scriptorem
3434 3187 3584 3227 coa-

1922 3288 2090 3343 vum,
2124 3271 2221 3328 alii
2252 3273 2482 3345 passim
2522 3270 2838 3327 chronista
2894 3267 3229 3341 perhibent,
3286 3263 3580 3327 an.-t047,

1922 3368 2064 3417 ante
2094 3378 2216 3417 non
2247 3364 2549 3431 integrum
2575 3376 2804 3416 annum
2832 3357 3127 3429 defuncti,
3152 3353 3437 3425 plurimis
3457 3351 3583 3421 glo-

1923 3450 2226 3518 riﬁcatum
2253 3451 2566 3506 miraculis
2587 3449 2885 3505 Henricus
2916 3446 3018 3500 ΙΙΙ
3036 3459 3179 3512 imp.
3199 3443 3272 3497 de
3294 3442 3585 3496 Parmen-

1921 3539 1994 3604 si,
2018 3539 2123 3593 ubi
2148 3539 2417 3608 sepultus
2459 3539 2605 3609 fuit,
2659 3537 2903 3594 civitate
2954 3534 3034 3589 ad
3086 3532 3289 3587 urbem
3342 3528 3584 3597 Spiram

1926 3626 2049 3697 (ubi
2078 3627 2379 3700 hodieque
2408 3626 2658 3696 insignis
2705 3625 2765 3681 in
2817 3624 2948 3695 ejus
3002 3623 3296 3677 honorem
3337 3615 3587 3673 ecclesia

1924 3715 2367 3789 collegiumque
2397 3715 2828 3772 canonicorum
2851 3712 3062 3783 exstat)
3096 3706 3585 3779 transferendum

1924 3821 2144 3876 magno
2173 3820 2370 3861 secum
2399 3807 2625 3865 honore
2652 3804 2887 3860 rediens
2917 3801 3172 3857 devexit.

1998 3894 2139 3948 Inde
2160 3910 2302 3949 vero
2331 3899 2500 3966 quod
2527 3896 2582 3949 S.
2617 3891 2828 3957 Guido,
2884 3886 3323 3960 Pomposianus
3370 3882 3585 3949 abbas,

1927 3980 2182 4037 Guidoni
2211 3982 2450 4038 Aretino
2476 3979 2838 4053 persuaserit
2864 3990 3109 4033 manere
3134 3974 3195 4028 in
3222 3987 3333 4027 suo
3380 3983 3588 4024 mona-

192 4082 245 4121 (ιο
267 4087 375 4143 quo
402 4090 516 4130 nos
550 4091 717 4131 nunc
745 4075 978 4132 clavem
1006 4079 1047 4134 C
1074 4081 1179 4133 aut
1204 4080 1243 4133 F
1260 4076 1428 4132 initio
1450 4075 1621 4132 linea
1649 4076 1817 4148 poni-
1851 4088 1900 4143 ι)
1931 4072 2132 4141 sterio,
2160 4077 2435 4128 auctores
2456 4070 2668 4126 Annal.
2703 4064 3034 4125 Camaldul.
3070 4069 3109 4120 t.
3142 4066 3209 4131 ll,
3240 4077 3301 4134 p.
3332 4063 3421 4122 43,
3449 4072 3590 4148 con-

190 4171 297 4215 mus
339 4162 489 4220 inter
547 4168 796 4221 cateras
829 4181 866 4222 a
906 4181 968 4222 se
998 4166 1180 4222 etiam
1233 4166 1520 4239 primum!
1547 4166 1822 4221 inventas

190 4242 365 4317 lineas,
389 4251 465 4309 de
513 4252 747 4326 quibus
801 4254 929 4327 ipse
975 4254 1144 4312 haud
1191 4255 1489 4311 immerito
1535 4253 1771 4310 dicebat
1805 4268 1818 4306 :

189 4333 384 4397 Husica
412 4344 545 4400 sine
577 4343 750 4399 lineis
780 4348 865 4399 est
893 4345 1047 4400 sicut
1085 4349 1307 4413 puteus
1357 4344 1486 4398 sine
1527 4344 1694 4413 fune.
1756 4345 1821 4396 In

187 4420 300 4494 ipsa
320 4430 495 4487 etiam
522 4431 761 4487 musica
784 4432 1140 4488 harmonica
1169 4448 1273 4487 seu
1301 4429 1675 4505 polyphonia
1722 4428 1823 4485 ali-

191 4521 454 4585 quatenus
479 4520 767 4578 duritiam
796 4521 1159 4595 diaphonia,
1193 4526 1257 4577 ut
1280 4520 1601 4585 vocabant,
1633 4534 1821 4591 quam

191 4600 240 4657 in
266 4607 566 4667 anbaldo
589 4611 952 4681 notavimus,
984 4610 1268 4666 emollivit
1288 4610 1498 4675 Guido,
1522 4616 1587 4665 ut
1605 4609 1665 4664 in
1690 4609 1821 4680 ipso

192 4705 343 4763 Opere
361 4701 600 4756 musico
626 4688 784 4768 1.111,
812 4717 864 4756 c.
898 4705 947 4769 1,
979 4716 1040 4756 n.
1074 4705 1127 4768 7,
1154 4699 1551 4772 prodidimus.

246 4784 436 4843 lirum
470 4789 628 4844 adeo
656 4788 821 4845 haud
847 4794 936 4845 est
963 4787 1127 4861 quod
1159 4787 1351 4844 Guido
1377 4787 1457 4842 ad
1484 4786 1824 4842 docendam

192 4874 457 4933 musicam
481 4882 856 4935 evocaretur.
891 4878 1178 4948 Congruit
1206 4892 1449 4950 quoque
1487 4875 1616 4947 ejus
1666 4874 1825 4930 atati

191 4963 331 5028 Quod
353 4966 430 5020 ad
463 4981 567 5023 an.
604 4971 760 5033 1023,
788 4983 912 5040 quo
947 4969 1279 5022 Hermanus
1346 4965 1677 5021 Bremensis
1729 4979 1824 5019 ar-

194 5045 587 5128 Chiepiscopus
616 5053 727 5110 fuit
752 5054 1149 5122 renuntiatus,
1166 5053 1381 5125 legitur
1404 5052 1570 5124 apud
1594 5051 1825 5107 Leibni-

191 5132 321 5192 lium
350 5142 540 5215 Scrip.
571 5159 685 5199 rer.
718 5145 995 5217 Brunsv.,
1026 5159 1087 5216 p.
1119 5145 1245 5209 745,
1277 5142 1337 5196 in
1368 5140 1660 5198 Chronico
1708 5139 1828 5196 Sla-

192 5236 400 5299 vorum,
430 5238 490 5288 et
520 5232 736 5289 iisdem
766 5233 887 5289 fere
928 5232 1128 5289 verbis
1157 5232 1218 5287 in
1266 5231 1557 5289 Chronico
1609 5228 1828 5284 Alberti

194 5312 475 5375 Stadensis
500 5321 585 5378 ita
643 5326 960 5377 narratur:
1013 5322 1381 5377 Herimanus
1437 5335 1598 5391 ergo,
1644 5319 1830 5388 parvi

191 5406 433 5468 Pendens
458 5411 660 5466 omnia
680 5426 812 5481 qua
839 5411 903 5466 in
934 5411 1277 5479 episcopatu
1334 5410 1577 5467 inrenit.
1629 5408 1827 5477 primo

194 5495 411 5559 quidem
441 5500 736 5554 musicum
768 5500 1093 5555 Guidonem
1115 5499 1398 5554 Bremam
1420 5498 1700 5563 adduxit,
1733 5511 1832 5551 cu-

189 5578 279 5643 ius
306 5585 936 5646 industriamelodiam
957 5595 1012 5645 et
1037 5590 1427 5645 claustralem
1449 5588 1831 5657 disciplinam

200 5676 467 5731 correxit.
504 5677 668 5744 Quod
696 5679 885 5735 solum
932 5693 1007 5735 ea:
1054 5679 1182 5747 ejus
1224 5692 1512 5748 prospere
1556 5677 1835 5734 successit

1926 4161 2142 4234 jiciunt
2173 4161 2505 4219 Guidonem
2534 4159 2843 4215 Aretinum
2874 4156 2934 4211 in
2962 4170 3071 4210 suo
3095 4149 3421 4224 juventutis
3442 4147 3587 4203 ﬂore

1928 4249 2312 4323 Pomposiani
2344 4248 2689 4305 monasterii
2726 4244 3054 4318 disciplina
3111 4257 3237 4298 non
3273 4238 3455 4295 fuisse
3486 4234 3590 4291 ad-

1929 4339 2155 4395 dictum
2192 4356 2207 4394 :
2238 4355 2348 4394 nec
2376 4338 2696 4393 abhorrent
2730 4335 2809 4391 ab
2838 4350 2909 4390 ea
2928 4332 3211 4406 opinione
3240 4329 3420 4385 iidem
3442 4325 3588 4381 scri-

1929 4432 2151 4501 ptores,
2183 4427 2521 4484 Guidonem’
2536 4431 2810 4481 nostrum
2832 4422 2998 4478 illum
3029 4422 3233 4493 ipsum
3264 4418 3444 4473 fuisse
3460 4430 3588 4469 mo-

1932 4517 2173 4573 nasterii
2198 4515 2466 4572 Avellani
2494 4514 2797 4583 abbatem,
2828 4512 2931 4585 qui
2959 4514 3015 4569 S.
3048 4513 3283 4566 Petrum
3316 4501 3588 4560 Uamiani

1933 4607 2012 4662 ad
2036 4605 2413 4679 disciplinam
2443 4604 2841 4660 monasticam
2867 4597 3209 4672 susceperit,
3232 4598 3411 4666 atque
3439 4590 3588 4645 forte

1932 4696 2113 4753 etiam
2139 4693 2487 4767 aliquando,
2520 4698 2741 4766 utpote,
2772 4687 3152 4747 Domnizonis
3194 4683 3256 4739 in
3302 4681 3427 4735 Vita
3475 4680 3588 4767 lita-

1932 4782 2135 4839 thildis
2188 4766 2547 4848 testimonio,
2605 4780 2935 4837 monachus
2991 4791 3097 4832 nec
3164 4788 3285 4826 non
3342 4766 3588 4824 eremita

1935 4872 2220 4938 beandus,
2247 4872 2308 4926 in
2340 4868 2782 4928 Camaldulensi
2807 4882 3008 4922 eremo
3032 4875 3241 4918 recens
3279 4858 3339 4913 in
3395 4851 3588 4928 patrio

1935 4962 2063 5017 solo
2084 4963 2322 5017 Aretino
2344 4960 2594 5015 fundata
2624 4957 2876 5014 latuerit.
2914 4955 2995 5010 lbi
3022 4968 3119 5007 an.
3184 4951 3339 5003 1033.
3397 4942 3588 4999 Guido

1929 5051 2133 5120 frater
2158 5051 2332 5105 Petri
2359 5047 2713 5104 venerabilis
2754 5044 3006 5099 cremita
3026 5039 3288 5108 iussione
3315 5031 3587 5099 dictavit,

1930 5141 2104 5210 petiit
2135 5145 2187 5194 et
2221 5137 2560 5207 impetravit
2592 5151 2628 5190 a
2657 5129 2991 5189 Theobaldo
3022 5128 3290 5197 episcopo
3316 5121 3588 5188 Aretino,

1936 5230 2036 5285 cui
2066 5227 2257 5282 Guido
2287 5226 2683 5294 Micrologum
2710 5219 3025 5284 dedicavit,
3053 5217 3428 5271 donationem
3459 5222 3591 5281 qua

1940 5318 2161 5386 legitur
2181 5315 2347 5383 apud
2374 5312 2793 5369 Mabitlonium
2824 5314 2864 5365 t.
2894 5309 2960 5361 IV
2984 5306 3209 5361 Annal.
3244 5306 3306 5357 0.
3336 5302 3393 5355 S.
3418 5300 3491 5354 Β.
3525 5313 3587 5370 p.

1938 5407 2079 5472 389;
2114 5403 2217 5459 sed
2249 5419 2408 5470 cum,
2442 5399 2688 5458 testibus
2744 5396 2978 5455 illismet
3024 5392 3330 5452 annalistis
3379 5392 3591 5446 Cama-

1937 5492 2333 5559 blulensibus,
2363 5491 2507 5547 mihi
2536 5490 2684 5546 dum
2706 5489 2965 5544 viverent
2989 5480 3387 5546 amicissimis,
3410 5477 3592 5533 etiam

1940 5583 2005 5640 in
2034 5582 2401 5639 monasterio
2424 5579 2711 5635 Avellano
2742 5578 2935 5651 rigida
2958 5576 3057 5633 illa
3100 5572 3418 5646 disciplina
3472 5570 3593 5627 fue-

1940 5676 2020 5733 rit
2046 5678 2300 5742 servata,
2328 5673 2403 5728 de
2435 5668 2877 5729 Camaldulensi
2897 5667 2982 5722 nil
3021 5665 3203 5722 statui
3230 5668 3444 5736 potest.
3471 5658 3589 5716 Aci-
