  <div class='ocr_page' id='page_1' title='image "/cluster/home/n/w/nwhite01/storage/ocr_20150623/141/hvd.32044054760012/195.png"; bbox 0 0 1990 3088; ppageno 0'>
   <div class='ocr_carea' id='block_1_1' title="bbox 161 83 214 115">
    <p class='ocr_par' dir='ltr' id='par_1_1' title="bbox 161 83 214 115">
     <span class='ocr_line' id='line_1_1' title="bbox 161 83 214 115; baseline -0.075 0"><span class='ocrx_word' id='word_1_1' title='bbox 161 83 214 115; x_wconf 78' lang='lat'>370</span> 
     </span>
    </p>
   </div>
   <div class='ocr_carea' id='block_1_2' title="bbox 853 80 1173 116">
    <p class='ocr_par' dir='ltr' id='par_1_2' title="bbox 853 80 1173 116">
     <span class='ocr_line' id='line_1_2' title="bbox 853 80 1173 116; baseline 0 -7"><span class='ocrx_word' id='word_1_2' title='bbox 853 80 1016 115; x_wconf 77' lang='lat' dir='ltr'>GUIDONIS</span> <span class='ocrx_word' id='word_1_3' title='bbox 1034 81 1173 116; x_wconf 72' lang='lat' dir='ltr'><strong>ARETINI</strong></span> 
     </span>
    </p>
   </div>
   <div class='ocr_carea' id='block_1_3' title="bbox 1816 82 1867 109">
    <p class='ocr_par' dir='ltr' id='par_1_3' title="bbox 1816 82 1867 109">
     <span class='ocr_line' id='line_1_3' title="bbox 1816 82 1867 109; baseline -0.02 0"><span class='ocrx_word' id='word_1_4' title='bbox 1816 82 1867 109; x_wconf 79' lang='lat'>380</span> 
     </span>
    </p>
   </div>
   <div class='ocr_carea' id='block_1_4' title="bbox 161 142 1867 180">
    <p class='ocr_par' dir='ltr' id='par_1_4' title="bbox 161 142 1867 180">
     <span class='ocr_line' id='line_1_4' title="bbox 161 142 1867 180; baseline -0.001 -8"><span class='ocrx_word' id='word_1_5' title='bbox 161 143 238 175; x_wconf 84' lang='lat' dir='ltr'>dunt</span> <span class='ocrx_word' id='word_1_6' title='bbox 251 143 282 175; x_wconf 88' lang='lat' dir='ltr'>in</span> <span class='ocrx_word' id='word_1_7' title='bbox 297 144 433 180; x_wconf 86' lang='lat' dir='ltr'>ejusdem</span> <span class='ocrx_word' id='word_1_8' title='bbox 447 143 579 173; x_wconf 72' lang='lat' dir='ltr'>Avellani</span> <span class='ocrx_word' id='word_1_9' title='bbox 594 143 723 173; x_wconf 77' lang='lat' dir='ltr'>ccenobii</span> <span class='ocrx_word' id='word_1_10' title='bbox 739 144 893 172; x_wconf 85' lang='lat' dir='ltr'>refectorio</span> <span class='ocrx_word' id='word_1_11' title='bbox 905 143 986 172; x_wconf 90' lang='lat' dir='ltr'>cerni</span> <span class='ocrx_word' id='word_1_12' title='bbox 1005 146 1028 172; x_wconf 84' lang='lat' dir='ltr'><strong>A</strong></span> <span class='ocrx_word' id='word_1_13' title='bbox 1043 143 1233 172; x_wconf 78' lang='lat' dir='ltr'>Hermannus</span> <span class='ocrx_word' id='word_1_14' title='bbox 1248 143 1424 172; x_wconf 75' lang='lat' dir='ltr'>Contractus</span> <span class='ocrx_word' id='word_1_15' title='bbox 1435 143 1500 178; x_wconf 87' lang='lat' dir='ltr'>ejus</span> <span class='ocrx_word' id='word_1_16' title='bbox 1516 144 1644 173; x_wconf 85' lang='lat' dir='ltr'>mortem</span> <span class='ocrx_word' id='word_1_17' title='bbox 1658 142 1752 178; x_wconf 87' lang='lat' dir='ltr'>ponit,</span> <span class='ocrx_word' id='word_1_18' title='bbox 1762 142 1867 173; x_wconf 82' lang='lat' dir='ltr'>Trithe-</span> 
     </span>
    </p>
   </div>
   <div class='ocr_carea' id='block_1_5' title="bbox 161 187 984 225">
    <p class='ocr_par' dir='ltr' id='par_1_5' title="bbox 161 187 984 225">
     <span class='ocr_line' id='line_1_5' title="bbox 161 187 984 225; baseline 0.001 -11"><span class='ocrx_word' id='word_1_19' title='bbox 161 187 310 225; x_wconf 81' lang='lat' dir='ltr'>hodieque</span> <span class='ocrx_word' id='word_1_20' title='bbox 324 187 465 216; x_wconf 86' lang='lat' dir='ltr'>Guidonis</span> <span class='ocrx_word' id='word_1_21' title='bbox 475 188 637 223; x_wconf 85' lang='lat' dir='ltr'>imaginem</span> <span class='ocrx_word' id='word_1_22' title='bbox 651 197 719 217; x_wconf 87' lang='lat' dir='ltr'>cum</span> <span class='ocrx_word' id='word_1_23' title='bbox 731 188 788 216; x_wconf 86' lang='lat' dir='ltr'>hac</span> <span class='ocrx_word' id='word_1_24' title='bbox 804 189 984 224; x_wconf 80' lang='lat' dir='ltr'>epigraphe:</span> 
     </span>
    </p>
   </div>
   <div class='ocr_carea' id='block_1_6' title="bbox 162 232 986 268">
    <p class='ocr_par' dir='ltr' id='par_1_6' title="bbox 162 232 986 268">
     <span class='ocr_line' id='line_1_6' title="bbox 162 232 986 268; baseline 0 -9"><span class='ocrx_word' id='word_1_25' title='bbox 162 232 273 260; x_wconf 84' lang='lat' dir='ltr'>Beatus</span> <span class='ocrx_word' id='word_1_26' title='bbox 286 232 380 259; x_wconf 84' lang='lat' dir='ltr'>Guido</span> <span class='ocrx_word' id='word_1_27' title='bbox 405 232 548 264; x_wconf 78' lang='lat' dir='ltr'>Aretinus</span> <span class='ocrx_word' id='word_1_28' title='bbox 573 234 711 261; x_wconf 77' lang='lat' dir='ltr'>inventor</span> <span class='ocrx_word' id='word_1_29' title='bbox 738 234 879 261; x_wconf 71' lang='lat' dir='ltr'>musicae:</span> <span class='ocrx_word' id='word_1_30' title='bbox 904 233 986 268; x_wconf 89' lang='lat' dir='ltr'>quod</span> 
     </span>
    </p>
   </div>
   <div class='ocr_carea' id='block_1_7' title="bbox 162 276 985 314">
    <p class='ocr_par' dir='ltr' id='par_1_7' title="bbox 162 276 985 314">
     <span class='ocr_line' id='line_1_7' title="bbox 162 276 985 314; baseline 0.002 -11"><span class='ocrx_word' id='word_1_31' title='bbox 162 276 291 310; x_wconf 76' lang='lat' dir='ltr'>elogium</span> <span class='ocrx_word' id='word_1_32' title='bbox 306 284 367 308; x_wconf 86' lang='lat' dir='ltr'>non</span> <span class='ocrx_word' id='word_1_33' title='bbox 380 284 441 307; x_wconf 84' lang='lat' dir='ltr'>uno</span> <span class='ocrx_word' id='word_1_34' title='bbox 465 277 549 305; x_wconf 90' lang='lat' dir='ltr'>titulo</span> <span class='ocrx_word' id='word_1_35' title='bbox 570 278 667 306; x_wconf 88' lang='lat' dir='ltr'>eidem</span> <span class='ocrx_word' id='word_1_36' title='bbox 680 286 768 314; x_wconf 87' lang='lat' dir='ltr'>posse</span> <span class='ocrx_word' id='word_1_37' title='bbox 783 278 901 312; x_wconf 82' lang='lat' dir='ltr'>ascribi,</span> <span class='ocrx_word' id='word_1_38' title='bbox 918 278 985 305; x_wconf 86' lang='lat' dir='ltr'>scri-</span> 
     </span>
    </p>
   </div>
   <div class='ocr_carea' id='block_1_8' title="bbox 161 320 697 358">
    <p class='ocr_par' dir='ltr' id='par_1_8' title="bbox 161 320 697 358">
     <span class='ocr_line' id='line_1_8' title="bbox 161 320 697 358; baseline 0.006 -10"><span class='ocrx_word' id='word_1_39' title='bbox 161 321 213 355; x_wconf 74' lang='lat' dir='ltr'>pta</span> <span class='ocrx_word' id='word_1_40' title='bbox 226 320 291 356; x_wconf 85' lang='lat' dir='ltr'>ejus</span> <span class='ocrx_word' id='word_1_41' title='bbox 306 328 373 358; x_wconf 66' lang='lat' dir='ltr'>quae</span> <span class='ocrx_word' id='word_1_42' title='bbox 389 321 506 350; x_wconf 79' lang='lat' dir='ltr'>edimus</span> <span class='ocrx_word' id='word_1_43' title='bbox 526 322 697 351; x_wconf 89' lang='lat' dir='ltr'>ostendunt.</span> 
     </span>
    </p>
   </div>
   <div class='ocr_carea' id='block_1_9' title="bbox 196 363 988 397">
    <p class='ocr_par' dir='ltr' id='par_1_9' title="bbox 196 363 988 397">
     <span class='ocr_line' id='line_1_9' title="bbox 196 363 988 397; baseline 0 -3"><span class='ocrx_word' id='word_1_44' title='bbox 196 366 222 394; x_wconf 83' lang='lat'>2.</span> <span class='ocrx_word' id='word_1_45' title='bbox 240 363 323 393; x_wconf 83' lang='lat' dir='ltr'>Brevi</span> <span class='ocrx_word' id='word_1_46' title='bbox 337 366 461 394; x_wconf 86' lang='lat' dir='ltr'>omnino</span> <span class='ocrx_word' id='word_1_47' title='bbox 476 366 617 395; x_wconf 87' lang='lat' dir='ltr'>Guidonis</span> <span class='ocrx_word' id='word_1_48' title='bbox 636 375 747 395; x_wconf 87' lang='lat' dir='ltr'>nomen</span> <span class='ocrx_word' id='word_1_49' title='bbox 771 367 801 397; x_wconf 89' lang='lat' dir='ltr'>in</span> <span class='ocrx_word' id='word_1_50' title='bbox 831 366 988 395; x_wconf 81' lang='lat' dir='ltr'>Germania</span> 
     </span>
    </p>
   </div>
   <div class='ocr_carea' id='block_1_10' title="bbox 160 408 988 450">
    <p class='ocr_par' dir='ltr' id='par_1_10' title="bbox 160 408 988 450">
     <span class='ocr_line' id='line_1_10' title="bbox 160 408 988 450; baseline 0.002 -14"><span class='ocrx_word' id='word_1_51' title='bbox 160 408 346 445; x_wconf 80' lang='lat' dir='ltr'>inclaruisse,</span> <span class='ocrx_word' id='word_1_52' title='bbox 364 410 505 439; x_wconf 89' lang='lat' dir='ltr'>Bernonis</span> <span class='ocrx_word' id='word_1_53' title='bbox 517 411 673 446; x_wconf 78' lang='lat' dir='ltr'>Augiensis</span> <span class='ocrx_word' id='word_1_54' title='bbox 688 411 807 445; x_wconf 76' lang='lat' dir='ltr'>abbatis</span> <span class='ocrx_word' id='word_1_55' title='bbox 822 412 930 450; x_wconf 86' lang='lat' dir='ltr'>scripta</span> <span class='ocrx_word' id='word_1_56' title='bbox 951 411 988 439; x_wconf 84' lang='lat' dir='ltr'>de</span> 
     </span>
    </p>
   </div>
   <div class='ocr_carea' id='block_1_11' title="bbox 160 453 988 492">
    <p class='ocr_par' dir='ltr' id='par_1_11' title="bbox 160 453 988 492">
     <span class='ocr_line' id='line_1_11' title="bbox 160 453 988 492; baseline -0.001 -9"><span class='ocrx_word' id='word_1_57' title='bbox 160 453 277 483; x_wconf 82' lang='lat' dir='ltr'>musica</span> <span class='ocrx_word' id='word_1_58' title='bbox 303 454 503 488; x_wconf 72' lang='lat' dir='ltr'>manifestam,</span> <span class='ocrx_word' id='word_1_59' title='bbox 525 456 555 483; x_wconf 85' lang='lat' dir='ltr'>in</span> <span class='ocrx_word' id='word_1_60' title='bbox 578 456 693 492; x_wconf 77' lang='lat' dir='ltr'>quibus,</span> <span class='ocrx_word' id='word_1_61' title='bbox 720 458 794 488; x_wconf 86' lang='lat' dir='ltr'>teste</span> <span class='ocrx_word' id='word_1_62' title='bbox 837 455 988 491; x_wconf 78' lang='lat' dir='ltr'>Sigeberto</span> 
     </span>
    </p>
   </div>
   <div class='ocr_carea' id='block_1_12' title="bbox 162 497 988 538">
    <p class='ocr_par' dir='ltr' id='par_1_12' title="bbox 162 497 988 538">
     <span class='ocr_line' id='line_1_12' title="bbox 162 497 988 538; baseline 0.004 -14"><span class='ocrx_word' id='word_1_63' title='bbox 162 497 379 534; x_wconf 83' lang='lat' dir='ltr'>Gemblacensi,</span> <span class='ocrx_word' id='word_1_64' title='bbox 394 500 430 528; x_wconf 84' lang='lat' dir='ltr'>de</span> <span class='ocrx_word' id='word_1_65' title='bbox 442 500 544 535; x_wconf 78' lang='lat' dir='ltr'>script.</span> <span class='ocrx_word' id='word_1_66' title='bbox 558 501 659 528; x_wconf 87' lang='lat' dir='ltr'>eccles.</span> <span class='ocrx_word' id='word_1_67' title='bbox 678 509 702 528; x_wconf 91' lang='lat' dir='ltr'>c.</span> <span class='ocrx_word' id='word_1_68' title='bbox 722 503 782 538; x_wconf 77' lang='lat'>156,</span> <span class='ocrx_word' id='word_1_69' title='bbox 798 502 904 530; x_wconf 85' lang='lat' dir='ltr'>eminet</span> <span class='ocrx_word' id='word_1_70' title='bbox 934 500 988 527; x_wconf 85' lang='lat' dir='ltr'>hoc</span> 
     </span>
    </p>
   </div>
   <div class='ocr_carea' id='block_1_13' title="bbox 160 543 990 584">
    <p class='ocr_par' dir='ltr' id='par_1_13' title="bbox 160 543 990 584">
     <span class='ocr_line' id='line_1_13' title="bbox 160 543 990 584; baseline -0.001 -11"><span class='ocrx_word' id='word_1_71' title='bbox 160 543 240 577; x_wconf 75' lang='lat' dir='ltr'>quod</span> <span class='ocrx_word' id='word_1_72' title='bbox 254 543 285 572; x_wconf 80' lang='lat' dir='ltr'>in</span> <span class='ocrx_word' id='word_1_73' title='bbox 301 547 367 571; x_wconf 87' lang='lat' dir='ltr'>arte</span> <span class='ocrx_word' id='word_1_74' title='bbox 381 545 494 575; x_wconf 83' lang='lat' dir='ltr'>musica</span> <span class='ocrx_word' id='word_1_75' title='bbox 507 546 691 583; x_wconf 72' lang='lat' dir='ltr'>prwpollens</span> <span class='ocrx_word' id='word_1_76' title='bbox 711 545 747 574; x_wconf 83' lang='lat' dir='ltr'>de</span> <span class='ocrx_word' id='word_1_77' title='bbox 771 546 884 581; x_wconf 82' lang='lat' dir='ltr'>regulis</span> <span class='ocrx_word' id='word_1_78' title='bbox 913 553 990 584; x_wconf 76' lang='lat' dir='ltr'>sym-</span> 
     </span>
    </p>
   </div>
   <div class='ocr_carea' id='block_1_14' title="bbox 156 586 991 625">
    <p class='ocr_par' dir='ltr' id='par_1_14' title="bbox 156 586 991 625">
     <span class='ocr_line' id='line_1_14' title="bbox 156 586 991 625; baseline 0.002 -11"><span class='ocrx_word' id='word_1_79' title='bbox 156 586 341 620; x_wconf 74' lang='lat' dir='ltr'>phoniarum</span> <span class='ocrx_word' id='word_1_80' title='bbox 357 591 385 616; x_wconf 83' lang='lat' dir='ltr'>et</span> <span class='ocrx_word' id='word_1_81' title='bbox 400 591 536 617; x_wconf 84' lang='lat' dir='ltr'>tonorum</span> <span class='ocrx_word' id='word_1_82' title='bbox 552 590 683 624; x_wconf 74' lang='lat' dir='ltr'>scripsit,</span> <span class='ocrx_word' id='word_1_83' title='bbox 699 592 724 617; x_wconf 84' lang='lat' dir='ltr'>et</span> <span class='ocrx_word' id='word_1_84' title='bbox 741 590 820 625; x_wconf 81' lang='lat' dir='ltr'>quod</span> <span class='ocrx_word' id='word_1_85' title='bbox 835 590 865 617; x_wconf 83' lang='lat' dir='ltr'>in</span> <span class='ocrx_word' id='word_1_86' title='bbox 876 597 991 617; x_wconf 87' lang='lat' dir='ltr'>mensu-</span> 
     </span>
    </p>
   </div>
   <div class='ocr_carea' id='block_1_15' title="bbox 161 632 989 669">
    <p class='ocr_par' dir='ltr' id='par_1_15' title="bbox 161 632 989 669">
     <span class='ocr_line' id='line_1_15' title="bbox 161 632 989 669; baseline 0.002 -11"><span class='ocrx_word' id='word_1_87' title='bbox 161 632 257 659; x_wconf 87' lang='lat' dir='ltr'>rando</span> <span class='ocrx_word' id='word_1_88' title='bbox 272 633 472 661; x_wconf 68' lang='lat' dir='ltr'>monac/tardo</span> <span class='ocrx_word' id='word_1_89' title='bbox 489 634 570 661; x_wconf 82' lang='lat' dir='ltr'>ultra</span> <span class='ocrx_word' id='word_1_90' title='bbox 585 634 719 669; x_wconf 82' lang='lat' dir='ltr'>regulam</span> <span class='ocrx_word' id='word_1_91' title='bbox 734 634 839 668; x_wconf 85' lang='lat' dir='ltr'>Boetii,</span> <span class='ocrx_word' id='word_1_92' title='bbox 867 635 918 661; x_wconf 86' lang='lat' dir='ltr'>sed</span> <span class='ocrx_word' id='word_1_93' title='bbox 944 641 989 661; x_wconf 89' lang='lat' dir='ltr'>as-</span> 
     </span>
    </p>
   </div>
   <div class='ocr_carea' id='block_1_16' title="bbox 161 676 989 712">
    <p class='ocr_par' dir='ltr' id='par_1_16' title="bbox 161 676 989 712">
     <span class='ocr_line' id='line_1_16' title="bbox 161 676 989 712; baseline 0.004 -10"><span class='ocrx_word' id='word_1_94' title='bbox 161 682 248 702; x_wconf 83' lang='lat' dir='ltr'>sensu</span> <span class='ocrx_word' id='word_1_95' title='bbox 262 676 384 703; x_wconf 88' lang='lat' dir='ltr'>minoris</span> <span class='ocrx_word' id='word_1_96' title='bbox 399 677 501 704; x_wconf 81' lang='lat' dir='ltr'>Boetio</span> <span class='ocrx_word' id='word_1_97' title='bbox 535 677 689 710; x_wconf 81' lang='lat' dir='ltr'>Guidonis,</span> <span class='ocrx_word' id='word_1_98' title='bbox 710 678 865 712; x_wconf 77' lang='lat' dir='ltr'>supposuit</span> <span class='ocrx_word' id='word_1_99' title='bbox 897 686 989 705; x_wconf 86' lang='lat' dir='ltr'>unum</span> 
     </span>
    </p>
   </div>
   <div class='ocr_carea' id='block_1_17' title="bbox 162 721 991 757">
    <p class='ocr_par' dir='ltr' id='par_1_17' title="bbox 162 721 991 757">
     <span class='ocr_line' id='line_1_17' title="bbox 162 721 991 757; baseline 0.002 -10"><span class='ocrx_word' id='word_1_100' title='bbox 162 721 263 753; x_wconf 83' lang='lat' dir='ltr'>tonum</span> <span class='ocrx_word' id='word_1_101' title='bbox 280 721 471 748; x_wconf 82' lang='lat' dir='ltr'>tetrachordo</span> <span class='ocrx_word' id='word_1_102' title='bbox 487 721 631 757; x_wconf 77' lang='lat' dir='ltr'>hypaton,</span> <span class='ocrx_word' id='word_1_103' title='bbox 649 724 674 749; x_wconf 82' lang='lat' dir='ltr'>ct</span> <span class='ocrx_word' id='word_1_104' title='bbox 686 724 791 749; x_wconf 79' lang='lat' dir='ltr'>contra</span> <span class='ocrx_word' id='word_1_105' title='bbox 800 730 886 750; x_wconf 80' lang='lat' dir='ltr'>usum</span> <span class='ocrx_word' id='word_1_106' title='bbox 899 723 991 757; x_wconf 78' lang='lat' dir='ltr'>majo-</span> 
     </span>
    </p>
   </div>
   <div class='ocr_carea' id='block_1_18' title="bbox 161 765 992 801">
    <p class='ocr_par' dir='ltr' id='par_1_18' title="bbox 161 765 992 801">
     <span class='ocr_line' id='line_1_18' title="bbox 161 765 992 801; baseline 0 -10"><span class='ocrx_word' id='word_1_107' title='bbox 161 770 229 796; x_wconf 78' lang='lat' dir='ltr'>rum</span> <span class='ocrx_word' id='word_1_108' title='bbox 240 765 271 795; x_wconf 79' lang='lat' dir='ltr'>in</span> <span class='ocrx_word' id='word_1_109' title='bbox 286 765 348 800; x_wconf 83' lang='lat' dir='ltr'>ipso</span> <span class='ocrx_word' id='word_1_110' title='bbox 365 766 556 795; x_wconf 82' lang='lat' dir='ltr'>tetrachordo</span> <span class='ocrx_word' id='word_1_111' title='bbox 569 766 693 793; x_wconf 85' lang='lat' dir='ltr'>inseruit</span> <span class='ocrx_word' id='word_1_112' title='bbox 708 766 823 793; x_wconf 81' lang='lat' dir='ltr'>utiliter</span> <span class='ocrx_word' id='word_1_113' title='bbox 833 774 992 801; x_wconf 70' lang='lat' dir='ltr'>synemme-</span> 
     </span>
    </p>
   </div>
   <div class='ocr_carea' id='block_1_19' title="bbox 1041 187 1866 223">
    <p class='ocr_par' dir='ltr' id='par_1_19' title="bbox 1041 187 1866 223">
     <span class='ocr_line' id='line_1_19' title="bbox 1041 187 1866 223; baseline 0.004 -9"><span class='ocrx_word' id='word_1_114' title='bbox 1041 187 1119 215; x_wconf 89' lang='lat' dir='ltr'>mius</span> <span class='ocrx_word' id='word_1_115' title='bbox 1136 195 1203 215; x_wconf 72' lang='lat' dir='ltr'>vero</span> <span class='ocrx_word' id='word_1_116' title='bbox 1217 187 1253 214; x_wconf 84' lang='lat' dir='ltr'>ad</span> <span class='ocrx_word' id='word_1_117' title='bbox 1268 196 1317 215; x_wconf 87' lang='lat' dir='ltr'>an.</span> <span class='ocrx_word' id='word_1_118' title='bbox 1337 189 1413 218; x_wconf 74' lang='lat'>1036,</span> <span class='ocrx_word' id='word_1_119' title='bbox 1436 187 1484 216; x_wconf 84' lang='lat' dir='ltr'>alii</span> <span class='ocrx_word' id='word_1_120' title='bbox 1512 187 1643 223; x_wconf 82' lang='lat' dir='ltr'>denique</span> <span class='ocrx_word' id='word_1_121' title='bbox 1667 187 1706 216; x_wconf 89' lang='lat' dir='ltr'>ad</span> <span class='ocrx_word' id='word_1_122' title='bbox 1731 195 1780 215; x_wconf 87' lang='lat' dir='ltr'>an.</span> <span class='ocrx_word' id='word_1_123' title='bbox 1803 189 1866 217; x_wconf 74' lang='grc'>1035</span> 
     </span>
    </p>
   </div>
   <div class='ocr_carea' id='block_1_20' title="bbox 1040 231 1868 270">
    <p class='ocr_par' dir='ltr' id='par_1_20' title="bbox 1040 231 1868 270">
     <span class='ocr_line' id='line_1_20' title="bbox 1040 231 1868 270; baseline -0.001 -11"><span class='ocrx_word' id='word_1_124' title='bbox 1040 234 1199 268; x_wconf 88' lang='lat' dir='ltr'>reponunt.</span> <span class='ocrx_word' id='word_1_125' title='bbox 1216 232 1297 260; x_wconf 85' lang='lat' dir='ltr'>Unde</span> <span class='ocrx_word' id='word_1_126' title='bbox 1312 240 1375 263; x_wconf 87' lang='lat' dir='ltr'>rem</span> <span class='ocrx_word' id='word_1_127' title='bbox 1391 240 1409 260; x_wconf 84' lang='lat' dir='ltr'>a</span> <span class='ocrx_word' id='word_1_128' title='bbox 1424 231 1557 260; x_wconf 82' lang='lat' dir='ltr'>Guidone</span> <span class='ocrx_word' id='word_1_129' title='bbox 1587 232 1653 270; x_wconf 87' lang='lat' dir='ltr'>ipso</span> <span class='ocrx_word' id='word_1_130' title='bbox 1674 231 1794 265; x_wconf 72' lang='lat' dir='ltr'>haurire</span> <span class='ocrx_word' id='word_1_131' title='bbox 1819 239 1868 268; x_wconf 83' lang='lat' dir='ltr'>po-</span> 
     </span>
    </p>
   </div>
   <div class='ocr_carea' id='block_1_21' title="bbox 1041 275 1867 313">
    <p class='ocr_par' dir='ltr' id='par_1_21' title="bbox 1041 275 1867 313">
     <span class='ocr_line' id='line_1_21' title="bbox 1041 275 1867 313; baseline -0.001 -9"><span class='ocrx_word' id='word_1_132' title='bbox 1041 276 1095 304; x_wconf 91' lang='lat' dir='ltr'>tuit</span> <span class='ocrx_word' id='word_1_133' title='bbox 1107 278 1211 312; x_wconf 80' lang='lat' dir='ltr'>Berno,</span> <span class='ocrx_word' id='word_1_134' title='bbox 1225 277 1276 313; x_wconf 87' lang='lat' dir='ltr'>qui</span> <span class='ocrx_word' id='word_1_135' title='bbox 1292 284 1449 313; x_wconf 81' lang='lat' dir='ltr'>nunquam</span> <span class='ocrx_word' id='word_1_136' title='bbox 1466 284 1520 304; x_wconf 85' lang='lat' dir='ltr'>sua</span> <span class='ocrx_word' id='word_1_137' title='bbox 1533 276 1596 303; x_wconf 74' lang='lat' dir='ltr'>luec</span> <span class='ocrx_word' id='word_1_138' title='bbox 1612 276 1733 303; x_wconf 84' lang='lat' dir='ltr'>inventa</span> <span class='ocrx_word' id='word_1_139' title='bbox 1747 283 1812 304; x_wconf 86' lang='lat' dir='ltr'>esse</span> <span class='ocrx_word' id='word_1_140' title='bbox 1827 275 1867 303; x_wconf 87' lang='lat' dir='ltr'>di-</span> 
     </span>
    </p>
   </div>
   <div class='ocr_carea' id='block_1_22' title="bbox 1042 320 1869 355">
    <p class='ocr_par' dir='ltr' id='par_1_22' title="bbox 1042 320 1869 355">
     <span class='ocr_line' id='line_1_22' title="bbox 1042 320 1869 355; baseline 0 -7"><span class='ocrx_word' id='word_1_141' title='bbox 1042 321 1089 355; x_wconf 89' lang='lat' dir='ltr'>cit,</span> <span class='ocrx_word' id='word_1_142' title='bbox 1111 321 1173 349; x_wconf 88' lang='lat' dir='ltr'>imo</span> <span class='ocrx_word' id='word_1_143' title='bbox 1198 321 1234 349; x_wconf 89' lang='lat' dir='ltr'>de</span> <span class='ocrx_word' id='word_1_144' title='bbox 1257 322 1384 349; x_wconf 85' lang='lat' dir='ltr'>Gamma</span> <span class='ocrx_word' id='word_1_145' title='bbox 1409 322 1509 349; x_wconf 77' lang='lat' dir='ltr'>Graeco</span> <span class='ocrx_word' id='word_1_146' title='bbox 1536 320 1743 349; x_wconf 86' lang='lat' dir='ltr'>monochordo</span> <span class='ocrx_word' id='word_1_147' title='bbox 1768 320 1869 352; x_wconf 72' lang='lat' dir='ltr'>addito</span> 
     </span>
    </p>
   </div>
   <div class='ocr_carea' id='block_1_23' title="bbox 1041 364 1869 398">
    <p class='ocr_par' dir='ltr' id='par_1_23' title="bbox 1041 364 1869 398">
     <span class='ocr_line' id='line_1_23' title="bbox 1041 364 1869 398; baseline -0.002 -5"><span class='ocrx_word' id='word_1_148' title='bbox 1041 365 1224 393; x_wconf 82' lang='lat' dir='ltr'>mentionem</span> <span class='ocrx_word' id='word_1_149' title='bbox 1238 365 1359 398; x_wconf 79' lang='lat' dir='ltr'>faciens,</span> <span class='ocrx_word' id='word_1_150' title='bbox 1376 365 1448 393; x_wconf 89' lang='lat' dir='ltr'>illud</span> <span class='ocrx_word' id='word_1_151' title='bbox 1461 373 1479 392; x_wconf 85' lang='lat' dir='ltr'>a</span> <span class='ocrx_word' id='word_1_152' title='bbox 1494 365 1646 393; x_wconf 78' lang='lat' dir='ltr'>modernis</span> <span class='ocrx_word' id='word_1_153' title='bbox 1654 364 1790 392; x_wconf 87' lang='lat' dir='ltr'>additum</span> <span class='ocrx_word' id='word_1_154' title='bbox 1807 372 1869 392; x_wconf 83' lang='lat' dir='ltr'>esse</span> 
     </span>
    </p>
   </div>
   <div class='ocr_carea' id='block_1_24' title="bbox 1042 404 1871 447">
    <p class='ocr_par' dir='ltr' id='par_1_24' title="bbox 1042 404 1871 447">
     <span class='ocr_line' id='line_1_24' title="bbox 1042 404 1871 447; baseline -0.001 -10"><span class='ocrx_word' id='word_1_155' title='bbox 1042 410 1177 447; x_wconf 80' lang='lat' dir='ltr'>perhibet</span> <span class='ocrx_word' id='word_1_156' title='bbox 1190 418 1249 437; x_wconf 89' lang='lat' dir='ltr'>non</span> <span class='ocrx_word' id='word_1_157' title='bbox 1261 404 1353 438; x_wconf 82' lang='lat' dir='ltr'>semel</span> <span class='ocrx_word' id='word_1_158' title='bbox 1369 418 1403 438; x_wconf 91' lang='lat' dir='ltr'>eo</span> <span class='ocrx_word' id='word_1_159' title='bbox 1415 410 1481 446; x_wconf 89' lang='lat' dir='ltr'>ipso</span> <span class='ocrx_word' id='word_1_160' title='bbox 1491 410 1522 438; x_wconf 91' lang='lat' dir='ltr'>in</span> <span class='ocrx_word' id='word_1_161' title='bbox 1532 409 1657 445; x_wconf 79' lang='lat' dir='ltr'>prologo</span> <span class='ocrx_word' id='word_1_162' title='bbox 1674 417 1726 437; x_wconf 88' lang='lat' dir='ltr'>seu</span> <span class='ocrx_word' id='word_1_163' title='bbox 1737 409 1813 436; x_wconf 89' lang='lat' dir='ltr'>libro</span> <span class='ocrx_word' id='word_1_164' title='bbox 1834 409 1871 438; x_wconf 79' lang='lat' dir='ltr'>de</span> 
     </span>
    </p>
   </div>
   <div class='ocr_carea' id='block_1_25' title="bbox 1043 453 1870 491">
    <p class='ocr_par' dir='ltr' id='par_1_25' title="bbox 1043 453 1870 491">
     <span class='ocr_line' id='line_1_25' title="bbox 1043 453 1870 491; baseline -0.004 -8"><span class='ocrx_word' id='word_1_165' title='bbox 1043 455 1155 491; x_wconf 85' lang='lat' dir='ltr'>regulis</span> <span class='ocrx_word' id='word_1_166' title='bbox 1169 455 1416 489; x_wconf 78' lang='lat' dir='ltr'>symphoniarum</span> <span class='ocrx_word' id='word_1_167' title='bbox 1433 458 1460 483; x_wconf 86' lang='lat' dir='ltr'>et</span> <span class='ocrx_word' id='word_1_168' title='bbox 1477 457 1627 489; x_wconf 81' lang='lat' dir='ltr'>tonorum,</span> <span class='ocrx_word' id='word_1_169' title='bbox 1642 456 1674 481; x_wconf 87' lang='lat' dir='ltr'>ut</span> <span class='ocrx_word' id='word_1_170' title='bbox 1703 453 1870 489; x_wconf 84' lang='lat' dir='ltr'>Sigebertus</span> 
     </span>
    </p>
   </div>
   <div class='ocr_carea' id='block_1_26' title="bbox 1043 498 1871 536">
    <p class='ocr_par' dir='ltr' id='par_1_26' title="bbox 1043 498 1871 536">
     <span class='ocr_line' id='line_1_26' title="bbox 1043 498 1871 536; baseline -0.002 -9"><span class='ocrx_word' id='word_1_171' title='bbox 1043 499 1182 536; x_wconf 80' lang='lat' dir='ltr'>appellat,</span> <span class='ocrx_word' id='word_1_172' title='bbox 1200 499 1370 527; x_wconf 88' lang='lat' dir='ltr'>Mellicensis</span> <span class='ocrx_word' id='word_1_173' title='bbox 1386 502 1485 527; x_wconf 88' lang='lat' dir='ltr'>autem</span> <span class='ocrx_word' id='word_1_174' title='bbox 1501 507 1675 536; x_wconf 84' lang='lat' dir='ltr'>anonymus</span> <span class='ocrx_word' id='word_1_175' title='bbox 1701 498 1871 535; x_wconf 85' lang='lat' dir='ltr'>simpliciter</span> 
     </span>
    </p>
   </div>
   <div class='ocr_carea' id='block_1_27' title="bbox 1044 542 1871 580">
    <p class='ocr_par' dir='ltr' id='par_1_27' title="bbox 1044 542 1871 580">
     <span class='ocr_line' id='line_1_27' title="bbox 1044 542 1871 580; baseline -0.004 -8"><span class='ocrx_word' id='word_1_176' title='bbox 1044 545 1079 572; x_wconf 87' lang='lat' dir='ltr'>de</span> <span class='ocrx_word' id='word_1_177' title='bbox 1093 545 1206 572; x_wconf 83' lang='lat' dir='ltr'>musica</span> <span class='ocrx_word' id='word_1_178' title='bbox 1222 552 1294 578; x_wconf 83' lang='lat' dir='ltr'>opus</span> <span class='ocrx_word' id='word_1_179' title='bbox 1325 545 1615 580; x_wconf 61' lang='lat' dir='ltr'>prwstmitissimum,</span> <span class='ocrx_word' id='word_1_180' title='bbox 1640 546 1669 570; x_wconf 88' lang='lat' dir='ltr'>et</span> <span class='ocrx_word' id='word_1_181' title='bbox 1697 542 1871 576; x_wconf 79' lang='lat' dir='ltr'>Trithemius</span> 
     </span>
    </p>
   </div>
   <div class='ocr_carea' id='block_1_28' title="bbox 1044 588 1872 628">
    <p class='ocr_par' dir='ltr' id='par_1_28' title="bbox 1044 588 1872 628">
     <span class='ocr_line' id='line_1_28' title="bbox 1044 588 1872 628; baseline -0.004 -12"><span class='ocrx_word' id='word_1_182' title='bbox 1044 588 1082 616; x_wconf 89' lang='lat' dir='ltr'>ad</span> <span class='ocrx_word' id='word_1_183' title='bbox 1099 596 1213 617; x_wconf 87' lang='lat' dir='ltr'>annum</span> <span class='ocrx_word' id='word_1_184' title='bbox 1231 590 1297 616; x_wconf 87' lang='grc'>1018</span> <span class='ocrx_word' id='word_1_185' title='bbox 1315 588 1422 618; x_wconf 87' lang='lat' dir='ltr'>Chron.</span> <span class='ocrx_word' id='word_1_186' title='bbox 1454 588 1540 621; x_wconf 83' lang='lat' dir='ltr'>Hirs.,</span> <span class='ocrx_word' id='word_1_187' title='bbox 1567 589 1683 628; x_wconf 69' lang='lat' dir='ltr'>insigne</span> <span class='ocrx_word' id='word_1_188' title='bbox 1712 588 1849 615; x_wconf 78' lang='lat' dir='ltr'>volumen</span> <span class='ocrx_word' id='word_1_189' title='bbox 1861 593 1872 621; x_wconf 88' lang='lat'>,&#39;</span> 
     </span>
    </p>
   </div>
   <div class='ocr_carea' id='block_1_29' title="bbox 1045 632 1874 669">
    <p class='ocr_par' dir='ltr' id='par_1_29' title="bbox 1045 632 1874 669">
     <span class='ocr_line' id='line_1_29' title="bbox 1045 632 1874 669; baseline -0.004 -8"><span class='ocrx_word' id='word_1_190' title='bbox 1045 633 1186 669; x_wconf 84' lang='lat' dir='ltr'>additque</span> <span class='ocrx_word' id='word_1_191' title='bbox 1203 633 1266 668; x_wconf 87' lang='lat' dir='ltr'>ejus</span> <span class='ocrx_word' id='word_1_192' title='bbox 1281 633 1390 663; x_wconf 76' lang='lat' dir='ltr'>librum</span> <span class='ocrx_word' id='word_1_193' title='bbox 1409 641 1499 660; x_wconf 87' lang='lat' dir='ltr'>unum</span> <span class='ocrx_word' id='word_1_194' title='bbox 1516 633 1550 660; x_wconf 79' lang='lat' dir='ltr'>de</span> <span class='ocrx_word' id='word_1_195' title='bbox 1566 632 1770 661; x_wconf 75' lang='lat' dir='ltr'>instrumentis</span> <span class='ocrx_word' id='word_1_196' title='bbox 1786 632 1874 660; x_wconf 83' lang='lat' dir='ltr'>musi-</span> 
     </span>
    </p>
   </div>
   <div class='ocr_carea' id='block_1_30' title="bbox 1045 676 1873 716">
    <p class='ocr_par' dir='ltr' id='par_1_30' title="bbox 1045 676 1873 716">
     <span class='ocr_line' id='line_1_30' title="bbox 1045 676 1873 716; baseline -0.004 -10"><span class='ocrx_word' id='word_1_197' title='bbox 1045 679 1095 712; x_wconf 82' lang='lat' dir='ltr'>cis,</span> <span class='ocrx_word' id='word_1_198' title='bbox 1105 686 1196 716; x_wconf 86' lang='lat' dir='ltr'>quem</span> <span class='ocrx_word' id='word_1_199' title='bbox 1210 678 1308 706; x_wconf 89' lang='lat' dir='ltr'>videre</span> <span class='ocrx_word' id='word_1_200' title='bbox 1324 678 1405 706; x_wconf 82' lang='lat' dir='ltr'>haud</span> <span class='ocrx_word' id='word_1_201' title='bbox 1418 678 1507 707; x_wconf 85' lang='lat' dir='ltr'>licuit.</span> <span class='ocrx_word' id='word_1_202' title='bbox 1526 677 1583 705; x_wconf 76' lang='lat' dir='ltr'>Nisi</span> <span class='ocrx_word' id='word_1_203' title='bbox 1611 677 1684 706; x_wconf 86' lang='lat' dir='ltr'>forte</span> <span class='ocrx_word' id='word_1_204' title='bbox 1706 677 1765 706; x_wconf 85' lang='lat' dir='ltr'>huc</span> <span class='ocrx_word' id='word_1_205' title='bbox 1787 676 1873 714; x_wconf 86' lang='lat' dir='ltr'>perti-</span> 
     </span>
    </p>
   </div>
   <div class='ocr_carea' id='block_1_31' title="bbox 1045 720 1873 758">
    <p class='ocr_par' dir='ltr' id='par_1_31' title="bbox 1045 720 1873 758">
     <span class='ocr_line' id='line_1_31' title="bbox 1045 720 1873 758; baseline -0.002 -8"><span class='ocrx_word' id='word_1_206' title='bbox 1045 725 1137 750; x_wconf 84' lang='lat' dir='ltr'>neant</span> <span class='ocrx_word' id='word_1_207' title='bbox 1157 730 1225 758; x_wconf 76' lang='lat' dir='ltr'>qum</span> <span class='ocrx_word' id='word_1_208' title='bbox 1251 722 1281 749; x_wconf 91' lang='lat' dir='ltr'>in</span> <span class='ocrx_word' id='word_1_209' title='bbox 1312 721 1413 749; x_wconf 86' lang='lat' dir='ltr'>codice</span> <span class='ocrx_word' id='word_1_210' title='bbox 1442 722 1514 749; x_wconf 85' lang='lat' dir='ltr'>hibl.</span> <span class='ocrx_word' id='word_1_211' title='bbox 1532 723 1639 750; x_wconf 64' lang='lat' dir='ltr'>Caesar.</span> <span class='ocrx_word' id='word_1_212' title='bbox 1657 721 1796 753; x_wconf 79' lang='lat' dir='ltr'>Vindob.,</span> <span class='ocrx_word' id='word_1_213' title='bbox 1821 720 1873 757; x_wconf 76' lang='lat' dir='ltr'>qui</span> 
     </span>
    </p>
   </div>
   <div class='ocr_carea' id='block_1_32' title="bbox 1046 765 1874 804">
    <p class='ocr_par' dir='ltr' id='par_1_32' title="bbox 1046 765 1874 804">
     <span class='ocr_line' id='line_1_32' title="bbox 1046 765 1874 804; baseline -0.004 -9"><span class='ocrx_word' id='word_1_214' title='bbox 1046 775 1142 804; x_wconf 87' lang='lat' dir='ltr'>nuper</span> <span class='ocrx_word' id='word_1_215' title='bbox 1155 775 1190 794; x_wconf 82' lang='lat' dir='ltr'>ex</span> <span class='ocrx_word' id='word_1_216' title='bbox 1204 767 1385 797; x_wconf 80' lang='lat' dir='ltr'>bibliotheca</span> <span class='ocrx_word' id='word_1_217' title='bbox 1399 766 1492 794; x_wconf 84' lang='lat' dir='ltr'>civica</span> <span class='ocrx_word' id='word_1_218' title='bbox 1507 774 1542 794; x_wconf 90' lang='lat' dir='ltr'>eo</span> <span class='ocrx_word' id='word_1_219' title='bbox 1553 766 1607 801; x_wconf 69' lang='lat' dir='ltr'>fuit</span> <span class='ocrx_word' id='word_1_220' title='bbox 1621 765 1792 798; x_wconf 81' lang='lat' dir='ltr'>translatus,</span> <span class='ocrx_word' id='word_1_221' title='bbox 1804 767 1874 802; x_wconf 86' lang='lat' dir='ltr'>post</span> 
     </span>
    </p>
   </div>
   <div class='ocr_carea' id='block_1_33' title="bbox 160 809 1872 849">
    <p class='ocr_par' dir='ltr' id='par_1_33' title="bbox 160 809 1872 849">
     <span class='ocr_line' id='line_1_33' title="bbox 160 809 1872 849; baseline 0.001 -15"><span class='ocrx_word' id='word_1_222' title='bbox 160 815 231 835; x_wconf 84' lang='lat' dir='ltr'>non.</span> <span class='ocrx_word' id='word_1_223' title='bbox 248 809 416 845; x_wconf 84' lang='lat' dir='ltr'>Conspicua</span> <span class='ocrx_word' id='word_1_224' title='bbox 431 809 494 837; x_wconf 76' lang='lat' dir='ltr'>haec</span> <span class='ocrx_word' id='word_1_225' title='bbox 509 810 675 837; x_wconf 86' lang='lat' dir='ltr'>redduntur</span> <span class='ocrx_word' id='word_1_226' title='bbox 690 818 725 837; x_wconf 72' lang='lat' dir='ltr'>ex</span> <span class='ocrx_word' id='word_1_227' title='bbox 741 810 865 849; x_wconf 78' lang='lat' dir='ltr'>prologo</span> <span class='ocrx_word' id='word_1_228' title='bbox 883 811 991 840; x_wconf 85' lang='lat' dir='ltr'>Berno-</span> <span class='ocrx_word' id='word_1_229' title='bbox 1011 823 1031 849; x_wconf 80' lang='grc' dir='ltr'><strong>Β</strong></span> <span class='ocrx_word' id='word_1_230' title='bbox 1046 811 1205 848; x_wconf 83' lang='lat' dir='ltr'>prologum</span> <span class='ocrx_word' id='word_1_231' title='bbox 1221 819 1273 838; x_wconf 91' lang='lat' dir='ltr'>seu</span> <span class='ocrx_word' id='word_1_232' title='bbox 1288 811 1398 839; x_wconf 87' lang='lat' dir='ltr'>librum</span> <span class='ocrx_word' id='word_1_233' title='bbox 1413 810 1545 846; x_wconf 88' lang='lat' dir='ltr'>primum</span> <span class='ocrx_word' id='word_1_234' title='bbox 1559 810 1732 845; x_wconf 82' lang='lat' dir='ltr'>regularum</span> <span class='ocrx_word' id='word_1_235' title='bbox 1749 817 1872 840; x_wconf 66' lang='lat' dir='ltr'>vcnera—</span> 
     </span>
    </p>
   </div>
   <div class='ocr_carea' id='block_1_34' title="bbox 162 852 988 890">
    <p class='ocr_par' dir='ltr' id='par_1_34' title="bbox 162 852 988 890">
     <span class='ocr_line' id='line_1_34' title="bbox 162 852 988 890; baseline 0.004 -10"><span class='ocrx_word' id='word_1_236' title='bbox 162 852 208 880; x_wconf 91' lang='lat' dir='ltr'>nis</span> <span class='ocrx_word' id='word_1_237' title='bbox 221 853 251 883; x_wconf 89' lang='lat' dir='ltr'>in</span> <span class='ocrx_word' id='word_1_238' title='bbox 268 854 417 883; x_wconf 88' lang='lat' dir='ltr'>tonarium</span> <span class='ocrx_word' id='word_1_239' title='bbox 432 854 469 882; x_wconf 87' lang='lat' dir='ltr'>ad</span> <span class='ocrx_word' id='word_1_240' title='bbox 492 854 673 890; x_wconf 81' lang='lat' dir='ltr'>Piligrinum,</span> <span class='ocrx_word' id='word_1_241' title='bbox 703 854 909 883; x_wconf 82' lang='lat' dir='ltr'>Coloniensem</span> <span class='ocrx_word' id='word_1_242' title='bbox 942 863 988 883; x_wconf 88' lang='lat' dir='ltr'>ar-</span> 
     </span>
    </p>
   </div>
   <div class='ocr_carea' id='block_1_35' title="bbox 162 897 989 934">
    <p class='ocr_par' dir='ltr' id='par_1_35' title="bbox 162 897 989 934">
     <span class='ocr_line' id='line_1_35' title="bbox 162 897 989 934; baseline 0.004 -10"><span class='ocrx_word' id='word_1_243' title='bbox 162 897 387 934; x_wconf 89' lang='lat' dir='ltr'>chiepiscopum</span> <span class='ocrx_word' id='word_1_244' title='bbox 403 899 442 926; x_wconf 87' lang='lat' dir='ltr'>ab</span> <span class='ocrx_word' id='word_1_245' title='bbox 458 907 506 928; x_wconf 81' lang='lat' dir='ltr'>an.</span> <span class='ocrx_word' id='word_1_246' title='bbox 525 901 603 934; x_wconf 78' lang='grc'>1020,</span> <span class='ocrx_word' id='word_1_247' title='bbox 624 899 710 934; x_wconf 78' lang='lat' dir='ltr'>juxta</span> <span class='ocrx_word' id='word_1_248' title='bbox 736 900 929 928; x_wconf 86' lang='lat' dir='ltr'>Trithemium</span> <span class='ocrx_word' id='word_1_249' title='bbox 959 900 989 931; x_wconf 89' lang='lat' dir='ltr'>in</span> 
     </span>
    </p>
   </div>
   <div class='ocr_carea' id='block_1_36' title="bbox 161 941 990 980">
    <p class='ocr_par' dir='ltr' id='par_1_36' title="bbox 161 941 990 980">
     <span class='ocr_line' id='line_1_36' title="bbox 161 941 990 980; baseline 0.004 -12"><span class='ocrx_word' id='word_1_250' title='bbox 161 941 266 969; x_wconf 81' lang='lat' dir='ltr'>Annal.</span> <span class='ocrx_word' id='word_1_251' title='bbox 280 942 355 970; x_wconf 89' lang='lat' dir='ltr'>Hirs.</span> <span class='ocrx_word' id='word_1_252' title='bbox 372 942 410 970; x_wconf 88' lang='lat' dir='ltr'>ad</span> <span class='ocrx_word' id='word_1_253' title='bbox 421 943 451 970; x_wconf 93' lang='lat' dir='ltr'>h.</span> <span class='ocrx_word' id='word_1_254' title='bbox 469 951 507 976; x_wconf 86' lang='lat' dir='ltr'>a.,</span> <span class='ocrx_word' id='word_1_255' title='bbox 523 952 617 979; x_wconf 90' lang='lat' dir='ltr'>usque</span> <span class='ocrx_word' id='word_1_256' title='bbox 632 943 671 971; x_wconf 89' lang='lat' dir='ltr'>ad</span> <span class='ocrx_word' id='word_1_257' title='bbox 687 951 736 971; x_wconf 88' lang='lat' dir='ltr'>an.</span> <span class='ocrx_word' id='word_1_258' title='bbox 755 945 832 977; x_wconf 76' lang='grc'>1034,</span> <span class='ocrx_word' id='word_1_259' title='bbox 847 944 886 971; x_wconf 85' lang='lat' dir='ltr'>ad</span> <span class='ocrx_word' id='word_1_260' title='bbox 898 952 990 980; x_wconf 89' lang='lat' dir='ltr'>quem</span> 
     </span>
    </p>
   </div>
   <div class='ocr_carea' id='block_1_37' title="bbox 1044 853 1873 885">
    <p class='ocr_par' dir='ltr' id='par_1_37' title="bbox 1044 853 1873 885">
     <span class='ocr_line' id='line_1_37' title="bbox 1044 853 1873 885; baseline -0.004 -1"><span class='ocrx_word' id='word_1_261' title='bbox 1044 857 1110 884; x_wconf 83' lang='lat' dir='ltr'>bilis</span> <span class='ocrx_word' id='word_1_262' title='bbox 1119 857 1209 884; x_wconf 87' lang='lat' dir='ltr'>Bern.</span> <span class='ocrx_word' id='word_1_263' title='bbox 1222 856 1338 885; x_wconf 80' lang='lat' dir='ltr'>abbatis</span> <span class='ocrx_word' id='word_1_264' title='bbox 1354 856 1384 884; x_wconf 87' lang='lat' dir='ltr'>in</span> <span class='ocrx_word' id='word_1_265' title='bbox 1401 858 1495 883; x_wconf 80' lang='lat' dir='ltr'>artem</span> <span class='ocrx_word' id='word_1_266' title='bbox 1511 856 1663 885; x_wconf 82' lang='lat' dir='ltr'>musicam.</span> <span class='ocrx_word' id='word_1_267' title='bbox 1681 856 1750 882; x_wconf 77' lang='lat' dir='ltr'>ante</span> <span class='ocrx_word' id='word_1_268' title='bbox 1775 853 1873 882; x_wconf 82' lang='lat' dir='ltr'>tonale</span> 
     </span>
    </p>
   </div>
   <div class='ocr_carea' id='block_1_38' title="bbox 1044 898 1872 935">
    <p class='ocr_par' dir='ltr' id='par_1_38' title="bbox 1044 898 1872 935">
     <span class='ocr_line' id='line_1_38' title="bbox 1044 898 1872 935; baseline -0.001 -9"><span class='ocrx_word' id='word_1_269' title='bbox 1044 899 1262 930; x_wconf 86' lang='lat' dir='ltr'>interseruntur</span> <span class='ocrx_word' id='word_1_270' title='bbox 1272 899 1309 926; x_wconf 88' lang='lat' dir='ltr'>de</span> <span class='ocrx_word' id='word_1_271' title='bbox 1325 907 1466 927; x_wconf 83' lang='lat' dir='ltr'>mensura</span> <span class='ocrx_word' id='word_1_272' title='bbox 1493 900 1679 935; x_wconf 84' lang='lat' dir='ltr'>ﬁseularum,</span> <span class='ocrx_word' id='word_1_273' title='bbox 1697 898 1872 934; x_wconf 79' lang='lat' dir='ltr'>organistri,</span> 
     </span>
    </p>
   </div>
   <div class='ocr_carea' id='block_1_39' title="bbox 1040 944 1488 979">
    <p class='ocr_par' dir='ltr' id='par_1_39' title="bbox 1040 944 1488 979">
     <span class='ocr_line' id='line_1_39' title="bbox 1040 944 1488 979; baseline 0.002 -8"><span class='ocrx_word' id='word_1_274' title='bbox 1040 944 1258 978; x_wconf 79' lang='lat' dir='ltr'>ponderatione</span> <span class='ocrx_word' id='word_1_275' title='bbox 1273 944 1413 979; x_wconf 81' lang='lat' dir='ltr'>cymbali,</span> <span class='ocrx_word' id='word_1_276' title='bbox 1434 946 1488 972; x_wconf 88' lang='lat' dir='ltr'>etc.</span> 
     </span>
    </p>
   </div>
   <div class='ocr_carea' id='block_1_40' title="bbox 595 1052 1438 1120">
    <p class='ocr_par' dir='ltr' id='par_1_40' title="bbox 595 1052 1438 1120">
     <span class='ocr_line' id='line_1_40' title="bbox 595 1052 1438 1120; baseline -0.001 -9"><span class='ocrx_word' id='word_1_277' title='bbox 595 1052 1025 1120; x_wconf 81' lang='lat' dir='ltr'>GUIDONIS</span> <span class='ocrx_word' id='word_1_278' title='bbox 1060 1053 1438 1119; x_wconf 76' lang='lat' dir='ltr'>ARE&#39;I&#39;INI</span> 
     </span>
    </p>
   </div>
   <div class='ocr_carea' id='block_1_41' title="bbox 702 1144 1323 1213">
    <p class='ocr_par' dir='ltr' id='par_1_41' title="bbox 702 1144 1323 1213">
     <span class='ocr_line' id='line_1_41' title="bbox 702 1144 1323 1213; baseline 0 -1"><span class='ocrx_word' id='word_1_279' title='bbox 702 1145 982 1213; x_wconf 77' lang='lat' dir='ltr'>OPUSGULA</span> <span class='ocrx_word' id='word_1_280' title='bbox 1008 1144 1075 1212; x_wconf 84' lang='lat' dir='ltr'>DE</span> <span class='ocrx_word' id='word_1_281' title='bbox 1108 1145 1323 1212; x_wconf 78' lang='lat' dir='ltr'>MUSIGA.</span> 
     </span>
    </p>
   </div>
   <div class='ocr_carea' id='block_1_42' title="bbox 552 1233 1477 1269">
    <p class='ocr_par' dir='ltr' id='par_1_42' title="bbox 552 1233 1477 1269">
     <span class='ocr_line' id='line_1_42' title="bbox 552 1233 1477 1269; baseline 0.001 -9"><span class='ocrx_word' id='word_1_282' title='bbox 552 1233 597 1268; x_wconf 89' lang='lat' dir='ltr'>(D.</span> <span class='ocrx_word' id='word_1_283' title='bbox 619 1233 790 1267; x_wconf 70' lang='lat' dir='ltr'>Gznssnrus,</span> <span class='ocrx_word' id='word_1_284' title='bbox 811 1233 978 1268; x_wconf 79' lang='lat' dir='ltr'>Scriptores</span> <span class='ocrx_word' id='word_1_285' title='bbox 997 1233 1162 1261; x_wconf 80' lang='lat' dir='ltr'>ecclesiasti</span> <span class='ocrx_word' id='word_1_286' title='bbox 1186 1233 1223 1261; x_wconf 84' lang='lat' dir='ltr'>de</span> <span class='ocrx_word' id='word_1_287' title='bbox 1242 1233 1366 1268; x_wconf 82' lang='lat' dir='ltr'>musica,</span> <span class='ocrx_word' id='word_1_288' title='bbox 1388 1235 1421 1267; x_wconf 90' lang='lat' dir='ltr'>II,</span> <span class='ocrx_word' id='word_1_289' title='bbox 1442 1234 1477 1269; x_wconf 88' lang='grc'>1.)</span> 
     </span>
    </p>
   </div>
   <div class='ocr_carea' id='block_1_43' title="bbox 848 1352 1176 1398">
    <p class='ocr_par' dir='ltr' id='par_1_43' title="bbox 848 1352 1176 1398">
     <span class='ocr_line' id='line_1_43' title="bbox 848 1352 1176 1398; baseline 0.003 -3"><span class='ocrx_word' id='word_1_290' title='bbox 848 1352 1176 1398; x_wconf 88' lang='lat' dir='ltr'>MONITUM.</span> 
     </span>
    </p>
   </div>
   <div class='ocr_carea' id='block_1_44' title="bbox 198 1440 1871 1482">
    <p class='ocr_par' dir='ltr' id='par_1_44' title="bbox 198 1440 1871 1482">
     <span class='ocr_line' id='line_1_44' title="bbox 198 1440 1871 1482; baseline 0.001 -14"><span class='ocrx_word' id='word_1_291' title='bbox 198 1440 453 1482; x_wconf 66' lang='lat' dir='ltr'>Celebratissimus</span> <span class='ocrx_word' id='word_1_292' title='bbox 469 1441 671 1482; x_wconf 44' lang='lat' dir='ltr'>est‘Guidmzjs</span> <span class='ocrx_word' id='word_1_293' title='bbox 683 1442 865 1482; x_wconf 57' lang='lat' dir='ltr'>Micrologus</span> <span class='ocrx_word' id='word_1_294' title='bbox 879 1442 915 1470; x_wconf 90' lang='lat' dir='ltr'>de</span> <span class='ocrx_word' id='word_1_295' title='bbox 925 1442 1086 1482; x_wconf 72' lang='lat' dir='ltr'>disciplina</span> <span class='ocrx_word' id='word_1_296' title='bbox 1100 1443 1174 1482; x_wconf 82' lang='lat' dir='ltr'>artis</span> <span class='ocrx_word' id='word_1_297' title='bbox 1189 1443 1317 1482; x_wconf 52' lang='lat' dir='ltr'>musica,</span> <span class='ocrx_word' id='word_1_298' title='bbox 1334 1450 1425 1482; x_wconf 70' lang='lat' dir='ltr'>quem</span> <span class='ocrx_word' id='word_1_299' title='bbox 1439 1449 1494 1482; x_wconf 80' lang='lat' dir='ltr'>nos</span> <span class='ocrx_word' id='word_1_300' title='bbox 1510 1449 1545 1474; x_wconf 69' lang='lat' dir='ltr'>ex</span> <span class='ocrx_word' id='word_1_301' title='bbox 1556 1450 1612 1482; x_wconf 79' lang='lat' dir='ltr'>ms.</span> <span class='ocrx_word' id='word_1_302' title='bbox 1730 1441 1871 1482; x_wconf 72' lang='lat' dir='ltr'>Sun-Bla-</span> 
     </span>
    </p>
   </div>
   <div class='ocr_carea' id='block_1_45' title="bbox 163 1475 1869 1513">
    <p class='ocr_par' dir='ltr' id='par_1_45' title="bbox 163 1475 1869 1513">
     <span class='ocr_line' id='line_1_45' title="bbox 163 1475 1869 1513; baseline 0.001 -11"><span class='ocrx_word' id='word_1_303' title='bbox 163 1475 409 1513; x_wconf 22' lang='lat' dir='ltr'>sianzeicollatum</span> <span class='ocrx_word' id='word_1_304' title='bbox 423 1485 491 1513; x_wconf 87' lang='lat' dir='ltr'>cum</span> <span class='ocrx_word' id='word_1_305' title='bbox 506 1476 624 1513; x_wconf 80' lang='lat' dir='ltr'>duobus</span> <span class='ocrx_word' id='word_1_306' title='bbox 636 1475 1013 1513; x_wconf 80' lang='lat' dir='ltr'>San-Emerammensibus,</span> <span class='ocrx_word' id='word_1_307' title='bbox 1031 1478 1237 1511; x_wconf 87' lang='lat' dir='ltr'>Admontcnsi,</span> <span class='ocrx_word' id='word_1_308' title='bbox 1254 1475 1368 1505; x_wconf 78' lang='lat' dir='ltr'>mancis</span> <span class='ocrx_word' id='word_1_309' title='bbox 1383 1477 1567 1505; x_wconf 86' lang='lat' dir='ltr'>Ottoburano</span> <span class='ocrx_word' id='word_1_310' title='bbox 1584 1479 1611 1505; x_wconf 86' lang='lat' dir='ltr'>et</span> <span class='ocrx_word' id='word_1_311' title='bbox 1626 1476 1777 1506; x_wconf 85' lang='lat' dir='ltr'>Casinensi</span> <span class='ocrx_word' id='word_1_312' title='bbox 1806 1477 1869 1504; x_wconf 89' lang='lat' dir='ltr'>edi-</span> 
     </span>
    </p>
   </div>
   <div class='ocr_carea' id='block_1_46' title="bbox 162 1511 1870 1548">
    <p class='ocr_par' dir='ltr' id='par_1_46' title="bbox 162 1511 1870 1548">
     <span class='ocr_line' id='line_1_46' title="bbox 162 1511 1870 1548; baseline 0.002 -11"><span class='ocrx_word' id='word_1_313' title='bbox 162 1512 424 1548; x_wconf 81' lang='lat' dir='ltr'>mus._$equuntur</span> <span class='ocrx_word' id='word_1_314' title='bbox 438 1511 572 1547; x_wconf 88' lang='lat' dir='ltr'>ejusdem</span> <span class='ocrx_word' id='word_1_315' title='bbox 588 1512 718 1548; x_wconf 79' lang='lat' dir='ltr'>rhythmi</span> <span class='ocrx_word' id='word_1_316' title='bbox 734 1515 761 1540; x_wconf 88' lang='lat' dir='ltr'>et</span> <span class='ocrx_word' id='word_1_317' title='bbox 777 1521 898 1541; x_wconf 87' lang='lat' dir='ltr'>carnem</span> <span class='ocrx_word' id='word_1_318' title='bbox 927 1514 963 1541; x_wconf 84' lang='lat' dir='ltr'>de</span> <span class='ocrx_word' id='word_1_319' title='bbox 976 1511 1098 1542; x_wconf 73' lang='lat' dir='ltr'>musicce</span> <span class='ocrx_word' id='word_1_320' title='bbox 1114 1515 1326 1548; x_wconf 70' lang='lat' dir='ltr'>explanatione</span> <span class='ocrx_word' id='word_1_321' title='bbox 1353 1522 1388 1540; x_wconf 77' lang='lat' dir='ltr'>ex</span> <span class='ocrx_word' id='word_1_322' title='bbox 1404 1513 1509 1541; x_wconf 86' lang='lat' dir='ltr'>eodem</span> <span class='ocrx_word' id='word_1_323' title='bbox 1530 1513 1632 1540; x_wconf 80' lang='lat' dir='ltr'>codice</span> <span class='ocrx_word' id='word_1_324' title='bbox 1660 1512 1870 1540; x_wconf 84' lang='lat' dir='ltr'>San-Blasiano</span> 
     </span>
    </p>
   </div>
   <div class='ocr_carea' id='block_1_47' title="bbox 162 1546 1866 1584">
    <p class='ocr_par' dir='ltr' id='par_1_47' title="bbox 162 1546 1866 1584">
     <span class='ocr_line' id='line_1_47' title="bbox 162 1546 1866 1584; baseline 0.002 -11"><span class='ocrx_word' id='word_1_325' title='bbox 162 1554 231 1584; x_wconf 86' lang='lat' dir='ltr'>cum</span> <span class='ocrx_word' id='word_1_326' title='bbox 244 1546 351 1584; x_wconf 78' lang='lat' dir='ltr'>iisdem</span> <span class='ocrx_word' id='word_1_327' title='bbox 368 1555 438 1575; x_wconf 90' lang='lat' dir='ltr'>mss.</span> <span class='ocrx_word' id='word_1_328' title='bbox 455 1546 580 1584; x_wconf 83' lang='lat' dir='ltr'>excepto</span> <span class='ocrx_word' id='word_1_329' title='bbox 592 1546 745 1576; x_wconf 77' lang='lat' dir='ltr'>Gasinensi</span> <span class='ocrx_word' id='word_1_330' title='bbox 761 1549 877 1578; x_wconf 86' lang='lat' dir='ltr'>collata.</span> <span class='ocrx_word' id='word_1_331' title='bbox 897 1550 969 1577; x_wconf 87' lang='lat' dir='ltr'>Item</span> <span class='ocrx_word' id='word_1_332' title='bbox 989 1550 1057 1577; x_wconf 68' lang='lat' dir='ltr'>alia?</span> <span class='ocrx_word' id='word_1_333' title='bbox 1073 1546 1217 1577; x_wconf 76' lang='lat' dir='ltr'>Guidonis</span> <span class='ocrx_word' id='word_1_334' title='bbox 1233 1550 1347 1584; x_wconf 77' lang='lat' dir='ltr'>reguiw</span> <span class='ocrx_word' id='word_1_335' title='bbox 1361 1549 1396 1577; x_wconf 84' lang='lat' dir='ltr'>de</span> <span class='ocrx_word' id='word_1_336' title='bbox 1413 1550 1513 1584; x_wconf 77' lang='lat' dir='ltr'>ignoto</span> <span class='ocrx_word' id='word_1_337' title='bbox 1529 1552 1620 1578; x_wconf 81' lang='lat' dir='ltr'>cantu</span> <span class='ocrx_word' id='word_1_338' title='bbox 1643 1549 1803 1576; x_wconf 82' lang='lat' dir='ltr'>identidem</span> <span class='ocrx_word' id='word_1_339' title='bbox 1834 1550 1866 1576; x_wconf 79' lang='lat' dir='ltr'>in</span> 
     </span>
    </p>
   </div>
   <div class='ocr_carea' id='block_1_48' title="bbox 162 1582 1725 1625">
    <p class='ocr_par' dir='ltr' id='par_1_48' title="bbox 162 1582 1725 1625">
     <span class='ocr_line' id='line_1_48' title="bbox 162 1582 1725 1625; baseline 0.001 -15"><span class='ocrx_word' id='word_1_340' title='bbox 162 1582 373 1625; x_wconf 61' lang='lat' dir='ltr'>antiphonarii</span> <span class='ocrx_word' id='word_1_341' title='bbox 382 1584 431 1613; x_wconf 81' lang='lat' dir='ltr'>sui</span> <span class='ocrx_word' id='word_1_342' title='bbox 442 1582 601 1625; x_wconf 55' lang='lat' dir='ltr'>prologum</span> <span class='ocrx_word' id='word_1_343' title='bbox 614 1585 751 1625; x_wconf 73' lang='lat' dir='ltr'>prolatae.</span> <span class='ocrx_word' id='word_1_344' title='bbox 765 1585 875 1625; x_wconf 77' lang='lat' dir='ltr'>Deinde</span> <span class='ocrx_word' id='word_1_345' title='bbox 891 1593 926 1613; x_wconf 80' lang='lat' dir='ltr'>ex</span> <span class='ocrx_word' id='word_1_346' title='bbox 942 1585 1124 1625; x_wconf 16' lang='lat' dir='ltr'>solo‘coqlice</span> <span class='ocrx_word' id='word_1_347' title='bbox 1137 1582 1345 1625; x_wconf 60' lang='lat' dir='ltr'>San—Dlasiaiio</span> <span class='ocrx_word' id='word_1_348' title='bbox 1360 1582 1506 1625; x_wconf 57' lang='lat' dir='ltr'>Epitogus</span> <span class='ocrx_word' id='word_1_349' title='bbox 1521 1585 1557 1625; x_wconf 59' lang='lat' dir='ltr'>{te</span> <span class='ocrx_word' id='word_1_350' title='bbox 1571 1585 1725 1625; x_wconf 70' lang='lat' dir='ltr'>modorum</span> 
     </span>
    </p>
   </div>
   <div class='ocr_carea' id='block_1_49' title="bbox 1754 1585 1870 1619">
    <p class='ocr_par' dir='ltr' id='par_1_49' title="bbox 1754 1585 1870 1619">
     <span class='ocr_line' id='line_1_49' title="bbox 1754 1585 1870 1619; baseline 0.017 -8"><span class='ocrx_word' id='word_1_351' title='bbox 1754 1585 1870 1619; x_wconf 70' lang='lat' dir='ltr'>famu-</span> 
     </span>
    </p>
   </div>
   <div class='ocr_carea' id='block_1_50' title="bbox 164 1618 1871 1656">
    <p class='ocr_par' dir='ltr' id='par_1_50' title="bbox 164 1618 1871 1656">
     <span class='ocr_line' id='line_1_50' title="bbox 164 1618 1871 1656; baseline 0.001 -11"><span class='ocrx_word' id='word_1_352' title='bbox 164 1618 199 1656; x_wconf 75' lang='lat' dir='ltr'>lis</span> <span class='ocrx_word' id='word_1_353' title='bbox 221 1621 248 1647; x_wconf 84' lang='lat' dir='ltr'>et</span> <span class='ocrx_word' id='word_1_354' title='bbox 271 1621 413 1656; x_wconf 80' lang='lat' dir='ltr'>cantuum</span> <span class='ocrx_word' id='word_1_355' title='bbox 443 1618 639 1656; x_wconf 77' lang='lat' dir='ltr'>qualitatibus</span> <span class='ocrx_word' id='word_1_356' title='bbox 665 1619 695 1647; x_wconf 90' lang='lat' dir='ltr'>in</span> <span class='ocrx_word' id='word_1_357' title='bbox 722 1628 773 1648; x_wconf 83' lang='lat' dir='ltr'>sex</span> <span class='ocrx_word' id='word_1_358' title='bbox 797 1620 912 1649; x_wconf 80' lang='lat' dir='ltr'>divisus</span> <span class='ocrx_word' id='word_1_359' title='bbox 939 1621 1046 1656; x_wconf 81' lang='lat' dir='ltr'>capita.</span> <span class='ocrx_word' id='word_1_360' title='bbox 1062 1621 1185 1649; x_wconf 90' lang='lat' dir='ltr'>Demum</span> <span class='ocrx_word' id='word_1_361' title='bbox 1203 1621 1338 1655; x_wconf 77' lang='lat' dir='ltr'>Epistola</span> <span class='ocrx_word' id='word_1_362' title='bbox 1354 1618 1497 1648; x_wconf 67' lang='lat' dir='ltr'>Gnidohis</span> <span class='ocrx_word' id='word_1_363' title='bbox 1513 1620 1656 1648; x_wconf 81' lang='lat' dir='ltr'>Michaeli</span> <span class='ocrx_word' id='word_1_364' title='bbox 1668 1619 1814 1648; x_wconf 85' lang='lat' dir='ltr'>monacho</span> <span class='ocrx_word' id='word_1_365' title='bbox 1834 1620 1871 1656; x_wconf 76' lang='lat' dir='ltr'>de</span> 
     </span>
    </p>
   </div>
   <div class='ocr_carea' id='block_1_51' title="bbox 161 1654 1869 1691">
    <p class='ocr_par' dir='ltr' id='par_1_51' title="bbox 161 1654 1869 1691">
     <span class='ocr_line' id='line_1_51' title="bbox 161 1654 1869 1691; baseline 0.001 -10"><span class='ocrx_word' id='word_1_366' title='bbox 161 1654 262 1688; x_wconf 82' lang='lat' dir='ltr'>ignoto</span> <span class='ocrx_word' id='word_1_367' title='bbox 270 1658 361 1682; x_wconf 83' lang='lat' dir='ltr'>cantu</span> <span class='ocrx_word' id='word_1_368' title='bbox 372 1654 496 1683; x_wconf 81' lang='lat' dir='ltr'>directa.</span> <span class='ocrx_word' id='word_1_369' title='bbox 510 1655 641 1683; x_wconf 88' lang='lat' dir='ltr'>Tandem</span> <span class='ocrx_word' id='word_1_370' title='bbox 659 1656 791 1691; x_wconf 87' lang='lat' dir='ltr'>sequitur</span> <span class='ocrx_word' id='word_1_371' title='bbox 805 1664 841 1683; x_wconf 78' lang='lat' dir='ltr'>ex</span> <span class='ocrx_word' id='word_1_372' title='bbox 856 1656 959 1683; x_wconf 86' lang='lat' dir='ltr'>codice</span> <span class='ocrx_word' id='word_1_373' title='bbox 974 1654 1182 1690; x_wconf 79' lang='lat' dir='ltr'>Tegernseensi</span> <span class='ocrx_word' id='word_1_374' title='bbox 1199 1654 1306 1683; x_wconf 80' lang='lat' dir='ltr'>collato</span> <span class='ocrx_word' id='word_1_375' title='bbox 1322 1664 1390 1683; x_wconf 91' lang='lat' dir='ltr'>cum</span> <span class='ocrx_word' id='word_1_376' title='bbox 1410 1655 1564 1683; x_wconf 83' lang='lat' dir='ltr'>Melliceusi</span> <span class='ocrx_word' id='word_1_377' title='bbox 1589 1656 1745 1683; x_wconf 85' lang='lat' dir='ltr'>Tractatus</span> <span class='ocrx_word' id='word_1_378' title='bbox 1761 1655 1869 1683; x_wconf 80' lang='lat' dir='ltr'>Gnido-</span> 
     </span>
    </p>
   </div>
   <div class='ocr_carea' id='block_1_52' title="bbox 161 1691 1869 1727">
    <p class='ocr_par' dir='ltr' id='par_1_52' title="bbox 161 1691 1869 1727">
     <span class='ocr_line' id='line_1_52' title="bbox 161 1691 1869 1727; baseline 0.001 -10"><span class='ocrx_word' id='word_1_379' title='bbox 161 1691 207 1717; x_wconf 81' lang='lat' dir='ltr'>m‘s</span> <span class='ocrx_word' id='word_1_380' title='bbox 223 1692 418 1727; x_wconf 69' lang='lat' dir='ltr'>curret-torius</span> <span class='ocrx_word' id='word_1_381' title='bbox 437 1691 601 1719; x_wconf 81' lang='lat' dir='ltr'>multorum</span> <span class='ocrx_word' id='word_1_382' title='bbox 626 1699 772 1725; x_wconf 85' lang='lat' dir='ltr'>errorum,</span> <span class='ocrx_word' id='word_1_383' title='bbox 789 1693 842 1727; x_wconf 84' lang='lat' dir='ltr'>qui</span> <span class='ocrx_word' id='word_1_384' title='bbox 862 1692 941 1725; x_wconf 83' lang='lat' dir='ltr'>ﬁunt</span> <span class='ocrx_word' id='word_1_385' title='bbox 955 1692 987 1719; x_wconf 82' lang='lat' dir='ltr'>in</span> <span class='ocrx_word' id='word_1_386' title='bbox 1011 1694 1102 1719; x_wconf 82' lang='lat' dir='ltr'>cantu</span> <span class='ocrx_word' id='word_1_387' title='bbox 1119 1692 1303 1727; x_wconf 81' lang='lat' dir='ltr'>Gregoriano</span> <span class='ocrx_word' id='word_1_388' title='bbox 1318 1692 1348 1719; x_wconf 80' lang='lat' dir='ltr'>in</span> <span class='ocrx_word' id='word_1_389' title='bbox 1364 1692 1465 1719; x_wconf 82' lang='lat' dir='ltr'>multis</span> <span class='ocrx_word' id='word_1_390' title='bbox 1483 1692 1563 1725; x_wconf 77' lang='lat' dir='ltr'>locis,</span> <span class='ocrx_word' id='word_1_391' title='bbox 1576 1691 1799 1726; x_wconf 79' lang='lat' dir='ltr'>pseudonymus</span> <span class='ocrx_word' id='word_1_392' title='bbox 1814 1694 1869 1718; x_wconf 85' lang='lat' dir='ltr'>aut</span> 
     </span>
    </p>
   </div>
   <div class='ocr_carea' id='block_1_53' title="bbox 161 1726 457 1759">
    <p class='ocr_par' dir='ltr' id='par_1_53' title="bbox 161 1726 457 1759">
     <span class='ocr_line' id='line_1_53' title="bbox 161 1726 457 1759; baseline 0.003 -7"><span class='ocrx_word' id='word_1_393' title='bbox 161 1729 238 1753; x_wconf 81' lang='lat' dir='ltr'>certe</span> <span class='ocrx_word' id='word_1_394' title='bbox 249 1726 457 1759; x_wconf 77' lang='lat' dir='ltr'>interpolatus.</span> 
     </span>
    </p>
   </div>
   <div class='ocr_carea' id='block_1_54' title="bbox 586 1813 1449 1890">
    <p class='ocr_par' dir='ltr' id='par_1_54' title="bbox 586 1813 1449 1890">
     <span class='ocr_line' id='line_1_54' title="bbox 586 1813 1449 1890; baseline 0.003 -4"><span class='ocrx_word' id='word_1_395' title='bbox 586 1827 1048 1890; x_wconf 83' lang='lat' dir='ltr'>MICBOLOGUS</span> <span class='ocrx_word' id='word_1_396' title='bbox 1092 1813 1449 1890; x_wconf 75' lang='lat' dir='ltr'>GUIDHNIS</span> 
     </span>
    </p>
   </div>
   <div class='ocr_carea' id='block_1_55' title="bbox 726 1909 1286 1938">
    <p class='ocr_par' dir='ltr' id='par_1_55' title="bbox 726 1909 1286 1938">
     <span class='ocr_line' id='line_1_55' title="bbox 726 1909 1286 1938; baseline 0.005 -3"><span class='ocrx_word' id='word_1_397' title='bbox 726 1910 782 1936; x_wconf 88' lang='lat' dir='ltr'>.DE</span> <span class='ocrx_word' id='word_1_398' title='bbox 804 1909 996 1937; x_wconf 79' lang='lat' dir='ltr'>DlSClPLlNA</span> <span class='ocrx_word' id='word_1_399' title='bbox 1018 1910 1120 1938; x_wconf 76' lang='grc' dir='ltr'>ΛΒΤΙὸ</span> <span class='ocrx_word' id='word_1_400' title='bbox 1140 1911 1286 1938; x_wconf 71' lang='lat' dir='ltr'>MUSICE.</span> 
     </span>
    </p>
   </div>
   <div class='ocr_carea' id='block_1_56' title="bbox 587 1970 866 2006">
    <p class='ocr_par' dir='ltr' id='par_1_56' title="bbox 587 1970 866 2006">
     <span class='ocr_line' id='line_1_56' title="bbox 587 1970 866 2006; baseline 0.004 -9"><span class='ocrx_word' id='word_1_401' title='bbox 587 1970 749 2006; x_wconf 86' lang='lat' dir='ltr'>Gymnasio</span> <span class='ocrx_word' id='word_1_402' title='bbox 763 1978 866 1998; x_wconf 89' lang='lat' dir='ltr'>musas</span> 
     </span>
    </p>
   </div>
   <div class='ocr_carea' id='block_1_57' title="bbox 902 1970 1282 1999">
    <p class='ocr_par' dir='ltr' id='par_1_57' title="bbox 902 1970 1282 1999">
     <span class='ocr_line' id='line_1_57' title="bbox 902 1970 1282 1999; baseline 0.003 -1"><span class='ocrx_word' id='word_1_403' title='bbox 902 1970 993 1998; x_wconf 87' lang='lat' dir='ltr'>Iacuit</span> <span class='ocrx_word' id='word_1_404' title='bbox 1006 1979 1146 1999; x_wconf 88' lang='lat' dir='ltr'>revocare</span> <span class='ocrx_word' id='word_1_405' title='bbox 1161 1971 1282 1999; x_wconf 82' lang='lat' dir='ltr'>solutas.</span> 
     </span>
    </p>
   </div>
   <div class='ocr_carea' id='block_1_58' title="bbox 587 2006 1296 2046">
    <p class='ocr_par' dir='ltr' id='par_1_58' title="bbox 587 2006 1296 2046">
     <span class='ocr_line' id='line_1_58' title="bbox 587 2006 1296 2046; baseline 0.001 -13"><span class='ocrx_word' id='word_1_406' title='bbox 587 2006 621 2046; x_wconf 89' lang='lat' dir='ltr'>_Ut</span> <span class='ocrx_word' id='word_1_407' title='bbox 632 2008 756 2046; x_wconf 72' lang='lat' dir='ltr'>pateant</span> <span class='ocrx_word' id='word_1_408' title='bbox 766 2006 865 2042; x_wconf 81' lang='lat' dir='ltr'>parvis</span> <span class='ocrx_word' id='word_1_409' title='bbox 880 2006 1209 2046; x_wconf 84' lang='lat' dir='ltr'>_vix__hactenus</span> <span class='ocrx_word' id='word_1_410' title='bbox 1221 2007 1296 2042; x_wconf 86' lang='lat' dir='ltr'>allis,</span> 
     </span>
    </p>
   </div>
   <div class='ocr_carea' id='block_1_59' title="bbox 585 2041 1222 2078">
    <p class='ocr_par' dir='ltr' id='par_1_59' title="bbox 585 2041 1222 2078">
     <span class='ocr_line' id='line_1_59' title="bbox 585 2041 1222 2078; baseline 0.003 -10"><span class='ocrx_word' id='word_1_411' title='bbox 585 2041 705 2078; x_wconf 66' lang='lat' dir='ltr'>Invidia;</span> <span class='ocrx_word' id='word_1_412' title='bbox 713 2041 811 2078; x_wconf 79' lang='lat' dir='ltr'>telum</span> <span class='ocrx_word' id='word_1_413' title='bbox 828 2042 955 2078; x_wconf 79' lang='lat' dir='ltr'>perimat</span> <span class='ocrx_word' id='word_1_414' title='bbox 967 2042 1085 2070; x_wconf 79' lang='lat' dir='ltr'>dilectio</span> <span class='ocrx_word' id='word_1_415' title='bbox 1099 2050 1222 2073; x_wconf 61' lang='lat' dir='ltr'>ciccum.</span> 
     </span>
    </p>
   </div>
   <div class='ocr_carea' id='block_1_60' title="bbox 586 2077 1369 2113">
    <p class='ocr_par' dir='ltr' id='par_1_60' title="bbox 586 2077 1369 2113">
     <span class='ocr_line' id='line_1_60' title="bbox 586 2077 1369 2113; baseline 0.004 -9"><span class='ocrx_word' id='word_1_416' title='bbox 586 2077 653 2113; x_wconf 72' lang='lat' dir='ltr'>Dira</span> <span class='ocrx_word' id='word_1_417' title='bbox 667 2077 791 2113; x_wconf 87' lang='lat' dir='ltr'>quidem</span> <span class='ocrx_word' id='word_1_418' title='bbox 806 2077 896 2113; x_wconf 80' lang='lat' dir='ltr'>pestis</span> <span class='ocrx_word' id='word_1_419' title='bbox 907 2077 973 2108; x_wconf 85' lang='lat' dir='ltr'>tulit</span> <span class='ocrx_word' id='word_1_420' title='bbox 988 2078 1091 2110; x_wconf 79' lang='lat' dir='ltr'>omnia</span> <span class='ocrx_word' id='word_1_421' title='bbox 1103 2078 1265 2109; x_wconf 84' lang='lat' dir='ltr'>commoda</span> <span class='ocrx_word' id='word_1_422' title='bbox 1276 2079 1369 2113; x_wconf 86' lang='lat' dir='ltr'>terris,</span> 
     </span>
    </p>
   </div>
   <div class='ocr_carea' id='block_1_61' title="bbox 586 2112 1303 2150">
    <p class='ocr_par' dir='ltr' id='par_1_61' title="bbox 586 2112 1303 2150">
     <span class='ocr_line' id='line_1_61' title="bbox 586 2112 1303 2150; baseline 0.003 -10"><span class='ocrx_word' id='word_1_423' title='bbox 586 2112 694 2140; x_wconf 89' lang='lat' dir='ltr'>Ordine</span> <span class='ocrx_word' id='word_1_424' title='bbox 711 2121 758 2144; x_wconf 91' lang='lat' dir='ltr'>me</span> <span class='ocrx_word' id='word_1_425' title='bbox 772 2112 877 2150; x_wconf 82' lang='lat' dir='ltr'>scripsi</span> <span class='ocrx_word' id='word_1_426' title='bbox 891 2113 990 2150; x_wconf 83' lang='lat' dir='ltr'>primo</span> <span class='ocrx_word' id='word_1_427' title='bbox 1008 2113 1061 2149; x_wconf 88' lang='lat' dir='ltr'>qui</span> <span class='ocrx_word' id='word_1_428' title='bbox 1075 2114 1209 2146; x_wconf 85' lang='lat' dir='ltr'>carmina</span> <span class='ocrx_word' id='word_1_429' title='bbox 1222 2115 1303 2143; x_wconf 86' lang='lat' dir='ltr'>tinxi.</span> 
     </span>
    </p>
   </div>
   <div class='ocr_carea' id='block_1_62' title="bbox 210 2198 937 2233">
    <p class='ocr_par' dir='ltr' id='par_1_62' title="bbox 210 2198 937 2233">
     <span class='ocr_line' id='line_1_62' title="bbox 210 2198 937 2233; baseline 0.004 -7"><span class='ocrx_word' id='word_1_430' title='bbox 210 2198 376 2228; x_wconf 82' lang='lat' dir='ltr'>EPISTOLA</span> <span class='ocrx_word' id='word_1_431' title='bbox 396 2199 559 2233; x_wconf 80' lang='lat' dir='ltr'>GUIDONIS</span> <span class='ocrx_word' id='word_1_432' title='bbox 583 2201 738 2229; x_wconf 81' lang='lat' dir='ltr'><strong>MONACHI</strong></span> <span class='ocrx_word' id='word_1_433' title='bbox 758 2202 802 2229; x_wconf 81' lang='lat' dir='ltr'>AC</span> <span class='ocrx_word' id='word_1_434' title='bbox 823 2201 937 2229; x_wconf 86' lang='lat' dir='ltr'>MUSICI</span> 
     </span>
    </p>
   </div>
   <div class='ocr_carea' id='block_1_63' title="bbox 177 2244 966 2281">
    <p class='ocr_par' dir='ltr' id='par_1_63' title="bbox 177 2244 966 2281">
     <span class='ocr_line' id='line_1_63' title="bbox 177 2244 966 2281; baseline 0.004 -11"><span class='ocrx_word' id='word_1_435' title='bbox 177 2250 213 2273; x_wconf 58' lang='lat' dir='ltr'>sn</span> <span class='ocrx_word' id='word_1_436' title='bbox 233 2251 394 2272; x_wconf 80' lang='lat' dir='ltr'>TEL’DALDL‘M</span> <span class='ocrx_word' id='word_1_437' title='bbox 415 2252 566 2273; x_wconf 80' lang='lat' dir='ltr'>EPISCOPUM</span> <span class='ocrx_word' id='word_1_438' title='bbox 587 2253 658 2273; x_wconf 78' lang='lat' dir='ltr'>suun</span> <span class='ocrx_word' id='word_1_439' title='bbox 685 2245 735 2281; x_wconf 85' lang='lat'>(8),</span> <span class='ocrx_word' id='word_1_440' title='bbox 757 2244 788 2274; x_wconf 76' lang='lat' dir='ltr'>uia</span> <span class='ocrx_word' id='word_1_441' title='bbox 813 2253 966 2273; x_wconf 80' lang='lat' dir='ltr'>DlSClPLlNA</span> 
     </span>
    </p>
   </div>
   <div class='ocr_carea' id='block_1_64' title="bbox 462 2296 681 2318">
    <p class='ocr_par' dir='ltr' id='par_1_64' title="bbox 462 2296 681 2318">
     <span class='ocr_line' id='line_1_64' title="bbox 462 2296 681 2318; baseline 0.014 -3"><span class='ocrx_word' id='word_1_442' title='bbox 462 2296 541 2317; x_wconf 78' lang='lat' dir='ltr'><strong>ARTIS</strong></span> <span class='ocrx_word' id='word_1_443' title='bbox 566 2297 681 2318; x_wconf 65' lang='lat' dir='ltr'>MUSICB.</span> 
     </span>
    </p>
   </div>
   <div class='ocr_carea' id='block_1_65' title="bbox 194 2331 987 2370">
    <p class='ocr_par' dir='ltr' id='par_1_65' title="bbox 194 2331 987 2370">
     <span class='ocr_line' id='line_1_65' title="bbox 194 2331 987 2370; baseline 0.004 -11"><span class='ocrx_word' id='word_1_444' title='bbox 194 2331 289 2360; x_wconf 92' lang='lat' dir='ltr'>Divini</span> <span class='ocrx_word' id='word_1_445' title='bbox 304 2331 427 2366; x_wconf 85' lang='lat' dir='ltr'>timoris,</span> <span class='ocrx_word' id='word_1_446' title='bbox 442 2333 592 2369; x_wconf 85' lang='lat' dir='ltr'>totiusque</span> <span class='ocrx_word' id='word_1_447' title='bbox 606 2334 771 2370; x_wconf 68' lang='lat' dir='ltr'>prudentiae</span> <span class='ocrx_word' id='word_1_448' title='bbox 791 2334 905 2369; x_wconf 84' lang='lat' dir='ltr'>fulgore</span> <span class='ocrx_word' id='word_1_449' title='bbox 930 2334 987 2367; x_wconf 83' lang='lat' dir='ltr'>cla-</span> 
     </span>
    </p>
   </div>
   <div class='ocr_carea' id='block_1_66' title="bbox 157 2375 985 2407">
    <p class='ocr_par' dir='ltr' id='par_1_66' title="bbox 157 2375 985 2407">
     <span class='ocr_line' id='line_1_66' title="bbox 157 2375 985 2407; baseline 0.004 -4"><span class='ocrx_word' id='word_1_450' title='bbox 157 2375 277 2407; x_wconf 84' lang='lat' dir='ltr'>rissimo</span> <span class='ocrx_word' id='word_1_451' title='bbox 290 2384 325 2404; x_wconf 88' lang='lat' dir='ltr'>ac</span> <span class='ocrx_word' id='word_1_452' title='bbox 340 2377 513 2407; x_wconf 89' lang='lat' dir='ltr'>dulcissimo</span> <span class='ocrx_word' id='word_1_453' title='bbox 529 2378 604 2406; x_wconf 87' lang='lat' dir='ltr'>Patri</span> <span class='ocrx_word' id='word_1_454' title='bbox 620 2381 648 2405; x_wconf 88' lang='lat' dir='ltr'>et</span> <span class='ocrx_word' id='word_1_455' title='bbox 659 2378 907 2406; x_wconf 86' lang='lat' dir='ltr'>reverendissimo</span> <span class='ocrx_word' id='word_1_456' title='bbox 931 2378 985 2406; x_wconf 92' lang='lat' dir='ltr'>do-</span> 
     </span>
    </p>
   </div>
   <div class='ocr_carea' id='block_1_67' title="bbox 158 2420 985 2458">
    <p class='ocr_par' dir='ltr' id='par_1_67' title="bbox 158 2420 985 2458">
     <span class='ocr_line' id='line_1_67' title="bbox 158 2420 985 2458; baseline 0.001 -9"><span class='ocrx_word' id='word_1_457' title='bbox 158 2420 240 2449; x_wconf 86' lang='lat' dir='ltr'>mino</span> <span class='ocrx_word' id='word_1_458' title='bbox 256 2422 422 2449; x_wconf 80' lang='lat' dir='ltr'>THEODALDO</span> <span class='ocrx_word' id='word_1_459' title='bbox 438 2422 628 2452; x_wconf 83' lang='lat' dir='ltr'>sacerdotum</span> <span class='ocrx_word' id='word_1_460' title='bbox 642 2430 676 2453; x_wconf 86' lang='lat' dir='ltr'>ac</span> <span class='ocrx_word' id='word_1_461' title='bbox 691 2423 854 2458; x_wconf 71' lang='lat' dir='ltr'>praesulum</span> <span class='ocrx_word' id='word_1_462' title='bbox 873 2423 985 2457; x_wconf 84' lang='lat' dir='ltr'>dignis-</span> 
     </span>
    </p>
   </div>
   <div class='ocr_carea' id='block_1_68' title="bbox 159 2464 987 2501">
    <p class='ocr_par' dir='ltr' id='par_1_68' title="bbox 159 2464 987 2501">
     <span class='ocr_line' id='line_1_68' title="bbox 159 2464 987 2501; baseline 0.005 -10"><span class='ocrx_word' id='word_1_463' title='bbox 159 2464 246 2500; x_wconf 85' lang='lat' dir='ltr'>simo,</span> <span class='ocrx_word' id='word_1_464' title='bbox 262 2466 359 2501; x_wconf 84' lang='lat' dir='ltr'>Gumo,</span> <span class='ocrx_word' id='word_1_465' title='bbox 370 2474 495 2494; x_wconf 86' lang='lat' dir='ltr'>suorum</span> <span class='ocrx_word' id='word_1_466' title='bbox 509 2466 727 2494; x_wconf 85' lang='lat' dir='ltr'>monachorum</span> <span class='ocrx_word' id='word_1_467' title='bbox 758 2467 872 2495; x_wconf 83' lang='lat' dir='ltr'>utinam</span> <span class='ocrx_word' id='word_1_468' title='bbox 902 2468 987 2495; x_wconf 81' lang='lat' dir='ltr'>mini-</span> 
     </span>
    </p>
   </div>
   <div class='ocr_carea' id='block_1_69' title="bbox 158 2510 658 2546">
    <p class='ocr_par' dir='ltr' id='par_1_69' title="bbox 158 2510 658 2546">
     <span class='ocr_line' id='line_1_69' title="bbox 158 2510 658 2546; baseline 0.004 -10"><span class='ocrx_word' id='word_1_469' title='bbox 158 2517 238 2543; x_wconf 88' lang='lat' dir='ltr'>mus,</span> <span class='ocrx_word' id='word_1_470' title='bbox 252 2510 400 2546; x_wconf 87' lang='lat' dir='ltr'>quidquid</span> <span class='ocrx_word' id='word_1_471' title='bbox 413 2519 515 2543; x_wconf 83' lang='lat' dir='ltr'>servus</span> <span class='ocrx_word' id='word_1_472' title='bbox 528 2514 556 2539; x_wconf 87' lang='lat' dir='ltr'>et</span> <span class='ocrx_word' id='word_1_473' title='bbox 569 2511 658 2539; x_wconf 87' lang='lat' dir='ltr'>ﬁlius.</span> 
     </span>
    </p>
   </div>
   <div class='ocr_carea' id='block_1_70' title="bbox 197 2554 986 2594">
    <p class='ocr_par' dir='ltr' id='par_1_70' title="bbox 197 2554 986 2594">
     <span class='ocr_line' id='line_1_70' title="bbox 197 2554 986 2594; baseline 0.004 -13"><span class='ocrx_word' id='word_1_474' title='bbox 197 2555 271 2583; x_wconf 86' lang='lat' dir='ltr'>Dum</span> <span class='ocrx_word' id='word_1_475' title='bbox 286 2554 424 2583; x_wconf 75' lang='lat' dir='ltr'>solitariae</span> <span class='ocrx_word' id='word_1_476' title='bbox 436 2556 503 2584; x_wconf 70' lang='lat' dir='ltr'>vitm</span> <span class='ocrx_word' id='word_1_477' title='bbox 515 2555 618 2584; x_wconf 83' lang='lat' dir='ltr'>saltem</span> <span class='ocrx_word' id='word_1_478' title='bbox 634 2555 786 2585; x_wconf 86' lang='lat' dir='ltr'>modicam</span> <span class='ocrx_word' id='word_1_479' title='bbox 801 2557 923 2594; x_wconf 82' lang='lat' dir='ltr'>exsequi</span> <span class='ocrx_word' id='word_1_480' title='bbox 937 2565 986 2584; x_wconf 92' lang='lat' dir='ltr'>cu-</span> 
     </span>
    </p>
   </div>
   <div class='ocr_carea' id='block_1_71' title="bbox 159 2597 987 2637">
    <p class='ocr_par' dir='ltr' id='par_1_71' title="bbox 159 2597 987 2637">
     <span class='ocr_line' id='line_1_71' title="bbox 159 2597 987 2637; baseline 0.006 -12"><span class='ocrx_word' id='word_1_481' title='bbox 159 2597 210 2633; x_wconf 89' lang='lat' dir='ltr'>pio</span> <span class='ocrx_word' id='word_1_482' title='bbox 221 2600 427 2635; x_wconf 74' lang='lat' dir='ltr'>quantitatem,</span> <span class='ocrx_word' id='word_1_483' title='bbox 445 2603 548 2630; x_wconf 79' lang='lat' dir='ltr'>vestrae</span> <span class='ocrx_word' id='word_1_484' title='bbox 572 2600 764 2637; x_wconf 78' lang='lat' dir='ltr'>benignitatis</span> <span class='ocrx_word' id='word_1_485' title='bbox 791 2601 924 2635; x_wconf 82' lang='lat' dir='ltr'>dignatio</span> <span class='ocrx_word' id='word_1_486' title='bbox 947 2602 987 2630; x_wconf 82' lang='lat' dir='ltr'>ad</span> 
     </span>
    </p>
   </div>
   <div class='ocr_carea' id='block_1_72' title="bbox 161 2642 987 2684">
    <p class='ocr_par' dir='ltr' id='par_1_72' title="bbox 161 2642 987 2684">
     <span class='ocr_line' id='line_1_72' title="bbox 161 2642 987 2684; baseline 0.006 -15"><span class='ocrx_word' id='word_1_487' title='bbox 161 2642 237 2670; x_wconf 85' lang='lat' dir='ltr'>sacri</span> <span class='ocrx_word' id='word_1_488' title='bbox 249 2643 331 2671; x_wconf 88' lang='lat' dir='ltr'>verbi</span> <span class='ocrx_word' id='word_1_489' title='bbox 347 2644 479 2673; x_wconf 87' lang='lat' dir='ltr'>studium</span> <span class='ocrx_word' id='word_1_490' title='bbox 492 2653 592 2674; x_wconf 81' lang='lat' dir='ltr'>meam</span> <span class='ocrx_word' id='word_1_491' title='bbox 612 2645 667 2673; x_wconf 88' lang='lat' dir='ltr'>sibi</span> <span class='ocrx_word' id='word_1_492' title='bbox 691 2645 799 2674; x_wconf 86' lang='lat' dir='ltr'>sociari</span> <span class='ocrx_word' id='word_1_493' title='bbox 813 2646 907 2677; x_wconf 88' lang='lat' dir='ltr'>voluit</span> <span class='ocrx_word' id='word_1_494' title='bbox 921 2654 987 2684; x_wconf 87' lang='lat' dir='ltr'>par-</span> 
     </span>
    </p>
   </div>
   <div class='ocr_carea' id='block_1_73' title="bbox 159 2686 987 2727">
    <p class='ocr_par' dir='ltr' id='par_1_73' title="bbox 159 2686 987 2727">
     <span class='ocr_line' id='line_1_73' title="bbox 159 2686 987 2727; baseline 0.002 -10"><span class='ocrx_word' id='word_1_495' title='bbox 159 2686 282 2722; x_wconf 74' lang='lat' dir='ltr'>Vitatem</span> <span class='ocrx_word' id='word_1_496' title='bbox 294 2696 300 2721; x_wconf 91' lang='lat'><strong>;</strong></span> <span class='ocrx_word' id='word_1_497' title='bbox 315 2695 377 2721; x_wconf 79' lang='lat' dir='ltr'>non</span> <span class='ocrx_word' id='word_1_498' title='bbox 392 2688 474 2725; x_wconf 85' lang='lat' dir='ltr'>quod</span> <span class='ocrx_word' id='word_1_499' title='bbox 487 2688 583 2721; x_wconf 86' lang='lat' dir='ltr'>desint</span> <span class='ocrx_word' id='word_1_500' title='bbox 593 2692 699 2718; x_wconf 67' lang='lat' dir='ltr'>vestrae</span> <span class='ocrx_word' id='word_1_501' title='bbox 712 2690 890 2719; x_wconf 81' lang='lat' dir='ltr'>excellentiae</span> <span class='ocrx_word' id='word_1_502' title='bbox 901 2691 987 2727; x_wconf 82' lang='lat' dir='ltr'>multi</span> 
     </span>
    </p>
   </div>
   <div class='ocr_carea' id='block_1_74' title="bbox 159 2731 987 2772">
    <p class='ocr_par' dir='ltr' id='par_1_74' title="bbox 159 2731 987 2772">
     <span class='ocr_line' id='line_1_74' title="bbox 159 2731 987 2772; baseline 0.008 -13"><span class='ocrx_word' id='word_1_503' title='bbox 159 2731 286 2767; x_wconf 71' lang='lat' dir='ltr'>maximi</span> <span class='ocrx_word' id='word_1_504' title='bbox 301 2731 448 2770; x_wconf 86' lang='lat' dir='ltr'>spiritales</span> <span class='ocrx_word' id='word_1_505' title='bbox 460 2732 525 2769; x_wconf 82' lang='lat' dir='ltr'>viri,</span> <span class='ocrx_word' id='word_1_506' title='bbox 537 2735 566 2763; x_wconf 88' lang='lat' dir='ltr'>et</span> <span class='ocrx_word' id='word_1_507' title='bbox 573 2733 717 2763; x_wconf 85' lang='lat' dir='ltr'>virtutum</span> <span class='ocrx_word' id='word_1_508' title='bbox 728 2734 882 2771; x_wconf 65' lang='lat' dir='ltr'>effectibus</span> <span class='ocrx_word' id='word_1_509' title='bbox 893 2735 987 2772; x_wconf 71' lang='lat' dir='ltr'>abun-</span> 
     </span>
    </p>
   </div>
   <div class='ocr_carea' id='block_1_75' title="bbox 196 2802 523 2838">
    <p class='ocr_par' dir='ltr' id='par_1_75' title="bbox 196 2802 523 2838">
     <span class='ocr_line' id='line_1_75' title="bbox 196 2802 523 2838; baseline 0.006 -8"><span class='ocrx_word' id='word_1_510' title='bbox 196 2803 237 2838; x_wconf 82' lang='lat'>(8)</span> <span class='ocrx_word' id='word_1_511' title='bbox 250 2802 375 2831; x_wconf 68' lang='lat' dir='ltr'>Matinae</span> <span class='ocrx_word' id='word_1_512' title='bbox 389 2802 523 2833; x_wconf 71' lang='lat' dir='ltr'>civitatis.</span> 
     </span>
    </p>
   </div>
   <div class='ocr_carea' id='block_1_76' title="bbox 1041 2201 1905 2244">
    <p class='ocr_par' dir='ltr' id='par_1_76' title="bbox 1041 2201 1905 2244">
     <span class='ocr_line' id='line_1_76' title="bbox 1041 2201 1905 2244; baseline 0.002 -16"><span class='ocrx_word' id='word_1_513' title='bbox 1041 2201 1215 2231; x_wconf 83' lang='lat' dir='ltr'>dantissime</span> <span class='ocrx_word' id='word_1_514' title='bbox 1229 2202 1367 2237; x_wconf 87' lang='lat' dir='ltr'>reborati,</span> <span class='ocrx_word' id='word_1_515' title='bbox 1395 2204 1424 2230; x_wconf 89' lang='lat' dir='ltr'>et</span> <span class='ocrx_word' id='word_1_516' title='bbox 1450 2203 1601 2241; x_wconf 60' lang='lat' dir='ltr'>sapientiae</span> <span class='ocrx_word' id='word_1_517' title='bbox 1631 2203 1735 2233; x_wconf 88' lang='lat' dir='ltr'>studiis</span> <span class='ocrx_word' id='word_1_518' title='bbox 1757 2203 1870 2241; x_wconf 79' lang='lat' dir='ltr'>plenis-</span> <span class='ocrx_word' id='word_1_519' title='bbox 1900 2240 1905 2244; x_wconf 85' lang='lat'>_</span> 
     </span>
    </p>
   </div>
   <div class='ocr_carea' id='block_1_77' title="bbox 1041 2246 1872 2284">
    <p class='ocr_par' dir='ltr' id='par_1_77' title="bbox 1041 2246 1872 2284">
     <span class='ocr_line' id='line_1_77' title="bbox 1041 2246 1872 2284; baseline 0.002 -10"><span class='ocrx_word' id='word_1_520' title='bbox 1041 2246 1114 2276; x_wconf 88' lang='lat' dir='ltr'>sime</span> <span class='ocrx_word' id='word_1_521' title='bbox 1129 2247 1277 2280; x_wconf 80' lang='lat' dir='ltr'>adornati,</span> <span class='ocrx_word' id='word_1_522' title='bbox 1302 2247 1354 2283; x_wconf 91' lang='lat' dir='ltr'>qui</span> <span class='ocrx_word' id='word_1_523' title='bbox 1382 2249 1410 2275; x_wconf 87' lang='lat' dir='ltr'>et</span> <span class='ocrx_word' id='word_1_524' title='bbox 1436 2248 1629 2282; x_wconf 75' lang='lat' dir='ltr'>commissam</span> <span class='ocrx_word' id='word_1_525' title='bbox 1660 2247 1780 2284; x_wconf 77' lang='lat' dir='ltr'>plebem</span> <span class='ocrx_word' id='word_1_526' title='bbox 1807 2256 1872 2276; x_wconf 85' lang='lat' dir='ltr'>una.</span> 
     </span>
    </p>
   </div>
   <div class='ocr_carea' id='block_1_78' title="bbox 1040 2290 1871 2329">
    <p class='ocr_par' dir='ltr' id='par_1_78' title="bbox 1040 2290 1871 2329">
     <span class='ocr_line' id='line_1_78' title="bbox 1040 2290 1871 2329; baseline 0.002 -11"><span class='ocrx_word' id='word_1_527' title='bbox 1040 2290 1197 2319; x_wconf 92' lang='lat' dir='ltr'>vobiscum</span> <span class='ocrx_word' id='word_1_528' title='bbox 1224 2294 1426 2328; x_wconf 83' lang='lat' dir='ltr'>competenter</span> <span class='ocrx_word' id='word_1_529' title='bbox 1453 2291 1600 2329; x_wconf 79' lang='lat' dir='ltr'>erudiant,</span> <span class='ocrx_word' id='word_1_530' title='bbox 1626 2294 1654 2321; x_wconf 89' lang='lat' dir='ltr'>et</span> <span class='ocrx_word' id='word_1_531' title='bbox 1674 2292 1784 2321; x_wconf 69' lang='lat' dir='ltr'>Divinas</span> <span class='ocrx_word' id='word_1_532' title='bbox 1800 2301 1871 2321; x_wconf 89' lang='lat' dir='ltr'>con-</span> 
     </span>
    </p>
   </div>
   <div class='ocr_carea' id='block_1_79' title="bbox 1040 2335 1871 2374">
    <p class='ocr_par' dir='ltr' id='par_1_79' title="bbox 1040 2335 1871 2374">
     <span class='ocr_line' id='line_1_79' title="bbox 1040 2335 1871 2374; baseline 0.005 -12"><span class='ocrx_word' id='word_1_533' title='bbox 1040 2335 1225 2371; x_wconf 85' lang='lat' dir='ltr'>templationi</span> <span class='ocrx_word' id='word_1_534' title='bbox 1241 2336 1359 2364; x_wconf 89' lang='lat' dir='ltr'>assidue</span> <span class='ocrx_word' id='word_1_535' title='bbox 1375 2339 1402 2364; x_wconf 90' lang='lat' dir='ltr'>et</span> <span class='ocrx_word' id='word_1_536' title='bbox 1418 2336 1587 2374; x_wconf 85' lang='lat' dir='ltr'>frequenter</span> <span class='ocrx_word' id='word_1_537' title='bbox 1601 2336 1766 2367; x_wconf 80' lang='lat' dir='ltr'>inhaereant</span> <span class='ocrx_word' id='word_1_538' title='bbox 1780 2346 1787 2364; x_wconf 93' lang='lat'><strong>:</strong></span> <span class='ocrx_word' id='word_1_539' title='bbox 1816 2338 1871 2366; x_wconf 85' lang='lat' dir='ltr'>sed</span> 
     </span>
    </p>
   </div>
   <div class='ocr_carea' id='block_1_80' title="bbox 1042 2380 1871 2418">
    <p class='ocr_par' dir='ltr' id='par_1_80' title="bbox 1042 2380 1871 2418">
     <span class='ocr_line' id='line_1_80' title="bbox 1042 2380 1871 2418; baseline 0.004 -11"><span class='ocrx_word' id='word_1_540' title='bbox 1042 2382 1072 2408; x_wconf 88' lang='lat' dir='ltr'>ut</span> <span class='ocrx_word' id='word_1_541' title='bbox 1087 2388 1160 2415; x_wconf 78' lang='lat' dir='ltr'>meae</span> <span class='ocrx_word' id='word_1_542' title='bbox 1175 2380 1329 2417; x_wconf 86' lang='lat' dir='ltr'>parvitatis</span> <span class='ocrx_word' id='word_1_543' title='bbox 1356 2383 1384 2408; x_wconf 89' lang='lat' dir='ltr'>et</span> <span class='ocrx_word' id='word_1_544' title='bbox 1399 2381 1505 2409; x_wconf 83' lang='lat' dir='ltr'>mentis</span> <span class='ocrx_word' id='word_1_545' title='bbox 1521 2383 1548 2409; x_wconf 86' lang='lat' dir='ltr'>et</span> <span class='ocrx_word' id='word_1_546' title='bbox 1580 2381 1713 2418; x_wconf 86' lang='lat' dir='ltr'>corporis</span> <span class='ocrx_word' id='word_1_547' title='bbox 1735 2382 1871 2410; x_wconf 83' lang='lat' dir='ltr'>imbecil-</span> 
     </span>
    </p>
   </div>
   <div class='ocr_carea' id='block_1_81' title="bbox 1040 2423 1871 2463">
    <p class='ocr_par' dir='ltr' id='par_1_81' title="bbox 1040 2423 1871 2463">
     <span class='ocr_line' id='line_1_81' title="bbox 1040 2423 1871 2463; baseline 0.005 -12"><span class='ocrx_word' id='word_1_548' title='bbox 1040 2423 1106 2452; x_wconf 86' lang='lat' dir='ltr'>litas</span> <span class='ocrx_word' id='word_1_549' title='bbox 1122 2424 1263 2453; x_wconf 84' lang='lat' dir='ltr'>miserata</span> <span class='ocrx_word' id='word_1_550' title='bbox 1279 2425 1365 2454; x_wconf 90' lang='lat' dir='ltr'>vobis</span> <span class='ocrx_word' id='word_1_551' title='bbox 1391 2428 1493 2454; x_wconf 62' lang='lat' dir='ltr'>vestrae</span> <span class='ocrx_word' id='word_1_552' title='bbox 1522 2425 1639 2462; x_wconf 84' lang='lat' dir='ltr'>pietatis</span> <span class='ocrx_word' id='word_1_553' title='bbox 1658 2428 1687 2457; x_wconf 85' lang='lat' dir='ltr'>et</span> <span class='ocrx_word' id='word_1_554' title='bbox 1709 2427 1871 2463; x_wconf 85' lang='lat' dir='ltr'>paternita-</span> 
     </span>
    </p>
   </div>
   <div class='ocr_carea' id='block_1_82' title="bbox 1041 2468 1869 2507">
    <p class='ocr_par' dir='ltr' id='par_1_82' title="bbox 1041 2468 1869 2507">
     <span class='ocr_line' id='line_1_82' title="bbox 1041 2468 1869 2507; baseline 0.005 -12"><span class='ocrx_word' id='word_1_555' title='bbox 1041 2468 1076 2496; x_wconf 89' lang='lat' dir='ltr'>tis</span> <span class='ocrx_word' id='word_1_556' title='bbox 1093 2468 1231 2497; x_wconf 89' lang='lat' dir='ltr'>fulciatur</span> <span class='ocrx_word' id='word_1_557' title='bbox 1245 2470 1361 2497; x_wconf 90' lang='lat' dir='ltr'>munita</span> <span class='ocrx_word' id='word_1_558' title='bbox 1378 2470 1517 2506; x_wconf 72' lang='lat' dir='ltr'>praesidio</span> <span class='ocrx_word' id='word_1_559' title='bbox 1535 2479 1541 2497; x_wconf 73' lang='grc' dir='ltr'>ι</span> <span class='ocrx_word' id='word_1_560' title='bbox 1558 2472 1590 2498; x_wconf 88' lang='lat' dir='ltr'>ut</span> <span class='ocrx_word' id='word_1_561' title='bbox 1602 2470 1625 2498; x_wconf 91' lang='lat' dir='ltr'>si</span> <span class='ocrx_word' id='word_1_562' title='bbox 1640 2470 1714 2507; x_wconf 87' lang='lat' dir='ltr'>quid</span> <span class='ocrx_word' id='word_1_563' title='bbox 1729 2471 1804 2499; x_wconf 87' lang='lat' dir='ltr'>mihi</span> <span class='ocrx_word' id='word_1_564' title='bbox 1827 2472 1869 2499; x_wconf 90' lang='lat' dir='ltr'>di-</span> 
     </span>
    </p>
   </div>
   <div class='ocr_carea' id='block_1_83' title="bbox 1041 2512 1870 2553">
    <p class='ocr_par' dir='ltr' id='par_1_83' title="bbox 1041 2512 1870 2553">
     <span class='ocr_line' id='line_1_83' title="bbox 1041 2512 1870 2553; baseline 0.005 -14"><span class='ocrx_word' id='word_1_565' title='bbox 1041 2512 1150 2540; x_wconf 89' lang='lat' dir='ltr'>vinitus</span> <span class='ocrx_word' id='word_1_566' title='bbox 1173 2513 1304 2545; x_wconf 85' lang='lat' dir='ltr'>utilitatis</span> <span class='ocrx_word' id='word_1_567' title='bbox 1320 2514 1487 2553; x_wconf 64' lang='lat' dir='ltr'>accesserit,</span> <span class='ocrx_word' id='word_1_568' title='bbox 1516 2516 1614 2543; x_wconf 87' lang='lat' dir='ltr'>vestro</span> <span class='ocrx_word' id='word_1_569' title='bbox 1639 2516 1715 2542; x_wconf 89' lang='lat' dir='ltr'>Deus</span> <span class='ocrx_word' id='word_1_570' title='bbox 1742 2515 1870 2552; x_wconf 84' lang='lat' dir='ltr'>imputet</span> 
     </span>
    </p>
   </div>
   <div class='ocr_carea' id='block_1_84' title="bbox 1042 2558 1869 2593">
    <p class='ocr_par' dir='ltr' id='par_1_84' title="bbox 1042 2558 1869 2593">
     <span class='ocr_line' id='line_1_84' title="bbox 1042 2558 1869 2593; baseline 0.007 -9"><span class='ocrx_word' id='word_1_571' title='bbox 1042 2558 1156 2588; x_wconf 83' lang='lat' dir='ltr'>merito.</span> <span class='ocrx_word' id='word_1_572' title='bbox 1174 2559 1238 2593; x_wconf 82' lang='lat' dir='ltr'>Qua</span> <span class='ocrx_word' id='word_1_573' title='bbox 1258 2558 1295 2588; x_wconf 87' lang='lat' dir='ltr'>de</span> <span class='ocrx_word' id='word_1_574' title='bbox 1307 2567 1339 2587; x_wconf 87' lang='lat' dir='ltr'>re</span> <span class='ocrx_word' id='word_1_575' title='bbox 1352 2567 1421 2587; x_wconf 87' lang='lat' dir='ltr'>cum</span> <span class='ocrx_word' id='word_1_576' title='bbox 1445 2559 1482 2586; x_wconf 89' lang='lat' dir='ltr'>de</span> <span class='ocrx_word' id='word_1_577' title='bbox 1515 2559 1720 2592; x_wconf 85' lang='lat' dir='ltr'>ecclesiasticis</span> <span class='ocrx_word' id='word_1_578' title='bbox 1742 2560 1869 2590; x_wconf 79' lang='lat' dir='ltr'>utilitati-</span> 
     </span>
    </p>
   </div>
   <div class='ocr_carea' id='block_1_85' title="bbox 1041 2602 1868 2642">
    <p class='ocr_par' dir='ltr' id='par_1_85' title="bbox 1041 2602 1868 2642">
     <span class='ocr_line' id='line_1_85' title="bbox 1041 2602 1868 2642; baseline 0.006 -13"><span class='ocrx_word' id='word_1_579' title='bbox 1041 2602 1099 2630; x_wconf 89' lang='lat' dir='ltr'>bus</span> <span class='ocrx_word' id='word_1_580' title='bbox 1113 2605 1259 2637; x_wconf 80' lang='lat' dir='ltr'>ageretur,</span> <span class='ocrx_word' id='word_1_581' title='bbox 1274 2604 1446 2636; x_wconf 81' lang='lat' dir='ltr'>exercitium</span> <span class='ocrx_word' id='word_1_582' title='bbox 1462 2604 1584 2633; x_wconf 73' lang='lat' dir='ltr'>musicae</span> <span class='ocrx_word' id='word_1_583' title='bbox 1614 2604 1695 2638; x_wconf 87' lang='lat' dir='ltr'>artis,</span> <span class='ocrx_word' id='word_1_584' title='bbox 1724 2613 1780 2641; x_wconf 86' lang='lat' dir='ltr'>pro</span> <span class='ocrx_word' id='word_1_585' title='bbox 1807 2614 1868 2642; x_wconf 87' lang='lat' dir='ltr'>quo</span> 
     </span>
    </p>
   </div>
   <div class='ocr_carea' id='block_1_86' title="bbox 1041 2646 1867 2683">
    <p class='ocr_par' dir='ltr' id='par_1_86' title="bbox 1041 2646 1867 2683">
     <span class='ocr_line' id='line_1_86' title="bbox 1041 2646 1867 2683; baseline 0.005 -9"><span class='ocrx_word' id='word_1_586' title='bbox 1041 2646 1158 2675; x_wconf 88' lang='lat' dir='ltr'>favente</span> <span class='ocrx_word' id='word_1_587' title='bbox 1170 2647 1229 2675; x_wconf 90' lang='lat' dir='ltr'>Deo</span> <span class='ocrx_word' id='word_1_588' title='bbox 1246 2655 1305 2680; x_wconf 89' lang='lat' dir='ltr'>non</span> <span class='ocrx_word' id='word_1_589' title='bbox 1321 2648 1474 2681; x_wconf 84' lang='lat' dir='ltr'>incassum</span> <span class='ocrx_word' id='word_1_590' title='bbox 1490 2648 1656 2677; x_wconf 86' lang='lat' dir='ltr'>desudasse</span> <span class='ocrx_word' id='word_1_591' title='bbox 1670 2657 1717 2677; x_wconf 87' lang='lat' dir='ltr'>me</span> <span class='ocrx_word' id='word_1_592' title='bbox 1732 2650 1867 2683; x_wconf 84' lang='lat' dir='ltr'>memini.</span> 
     </span>
    </p>
   </div>
   <div class='ocr_carea' id='block_1_87' title="bbox 1041 2692 1866 2730">
    <p class='ocr_par' dir='ltr' id='par_1_87' title="bbox 1041 2692 1866 2730">
     <span class='ocr_line' id='line_1_87' title="bbox 1041 2692 1866 2730; baseline 0.006 -11"><span class='ocrx_word' id='word_1_593' title='bbox 1041 2694 1140 2720; x_wconf 88' lang='lat' dir='ltr'>vestra</span> <span class='ocrx_word' id='word_1_594' title='bbox 1165 2692 1254 2727; x_wconf 84' lang='lat' dir='ltr'>jussit</span> <span class='ocrx_word' id='word_1_595' title='bbox 1279 2693 1438 2721; x_wconf 85' lang='lat' dir='ltr'>auctoritas</span> <span class='ocrx_word' id='word_1_596' title='bbox 1475 2693 1606 2730; x_wconf 83' lang='lat' dir='ltr'>proferre</span> <span class='ocrx_word' id='word_1_597' title='bbox 1635 2693 1666 2722; x_wconf 88' lang='lat' dir='ltr'>in</span> <span class='ocrx_word' id='word_1_598' title='bbox 1687 2694 1866 2730; x_wconf 84' lang='lat' dir='ltr'>publicum:</span> 
     </span>
    </p>
   </div>
   <div class='ocr_carea' id='block_1_88' title="bbox 1041 2736 1867 2778">
    <p class='ocr_par' dir='ltr' id='par_1_88' title="bbox 1041 2736 1867 2778">
     <span class='ocr_line' id='line_1_88' title="bbox 1041 2736 1867 2778; baseline 0.005 -14"><span class='ocrx_word' id='word_1_599' title='bbox 1041 2738 1074 2768; x_wconf 84' lang='lat' dir='ltr'>ut</span> <span class='ocrx_word' id='word_1_600' title='bbox 1098 2736 1174 2767; x_wconf 86' lang='lat' dir='ltr'>sicut</span> <span class='ocrx_word' id='word_1_601' title='bbox 1197 2737 1357 2770; x_wconf 68' lang='lat' dir='ltr'>Ecclesium</span> <span class='ocrx_word' id='word_1_602' title='bbox 1384 2738 1550 2767; x_wconf 79' lang='lat' dir='ltr'>beatissimi</span> <span class='ocrx_word' id='word_1_603' title='bbox 1576 2739 1682 2769; x_wconf 83' lang='lat' dir='ltr'>Donati</span> <span class='ocrx_word' id='word_1_604' title='bbox 1696 2739 1830 2778; x_wconf 85' lang='lat' dir='ltr'>episcopi</span> <span class='ocrx_word' id='word_1_605' title='bbox 1841 2742 1867 2771; x_wconf 83' lang='lat' dir='ltr'>et</span> 
     </span>
    </p>
   </div>
  </div>
