3980 6176
189 174 264 233 381
977 193 982 196 ·
1586 167 2058 244 Μιοιωιιοσυε.

3427 192 3534 260 3ος

179 289 418 386 Πιψῂ
448 287 534 386 cui
561 288 682 344 Deo
721 293 963 386 auctore
989 291 1122 362 jure
1148 292 1385 386 vicario
1403 293 1755 386 praesidetis,
1791 299 1838 352 A
1872 299 2004 356 CAP.
2033 303 2121 360 VI.
2170 303 2310 362 Item
2360 305 2433 362 de
2487 306 2903 379 divisionibus,
2947 313 3004 368 et
3049 310 3531 386 interpretatigme

178 378 379 438 mirabili
406 377 645 433 nimium
677 379 981 435 schemate
1011 383 1341 452 peregistis,
1372 384 1454 439 ita
1485 383 1759 454 ejusdem

174 470 414 527 ministros
452 466 709 523 ecclesia
758 470 1184 528 honestissimo
1215 473 1758 546 decentissimoque

172 559 385 634 quodam
409 557 700 630 privilegio
729 559 958 615 cunctis
979 577 1130 632 pene
1164 578 1270 635 per
1299 564 1509 619 orbem
1534 563 1759 620 clericis

171 647 462 722 spectabiles
483 647 820 704 redderetis.
854 651 919 705 Et
947 666 1185 708 reverra
1216 654 1357 709 satis
1382 653 1565 710 habet
1585 654 1760 710 mira-

169 738 256 794 culi
280 741 328 794 et
351 736 608 809 optionis,
641 753 780 793 cum
809 743 1020 796 vestra
1067 742 1348 798 Ecclesiae
1383 743 1563 800 etiam
1589 744 1758 816 pueri

165 829 212 883 in
233 825 543 882 modulandi
586 827 785 883 studio
815 829 1106 901 perfectos
1135 831 1390 888 aliorum
1421 851 1762 907 usquequa-

166 932 254 989 que
273 915 515 971 locorum
547 922 832 988 superent
858 934 1050 990 senes,
1083 923 1381 995 vestrique
1420 924 1664 980 honoris
1690 941 1759 980 ac

163 1004 311 1060 meriti
348 1004 775 1077 perplurimum
824 1008 1230 1066 cumulabitur
1279 1012 1586 1080 celsitudo,
1619 1030 1760 1069 cum

163 1098 266 1167 post
284 1093 490 1165 priores
527 1096 728 1152 Patres
760 1100 925 1154 tanta
958 1114 1028 1154 ac
1054 1099 1186 1156 talis
1217 1103 1488 1158 Ecclesia
1514 1121 1622 1177 per
1649 1120 1758 1160 vos

163 1183 438 1238 studiorum
465 1186 801 1256 provenerit
828 1187 1140 1245 claritudo.
1173 1194 1378 1264 Itaque
1400 1192 1544 1264 quia
1563 1199 1756 1250 vestro

163 1276 252 1327 tam
274 1273 574 1330 commodo
621 1281 922 1349 praecepto
969 1294 1078 1334 nec
1111 1279 1272 1335 volui
1303 1284 1615 1354 contraire,
1648 1299 1757 1340 nec

157 1361 296 1428 valui,
323 1361 496 1418 offero
527 1363 927 1426 solertissima
968 1369 1306 1439 paternitati
1338 1375 1548 1428 vestra
1592 1373 1760 1429 Musi-

159 1467 221 1506 czs
243 1452 359 1507 artis
385 1453 639 1523 regulas,
673 1461 902 1527 quanto
932 1456 1188 1513 lucidius
1218 1464 1275 1514 et
1298 1459 1535 1517 brevius
1567 1463 1754 1534 potui,

159 1556 184 1595 a
213 1540 540 1614 philosophis
589 1543 949 1617 explicatas;
997 1563 1107 1604 nec
1153 1553 1355 1604 tamen
1399 1551 1612 1607 eadem
1660 1554 1758 1608 via

1871 480 2002 534 CAP.
2033 483 2142 536 VII.
2179 485 2256 538 De
2287 482 2572 542 afﬁnitate
2603 502 2823 543 vocum
2869 504 2976 560 per
3006 494 3265 566 quatuor
3291 495 3527 564 modos.

1870 570 2002 668 CAP.
2035 573 2173 668 VIII:
2205 576 2284 638 De
2472 574 2883 668 afﬁnitatibus,
2908 583 2965 638 et
2988 564 3038 634 bl
3059 584 3116 638 et
3150 564 3208 668 η

1868 656 2001 713 CAP.
2035 659 2118 715 IX.
2155 660 2296 717 Item
2337 663 2411 718 de
2439 663 2824 728 similitudine
2853 683 3091 736 vocum,
3124 656 3383 744 quarum
3409 671 3532 738 dia.-

1937 762 2130 818 pason
2159 749 2286 814 sola
2311 751 2571 823 perfecta
2601 757 2707 816 est.

1869 837 2001 892 CAP.
2033 840 2092 892 X.
2128 839 2273 898 Item
2303 840 2376 900 de
2421 841 2618 904 modis
2667 845 2725 908 et
2766 841 2900 900 falsi
2945 844 3087 904 meli
3129 847 3432 916 agnitione
3474 854 3530 908 et

1939 929 2322 990 correctione.

1869 1018 2001 1072 CAP.
2033 1018 2118 1074 XI.
2150 1021 2291 1084 Qua
2321 1036 2460 1090 vox,
2512 1023 2568 1082 et
2615 1036 2721 1076 cur
2760 1020 2819 1078 in
2861 1027 3040 1079 cantu
3081 1024 3347 1092 obtineat
3373 1026 3534 1100 prius

1938 1105 2202 1178 cipatum
2224 1109 2252 1164 ?

1868 1197 2002 1251 CAP.
2035 1196 2144 1252 XII.
2179 1199 2259 1254 De
2290 1197 2580 1254 divisione
2611 1202 2870 1272 quatuor
2895 1201 3216 1264 modorum
3246 1203 3308 1262 in
3329 1209 3488 1268 octo.

1868 1285 2000 1341 CAP.
2028 1285 2167 1342 XIII.
2203 1289 2282 1344 De
2312 1290 2446 1346 octo
2474 1287 2798 1344 modorum
2819 1290 3143 1360 agnitione,
3168 1293 3446 1354 acumine
3472 1300 3531 1358 et

1938 1376 2247 1443 gravitate.

1867 1460 1999 1514 CAP.
2033 1461 2164 1516 XIV.
2199 1461 2342 1517 Item
2371 1461 2445 1516 de
2472 1462 2656 1535 tropis
2680 1467 2737 1520 et
2765 1463 2976 1520 virtute
3009 1465 3275 1524 musica.

1867 1549 2000 1602 CAP.
2032 1551 2138 1604 XV.
2179 1551 2256 1604 De
2304 1551 2628 1612 commoda
2657 1550 2751 1607 vel
2794 1553 3216 1628 componenda
3254 1553 3528 1616 modula-

161 1628 215 1682 ad
237 1629 470 1700 plenum,
501 1647 701 1704 neque
733 1634 959 1691 eisdem
985 1635 1316 1694 insistendo
1344 1639 1611 1710 vestigiis
1637 1658 1648 1694 :
1697 1640 1759 1695 id
1795 1651 1836 1706 Β
1936 1636 2115 1692 tione.

161 1716 304 1773 solum
345 1737 672 1792 procurans
720 1724 885 1795 quod
938 1725 1347 1783 ecclesiasticae
1385 1730 1573 1801 prosit
1601 1729 1756 1786 utili-

160 1810 248 1880 tati,
269 1810 588 1883 nostrisque
621 1811 936 1869 subveniat
967 1815 1252 1885 parvulis.
1283 1817 1422 1874 Ideo
1449 1819 1610 1874 enim
1642 1819 1756 1874 hoc

159 1897 366 1954 studium
417 1899 708 1956 hactenus
755 1901 926 1957 latuit
970 1903 1358 1973 occultatum,
1407 1907 1571 1978 quia,
1616 1923 1756 1962 cum

156 2002 312 2044 revera
341 1994 484 2046 esset
528 1990 814 2058 arduum,
857 2007 980 2048 non
1029 1997 1116 2049 est
1171 2011 1208 2050 a
1251 1995 1518 2067 quolibet
1563 1997 1758 2052 humi-

157 2072 251 2129 liter
283 2077 676 2150 explanatum.
722 2079 894 2144 Quod
943 2096 1067 2153 qua
1108 2083 1423 2139 occasione
1469 2085 1612 2152 olim
1655 2101 1757 2156 ag-

158 2178 340 2232 gressus
363 2166 488 2234 sim,
519 2183 725 2240 quave
768 2167 1015 2228 utilitate
1044 2174 1101 2226 et
1127 2170 1472 2244 intentione,
1503 2189 1758 2247 perpau-

158 2251 217 2305 cis
239 2252 540 2311 absolvam.

628 2346 903 2416 Explicit
947 2349 1218 2417 epistola.

217 2429 432 2487 INCIPIT
468 2433 846 2490 PROLOGUS
887 2437 1190 2493 EIUSDEM
1229 2437 1297 2494 IN
1336 2439 1662 2496 MUSICAM.

203 2520 320 2574 Cum
345 2537 433 2576 me
460 2525 518 2578 et
561 2523 858 2579 naturalis
908 2525 1171 2581 conditio
1200 2531 1258 2583 et
1299 2527 1600 2584 honorum
1629 2528 1758 2584 imi-

154 2607 254 2662 tatio
279 2612 605 2667 communis
637 2612 902 2670 utilitatis
948 2614 1296 2686 diligentem
1346 2617 1566 2674 faceret
1603 2619 1756 2691 ccepi

150 2695 260 2751 inter
282 2699 385 2756 alia
407 2702 613 2758 studia
641 2703 938 2760 musicam
977 2705 1208 2761 tradere
1238 2707 1456 2779 pueris.
1489 2708 1755 2765 Tandem

152 2785 292 2842 adfuit
314 2790 450 2846 mihi
476 2790 690 2848 divina
721 2793 930 2862 gratia,
963 2797 1020 2850 et
1039 2794 1290 2867 quidam
1316 2812 1526 2852 eorum
1555 2798 1753 2855 imita-

151 2873 266 2958 tione
293 2878 536 2947 chordae,
573 2885 919 2937 nostrarum
966 2887 1246 2939 notarum
1285 2902 1402 2940 usu
1433 2887 1752 2956 exercitati,

150 2969 247 3019 ante
283 2969 444 3023 unius
493 2971 730 3025 mensis
771 2973 1030 3044 spatium
1076 2973 1301 3029 invisos
1351 2979 1408 3030 et
1454 2975 1755 3032 inauditos

148 3060 306 3111 cantus
348 3059 424 3115 ita
454 3061 659 3132 primo
704 3060 919 3117 Intuitu
965 3063 1375 3119 indubitanter
1405 3065 1751 3134 cantabant,

149 3145 191 3194 ut
221 3146 522 3202 maximum
579 3149 991 3220 spectaculum
1037 3150 1311 3223 plurimis
1352 3153 1752 3224 praeberetur:

147 3232 266 3300 quod
310 3239 500 3292 tamen
550 3238 664 3310 qui
708 3254 829 3294 non
877 3243 1072 3312 potest
1117 3239 1331 3311 facere,
1378 3243 1579 3310 nescio
1626 3259 1749 3316 qua

146 3316 286 3376 fronte
314 3340 372 3380 se
420 3327 728 3381 musicum
778 3326 872 3382 vel
917 3331 1221 3384 cautorem
1271 3330 1492 3386 audeat
1536 3331 1750 3386 dicere.

144 3408 336 3470 Maxime
362 3414 560 3488 itaque
615 3416 781 3472 dolui
831 3416 906 3472 de
955 3418 1172 3473 nostris
1222 3420 1586 3491 cantoribus,
1627 3420 1754 3492 qui,

144 3500 217 3552 etsi
236 3509 454 3560 centum
486 3505 670 3561 annis
695 3505 758 3560 in
809 3506 1065 3562 canendi
1117 3507 1314 3564 studio
1352 3513 1752 3580 perseverent,

143 3600 396 3662 nunquam
426 3597 639 3651 tamen
664 3594 757 3650 vel
786 3595 1104 3651 minimam
1135 3597 1531 3670 antiphonam
1557 3614 1664 3670 per
1693 3614 1755 3654 se

143 3677 290 3735 valent
317 3683 540 3755 efferre,
581 3701 820 3757 semper
862 3674 1178 3753 discentes,
1210 3691 1275 3741 ut
1302 3687 1384 3743 ait
1411 3687 1751 3760 Apostolus,

145 3768 184 3817 et
215 3781 500 3843 nunquam
551 3773 634 3829 ad
676 3772 999 3844 perfectam
1051 3773 1232 3844 hujus
1273 3775 1414 3830 artis
1445 3775 1755 3832 scientiam

143 3860 514 3921 pervenientes.
548 3861 813 3933 Cupiens
861 3861 1064 3934 itaque
1117 3866 1241 3918 tam
1289 3863 1428 3920 utile
1478 3869 1753 3924 nostrum

146 3944 350 4003 studium
399 3951 459 4008 in
505 3967 903 4010 communem
952 3952 1260 4009 utilitatem
1289 3954 1646 4027 expendere,
1678 3954 1753 4011 de

143 4034 294 4092 multis
314 4041 555 4096 musicis
603 4040 995 4110 argumentis,
1030 4056 1164 4113 qua
1196 4040 1468 4112 adjutore
1499 4044 1618 4098 Deo
1648 4057 1755 4114 per

142 4122 264 4180 Varia
289 4129 553 4200 tempora
585 4128 943 4201 conquisivi,
987 4129 1290 4202 quadam,
1322 4145 1458 4203 qua
1504 4131 1754 4189 cantori-

140 4203 222 4264 bus
244 4215 512 4283 proﬁcere
545 4215 795 4283 credidi,
827 4220 1056 4290 quanta
1085 4216 1252 4290 potui
1298 4216 1588 4273 brevitate
1617 4231 1752 4288 per-

143 4299 326 4371 strinxi;
356 4321 486 4378 quae
510 4305 682 4362 enim
707 4305 781 4361 de
812 4305 1046 4362 musica
1073 4305 1153 4361 ad
1181 4306 1522 4365 canendum
1552 4306 1752 4364 minus

139 4397 353 4460 Prosunt,
381 4400 487 4452 aut
518 4396 570 4450 si
618 4411 756 4467 qua
791 4409 865 4450 ex
907 4395 1000 4451 his
1025 4411 1163 4467 qua
1193 4395 1474 4452 dicuntur
1501 4411 1624 4450 non
1651 4412 1752 4452 va-

137 4469 224 4529 lent
255 4479 507 4556 intelligi,
541 4500 656 4540 nec
698 4486 1038 4539 memoratu
1068 4483 1254 4554 digna
1277 4484 1586 4555 judicavi;
1629 4499 1751 4544 non

136 4577 303 4625 curans
327 4572 398 4628 de
428 4574 526 4630 his
553 4573 604 4628 si
624 4573 1034 4648 quorumdam
1066 4574 1304 4630 animus
1332 4574 1576 4633 Iivescat
1598 4574 1744 4632 invi-

136 4649 223 4720 dia,
248 4657 382 4716 dum
411 4662 828 4735 quorumdam
859 4662 1134 4735 proﬁciat
1157 4662 1494 4737 disciplina.

609 4751 880 4821 Emplz’cit
914 4752 1222 4822 prologue.

467 4842 823 4898 INCIPIUNT
877 4843 1217 4897 CAPITULA
1256 4842 1354 4913 (9).

132 4917 394 4982 CAPIme
421 4932 464 4986 Ι.
499 4927 662 4996 Quid
688 4927 868 4986 faciat
890 4928 998 5002 qui
1025 4944 1089 4987 se
1114 4929 1194 4986 ad
1213 4929 1594 5002 disciplinam
1619 4946 1750 4992 mus

182 5010 295 5068 sica
321 5018 534 5087 parat?

131 5093 231 5153 CAP.
253 5103 314 5157 II.
353 5105 498 5170 Qua
528 5103 628 5160 vel
654 5104 864 5178 quales
889 5106 1007 5162 sint
1035 5109 1216 5178 nota,
1242 5105 1339 5162 vel
1367 5107 1551 5179 quot?

131 5182 230 5238 CAP.
258 5192 339 5247 III.
380 5195 462 5249 De
488 5192 884 5264 dispositione
913 5211 1123 5252 earum
1152 5195 1215 5250 in
1235 5195 1672 5252 monochordo.

130 5268 228 5328 CAP.
251 5279 330 5334 IV.
371 5280 608 5346 Quibus
633 5297 737 5338 sex
761 5283 1104 5344 modis_sibi
1124 5283 1386 5342 invicem
1409 5298 1584 5339 voces
1607 5284 1747 5354 jun-

177 5369 408 5426 guttur?

129 5442 227 5505 CAP.
238 5452 294 5508 ν.
313 5455 390 5511 De
402 5456 729 5530 diapason,
741 5461 800 5515 et
808 5474 916 5516 cur
929 5461 1163 5516 tantum
1174 5461 1404 5531 septem
1420 5458 1538 5520 sint
1551 5463 1707 5516 nota
1722 5461 1751 5516 7

176 5623 239 5698 (9)
271 5629 390 5687 Hoc
417 5631 748 5708 capitium
773 5634 839 5691 in
865 5634 1093 5693 ceteris
1124 5651 1271 5692 mss.
1295 5637 1389 5693 est
1416 5636 1738 5694 omissum.

1866 1726 2000 1781 CAP.
2034 1727 2164 1786 XVI.
2213 1729 2291 1782 De
2329 1726 2642 1800 multiplici
2670 1729 2952 1786 varietate
2986 1746 3275 1790 sonorum
3301 1736 3353 1787 et
3384 1748 3528 1788 neu-

1935 1831 2196 1885 marum.

1867 1907 1999 1961 CAP.
2031 1906 2190 1961 XVII.
2226 1905 2398 1972 Quod
2428 1907 2508 1962 ad
2537 1913 2781 1964 cantum
2806 1907 3094 1978 redigitur
3136 1925 3316 1965 omne
3358 1911 3528 1983 quod

1934 1994 2166 2050 dicitur.

1866 2084 1998 2139 CAP.
2030 2082 2210 2138 XVIII.
2241 2085 2321 2139 De
2341 2083 2690 2162 diaphonia,
2710 2085 2770 2140 id
2791 2089 2899 2151 est,
2923 2087 3133 2157 organi
3153 2091 3473 2160 pracepto.

1867 2174 1999 2228 CAP.
2029 2171 2156 2227 XIX.
2192 2172 2367 2228 Dicta
2391 2173 2732 2247 diaphonia
2755 2189 2861 2246 per
2886 2175 3162 2249 exempla
3190 2175 3487 2258 probatio.

1867 2261 1999 2316 CAP.
2027 2262 2130 2316 XX.
2166 2261 2481 2326 Quomodo
2520 2262 2754 2318 musica
2801 2278 2875 2318 ex
2919 2263 3276 2329 malleorum
3329 2265 3528 2332 sonitu

1939 2348 2012 2404 sit
2039 2348 2300 2406 inventa.
2864 2347 2866 2349 ’

2421 2440 2644 2495 CAPUT
2682 2440 2967 2496 PRIMUM.

1904 2525 2060 2592 Quid
2102 2525 2291 2592 faciat
2322 2526 2427 2597 qui
2451 2541 2512 2582 se
2542 2527 2623 2584 ad
2650 2528 3036 2597 disciplinam
3064 2530 3304 2586 musicae
3340 2531 3491 2586 artis

2585 2621 2771 2685 parat
2789 2620 2818 2671 εν

1935 2703 2116 2774 Igitur
2143 2704 2247 2777 qui
2281 2708 2552 2761 nostram
2582 2704 2962 2778 disciplinam
2993 2705 3156 2779 petit,
3188 2706 3526 2782 aliquantos

1865 2798 2074 2849 cantus
2100 2792 2316 2849 nostris
2361 2793 2515 2849 notis
2547 2793 2876 2867 descriptos
2909 2794 3204 2866 addiscat,
3230 2795 3291 2851 in
3318 2811 3528 2857 mono-

1864 2882 2072 2937 chordi
2097 2899 2211 2937 usu
2237 2898 2487 2938 manum
2519 2886 2806 2950 exerceat,
2835 2884 3069 2957 hasque
3099 2884 3337 2955 regulas
3368 2900 3526 2968 sape

1865 2971 2202 3039 meditetur,
2217 2971 2428 3040 donec,
2447 2972 2500 3027 vi
2524 2976 2580 3028 et
2599 2976 2816 3028 natura
2841 2990 3059 3030 vocum
3075 2974 3334 3045 Cognita,
3360 2974 3526 3044 igno-

1864 3064 1958 3115 tos
1991 3065 2055 3115 ut
2083 3065 2256 3116 notos
2287 3065 2496 3115 cantus
2524 3061 2783 3116 suaviter
2809 3067 3003 3118 canat.
3032 3063 3139 3120 Sed
3165 3063 3309 3136 quia
3330 3079 3524 3134 voces,

1865 3166 2001 3222 qua
2023 3150 2202 3220 hujus
2232 3149 2375 3204 artis
2400 3150 2597 3227 prima
2620 3155 2759 3206 sunt
2788 3150 3201 3218 fundamenta,
3230 3152 3290 3207 in
3317 3167 3528 3216 mono-

1867 3238 2092 3294 chordo
2123 3238 2333 3293 melius
2363 3239 2684 3305 intuemur,
2713 3241 3020 3312 quomodo
3052 3257 3153 3304 eas
3179 3240 3406 3296 ibidem
3428 3257 3526 3297 ars

1863 3332 2146 3384 naturam
2175 3327 2405 3383 imitata
2435 3327 2736 3398 discrevit,
2766 3328 3041 3400 primitus
3079 3327 3416 3384 videamus.

2537 3419 2758 3473 CAPUT
2797 3417 2862 3472 II.

2028 3506 2166 3573 Quae
2196 3507 2289 3562 vel
2318 3507 2524 3577 quales
2550 3507 2668 3561 sint
2699 3512 2873 3576 nota,
2909 3507 3002 3562 vel
3031 3511 3173 3577 quot
3203 3506 3316 3576 (IO)
3342 3511 3370 3561 ἵ

1935 3597 2095 3650 Nota
2142 3598 2343 3650 autem
2373 3595 2434 3649 in
2459 3594 2874 3650 monochordo
2903 3595 2996 3649 ha
3028 3598 3182 3650 sunt.
3227 3594 3290 3648 In
3321 3593 3529 3674 primis

1865 3687 2124 3756 ponatur
2142 3687 2197 3736 Γ.
2215 3697 2478 3752 gracum
2498 3698 2534 3738 a
2546 3681 2852 3737 modernis
2870 3681 2966 3752 adj
2975 3687 3242 3737 unctum.
3266 3683 3532 3754 Sequun-

1863 3775 1958 3826 tur
1989 3775 2215 3843 septem
2238 3771 2541 3843 alphabeti
2567 3771 2768 3826 littera
2796 3785 3030 3839 graves,
3058 3769 3314 3842 ideoque
3341 3770 3533 3840 majo-

1862 3858 2028 3913 ribus
2048 3857 2252 3914 litteris
2278 3857 2574 3927 insignita
2595 3859 2710 3913 hoc
2734 3857 2936 3912 modo.
2957 3856 3003 3911 Α
3021 3859 3060 3911 Β
3082 3859 3122 3912 C
3141 3860 3183 3911 D
3208 3859 3248 3911 E
3264 3859 3376 3912 FG.
3396 3859 3533 3912 Post

1862 3947 1974 4003 has
2001 3948 2092 4002 ha
2119 3946 2347 4002 eadem
2395 3950 2623 4018 septem
2671 3946 2877 4001 littera
2921 3949 3111 4000 acuta
3156 3949 3527 4016 repetuntur,

1864 4035 1970 4092 sed
1997 4035 2333 4092 minoribus
2361 4034 2566 4090 litteris
2613 4033 3051 4100 describuntur,
3082 4033 3145 4088 in
3176 4032 3397 4104 quibus
3446 4037 3531 4088 ta-

1860 4142 2002 4182 men
2017 4125 2169 4182 inter
2181 4141 2235 4180 a.
2253 4128 2310 4179 et
2327 4107 2383 4206 ﬁ
2413 4124 2594 4180 aliam
2616 4123 2676 4178 b.
2695 4122 3193 4195 ponimus,quam
3206 4123 3530 4206 rotundam

1860 4214 2155 4284 facimus;
2197 4201 2447 4270 alteram
2493 4228 2632 4267 vero
2675 4211 3132 4284 quadravimus.
3188 4213 3272 4268 Ita
3303 4228 3358 4268 a.
3386 4211 3448 4268 b.
3477 4201 3534 4296 βπ

1863 4320 1914 4359 c.
1947 4304 2008 4360 d.
2037 4321 2090 4360 e.
2122 4304 2162 4360 f.
2197 4319 2253 4373 g.
2282 4301 2575 4358 Addimus
2607 4301 2699 4356 his
2720 4301 2946 4357 eisdem
2970 4301 3194 4370 litteris,
3217 4301 3321 4357 sed
3346 4301 3532 4359 variis

1859 4394 2068 4464 ﬁguris
2094 4391 2543 4451 tetrachordum
2570 4395 3091 4549 superacatarum,
3122 4392 3184 4447 in
3210 4407 3332 4465 quo
3361 4392 3421 4447 b.
3458 4391 3532 4447 si-

2689 4496 2725 4536 a
2751 4481 2791 4537 b
2903 4497 2934 4536 c
2963 4480 3004 4535 d

2689 4480 3004 4537 abUcd

1859 4571 2072 4630 militer
2117 4570 2519 4642 duplicamus,
2571 4569 2653 4626 ita
2689 4585 2726 4625 a
2755 4550 2936 4648 hac
2983 4570 3043 4625 d.
3093 4573 3189 4625 Ha
3239 4570 3442 4624 littera
3491 4584 3527 4624 a

1857 4659 2060 4716 multis
2105 4659 2386 4714 dicuntur
2413 4657 2770 4730 superﬂua;
2814 4673 2926 4714 nos
2961 4662 3162 4713 autem
3200 4655 3525 4712 maluimus

1860 4749 2193 4821 abundare,
2209 4764 2396 4822 quam
2417 4747 2690 4808 deficere.
2716 4747 2890 4804 Fiunt
2903 4748 3105 4819 itaque
3118 4745 3296 4802 simul
3313 4760 3526 4801 omnes

3223 4829 3528 4901 abﬁcd

1857 4927 1986 4995 XXI,
2009 4923 2893 4982 hocmodol‘ABCDEFG.ab
2920 4881 3530 5011 Hedefgabacd

1858 5018 2125 5082 Quarum
2146 5014 2459 5088 dispositio
2481 5030 2622 5074 cum
2641 5029 2678 5069 a
2701 5008 3048 5069 doctoribus
3078 5012 3182 5064 aut
3208 5008 3418 5067 fuisset
3442 5012 3529 5065 ta-

1858 5106 1992 5175 cita.
2023 5109 2127 5167 aut
2173 5104 2358 5168 nimia
2403 5103 2763 5159 obscuritate
2810 5099 3116 5174 perplexa,
3150 5097 3321 5155 adest
3358 5115 3520 5155 nunc

1857 5193 2038 5255 etiam
2065 5193 2267 5264 pueris
2295 5191 2552 5254 breviter
2581 5205 2650 5247 ac
2682 5187 3030 5261 plenissime
3056 5187 3370 5260 explicata.

2504 5279 2728 5334 CAPUT
2777 5277 2871 5332 III.

2046 5371 2135 5430 De
2161 5367 2545 5437 dispositione
2568 5381 2776 5430 earum
2798 5367 2861 5422 in
2889 5365 3315 5424 monochordo.

1927 5463 1984 5513 I‘.
2017 5456 2217 5528 itaque
2242 5454 2306 5510 in
2347 5453 2557 5527 primis
2586 5453 2768 5511 afﬁxa
2792 5453 2870 5511 ab
2902 5469 2974 5511 ea
3003 5469 3194 5527 usque
3225 5453 3305 5510 ad
3332 5452 3517 5512 ﬁnem

1923 5635 2038 5707 (10)
2058 5633 2364 5705 Admont.,
2381 5633 2470 5691 De
2488 5647 2738 5692 numero
2757 5638 2815 5692 et
2834 5633 3199 5692 damensione
3210 5634 3495 5688 notarum
