4018 6176
397 188 500 263 383

395 328 736 401 subjectum
759 326 998 383 chordae
1045 326 1305 399 spatium
1336 343 1445 401 per
1471 343 1692 385 novem
1721 328 1960 401 partire,
1992 331 2048 383 et
2084 332 2131 384 Α

391 417 457 475 in
484 417 738 475 termino
764 416 971 488 primae
1011 432 1187 472 nonae
1213 417 1402 490 partis
1435 422 1482 473 A
1510 419 1768 475 litteram
1802 434 1981 492 pone,
2016 433 2052 473 a

391 523 517 581 qua
545 520 756 563 omnes
786 505 1016 578 antiqui
1059 505 1248 562 fecere
1284 508 1667 582 principium.
1704 512 1845 563 Item
1874 506 1950 562 ab
1981 511 2045 562 A.

391 594 473 651 ad
499 592 685 649 ﬁnem
713 609 877 651 nona
919 593 1166 652 collecta
1192 601 1382 669 parte,
1416 596 1629 652 eodem
1659 596 1843 651 modo
1874 598 1933 650 Β.
1965 593 2052 650 lit-

388 685 583 739 teram
620 682 829 754 junge.
859 684 999 739 Post
1021 684 1149 740 haec
1195 684 1274 740 ad
1316 690 1369 741 I‘.
1400 690 1703 741 revertens
1739 684 1817 740 ad
1862 684 2051 739 tinem

388 786 584 844 usque
609 771 817 828 metire
860 788 970 846 per
1011 773 1125 828 IllI.
1159 778 1218 831 et
1246 773 1308 830 in
1336 773 1545 847 primae
1577 774 1763 847 partis
1795 772 2052 829 termino

388 857 661 917 invenies
682 862 742 917 C.
778 861 1121 934 Eademque
1146 862 1440 918 divisione
1460 879 1568 937 per
1595 863 1712 917 IIII.
1738 861 1889 918 sicut
1913 876 2053 916 cum

393 952 433 1000 Γ
450 947 766 1005 inventum
786 954 878 1006 est
902 953 961 1007 C.
982 950 1157 1006 simili
1187 951 1371 1007 modo
1390 968 1498 1025 per
1519 951 1792 1008 ordinem
1815 967 1954 1007 cum
1982 953 2050 1005 A.

392 1036 664 1094 invenies
734 1041 810 1108 D;
873 1055 1013 1095 eum
1081 1043 1139 1096 Β.
1197 1041 1459 1097 invenies
1521 1044 1596 1110 E;
1660 1044 1716 1097 et
1782 1056 1923 1097 cum
1988 1042 2048 1097 C.

394 1126 666 1183 invenies
700 1131 769 1196 F;
800 1132 857 1184 et
885 1144 1024 1184 cum
1054 1133 1117 1184 ι).
1151 1129 1419 1185 invenies
1448 1132 1488 1186 (ἶ
1517 1148 1530 1199 ;
1558 1134 1776 1187 etcum
1807 1133 1868 1186 E.
1893 1130 2056 1185 inve-

395 1215 525 1271 nies
560 1219 607 1270 A
636 1220 989 1284 acutum,‘et
1031 1234 1170 1274 cum
1215 1222 1271 1274 F.
1303 1219 1573 1276 invenies
1615 1220 1677 1276 b.
1710 1218 2051 1276 rotandam.

396 1305 540 1369 Quae
564 1318 707 1361 vero
736 1312 1086 1378 sequuntur,
1120 1307 1406 1364 similium
1458 1313 1517 1365 et
1545 1309 1899 1366 earumdem
1928 1324 2058 1365 om-

393 1406 501 1447 nes
525 1408 634 1464 per
663 1392 938 1450 ordinem
986 1397 1334 1454 medietates
1372 1398 1542 1455 facile
1583 1398 1963 1469 colliguntur,
1991 1404 2058 1455 ut

394 1484 544 1552 puta
675 1483 740 1538 B.
773 1499 965 1556 usque
994 1485 1072 1541 ad
1119 1486 1304 1542 ﬁnem
1333 1488 1396 1544 in
1438 1487 1638 1565 medio
1674 1487 1869 1561 spatio
1896 1503 2055 1561 pone

727 1553 1121 1648 Similiterque
1165 1578 1225 1632 C.
1276 1557 1541 1645 signabit
1588 1553 1770 1632 aliain
1801 1592 1850 1632 c.
1894 1553 1951 1633 et
1988 1580 2052 1634 D.

395 1657 576 1716 aliam
623 1657 683 1718 d'.
716 1666 775 1719 et
802 1666 862 1718 E.
892 1664 1074 1721 aliam
1120 1682 1170 1722 c.
1204 1670 1261 1723 et
1306 1670 1363 1723 Υ.
1408 1667 1591 1723 aliam
1621 1667 1661 1723 f.
1694 1672 1751 1723 et
1780 1668 1843 1722 G.
1878 1666 2059 1725 aliam
2095 1677 2140 1731 Β

903 1766 941 1808 a
1412 1754 1456 1812 b
1898 1739 1957 1830 ti

395 1864 454 1919 g.
484 1856 541 1906 et
584 1869 638 1909 a.
672 1852 853 1910 aliam
902 1870 958 1912 a.
1007 1861 1063 1911 et
1109 1857 1382 1950 b._aliam
1419 1863 1479 1918 b.
1510 1867 1567 1919 et
1604 1865 1661 1943 ει
1696 1859 1964 1950 διὶᾶωη
2003 1871 2063 1922 et

705 1957 737 1995 c
1166 1946 1208 2002 d

396 2043 448 2082 c.
482 2027 662 2084 aliam
705 2046 755 2085 c.
784 2035 841 2086 et
870 2032 929 2088 d.
968 2033 1152 2091 aliam
1183 2037 1242 2093 d.
1280 2039 1500 2097 Eodem
1541 2040 1725 2099 modo
1755 2058 1967 2114 posses
1996 2060 2059 2100 in

396 2114 699 2172 inﬁnitum
749 2118 830 2176 ita
870 2123 1151 2193 progredi
1199 2143 1438 2184 sursum
1487 2129 1583 2185 vel
1609 2130 1913 2194 deorsum,
1948 2132 2056 2188 nisi

397 2203 539 2259 artis
567 2212 936 2281 praeceptum
966 2228 1076 2268 sua
1106 2219 1156 2269 te
1188 2217 1540 2274 auctoritate
1572 2226 1999 2292 compesceret.

468 2294 550 2349 De
576 2295 1002 2369 multiplicibus
1032 2302 1403 2377 diversisque
1429 2308 1827 2367 divisionibus
1854 2326 2061 2366 mono-

396 2380 607 2437 chordi
634 2400 820 2442 unam
842 2391 1117 2460 apposui,
1140 2399 1204 2448 ut
1227 2411 1366 2451 cum
1382 2413 1419 2451 a
1443 2396 1642 2452 multis
1670 2399 1749 2453 ad
1776 2415 1957 2455 unam
1976 2399 2063 2454 in-

397 2470 759 2545 tenderetur,
804 2476 928 2534 sine
986 2482 1270 2554 scrupulo
1318 2491 1647 2557 caperetur.
1721 2488 2062 2545 Praesertim

398 2574 540 2615 cum
566 2559 638 2617 sit
670 2566 845 2620 tantae
878 2566 1164 2641 utilitatis,
1198 2578 1262 2627 ut
1293 2578 1348 2629 et
1388 2573 1557 2630 facile
1592 2575 1974 2646 intelligatur,
2007 2581 2064 2633 et

398 2650 462 2702 ut
485 2647 780 2708 intellecta
810 2654 908 2709 vix
947 2656 1350 2716 obliviscatur.
1385 2662 1548 2717 Alius
1599 2662 1907 2721 dividendi
1937 2683 2064 2723 mo-

395 2733 510 2790 dus
538 2737 822 2810 sequitur,
853 2743 953 2814 qui
981 2746 1088 2801 etsi
1121 2748 1321 2803 minus
1351 2750 1660 2805 memoriae
1687 2752 1785 2823 adj
1798 2754 2058 2823 ungitur,

396 2838 468 2878 eo
498 2827 699 2881 tamen
731 2832 1216 2891 monOchordum
1247 2836 1540 2893 velociore
1572 2838 1866 2897 celeritate
1898 2858 2059 2897 com-

396 2911 658 2982 ponitur,
702 2914 817 2971 hoc
866 2920 1088 2976 modo:
1133 2940 1269 2978 cum
1299 2925 1565 2997 primum
1609 2942 1645 2981 a
1675 2932 1730 2981 Γ.
1764 2928 1844 2983 ad
1872 2927 2055 2985 ﬁnem

1767 198 2097 260 GUIDONIS
2114 186 2117 195 ⁷
2134 174 2436 262 Ausum.

3720 213 3830 267 384

2817 334 3045 394 CAPUT
3083 336 3169 393 IV.

2197 438 2418 506 Quibus
2445 458 2551 499 sex
2581 443 2766 500 modis
2792 445 2905 501 sibi
2932 442 3179 503 invicem
3226 461 3392 503 voces
3405 448 3790 517 jungantur.

2228 545 2540 619 Dispositis
2577 549 2778 623 itaque
2809 552 3057 607 vocibus
3096 552 3250 608 inter
3279 568 3493 609 vocem
3522 556 3583 609 et
3612 568 3833 609 vocem

2158 634 2308 691 alias
2336 639 2535 709 majus
2581 642 2840 712 spatium
2869 641 3145 711 cernitur,
3174 646 3238 699 ut
3271 641 3427 699 inter
3470 649 3531 698 1‘.
3564 646 3626 699 et
3672 644 3742 699 Α.
3772 647 3836 699 et

2158 722 2308 780 inter
2348 728 2413 781 A.
2469 730 2527 784 et
2570 730 2629 785 Β.
2677 729 2823 787 alias
2869 730 3094 799 minus,
3140 735 3207 788 ut
3252 732 3405 787 inter
3445 732 3513 789 Β.
3559 736 3623 788 et
3668 733 3729 789 C.
3772 736 3838 787 et

2158 812 2325 887 reliq.
2359 818 2427 872 Et
2444 818 2644 889 majus
2662 819 2909 893 quidem
2939 819 3200 894 spatium
3229 825 3408 877 tonus
3433 820 3688 877 dicitur:
3720 820 3837 877 Ini-

2158 917 2277 958 nus
2302 918 2444 961 vero
2487 906 2889 974 semitonium,
2919 909 3096 966 semis
3124 908 3417 976 videlicet,
3448 908 3511 964 id
3551 914 3666 977 est,
3699 924 3835 965 non

2158 991 2373 1065 plenus
2389 998 2587 1051 tonus.
2612 996 2761 1053 Item
2783 997 2935 1054 inter
2963 998 3231 1072 aliquam
3257 1014 3471 1055 vocem
3500 1001 3561 1054 et
3588 998 3836 1054 tertiam

2162 1095 2199 1136 a
2227 1097 2289 1136 se
2316 1085 2443 1138 tum
2472 1083 2713 1141 ditonus
2739 1090 2847 1156 est,
2865 1086 2927 1142 id
2954 1091 3061 1157 est,
3092 1087 3215 1143 duo
3238 1087 3382 1155 toni,
3404 1091 3536 1143 uta
3566 1089 3627 1144 C.
3654 1086 3732 1142 ad
3762 1089 3833 1142 E.

2161 1172 2292 1225 tum
2318 1170 2729 1242 semiditonus,
2747 1175 2852 1247 qui
2870 1175 3053 1233 habet
3071 1181 3304 1233 tantum
3332 1180 3545 1232 tonum
3566 1180 3625 1231 et
3645 1175 3836 1231 semi-

2163 1258 2415 1327 tonium,
2444 1265 2511 1317 ut
2539 1277 2576 1318 a
2618 1265 2662 1318 D
2700 1263 2760 1320 in
2803 1266 2860 1320 F.
2894 1268 2952 1321 et
2986 1264 3153 1338 reliq.
3200 1265 3583 1322 Diatessaron
3620 1267 3836 1320 autem

2164 1351 2275 1416 est,
2306 1364 2447 1404 cum
2488 1349 2640 1408 inter
2667 1352 2820 1410 duas
2849 1369 3027 1411 voces
3063 1369 3429 1427 quocunque
3481 1352 3672 1410 modo
3702 1351 3837 1409 duo

2166 1440 2303 1492 sunt
2329 1438 2474 1510 toni,
2491 1444 2545 1495 et
2577 1456 2765 1497 unum
2794 1442 3199 1515 semitonium,
3218 1442 3380 1499 utab
3398 1446 3468 1498 Α.
3496 1441 3580 1498 ad
3605 1444 3673 1497 Ι).
3707 1444 3772 1497 et
3798 1456 3838 1497 a

2164 1525 2228 1581 B.
2261 1525 2322 1582 in
2354 1529 2414 1583 E.
2461 1532 2520 1584 et
2556 1529 2721 1603 reliq.
2756 1531 3038 1605 Diapente
3080 1548 3222 1589 vero
3270 1547 3392 1589 uno
3436 1536 3585 1589 tono
3629 1530 3838 1601 major

2146 1620 2278 1683 est,
2311 1632 2450 1673 cum
2495 1618 2648 1675 inter
2689 1621 2985 1693 quaslibet
3030 1638 3212 1679 voces
3256 1625 3375 1678 tres
3427 1624 3571 1678 sunt
3598 1619 3741 1687 toni,
3773 1622 3837 1675 et

2169 1720 2360 1761 unum
2405 1708 2807 1777 semitonium,
2835 1715 2901 1766 ut
2925 1711 3003 1768 ab
3032 1716 3099 1767 Α.
3138 1712 3204 1768 in
3246 1714 3306 1767 Ε.
3339 1715 3397 1767 et
3425 1726 3463 1767 a
3491 1710 3554 1765 Ο.
3585 1712 3645 1766 in
3678 1711 3743 1766 (ἱ.
3775 1711 3838 1766 et

2166 1794 2334 1867 reliq.
2387 1795 2582 1852 Habes
2632 1797 2833 1871 itaque
2881 1816 2984 1856 sex
3022 1815 3242 1857 voeum
3282 1797 3739 1864 consonantiae,
3771 1795 3834 1853 id

2167 1888 2273 1949 est,
2343 1888 2576 1953 tonum,
2659 1887 3061 1956 semitonium,
3131 1888 3427 1957 ditonum,
3518 1884 3834 1942 semidito-

2166 1990 2338 2042 num,
2411 1973 2809 2047 diatessaron,
2875 1983 2932 2034 et
3001 1978 3298 2051 diapente.
3380 1976 3534 2049 [(12)
3601 1974 3835 2039 Quibus

2168 2061 2367 2117 adhuc
2396 2064 2807 2120 consonantiis
2838 2064 2971 2120 duae
3009 2065 3139 2121 alia:
3177 2065 3503 2122 modorum
3534 2062 3773 2136 species
3798 2078 3835 2117 a

2167 2151 2473 2207 nonnullis
2502 2153 2847 2209 cantoribus
2880 2153 3389 2227 superadduntur,
3410 2153 3531 2209 hoc
3560 2157 3675 2222 est,
3707 2150 3838 2207 dia-

2168 2244 2345 2313 pente
2373 2257 2513 2296 cum
2540 2242 2886 2299 semitonio:
2921 2248 2984 2299 ut
3012 2243 3090 2299 ab
3122 2245 3182 2298 E.
3207 2243 3287 2299 ad
3315 2259 3366 2299 c.
3398 2243 3674 2314 ltem1ue
3702 2240 3833 2295 dia-

2167 2332 2346 2400 pente
2377 2344 2514 2383 cum
2547 2333 2720 2384 tono:
2754 2334 2820 2387 ut
2848 2347 2884 2386 a
2913 2334 2973 2388 C.
2992 2330 3071 2388 ad
3102 2347 3157 2387 a.
3185 2330 3549 2403 Adjungitur
3574 2328 3760 2384 etiam
3781 2333 3836 2383 et

2168 2408 2499 2489 diapason.
2516 2419 2659 2484 Qua:
2687 2421 2828 2492 quia
2852 2436 2987 2476 raro
3014 2420 3415 2487 inveniuntur,
3442 2435 3481 2475 a
3511 2417 3695 2473 nobis
3731 2415 3836 2472 mi-

2170 2520 2285 2560 nus
2327 2506 2480 2563 inter
2524 2509 2610 2562 VI.
2658 2512 3152 2566 annumerantur.
3205 2508 3319 2565 Sed
3366 2507 3540 2576 origo
3580 2504 3834 2578 quidem

2169 2595 2464 2668 diapason
2494 2614 2631 2670 quae
2654 2602 2710 2654 et
2731 2598 2928 2672 qualis
2957 2598 3049 2666 sit,
3078 2598 3185 2671 qui
3215 2596 3525 2653 studiosus
3556 2610 3837 2668 perscru-

2169 2689 2347 2753 tatur,
2365 2684 2425 2740 in
2458 2687 2847 2758 sequentibus
2875 2687 3181 2761 reperiet.]
3210 2687 3277 2741 In
3304 2685 3470 2742 nullo
3501 2684 3672 2741 enim
3694 2698 3835 2740 can-

2168 2776 2231 2827 tu
2261 2772 2391 2829 aliis
2422 2775 2618 2830 modis
2660 2792 2778 2831 vox
2824 2776 2958 2832 voci
3000 2777 3108 2832 rite
3160 2772 3568 2846 conjungitur,
3602 2772 3701 2828 vel
3752 2770 3835 2826 in-

2168 2863 2624 2935 tendendo,-vel
2671 2865 3045 2921 remittendo.
3094 2866 3194 2921 His
3238 2863 3663 2935 adjunguntur
3703 2875 3836 2932 sep-

2167 2954 2306 3027 tem,
2336 2951 2395 3023 (i.
2430 2956 2483 3017 e)
2514 2953 2813 3026 diapason
2838 2973 2851 3023 ;
2895 2971 3033 3027 quae
3062 2954 3208 3026 quia
3235 2968 3372 3010 raro
3412 2950 3828 3018 inveniuntur,

395 3013 612 3070 passus
645 3018 912 3111 bovem,
944 3008 1009 3107 id
1057 3016 1163 3081 est,
1212 3013 1534 3085 particulas
1577 3013 1777 3082 facies,
1822 3017 2053 3089 primus
2093 3008 2365 3097 cibin'u‘s
2418 3008 3318 3100 ὣιθνὶίίαξέηξῇᾦξτῶὧ,
3377 3044 3641 3111 Cumque
3698 3008 3833 3095 tan;

395 3174 460 3231 in
494 3178 560 3234 D.
594 3186 846 3252 quartus
877 3190 1089 3243 vacat:
1140 3191 1386 3262 quintus
1430 3192 1492 3249 in
1539 3208 1594 3250 a.
1646 3200 1846 3251 sextus
1884 3195 1947 3252 in
1991 3196 2051 3253 d.

841 3289 882 3332 8.

397 3356 687 3428 septimus
734 3360 795 3416 in
844 3380 898 3418 a.
945 3366 1157 3440 reliqui
1186 3376 1441 3426 vacant:
1490 3372 1634 3427 Item
1681 3389 1821 3429 cum
1852 3374 1949 3430 ab.
1984 3378 2052 3433 A.

396 3460 586 3516 usque
616 3446 693 3501 ad
723 3449 908 3505 ﬁnem
938 3456 1186 3509 novenis
1216 3458 1503 3528 passibus
1534 3460 1790 3531 partiris,
1823 3462 2055 3533 primus

392 3546 610 3602 passus
641 3536 1052 3593 terminabitur
1078 3539 1140 3594 in
1172 3544 1231 3596 Β.
1267 3545 1568 3600 secundus
1595 3552 1769 3603 vacat
1795 3564 1807 3602 ε
1851 3549 2054 3604 tertius

394 3618 456 3672 in
478 3620 540 3674 E.
563 3626 814 3691 quartus
840 3632 1053 3681 vacat:
1081 3631 1331 3700 quintus
1360 3632 1423 3687 in
1449 3622 1507 3710 bi
1536 3641 1735 3691 sextus
1755 3636 1817 3692 in
1838 3654 1889 3692 e.
1917 3653 2051 3710 sep-

701 3717 761 3813 bi

394 3831 574 3888 timus
611 3833 671 3924 in
697 3825 989 3924 reliqui
1018 3846 1252 3897 vacant.
1288 3843 1433 3899 ltem
1458 3862 1598 3902 cum
1627 3863 1664 3903 a
1695 3855 1732 3900 Γ
1761 3849 1842 3904 ad
1864 3849 2051 3906 ﬁnem

392 3922 701 3992 quaternis
732 3922 968 3994 dividis,
1002 3928 1233 4000 primus
1276 3947 1492 4003 passus
1534 3937 1954 3994 terminabitur
1987 3939 2052 3995 in

394 4011 453 4066 C.
484 4013 785 4069 secundus
809 4016 871 4071 in
902 4019 964 4074 (ἱ.
1003 4019 1202 4075 tertius
1230 4022 1290 4076 in
1322 4038 1377 4091 g.
1410 4029 1661 4096 quartus
1690 4026 1837 4083 ﬁnit.
1870 4029 1961 4083 Ab
1987 4030 2047 4086 C.

390 4114 530 4155 vero
558 4100 637 4156 ad
666 4102 850 4160 tinem
876 4106 1141 4164 similiter
1181 4117 1442 4182 quatuor
1471 4129 1784 4185 passuum.
1818 4118 2051 4188 primus

1995 4222 2031 4265 ο

395 4275 810 4335 terminabitur
854 4282 915 4337 in
967 4287 1029 4339 Ε.
1078 4287 1379 4343 secundus
1429 4289 1490 4345 in
1541 4306 1592 4349 c.
1645 4292 1848 4349 tertius
1889 4295 1952 4351 in
1995 4313 2048 4352 c.

393 4367 643 4433 quartus
661 4366 802 4455 linit.
823 4370 911 4424 Ab
936 4374 991 4426 F.
1011 4389 1149 4429 vero
1167 4380 1598 4445 quaternorum
1619 4395 1917 4452 passuum
1932 4384 2049 4455 pri-
2086 4376 2149 4432 [Γ

393 4465 530 4504 mus
562 4454 977 4513 terminabitur
1018 4460 1079 4514 in
1117 4461 1178 4516 b.
1209 4464 1558 4532 rotundum,
1589 4470 1889 4526 secundus
1916 4454 1979 4527 in
2004 4471 2044 4529 f.

393 4539 597 4594 tertius
626 4541 687 4597 in
729 4562 758 4598 c
797 4545 932 4618 (Η).
974 4553 1021 4602 Α
1050 4549 1109 4604 b.
1141 4566 1295 4633 vero
1313 4555 1575 4612 rotunda
1611 4564 1873 4629 quatuor
1904 4576 2048 4633 pas-

1286 4628 1346 4736 b]
1905 4628 1927 4633 ’
1985 4664 2021 4704 a

392 4749 571 4791 suum
599 4735 658 4790 in
700 4740 968 4797 secundo
997 4742 1262 4802 invenies
1288 4742 1346 4839 ﬁ
1367 4749 1576 4823 reliqui
1605 4757 1840 4809 vacant.
1872 4753 1963 4810 Ab
1989 4770 2044 4810 a.

390 4838 534 4879 vero
564 4836 924 4900 superacuta
953 4840 1214 4904 quatuor
1242 4836 1554 4910 passuum,
1582 4840 1643 4895 in
1664 4842 1862 4914 primo
1886 4844 2047 4900 inve-

393 5000 521 5057 nies
550 5004 609 5059 d.
641 5007 852 5082 reliqui
886 5017 1120 5068 vacant.
1142 5018 1207 5071 Et
1225 5017 1299 5071 de
1320 5017 1815 5091 dispositionibus
1840 5019 1901 5075 hi
1925 5020 2048 5078 duo

393 5092 738 5181 regularum
771 5101 932 5155 modi
966 5101 1280 5175 sufﬁciant,
1313 5123 1575 5179 quorum
1616 5109 1887 5181 superior
1915 5110 2048 5181 qui-

395 5178 536 5234 dem
564 5192 784 5240 modus
817 5189 892 5243 ad
912 5178 1377 5251 memorandum
1407 5178 1746 5252 facillimus.
1778 5196 1877 5253 Hic
1907 5178 2051 5254 vero

397 5272 588 5325 exstat
650 5274 727 5328 ad
792 5276 1133 5337 faciendum
1208 5284 1569 5340 celerrimus.
1632 5285 1698 5340 In
1758 5287 2053 5358 sequenti-

396 5358 513 5503 bl:
561 5376 704 5417 vero
751 5380 960 5422 omnes
1008 5370 1371 5430 divisionum
1417 5373 1586 5430 modi
1630 5373 1691 5430 in
1741 5374 1909 5431 brevi
1949 5391 2054 5448 pa.-

396 5452 454 5503 te
498 5453 626 5503 unt.

396 5452 626 5505 tebunt.

472 5540 579 5612 (lt)
624 5543 733 5598 Οιῐ.
767 5547 823 5598 et
851 5550 1007 5616 Am.,
1050 5554 1114 5605 Α.
1162 5551 1222 5606 b.
1258 5554 1394 5608 item
1446 5553 1710 5608 rotunda
1747 5553 1829 5608 ad
1870 5552 2050 5619 ﬁnem

397 5658 664 5763 duorum
677 5702 968 5763 passuum
996 5670 1182 5763 prior
1205 5675 1553 5750 terminabit
1669 5691 1960 5750 secundus
1977 5694 2052 5763 ﬁ-

396 5755 509 5811 m‘t.
529 5759 596 5813 Δ.
626 5754 697 5814 αξ
716 5772 855 5818 vero
872 5761 956 5819 ad
964 5754 1146 5830 ﬁnem
1168 5763 1426 5821 duorum
1452 5754 2050 5836 εἱπιὶιὶιενραεειιαὶη,

2165 3130 2372 3202 paucis
2405 3131 2712 3200 clausulis,
2753 3138 2897 3190 teste
2925 3133 3149 3204 Boetio,
3180 3136 3306 3188 tota
3345 3127 3657 3186 harmonia
3698 3126 3833 3183 for-

2164 3223 2378 3291 metur,
2425 3219 2748 3276 utillimum
2797 3226 2906 3289 est,
2956 3222 3088 3278 altae
3149 3237 3251 3278 eas
3303 3216 3605 3276 memoria:
3658 3231 3829 3272 com-

2163 3307 2475 3374 mendare,
2523 3313 2581 3364 et
2620 3308 2813 3366 donec
2851 3310 3024 3383 plene
3062 3310 3125 3366 in
3173 3306 3446 3365 canendo
3493 3305 3832 3362 sentiantur

2165 3401 2221 3451 et
2261 3402 2720 3467 cognoscantur,
2753 3399 2833 3455 ab
2879 3399 3156 3456 exercitio
3197 3411 3516 3470 nunquam
3564 3408 3826 3460 cessare,

2165 3490 2230 3541 ut
2281 3486 2372 3542 his
2420 3487 2703 3543 clausulis
2755 3489 2937 3546 veluti
2978 3487 3348 3561 quibusdam
3402 3484 3672 3541 clavibus
3727 3498 3826 3539 ca-

2163 3575 2347 3631 nendi
2394 3576 2588 3649 possis
2629 3578 2902 3650 peritiam
2949 3577 3239 3649 sagaciter
3276 3574 3631 3646 faciliusque
3681 3587 3829 3646 pos-

2164 3664 2375 3721 sidere.

2826 3756 3053 3812 CAPUT
3091 3758 3153 3811 V.

2251 3862 2339 3916 De
2367 3861 2662 3930 diapason
2686 3868 2743 3918 et
2764 3877 2876 3918 cur
2897 3867 3133 3919 tantum
3157 3868 3375 3933 septem
3402 3862 3521 3916 sint
3545 3864 3731 3914 noue.

2232 3968 2533 4040 Diapason
2565 3973 2764 4025 autem
2792 3974 2902 4039 est,
2928 3970 2989 4025 in
3012 3986 3135 4042 qua
3181 3969 3557 4025 diatessaron
3595 3968 3655 4020 et
3697 3963 3823 4019 dia-

2164 4062 2336 4129 Ρθῐιῑε
2358 4058 2681 4128 juguntur;
2727 4075 2865 4117 cum
2895 4059 3057 4115 enim
3085 4059 3162 4115 ab
3203 4062 3269 4113 A.
3299 4058 3359 4114 in
3397 4058 3460 4111 D.
3494 4055 3571 4110 sit
3597 4053 3822 4109 diates-

2162 4160 2360 4213 saron,
2393 4150 2449 4200 et
2489 4146 2568 4202 ab
2598 4148 2811 4204 eadem
2854 4151 2919 4203 D.
2954 4148 3016 4203 in
3056 4163 3110 4204 a.
3144 4152 3386 4203 acutum
3414 4144 3489 4200 sit
3512 4143 3817 4215 diapente,

2160 4235 2238 4289 ab
2271 4238 2336 4289 A.
2360 4235 2422 4291 in
2451 4236 2701 4292 alteram
2730 4253 2784 4293 a.
2818 4236 3117 4310 diapason
3143 4236 3337 4292 existit
3365 4252 3376 4289 :
3408 4234 3586 4305 cujus
3614 4232 3706 4287 vis
3733 4233 3823 4285 est

2158 4323 2438 4381 eamdem
2466 4325 2723 4382 litteram
2751 4327 2814 4382 in
2840 4332 3094 4399 utroque
3133 4325 3352 4382 habere
3376 4324 3582 4390 latere,
3616 4325 3685 4376 ut
3714 4335 3752 4375 a
3780 4320 3821 4373 Β

2160 4413 2221 4468 in
2344 4431 2398 4470 a.
2430 4418 2488 4471 C.
2513 4416 2573 4470 in
2605 4432 2656 4471 ο.
2681 4433 2716 4472 a
2739 4417 2803 4471 ι).
2830 4417 2894 4471 in
2914 4416 2974 4474 d.
2996 4398 3065 4472 iet
3088 4416 3254 4489 reliq.
3281 4415 3440 4472 Sicut
3464 4412 3628 4467 enim
3662 4413 3820 4465 utra-

2159 4519 2276 4574 que
2305 4519 2424 4559 vox
2444 4503 2656 4560 eadem
2680 4504 2872 4561 littera
2896 4509 3159 4574 notatur,
3186 4505 3267 4560 ita
3291 4517 3396 4576 per
3423 4499 3637 4557 omnia
3663 4497 3823 4568 ejus~

2158 4593 2298 4647 dem
2318 4592 2640 4665 qualitatis,
2654 4594 3218 4667 perfectissimieque
3238 4588 3650 4648 similitudinis
3668 4592 3825 4642 utra-

2157 4692 2275 4749 que
2303 4677 2558 4732 habetur
2596 4682 2654 4734 et
2681 4680 2957 4735 creditur.
2986 4683 3137 4736 Nam
3175 4678 3326 4734 sicut
3364 4674 3549 4731 ﬁnitis
3589 4676 3822 4745 septem

2158 4763 2369 4819 diebus
2411 4764 2656 4820 eosdem
2694 4766 3039 4839 repetimus,
3070 4772 3137 4822 ut
3175 4779 3409 4837 semper
3457 4760 3731 4834 primum
3766 4762 3827 4813 et

2157 4855 2438 4908 octavum
2456 4854 2740 4909 eumdem
2755 4854 2916 4910 diem
2931 4854 3227 4925 dicamus,
3247 4851 3573 4924 itaprimas
3587 4855 3648 4905 et
3664 4853 3828 4903 octa-

2156 4956 2265 4996 vas
2288 4957 2523 5015 semper
2544 4958 2718 4998 voces
2730 4942 2944 4998 eodem
2957 4943 3299 4999 charactere
3312 4941 3657 5010 ﬁguramus
3671 4935 3825 4992 etdi-

2159 5030 2370 5101 cimus,
2388 5032 2534 5103 quia
2557 5048 2659 5087 eas
2682 5032 2936 5087 naturali
2956 5032 3279 5088 concordia
3289 5044 3631 5086 consonare
3647 5027 3825 5081 senti-

2159 5135 2318 5186 mus,
2339 5125 2404 5175 ut
2428 5122 2492 5174 D.
2519 5124 2576 5176 et
2604 5120 2664 5176 d.
2687 5123 2942 5192 Utraque
2968 5120 3132 5177 enim
3153 5126 3295 5177 tono
3321 5123 3380 5175 et
3407 5116 3751 5181 semitonio,
3767 5119 3825 5171 et

2159 5203 2400 5258 duobus
2427 5205 2582 5259 tonis
2612 5204 2944 5271 remittitur,
2976 5208 3033 5260 et
3061 5205 3203 5261 item
3231 5208 3374 5259 tono
3402 5208 3462 5259 et
3498 5201 3823 5257 semitonio

2161 5294 2218 5346 et
2235 5290 2475 5346 duobus
2497 5291 2669 5359 tonis,
2684 5291 3026 5348 intenditur.
3048 5292 3213 5348 Unde
3236 5296 3290 5346 et
3307 5291 3370 5346 in
3390 5290 3674 5347 canendo
3695 5289 3821 5346 duo

2161 5383 2265 5433 aut
2293 5383 2428 5442 tres,
2457 5383 2560 5434 aut
2574 5378 2775 5451 plures
2795 5383 3088 5441 cantores,
3105 5383 3283 5451 prout
3305 5378 3597 5450 possibile
3622 5378 3821 5447 fuerit,

2162 5463 2212 5519 si
2238 5479 2346 5536 per
2370 5465 2526 5522 hanc
2551 5466 2811 5538 speciem
2830 5464 3242 5521 differentibus
3262 5464 3514 5521 vocibus
3540 5465 3822 5522 eamdem

2152 5626 2701 5707 pi'lz'of‘teg-mgnabit
2728 5626 2793 5707 ἰζι
2907 5624 3200 5707 secundus
3225 5625 3382 5705 finit.

2155 5768 2217 5824 et
2232 5694 2626 5829 1EJ‘prcinis
2661 5694 2895 5752 inclusa
2930 5694 3229 5754 habentur
3253 5694 3317 5753 in
3344 5710 3497 5752 msc.
3529 5696 3817 5756 Admont.
