1990 3088
109 72 150 101 385
828 69 1003 99 MICROLOG
1008 70 1050 99 US

1734 78 1786 106 386

101 132 243 170 quamlibet
255 131 466 168 symphoniam
479 132 621 168 incipient
631 135 659 161 et
671 133 902 167 decantent,mi-
917 133 940 159 A
961 135 1083 161 acutum
1099 136 1127 161 et
1146 137 1357 170 superacutum
1373 138 1474 164 tamen
1497 136 1622 165 univoce
1646 145 1787 167 resonare

102 178 203 211 raberis,
220 179 242 204 te
255 176 376 204 easdem
391 184 481 204 voces
493 176 616 205 diversis
628 176 712 207 locis,
721 176 772 204 sed
779 176 902 204 minime

97 223 212 251 diversas
223 221 339 255 habere,
363 221 565 258 eamdemque
591 224 713 250 cantum
739 229 861 257 gravem
875 223 903 248 et

584 291 589 386 Ι

245 476 455 483 ———.

245 295 494 403 Superacutaa.lg
533 323 546 377 ξ
584 294 589 386 Ι
634 323 646 376 2
678 294 708 403 ἐς
856 322 869 376 Σ

296 425 395 451 Acutae
463 408 855 452 ICa.ia.|Ga.la

297 501 405 528 Graves
463 501 588 528 II‘A.I
622 503 654 528 A.
678 501 683 528 I
710 504 727 526 Γ
743 504 774 528 Λ.
800 501 805 528 Ι
829 503 851 527 Α

493 550 662 601 ᾘΙᾞῖῖ
678 550 872 601 ETIE

678 406 683 577 Ι

959 177 1016 205 hoc
1029 178 1131 206 modo.

689 474 1615 485 —I——l—l——I——l_I———I__I——l—

932 575 965 595 ar
995 568 1094 602 [chanI
1122 575 1157 602 ge
1185 568 1190 602 |
1222 568 1248 596 le

1315 569 1354 604 Mi]
1376 569 1380 604 |
1397 570 1453 598 cha
1471 569 1475 604 Ι
1506 570 1541 598 el.

121 652 183 678 Item
196 650 219 677 si
234 651 373 678 eamdem
402 651 599 687 antiphonam
614 652 733 688 ipartim
760 651 903 687 gravibus
924 654 943 680 Β
959 652 1024 687 ejus
1041 660 1099 679 vox
1112 655 1242 688 quatuor
1256 653 1347 681 habet
1362 654 1468 689 spatia,
1482 658 1571 684 acuta
1585 664 1656 684 vero
1677 656 1743 691 tria,
1759 660 1791 684 ut

90 694 184 731 partim
199 695 294 722 acutis
308 695 389 723 sonis
404 696 580 729 cantaveris,
606 699 656 724 aut
683 696 904 732 quantumlibet

91 746 134 774 per
142 739 215 766 hanc
231 739 363 775 speciem
377 740 549 773 variaveris,
566 740 672 768 eadem
683 749 789 768 vocum
805 741 903 768 unitas

91 784 240 820 apparebit.
272 784 353 812 Unde
376 788 464 821 poeta
490 785 642 813 verissime
668 785 764 813 dixit:
795 788 902 820 septem

91 829 249 857 discrimina
263 837 366 857 vocum
377 838 387 857 :
402 830 474 866 quia
488 830 541 858 etsi
556 830 656 866 plures
665 831 723 858 sint
749 831 793 858 vel
819 831 902 865 ﬁant,

90 881 139 901 non
154 876 194 901 est
206 873 334 901 aliarum
346 874 484 909 adiectio,
494 874 548 902 sed
559 875 712 903 renovatio
727 875 903 903 earumdem

91 920 112 945 et
120 918 257 953 repetitio.
271 919 329 946 Hac
344 926 399 946 nos
415 918 452 946 de
469 927 562 947 causa
574 928 680 947 omnes
694 928 783 948 sonos
799 928 903 948 secun—

91 962 151 990 dum
159 963 290 990 Boetium
301 965 330 990 et
339 963 478 999 antiquos
491 964 623 992 musicos
636 966 750 1000 septem
764 964 865 992 litteris
873 965 905 992 ti-

92 1007 261 1040 gurarimus,
278 1015 348 1034 cum
365 1007 500 1035 moderni
522 1008 647 1044 quidam
674 1008 763 1036 nimis
786 1009 904 1036 incaute

91 1054 201 1087 quatuor
212 1054 333 1080 tantum
347 1052 432 1087 signa
447 1055 621 1088 posuerunt,
638 1053 776 1089 quintum
803 1054 904 1081 videli-

93 1099 127 1123 cet
136 1103 237 1124 sonum
252 1096 361 1124 eodem
388 1097 501 1133 ubique
525 1098 695 1125 charactere
724 1097 903 1132 ﬁgurantes;

93 1149 148 1168 cum
161 1141 366 1169 indubitanter
376 1150 480 1170 verum
496 1142 541 1175 sit,
558 1143 639 1179 quod
654 1143 778 1179 quidam
806 1144 872 1171 soni
888 1152 906 1172 a

93 1186 141 1212 suis
152 1186 270 1221 quintis,
289 1188 321 1214 ut
337 1188 365 1214 Β.
381 1188 410 1214 et
424 1187 452 1214 F.
470 1187 594 1215 omnino
616 1187 797 1222 discordent,
808 1189 905 1216 nullu-

93 1237 152 1265 sque
174 1238 266 1258 sonus
285 1239 355 1258 cum
372 1239 426 1258 suo
453 1231 558 1267 quinto
585 1232 712 1268 perfecte
734 1233 904 1261 concordet.

93 1274 162 1301 Nulla
175 1275 253 1302 enim
266 1283 326 1302 vox
342 1283 411 1303 cum
426 1275 519 1304 altera
532 1279 638 1312 praeter
662 1278 797 1305 octavam
813 1277 907 1313 perfe-

94 1319 130 1345 cte
141 1319 310 1348 concordat.

406 1366 517 1393 CAPUT
536 1367 579 1393 Vl.

93 1408 126 1435 De
132 1408 322 1437 divisionibus
331 1413 474 1439 vos-mmet
485 1411 783 1445 interpretationibus
791 1418 905 1438 earum.

122 1453 252 1481 Utautem
263 1453 302 1481 de
316 1453 463 1481 divisione
472 1454 704 1482 monochordiin
720 1455 825 1490 paucis
834 1455 909 1482 mul-

94 1498 115 1523 ta
125 1498 329 1532 perstringam,
342 1507 460 1535 semper
472 1498 620 1535 Diapason
637 1499 756 1527 duobus
764 1499 803 1527 ad
816 1499 907 1528 tinem

94 1542 171 1577 aequis
181 1543 271 1570 currit
280 1543 432 1579 passibus,
450 1543 590 1579 [)iapente
599 1543 703 1576 tribus,
721 1545 908 1572 Diatessaron

93 1589 215 1621 quatuor,
231 1589 323 1615 tonus
338 1596 406 1615 vero
419 1595 538 1618 novem,
554 1588 606 1624 qui
620 1589 734 1624 quanto
759 1591 828 1616 sunt
842 1597 909 1625 pas-

94 1630 162 1658 sibus
173 1632 405 1665 numerosiores,
419 1634 501 1660 tanto
530 1634 600 1660 sunt
625 1632 721 1668 spatio
747 1633 906 1661 breviores.

94 1674 157 1703 Alias
167 1684 235 1704 vero
248 1677 413 1704 divisiones
424 1680 530 1713 praeter
544 1677 599 1705 has
619 1680 748 1713 quatuor
778 1678 908 1705 invenire

95 1727 141 1747 non
151 1721 266 1756 poteris.
283 1721 431 1758 Diapason
441 1724 541 1749 autem
555 1722 762 1758 interpretatur
773 1723 809 1750 de
819 1724 910 1751 omni-

96 1763 146 1799 bus,
159 1766 216 1793 sive
242 1766 330 1802 quod
345 1775 450 1794 omnes
465 1766 575 1794 habeat
596 1775 682 1794 voces
698 1767 755 1794 sub
772 1776 816 1802 se,
848 1767 910 1795 sive

96 1809 153 1844 quia
163 1811 329 1847 antiquitus
345 1811 464 1838 citharae
476 1813 542 1839 octo
562 1819 614 1847 per
629 1819 696 1838 eam
709 1811 822 1839 fiebant
830 1812 911 1839 chor-

96 1852 139 1880 dis.
151 1855 178 1881 ln
193 1855 248 1882 hac
264 1854 391 1890 quidem
406 1854 502 1891 specie
515 1855 647 1891 primaet
658 1855 776 1889 gravior
787 1864 842 1883 vox
849 1855 911 1883 duo

96 1895 170 1925 habet
180 1899 289 1935 spatia,
304 1901 392 1927 acuta
406 1907 464 1927 vox
478 1907 582 1929 unum.
598 1901 630 1926 ut
643 1899 682 1926 ab
693 1903 725 1927 Α.
743 1900 781 1927 ad
797 1909 823 1928 θ.
849 1900 912 1928 Dia-

96 1945 167 1975 pente
175 1943 286 1971 dicitur
300 1944 336 1971 de
350 1945 499 1979 quinque;
515 1946 584 1971 sunt
597 1944 677 1971 enim
692 1944 721 1971 in
733 1944 798 1979 ejus
815 1945 910 1980 spatio

96 1993 167 2015 voces
180 1990 328 2024 quinque,
347 1991 378 2016 ut
393 1997 410 2016 a
424 1990 456 2017 D.
472 1989 502 2016 in
528 1997 555 2016 a.
573 1988 629 2016 Sed
646 1988 743 2023 gravis
768 1989 832 2024 ejus
855 1998 911 2016 vox

94 2031 136 2058 tria
150 2032 235 2060 habet
250 2034 361 2069 spatia,
380 2035 468 2061 acuta
481 2033 552 2060 duo.
570 2033 757 2060 Diatessaron
774 2036 861 2061 sonat
876 2034 912 2062 de

94 2080 206 2110 quatuor
215 2086 226 2110 ,·
241 2086 318 2106 nam
331 2080 359 2106 et
373 2079 464 2106 habet
482 2080 613 2114 quatuor
628 2086 725 2113 voces,
751 2080 778 2105 et
795 2079 912 2112 gravior

958 706 976 725 a
993 699 1023 724 D.
1042 697 1071 724 in
1086 698 1116 724 Ο.
1147 698 1203 724 tias
1232 699 1290 725 tres
1317 698 1430 734 species
1458 700 1667 736 symphonias,
1683 700 1712 727 id
1736 703 1788 733 est,

959 749 1068 769 suaves
1085 749 1194 768 vocum
1209 742 1415 778 copulationes
1437 744 1609 773 memineris
1624 753 1688 772 esse
1703 753 1791 773 voea-

958 788 1013 819 tas,
1025 785 1096 822 quia
1109 785 1138 812 in
1154 785 1299 822 diapason
1316 786 1439 815 diversae
1453 796 1541 816 voces
1561 798 1655 817 unum
1671 791 1789 818 sonant.

959 830 1099 866 Diapente
1115 838 1185 858 vero
1209 833 1237 858 et
1266 831 1456 859 Diatessaron
1486 833 1668 870 diaphonize,
1679 834 1710 862 id
1736 836 1788 868 est,

959 874 1062 908 organi
1075 874 1143 908 jura
1158 875 1322 911 possident,
1339 878 1368 903 et
1393 885 1480 904 voces
1506 880 1668 914 utcumque
1681 878 1791 906 similes

958 918 1098 946 reddunt.
1113 920 1212 946 Tonus
1226 921 1325 947 autem
1340 920 1379 947 ab
1399 920 1575 955 intonando,
1592 922 1622 949 id
1635 925 1690 956 est,
1706 931 1724 950 θ.
1746 931 1791 950 so-

959 962 1062 989 nando
1077 971 1189 990 nomen
1210 963 1334 999 accepit,
1359 964 1411 1000 qui
1441 965 1548 1000 majori
1575 966 1640 994 voci
1668 975 1786 999 novem,

960 1006 1068 1034 minori
1082 1015 1151 1034 vero
1165 1012 1231 1035 octo
1259 1016 1369 1044 passus
1400 1009 1571 1037 constituit:
1600 1010 1790 1038 semitonium

960 1054 1059 1078 autem
1074 1054 1102 1079 et
1114 1052 1245 1084 ditonus,
1266 1052 1321 1080 etsi
1341 1061 1429 1080 voces
1445 1053 1473 1080 in
1504 1054 1641 1082 canendo
1668 1055 1791 1091 conjun-

961 1097 1044 1130 gunt,
1060 1095 1238 1123 divisionem
1257 1098 1356 1124 tamen
1384 1097 1499 1125 nullam
1527 1098 1557 1125 in
1583 1099 1790 1127 monochordo

959 1141 1115 1177 rccipiunt.

1282 1186 1397 1214 CAPUT
1412 1188 1469 1214 VII.

1031 1231 1075 1258 De
1089 1231 1182 1257 modis
1197 1234 1327 1265 quatuor
1342 1234 1368 1258 et
1382 1232 1583 1266 affinitatibus
1603 1241 1717 1261 vocum.

998 1275 1070 1302 Cum
1082 1277 1182 1301 autem
1199 1277 1312 1311 septem
1328 1275 1385 1302 sint
1396 1284 1494 1309 voces,
1510 1277 1591 1312 quia,
1604 1280 1636 1305 ut
1646 1278 1789 1313 diximus,

926 1335 946 1361 Ο
962 1318 1037 1352 aliae,
1054 1318 1082 1345 id
1098 1321 1151 1350 est,
1166 1321 1277 1346 octavae
1302 1327 1391 1347 voces
1417 1323 1486 1347 sunt
1507 1321 1624 1355 eadem,
1651 1324 1790 1357 septenas

962 1362 1070 1389 sufﬁcit
1084 1362 1241 1398 explicare,
1256 1371 1324 1399 quae
1338 1363 1523 1391 diversorum
1531 1365 1703 1399 modorum,
1713 1365 1790 1392 etdi-

961 1415 1117 1434 versarum
1131 1409 1200 1434 sunt
1212 1407 1402 1443 qualitatum.
1419 1409 1534 1436 Primus
1546 1409 1654 1437 modus
1681 1417 1791 1437 vocum

962 1455 1017 1485 est,
1035 1461 1102 1480 cum
1119 1461 1176 1480 vox
1191 1455 1261 1480 tono
1277 1454 1446 1490 deponitur,
1461 1458 1489 1483 et
1503 1457 1608 1483 tonoet
1623 1455 1790 1490 semitonio,

963 1500 991 1525 et
1006 1497 1125 1525 duobus
1153 1498 1228 1526 tonis
1256 1498 1428 1533 intenditur,
1441 1502 1474 1527 ut
1488 1502 1520 1528 A.
1538 1502 1567 1527 et
1578 1502 1609 1528 D.
1638 1500 1792 1529 Secundus

962 1542 1072 1570 modus
1084 1544 1136 1573 est,
1150 1550 1219 1569 cum
1235 1551 1293 1571 vox
1307 1543 1427 1571 duobus
1439 1544 1515 1572 tonis
1523 1544 1658 1578 remissa,
1675 1545 1793 1573 semito-

963 1586 1013 1614 nio
1021 1589 1049 1614 et
1059 1586 1180 1613 duobus
1192 1587 1268 1618 tonis
1282 1587 1454 1621 intenditur,
1470 1590 1537 1616 utB.
1553 1591 1581 1616 et
1592 1591 1621 1617 E.
1632 1590 1793 1617 Tertiusest

963 1630 1083 1664 modus,
1099 1630 1150 1666 qui
1166 1631 1323 1659 semitonio
1339 1634 1366 1659 et
1390 1632 1509 1660 duobus
1526 1633 1602 1660 tonis
1628 1633 1791 1666 descendit,

963 1675 1084 1703 duobus
1101 1683 1171 1702 vero
1187 1676 1265 1703 tonis
1276 1678 1304 1703 et
1315 1676 1622 1710 semitonioascendit,
1634 1679 1666 1704 ut
1679 1679 1708 1705 (ἶ.
1723 1679 1750 1704 et
1763 1679 1791 1704 F.

964 1721 1092 1752 Quartus
1110 1727 1181 1747 vero
1202 1722 1272 1747 tono
1299 1720 1469 1756 deponitur,
1497 1721 1590 1756 surgit
1617 1724 1717 1749 autem
1741 1729 1794 1757 per

964 1764 1041 1792 ducs
1050 1766 1136 1791 tonos
1145 1766 1173 1792 et
1188 1764 1389 1798 semitonium,
1403 1768 1434 1792 ut
1445 1766 1500 1801 (13)
1524 1767 1554 1793 G.
1568 1767 1601 1793 Et
1615 1768 1696 1800 nota,
1711 1765 1794 1802 quod

966 1817 998 1836 se
1012 1817 1066 1845 per
1080 1808 1216 1836 ordinem
1228 1812 1403 1845 sequuntur,
1418 1812 1450 1837 ut
1465 1810 1580 1846 primus
1594 1810 1625 1838 in
1640 1813 1672 1838 Α.
1690 1818 1794 1838 secun-

965 1854 1022 1882 dus
1037 1854 1066 1881 in
1084 1855 1113 1881 B.
1129 1853 1230 1881 tertius
1245 1854 1276 1881 in
1291 1856 1320 1882 Ο.
1339 1857 1409 1882 Item
1424 1855 1539 1891 primus
1554 1855 1583 1882 in
1599 1857 1630 1883 D.
1645 1855 1794 1883 secundus

965 1899 996 1927 in
1010 1900 1039 1926 E.
1058 1898 1158 1926 tertius
1170 1898 1200 1925 in
1212 1900 1240 1926 F.
1253 1902 1378 1934 quartus
1390 1899 1419 1926 in
1444 1901 1475 1927 G.
1503 1902 1634 1936 [temque
1646 1902 1717 1928 nota
1739 1900 1794 1927 has

966 1951 1076 1971 vocum
1092 1942 1251 1970 afﬁnitates
1267 1951 1319 1979 per
1334 1943 1521 1971 diatessaron
1537 1947 1565 1972 et
1579 1944 1718 1980 diapente
1727 1952 1795 1972 con-

967 1990 1094 2015 structas
1111 1996 1117 2014 :
1147 1989 1180 2014 A.
1197 1987 1276 2014 enim
1305 1988 1343 2015 ad
1358 1989 1388 2020 D,
1406 1990 1434 2015 et
1449 1990 1478 2015 Β.
1491 1988 1529 2015 ad
1543 1990 1572 2023 E,
1585 1990 1655 2016 etC.
1671 1989 1709 2016 ad
1727 1990 1755 2022 F,
1767 1990 1795 2015 et

968 2034 999 2060 D.
1015 2032 1053 2059 ad
1067 2033 1098 2065 G,
1116 2039 1133 2059 a
1158 2032 1300 2066 gravibus
1328 2032 1525 2067 diatessaron,
1540 2032 1579 2060 ab
1607 2032 1701 2060 acutis
1724 2041 1794 2061 vero

967 2078 1106 2114 diapente
1122 2077 1188 2112 conj
1195 2077 1314 2112 ungitur
1325 2078 1382 2105 hoc
1394 2078 1486 2106 modo
1501 2086 1508 2106 :

653 2225 658 2283 Ι

581 2322 811 2350 Diatessaron

515 2488 538 2494 .,
823 2467 828 2494 ι

1171 2323 1377 2359 Diapente

1038 2396 1042 2451 I
1105 2394 1110 2450 Ι
1171 2394 1176 2444 Ι
1240 2392 1244 2449 Ι

166 2688 172 2809 Ι

719 2163 952 2189 Diatessaron

1454 2518 1458 2539 t

970 2547 1458 2636 mil;

908 2646 1110 2682 Diapente
1321 2640 1325 2682 I
1388 2640 1392 2682 Ι

908 2646 1110 2682 uulpem
1321 2622 1325 2769 ‘

836 2716 841 2768 Ι
904 2716 909 2770 Ι
971 2713 976 2769 Ι
1038 2716 1043 2767 Ι
1104 2716 1108 2769 Ι
1172 2715 1176 2769 Ι
1240 2709 1243 2770 Ι

1309 2162 1514 2197 Diupente

1014 2220 1185 2283 ΙΙΙ

1171 2323 1377 2359 Diapente

1040 2487 1242 2521 tliapente

1586 2294 1593 2772 Ι

432 2297 438 2448 ι
581 2322 811 2350 Diatessaron

432 2392 438 2448 Ι
515 2392 520 2447 Ι
583 2393 587 2448 Ι
650 2400 654 2450 Ι

299 2456 305 2608 Ι
446 2485 678 2514 Diatessaron
823 2467 828 2608 Ι

741 2544 746 2610 Ι

166 2688 171 2768 Ι
244 2702 614 2768 I—TTT—i
689 2627 694 2768 Ι
768 2704 907 2768 11—:

244 2702 611 2773 levat—Ti

168 2708 252 2821 ΙᾹΙ
317 2712 394 2821 ;ΒΙ
460 2708 548 2821 II,
608 2710 614 2769 Ι
682 2708 702 2820 1|)
768 2708 775 2773 Ι
836 2716 909 2820 lFl

994 2795 1021 2821 F.
1147 2796 1177 2822 (ι,
1303 2803 1329 2821 a.
1456 2797 1482 2823 F.
1606 2807 1630 2824 ρ.
1742 2801 1795 2825 etc.

394 2833 1665 2842 mw

122 2833 385 2887 (iamsi-{ﬁ
394 2853 422 2880 et
440 2853 472 2880 ρ.
488 2859 525 2881 ex
541 2860 625 2888 seqq.
