3980 6176
407 134 512 190 387

1031 253 1255 310 CAPUT
1291 253 1428 306 VIII.

593 347 681 401 De
704 344 840 400 aliis
870 341 1271 411 afﬁnitatibus
1303 356 1532 407 vocum,
1566 345 1619 395 et
1645 339 1706 394 b.
1741 343 1796 395 et
1841 323 1897 428 η

481 433 538 489 Si
567 448 701 504 quae
727 430 854 485 aliae
881 435 1021 485 sunt
1039 429 1375 495 afﬁnitates,
1409 445 1768 501 easquoque
1800 425 2063 482 similiter

405 522 775 576 diatessaron
805 525 866 576 et
892 520 1174 592 diapente
1197 519 1481 575 fecerunt.
1526 523 1674 574 Nam
1695 534 1832 574 cum
1860 516 2064 588 diapa-

406 624 514 664 son
540 609 601 663 in
631 626 692 665 se
723 608 1101 666 diatessaron
1116 612 1174 664 et
1191 608 1469 680 diapente
1491 607 1728 674 habeat,
1752 604 2061 661 eteasdem

402 696 625 753 litteras
653 697 713 754 in
743 703 996 770 utroque
1016 697 1197 754 latere
1229 696 1548 762 contineat,
1583 711 1818 767 semper
1846 694 1905 749 in
1940 709 2063 749 me«

404 785 504 842 dio
525 787 656 857 ejus
689 788 882 859 spatio
914 786 1114 859 aliqua
1146 790 1233 842 est
1252 785 1464 855 littera,
1484 801 1618 857 quae
1637 784 1716 839 ad
1744 788 2062 854 utrumque

404 876 700 949 diapason
723 877 882 935 latus
905 877 988 934 ita
1017 876 1313 943 convenit,
1342 880 1408 932 ut
1428 875 1524 931 cui
1546 875 1750 933 litteras
1807 891 1844 930 a
1874 872 2065 944 gravi-

404 964 521 1021 bus
547 967 918 1024 diatessaron
933 966 1146 1034 reddit,
1175 965 1447 1021 eidemin
1474 964 1664 1020 acutis
1693 978 1798 1036 per
1821 962 2066 1035 diapen-

407 1057 461 1108 te
491 1055 851 1121 conveniat,,
887 1059 950 1110 ut
979 1055 1041 1110 in
1064 1054 1357 1127 superiori
1381 1054 1578 1122 ﬁgura
1607 1057 1867 1122 notatur,
1888 1056 1945 1106 et
1968 1050 2063 1105 cui

408 1158 444 1197 a
475 1143 756 1213 gravibus
782 1143 1059 1215 diapente
1081 1141 1347 1211 contulit,
1366 1141 1564 1197 eidem
1591 1159 1626 1198 a
1650 1140 2063 1214 superioribus

408 1231 780 1288 diatessaron
812 1232 1000 1302 dabit,
1032 1237 1094 1287 ut
1121 1237 1186 1286 A.
1222 1234 1281 1286 Ε.
1316 1247 1371 1288 a.
1399 1235 1465 1286 Α.
1499 1231 1659 1287 enim
1705 1236 1761 1287 et
1785 1235 1846 1286 E.
1872 1231 1933 1286 in
1959 1230 2064 1286 de-

407 1319 699 1392 positione
730 1320 1118 1387 concordant,
1151 1337 1286 1393 quae
1319 1324 1573 1393 utraque
1626 1320 1866 1376 duobus
1908 1319 2064 1375 tonis

408 1407 843 1480 semitonioque
865 1407 1194 1464 conﬁcitur.
1228 1413 1492 1482 Itemque
1525 1411 1586 1464 G.
1621 1425 1761 1464 cum
1808 1408 1886 1464 ad
1919 1410 1977 1464 C.
2011 1411 2067 1461 et

408 1500 473 1553 D.
499 1514 606 1570 per
635 1497 884 1552 easdem
899 1498 1127 1570 species
1153 1503 1407 1567 resonet,
1433 1497 1610 1563 unius
1626 1496 2065 1570 depositionem

1741 119 2069 181 GUIDONIS
2105 118 2384 178 ARBTINI

2089 245 2140 299 Α
2175 262 2360 303 mune
2389 247 2614 321 placuit
2626 223 2868 306 habere.
2895 250 3064 316 Quod
3091 249 3141 306 si
3169 250 3365 325 ipsam
3387 249 3446 306 b.
3476 250 3722 309 mollem
3745 255 3824 310 vis

3727 129 3824 187 388

2175 337 2423 391 omnino
2453 353 2575 393 non
2604 338 2847 407 habere,
2879 355 3155 410 neumas,
3205 339 3266 394 in
3297 337 3517 411 quibus
3547 340 3679 414 ipsa
3723 347 3824 409 est,

2171 423 2254 478 ita
2308 428 2595 498 tempera,
2649 430 2714 482 ut
2741 443 2851 499 pro
2892 430 2948 482 F'.
2983 430 3045 483 G.
3082 442 3135 484 a.
3169 431 3226 482 et
3252 427 3384 499 ipsa
3412 426 3472 482 b.
3507 428 3736 484 habeas
3767 431 3826 486 G.

2172 527 2226 567 a.
2365 532 2415 570 c.
2450 519 2554 570 aut
2582 516 2628 570 si
2658 515 2789 571 talis
2819 520 2907 572 est
2929 533 3170 584 neuma,
3204 533 3339 588 quae
3394 521 3530 589 post
3573 521 3638 573 Ι).
3674 521 3737 574 Ε.
3769 521 3825 576 F.

2171 601 2231 657 in
2255 603 2580 662 elevatione
2611 605 2733 660 vult
2755 604 2908 660 duos
2939 610 3114 662 tonos
3143 609 3199 661 et
3232 605 3640 677 semitonium,
3669 608 3830 679 quod

2171 691 2303 768 ipsa
2330 692 2390 750 b.
2426 694 2620 750 mollis
2674 695 2831 765 facit,
2862 699 2965 751 aut
2993 711 3129 767 quae
3160 700 3296 767 post
3337 697 3401 749 Ι).
3433 699 3492 750 Ε.
3527 699 3585 750 F.
3619 696 3681 751 in
3733 697 3830 752 de-

2217 783 2468 839 ositione
2491 784 2617 839 vult
2638 783 2792 840 duos
2811 790 3020 851 tonos;
3058 801 3171 857 pro
3199 786 3264 839 D.
3301 787 3360 840 E.
3393 788 3449 840 F.
3482 801 3729 841 assume
3777 804 3826 843 a.

2217 797 2468 839 osmone
2491 797 2617 839 vult
2638 797 2792 840 duos
2811 797 3020 851 tonos;
3058 801 3171 857 pro
3199 797 3264 839 υ.
3301 797 3360 840 Ε.
3393 797 3449 840 r‘.
3482 801 3729 841 assume
3777 804 3826 843 a.

2169 797 2228 955 Et
2255 889 2306 927 c.
2335 889 2471 944 quae
2497 873 2769 943 ejusdem
2795 878 2934 929 sunt
2969 872 3155 943 modi,
3189 878 3245 929 et
3271 873 3589 945 praedictas
3640 875 3831 932 eleva-

2175 963 2366 1018 tiones
2398 966 2454 1018 et
2500 962 2904 1035 depositiones
2953 962 3302 1031 regulariter
3352 962 3593 1020 habent.
3647 965 3830 1036 Huju-

2174 1051 2366 1107 smodi
2390 1051 2549 1106 enim
2577 1051 2934 1106 elevationes
2960 1054 3016 1108 et
3036 1051 3442 1124 depositiones
3491 1052 3642 1108 inter
3678 1056 3748 1108 D.
3772 1056 3827 1109 Ε.

2174 1144 2231 1196 F.
2285 1145 2340 1196 et
2383 1156 2439 1195 a.
2577 1155 2626 1194 c.
2653 1139 2808 1195 clare
2832 1139 3178 1195 discernens
3201 1140 3618 1196 confusionem
3638 1141 3829 1198 maxi-

2175 1247 2270 1286 me
2295 1230 2658 1286 contrariam
2682 1228 2848 1284 tollit.

2248 1340 2326 1392 De
2343 1335 2726 1392 similitudine
2742 1352 2961 1391 vocum
2981 1352 3179 1410 pauca
3195 1337 3675 1409 perstrinximus,
3695 1337 3833 1412 quia

2175 1431 2472 1498 quantum
2502 1425 2830 1482 similitudo
2862 1427 2923 1481 in
2953 1426 3203 1482 diversis
3235 1427 3416 1482 rebus
3445 1428 3828 1501 conquiritur,

2178 1522 2410 1572 tantum
2457 1517 2591 1588 ipsa
2617 1515 2944 1583 diversitas,
2977 1531 3085 1588 per
3135 1533 3323 1589 quam
3364 1533 3536 1573 mens
3585 1518 3832 1575 confusa

407 1586 1206 1680 éltefiusque‘elevﬁtionem
1259 1588 1536 1680 511ml)?”-
1570 1590 1718 1644 Nam
1743 1592 1797 1643 et
1826 1587 1884 1642 Ο·
1914 1591 1970 1680 ξθῖ
1999 1589 2061 1642 G-
2105 1599 2147 1653 Β
2178 1606 2402 1662 diutius
2458 1586 2651 1678 potuit
2690 1586 2998 1673 laborare,
3044 1586 3369 1675 minuitur;
3398 1623 3638 1680 semper
3675 1608 3830 1664 enim

406 1677 648 1733 duobus
675 1676 829 1733 tonis
854 1677 1077 1750 pariter
1105 1681 1162 1732 et
1187 1677 1502 1733 semitonio
1533 1681 1804 1747 surgunt,
1836 1681 1893 1733 et
1915 1679 1976 1731 D.
2012 1680 2068 1732 et

408 1769 471 1822 G.
500 1771 643 1823 tono
674 1771 731 1822 et
762 1766 1076 1822 semitonio
1120 1767 1340 1840 pariter
1389 1766 1791 1823 inﬂectuntur.
1831 1767 1891 1822 b.
1923 1782 2066 1822 vero

407 1856 757 1926 rotundum,
785 1855 929 1929 quia
957 1855 1158 1911 minus
1189 1861 1279 1912 est
1306 1855 1603 1926 regulare,
1634 1857 1802 1928 quod
1848 1856 2064 1928 adjun-

405 1943 569 2002 ‘Ctum
586 1945 680 2002 vel
709 1944 888 2001 molle
917 1945 1144 2015 dicunt,
1170 1961 1308 2002 cum
1341 1948 1397 2001 F.
1431 1945 1613 2001 habet
1655 1946 2064 2016 concordiam,

407 2035 612 2090 etideo
644 2033 918 2090 additum
958 2039 1066 2106 est,
1097 2036 1241 2108 quia
1272 2038 1327 2090 Ε.
1387 2052 1526 2090 cum
1581 2040 1796 2108 quarta
1834 2053 1871 2092 a
1914 2053 1976 2092 se
2011 2021 2069 2120 ᾗ

408 2125 625 2180 tritono
669 2124 976 2182 diﬂ‘erente
1014 2124 1304 2198 nequibat
1357 2124 1578 2181 habere
1629 2125 2062 2181 concordiam:

407 2217 725 2286 utramque
751 2217 950 2269 autem
979 2213 1040 2269 b.
1071 2197 1127 2295 l3
1154 2216 1216 2271 in
1254 2216 1469 2272 eadem
1498 2232 1723 2273 neuma
1753 2233 1876 2273 non
1926 2218 2066 2289 jun-

410 2321 538 2374 gas.
567 2309 632 2361 In
662 2305 876 2362 eodem
902 2321 1045 2362 vero
1065 2309 1246 2361 cantu
1266 2305 1529 2361 maxime
1546 2305 1607 2361 b.
1628 2305 1793 2361 molli
1823 2305 2065 2376 utimur,

409 2394 470 2450 in
495 2410 617 2466 quo
649 2397 710 2450 F.
744 2393 784 2449 f.
820 2394 1083 2466 amplius
1108 2394 1489 2452 continuatur
1518 2394 1719 2464 gravis
1749 2396 1840 2451 vel
1868 2400 2065 2466 acuta,

409 2482 514 2539 ubi
534 2487 590 2539 et
613 2483 949 2556 quamdam
965 2483 1380 2540 confusionem
1401 2487 1458 2539 et
1483 2484 2066 2541 transformationem

408 2572 644 2630 videtur
673 2573 890 2640 facere,
941 2578 1006 2629 ut
1036 2576 1098 2629 G.
1133 2578 1302 2629 sonet
1348 2577 1612 2646 protum,
1640 2590 1695 2630 a.
1729 2574 2064 2647 deuterum,

411 2679 549 2719 cum
574 2663 710 2736 ipsa
733 2663 795 2720 b.
827 2663 1025 2720 mollis
1064 2667 1234 2720 sonet
1262 2663 1495 2731 tritum;
1529 2664 1689 2720 unde
1715 2665 1844 2736 ejus
1861 2682 1899 2721 a
1917 2665 2068 2722 mul-

411 2753 484 2812 tis
509 2767 622 2810 nec
649 2753 874 2810 mentio
905 2753 1065 2810 facta
1097 2758 1202 2810 est.
1247 2752 1514 2809 Alterum
1560 2747 1781 2844 verem
1806 2755 1868 2811 in
1899 2772 2063 2813 com-

2178 1697 2445 1753 adunata
2473 1696 2684 1752 divisis
2709 1695 2941 1752 facilius
2968 1696 3305 1768 capiuntur.
3365 1699 3588 1753 Omnes
3633 1698 3830 1770 itaque

2174 1787 2342 1843 modi
2379 1785 2907 1858 distinctionesque
2938 1787 3260 1842 modorum
3280 1784 3374 1842 his
3406 1786 3597 1842 tribus
3624 1793 3830 1861 aptan-

2175 1882 2272 1934 tur
2299 1876 2551 1934 vocibus
2591 1879 2650 1934 C.
2678 1879 2742 1931 Ι).
2775 1879 2836 1932 Ε.
2867 1875 3281 1932 Distinctiones
3312 1881 3516 1933 autem
3541 1877 3677 1934 dico
3733 1894 3828 1934 eas

2176 1984 2310 2040 quae
2362 1983 2398 2022 a
2440 1966 2738 2039 plerisque
2787 1964 3134 2022 differentiae
3184 1970 3496 2033 vocantur,
3554 1967 3670 2023 hoc
3725 1955 3825 2036 est,

2175 2058 2531 2114 saeculorum
2552 2070 2743 2111 amen.
2769 2053 3112 2111 Differentia
3131 2060 3334 2111 autem
3350 2055 3571 2111 idcirco
3595 2056 3824 2128 dicitur,

2177 2165 2249 2205 eo
2272 2147 2438 2222 quod
2467 2146 2769 2202 discernat
2797 2160 2902 2200 seu
2933 2150 3166 2218 separet
3188 2145 3402 2218 plagas
3427 2145 3504 2202 ab
3532 2147 3790 2202 autentis
3815 2165 3828 2214 ;

2179 2241 2461 2293 caeterum
2509 2233 2779 2300 abusive,
2807 2233 3040 2290 dicitur.
3075 2238 3227 2305 Ergo
3248 2251 3458 2291 omnes
3481 2252 3656 2291 voces
3699 2235 3829 2290 alia;

2178 2343 2314 2382 cum
2347 2325 2441 2382 his
2470 2324 2738 2396 aliquam
2786 2323 3012 2380 habent
3070 2325 3480 2392 concordiam,
3510 2341 3618 2382 seu
3643 2326 3706 2380 in
3729 2325 3828 2381 de-

2176 2415 2469 2490 positione
2496 2430 2604 2470 seu
2629 2413 2693 2468 in
2721 2411 3047 2469 elevatione
3072 2431 3084 2481 ;
3117 2413 3294 2469 nullae
3319 2431 3459 2470 vero
3489 2413 3551 2469 in
3582 2419 3826 2486 utroque

2176 2521 2238 2560 se
2263 2503 2547 2560 exhibent
2574 2500 2797 2557 similes
2819 2517 2956 2556 cum
2981 2501 3128 2569 aliis,
3156 2503 3271 2558 nisi
3295 2503 3357 2558 in
3375 2503 3696 2575 diapason.
3721 2502 3828 2559 Sed

2174 2596 2392 2650 horum
2447 2590 2898 2646 similitudinem
2977 2591 3251 2647 omnium
3323 2592 3384 2647 in
3441 2591 3558 2647 hac
3616 2591 3824 2661 ﬁgura,

2173 2700 2359 2757 quam
2413 2679 2799 2751 subjecimus,
2858 2680 3133 2754 quisquis
3188 2680 3546 2754 requisierit,
3578 2680 3826 2752 reperire

2171 2771 2406 2847 poterit.

1269 3004 1406 3230 lc.
1519 3082 1579 3139 d.
1693 3102 1744 3141 e.
1930 3103 1981 3145 c.
2093 3088 2154 3146 d.
2267 3105 2319 3145 e.
2505 3101 2555 3140 c.
2669 3082 2729 3138 d.
2841 3009 2980 3230 al

1393 3244 1604 3313 stqu

1392 3330 1605 3372 ol:

1393 3389 1606 3424 ε-ιΙΟ

1394 3440 1606 3524 3Ιέ

1393 3522 1607 3630 cel“

1393 3578 1606 3630 op

1381 3637 1606 3672 -ο-ιΙΦ

1393 3688 1605 3727 εΒΙ’““⁴

1377 3729 1606 3766 ...ηιω

1380 3789 1607 3872 ⁵³ιὲ

1182 3953 1240 4008 F.
1318 3954 1382 4007 H.
1479 3968 1534 4009 α.
1611 3971 1671 4027 q.

1419 4180 1476 4242 Ξ

1248 4245 1472 4338 Eli-3

1247 4337 1458 4412 ἓ·Ιὲ

1231 4403 1460 4493 ’ἒιὲ

1249 4472 1460 4552 Ξ..Ιὲ

1247 4547 1300 4570 ρ,
1420 4547 1456 4552 ρ

1247 4547 1476 4628 δἸΞ.

1246 4611 1477 4738 ἕΙΞ

1420 4739 1477 4788 ac

2004 3461 2044 3527 αἱ

2004 3549 2044 3590 εἴ

2005 3612 2045 3649 Ο

1989 3673 2045 3732 t:

2005 3753 2046 3789 GU

2007 3809 2044 3848 Ρ

2005 3869 2045 3900 Φ

1989 3919 2044 3940 ..ι

2005 3959 2045 3991 α)

2006 4065 2046 4106 Ω

1990 4125 2045 4146 σοι-ι

2005 4216 2045 4257 Ω

2006 4279 2046 4315 Ο

2006 4338 2044 4364 ω

2006 4388 2048 4424 ευ

2007 4445 2064 4486 Ωιι

2007 4505 2048 4546 C6

1991 4562 2046 4582 σπι-1

1993 4602 2047 4646 Ω

2639 3309 2694 3371 5.

2639 3409 2694 3448 Ω.

2622 3453 2679 3526 e

2639 3530 2694 3622 Ξ.

2640 3623 2694 3702 g’.

2641 3705 2680 3779 εξ

2813 3297 2869 3361 Ξ

2797 3364 2853 3444 -ἓ

2814 3445 2854 3520 8

2815 3523 2868 3578 ὅ

2815 3609 2870 3658 ω.

2815 3723 2871 3814 Ξῖ

2209 3423 2262 3466 ε

2210 3489 2265 3564 Ξ.

2193 3584 2251 3624 Ὅ

2210 3646 2250 3683 Ω)

2212 3709 2250 3736 ω

2210 3758 2251 3795 Ο

2212 3815 2251 3857 β

2212 3931 2267 4010 Ξ-

2213 4084 2268 4124 Ωιι

2213 4145 2253 4177 ω

2196 4197 2254 4238 Ὅ

2212 4260 2253 4296 Ο

2214 4318 2252 4345 ω

2212 4364 2268 4426 :1;

2213 4445 2268 4520 Ξ.

2213 4540 2254 4580 β

2213 4601 2252 4664 ξ’

2767 3955 2829 4010 a.

2787 4271 2829 4388 ῗὲ

2907 3969 2962 4010 8..

2907 4358 2967 4401 Ι.

3045 3969 3106 4026 q.

2805 4215 2842 4242 υ)

2787 4247 3012 4372 ξιξ

2903 4348 3012 4372 ..

2805 4348 3012 4428 ΞΙὲ

2791 4430 3012 4514 alii?

2803 4505 3014 4559 Ξιέξ

2803 4561 3013 4636 31⁸3

2787 4631 2861 4695 ,Ξ
2904 4631 2914 4695 |
2957 4631 3013 4692 ,Ξ

2791 4699 2846 4743 Ω

2903 4358 2918 4736 ι

1175 4813 1184 4838 l
1344 4813 1356 4848 |
1518 4813 1527 4848 |
1919 4813 1930 4845 Ι
2126 4813 2136 4841 I
2331 4813 2340 4833 '
2735 4813 2745 4844 Ι
2905 4813 2915 4853 Ι

1049 4854 1061 5076 Ι
1173 4930 1233 4984 C.
1347 4930 1412 4985 D.
1536 4933 1602 4986 E.
1931 4931 1991 4985 C.
2103 4930 2170 4983 D.
2284 4931 2346 4984 E.
2675 4932 2734 4987 C.
2851 4933 2918 4987 D.
3033 4932 3093 4985 E.
3214 4855 3228 5074 Ι

1061 5244 1286 5299 CAPUT
1326 5245 1410 5299 [Χ.

1061 5245 1101 5295 C
1397 5286 1410 5299 .

407 5325 499 5382 De
522 5326 912 5384 similitudine
939 5245 1455 5399 υοοαγιγῖῗτῗῖαγιὲα,
1481 5347 1740 5403 quarum
1767 5331 2060 5402 diapason

939 5420 1067 5474 sola
1098 5423 1366 5489 perfecta
1421 5426 1525 5476 est.

480 5504 1060 5578 Supradictzevoces,
1086 5514 1264 5580 prout
1288 5509 1509 5565 similes
1529 5514 1687 5581 sunt,
1709 5513 1911 5582 utpote
1929 5509 2060 5564 aliae

407 5594 468 5672 in
496 5594 852 5666 elevations,
902 5599 971 5653 ut
995 5598 1060 5654 C.
1088 5600 1150 5654 et
1175 5599 1244 5654 ϐ.
1272 5600 1338 5655 D.
1377 5601 1520 5657 οισι.
1552 5597 1772 5656 aliain
1825 5596 2062 5672 deposi-

2171 5241 2350 5314 tione,
2378 5245 2521 5298 uta.
2565 5245 2622 5298 et
2649 5244 2710 5297 E.
2744 5244 2806 5298 G.
2840 5244 2900 5298 et
2926 5244 2993 5298 D.
3027 5240 3162 5298 aliae
3189 5241 3252 5297 in
3276 5245 3551 5316 utroque,
3581 5247 3648 5300 ut
3673 5242 3730 5298 C.
3765 5247 3823 5298 et

2170 5331 2233 5385 G.
2254 5333 2314 5385 E.
2333 5334 2391 5420 et
2497 5331 2581 5386 ita
2600 5331 2822 5420 similes
2845 5329 3072 5420 faciunt
3089 5347 3361 5399 neumas,
3381 5331 3535 5388 adeo
3561 5336 3629 5388 ut
3645 5331 3822 5387 unius

2169 5418 2430 5488 cognitio
2453 5418 2686 5492 pandat
2704 5419 2807 5475 tibi
2838 5419 3106 5486 alteram,
3138 5421 3199 5476 in
3229 5420 3451 5493 quibus
3487 5438 3632 5478 vero
3658 5420 3823 5477 nulla

2169 5507 2492 5564 similitudo
2524 5513 2857 5564 monstrata
2887 5514 2995 5577 est,
3024 5509 3118 5564 vel
3137 5526 3273 5582 qua:
3298 5509 3673 5567 diversorum
3693 5525 3825 5565 mo-

2169 5597 2391 5655 dorum
2400 5598 2754 5670 sunt,a}tera
2766 5598 3008 5658 alterius
3018 5614 3308 5659 neumam
3317 5605 3682 5676 canumque
3692 5614 3822 5658 non
