3986 6178
250 130 344 185 389
1527 127 1533 131 ’
1748 136 1880 194 κιο]

2043 139 2208 199 lGUS.

3569 173 3678 228 390

234 253 440 325 recipit
469 268 482 306 :
517 251 690 323 quod
723 251 777 308 si
823 255 1152 326 compellas
1205 256 1484 330 recipere,
1525 261 1907 320 transforma-
1942 269 1987 320 Α
2017 269 2189 322 tonos
2224 270 2558 334 nominant.
2586 276 2686 348 qui
2720 277 2806 335 sic
2835 286 2980 338 sunt
3007 283 3264 341 naturali
3290 287 3370 343 ab
3417 287 3677 349 invicem

237 340 322 396 bis
352 359 365 408 ;
392 345 454 395 ut
479 344 633 412 puta
665 340 714 394 si
737 341 879 412 quis
902 343 1078 400 vellet
1098 345 1512 418 antiphonam,
1546 351 1719 422 cujus
1749 353 1908 424 prin-

2017 355 2352 414 diversitate
2384 361 2494 432 disj
2505 364 2685 434 uncti,
2716 370 2779 422 ut
2801 368 2950 425 alter
2987 372 3152 428 alteri
3191 391 3253 430 1n
3279 393 3389 432 sua
3415 379 3556 436 sede
3583 382 3676 436 lo-

233 430 454 502 cipium
487 434 577 485 est
599 431 661 485 in
697 433 763 486 D.
799 431 862 485 in
894 435 956 487 Ε.
988 434 1082 489 vel
1109 433 1170 490 in
1193 438 1248 490 F.
1297 453 1432 508 quae
1483 444 1620 495 sunt
1670 441 1907 497 alterius
2017 459 2154 500 cum
2185 461 2304 502 non
2336 430 2574 516 tribuat,
2628 452 2914 530 alterque,
2939 459 3178 516 alterius
3230 479 3518 528 neumam
3570 474 3677 526 aut

231 519 391 574 modi
424 536 632 586 voces,
667 519 1107 591 incipere,mox
1139 522 1342 579 auditu
1365 528 1694 600 perciperet
1715 545 1904 602 quan-

233 613 285 663 ta
316 608 686 663 diversitatis
720 610 1171 667 transformatio
1201 611 1381 669 ﬁeret.
1413 619 1474 670 ln
1510 621 1570 673 D.
1596 635 1736 675 vero
1763 626 1816 674 et
1846 637 1899 676 a.

226 713 357 769 quae
389 697 576 751 unius
605 703 748 752 sunt
782 699 971 764 modi,
1023 700 1352 772 saepissime
1379 720 1710 774 possumus
1741 725 1904 764 eum-

225 787 360 841 dem
387 791 642 842 cantum
673 785 942 859 incipere
972 788 1061 844 vel
1091 789 1257 844 ﬁnire
1293 808 1305 845 :
1336 793 1664 864 saepissime
1703 802 1902 853 autem

223 875 362 941 dixi,
397 880 455 930 et
495 891 622 930 non
657 892 920 949 semper,
956 877 1094 949 quia
1126 877 1470 951 similitudo,
1504 883 1616 939 nisi
1669 885 1728 940 in
1774 887 1901 941 dia-

220 980 437 1036 pason,
472 964 740 1036 perfecta
772 981 896 1021 non
929 971 1032 1022 est.
1069 965 1172 1022 Ubi
1222 968 1380 1024 enim
1433 971 1670 1030 diversa
1695 980 1786 1031 est
1812 979 1901 1031 t0-

221 1069 448 1109 norum
469 1053 1056 1126 semitoniorumque
1095 1055 1329 1127 positio,
1369 1058 1474 1116 ﬁat
1530 1078 1776 1120 necesse
1816 1070 1904 1122 est

219 1147 272 1197 et
297 1158 696 1198 neumarum.
763 1147 825 1198 In
881 1144 1174 1216 praedictis
1230 1162 1495 1219 namque
1548 1153 1816 1220 vocibus,
1847 1160 1903 1210 et

215 1248 353 1302 quae
383 1231 570 1286 unius
627 1231 798 1286 modi
853 1232 1146 1299 dicuntur,
1201 1233 1719 1296 dissimilitudines
1739 1241 1900 1298 inve-

215 1320 505 1385 niuntur;
544 1323 609 1374 Ι).
642 1320 806 1374 enim
835 1320 1148 1392 deponitur
1173 1327 1332 1390 tono,
1366 1341 1421 1379 a.
1470 1344 1610 1384 vero
1651 1330 1898 1401 ditono;

215 1409 298 1463 sic
325 1413 384 1464 et
435 1408 498 1462 in
529 1408 803 1481 reliquis.

521 1525 530 1530 .
902 1483 1117 1536 CAPUT
1155 1485 1213 1537 Χ.

245 1572 338 1625 De
364 1569 570 1624 Medis
603 1575 660 1625 et
685 1570 842 1638 falsi
867 1571 1006 1625 meti
1028 1573 1329 1640 agnitione
1356 1581 1409 1629 et
1439 1579 1831 1633 correctione.

284 1658 352 1715 Hi
382 1663 532 1714 sunt
591 1661 859 1730 quatuor
902 1659 1061 1715 modi
1095 1660 1184 1716 vel
1247 1663 1424 1734 tropi,
1453 1681 1616 1736 quos
1651 1665 1902 1723 abusive
1945 1673 1986 1725 Β

854 2015 1252 2030 ..ᾗ

1398 2020 1764 2031 ..----

1834 2027 2118 2042 ‘—

2017 534 2394 592 transformet
2452 544 2556 594 aut
2605 541 2849 612 recipiat
2885 561 3248 619 nunquam;
3302 553 3676 615 dissonantia

2013 637 2255 694 quoque
2277 641 2383 696 per
2412 626 2726 684 falsitatem
2751 630 2832 686 ita
2857 631 2918 687 in
2940 637 3213 693 canendo
3243 640 3675 714 subrepit,cum

2014 716 2117 768 aut
2136 712 2208 769 de
2232 712 2387 772 bene
2412 715 2698 772 dimensis
2725 720 2972 777 vocibus
3001 739 3218 794 parum
3239 729 3385 800 quid
3415 712 3672 800 gravan-

2015 807 2100 857 tes
2133 803 2401 870 demunt,
2436 806 2524 861 vel
2560 807 2849 878 adjiciunt
2894 811 3271 872 intendentes
3309 836 3320 884 ;
3354 821 3519 890 quod
3540 837 3673 893 pra-

2012 905 2101 942 vae
2134 906 2309 945 voces
2369 893 2682 951 hominum
2739 897 2981 962 faciunt,
3018 918 3159 958 cum
3192 909 3293 961 aut
3324 907 3672 977 praedictam

2010 978 2303 1034 rationem
2332 981 2470 1053 plus
2492 985 2656 1054 justo
2703 986 3076 1048 intendentes
3134 993 3229 1049 vel
3285 996 3670 1069 remittentes,

2011 1083 2300 1123 neumam
2328 1072 2646 1142 cujuslibet
2699 1078 2865 1132 modi
2919 1086 3022 1136 aut
3068 1081 3130 1136 in
3187 1083 3373 1139 alium
3422 1086 3675 1142 modum

2012 1163 2373 1227 pervertunt,
2430 1166 2533 1216 aut
2578 1162 2637 1217 in
2689 1164 2844 1234 loco,
2899 1167 3004 1241 qui
3034 1186 3244 1225 vocem
3292 1187 3416 1228 non
3446 1173 3671 1246 recipit,

2011 1244 2314 1314 inchoant,
2364 1249 2452 1304 vel
2501 1254 2800 1323 quasdam
2856 1256 3082 1313 faciunt
3138 1244 3587 1318 subductiones
3613 1264 3674 1320 in

2011 1334 2166 1403 trito,
2190 1352 2326 1408 quae
2353 1338 2548 1396 dieses
2611 1344 3006 1417 appellantur,
3049 1365 3189 1404 cum
3235 1367 3359 1407 non
3403 1358 3676 1424 oporteat

2014 1439 2118 1478 eas
2150 1425 2211 1479 in
2244 1442 2422 1482 usum
2449 1430 2780 1500 admittere,
2813 1435 2924 1491 nisi
2965 1439 3525 1510 supervenientibus
3551 1459 3674 1500 cer-

2016 1513 2086 1567 tis
2114 1513 2281 1570 locis.
2315 1518 2488 1582 Quod
2520 1525 2583 1575 ut
2611 1521 2778 1578 facile
2803 1529 3023 1596 pateat,
3055 1530 3450 1601 proponimus
3474 1547 3672 1589 exem-

2016 1601 2184 1672 plum
2210 1621 2223 1658 :

443 2007 1764 2060 a-a—a-a—a——-—a—a————.-
1784 2013 1820 2054 ἃ
1834 2021 2156 2060 ‘8.

742 2084 1358 2142 GGGGG
1732 2089 1775 2142 G
2021 2095 2065 2146 G

211 2174 846 2226 F——
868 2176 904 2228 F
921 2179 2681 2244 ————F———-—F——F——F-—F

785 2264 825 2315 E
935 2265 974 2317 E
1430 2269 1471 2321 E
1950 2273 1992 2326 E
2251 2278 2289 2328 E
2688 2283 2727 2335 E

1359 2356 3668 2426 DMD——D—_——

514 2475 896 2532 Desiderium

293 2573 356 2623 In
381 2566 556 2623 nullo
587 2566 756 2621 enim
791 2581 940 2621 sono
969 2567 1122 2623 valet
1172 2568 1319 2639 ﬁeri,
1351 2573 1606 2642 excepto
1645 2570 1812 2627 tertio
1842 2577 1897 2628 et

160 2706 169 2714 .
221 2664 395 2713 sexto
433 2675 445 2725 ;
482 2672 633 2712 nam
662 2655 773 2711 etsi
807 2656 1126 2726 reperiatur
1163 2658 1222 2712 in
1251 2658 1387 2728 alio,
1436 2659 1676 2731 penitus
1701 2675 1898 2717 emen-

220 2745 430 2802 danda
460 2751 554 2801 est
587 2763 601 2810 ;
636 2760 766 2800 non
799 2743 987 2799 solum
1018 2751 1216 2801 autem
1258 2748 1409 2820 ipsa,
1461 2748 1566 2803 sed
1596 2751 1653 2802 et
1705 2748 1894 2817 radix,

223 2849 295 2889 ex
320 2851 447 2906 qua
478 2833 776 2889 inutiliter
806 2835 1110 2904 processit,
1143 2836 1504 2892 eradicanda
1535 2840 1646 2891 est.

296 2924 675 2991 Notandum,
708 2922 896 2995 quod,
925 2923 1065 2995 quia
1095 2940 1130 2980 α
1168 2941 1202 2980 a
1254 2925 1625 2997 quibusdam
1656 2925 1896 2981 semito-

226 3013 307 3068 nii
335 3013 477 3068 loco
509 3013 871 3081 admittitur,
928 3013 1062 3069 ideo
1108 3015 1486 3070 harmoniam
1541 3015 1602 3070 in
1646 3015 1897 3071 modum

226 3103 479 3176 plaustri
531 3101 836 3170 vergentis
891 3118 995 3174 per
1041 3108 1340 3175 petrosam
1385 3105 1658 3160 semitam
1711 3106 1899 3161 conﬁ-

228 3194 411 3248 ciunt.
449 3192 598 3248 ideo
624 3196 830 3247 autem
860 3192 992 3263 plus
1013 3210 1196 3266 quam
1227 3196 1497 3250 omnium
1529 3196 1746 3252 artium
1772 3212 1899 3251 mu-

229 3282 364 3336 sicae
393 3285 537 3336 sunt
568 3279 795 3347 regulae
826 3278 1144 3348 dissolutae,
1176 3283 1337 3354 quia,
1395 3283 1543 3338 dum
1594 3301 1898 3356 nusquam

229 3370 415 3442 aliqui
441 3372 778 3443 potuerunt
834 3384 898 3423 se
948 3369 1023 3424 ad
1077 3371 1348 3427 semitam
1401 3373 1730 3436 admittere,
1777 3373 1900 3428 imo

230 3460 376 3514 dum
403 3459 571 3532 pleni
600 3456 870 3513 fluminis
897 3457 964 3528 (Γ.
988 3460 1189 3531 instar)
1223 3462 1314 3516 cui
1345 3463 1491 3518 dum
1532 3479 1656 3519 non
1685 3462 1902 3519 sufﬁcit

229 3549 513 3622 proprius
546 3546 779 3608 alveus.
813 3562 919 3618 per
947 3549 1205 3620 compita
1230 3550 1581 3607 diifunditur
1613 3571 1624 3618 ;
1681 3552 1757 3606 ita
1789 3551 1900 3622 ipsi

230 3639 394 3693 omni
424 3636 584 3703 loco,
619 3652 745 3708 quo
796 3635 1109 3692 semitonia
1169 3645 1568 3707 accreverunt,
1603 3640 1782 3698 aliam
1815 3656 1903 3695 se-

228 3725 438 3782 mitam
468 3725 801 3794 elegerunt,
837 3723 1053 3780 scilicet
1078 3731 1404 3783 metuentes
1444 3734 1674 3784 arctum
1701 3728 1899 3797 ingre-

228 3815 290 3870 di
319 3831 596 3889 specum,
625 3829 702 3868 ne
761 3813 1137 3882 magnitudo,
1205 3832 1326 3879 qua
1381 3818 1745 3890 praecellunt,
1775 3833 1902 3873 cor-

231 3905 394 3975 poris
422 3907 706 3970 arctetur,
740 3906 846 3958 aut
873 3901 1091 3958 minori
1135 3903 1440 3961 latitudine
1494 3912 1597 3964 aut
1640 3905 1902 3963 breviori

237 3993 542 4050 alu'tudine
574 3991 874 4061 tegminis.
910 3991 1017 4047 Ubi
1075 3996 1276 4049 autem
1339 4011 1463 4051 non
1519 4000 1801 4068 quaerunt
1830 3995 1897 4064 (Γ.

232 4084 480 4152 queunt)
548 4080 794 4153 penitus
862 4080 1144 4150 effugere,
1203 4081 1353 4138 diesi
1417 4084 1509 4139 usi
1565 4090 1725 4152 sunt,
1774 4083 1906 4137 imi-

229 4175 418 4227 tantes
451 4170 742 4226 nimirum
803 4169 937 4225 illos
987 4170 1113 4242 qui,
1158 4171 1304 4228 dum
1361 4177 1636 4230 metuunt
1659 4172 1785 4228 vim
1814 4171 1899 4227 al-

228 4260 412 4329 goris,
449 4260 575 4315 vim
594 4259 825 4314 faciunt
849 4258 1247 4331 impingentes
1301 4261 1484 4316 semel
1535 4266 1672 4318 ante
1705 4277 1774 4316 os
1799 4277 1900 4316 ca-

223 4347 398 4404 mini.

298 4437 484 4506 Igitur
515 4436 644 4492 haec
692 4433 896 4501 diesis,
954 4449 1112 4506 qum,
1173 4435 1330 4492 sicut
1381 4453 1563 4510 supra
1614 4438 1897 4506 diximus,

222 4526 429 4582 locum
461 4523 767 4580 semitonii
835 4523 1036 4589 sumit,
1087 4539 1390 4598 nusquam
1447 4528 1743 4582 sumenda
1789 4532 1899 4596 est,

220 4615 338 4670 nisi
363 4615 480 4670 isto
508 4613 715 4679 modo,
768 4627 909 4667 cum
995 4611 1163 4667 tritus
1209 4614 1460 4683 canitur,
1502 4619 1559 4670 et
1607 4615 1902 4671 tetrardus

219 4703 658 4778 producendus
689 4705 779 4756 est
807 4701 869 4756 in
898 4705 1094 4774 proto,
1121 4701 1455 4775 iterumque
1506 4705 1903 4777 deponendus

219 4800 312 4851 est
341 4795 404 4852 in
437 4791 787 4864 semetipso,
819 4790 914 4847 vel
937 4791 1002 4847 in
1026 4790 1240 4848 eodem
1273 4792 1425 4862 trito,
1453 4793 1547 4849 vel
1568 4794 1748 4850 etiam
1770 4811 1901 4850 ma-

215 4885 313 4957 gis
341 4881 577 4940 inﬁmo.
609 4885 772 4937 Tunc
797 4880 989 4948 tritus,
1022 4881 1125 4954 qui
1146 4886 1360 4954 praeest
1390 4883 1674 4954 tetrardo,
1697 4889 1902 4957 proto-

216 4991 310 5042 ve,
343 4969 789 5029 subducendus
808 4975 899 5026 est
923 4970 1232 5026 modicum
1263 4989 1276 5038 ;
1305 4988 1441 5045 quae
1466 4972 1783 5029 subductio
1801 4989 1903 5046 ap-

216 5063 484 5138 pellatur
517 5060 724 5131 diesis,
753 5063 810 5116 et
835 5059 1124 5116 medietas
1155 5061 1457 5132 sequentis
1483 5061 1797 5130 semitonii,
1828 5062 1902 5117 si-

216 5133 321 5210 cut
351 5149 748 5209 semitonium
782 5155 870 5205 est
897 5148 1190 5205 medietas
1247 5150 1548 5222 sequentis
1581 5150 1721 5207 toni.
1749 5151 1901 5208 Meti-
1929 5133 1973 5186 Π

217 5248 317 5299 tur
342 5245 551 5298 autem
574 5238 691 5296 hoc
713 5236 921 5296 modo.
967 5238 1113 5293 Cum
1154 5253 1190 5293 a
1247 5240 1308 5294 G.
1354 5238 1432 5294 ad
1458 5238 1640 5296 ﬁnem
1694 5239 1903 5296 feceris

219 5347 449 5388 novem
481 5345 727 5402 passus,
757 5327 1101 5401 reperisque
1160 5342 1214 5382 a.
1242 5331 1382 5382 tunc
1410 5325 1486 5383 ab
1517 5344 1571 5384 a.
1607 5333 1685 5384 ad
1715 5327 1899 5384 ﬁnem

214 5422 444 5496 partire
468 5435 579 5492 per
615 5422 868 5489 septem,
899 5421 954 5472 et
1007 5416 1067 5471 in
1094 5415 1347 5496 termino
1380 5416 1585 5488 primae
1607 5417 1791 5490 partis
1812 5434 1904 5473 re-

216 5485 384 5583 peris
415 5485 944 5580 primam—diesim,
978 5505 1129 5559 inter
1154 5485 1213 5588 ﬁ
1263 5510 1392 5560 etc.
1441 5509 1565 5560 Mox
1607 5507 1906 5561 secundus

214 5607 275 5656 et
308 5600 520 5656 tertius
551 5613 775 5670 passus
805 5600 979 5651 erunt
1025 5594 1222 5665 vacui,
1277 5597 1530 5665 quartus
1580 5610 1722 5652 vero
1757 5594 1908 5651 tertii

2425 2393 2844 2406 ————_

3459 2458 3518 2559 lii
3603 2485 3670 2555 lc-

2006 2559 2190 2615 diesis
2217 2559 2510 2619 obtinebit
2538 2563 3152 2636 locum,quisimiliter
3166 2568 3434 2628 eritinter
3460 2561 3594 2645 bet
3621 2591 3673 2630 c.

2006 2649 2177 2704 Modo
2211 2649 2389 2705 simili
2419 2667 2456 2707 a
2484 2653 2543 2708 d.
2587 2669 2805 2726 passus
2861 2653 3008 2711 ﬁant
3062 2657 3305 2714 totidem
3360 2662 3438 2717 ad
3467 2664 3673 2733 ﬁnem,

2008 2753 2274 2809 moxque
2329 2741 2610 2798 secundae
2654 2743 2878 2815 patebit
2930 2745 3118 2817 locus,
3177 2750 3522 2822 supradicto
3591 2767 3678 2808 or-

2007 2824 2169 2896 dine,
2209 2843 2347 2899 que:
2393 2830 2501 2885 erit
2552 2831 2704 2887 inter
2758 2849 2809 2888 e.
2843 2836 2898 2889 et
2941 2834 2980 2890 f.
3033 2838 3194 2893 Tunc
3241 2843 3543 2896 revertens
3597 2838 3677 2896 ad

2008 2914 2270 2985 primam
2299 2916 2516 2989 diesin,
2565 2920 2768 2977 divide
2799 2922 2877 2978 ad
2915 2922 3098 2980 ﬁnem
3137 2941 3245 2998 per
3298 2933 3580 3000 quatuor,
3621 2931 3680 2984 et

2009 3005 2242 3075 primus
2294 3007 2436 3064 item
2480 3025 2696 3080 passus
2753 3013 3097 3072 terminabit
3146 3016 3298 3074 inter
3344 3034 3395 3076 e.
3428 3023 3486 3076 et
3511 3018 3552 3074 f.
3583 3034 3677 3075 se-

2439 3105 2504 3206 tq
2598 3150 2631 3190 c

2008 3217 2244 3272 cundus
2269 3219 2419 3275 inter
2443 3213 2506 3298 ῃ
2531 3227 2588 3278 et
2617 3239 2702 3278 cc.
2753 3224 2965 3298 reliqui
2995 3235 3230 3286 vacant.
3264 3231 3678 3288 Admonemus

2010 3322 2152 3362 vero
2173 3306 2457 3364 lectorem
2487 3326 2566 3366 ne
2592 3313 2892 3371 existimet
2920 3331 3034 3372 nos
3080 3318 3374 3390 desipere,
3399 3335 3471 3375 eo
3510 3320 3679 3392 quod

2009 3394 2207 3464 primo
2239 3397 2552 3454 omisimus
2583 3400 2696 3457 ista
2746 3403 3024 3461 scribere.
3087 3410 3206 3462 Nos
3241 3407 3402 3464 enim
3429 3413 3676 3481 paratos

2010 3482 2277 3550 habebit,
2336 3492 2473 3557 post
2526 3487 2712 3545 ﬁnem
2767 3493 2968 3565 operis
3022 3511 3095 3551 ex
3145 3496 3276 3552 istis
3313 3497 3678 3575 respondere

2012 3572 2123 3627 sibi
2160 3592 2172 3639 ;
2201 3590 2362 3630 nunc
2393 3577 2469 3632 ad
2499 3586 2696 3652 carpta
2725 3587 3117 3641 revertamur.

2086 3663 2231 3718 Sunt
2261 3664 2441 3721 etiam
2471 3670 2767 3737 nonnulli,
2804 3672 2907 3744 qui
2929 3673 3033 3730 ubi
3071 3675 3408 3733 debuerant
3436 3677 3677 3734 semidi-

1941 3769 1980 3823 ρ
2009 3755 2219 3806 tonum
2252 3753 2909 3831 admittere,apponunt
2933 3767 3164 3820 tonum.
3197 3767 3370 3830 Quod
3397 3771 3461 3823 ut
3476 3783 3678 3824 exem-

2010 3839 2110 3909 plo
2140 3844 2360 3910 pateat,
2415 3842 2475 3897 in
2535 3847 2995 3919 Communione,
3050 3853 3274 3922 cii/fusa
3317 3859 3401 3909 est
3451 3858 3676 3926 gratia,

2010 3925 2179 3981 multi
2199 3933 2536 3998 propterea,
2571 3934 2736 4004 quod
2763 3940 2889 3991 erat
2935 3937 3350 4010 incipiendum
3379 3941 3439 3996 in
3469 3945 3525 3996 F.
3553 3958 3676 3998 uno

2009 4017 2156 4069 tono
2183 4014 2516 4088 deponunt,
2553 4036 2693 4075 cum
2725 4026 2860 4077 ante
2883 4026 2940 4078 F.
2974 4029 3288 4082 tonusnon
3319 4028 3393 4084 sit
3421 4045 3436 4083 :
3469 4028 3674 4102 sicque

2007 4102 2092 4168 ﬁt,
2126 4107 2190 4158 ut
2218 4103 2568 4178 ubicunque
2617 4109 2875 4165 occurrit
2911 4113 3319 4186 semitonium,
3362 4122 3592 4190 ponant
3613 4119 3678 4175 il-

2009 4191 2136 4246 lum
2168 4193 2280 4248 sub
2312 4197 2368 4261 F,
2411 4197 2578 4267 quod
2634 4198 2801 4255 nullo
2830 4201 3017 4259 modo
3054 4204 3180 4260 ﬁeri
3208 4210 3430 4277 potest,
3456 4212 3519 4265 et
3538 4208 3674 4267 ideo

2009 4280 2144 4336 ﬁnis
2202 4284 2657 4343 Communionis
2706 4287 2982 4359 ejusdem
3028 4293 3254 4350 ibidem
3299 4297 3515 4360 veniat,
3570 4299 3676 4357 ubi

2011 4369 2176 4425 nulla
2203 4386 2319 4426 vox
2350 4376 2457 4428 est.
2483 4377 2752 4432 Cantoris
2798 4378 3008 4451 itaque
3051 4383 3276 4455 peritia:
3304 4401 3436 4444 esse
3472 4387 3670 4458 debet,

2010 4473 2136 4529 quo
2163 4458 2298 4514 loco
2319 4460 2415 4516 vel
2439 4463 2625 4520 modo
2653 4466 2993 4538 quamlibet
3012 4486 3301 4529 neumam
3318 4475 3580 4548 incipiat,
3609 4480 3674 4534 ut

2011 4564 2148 4604 eam
2170 4548 2265 4605 vel
2297 4566 2404 4606 suo
2435 4553 2616 4611 modo
2661 4556 2950 4628 restituat,
3004 4561 3115 4631 vel,
3149 4562 3197 4617 si
3226 4565 3487 4620 motione
3516 4583 3672 4639 opus

2012 4641 2118 4704 est,
2150 4639 2229 4694 ad
2272 4638 2482 4697 afﬁnes
2534 4659 2713 4700 voces
2754 4645 3036 4719 inquirat.
3095 4653 3212 4706 Hos
3232 4657 3434 4709 autem
3454 4638 3672 4712 modos

2011 4725 2101 4781 vel
2125 4730 2329 4799 tropos
2355 4744 2545 4798 graece
2593 4733 2982 4791 nominamus
3020 4742 3282 4810 pratum,
3332 4742 3667 4813 deuterum,

2012 4814 2234 4884 tritum,
2261 4821 2590 4876 tetrartum.

2665 4894 2889 4950 CAPUT
2925 4898 3012 4952 Χῐ.

2014 4977 2152 5044 Quae
2182 4993 2316 5046 vox,
2350 4985 2403 5035 et
2434 4996 2622 5051 quare
2649 4983 2713 5038 in
2735 4991 2918 5040 cantu
2945 4985 3209 5042 obtineat
3234 4991 3664 5060 principatum.

2085 5071 2231 5124 Cum
2262 5072 2463 5125 autem
2489 5071 2738 5141 quilibet
2769 5077 2980 5130 cantus
3035 5075 3318 5134 omnibus
3343 5080 3594 5138 vocibus
3612 5087 3671 5141 et

2011 5153 2206 5242 modis
2283 5156 2405 5225 ﬁat,
2457 5175 2572 5216 vox
2625 5167 2828 5219 tamen
2891 5179 3025 5237 quae
3079 5170 3323 5224 cantum
3371 5170 3668 5242 terminat,

2011 5241 2238 5299 obtinet
2287 5245 2690 5319 principatum
2723 5267 2736 5316 ;
2769 5265 2839 5305 ea
2891 5250 3051 5307 enim
3090 5257 3146 5309 et
3187 5253 3406 5313 diutius
3445 5263 3502 5316 et
3544 5241 3672 5318 mo?-

2011 5329 2204 5385 rosius
2254 5338 2445 5388 sonat.
2517 5337 2584 5390 Et
2639 5337 2966 5408 praemissae
3007 5355 3201 5410 voces,
3253 5360 3387 5415 qua:
3435 5351 3668 5404 tantum

2013 5417 2342 5474 exercitatis
2371 5426 2592 5493 patent,
2622 5421 2701 5480 ita
2753 5426 2831 5482 ad
2871 5443 3005 5482 eam
3057 5423 3441 5501 adaptantur,
3475 5439 3539 5490 ut
3564 5435 3670 5490 mi-

2015 5524 2148 5574 rum
2174 5506 2233 5561 in
2265 5509 2517 5565 modum
2539 5514 2873 5583 quamdam
2898 5515 2975 5570 ab
2990 5531 3062 5572 ea
3087 5517 3298 5573 coloris
3317 5519 3534 5577 faciem
3555 5521 3668 5577 du-

2015 5612 2146 5653 cere
2175 5595 2508 5657 videantur.
2541 5604 2648 5658 Per
2677 5603 3058 5677 supradicta
3073 5621 3298 5680 nempe
3321 5625 3426 5669 ea
3455 5625 3668 5670 conso-
