3980 6176
403 103 499 156 394
1805 87 2134 146 GUlDOle
2170 93 2468 148 ARETIN].
3696 109 3783 165 39,

394 221 652 286 nantias,
683 217 810 274 voci
835 231 970 288 quae
989 227 1276 268 neumam
1297 210 1576 267 terminat
1600 209 1842 283 reliqum
1867 227 2045 268 voces
2083 225 2128 276 Α
2160 235 2308 275 rere.
2333 221 2630 295 Excipitur
2651 221 2876 296 Tribus
2906 223 3220 280 miraculis
3248 237 3270 295 ;
3298 224 3462 298 quia,
3514 243 3651 284 cum
3669 246 3786 286 can-

395 309 758 369 concordare
788 304 1024 359 debent.
1050 301 1186 356 Voci
1232 316 1374 356 vero
1411 317 1546 373 quae
1575 304 1819 356 cantum
1852 301 2047 356 termi-

392 405 517 466 nat,
548 394 948 470 principatum
991 390 1142 461 ejus,
1192 393 1665 460 cunctarumque
1720 388 2045 443 distinctio-

390 504 538 546 num
576 484 723 539 ﬁnes
779 480 872 536 vel
927 479 1107 536 etiam
1156 478 1468 552 principia,
1511 494 1665 550 opus
1694 482 1798 567 est,
1841 477 2044 534 adhae-

383 955 684 969 -—-I_-—

590 1392 786 1445 I'ertia
811 1387 933 1443 dies
959 1391 1063 1453 est,
1096 1385 1254 1456 quod
1283 1385 1410 1440 haec
1443 1383 1613 1452 facta
1653 1386 1811 1437 sunt.

443 1486 727 1537 Praeterea
773 1491 915 1531 cum
972 1474 1233 1546 aliquem
1290 1474 1528 1528 cantare
1577 1469 1877 1538 audimus,
1910 1467 2026 1541 pri-

370 1587 536 1628 mam
566 1567 696 1640 ejus
727 1580 957 1636 vocem,
982 1561 1322 1634 cujusmodi
1349 1560 1441 1628 sit,
1459 1560 1810 1629 ignoramus
1842 1577 1853 1625 ;
1882 1557 2028 1630 quia

369 1665 571 1716 utrum
742 1652 837 1710 vel
854 1652 1166 1708 semitonia
1191 1648 1507 1721 reliquzeve
1525 1646 1749 1720 species
1767 1662 2023 1719 sequan-

369 1755 484 1816 tur,
560 1743 878 1801 nescimus.
937 1741 1118 1796 Finito
1162 1755 1304 1794 vero
1362 1741 1539 1792 cantu
1596 1735 1813 1791 ultimae
1860 1736 2024 1792 vocis

366 1837 617 1894 modum
639 1850 712 1890 ex
743 1830 1048 1904 praeteritis
1078 1832 1278 1901 aperte
1323 1825 1727 1896 agnoscimus.
1784 1829 2021 1898 Incepto

366 1926 525 1983 enim
554 1927 757 1990 cantu,
783 1918 930 1994 quid
952 1922 1256 1992 sequatur,
1291 1916 1554 1985 ignoras,
1586 1913 1752 1969 ﬁnito
1797 1919 2017 1981 autem,

365 2016 510 2090 quid
566 2009 955 2086 princesserit,
1011 2008 1194 2062 vides.
1257 2011 1457 2078 Itaque
1504 2003 1699 2059 ﬁnalis
1764 2019 1880 2059 vox
1911 2009 2016 2071 est,

362 2121 550 2179 quam
576 2101 789 2158 melius
840 2099 1159 2154 intuemur.
1211 2094 1430 2150 Deinde
1477 2093 1524 2148 si
1571 2092 1765 2148 eidem
1818 2093 2018 2149 cantui

361 2209 600 2251 versum
632 2194 735 2246 aut
762 2188 1086 2262 psalmum,
1131 2188 1233 2241 aut
1287 2183 1512 2256 aliquid
1564 2181 1708 2237 velis
1771 2183 2018 2254 subjun-

361 2298 520 2354 gere,
549 2279 626 2336 ad
650 2275 894 2333 ﬁnalem
919 2290 1128 2330 vocem
1155 2270 1525 2344 permaxime
1554 2286 1707 2343 opus
1731 2275 1819 2326 est
1843 2287 2019 2343 coap-

358 2378 505 2440 tare,
529 2384 653 2424 non
671 2366 746 2422 ad
777 2365 986 2438 primae
1012 2361 1101 2418 vel
1130 2361 1381 2418 aliarum
1410 2359 1561 2415 adeo
1580 2359 2015 2431 inspectionem

357 2460 678 2605 meS-itur
702 2558 946 2616 quoque
977 2546 1033 2597 et
1081 2539 1246 2605 illud,
1298 2537 1464 2611 quod
1494 2537 1758 2594 accurati
1802 2543 2013 2594 cantus

355 2640 417 2695 in
445 2636 692 2693 ﬁnalem
733 2649 940 2688 vocem
996 2629 1258 2686 maxime
1315 2626 1723 2683 distinctiones
1752 2627 2009 2684 mittant.

1951 945 2230 958 ——

2159 315 2251 366 tus
2282 311 2342 366 in
2375 315 2434 367 E.
2469 309 2744 366 terminat
2771 327 2930 383 saepe
2950 311 3010 366 in
3033 327 3084 368 c.
3108 313 3214 385 qui
3245 314 3324 370 ab
3352 332 3424 372 ea
3451 316 3718 391 diapente
3738 326 3787 376 et

2157 398 2536 456 semitonium
2592 397 2790 466 distat,
2846 399 3205 473 principium
3256 402 3394 460 facit
3420 404 3484 460 in
3521 406 3632 462 hac
3663 407 3788 464 anti-

2152 492 2403 565 phona:

1988 705 2192 746 (ΞΟ-’00

3277 949 3726 961 ——_—.——

3015 948 3258 959 ...ο-..-

2070 1383 2107 1436 Β
2146 1381 2660 1452 comparationem
2681 1379 2818 1436 ﬁnis
2846 1385 2972 1437 tum
3003 1381 3120 1438 sint
3150 1397 3360 1452 graves
3384 1388 3441 1439 et
3459 1382 3644 1456 plani,
3663 1387 3782 1440 tum

2136 1470 2292 1525 acuti
2323 1474 2378 1525 et
2403 1469 2524 1537 alti,
2559 1487 2765 1526 versus
2793 1474 2850 1527 et
2900 1471 3140 1543 psalmi,
3172 1475 3229 1528 et
3259 1472 3307 1528 si
3353 1473 3522 1546 quid,
3550 1478 3616 1530 ut
3643 1473 3784 1529 dixi-

2135 1575 2288 1627 mus,
2325 1559 2428 1614 ﬁni
2459 1559 2794 1631 aptandum
2849 1565 2995 1631 erat,
3037 1576 3160 1616 uno
3212 1560 3549 1634 eodemque
3608 1563 3781 1619 modo

2130 1648 2432 1721 prolatum
2461 1648 2711 1704 diversis
2740 1649 2932 1722 aptari
2963 1665 3087 1706 non
3107 1654 3354 1722 poterat.
3403 1651 3577 1717 Quod
3630 1652 3778 1708 enim

2134 1737 2268 1810 subj
2281 1737 2634 1808 ungebatur,
2658 1737 2707 1792 si
2733 1743 2860 1794 erat
2883 1754 3090 1809 grave,
3114 1756 3251 1795 cum
3278 1740 3468 1796 acutis
3500 1756 3623 1796 non
3653 1758 3780 1798 con-

2129 1827 2429 1894 veniebat,
2463 1826 2510 1882 si
2549 1831 2674 1882 erat
2703 1832 2968 1895 acutum,
3002 1843 3037 1883 a
3067 1828 3351 1898 gravibus
3380 1828 3776 1886 discordabat.

2131 1916 2454 1973 Consilium
2484 1916 2685 1989 itaque
2714 1916 2842 1984 fuit,
2879 1921 2941 1972 ut
2980 1917 3236 1990 quisque
3295 1917 3513 1974 modus
3545 1919 3780 1991 partire-

2130 2009 2224 2060 tur
2249 2004 2308 2060 in
2336 2004 2513 2072 duos,
2546 2003 2602 2059 id
2652 2008 2758 2081 est,
2817 2009 3063 2061 acutum
3117 2009 3172 2061 et
3198 2021 3466 2076 gravem,
3506 2005 3776 2064 distribu-

2128 2092 2319 2164 tisque
2345 2092 2564 2164 regulis
2593 2097 2769 2148 acuta
2824 2109 2963 2149 cum
2988 2093 3198 2164 acutis,
3231 2098 3287 2150 et
3315 2096 3521 2165 gravia
3574 2111 3779 2152 conve-

2125 2183 2319 2238 nirent
2348 2182 2653 2253 gravibus,
2677 2186 2734 2239 et
2762 2187 2973 2239 acutus
3027 2183 3287 2257 quisque
3316 2185 3531 2241 modus
3559 2185 3778 2242 dicere-

2123 2276 2221 2328 tur
2257 2271 2609 2340 autenticus,
2642 2272 2702 2328 id
2733 2276 2838 2344 est,
2871 2273 3190 2330 auctoralis
3214 2279 3270 2330 et
3293 2274 3568 2348 princeps
3598 2293 3612 2343 ;
3645 2291 3778 2346 gra-

2123 2361 2213 2417 vis
2243 2367 2445 2417 autem
2470 2361 2653 2434 plaga
2681 2366 3012 2435 vocaretur,
3041 2362 3102 2418 id
3127 2367 3238 2435 est,
3297 2363 3554 2420 lateralis
3583 2371 3640 2422 et
3667 2365 3776 2422 mi-

2121 2465 2252 2506 nor.
2282 2450 2436 2516 Quid
2465 2450 2626 2506 enim
2652 2450 2865 2507 dicitur
2895 2455 3050 2508 stare
3103 2452 3183 2508 ad
3211 2453 3366 2510 latus
3417 2471 3646 2524 meum,
3675 2456 3780 2511 mi-

2120 2554 2233 2594 nor
2251 2555 2348 2594 me
2379 2543 2483 2605 est,
2512 2542 2790 2594 caeterum
2819 2539 2868 2595 si
2893 2543 3050 2596 esset
3076 2541 3292 2611 major,
3322 2557 3436 2613 ego
3466 2543 3662 2616 aptius
3693 2543 3777 2599 di-

2120 2643 2284 2683 cerer
2313 2632 2466 2684 stare
2496 2627 2575 2684 ad
2598 2626 2754 2683 latus
2810 2627 2962 2698 ejus.
3015 2629 3164 2685 Cum
3213 2645 3354 2702 ergo
3397 2631 3633 2688 dicatur
3668 2649 3776 2688 au-

354 2732 469 2785 Nec
495 2725 715 2780 mirum
741 2726 829 2777 est
880 2719 1116 2789 regulas
1149 2716 1438 2773 musicam
1490 2732 1726 2771 sumere
1757 2733 1792 2771 a
1843 2716 2011 2772 ﬁnali
2050 2732 2090 2788 c
2121 2720 2316 2772 tentus
2347 2721 2556 2789 protus
2590 2721 2648 2772 et
2667 2716 2860 2788 plagis
2889 2717 3064 2790 proti,
3095 2719 3360 2776 similiter
3405 2721 3480 2776 de
3511 2721 3773 2795 reliquis,

351 2832 521 2881 voce,
554 2816 771 2869 cumet
799 2809 860 2865 in
911 2806 1324 2864 Grammaticas
1371 2804 1643 2878 partibus
1687 2805 1828 2861 artis
1854 2822 2008 2878 pene
2115 2802 2220 2873 qui
2246 2801 2594 2857 naturaliter
2623 2801 2686 2856 in
2734 2801 2983 2857 vocibus
3031 2807 3201 2859 erant
3218 2809 3435 2877 quator
3462 2805 3657 2873 divisi,
3715 2807 3776 2863 in

351 2905 578 2977 ubique
609 2902 729 2957 vim
761 2914 970 2955 sensus
1026 2897 1087 2951 in
1145 2893 1366 2950 ultimis
1412 2893 1617 2948 litteris
1648 2893 1741 2947 vel
1763 2893 2007 2964 syllabis

350 3011 458 3068 per
483 3009 682 3060 casus,
736 3003 1042 3053 numeros,
1074 3000 1389 3058 personas,
1452 2987 1841 3055 temporaque
1893 2984 2005 3039 dis-

350 3083 670 3140 cernimus.
707 3079 884 3149 lgitur
921 3075 1063 3148 quia
1107 3078 1164 3130 et
1189 3072 1386 3128 omnis
1414 3071 1547 3128 laus
1603 3071 1665 3126 in
1699 3072 1817 3129 line
1846 3073 2005 3129 cani-

347 3176 461 3238 tur,
489 3172 623 3242 jure
637 3167 893 3224 dicimus
918 3163 1084 3238 quod
1118 3160 1316 3218 omnis
1345 3163 1562 3230 cantus
1600 3159 1652 3214 ei
1701 3159 1774 3216 sit
1819 3161 2004 3217 modo

345 3260 674 3330 subjectus,
719 3261 777 3313 et
795 3256 873 3313 ab
899 3271 970 3310 eo
993 3252 1178 3308 modo
1197 3249 1471 3320 regulam
1505 3253 1723 3318 sumat,
1780 3249 1884 3321 qui
1915 3250 2004 3305 ul-

344 3349 524 3406 timus
545 3349 740 3402 sonat.
772 3347 820 3397 Α
863 3341 1032 3397 ﬁnali
1074 3341 1276 3410 itaque
1331 3353 1476 3392 voce
1503 3337 1583 3393 ad
1611 3337 1886 3409 quintam
1940 3339 2001 3393 in

342 3435 610 3509 quolibet
665 3436 845 3487 cantu
897 3430 1060 3499 justa
1085 3433 1174 3482 est
1221 3425 1538 3498 depositio,
1565 3430 1622 3479 et
1669 3441 1860 3496 usque
1922 3426 2001 3482 ad

341 3529 587 3581 octavas
617 3519 887 3585 elevatio,
915 3517 1050 3572 licet
1079 3519 1286 3570 contra
1341 3515 1497 3568 hanc
1522 3513 1794 3583 regulam
1841 3531 1999 3588 saepe

339 3613 466 3683 ﬁat,
493 3627 632 3667 cum
653 3608 731 3664 ad
762 3621 1010 3672 nonam,
1067 3603 1439 3659 decimamve
1480 3601 1571 3657 vel
1613 3602 1995 3660 undecimam

340 3699 816 3776 progrediamur.
870 3694 1036 3752 Unde
1083 3697 1142 3748 et
1188 3691 1398 3747 ﬁnales
1437 3707 1614 3747 voces
1667 3697 1999 3749 statuerunt

340 3795 403 3848 D.
437 3795 497 3847 E.
535 3793 591 3846 F.
619 3791 682 3844 G.
717 3786 860 3860 quia
885 3784 978 3840 his
1026 3783 1290 3856 primum
1328 3780 1678 3854 prmdictam
1723 3781 1998 3838 elevatio-

333 3898 475 3938 nem
524 3877 618 3934 vel
655 3874 1094 3949 depositionem
1139 3869 1534 3926 monochordi
1589 3869 1806 3942 positio
1837 3887 1997 3927 com-

333 3968 664 4027 modaverit
696 3986 709 4034 ;
745 3965 972 4022 habent
1035 3961 1196 4018 enim
1274 3959 1402 4015 haec
1448 3959 1738 4015 deorsum
1803 3977 1992 4017 unum

2116 2890 2391 2946 cantibus
2430 2890 2567 2946 facti
2611 2895 2749 2946 sunt
2791 2894 2945 2947 octo.
3014 2891 3236 2949 Abusio
3289 2901 3490 2950 autem
3539 2895 3778 2952 tradidit

2111 2979 2310 3036 latinis
2338 2979 2574 3035 dicere:
2629 2995 2739 3052 pro
2797 2985 3038 3037 autento
3088 2986 3260 3054 proto
3298 2988 3356 3040 et
3412 2984 3607 3057 plagis
3635 3002 3776 3059 pro-

2113 3069 2172 3136 ti,
2229 3069 2460 3142 primus
2513 3075 2570 3126 et
2624 3070 2916 3126 secundes
2948 3089 2961 3139 ;
2991 3087 3102 3144 pro
3145 3078 3387 3130 autento
3443 3075 3692 3132 deutero
3720 3080 3776 3132 et

2111 3157 2306 3231 plagis
2353 3157 2600 3227 deuteri,
2663 3159 2864 3215 tertius
2915 3165 2972 3215 et
3016 3166 3314 3234 quartus;
3366 3179 3475 3236 pro
3529 3169 3775 3222 autento

2113 3248 2247 3303 trito
2295 3251 2352 3303 et
2400 3247 2593 3320 plagis
2647 3249 2782 3318 triti,
2832 3249 3077 3322 quintus
3126 3256 3182 3307 et
3211 3257 3455 3321 sextus;
3513 3270 3624 3328 pro
3669 3272 3776 3311 au-

2110 3339 2271 3392 tento
2346 3336 2606 3393 tetrardo
2661 3342 2717 3393 et
2772 3337 2966 3409 plagis
3015 3339 3276 3408 tetrardi,
3353 3343 3639 3416 septimus
3716 3349 3777 3400 et

2109 3430 2380 3482 octavus.

2733 3545 2956 3600 CAPUT
2992 3548 3126 3600 Xlll.

2104 3662 2191 3717 De
2219 3664 2348 3716 o'cto
2378 3661 2690 3718 modorum
2712 3665 3035 3735 agnitione,
3059 3668 3332 3725 acumine
3361 3674 3416 3725 et
3443 3673 3770 3741 gravitate.

2180 3785 2358 3855 Igitur
2386 3789 2522 3841 octo
2553 3791 2692 3841 sunt
2718 3787 2904 3857 modi,
2937 3793 3002 3845 ut
3047 3794 3181 3847 octo
3223 3796 3426 3864 partes
3454 3795 3772 3865 orationis,

2102 3877 2160 3930 et
2187 3877 2320 3929 octo
2350 3872 2557 3929 formae
2593 3873 2996 3944 beatitudinis,
3028 3895 3136 3951 per
3181 3897 3338 3954 quos
3378 3883 3574 3940 omnis
3621 3901 3774 3941 can-

2101 3961 2282 4018 tilena
2302 3962 2644 4018 discurrens
2673 3969 2808 4021 octo
2840 3965 3235 4025 dissimilibus
3263 3971 3512 4028 vocibus
3542 3977 3602 4029 et
3619 3989 3777 4047 qua-

332 4057 777 4115 tetrachordum
829 4053 1126 4124 gravium,
1189 4064 1433 4105 sursum
1481 4064 1622 4104 vero
1673 4049 1796 4104 duo
1854 4066 1991 4105 acu-
2027 4077 2073 4131 D
2096 4051 2362 4109 litatibus
2386 4053 2666 4109 variatur.
2697 4054 2787 4110 Ad
2815 4071 2970 4128 quos
3010 4057 3071 4114 in
3099 4060 3374 4117 cantibus
3426 4062 3776 4121 discemen.

329 4152 549 4204 tarum.

971 4233 1194 4290 CAPUT
1239 4231 1347 4286 Xll.

505 4327 594 4383 De
619 4324 907 4380 divisione
934 4326 1194 4393 quatuor
1226 4319 1537 4375 modorum
1565 4318 1628 4373 in
1657 4322 1808 4373 octo.

401 4420 628 4473 Interea
655 4429 795 4470 cum
825 4415 1036 4468 cantus
1063 4409 1242 4465 unius
1270 4406 1458 4476 modi,
1481 4410 1684 4479 utpote
1705 4405 1880 4480 preti,
1908 4407 1989 4464 ad

681 4567 912 4620 Daca
1082 4556 1694 4616 aGFEGFE
1803 4557 1898 4610 DD

678 4662 793 4719 Pri
817 4675 981 4716 mum
1055 4671 1168 4730 que
1200 4655 1259 4711 ri
1330 4659 1385 4710 te
1493 4669 1561 4710 re
1585 4669 1772 4725 gnum
1810 4653 1926 4710 Dei

394 4819 524 4872 Mox
552 4813 713 4870 enim
743 4815 808 4867 ut
828 4825 966 4866 cum
993 4807 1110 4863 ﬁne
1149 4805 1402 4878 alicujus
1458 4805 1800 4878 antiphonae
1828 4805 1984 4861 hanc

319 4919 606 4962 neumam
634 4903 788 4960 bene
818 4897 1143 4956 viderimus
1177 4895 1514 4966 convenire,
1565 4894 1733 4966 quod
1762 4893 1986 4949 autenti

320 4995 475 5067 proti
524 4993 614 5058 sit,
674 5007 798 5048 non
839 4994 928 5046 est
973 5003 1126 5060 opus
1181 4984 1503 5054 dubitare;
1547 4983 1629 5039 sic
1678 4981 1832 5038 etde
1857 4981 1986 5039 reli-

320 5098 479 5222 quid
493 5169 608 5223 hoc
628 5169 806 5222 etiam
833 5163 1322 5238 cognoscendum
1338 5160 1666 5236 plurimum
1697 5158 1896 5215 valent
1925 5165 1982 5216 et

315 5273 527 5312 versus
540 5254 980 5311 nocturnalium
993 5251 1596 5326 responsoriorum,et
1614 5249 1833 5321 psalmi
1849 5247 1976 5303 otii-

316 5347 567 5414 ciorum,
599 5349 654 5400 et
683 5344 885 5400 omnia
915 5360 1050 5416 qua:
1091 5343 1148 5396 in
1181 5341 1502 5396 modorum
1532 5337 1804 5393 formulis
1825 5353 1974 5410 pra:-

316 5434 676 5504 scribuntur,
694 5448 850 5505 quas
877 5431 979 5503 qui
1000 5446 1124 5486 non
1151 5428 1571 5499 novit,mirum
1597 5432 1683 5482 est
1708 5427 1755 5481 si
1785 5443 1971 5498 quam

383 5560 494 5632 (14)
522 5558 804 5616 Videntur
831 5555 1174 5627 legendum,
1203 5555 1430 5612 soleant
1454 5553 1790 5622 pervenire.

2095 4142 2207 4198 dos
2236 4142 2414 4198 etiam
2452 4142 2736 4215 quaedam
2757 4159 2992 4201 neuma:
3023 4146 3277 4204 inventae
3306 4156 3463 4221 sunt,
3495 4168 3570 4208 ex
3613 4170 3772 4227 qua-

2095 4246 2232 4287 rum
2256 4231 2587 4304 aptitudine
2616 4232 2698 4290 ita
2725 4234 2979 4292 modum
3015 4238 3308 4301 cantionis
3350 4243 3767 4315 agnoscimus,

2097 4322 2247 4376 sicut
2276 4337 2436 4393 saepe
2473 4337 2547 4377 ex
2576 4322 2906 4396 aptitudine
2961 4327 3248 4399 corporis,
3289 4344 3425 4401 quae
3465 4333 3644 4403 cujus
3696 4334 3773 4390 sit

2096 4409 2316 4479 tunica,
2343 4411 2695 4484 reperimus,
2729 4417 2793 4469 ut
2815 4430 2829 4468 :

2045 4555 3359 4625 CFGaGaGFEFGaGFEFD.

2091 4809 2324 4880 partem
2362 4806 2580 4864 horum
2601 4823 2734 4881 qua?
2757 4809 3038 4867 dicuntur
3062 4811 3354 4885 intelligit.
3389 4816 3471 4872 lbi
3497 4818 3669 4875 enim
3702 4820 3766 4875 in

2092 4897 2301 4954 formis
2330 4899 2709 4971 preevidetur,
2742 4900 2964 4973 quibus
2993 4902 3054 4959 in
3097 4904 3348 4961 vocibus
3376 4907 3764 4980 singulorum

2090 4986 2412 5043 modorum
2444 4991 2655 5044 cantus
2683 4989 2875 5045 rarius
2907 4992 3196 5064 saepiusve
3223 4993 3566 5069 incipiatur,
3609 5005 3674 5056 et
3701 5001 3763 5056 in

2088 5074 2312 5148 quibus
2325 5076 2570 5133 minime
2591 5077 2650 5132 id
2671 5077 2805 5134 ﬁat:
2834 5083 2897 5134 ut
2923 5079 2985 5135 in
3014 5081 3208 5153 plagis
3227 5085 3476 5157 quidem
3502 5087 3762 5145 minime

2083 5161 2221 5219 licet
2238 5163 2328 5219 vel
2352 5163 2645 5237 principia
2675 5166 2767 5222 vel
2797 5165 2947 5222 ﬁnes
2986 5169 3433 5229 distinctionum
3465 5175 3544 5231 ad
3574 5177 3761 5250 quin-

2085 5255 2174 5305 tas
2204 5251 2531 5320 intendere,
2561 5269 2698 5308 eum
2733 5258 2788 5310 et
2828 5256 2906 5310 ad
2958 5264 3207 5328 quartas
3247 5277 3494 5332 perraro
3564 5265 3760 5320 soleat

2081 5339 2315 5394 evenire
2345 5341 2478 5412 (14).
2501 5346 2562 5396 In
2594 5344 2849 5399 autentis
2877 5361 3034 5415 vero,
3058 5354 3272 5418 praeter
3299 5350 3758 5424 deuterum,ea-

2080 5427 2218 5482 dem
2252 5428 2544 5502 principia
2563 5435 2619 5486 et
2649 5431 2796 5488 lines
2835 5433 3283 5493 distinctionum
3326 5440 3598 5512 minime_
3619 5441 3754 5498 licet
