3986 6178
445 167 545 218 395

1830 157 2157 214 GUIDONIS
2207 158 2507 214 ARETINI.

1775 283 1855 338 De
1885 281 2286 339 construendo
2316 286 2517 338 oantu.

1015 386 1834 482 Wm‘

872 642 884 817 Ι
1004 699 1044 751 l.
1081 695 1402 774 Diapason.
1731 698 1797 754 II.
1831 695 2135 772 Diapente.

1833 397 1846 611 Ι

1557 1161 1571 1325 l

1394 1351 1405 1450 Ι
1483 1377 1582 1413 vui
1657 1343 1667 1436 Ι

1417 1441 1657 1454 ⁸-

2462 401 3036 478 {segmina-na:

2465 387 3297 404 Μ

2463 405 3036 606 iSesquitertia.
3292 405 3303 608 Ι

2506 739 2518 754 .
2616 694 3021 756 Diatessaron.
3240 697 3331 752 Ill.
3416 634 3428 810 Ι

2428 697 2496 754 III

1853 946 2474 961 ἢ

1785 973 2202 1062 SesquialteE

2114 1052 2826 1065 ——-—-———.———

1519 1072 2185 1145 Sesquioctava.

2742 1061 2851 1332 ρΙ

2658 1343 2670 1440 ι
2723 1375 2841 1412 vun
2904 1347 2914 1451 Ι

508 1512 928 1585 Proponatque
960 1510 1072 1573 sibi
1097 1511 1370 1581 Musicus,
1388 1512 1610 1584 quibus
1637 1527 1708 1573 ex
1731 1510 1824 1572 his
1852 1508 2089 1572 divisio—
2117 1513 2163 1564 A
2200 1525 2562 1571 neumarum
2589 1514 2645 1566 et
2670 1508 3120 1571 distinctionum
3147 1506 3461 1570 moderata
3489 1507 3772 1576 varietas,
3805 1514 3870 1564 ut

436 1602 616 1663 nibus
654 1601 1031 1664 incedentem
1076 1602 1250 1658 faciat
1298 1606 1564 1670 cantum,
1617 1601 1766 1660 sicut
1805 1599 2092 1666 Metricus,

2206 1604 2406 1661 tamen
2431 1615 2668 1656 neumae
2693 1598 2929 1658 neumis
2959 1603 3016 1654 et
3040 1597 3444 1657 distinctiones
3476 1597 3874 1656 distinctioni-

436 1691 657 1764 quibus
689 1690 944 1763 pedibus
974 1691 1150 1749 faciat
1177 1707 1448 1757 versum;
1492 1689 1606 1750 nisi
1632 1689 1798 1762 quod
1843 1689 2095 1746 Musicus
2203 1689 2319 1748 bus
2348 1689 2619 1762 quadam
2649 1705 2885 1762 semper
2910 1687 3294 1747 similitudine
3325 1686 3437 1747 sibi
3463 1694 3874 1749 consonanter

438 1797 558 1835 non
587 1797 647 1835 se
679 1784 842 1835 tanta
866 1780 1011 1848 legis
1057 1780 1405 1834 necessitate
1437 1779 1808 1849 constringit,
1850 1779 1995 1850 quia
2034 1777 2095 1840 in

438 1869 721 1925 omnibus
748 1885 808 1922 se
860 1869 986 1923 haec
1019 1885 1114 1924 ars
1145 1869 1205 1925 in
1254 1885 1469 1924 vocum
1499 1868 1886 1940 dispositione
1917 1868 2095 1924 ratio-

437 1957 623 2014 nabili
648 1957 927 2019 varietate
955 1962 1254 2030 permutat
1274 1958 1404 2028 (14).
1436 1960 1631 2023 Quam
1661 1957 2095 2020 rationabilite-

439 2052 558 2111 tem
584 2048 691 2110 etsi
723 2063 881 2120 saepe
907 2063 1030 2110 non
1061 2047 1668 2120 comprehendamus,
1699 2047 1988 2108 rationale
2015 2051 2098 2103 ta-

437 2153 577 2198 men
609 2136 868 2199 creditur
913 2137 996 2205 id,
1037 2153 1159 2209 quo
1201 2154 1393 2207 mens,
1425 2137 1485 2192 in
1524 2153 1648 2210 qua
1678 2143 1766 2200 est
1804 2137 1974 2205 ratio,
2001 2137 2099 2199 de-

436 2225 822 2290 lectatur-Sed
849 2226 976 2282 haec
997 2231 1054 2288 et
1081 2227 1181 2297 huj
1192 2225 1431 2284 usmodi
1461 2227 1673 2286 melius
1700 2225 2098 2300 colloquendo

438 2331 626 2387 quam
649 2313 1085 2376 conscribendo
1118 2319 1545 2378 monstrantur.

511 2407 752 2476 Oportet
807 2420 949 2473 ergo
1003 2408 1067 2467 ut
1131 2421 1297 2462 more
1355 2421 1638 2467 versuum
1691 2405 2101 2464 distinctiones

441 2492 704 2565 requales
738 2492 874 2562 sint,
922 2498 980 2554 et
1010 2493 1366 2565 aliquotiens
1411 2493 1638 2554 eaedem
1669 2495 1949 2566 repetitae,
1998 2498 2102 2552 aut

440 2581 643 2654 aliqua
684 2581 778 2640 vel
816 2597 1006 2653 parva
1053 2582 1380 2644 mutatione
1405 2581 1668 2649 variatas,
1722 2587 1779 2640 et
1822 2599 1960 2642 eum
1989 2584 2100 2652 (15)

439 2671 640 2744 plures
667 2670 883 2733 fuerint
903 2670 1533 2742 duplicatahabentes
1554 2677 1755 2744 partes
1777 2688 1900 2728 non
1924 2672 2102 2728 nimis

439 2760 802 2829 diversas,et
823 2777 958 2840 quae
990 2761 1345 2834 aliquotiens
1375 2761 1604 2824 eaedem
1635 2763 2104 2824 tranformentur

2205 1777 2628 1852 respondeant,
2681 1777 2741 1836 id
2771 1782 2880 1848 est,
2914 1781 2978 1834 ut
3036 1776 3107 1830 sit
3152 1774 3478 1835 similitudo
3537 1775 3867 1842 dissimilis,

2208 1884 2374 1930 more
2403 1867 2705 1941 perdulcis
2750 1865 3066 1928 Ambrosii.
3099 1869 3226 1922 Non
3256 1871 3459 1928 autem
3497 1881 3683 1938 parva
3709 1866 3873 1926 simi-

2207 1956 2396 2017 litudo
2424 1963 2513 2016 est
2539 1957 2740 2018 metris
2784 1963 2840 2014 et
2865 1955 3159 2028 cantibus,
3192 1971 3333 2016 cum
3377 1959 3434 2012 et
3461 1971 3696 2017 neumze
3736 1955 3873 2012 loco

2209 2047 2326 2110 sint
2351 2047 2598 2122 pedum,
2630 2052 2686 2104 et
2714 2047 3119 2106 distinctiones
3149 2044 3282 2104 loco
3311 2062 3596 2104 versuum
3623 2063 3635 2106 :
3666 2049 3872 2123 utpote

2207 2137 2322 2200 ista
2346 2153 2569 2200 neuma
2599 2136 3020 2210 dactylico,illa
3051 2152 3192 2198 vero
3220 2134 3573 2214 spondaico,
3597 2135 3697 2196 illa.
3725 2136 3873 2196 iam-

2208 2224 2346 2286 bico
2375 2229 2562 2287 metro
2611 2223 2986 2292 decurreret;
3036 2228 3092 2279 et
3117 2222 3560 2284 distinctionem
3606 2227 3904 2284 nancte»

2209 2318 2557 2376 trametram
2584 2329 2744 2372 nunc
2771 2311 3382 2390 pentametram,alias
3405 2311 3579 2388 quasi
3594 2312 3875 2372 hexame-

2211 2407 2366 2460 tram
2392 2419 2617 2470 cernes,
2663 2407 2720 2464 et
2743 2402 2930 2459 multa
2984 2401 3120 2469 alia,
3153 2406 3219 2462 ut
3271 2401 3519 2462 elevatio
3545 2405 3603 2464 et
3658 2401 3874 2473 positio

2213 2497 2341 2556 tum
2369 2493 2503 2565 ipsa
2533 2491 2665 2560 sibi,
2701 2495 2826 2555 tum
2857 2491 3041 2554 altera.
3069 2490 3237 2554 alteri
3260 2489 3465 2553 similis
3499 2489 3591 2550 vel
3623 2489 3878 2550 dissimi-

2211 2581 2283 2636 lis
2311 2584 2714 2654 praeponatur,
2759 2584 3152 2653 supponatur,
3199 2583 3560 2654 apponatur,
3610 2579 3875 2652 interpo-

2212 2674 2411 2736 natur,
2440 2669 2587 2725 alias
2636 2668 3028 2738 conjunctim,
3085 2667 3237 2732 alias
3266 2667 3477 2736 divise,
3536 2667 3685 2723 alias
3718 2683 3879 2722 com-

2213 2759 2446 2814 mixtim
2472 2758 2550 2814 ad
2576 2758 2736 2817 hunc
2786 2757 3058 2818 modum.
3095 2758 3239 2820 Item
3270 2761 3335 2820 ut
3370 2756 3433 2818 in
3463 2771 3650 2810 unum
3679 2754 3880 2811 termi-

440 2867 547 2924 per
575 2849 816 2920 modos,
866 2854 968 2910 aut
1008 2850 1226 2912 similes
1255 2851 1502 2908 intensaa
1550 2856 1607 2910 et
1652 2851 1915 2914 remissas
1945 2851 2103 2912 inve-
2138 2870 2179 2923 Β
2217 2852 2434 2910 nentur
2476 2851 2675 2920 partes
2717 2852 2773 2904 et
2821 2847 3234 2908 distinctiones
3285 2861 3646 2908 neumarum
3696 2851 3878 2917 atque

441 2939 852 3002 niantur.Item
883 2943 946 3002 ut
969 2939 1333 3011 reciprocata
1361 2955 1586 3002 neuma
1614 2939 1828 3001 eadem
1856 2939 2104 3015 via,qua

444 3030 702 3093 venerat,
756 3025 981 3092 redeat,
1036 3044 1104 3089 ac
1133 3044 1238 3100 per
1261 3027 1474 3084 eadem
1528 3028 1773 3097 vestigia
1817 3033 2100 3090 recurrat.

445 3120 588 3179 Item
620 3120 684 3172 ut
712 3115 954 3188 qualem
980 3117 1274 3181 ambitum
1304 3117 1396 3173 vel
1443 3117 1665 3176 lineam
1706 3134 1829 3180 una
1854 3118 1993 3174 facit
2018 3122 2106 3173 sa-'

443 3204 644 3262 liendo
677 3204 754 3260 ab
788 3205 1185 3274 acutis,talem
1213 3206 1560 3270 inclinatam
1587 3207 1774 3266 altera
1801 3225 1832 3264 e
1862 3208 2105 3277 regione

444 3299 715 3368 opponit
742 3295 1164 3368 respondendo
1185 3313 1220 3353 a
1251 3297 1556 3366 gravibus,
1589 3297 1739 3358 sicut
1766 3298 1851 3365 ﬁt,
1881 3315 2020 3354 cum
2046 3296 2106 3351 in

444 3388 626 3456 puteo
655 3399 766 3438 nos
797 3400 935 3445 eum
963 3383 1224 3452 imagine
1247 3390 1451 3446 nostra
1472 3390 1678 3448 contra
1702 3385 2103 3459 speculamur.

447 3473 593 3532 Item
625 3471 954 3543 aliquando
1003 3489 1126 3532 una
1159 3473 1392 3544 syllaba
1433 3490 1621 3536 unam
1650 3475 1746 3531 vel
1770 3475 1971 3548 plures
1998 3475 2108 3536 ha-

446 3561 588 3619 beat
613 3576 890 3627 neumas,
953 3560 1281 3633 aliquando
1314 3579 1435 3624 una
1479 3579 1702 3620 neuma
1730 3563 1932 3640 plures
1961 3564 2108 3622 divi-

449 3649 626 3706 datur
651 3649 711 3706 in
742 3649 1026 3721 syllabas,
1061 3650 1456 3712 Variabuntur
1486 3651 1578 3710 ἣδε
1606 3653 1696 3709 vel
1722 3669 1932 3710 omnes
1961 3669 2109 3708 neu-

450 3755 588 3809 mee,
620 3754 759 3802 cum
790 3738 935 3800 alias
966 3738 1044 3800 ab
1085 3738 1296 3802 eadem
1327 3755 1473 3796 voce
1520 3740 1826 3814 incipiant,
1859 3741 2006 3800 alias
2035 3741 2110 3796 de

450 3828 842 3891 dissimilibus
886 3828 1219 3891 secundum
1247 3829 1566 3892 laxationis
1597 3835 1652 3890 et
1691 3831 1985 3894 acuminis
2011 3847 2113 3887 va-

450 3917 562 3983 rial
586 3918 925 3992 qualitates.
961 3923 1103 3982 Item
1136 3924 1199 3982 ut
1243 3919 1322 3982 ad
1351 3920 1744 3995 principalem
1785 3936 2020 3990 vocem,
2051 3919 2114 3976 id

451 4013 544 4068 est
571 4009 836 4080 ﬁnalem,
859 4009 949 4072 vel
977 4008 1024 4064 si
1053 4025 1241 4082 quam.
1263 4009 1508 4073 afﬁnem
1537 4011 1668 4083 ejus
1699 4027 1809 4084 pro
1834 4011 1966 4086 ipsa
1995 4010 2112 4074 ele-

454 4100 666 4169 gerint,
693 4115 845 4171 pene
867 4115 1077 4158 omnes
1099 4099 1506 4160 distinctiones
1535 4105 1796 4169 currant,
1815 4106 1873 4158 et
1899 4101 2114 4163 eadem

2213 2938 2556 3008 verborum,
2591 2953 2700 3000 nec
2731 2942 2899 2994 tenor
2945 2936 3163 3008 longus
3191 2937 3252 2999 in
3289 2934 3656 3010 quibusdam
3685 2935 3881 2996 brevi—

2213 3028 2328 3084 bus
2358 3027 2624 3102 syllabis,
2655 3032 2758 3090 aut
2802 3027 2997 3090 brevis
3025 3027 3086 3086 in
3106 3026 3299 3096 longis
3328 3025 3415 3092 sit,
3441 3024 3580 3104 quia
3620 3026 3745 3096 (t6)
3775 3024 3882 3086 ob-

2215 3118 2555 3176 ccenitatem
2603 3118 2777 3191 parit,
2810 3117 2975 3194 quod
3018 3123 3221 3179 tamen
3272 3131 3406 3176 raro
3454 3130 3603 3191 Opus
3631 3115 3752 3174 erit
3785 3131 3886 3172 cu-

2215 3223 2368 3266 rare.
2401 3211 2542 3269 Item
2571 3212 2634 3264 ut
2659 3223 2857 3269 rerum
2903 3211 3147 3268 eventus
3175 3207 3256 3268 sic
3288 3203 3573 3268 cantionis
3610 3203 3887 3266 imitetur

2217 3297 2486 3364 etiectus,
2518 3301 2582 3353 ut
2629 3297 2689 3356 in
2716 3296 2984 3356 tristibus
3024 3296 3205 3356 rebus
3233 3311 3446 3368 graves
3478 3293 3594 3356 sint
3616 3309 3884 3359 uenulae,

2218 3385 2280 3448 in
2311 3385 2644 3458 tranquillis
2694 3385 2873 3448 rebus
2899 3385 3205 3457 jucundae,
3241 3385 3302 3446 in
3332 3383 3631 3462 prosperis
3687 3381 3886 3444 exsul-

2221 3479 2432 3546 tantes,
2465 3480 2523 3540 et
2547 3476 2807 3548 reliquie.
2865 3476 3008 3536 Item
3039 3491 3191 3549 saepe
3247 3473 3500 3532 vocibus
3552 3488 3806 3548 gravem
3833 3476 3885 3527 et

2221 3570 2467 3628 acutum
2521 3569 2835 3628 accentum
2892 3564 3375 3640 superponimus,
3432 3562 3575 3640 quia
3612 3577 3775 3639 saepe
3825 3565 3888 3616 ut

2220 3655 2438 3725 majori
2497 3654 2764 3726 impulsu
2794 3653 3115 3728 quasdam,
3171 3654 3249 3710 ita
3275 3652 3456 3714 etiam
3502 3651 3725 3712 minori
3753 3650 3886 3710 effe-

2221 3743 2447 3803 rimus:
2482 3744 2634 3800 adeo
2682 3749 2746 3800 ut
2765 3743 3036 3815 ejusdem
3067 3759 3223 3816 saepe
3262 3741 3427 3798 vocis
3470 3740 3739 3818 repetitio
3769 3739 3885 3798 ele-

2221 3835 2380 3894 vatio
2411 3835 2503 3899 vel
2531 3834 2824 3908 depositio
2868 3849 2996 3892 esse
3042 3834 3330 3892 videatur.
3384 3837 3528 3895 Item
3561 3836 3623 3888 ut
3661 3831 3725 3894 in
3753 3847 3883 3886 mo-

2223 3923 2373 3986 dum
2399 3924 2686 3986 currentis
2745 3923 2883 3998 equi
2911 3939 3147 3996 semper
3177 3923 3235 3980 in
3282 3921 3403 3978 ﬁne
3432 3919 3884 3982 distinctionum

2223 4014 2420 4076 rarius
2451 4030 2629 4078 voces
2687 4013 2766 4076 ad
2792 4013 2993 4077 locum
3021 4010 3426 4086 respirationis
3478 4007 3795 4084 accedant,
3822 4011 3886 4062 ut

2224 4103 2398 4176 quasi
2431 4104 2596 4175 gravi
2642 4119 2810 4166 more
2841 4102 2918 4162 ad
2964 4100 3422 4175 repausandum
3459 4098 3632 4155 lassae
3685 4113 3886 4173 perre-

456 4188 782 4282 aliquando
809 4207 956 4282 vox,
992 4207 1130 4261 quas
1155 4191 1432 4282 terminat
1482 4207 1735 4282 neumas
1759 4189 2116 4282 omnes,_vel
2147 4227 2186 4282 ρ
2226 4193 2412 4250 niant.
2443 4193 2691 4265 Spissim
2719 4197 2921 4254 autem
2947 4196 3003 4250 et
3026 4207 3180 4282 rare,
3235 4193 3415 4282 prout
3442 4191 3700 4282 oportet.
3732 4192 3885 4282 nota:

456 4275 661 4348 plures
703 4275 1111 4332 distinctiones
1143 4279 1330 4347 ﬁniat,
1377 4281 1708 4353 aliquando
1746 4286 1802 4338 et
1831 4280 2112 4353 incipiat;

461 4363 611 4418 sicut
658 4364 820 4433 apud
851 4364 1235 4421 AmbrOSium
1268 4369 1539 4424 curiosus
1587 4370 1854 4432 invenire
1880 4369 2114 4442 poterit.

463 4454 610 4507 Sunt
640 4465 781 4505 vero
807 4452 977 4524 quasi
1031 4455 1285 4523 prosaici
1334 4463 1563 4527 cantus,
1610 4459 1714 4530 qui
1764 4460 1892 4515 haec
1915 4459 2116 4515 minus

461 4538 802 4606 observant,
835 4539 894 4595 in
924 4538 1148 4612 quibus
1193 4558 1316 4598 non
1346 4549 1434 4607 est
1457 4562 1637 4614 curre,
1688 4548 1735 4602 si
1766 4548 1897 4604 aliae
1928 4550 2118 4620 majo-

459 4644 574 4701 res,
609 4628 737 4692 aliw
768 4629 1032 4685 minores
1073 4636 1273 4701 partes
1304 4637 1360 4688 et
1404 4633 1812 4695 distinctiones
1852 4654 1960 4709 per
1982 4637 2117 4698 loca

462 4718 590 4776 sine
616 4719 969 4777 discretione
1000 4719 1378 4778 inveniantur
1402 4739 1569 4786 more
1595 4739 1933 4795 prosarum.

531 4809 792 4868 Metricos
821 4815 1022 4866 autem
1053 4815 1264 4866 cantus
1307 4810 1463 4888 dico,
1493 4811 1636 4886 quia
1660 4829 1817 4886 stepe
1847 4814 1930 4870 ita
1958 4816 2116 4873 cani-

459 4915 614 4967 mus,
647 4904 711 4954 ut
739 4899 912 4972 quasi
947 4915 1147 4954 versus
1180 4899 1436 4974 pedibus
1464 4901 1748 4958 scandere
1780 4903 2114 4976 videamur,

458 4988 610 5044 sicut
637 4989 720 5055 ﬁt,
755 5005 893 5052 cum
951 4988 1083 5061 ipsa
1106 4993 1297 5052 metra
1343 4989 1636 5060 canimus,
1679 4992 1736 5052 in
1777 4992 1998 5064 quibus
2025 5011 2118 5051 ca-

457 5077 721 5131 vendum
769 5082 874 5139 est,
929 5093 1004 5132 ne
1057 5078 1376 5149 superfluae
1421 5078 1842 5139 continuentur
1879 5098 2114 5142 neumae

457 5162 801 5236 dissyllabaa
830 5166 954 5220 sine
985 5165 1349 5223 admixtione
1373 5167 1820 5239 trisyllabarum
1852 5187 1920 5226 ac
1948 5177 2118 5236 tetra.

458 5252 1014 5322 syllabarum.Sicut
1042 5256 1203 5312 enim
1236 5256 1401 5312 Lirici
1422 5262 1611 5330 poetae
1639 5274 1799 5322 nunc
1821 5260 1932 5326 hos
1952 5278 2114 5320 nune

455 5339 603 5395 alios
628 5341 724 5411 adj
737 5358 955 5398 unxere
985 5345 1187 5415 pedes,
1239 5346 1320 5402 ita
1347 5351 1403 5402 et
1445 5347 1550 5420 qui
1589 5354 1834 5405 cantum
1864 5350 2110 5422 faciunt,

452 5429 879 5486 rationabiliter
933 5432 1222 5490 discretas
1274 5452 1342 5491 ac
1413 5436 1679 5494 diversas
1737 5448 2113 5512 componunt

451 5533 742 5586 neumas;
800 5520 1166 5580 rationabilis
1193 5540 1334 5581 vero
1385 5524 1661 5582 discretio
1693 5531 1802 5595 est,
1852 5527 1902 5581 si
1939 5527 2020 5583 ita
2045 5527 2110 5583 ﬁt

519 5628 625 5769 ἕω)
657 5629 792 5693 0tt.,
814 5629 1048 5683 misceri
1073 5632 1385 5698 permittit.

545 5701 622 5768 15)
654 5698 767 5769 AL,
785 5702 1154 5768 perpulchre
1179 5703 1382 5769 fuerin

545 5701 622 5768 15)
654 5698 767 5770 AL,
785 5702 1154 5768 perpulchre
1179 5703 1429 5769 fuerint.

2227 4282 2571 4354 compositae
2592 4283 2773 4353 hujus
2800 4297 2956 4353 saepe
2981 4280 3065 4336 rei
3093 4283 3372 4353 poterunt
3394 4277 3689 4332 indicium
3720 4276 3887 4331 dare.

2229 4370 2587 4443 Liquesount
2641 4386 2782 4426 vero
2812 4371 2871 4425 in
2892 4368 3094 4424 multis
3126 4384 3303 4424 voces
3333 4381 3500 4422 more
3530 4365 3887 4429 litterarum,

2226 4459 2307 4516 ita
2335 4465 2400 4516 ut
2451 4460 2722 4532 inceptus
2753 4459 2970 4515 modus
3010 4458 3186 4514 unius
3233 4457 3310 4513 ad
3337 4456 3588 4512 alteram
3638 4453 3889 4526 limpide

2226 4549 2523 4605 transiens
2578 4565 2687 4604 nec
2731 4549 2888 4603 ﬁniri
2944 4547 3233 4603 videatur.
3295 4547 3480 4600 Porro
3536 4541 3892 4616 liquescenti

2225 4638 2355 4694 voci
2406 4642 2700 4711 punctum
2755 4637 2928 4710 quasi
2979 4635 3342 4693 maculanda
3416 4633 3892 4707 superponimus

2224 4727 2338 4784 hoc
2367 4728 2550 4784 modo
2575 4745 2588 4782 :

2513 4819 2556 4872 G
2631 4817 2830 4872 DEGa
2902 4832 2938 4872 a
3011 4817 3074 4870 G.

2510 4907 2609 4961 Ad
2657 4913 2712 4962 te
2767 4908 2820 4963 te
2866 4921 2936 4962 va
2990 4905 3067 4960 vi.

2297 4995 2354 5051 Si
2405 4999 2605 5052 autem
2653 5011 2789 5054 eam
2819 4994 2905 5049 vis
2929 4991 3164 5066 plenius
3195 4990 3456 5070 proferre
3486 5005 3614 5046 non
3644 4988 3897 5063 liquefa-

2225 5083 2410 5154 ciens,
2438 5083 2583 5140 nihil
2615 5087 2807 5150 nocet,
2867 5098 3023 5154 saepe
3083 5087 3285 5145 autem
3325 5079 3520 5150 magis
3577 5079 3798 5152 placet.
3832 5082 3898 5134 Et

2225 5175 2448 5243 omnia,
2481 5191 2617 5246 quae
2666 5172 2946 5239 dixinms,
2998 5187 3108 5227 nec
3149 5169 3326 5226 nimis
3368 5185 3526 5237 raro,
3569 5185 3682 5226 nec
3716 5168 3898 5226 nimis

2224 5263 2503 5326 continue
2530 5262 2735 5332 facias,
2767 5261 2871 5320 sed
2898 5277 3037 5320 cum
3067 5258 3445 5324 discretione,

2854 5351 3080 5408 CAPUT
3119 5348 3249 5406 XVI.

2219 5441 2307 5497 De
2348 5442 2674 5511 multiplici
2722 5441 3013 5497 varietate
3067 5453 3346 5495 sonorum
3407 5443 3464 5493 et
3504 5452 3902 5494 neumarum.

2291 5529 2440 5585 Illud
2455 5546 2596 5586 vero
2617 5546 2742 5586 non
2763 5529 2938 5585 debet
2953 5527 3175 5584 mirum
3187 5526 3509 5597 videri,cur
3525 5531 3698 5584 tanta
3721 5527 3903 5599 copia

2281 5637 2390 5707 (16)
2421 5639 2479 5692 F.
2513 5637 2925 5693 absonitatem.
