3980 6176
264 214 343 274 397

1683 201 2153 269 HICROLOGUS.

3527 212 3633 277 398

265 340 355 393 tam
376 328 727 389 diversorum
755 328 1041 385 cantuum
1073 331 1196 384 tam
1235 328 1444 402 paucis
1497 327 1755 389 formata
1785 327 1857 388 sit
1887 337 1929 390 A
1969 329 2156 406 alteri,
2198 333 2263 386 ut
2319 330 2468 386 arsis
2515 331 2687 400 thesi,
2719 335 2777 394 et
2821 331 3005 394 thesis
3058 333 3176 390 arsi
3229 333 3632 406 conjungitur,

267 419 476 483 vocibus,
505 433 641 489 quae
694 432 872 471 voces
908 433 1031 472 non
1059 417 1173 472 nisi
1229 435 1330 475 sex
1382 417 1600 485 modis,
1629 422 1695 474 ut
1723 416 1869 476 dixi-

261 527 383 576 mus,
410 506 863 578 sibijuugantur
893 509 1015 568 tam
1072 523 1178 584 per
1227 508 1617 568 elevationem
1681 523 1868 581 quam

258 615 340 672 per
382 595 794 674 depositionem
823 614 835 664 ;
864 612 1002 656 cum
1033 600 1089 656 et
1137 596 1210 654 de
1264 597 1471 672 paucis
1509 595 1735 664 litteris,
1762 595 1870 652 etsi

259 703 354 744 non
374 685 684 760 perplures,
715 684 1112 746 conﬁciantur
1139 686 1408 760 syllabae,
1449 686 1664 758 poterit
1708 685 1868 746 enim

259 776 412 846 colligi
424 791 701 837 numerus
715 775 1108 850 syllabarum;
1135 775 1368 838 inﬁnita
1386 780 1588 838 tamen
1608 775 1869 849 partium

257 865 516 940 pluralitas
565 865 866 926 concrevit
918 882 989 928 ex
1039 866 1308 939 syllabis,
1337 871 1395 924 et
1423 867 1486 942 in
1537 866 1741 928 metris
1795 866 1869 928 de

254 953 424 1032 paucis
450 952 702 1026 pedibus
737 970 923 1028 quam
984 954 1160 1029 plura
1197 955 1352 1017 ﬁunt
1382 971 1602 1026 genera
1648 959 1867 1012 metro-

251 1061 376 1115 rum,
401 1048 451 1100 et
474 1043 650 1098 unius
681 1044 913 1113 generis
967 1050 1225 1100 metrum
1273 1045 1547 1118 plurimis
1573 1045 1867 1104 varietati-

251 1133 341 1193 bus
383 1131 663 1187 invenitur
713 1132 1040 1201 diversum,
1101 1139 1167 1189 ut
1217 1135 1670 1200 hexametrum;
1702 1133 1866 1206 quod

249 1221 513 1294 quomodo
533 1220 658 1291 ﬁat,
685 1221 931 1276 videant
962 1223 1358 1294 grammatici,
1402 1222 1691 1295 quoniam
1721 1221 1869 1276 illud

250 1313 407 1368 dicere
431 1311 668 1367 alterius
698 1317 785 1367 est
804 1313 1044 1382 negotii.
1066 1317 1202 1384 Nos,
1224 1314 1271 1368 si
1298 1330 1644 1386 possumus,
1664 1312 1866 1369 videa-

247 1420 373 1471 mus,
400 1401 614 1475 quibus
637 1401 832 1457 modis
863 1401 1148 1458 distantes
1179 1403 1257 1459 ab
1300 1403 1559 1460 invicem
1614 1418 1868 1458 neumas

248 1492 566 1548 constituere
593 1491 932 1548 valeamus.

302 1581 457 1652 Igitur
476 1586 678 1637 motus
709 1597 950 1648 vocum,
976 1581 1080 1654 qui
1112 1597 1216 1637 sex
1245 1579 1442 1636 modis
1466 1583 1870 1636 consonanter

1978 403 2230 498 ipsaque
2276 420 2619 493 conjunctio
2661 424 2785 478 tum
2842 422 2909 484 ﬁt
2937 439 3010 479 ex
3058 403 3373 489 similibus,
3407 403 3534 482 tuin
3562 403 3637 481 ei

1979 508 2386 566 dissimilibus.
2423 509 2849 567 Dissimilitudo
2872 516 3073 568 autem
3090 513 3214 582 erit,
3247 513 3293 568 si
3316 530 3387 569 ex
3418 513 3635 586 praedi-

1979 597 2084 654 etis
2115 599 2400 669 motibus,
2432 599 2492 655 id
2517 603 2627 669 est,
2646 600 2823 666 tonis,
2847 602 3176 669 semitonis,
3209 602 3428 659 ditonis
3450 607 3507 660 et
3530 620 3640 659 caa-

1978 688 2115 744 teris
2143 688 2296 743 alius
2322 688 2438 744 alio
2469 688 2670 763 plures
2725 690 3115 763 paucioresve
3164 691 3385 748 habeat
3434 708 3634 762 voces,

1979 781 2083 833 aut
2111 777 2306 849 magis
2338 779 2695 850 conjunctas
2726 779 2820 834 vel
2849 779 3182 852 disjunctas
3237 780 3635 851 dissimiliter;

1978 866 2195 922 deinde
2224 867 2319 923 vel
2340 867 2606 923 similiter
2625 867 2782 925 facta
2811 869 3234 941 conjunctione
3271 874 3472 925 motus
3505 886 3637 926 mo-

1978 956 2062 1012 tui
2093 961 2216 1012 tum
2249 956 2356 1012 erit
2384 957 2762 1030 praepositus,
2795 957 2858 1012 id
2886 961 2974 1013 est
3003 958 3064 1014 in
3095 957 3501 1031 superioribus
3528 974 3638 1032 po-

1979 1045 2143 1113 situs,
2190 1045 2673 1118 tumsuppositus
2719 1043 2853 1101 tum
2906 1047 3236 1120 appositus,
3269 1047 3330 1102 id
3359 1051 3466 1118 est,
3498 1063 3637 1103 cum

1977 1130 2037 1186 in
2058 1132 2271 1188 eadem
2301 1149 2448 1190 voce
2477 1134 2658 1189 unius
2706 1140 2905 1191 motus
2933 1135 3070 1191 ﬁnis
3100 1136 3226 1206 erit,
3275 1136 3636 1210 alteriusque

1976 1221 2372 1294 principium;
2407 1227 2534 1278 tum
2556 1223 2959 1296 interpositus,
2990 1225 3052 1280 id
3082 1228 3188 1288 est,
3208 1225 3458 1297 quando
3476 1240 3634 1280 unus

1977 1315 2176 1366 motus
2197 1310 2352 1366 infra
2373 1311 2557 1367 alium
2574 1312 2804 1384 positus
2819 1317 2877 1368 et
2896 1313 3096 1368 minus
3115 1317 3206 1368 est
3226 1312 3426 1383 gravis
3447 1317 3503 1367 et
3523 1313 3635 1368 mi-

1977 1415 2093 1455 nus
2118 1404 2349 1468 acutus;
2375 1404 2503 1456 tum
2523 1401 2583 1456 id
2607 1403 2987 1470 commixtus,
3004 1406 3112 1472 est,
3136 1402 3356 1474 partim
3379 1401 3638 1474 interpo-

1979 1488 2127 1544 situs
2144 1489 2483 1563 partimque
2505 1489 2876 1563 suppositus,
2895 1494 2998 1545 aut
3020 1504 3143 1562 pra:
3160 1489 3521 1562 positus,aut
3535 1505 3638 1566 ap—

1977 1577 2230 1649 positus,
2249 1594 2579 1651 rursusque
2599 1578 2693 1633 has
2714 1577 3040 1650 positiones
3055 1577 3256 1633 dirimi
3276 1581 3532 1652 possunt
3549 1593 3638 1632 se—

245 1672 345 1726 ﬁeri
373 1672 556 1728 dictus
585 1677 692 1742 est,
725 1672 922 1728 ﬁtarsi
950 1677 1003 1728 et
1034 1671 1204 1744 thesi,
1236 1673 1298 1728 id
1328 1677 1432 1738 est,
1464 1671 1792 1728 elevatione
1815 1673 1872 1730 et
1909 1692 1948 1745 Β
1979 1667 2245 1723 cundum
2277 1667 2596 1723 laxationis
2620 1673 2676 1723 et
2692 1667 3005 1735 acuminis,
3043 1666 3349 1735 augmenti
3375 1669 3430 1722 et
3460 1665 3636 1722 detri-

243 1761 608 1834 depositione:
643 1777 904 1834 quorum
935 1763 1177 1831 gemino
1200 1767 1389 1829 motu,
1419 1761 1479 1817 id
1505 1765 1609 1828 est,
1641 1761 1788 1816 arsis
1811 1764 1868 1816 et

243 1851 409 1916 thesis,
427 1851 623 1906 omnis
653 1867 876 1907 neuma
901 1851 1212 1921 formatur,
1246 1855 1456 1925 praeter
1483 1865 1866 1928 repercussas

243 1945 325 1996 aut
348 1936 655 2013 simplices.
689 1941 910 1997 Deinde
941 1942 1089 1998 arsis
1115 1946 1171 1997 et
1214 1941 1394 1998 thesis
1449 1945 1577 1997 tum
1630 1939 1869 1996 sibimet

240 2031 555 2102 junguntur,
587 2036 651 2088 ut
683 2032 833 2088 arsis
888 2031 1027 2101 arsi,
1057 2031 1238 2088 thesis
1291 2030 1465 2102 thesi,
1494 2033 1622 2087 tum
1678 2029 1865 2087 altera

1975 1756 2179 1824 menti,
2207 1756 2528 1812 modorum
2541 1772 2785 1829 quoque
2815 1755 3009 1812 varias
3023 1755 3359 1828 qualitates.
3393 1758 3634 1811 Neumas

1976 1862 2219 1919 quoque
2243 1862 2351 1920 per
2380 1846 2626 1902 eosdem
2643 1845 2860 1901 modos
2881 1845 3032 1902 arsis
3062 1849 3119 1900 et
3147 1844 3328 1900 thesis
3357 1847 3638 1919 poterunt

1976 1936 2217 2008 variari,
2231 1940 2286 1993 et
2305 1935 2713 1992 distinctiones
2731 1934 3079 2008 aliquando.
3097 1935 3226 2000 Qua
3246 1933 3320 1988 de
3331 1949 3394 1989 re
3418 1937 3476 1989 et
3495 1932 3634 1990 des-

1974 2026 2327 2100 criptionem
2339 2026 2470 2098 subj
2478 2026 2705 2084 ecimus
2713 2023 3088 2099 ,quofacilior
3097 2039 3204 2098 per
3215 2022 3422 2081 oculos
3431 2022 3530 2080 via
3542 2022 3632 2080 sit.

1495 2289 1717 2347 Musica
1755 2292 1954 2344 motus
1993 2292 2086 2344 est
2121 2304 2360 2344 vocum.

1323 2444 1594 2501 Ditonus.

709 2444 1104 2502 Semitonium

287 2445 482 2501 Tonus.

449 2570 1707 3035 LL;

2130 2441 2551 2504 Semiditonus.
2716 2440 3112 2497 Diatessaron.
3262 2437 3570 2509 Diapente.

2147 2863 2936 2890 Μ

2145 2717 2487 2736 -ι-ιιιιπ-

3123 2571 3399 3025 _J

1539 3233 1802 3290 Elevatio
2059 3191 2382 3307 Depositio.

1635 3468 1715 3522 Ar

1807 3456 1906 3512 sis.
1935 3456 2052 3513 The

2146 3464 2246 3522 sis.

1803 3967 2052 3982 _

987 4960 1321 5034 Prmposite,

988 5059 1327 5140 Supposlte,

989 5154 1356 5230 Interposite,

986 5255 1292 5336 Apposite,

993 5350 1182 5420 Milite,

1626 5086 1842 5099 —_—

1633 5183 1842 5196 ψ

1633 5285 1846 5298 ﬂ

1633 5381 1846 5398 —-'—-—.-

1681 5634 1878 5698 varias
1930 5632 2267 5707 qualitates.

3254 4715 3296 5071 i

988 5071 1327 5140 Supposlte.
1626 5086 1842 5099 ——--
2061 5085 2269 5095 ———
2341 5071 2400 5108 et
2426 5071 2748 5119 acuminis,

989 5154 1356 5230 lnterposite,
1633 5183 1842 5196 ——-—-—
2058 5181 2270 5193 ---
2342 5145 2681 5219 Augmenti,

986 5255 1292 5336 Apposite,
1633 5071 1865 5507 *ρ’
2039 5071 2273 5506 ‘———
2347 5248 2404 5302 et
2436 5237 2775 5307 detrimenti

993 5350 1182 5420 Mixte,
1633 5381 1846 5398 —---—.-
2065 5377 2277 5395 ——-—
2350 5343 2793 5413 modorumun

1955 5514 1967 5583 I

1681 5634 1878 5698 varias
1930 5632 2267 5707 qualitates.

2343 4951 2686 5011 Secundum
2713 4944 3052 5013 laxationis,

2341 5055 2400 5108 et
2426 5047 2748 5119 acuminis,

2342 5145 2681 5219 Augmenti,

2347 5248 2404 5302 et
2436 5237 2775 5307 detrimenti

2065 5377 2277 5395 ___
2350 5343 2793 5413 modorumun

2058 5181 2270 5193 —-——

641 5617 655 5778 Ι
1681 5634 1878 5698 varias
1930 5632 2267 5707 qualitates.
3285 5617 3318 5766 ﬂ
