3986 6178
265 87 354 143 401
1763 92 1924 148 MICR

2136 94 2228 150 US.

3645 111 3764 171 402

328 208 483 266 Illud
507 213 798 305 praeterea
826 209 1056 305 sciregte
1075 209 1240 280 volo,
1269 211 1453 305 quod
1480 212 1545 270 in
1575 230 1811 305 morem
1833 233 1943 289 pu-
1980 220 2028 275 Α
2057 232 2168 273 nos
2198 218 2442 287 utimur,
2477 219 2864 294 explicemus.
2907 226 3184 299 "Superior
3212 243 3433 303 nempe
3479 231 3768 305 diapho-

263 300 308 356 ri
356 299 589 394 argenti
633 299 830 394 omnis
857 303 1075 394 cantus
1095 316 1245 394 quo_
1283 302 1490 394 magis
1544 303 1819 372 usitatur,
1874 321 1945 360 eo
2055 305 2172 362 nias
2202 308 2424 363 modus
2455 308 2646 365 durus
2670 317 2779 382 est,
2807 320 3017 371 nwter
3037 333 3181 374 vero
3212 299 3524 392 mollis,ad
3545 299 3770 394 q—uem

263 388 459 460 magis
485 387 805 458 coloratur,
832 393 888 445 et
915 389 1079 462 quod
1101 389 1292 445 modo
1309 389 1612 464 displicet,
1640 408 1749 465 per
1769 410 1948 449 usum
2057 395 2444 452 semitonium
2467 402 2524 452 et
2547 397 2828 471 diapente
2858 419 2893 455 η
2927 420 2981 457 »ιι
3035 387 3462 477 admittimus;
3515 387 3769 477 to—nuxﬁ

262 478 443 551 quasi
493 477 641 535 lima
692 478 939 550 politum
977 483 1187 552 postea
1246 479 1659 548 collaudatur,
1717 499 1789 540 ac
1836 499 1949 556 pro
2056 499 2200 539 vero
2231 489 2286 539 et
2309 484 2588 541 ditonum
2623 490 2681 542 et
2724 489 3156 548 semihtonum
3187 510 3329 553 cum
3355 497 3760 564 diatessaron

263 567 610 624 diversitate
642 567 906 637 gentium
932 584 1001 624 ac
1029 569 1350 636 mentium,
1384 569 1557 642 quod
1577 569 1720 625 huic
1746 571 1950 644 displi-

264 662 380 724 cet,
414 657 496 713 ab
527 655 646 712 alio
675 656 1064 730 amplectitur,
1093 661 1148 713 et
1175 657 1344 714 hunc
1365 657 1635 715 oblectat
1654 675 1947 729 consona,

263 746 364 803 ille
395 746 596 815 magis
616 746 834 818 probat
861 746 1126 814 diversa;
1169 746 1286 803 iste
1338 747 1865 805 continuationem
1896 753 1955 806 et

267 833 587 890 mollitiem
618 834 952 891 secundum
976 851 1098 890 suae
1116 835 1336 891 mentis
1355 834 1671 890 lasciviam
1697 837 1951 910 qurerit;

266 923 387 990 ille,
441 928 650 997 utpote
696 923 913 994 gravis,
966 924 1176 980 sobriis
1223 923 1502 982 cantibus
1546 922 1953 979 demulcetur.

264 1013 438 1070 Alius
470 1029 616 1069 vero
646 1017 711 1069 ut
730 1029 940 1069 amens
964 1014 1025 1069 in
1055 1013 1405 1087 compositis
1455 1017 1514 1067 et
1557 1011 1619 1066 in
1662 1011 1960 1068 anfractis

264 1103 699 1160 vexationibus
730 1103 1016 1176 pascitur,
1045 1108 1099 1159 et
1146 1103 1564 1176 unusquisque
1608 1115 1761 1157 eum
1820 1117 1962 1156 can-

267 1198 400 1248 tum
435 1191 718 1248 sonorius
741 1190 932 1247 multo
961 1192 1328 1264 pronuntiat,
1377 1206 1560 1264 quem
1611 1189 1964 1245 secundum

266 1297 397 1339 suae
429 1281 652 1337 mentis
680 1280 924 1337 insitam
955 1280 1305 1353 qualitatem
1342 1279 1576 1353 probat.
1624 1278 1780 1343 Quae
1828 1294 1962 1334 om-

265 1372 373 1428 nia
405 1371 457 1427 si
489 1371 666 1426 dictis
699 1370 1072 1441 argumentis
1101 1371 1349 1427 assiduo
1380 1367 1656 1426 exercitio
1709 1367 1964 1424 inhaese-

265 1460 375 1527 ris,
438 1459 722 1530 ignorare
777 1474 904 1514 non
961 1459 1203 1532 poteris.
1283 1463 1408 1514 lmo
1477 1462 1534 1514 et
1581 1457 1958 1528 argumentis

2057 570 2404 664 recipimus,
2461 574 2567 628 scd
2626 575 3054 635 semiditonum
3106 581 3168 636 in
3220 582 3313 638 his
3365 584 3749 664 inﬁmatum,

2059 659 2439 717 diatessaron
2469 678 2607 718 vero
2637 663 2863 720 obtinet
2898 666 3316 741 principatum.

2136 749 2232 803 His
2275 749 2477 822 itaque
2498 757 2760 822 quatuor
2805 755 3143 812 concordiis
3197 757 3540 833 diaphoniae
3594 781 3740 823 can—

2062 840 2193 892 tum
2223 838 2338 908 (20)
2361 839 2750 913 subsequitur
2777 861 2792 911 ;
2827 847 3140 917 troporum
3168 864 3308 906 vero
3339 851 3439 908 alii
3460 854 3608 926 apti,
3642 855 3739 911 alii

2066 925 2350 1015 aptiores,
2381 927 2478 983 alii
2510 929 2803 1002 aptissimi
2831 933 3109 992 existunt.
3139 937 3275 1010 Apti
3301 945 3459 1009 sunt,
3634 959 3740 1015 per

2069 1013 2260 1069 solam
2287 1015 2660 1072 diatessaron
2684 1019 2914 1090 quartis
2941 1037 2977 1076 a
3026 1039 3088 1078 se
3128 1025 3378 1081 vocibus
3437 1013 3738 1100 organum

2068 1103 2351 1173 reddunt,
2379 1109 2443 1160 ut
2468 1105 2750 1162 deuterus
2779 1109 2840 1164 in
2897 1113 2955 1165 Β.
2989 1117 3047 1167 et
3084 1116 3125 1168 E
3181 1131 3193 1168 :
3255 1117 3518 1187 aptiores
3579 1124 3737 1188 sunt,

2071 1193 2176 1265 qui
2207 1209 2327 1249 non
2358 1194 2554 1250 solum
2584 1198 2840 1268 quartis,
2873 1200 2980 1254 sed
3006 1203 3187 1258 tertiis
3215 1211 3271 1260 et
3313 1208 3595 1264 secundis
3634 1226 3742 1282 per

2073 1285 2284 1337 tonum
2315 1285 2371 1337 et
2391 1282 2839 1350 semiditonum,
2897 1286 3031 1342 licet
3060 1306 3217 1360 raro,
3257 1295 3649 1364 respondent,
3679 1302 3744 1352 ut

2070 1373 2279 1442 protus
2305 1369 2366 1425 in
2396 1374 2460 1424 Α.
2490 1374 2546 1426 et
2579 1375 2620 1422 D
2656 1391 2667 1427 :
2703 1373 2998 1445 aptissimi
3046 1392 3207 1445 vero,
3246 1380 3350 1451 qui
3409 1382 3740 1454 saepissime

2071 1459 2436 1533 suaviusque
2467 1461 2527 1515 id
2550 1459 2797 1532 faciunt,
2831 1467 2895 1519 ut
2921 1465 3214 1522 tetrardus
3246 1473 3302 1524 et
3341 1469 3510 1525 tritus
3555 1471 3620 1526 in
3675 1474 3736 1528 C.

267 1548 573 1606 utendum
599 1552 709 1618 est,
737 1547 934 1604 donec
964 1564 1035 1603 ex
1073 1553 1243 1621 parte
1270 1548 1711 1616 cognoscimus,
1767 1552 1832 1603 ut
1875 1546 1956 1603 ad
1999 1573 2040 1624 Β
2073 1551 2128 1603 F.
2164 1549 2226 1602 G.
2260 1549 2355 1601 Hae
2380 1547 2538 1602 enim
2573 1552 2712 1604 tono
2733 1555 2790 1605 et
2818 1550 3024 1608 ditono
3051 1559 3108 1608 et
3135 1554 3509 1613 diatessaron
3564 1559 3741 1614 obse-

267 1635 718 1712 plenitudinem
746 1635 1007 1691 scientiae
1035 1635 1479 1709 perveniamus.
1511 1634 1624 1692 Sed
1649 1635 1796 1708 quia
1825 1637 1954 1691 haec

269 1728 334 1782 in
356 1725 616 1793 longum
643 1723 932 1796 prosequi
959 1724 1272 1797 proposita
1303 1723 1558 1779 brevitas
1600 1739 1722 1780 non
1766 1740 1952 1797 expo-

275 1815 410 1876 scit.
445 1813 783 1886 praesertim
816 1828 957 1868 cum
976 1829 1047 1867 ex
1078 1812 1172 1868 his
1201 1811 1484 1886 perplura
1526 1813 1760 1870 valeant
1793 1813 1955 1870 colli-

276 1905 358 1976 gi,
383 1902 458 1959 de
490 1902 773 1959 canendo
804 1900 918 1957 ista
949 1899 1269 1957 sufﬁciant.
1307 1902 1442 1958 Jam
1489 1917 1650 1958 nunc
1697 1903 1954 1977 diaplio-

275 1993 394 2050 nia:
418 1997 723 2066 praecepta
755 2007 1134 2064 exequamur
1160 1990 1434 2048 breviter.

900 2081 1126 2136 CAPUT
1167 2081 1346 2135 XVIII.

473 2173 560 2228 De
583 2171 945 2240 diaphonia,
978 2170 1042 2224 id
1069 2174 1174 2236 est,
1208 2172 1422 2240 organi
1437 2177 1760 2241 praecepto.

354 2260 693 2334 Diaphonia
738 2275 962 2315 vocum
1009 2257 1332 2329 disjunctio
1380 2266 1574 2331 sonat,
1627 2276 1816 2332 quam
1846 2276 1956 2316 nos

278 2367 581 2422 organum
609 2365 930 2414 vocamus,
965 2364 1105 2403 cum
1134 2347 1448 2419 disjuncta:
1477 2351 1554 2406 ab
1577 2351 1837 2406 invicem
1858 2365 1959 2404 vo-

279 2457 378 2496 ces
408 2445 464 2496 et
486 2439 867 2496 concorditer
901 2437 1237 2507 dissonant,
1295 2443 1352 2493 et
1402 2438 1785 2495 dissonantes
1814 2454 1956 2494 con-

279 2530 554 2587 cordant.
585 2531 716 2596 Qua
741 2528 996 2601 quidem
1027 2527 1108 2582 ita
1135 2531 1394 2595 utuntur,
1451 2535 1514 2586 ut
1539 2528 1777 2585 canenti
1809 2544 1958 2583 sem-

279 2637 388 2694 per
414 2619 643 2676 chorda
669 2623 890 2691 quarta
917 2616 1216 2683 succedat,
1245 2621 1305 2672 ut
1331 2621 1396 2674 A.
1432 2619 1509 2674 ad
1539 2622 1603 2675 D.
1635 2617 1739 2673 ubi
1771 2617 1817 2672 si
1867 2633 1959 2673 or-

279 2725 514 2781 ganum
543 2724 650 2781 per
675 2711 926 2763 acutum
955 2721 992 2761 a
1021 2703 1306 2777 duplices,
1353 2711 1414 2762 ut
1453 2707 1527 2764 sit
1556 2711 1622 2764 D.
1657 2722 1694 2762 a
1716 2720 1960 2762 resona-

277 2798 368 2854 bit
394 2804 460 2854 A.
497 2796 574 2852 ad
601 2800 666 2853 D.
701 2795 1100 2860 diatessaron,
1156 2793 1233 2848 ad
1263 2809 1300 2848 a
1336 2793 1654 2868 diapason,
1704 2797 1768 2849 D.
1817 2809 1959 2849 vero

280 2887 362 2944 ad
395 2891 717 2958 utramque
746 2888 812 2941 Α.
849 2900 886 2940 a
918 2883 1287 2939 diatessaron
1318 2888 1375 2939 et
1403 2884 1705 2957 diapente,
1731 2899 1787 2939 a.
1823 2898 1961 2938 acu-

281 2983 413 3032 tum
444 2975 524 3032 ad
556 2975 860 3045 graviores
909 2972 1188 3045 diapente
1235 2976 1291 3028 et
1337 2971 1652 3046 diapason.
1713 2975 1780 3028 Et
1816 2972 1959 3044 quia

277 3067 379 3122 hae
410 3070 532 3121 tres
558 3064 787 3138 species
826 3063 906 3119 ad
965 3066 1191 3118 tantam
1249 3063 1460 3133 organi
1502 3063 1847 3118 societatem
1894 3078 1958 3116 se

277 3155 657 3230 permiscent
679 3171 750 3210 ac
775 3153 1088 3220 suavitate,
1123 3157 1186 3208 ut
1232 3152 1682 3209 similitudinem
1737 3167 1958 3207 vocum

277 3244 498 3302 fecisse
529 3243 804 3316 superius
832 3247 976 3298 sunt
1003 3247 1348 3298 monstratae
1377 3242 1783 3315 symphoniae,
1825 3240 1958 3295 ideo

280 3340 427 3408 apte
457 3350 678 3389 vocum
708 3331 1119 3406 copulationes
1143 3330 1444 3400 dicuntur,
1473 3347 1613 3386 cum
1662 3330 1957 3402 sympho-

279 3423 388 3480 nia
417 3422 496 3479 de
525 3427 705 3477 cantu
728 3421 896 3478 omni
927 3419 1174 3477 dicatur.
1228 3421 1406 3476 Dictze
1456 3425 1659 3476 autem
1710 3417 1961 3490 diapho—

279 3513 402 3568 nias
432 3513 552 3567 hoc
577 3517 668 3567 est
691 3509 1038 3583 exemplum
1072 3527 1084 3565 :

279 3595 1814 3676 Diapasoncdecdedcccmagcdeddc.

279 3693 578 3765 Diapente
611 3694 733 3747 FGa
760 3693 886 3747 FGa
917 3692 1088 3746 GFFF
1128 3689 1350 3746 EDCFG
1392 3689 1583 3744 aGGF.

790 3781 1074 3836 Miserere
1101 3781 1234 3846 mei,
1278 3780 1456 3833 Deus.

283 3870 1750 3926 DiatessaroncnecnsnccceA'IcnsunC.

362 3962 500 4015 Hinc
550 3963 753 4014 autem
809 3957 1005 4027 ﬁgura
1061 3961 1260 4028 aperte
1314 3954 1635 4010 emendata
1699 3951 1962 4008 continet

283 4047 700 4121 praecedentes
729 4062 903 4102 voces
932 4046 1113 4116 hujus
1149 4043 1494 4116 antiphonte
1518 4043 1803 4098 Miserere
1830 4041 1974 4109 Dei,.

285 4140 470 4202 Deus,
497 4136 929 4208 subsequentes
959 4133 1368 4204 organizando
1407 4148 1514 4205 per
1562 4131 1956 4197 diatessaron,

284 4225 461 4300 quod
489 4225 814 4294 vulgariter
838 4224 1054 4281 dicitur
1077 4239 1376 4294 organum
1410 4223 1520 4293 (l9)
1567 4236 1752 4294 supra
1791 4235 1958 4291 voce,

285 4315 352 4372 id
383 4319 492 4380 est,
522 4314 637 4368 sub
663 4314 774 4380 his,
814 4313 1219 4386 praecedentes
1265 4315 1472 4367 acutas
1526 4326 1706 4367 voces
1752 4309 1964 4365 retinet

286 4403 708 4475 organizantes
733 4418 838 4476 per
868 4401 1169 4474 diapente,
1200 4399 1367 4474 quod
1405 4415 1705 4469 organum
1749 4398 1962 4455 dicitur

288 4510 480 4568 supra
505 4509 739 4549 vocem.
775 4495 906 4548 Haec
937 4497 1137 4548 autem
1168 4489 1502 4563 antiphona
1527 4489 1602 4545 de
1632 4489 1765 4545 trito
1795 4494 1958 4556 tono,

287 4584 351 4640 id
381 4589 471 4639 est
500 4587 668 4638 sexto
689 4586 798 4650 est,
830 4585 887 4637 et
915 4580 1236 4653 deponitur
1267 4578 1328 4634 in
1351 4595 1422 4635 ea
1444 4594 1742 4649 organu'n
1767 4595 1960 4650 usque

290 4673 373 4730 ad
396 4675 456 4729 C.
492 4688 760 4742 gravem,
807 4670 886 4727 ad
913 4685 1102 4742 quam
1154 4684 1450 4740 organum
1497 4683 1960 4740 nonnumquam

289 4760 629 4818 descendit.
683 4759 842 4816 Sicut
883 4759 1044 4814 enim
1095 4773 1304 4828 graves
1359 4757 1733 4813 descendunt
1761 4772 1958 4825 voces,

289 4853 379 4908 sic
407 4849 748 4906 ascendunt
773 4853 977 4905 acutae.
1011 4850 1180 4903 Potes
1203 4851 1260 4902 et
1284 4851 1528 4902 cantum
1555 4861 1693 4900 cum
1733 4859 1962 4914 organo

287 4947 348 4998 et
379 4955 686 5011 organum
717 4955 854 4994 cum
885 4941 1086 5002 cantu,
1117 4941 1413 5009 quantum
1465 4935 1718 4999 libuerit,
1773 4933 1967 5006 dupli-

288 5046 431 5087 care
462 5043 574 5102 per
613 5025 952 5100 diapason;
1015 5025 1381 5098 ubicumque
1427 5024 1586 5080 enim
1631 5024 1760 5094 ejus
1819 5039 1962 5078 con-

286 5117 506 5177 cordia
565 5115 757 5184 fuerit,
805 5115 964 5171 dicta
1018 5113 1520 5188 symphonarium
1566 5112 1790 5185 aptatio
1840 5127 1964 5168 non

288 5207 584 5266 cessabit.

368 5302 524 5356 Cum
549 5296 751 5367 itaque
770 5295 898 5366 jam
930 5293 1073 5350 satis
1097 5309 1317 5349 vocum
1340 5292 1637 5366 patefacta
1675 5293 1748 5349 sit
1775 5290 1966 5364 dupli—

288 5388 479 5456 catio,
539 5401 787 5457 gravem
834 5401 872 5441 a
919 5389 1170 5441 canente
1221 5389 1591 5455 succentum,
1621 5398 1810 5452 more,
1841 5397 1966 5454 quo

369 5567 491 5638 (l9)
533 5562 758 5633 Melius,
787 5562 919 5620 sub.

2068 1639 2337 1709 quuntur
2363 1654 2374 1699 ;
2406 1651 2670 1708 quorum
2702 1654 2738 1693 a
2765 1639 2918 1706 trito,
2952 1640 3014 1695 in
3036 1657 3219 1713 quem
3247 1644 3338 1699 vel
3368 1645 3504 1700 ﬁnis
3533 1646 3742 1702 distin-

2067 1725 2333 1781 ctionum
2365 1725 2691 1795 advenerit,
2718 1727 2814 1782 vel
2843 1727 2947 1800 qui
2976 1731 3289 1802 proximus
3320 1733 3437 1805 ipsi
3462 1735 3740 1792 ﬁnalitati

2068 1813 2312 1882 suberit,
2343 1813 2696 1872 subsecutor
2751 1821 2954 1872 tamen
3010 1833 3348 1892 numquam
3401 1823 3580 1880 debet
3632 1824 3738 1880 de-

2067 1902 2372 1970 scendere,
2406 1902 2515 1958 nisi
2543 1903 2644 1959 illo
2667 1904 2978 1961 inferiores
3006 1923 3181 1963 voces
3226 1915 3434 1966 cantor
3481 1912 3739 1969 admise-

2064 1993 2157 2048 rit.
2191 1998 2237 2047 Α
2268 1991 2405 2048 trito
2432 1991 2592 2047 enim
2623 1992 2834 2049 inﬁmo
2866 1999 2969 2051 aut
2997 1996 3221 2052 inﬁmis
3267 1998 3540 2070 proxime
3591 2000 3737 2057 sub-

2065 2081 2268 2138 stituto
2305 2081 2529 2153 deponi
2557 2097 2857 2151 organum
2885 2100 3223 2157 numquam
3243 2086 3395 2142 licet.
3415 2089 3562 2145 Cum
3592 2106 3736 2146 vero

2065 2176 2274 2228 cantor
2303 2171 2611 2228 inferiores
2639 2189 2818 2228 voces
2845 2173 3159 2231 admiserit
3187 2191 3454 2248 congruo
3483 2177 3639 2250 loco,
3681 2185 3738 2236 et

2063 2279 2172 2336 per
2201 2261 2574 2318 diatessaron
2600 2277 2899 2333 organum
2950 2265 3309 2338 deponatur,
3365 2285 3628 2342 moxque
3672 2275 3737 2327 ut

2063 2352 2167 2408 illa
2195 2351 2646 2408 distinctionum
2677 2353 2938 2421 gravitas
2967 2354 3048 2410 ita
3090 2355 3398 2424 deseritur,
3447 2362 3510 2414 ut
3550 2360 3734 2432 repeti

2065 2458 2188 2497 non
2221 2446 2509 2514 speretur,
2538 2457 2722 2514 quem
2753 2443 2919 2514 prius
2951 2444 3246 2500 habuerat
3273 2445 3474 2502 locum
3523 2449 3732 2505 subse-

2068 2536 2236 2586 cutor
2264 2534 2583 2602 repetat,ut
2610 2529 2776 2586 ﬁnali
2807 2532 3018 2598 voci,si
3046 2532 3108 2586 in
3139 2549 3201 2586 se
3231 2533 3554 2607 devenerit,
3573 2553 3735 2593 com-

2065 2622 2330 2684 maneat,
2366 2622 2424 2673 et
2450 2617 2498 2672 si
2525 2633 2705 2690 super
2736 2635 2795 2673 se
2819 2625 2929 2689 est,
2962 2619 3158 2675 vicino
3202 2620 3481 2677 decenter
3531 2640 3733 2680 occur-

2063 2711 2173 2774 rat,
2207 2706 2313 2779 qui
2342 2723 2627 2762 occursus
2655 2712 2796 2763 tono
2822 2708 3036 2764 melius
3066 2708 3151 2776 ﬁt,
3179 2708 3385 2765 ditono
3407 2726 3530 2766 non
3557 2712 3730 2783 adeo,

2065 2795 2545 2869 semiditonoque
2569 2797 3033 2869 numquam.Ad
3061 2797 3432 2854 diatessaron
3464 2815 3604 2857 vero
3634 2801 3734 2857 vix

2064 2885 2131 2941 ﬁt
2157 2901 2464 2953 occursus,
2493 2901 2632 2940 cum
2663 2886 2864 2955 gravis
2893 2885 3087 2956 magis
3117 2885 3312 2958 placet
3327 2887 3427 2944 illo
3448 2888 3582 2946 loco
3605 2906 3734 2945 suc-

2068 2980 2295 3032 centus.
2333 2975 2503 3042 Quod
2536 2980 2736 3032 tamen
2764 2993 2840 3032 ne
2867 2977 2927 3032 in
2958 2976 3168 3032 ultima
3183 2976 3558 3036 distinctione
3575 2997 3735 3052 sym-

2066 3064 2307 3137 phoniae
2334 3064 2586 3132 eveniat,
2616 3069 2701 3120 est
2735 3065 3093 3121 cavendum.
3141 3067 3306 3138 Saepe
3353 3073 3554 3128 autem
3593 3085 3733 3125 cum

2064 3152 2376 3208 inferiores
2410 3153 2542 3210 trito
2575 3170 2747 3209 voces
2794 3162 3004 3210 cantor
3050 3155 3376 3224 admiserit,
3435 3173 3734 3228 organum

2067 3259 2432 3315 suspensum
2464 3248 2736 3298 tenemus
2757 3243 2819 3300 in
2850 3244 3019 3311 trito;
3053 3249 3193 3300 tunc
3215 3261 3355 3300 vero
3381 3262 3537 3318 opus
3562 3251 3650 3303 est
3671 3251 3735 3302 ut

2063 3331 2125 3387 in
2147 3331 2528 3388 inferioribus
2559 3331 2999 3388 distinctionem
3031 3337 3237 3390 cantor
3260 3349 3384 3389 non
3415 3335 3610 3402 faciat,
3627 3335 3732 3390 sed

2065 3421 2539 3478 discurrentibus
2565 3437 2704 3477 cum
2730 3422 3025 3478 celeritate
3068 3422 3318 3478 vocibus
3366 3423 3733 3496 praestolanti

2065 3511 2199 3566 trito
2225 3511 2536 3567 redeundo
2563 3511 2900 3580 subveniat,
2932 3516 2990 3567 et
3019 3528 3197 3567 suum
3228 3516 3286 3568 et
3313 3511 3470 3567 illius
3495 3512 3650 3569 facta
3670 3513 3733 3570 in

2069 3599 2482 3671 superioribus
2510 3599 2886 3656 distinctione
2915 3599 3181 3673 repellat.
3207 3604 3352 3657 item
3374 3618 3513 3658 cum
3535 3617 3733 3658 occur-

2067 3705 2167 3743 sus
2188 3688 2255 3746 ﬁt
2271 3689 2714 3758 tono,diutinus
2736 3689 2802 3745 ﬁt
2820 3693 2990 3746 tenor
3014 3690 3172 3755 ﬁnis,
3189 3695 3253 3747 ut
3273 3691 3325 3746 ei
3347 3692 3564 3763 partim
3596 3692 3737 3749 sub-

2066 3785 2373 3852 sequatur,
2405 3784 2463 3835 et
2487 3778 2704 3852 partim
2735 3779 3104 3834 concinatur.
3137 3779 3287 3835 Cum
3317 3797 3460 3837 vero
3490 3781 3732 3837 ditonus

2064 3868 2424 3937 diuturnior,
2457 3873 2522 3924 ut
2549 3884 2708 3940 saepe
2734 3883 2841 3940 per
2877 3867 3281 3923 intermissam
3319 3885 3552 3937 vocem,
3581 3869 3730 3925 dum

2064 3955 2160 4012 vel
2187 3971 2376 4028 parva
2403 3955 2479 4011 sit
2493 3954 2820 4021 obsecutio,
2845 3953 3024 4010 etiam
3058 3955 3180 4009 toni
3209 3971 3332 4010 non
3357 3955 3510 4012 desit
3528 3972 3732 4012 occur-

2067 4045 2175 4100 sio.
2212 4045 2384 4111 Quod
2410 4043 2553 4116 quia
2580 4042 2664 4110 ﬁt,
2697 4047 2838 4097 tunc
2865 4042 3186 4098 harmonia
3215 4043 3418 4100 ﬁnitur
3446 4044 3725 4102 deutero:

2067 4135 2416 4205 etsicantus
2443 4148 2566 4188 non
2596 4136 2868 4205 speratur
2897 4130 3050 4188 ultra
3075 4131 3152 4188 ad
3185 4132 3386 4190 tritum
3407 4135 3730 4191 descende-

2066 4240 2149 4292 re,
2174 4224 2314 4280 utile
2343 4228 2482 4278 tunc
2505 4221 2612 4277 erit
2637 4226 2811 4294 proto
2840 4220 2965 4277 vim
2989 4221 3202 4293 organi
3226 4239 3544 4298 occupare,
3591 4224 3730 4281 sub-

2067 4313 2456 4386 sequentibus
2486 4309 2792 4382 subsequi,
2822 4310 3046 4384 ﬁnique
3071 4327 3179 4384 per
3209 4317 3418 4370 tonum
3451 4313 3731 4371 decenter

2066 4418 2398 4470 occurrere,
2426 4401 2567 4456 item
2598 4417 2738 4456 cum
2768 4399 2902 4472 plus
2931 4400 3305 4458 diatessaron
3333 4402 3568 4473 sejungi
3605 4417 3730 4457 non

2065 4491 2260 4563 liceat,
2290 4508 2444 4564 opus
2470 4495 2580 4558 est,
2609 4506 2747 4546 cum
2778 4489 2912 4563 plus
2935 4507 2996 4546 se
3024 4494 3230 4546 cantor
3252 4489 3731 4556 intenderit,sub-

2068 4586 2303 4637 secutor
2333 4579 2639 4648 ascendat,
2675 4582 2738 4634 ut
2763 4577 3035 4634 videlicet
3065 4581 3123 4634 C.
3159 4583 3445 4650 sequatur
3474 4579 3511 4631 F
3539 4594 3551 4631 :
3581 4581 3638 4632 et
3659 4579 3724 4631 D.

2069 4672 2355 4742 sequatur
2384 4670 2463 4723 G:
2507 4669 2933 4738 etEsequatur
2961 4682 3016 4722 a.
3059 4669 3116 4720 et
3165 4664 3413 4738 reliqua.
3464 4663 3729 4736 Denique

2066 4749 2347 4846 praeterb]
2372 4756 2732 4846 quadratam
2779 4753 3027 4846 singulis
3065 4753 3312 4846 vocibus
3357 4753 3730 4846 diatessaron

2069 4847 2292 4914 subest,
2324 4839 2484 4902 unde
2516 4845 2574 4899 in
2607 4845 2829 4916 quibus
2858 4841 3336 4897 distinctionibus
3391 4840 3492 4896 illa
3534 4839 3727 4908 fuerit,

2071 4939 2132 4993 G.
2166 4937 2286 4992 vim
2316 4933 2527 5005 organi
2551 4932 2899 5005 possidebit.
2931 4929 3103 4996 Quod
3135 4935 3262 4985 tum
3283 4930 3369 4997 ﬁt,
3391 4929 3440 4985 si
3468 4933 3574 4985 aut
3596 4945 3732 4985 can-

2070 5030 2164 5080 tus
2193 5024 2271 5080 ad
2302 5025 2364 5078 F.
2399 5022 2742 5090 descendat,
2775 5026 2878 5076 aut
2907 5018 3312 5090 subsequitur,
3343 5023 3448 5074 aut
3469 5019 3530 5074 in
3553 5020 3616 5074 G.
3649 5019 3733 5075 di-

2073 5112 2450 5168 stinctionem
2476 5109 2673 5178 faciat,
2706 5109 2784 5165 ad
2815 5110 2877 5164 G.
2926 5112 2982 5162 et
3023 5123 3079 5162 a.
3134 5107 3414 5178 congruis
3466 5107 3614 5166 locis
3671 5110 3730 5164 F.

2073 5201 2479 5273 subsequitur,
2513 5199 2563 5254 si
2591 5199 2650 5254 in
2679 5201 2742 5254 G.
2772 5212 2914 5254 vero
2944 5202 3154 5254 cantus
3183 5214 3308 5256 non
3336 5199 3628 5268 terminet,
3671 5201 3730 5255 F.

2072 5307 2213 5348 cum
2243 5293 2422 5344 cantu
2449 5288 2567 5343 vim
2591 5287 2804 5357 organi
2825 5285 3096 5344 admittit.
3131 5288 3280 5344 Cum
3306 5305 3470 5346 vero.
3496 5288 3558 5346 b.
3582 5287 3734 5344 mol-

2072 5381 2146 5438 lis
2177 5381 2444 5436 versatur
2467 5377 2529 5434 in
2560 5381 2761 5450 cantu,
2794 5379 2856 5432 F.
2890 5377 3194 5448 organalis
3225 5379 3350 5435 erit.
3405 5380 3555 5436 Cum
3593 5393 3736 5450 ergo

2151 5558 2269 5632 (20)
2310 5560 2462 5632 Lege
2491 5563 2723 5616 cantus.
