3986 6178
265 165 369 225 403

1644 143 1974 212 GUIDONIS
2013 144 2313 208 ARETINI.

3594 147 3709 212 404

267 284 434 348 tritus
489 285 642 346 adeo
688 278 1028 361 diaphoniaa
1076 281 1342 342 obtineat
1395 279 1819 354 principatum,
1858 279 1926 334 ut
1962 281 2008 333 Α
2038 278 2080 330 F
2134 279 2218 333 FG
2259 271 2300 333 G
2335 274 2372 333 F
2403 279 2441 332 F
2480 275 2571 332 DD
2615 273 2699 334 CF
2737 279 2778 333 G
2823 283 2858 332 ει
2896 279 2940 332 G
3016 276 3058 330 F
3089 275 3129 332 Ο
3161 274 3388 334 FFEDC

269 372 646 452 aptissimum
673 388 856 450 supra
906 379 1152 432 caeteros
1202 371 1465 428 obtineat
1510 370 1732 437 locum,
1761 365 1926 423 vide-

267 482 406 524 mus
436 477 472 524 a
502 463 780 539 Gregorio
810 477 935 523 non
960 461 1256 522 immerito
1272 456 1408 534 plus
1425 459 1649 516 caeteris
1679 455 1929 515 vocibus

268 552 638 614 adamatum.
683 553 912 612 Etenim
941 553 1130 611 multa
1186 545 1483 606 melorum
1530 545 1846 623 principia,
1875 550 1932 603 et

267 641 558 720 plurimas
589 639 1070 720 repercussiones
1095 639 1274 708 dedit,
1303 637 1367 696 ut
1397 655 1573 713 saepe,
1609 638 1657 694 si
1695 639 1768 694 de
1801 633 1930 709 ejus

269 738 449 789 cantu
481 735 595 790 triti
624 737 684 790 E.
715 733 771 790 et
795 745 846 788 c.
883 725 1290 799 subtrahatur,
1326 740 1513 803 prope
1552 721 1932 784 medietatem

269 818 472 878 tulisse
516 817 794 878 videaris.
850 813 1195 892 Diapboniae
1222 821 1517 892 praecepta
1575 816 1717 873 data
1772 819 1929 884 sunt,

270 923 406 984 quae
437 909 510 968 sit
537 909 825 985 exemplis
854 905 1093 984 probes,
1116 909 1372 982 perfecte
1403 921 1750 978 cognosces.

903 1052 1129 1108 CAPUT
1167 1054 1295 1106 XIX.

435 1160 627 1217 Dictte
662 1157 1000 1230 Diaphonae
1027 1173 1143 1229 per
1179 1159 1454 1227 exempla
1493 1157 1786 1227 probatio.

344 1261 524 1334 Igitur
553 1277 589 1321 a
621 1261 753 1322 trito
784 1249 926 1321 non~
945 1263 1307 1337 deponimus
1338 1277 1658 1333 organum,
1706 1263 1829 1318 sive
1873 1261 1933 1318 in

273 1367 365 1425 eo,
399 1351 520 1411 sive
549 1353 610 1411 in
641 1351 1030 1429 sequentibus
1057 1350 1320 1424 finiatur,
1353 1353 1468 1408 hoc
1494 1351 1678 1409 modo
1711 1371 1724 1408 :

694 1463 1520 1520 FFGGFFDEFEDC

711 1528 1435 1686 HHHHHJ

685 1675 1238 1944 illiti:

277 1996 422 2050 Ecce
450 1991 586 2050 ﬁnis
618 1995 1012 2052 distinctionis
1041 1995 1102 2050 in
1130 1994 1264 2051 trito
1291 1997 1350 2051 C.
1384 2011 1419 2052 a
1448 2010 1571 2068 quo
1599 2011 1723 2050 non
1753 1993 1936 2067 depo-

275 2081 476 2137 nimus
499 2099 818 2154 organum,
855 2083 997 2158 quia
1021 2101 1144 2140 non
1174 2083 1356 2140 habet
1386 2083 1498 2139 sub
1529 2099 1590 2139 se
1613 2089 1820 2138 tonum
1843 2075 1937 2138 vel

275 2170 571 2241 ditonum,
604 2174 826 2247 quibus
854 2175 918 2231 tit
948 2190 1255 2243 occursus,
1285 2172 1392 2230 sed
1419 2173 1601 2230 habet
1633 2171 1937 2229 semidito-

275 2277 446 2334 num,
478 2279 587 2336 per
613 2280 797 2337 quem
821 2280 944 2321 non
969 2264 1035 2320 fit
1059 2280 1364 2320 occursus.

846 2374 1362 2429 FGGaGGF

809 2461 1072 2519 servoﬁ
1181 2462 1217 2517 ὁ
1251 2477 1376 2518 em

846 2554 886 2608 C
944 2553 1366 2608 DDEDDC

275 2659 421 2713 Ecce
445 2657 564 2715 alia
591 2657 890 2716 distinctio
917 2657 979 2715 in
1011 2658 1144 2716 trito
1175 2661 1231 2715 F.
1264 2658 1326 2714 in
1364 2673 1486 2731 quo
1528 2660 1586 2713 et
1626 2657 1854 2730 quartis
1904 2673 1940 2714 θ.

275 2757 337 2801 se
364 2746 613 2803 vocibus
644 2763 753 2821 per
789 2748 1160 2804 diatessaron
1214 2747 1662 2820 subsequimur,
1713 2752 1770 2802 et
1814 2746 1939 2804 dia-

274 2837 545 2892 tessaron
576 2839 893 2893 succentus
920 2836 1246 2910 plusquam
1273 2851 1560 2893 occursus
1588 2836 1784 2910 placet
1812 2855 1824 2892 :

893 2941 1333 3000 FFEDFGF

884 3031 999 3106 ipsi
1038 3048 1134 3088 me
1175 3037 1233 3090 to
1273 3033 1333 3090 ta

890 3120 1330 3179 CCCCCDC

277 3202 423 3264 Ecce
452 3201 570 3266 alia
600 3203 876 3281 ejusdem
908 3209 1074 3266 modi
1104 3209 1218 3267 triti
1248 3210 1308 3267 in
1342 3213 1398 3267 [ι’.

703 3296 1105 3357 FFFFEG
1163 3298 1520 3355 FEDDD

689 3383 769 3442 De
790 3395 867 3442 vo
889 3386 928 3442 ti
956 3403 992 3442 o
1022 3397 1098 3444 ne
1158 3399 1295 3443 com
1324 3383 1433 3444 mit
1461 3387 1542 3442 to.

705 3473 1103 3533 CCCCCD
1164 3475 1520 3533 CCCCD

1495 1531 1507 1886 Ι

275 3556 422 3616 Ecce
447 3559 564 3616 alia
605 3557 905 3618 distinctio
930 3561 990 3617 in
1022 3563 1197 3636 proto
1223 3565 1288 3619 Ι).
1340 3563 1402 3618 in
1432 3571 1555 3636 qua
1602 3564 1660 3618 et
1689 3563 1813 3619 toni
1839 3573 1939 3620 oe-

275 3658 488 3704 cursus
519 3645 598 3706 ad
628 3644 812 3705 finem
842 3649 1022 3722 patet.

726 3739 850 3796 CD
925 3739 1143 3797 CFF
1207 3737 1495 3796 FFDE

456 3830 597 3885 item
630 3837 648 3886 :
674 3829 862 3887 Homo
889 3833 1016 3888 erat
1042 3824 1104 3888 tn
1137 3827 1521 3902 Iherusalcm,
1557 3833 1661 3887 aut
1681 3830 1761 3888 ita
1789 3843 1803 3887 :

725 3915 845 3978 CC
919 3916 1130 3977 CCC
1197 3916 1483 3976 CCDE

947 4009 1274 4066 FFEDE

909 4095 1292 4156 Hierusalem.

937 4185 1281 4244 DDDDE

281 4291 426 4346 Ecce
455 4283 753 4348 distinctio
774 4288 833 4348 in
865 4285 1113 4349 deutero
1144 4289 1204 4348 Ε.
1240 4292 1301 4348 in
1331 4302 1454 4366 qua
1483 4293 1540 4350 et
1569 4285 1691 4350 toni
1729 4302 1939 4352 occur-

281 4397 382 4434 sus
409 4374 485 4435 ad
516 4379 699 4436 ﬁnem
731 4385 909 4454 patet.

477 4465 1736 4529 CFFDFCDDCDFFCED

448 4557 590 4616 Veni
618 4557 697 4618 ad
725 4559 1071 4617 docendum
1100 4576 1209 4616 vos
1240 4560 1402 4616 viam
1429 4561 1781 4633 prudentiae.

483 4647 1725 4709 CCCCCCCACCCCCCD

280 4734 584 4797 Distinctio
613 4733 673 4796 in
702 4744 876 4814 proto
906 4743 972 4795 A.
1022 4741 1086 4793 In
1110 4732 1224 4794 hac
1267 4734 1644 4794 distinctione
1689 4739 1749 4795 in
1797 4733 1942 4797 infe-

277 4829 432 4886 riore
452 4825 586 4887 trito
618 4831 679 4902 C,
706 4827 812 4904 qui
836 4827 942 4884 ﬁni
971 4821 1242 4901 proxime
1269 4823 1476 4883 subest
1529 4829 1593 4899 Π,
1638 4841 1814 4885 voces
1841 4830 1942 4886 ad-

278 4915 476 4976 missae
508 4917 668 4987 sunt,
695 4918 752 4975 et
777 4917 946 4974 locus
975 4915 1138 4990 prior
1160 4915 1330 4972 ﬁnita
1355 4909 1638 4986 gravitate
1659 4917 1940 4990 repetitus

277 5009 389 5076 est,
415 5001 520 5064 ubi
548 5005 811 5064 diximus
841 5001 998 5065 viam
1024 5000 1385 5077 prudentiae.
1442 5000 1507 5061 Et
1534 5005 1597 5061 in
1629 5004 1742 5063 hac
1774 5006 1938 5064 simi-

277 5089 409 5151 liter
435 5113 449 5151 :

280 5181 321 5240 F
359 5178 442 5239 G8.
477 5181 647 5240 aFGF
710 5179 755 5240 Ρ
780 5179 822 5240 G
897 5201 934 5240 a
964 5187 1006 5242 G
1118 5187 1157 5241 F
1197 5186 1241 5240 Π
1281 5186 1325 5241 ιε’
1395 5178 1760 5241 EDCF’GGGF

279 5269 462 5328 Sexta
491 5269 644 5327 hora
681 5265 832 5328 sedit
860 5289 1039 5344 super
1077 5275 1345 5347 puteUm.

281 5354 840 5418 CDEECDCCD
919 5357 1032 5416 EI)
1145 5358 1346 5420 CCC
1420 5359 1766 5420 FFFFFFF’F

279 5447 426 5508 Ecce
455 5451 520 5506 ut
548 5449 818 5506 ascendit
846 5463 1166 5523 organum,
1182 5463 1257 5509 ne
1290 5447 1350 5509 in
1382 5451 1590 5509 ultima
1619 5451 1942 5511 distinctio-

277 5557 352 5600 ne
382 5539 710 5598 succineret
739 5555 977 5600 cavens.

349 5649 464 5722 (2t)
502 5651 653 5724 Lege
682 5653 740 5710 et
764 5649 838 5708 E.
871 5652 1069 5709 teneat
1108 5647 1267 5708 VIII.

2037 368 2211 422 Sexta
2272 365 2421 422 hora
2484 381 2546 422 se
2605 364 2690 422 dit
2753 375 2932 437 Super
3005 370 3276 439 puteum.

2035 455 2122 509 FF
2160 452 2289 508 FFF
2330 454 2500 512 FFFF
2542 458 2622 512 FF
2665 457 2743 511 FF
2785 455 2822 511 F
2854 457 2891 511 F
2922 455 2962 507 F
3041 456 3077 510 Ρ·
3110 453 3148 510 Ι⁴⁹
3177 449 3431 511 FFFFFF

2035 546 2180 600 Ecce
2207 544 2538 618 quomodo,
2571 541 2917 601 admittente
2959 545 3200 599 cantore
3251 544 3558 614 graviores
3597 559 3710 603 vo-

2037 651 2152 704 ces,
2184 649 2480 705 organum
2513 645 2876 706 suspensum
2911 635 3182 690 tenemus
3202 633 3265 688 in
3295 634 3449 690 trito.

2277 719 3464 780 ccddcacbcaGFGG

2250 814 2441 869 Victor
2473 813 2745 869 ascendit
2777 813 2960 868 caelos
2992 811 3148 868 unde
3180 811 3522 871 descendet.

2254 905 2453 959 (ἳΕᾶ
2519 903 2720 958 aGG
2797 903 2922 958 GG
3012 903 3134 958 GF
3222 903 3475 958 FFFG

2041 997 2185 1049 Ecce
2217 995 2282 1049 ut
2306 992 2383 1048 ad
2413 994 2475 1048 G.
2500 996 2556 1048 et
2587 1003 2622 1048 a
2652 992 2712 1048 in
2742 991 2861 1047 ﬁne
2889 990 3276 1064 subsequitur
3322 991 3384 1049 F.
3436 991 3599 1050 idem
3644 995 3713 1050 in

2037 1079 2260 1155 plagali
2291 1082 2421 1172 trito
2451 1081 2718 1172 invenies
2736 1082 3116 1172 usurpatum,
3142 1084 3206 1136 ut
3235 1079 3445 1172 adet
3473 1081 3626 1172 dita
3651 1071 3718 1172 η

2041 1171 2466 1244 subsequatur,
2518 1170 2671 1227 sicut
2712 1168 2793 1226 ad
2840 1173 2881 1226 G
2915 1175 2971 1226 et
3000 1170 3078 1226 ad
3107 1185 3143 1226 a
3174 1171 3442 1243 sequitur
3499 1169 3559 1229 Ρ.
3589 1168 3714 1230 hoc

2041 1262 2226 1318 modo
2261 1279 2274 1317 :

2504 1365 2535 1406 e
2594 1348 2722 1406 cd
2833 1346 2906 1405 de
2973 1347 3238 1404 dcdde

2469 1437 2546 1496 Ve
2585 1441 2648 1496 ni
2687 1441 2741 1496 te
2815 1439 2906 1495 Ad
2970 1453 3072 1494 ore
3111 1453 3266 1494 mus.

2495 1545 2526 1585 c
2584 1543 2616 1585 c
2677 1544 2709 1584 c
2821 1513 3232 1609 ccccbbic

2687 1615 2919 1674 CAPUT
2960 1619 3064 1673 XX.

2044 1725 2343 1793 Quomodo
2372 1720 2601 1780 musica.
2632 1739 2707 1780 ex
2732 1723 3087 1780 malleorum
3105 1719 3304 1780 sonitu
3334 1719 3409 1778 sit
3439 1721 3710 1781 inventa.

2115 1815 2192 1870 De
2220 1814 2465 1885 origines
2493 1819 2692 1870 autem
2720 1813 2966 1869 musicae
2995 1811 3156 1881 artis,
3189 1813 3333 1887 quia
3377 1813 3594 1870 rudem
3626 1814 3712 1870 le-

2043 1903 2269 1960 ctorem
2295 1899 2577 1971 vidimus,
2612 1901 2674 1958 in
2704 1899 2912 1976 primis
2963 1903 3284 1973 tacuimus,
3337 1917 3526 1976 quam
3579 1904 3712 1975 jam

2045 1987 2383 2061 exercitato,
2412 1993 2729 2066 magisque
2756 1989 2959 2048 scienti
2991 1993 3325 2049 tribuimus.
3358 1991 3535 2049 Erant
3564 1993 3716 2050 anti-

2045 2085 2248 2157 quitus
2276 2085 2672 2140 instrumenta
2703 2077 2948 2152 incerta,
2977 2085 3033 2138 et
3070 2081 3413 2138 canentium
3443 2083 3716 2140 multitu-

2047 2174 2148 2244 do,
2183 2175 2287 2229 sed
2317 2191 2476 2230 caeca
2509 2191 2520 2228 :
2555 2173 2755 2228 nullus
2781 2173 2940 2228 enim
2971 2173 3287 2228 hominum
3330 2189 3552 2229 vocum
3599 2173 3716 2229 dif-

2047 2261 2326 2320 ferentias
2357 2265 2412 2320 et
2435 2263 2812 2336 symphoniae
2861 2261 3282 2320 discretionem
3328 2267 3563 2336 poterat
3606 2263 3715 2319 ali-

2046 2370 2168 2427 qua
2200 2345 2715 2423 argumentatione
2745 2347 3019 2422 colligere
3068 2370 3079 2406 :
3136 2367 3332 2426 neque
3362 2356 3574 2425 posset
3602 2369 3716 2408 un-

2047 2460 2234 2516 quam
2265 2445 2492 2499 certum
2523 2439 2750 2514 aliquid
2780 2439 2853 2497 de
2879 2443 2993 2498 hac
3033 2445 3156 2498 arte
3185 2457 3569 2512 cognoscere,
3597 2436 3716 2498 nisi

2047 2533 2290 2590 tandem
2320 2523 2556 2588 bonitas
2587 2525 2812 2601 divina,
2848 2529 3015 2603 quod
3065 2527 3352 2606 sequitur,
3398 2547 3508 2588 suo
3564 2535 3715 2588 nutu

2047 2621 2408 2694 disponeret.

2120 2713 2267 2766 Cum
2311 2709 2680 2782 Pythagoras
2732 2703 2983 2782 quidam
3014 2725 3277 2779 magnus
3308 2709 3713 2783 philosophus

2046 2795 2192 2853 forte
2222 2797 2330 2853 iter
2355 2803 2574 2868 ageret,
2608 2804 2849 2855 ventum
2880 2801 2966 2854 est
3013 2798 3092 2854 ad
3145 2797 3456 2864 fabricam,
3501 2799 3561 2854 in
3591 2809 3715 2872 qua

2048 2903 2226 2959 super
2255 2903 2443 2942 unam
2476 2883 2757 2943 incudem
2807 2887 3075 2960 quinque
3127 2887 3323 2943 mallei
3371 2887 3665 2944 feriebant
3698 2905 3711 2942 :

1975 2987 2015 3048 ρ
2046 2992 2306 3049 quorum
2340 2989 2590 3032 suavem
2617 2975 3005 3033 concordiam
3032 2977 3280 3033 miratus
3306 2977 3710 3051 philosophus

2046 3065 2312 3132 accessit,
2342 3061 2726 3139 primUmque
2756 3067 2816 3122 in
2842 3083 3138 3123 manuum
3159 3067 3438 3124 varietate
3460 3083 3709 3140 sperans

2046 3153 2170 3208 vim
2198 3154 2329 3211 soni
2358 3173 2427 3212 ac
2471 3154 2896 3213 modulationis
2945 3157 3216 3224 existere,
3268 3157 3523 3214 mutavit
3565 3151 3710 3212 mal-

2047 3243 2170 3300 leos
2201 3264 2212 3313 ;
2245 3263 2368 3318 quo
2397 3240 2554 3302 facto
2588 3264 2698 3303 sua
2721 3248 2810 3302 vis
2835 3264 3139 3320 quemque
3170 3252 3372 3304 secuta
3394 3251 3503 3303 est.
3559 3239 3710 3304 Sub-

2050 3338 2234 3391 tracto
2282 3333 2504 3408 itaque,
2554 3337 2658 3409 qui
2705 3335 2991 3393 dissonus
3034 3339 3159 3394 erat
3205 3353 3241 3392 a
3283 3337 3534 3406 cmteris,
3565 3335 3712 3392 alios

2048 3423 2418 3497 ponderavit,
2447 3426 2790 3500 mirumque
2818 3427 2878 3482 in
2909 3418 3162 3483 modum
3185 3426 3390 3483 divino
3416 3432 3571 3483 nutu
3593 3427 3713 3500 pri-

2050 3530 2185 3569 mus
2215 3518 2323 3586 XII,
2353 3515 2656 3571 secundus
2689 3519 2773 3586 1X,
2807 3515 3008 3572 tertius
3036 3517 3170 3584 Vlii,
3213 3518 3465 3588 quartus
3495 3512 3582 3582 Vl,
3611 3533 3714 3572 ne-

2050 3605 2171 3660 scio
2201 3605 2422 3678 quibus
2452 3606 2820 3678 ponderibus
2851 3601 3252 3680 appendebat.
3281 3605 3576 3675 Cognovit
3616 3603 3717 3662 ita-

2049 3711 2164 3766 que
2197 3695 2256 3750 in
2282 3712 2674 3751 numerorum
2695 3696 3077 3769 proportione
3101 3695 3156 3752 et
3186 3695 3502 3751 collatione
3534 3695 3715 3751 musi-

2049 3801 2133 3839 cae
2166 3786 2383 3841 versari
2413 3785 2740 3841 scientiam.
2778 3789 2911 3841 Erat
2941 3786 3099 3841 enim
3147 3802 3217 3841 ea
3264 3783 3613 3841 constitutio
3656 3785 3714 3840 in

2050 3878 2310 3946 quatuor
2341 3873 2590 3941 malleis,
2622 3892 2758 3948 qum
2791 3879 2881 3931 est
2909 3876 3094 3932 modo
3120 3875 3179 3930 in
3217 3880 3482 3947 quatuor
3510 3875 3714 3931 litteris

2050 3968 2096 4018 A
2129 3967 2170 4019 D
2203 3967 2243 4020 E
2270 3981 2323 4020 a.
2357 3964 2622 4037 Denique
2655 3965 2701 4021 si
2727 3971 2791 4021 Α.
2828 3965 3022 4035 gravis
3048 3959 3228 4022 habet
3253 3967 3364 4021 Xll.
3399 3967 3457 4020 ct
3486 3981 3543 4021 a.
3574 3981 3713 4021 acu-

2049 4057 2111 4109 ta
2137 4056 2224 4109 Vl.
2255 4058 2414 4110 tenet
2437 4070 2497 4110 se
2520 4060 2696 4111 acuta
2736 4072 2790 4112 a.
2833 4073 2972 4110 cum
3005 4060 3051 4111 A
3083 4054 3248 4126 gravi
3300 4054 3712 4127 proportione.

2051 4158 2188 4214 quae
2218 4142 2390 4198 estin
2435 4137 2817 4200 Arithmetica
2867 4142 3073 4216 dupla,
3128 4143 3187 4198 in
3230 4143 3468 4198 musica
3514 4147 3713 4199 autem

2053 4231 2348 4304 diapason
2396 4227 2809 4289 consOnantia.
2861 4235 2923 4288 Ι).
2982 4249 3124 4289 vero
3181 4232 3402 4302 gravis,
3453 4249 3593 4305 qua:
3632 4236 3714 4287 est

1975 4363 2019 4416 Β
2057 4322 2213 4416 villi.
2249 4339 2386 4377 cum
2419 4325 2478 4377 E.
2513 4317 2675 4416 gravi
2705 4321 2872 4395 quod
2901 4324 2988 4416 est
3016 4319 3150 4377 Vili.
3185 4315 3341 4416 tenet
3371 4337 3434 4377 se
3461 4337 3711 4416 propor-

2053 4409 2231 4481 tione,
2265 4427 2399 4483 quae
2430 4414 2517 4466 est
2545 4409 2605 4464 in
2633 4409 3003 4466 arithmetica
3035 4408 3468 4483 sesquioctava,
3523 4400 3585 4464 id
3611 4414 3713 4475 est,

2053 4500 2385 4573 epogdous,
2430 4500 2492 4554 in
2522 4499 2754 4556 musica
2811 4503 3012 4556 autem
3065 4505 3239 4556 tonus
3295 4500 3714 4564 consonantia,

2053 4593 2195 4646 item
2223 4607 2277 4646 a.
2312 4594 2488 4646 acuta
2517 4607 2654 4645 cum
2681 4593 2720 4646 E
2749 4590 2936 4660 gravi,
2971 4589 3124 4645 sicut
3154 4585 3215 4646 Ι).
3253 4589 3453 4659 gravis
3483 4603 3627 4644 cum
3650 4591 3714 4644 Α.

2053 4679 2236 4749 gravi,
2269 4683 2507 4736 tenetse
2539 4679 2943 4752 proportione,
2975 4695 3112 4752 quae
3145 4683 3231 4734 est
3252 4678 3312 4733 in
3344 4677 3719 4734 arithmetica

2054 4768 2446 4841 sesquitertia,
2478 4767 2537 4822 in
2561 4767 2794 4824 musica
2815 4784 2956 4824 vero
2978 4761 3349 4823 diatessaron
3380 4782 3720 4824 consonan-

2051 4856 2150 4912 tia.
2187 4861 2330 4913 ltem
2361 4873 2415 4913 a.
2451 4861 2627 4913 acuta
2656 4873 2794 4912 cum
2845 4860 2909 4912 D.
2944 4856 3133 4926 gravi,
3190 4855 3341 4911 sicut
3396 4859 3456 4912 E.
3514 4855 3716 4927 gravis

2052 4961 2190 5000 cum
2222 4949 2287 5000 A.
2322 4939 2489 5017 gravi
2512 4950 2669 5002 tenet
2700 4962 2761 5002 se
2792 4943 3199 5020 proportione,
3227 4962 3364 5017 qua:
3396 4949 3486 5001 est
3516 4945 3576 5001 in
3609 4944 3718 5000 ari-

2053 5034 2332 5091 thmetica
2353 5035 2757 5108 sesquialtera,
2772 5035 2831 5091 in
2851 5027 3082 5090 musica
3112 5051 3252 5091 vero
3278 5033 3561 5108 diapente
3585 5049 3720 5090 con-

2053 5124 2347 5180 sonantia.
2379 5126 2443 5179 Et
2472 5122 2520 5179 si
2549 5129 2613 5180 A.
2642 5119 2825 5179 habet
2851 5118 2958 5179 Xll.
2994 5127 3051 5178 et
3082 5116 3146 5179 D.
3173 5113 3253 5179 ῙΧ.
3307 5123 3551 5178 ternarii
3581 5138 3717 5195 pro-

2047 5231 2284 5287 passus,
2313 5212 2652 5270 habebitA.
2704 5211 2765 5268 in
2812 5207 2921 5268 ΧΗ.
2971 5212 3261 5268 ternarios
3315 5217 3611 5284 quatuor,
3657 5215 3717 5268 et

2053 5305 2115 5358 D.
2153 5304 2209 5359 in
2242 5305 2384 5359 Vllll
2410 5303 2700 5359 ternarios
2729 5307 2863 5358 tres.
2897 5305 3122 5358 Rursus
3179 5319 3318 5359 cum
3364 5291 3592 5357 habeat
3643 5305 3710 5356 Α.

2049 5397 2157 5450 ΧΗ.
2191 5397 2248 5448 et
2275 5395 2348 5447 D.
2384 5399 2579 5449 teneat
2628 5393 2813 5448 VIIII.
2869 5393 2980 5463 (2t)
3025 5387 3439 5465 quaternarios
3495 5407 3714 5464 passus

2049 5489 2165 5540 tres
2207 5482 2453 5539 habebit
2498 5489 2564 5540 Α.
2617 5486 2677 5540 Ε.
2730 5499 2872 5540 vero
2921 5479 3097 5552 duos,
3131 5488 3188 5539 et
3216 5482 3497 5556 diapente
3529 5485 3710 5555 patet.

2053 5575 2178 5632 Sint
2228 5574 2445 5632 iterum
2497 5575 2604 5633 ΧΗ.
2663 5574 2727 5631 in
2771 5578 2838 5632 Α.
2897 5577 2954 5630 et
3003 5575 3094 5632 VI.
3165 5573 3226 5631 in
3279 5572 3468 5630 altera.
3533 5588 3572 5630 a
3620 5587 3712 5630 so-
