3986 6178
163 111 263 177 4ου

1337 105 1645 161 ΒΕΕΙΠΛΕ
1683 96 1969 160 111181οΕ
2005 100 2442 159 ΗΗΥἸἮΜΙΕᾸΞ.

3542 121 3646 176 400

162 243 370 301 uarius
403 238 693 296 medietas
723 240 814 292 est
842 233 1219 301 duodenarii,
1249 229 1398 286 sicut
1428 243 1485 286 a.
1527 233 1709 285 acuta
1757 225 1838 281 al-
1874 227 1919 280 A
1949 241 2088 281 cum
2119 239 2514 282 numerorum
2547 232 2945 304 proportione
2976 232 3440 297 demonstravit.
3493 214 3649 307 Quid

164 334 345 390 terius
379 334 448 384 Α.
485 327 803 384 medietate
834 326 1152 394 colligitur.
1199 321 1373 377 Adest
1431 335 1580 390 ergo
1634 319 1851 390 diapaa

161 438 290 477 son.
326 424 415 476 Ite
438 419 573 491 ipsa
602 421 666 472 Α.
692 415 771 471 ad
805 418 872 470 D.
902 414 1292 477 diatessaron,
1324 408 1403 465 ad
1438 411 1500 464 E.
1532 408 1842 481 diapente,

159 509 330 567 alteri
363 516 510 564 vero
538 519 594 562 a.
627 501 933 575 diapason
957 501 1168 573 reddit,
1229 503 1290 554 Β.
1351 511 1599 570 quoque
1647 497 1729 553 ad
1780 499 1843 552 E.

158 606 402 664 tonum,
440 596 521 652 ad
552 599 877 665 utrumque
903 596 970 647 Α.
1028 607 1083 647 a.
1138 589 1509 645 diatessaron
1567 590 1671 643 aut
1710 585 1844 642 dia-

152 693 341 764 pente
373 690 572 742 sonat.
607 686 673 739 Et
701 685 760 738 E.
791 681 979 737 etiam
1010 680 1088 736 ad
1119 683 1179 734 D.
1211 683 1440 746 tonum,
1471 676 1710 749 utrique
1772 677 1838 732 Α.

153 796 211 835 a.
246 777 542 850 diapente
570 772 660 828 vel
705 771 1084 827 diatessaron
1102 767 1381 824 mandat:
1409 782 1465 822 a.
1489 781 1632 822 vero
1661 769 1840 822 acuta

153 885 302 924 cum
331 871 398 921 Α.
437 865 755 936 diapason.
789 873 932 916 cum
969 860 1036 914 D.
1078 858 1371 929 diapente,
1405 873 1547 912 cum
1603 859 1661 911 E.
1715 855 1840 911 dia-

151 964 443 1014 tessaron
471 956 665 1008 sonat.
695 953 838 1016 Quae
871 951 1091 1005 cuncta
1122 947 1183 1002 in
1212 945 1572 1018 supradictis
1627 957 1840 1001 nume:

149 1047 237 1102 ris
261 1043 547 1100 curiosus
573 1041 985 1114 perscrutator
1012 1035 1287 1092 inveniet.
1317 1035 1459 1090 Hinc
1491 1034 1652 1090 enim
1691 1034 1838 1090 incia-

148 1136 335 1209 piens
394 1130 635 1188 Boetiu
692 1127 978 1201 panditor
1028 1126 1207 1196 hujus
1246 1124 1406 1192 artis,
1436 1124 1692 1180 multam
1721 1122 1834 1179 mis

148 1231 422 1295 remque
453 1224 514 1277 et
563 1216 984 1274 difﬁcillimam
1029 1215 1210 1285 hujus
1263 1212 1401 1269 artis
1446 1211 1836 1270 concordiam

1959 315 2135 388 plura
2155 318 2181 372 ?
2212 319 2318 372 Per
2350 318 2732 388 supradictas
2763 323 3001 394 species
3023 328 3513 385 monochordum
3532 331 3649 403 pri-

1954 423 2090 462 mus
2119 406 2214 462 ille
2243 407 2618 478 Pythagoras
2637 414 3011 485 composuit,
3046 415 3106 471 in
3140 432 3262 490 quo
3318 421 3464 492 quia
3521 437 3646 480 non

1953 501 2042 552 est
2068 496 2316 562 lasciva,
2353 495 2459 551 sed
2489 495 2814 566 diligenter
2845 509 3062 575 aperta
3093 507 3234 562 artis
3272 510 3501 580 notitia,
3550 527 3647 569 sa-

1953 586 2254 658 pientibus
2279 585 2339 640 in
2358 601 2693 643 commune
2713 590 2962 661 placuit,
2985 598 3168 667 atque
3187 614 3376 670 usque
3397 599 3456 654 in
3479 599 3649 659 hunc

1951 676 2111 732 diem
2142 691 2238 732 ars
2266 673 2560 747 paulatim
2588 681 2922 736 crescendo
2946 682 3217 752 invaluit,
3238 686 3369 758 ipso
3395 688 3650 748 doctore

1951 779 2189 838 semper
2199 766 2502 820 humanas
2517 767 2803 824 tenebras
2828 769 3183 840 illustrante,
3204 776 3376 845 cujus
3399 789 3655 839 summa

1950 853 2242 928 sapientia
2283 866 2391 924 per
2421 857 2644 910 cuncta
2678 856 2839 926 viget
2870 862 3115 918 saecula.
3158 866 3370 920 Amen.

2436 943 2720 1012 Explica?
2759 949 3149 1023 Micrologus,

2093 1034 2158 1088 id
2183 1037 2290 1099 est,
2328 1032 2518 1088 brevis
2547 1047 2748 1092 sermo
2778 1041 2840 1093 in
2869 1043 3098 1097 musica
3125 1043 3321 1098 editus
3352 1058 3388 1099 α
3417 1045 3489 1100 D.

2267 1122 2538 1178 Guidone
2565 1127 2800 1183 musico
2831 1131 3220 1201 peritissimo,
3262 1137 3319 1188 et

2446 1214 2790 1271 venerabili
2812 1220 3125 1274 monacho.

1557 1556 2220 1644 INCIPIUNT

527 1765 1043 1908 GUIDONIS
1139 1765 1570 1902 VERSUS
1662 1763 1793 1899 DE
1889 1751 2324 1898 MUSlGE
2417 1757 3273 1904 EXPLANA’I‘IONE

1341 1984 1655 2071 SUIQUE
1701 1991 2066 2057 NOMINIS
2111 1993 2454 2056 ORDINE.

1060 2153 1328 2212 Gliscunt
1358 2152 1544 2210 corda
1575 2153 1724 2209 meis
1748 2150 2070 2209 hominum
2100 2145 2329 2212 mollita
2355 2155 2657 2225 Camenis,

1067 2247 1196 2300 Una
1223 2242 1373 2298 mihi
1403 2241 1591 2298 Virtus
1621 2245 1972 2298 numeratos
2003 2243 2251 2299 contulit
2278 2245 2449 2313 ictus,

1067 2337 1131 2388 In
1163 2331 1326 2388 caelis
1355 2347 1600 2387 summo
1622 2331 1964 2402 gratissima
1993 2319 2264 2390 carmina
2289 2333 2502 2403 fundo,

1065 2421 1225 2477 Dens
1256 2418 1407 2476 aulas
1434 2419 1645 2476 Christi
1677 2427 1902 2477 munus
1923 2435 2063 2475 cum
2092 2437 2238 2476 voce
2269 2421 2560 2491 magistri,

1063 2509 1281 2566 Ordine
1313 2515 1410 2564 me
1437 2507 1672 2580 scripsi,
1704 2509 1901 2582 primo
1923 2508 2028 2581 qui
2054 2501 2327 2566 carmina
2355 2509 2523 2566 ﬁnxi.

617 2665 1062 2732 INGIPIUNT
1102 2664 1313 2726 ITEM
1358 2663 1715 2728 MUSIG/E
1758 2653 2164 2726 GUIDONIS
2211 2663 2581 2726 REGULzE
2626 2661 3156 2727 RHYTHMIC/E

1236 2827 1311 2882 In
1341 2825 1764 2896 antiphonarii
1792 2826 1888 2883 sui
1908 2825 2228 2895 prologum
2257 2823 2538 2895 prelum.

1693 2976 2115 3000 #—

156 3120 528 3177 Musicarum
555 3120 612 3174 et
642 3118 967 3175 cantorum
996 3126 1223 3183 magna
1247 3114 1340 3167 est
1366 3109 1673 3170 distantia.

156 3209 260 3266 Isti
292 3209 524 3276 dicunt,
558 3206 637 3262 illi
670 3205 887 3275 sciunt,
919 3219 1059 3277 quae
1080 3200 1389 3274 componit
1417 3201 1656 3260 Musiea.

157 3303 315 3356 Nam
345 3297 454 3371 qui
485 3295 622 3353 facit
642 3294 810 3368 quod
835 3309 959 3348 non
991 3291 1162 3364 sapit,
1196 3289 1488 3346 difﬁnitur
1517 3283 1728 3350 bestia.

157 3389 462 3444 Ceterum
485 3384 745 3441 tonantis
766 3382 934 3438 vocis
967 3380 1014 3436 si
1042 3379 1292 3436 laudent
1329 3380 1632 3454 acumina,

163 3475 489 3550 Superabit
516 3471 911 3552 philomelam
933 3469 1028 3525 vel
1067 3469 1290 3552 vocalis
1335 3468 1524 3526 asina.

163 3567 364 3631 Quare
387 3563 473 3619 eis
505 3577 632 3618 esse
659 3577 840 3617 suum
871 3551 1020 3615 tollit
1048 3551 1378 3614 dialectica.

163 3658 288 3710 [iac
317 3654 606 3730 decausa
636 3651 999 3708 rusticorum
1027 3647 1347 3728 multitudo
1376 3647 1658 3730 plurima,

165 3746 371 3799 Donec
400 3728 622 3798 frustra
647 3731 812 3820 vivit,
838 3737 993 3794 mira
1018 3731 1254 3822 laborat
1280 3728 1537 3820 insania,

167 3835 324 3888 Dum
352 3831 480 3886 sine
509 3815 795 3899 magistro
826 3819 992 3882 nulla
1019 3815 1264 3881 discitur
1294 3815 1642 3898 aniiphona.

162 3921 331 3978 Notis
362 3936 508 3989 ergo
535 3919 646 3991 illis
681 3915 912 3991 spretis,
946 3905 1168 3988 quibus
1198 3915 1416 3983 vulgus
1446 3916 1644 3982 utitur,

165 4009 346 4077 Quod
365 4010 496 4064 sine
518 3990 763 4064 ductore
789 4010 1188 4078 nusquam,ut
1205 4022 1419 4074 caecus,
1438 4001 1837 4078 pregreditur,

168 4104 414 4174 Septem
446 4101 589 4155 istas
613 4097 778 4154 disce
804 4101 978 4153 notas
1006 4091 1232 4168 septem
1265 4091 1728 4151 characteribus.

167 4173 261 4245 ut:
290 4205 377 4246 re.
408 4190 512 4245 mi.
544 4173 632 4258 fa.
661 4195 744 4243 ut.
778 4188 868 4243 sol
901 4203 980 4243 re.
1020 4179 1079 4242 la
1107 4186 1208 4241 mi.
1239 4185 1330 4255 fa.
1365 4185 1472 4240 sol.
1501 4190 1586 4240 ut.

194 4285 251 4334 r.
317 4265 615 4334 A.B.C.
731 4276 796 4333 1).
968 4263 1030 4332 Ε.
1179 4271 1238 4331 F.
1389 4275 1451 4329 c.

1476 4380 1532 4420 8..

281 4475 338 4515 a.
483 4456 554 4534 .b.
667 4473 717 4512 c.
831 4454 890 4511 d.
1077 4470 1137 4534 e._
1241 4453 1281 4510 f.
1387 4468 1531 4530 g.a.

173 4551 255 4604 la.
291 4563 381 4603 re.
413 4529 515 4601 mi.
545 4545 617 4615 fa
647 4551 730 4599 ut.
757 4545 862 4600 sol.
899 4559 982 4600 re.
1016 4527 1100 4599 mi
1126 4527 1205 4599 ia.
1227 4542 1318 4613 fa.
1353 4527 1440 4598 sol
1469 4543 1549 4599 ια.
1773 4610 1778 4614 ,

169 4624 453 4707 Namque
477 4633 606 4690 aliae
637 4633 915 4706 septenae,
944 4649 1080 4706 qum
1104 4629 1439 4705 Sequuntur
1464 4635 1693 4705 postea,

171 4731 304 4783 Non
338 4721 480 4779 sunt
509 4715 659 4790 aliae,
701 4723 805 4778 sed
836 4737 955 4779 una
985 4721 1346 4795 replicantur
1365 4719 1589 4792 regula.

174 4816 330 4882 Quia
363 4825 604 4880 vocUm,
637 4817 697 4869 ut
727 4812 981 4876 dierum,
1007 4814 1174 4884 reque
1192 4810 1256 4867 fit
1276 4809 1682 4867 hebdomada.

176 4907 343 4978 Quas
376 4904 445 4971 si,
478 4904 629 4958 sicut
650 4901 993 4969 audiuntur,
1022 4901 1112 4956 vis
1135 4897 1332 4956 videre
1363 4899 1571 4968 oculis,

177 4986 289 5050 Ore
319 4991 559 5048 interim
590 4991 814 5059 silente,
848 4989 1144 5046 manualis
1171 4989 1366 5062 operis

179 5067 621 5168 Argumentum
645 5069 754 5136 ﬁat
783 5079 953 5134 certis
974 5063 1294 5133 difﬁnitum
1321 5078 1587 5134 numeris
1611 5065 1745 5150 (ἓξ).

182 5161 219 5223 Γ
242 5161 508 5228 ’ϐδωωει
538 5186 803 5242 graecum
832 5169 1079 5242 quidam
1109 5172 1344 5242 ponunt
1395 5172 1531 5246 ante
1583 5168 1844 5243 primam

1475 5253 1772 5332 Uitteram,

1877 3115 1916 3168 Β
1946 3112 2130 3183 Aque
2161 3101 2445 3182 passibus
2476 3106 2727 3184 partitur
2751 3127 2972 3168 novem
2999 3109 3124 3169 tota
3151 3106 3330 3170 linea.

1950 3191 2060 3257 Ubi
2089 3189 2322 3273 primus
2359 3217 2580 3274 passus
2610 3199 2758 3271 ﬁnit,
2782 3200 2979 3274 prima
3009 3196 3118 3258 erit
3145 3196 3358 3258 littera.

1948 3289 2119 3347 Modo
2151 3283 2327 3345 simili
2358 3306 2393 3345 a
2422 3289 2618 3362 prima
2643 3307 2862 3363 passus
2893 3285 3041 3346 ﬁant
3066 3285 3333 3346 totidem.

1948 3373 2015 3436 Et
2047 3374 2323 3435 secundae
2354 3371 2522 3435 locus
2554 3383 2716 3453 patet
2742 3375 3088 3453 supradicto
3119 3373 3329 3434 ordine
3363 3398 3374 3434 :

1949 3472 2142 3537 Quam
2161 3467 2546 3526 concordiam
2572 3486 2863 3527 sonorum
2895 3471 3102 3524 tonum
3135 3461 3344 3524 dicunt
3371 3466 3605 3525 musici.

2020 3562 2247 3616 Rursus
2277 3555 2463 3617 totam
2491 3561 2761 3619 Gammaa
2794 3554 3084 3617 chOrdam
3112 3553 3312 3616 divide
3343 3575 3448 3632 per
3464 3575 3610 3633 qua-

3359 3651 3532 3722 [tuor,

1946 3729 2136 3799 Tertia
2161 3735 2472 3796 confestim
2501 3747 2675 3800 canet
2706 3733 2986 3798 secundae
3016 3734 3282 3812 vicinior,

1947 3825 2265 3887 Tantillum
2292 3821 2530 3885 duobus
2562 3825 2720 3888 tonis
2745 3827 2881 3903 plus
2915 3830 2998 3885 est
3025 3824 3400 3886 diatessaron

1952 3915 2344 3978 Semitonium
2382 3921 2632 3974 vocatur
2663 3915 2864 3992 ipsum
2895 3913 3072 3974 breve
3105 3913 3386 3990 Spatium,

1948 4013 2148 4066 Tonus
2174 4023 2317 4064 vero
2347 4012 2454 4077 est,
2477 4024 2660 4081 quem
2684 4003 2824 4064 facit
2844 4024 3057 4063 norma
3078 4023 3296 4063 novem
3318 4008 3598 4080 partium.

1951 4102 2028 4154 De
2051 4095 2357 4169 quaternis
2389 4088 2572 4151 habet
2601 4091 2974 4152 diatessaron
3006 4091 3388 4156 vocabulum.

1948 4176 2063 4261 lpsi
2083 4190 2259 4241 tonus
2287 4185 2334 4240 si
2361 4182 2636 4252 addatur,
2669 4183 2946 4258 diapente
2969 4181 3172 4257 oritur,

1952 4267 2125 4342 Quod
2181 4269 2254 4330 de
2295 4266 2564 4348 quinque
2619 4290 2844 4331 nomen
2901 4273 3173 4334 Graecum
3225 4272 3286 4334 in
3333 4277 3604 4335 Latinum

3246 4368 3531 4440 [vertitur.

1878 4474 1918 4530 ρ
1948 4458 2097 4512 Nam
2120 4454 2167 4510 si
2180 4470 2394 4528 passus
2415 4457 2610 4512 ternos
2627 4446 2785 4523 facit,
2801 4454 3068 4530 quinque
3087 4462 3319 4515 constat
3332 4457 3600 4514 vocibus.

1949 4544 2090 4600 Inde
2119 4543 2315 4618 prima
2341 4539 2510 4602 dabit
2539 4550 2788 4619 quartae,
2820 4547 3126 4620 quaternis
3151 4546 3458 4617 indicium,

1951 4638 2018 4690 Et
2042 4632 2307 4692 secunda
2338 4627 2515 4691 servit
2541 4635 2761 4708 quintae
2784 4653 2891 4709 per
2929 4635 3211 4692 eumdem
3259 4650 3602 4693 numerum.

1949 4725 2139 4782 Tertia
2169 4725 2451 4782 conducit
2481 4729 2730 4793 sextam,
2762 4742 2957 4798 neque
2984 4730 3176 4782 mutat
3203 4725 3522 4795 calculum,

1953 4817 2144 4872 Causa
2176 4815 2442 4888 septima:
2473 4830 2509 4871 a
2540 4818 2790 4871 Gamma
2817 4816 2925 4886 ('23,)
2951 4814 3043 4870 fac
3097 4815 3275 4871 totius
3312 4813 3604 4881 medium,

1950 4909 2110 4962 Tunc
2135 4923 2168 4962 a
2208 4905 2406 4978 prima
2435 4905 2516 4960 sic
2570 4909 2782 4962 octava
2831 4905 3030 4960 locum
3064 4905 3246 4960 sumit
3267 4903 3602 4978 proprium.

1943 4985 2072 5050 imo
2101 4986 2299 5068 prima
2328 4988 2393 5049 ﬁt
2419 5010 2454 5049 a
2480 4992 2695 5065 prima,
2728 5009 2923 5066 neque
2953 4995 3143 5048 mutat
3189 5008 3530 5049 numerum.

1954 5073 2044 5139 Sic
2073 5081 2336 5139 secunda
2366 5071 2468 5137 dat
2496 5081 2848 5147 secundam,
2881 5081 3166 5154 tertiaque
3193 5081 3447 5152 tertiam,

1954 5171 2175 5240 Quarta
2203 5175 2501 5246 quartam,
2531 5171 2742 5245 quinta
2789 5172 3084 5245 quintam,
3125 5189 3390 5248 quasque
3434 5190 3607 5232 suam

3201 5263 3534 5336 [littch

256 5423 369 5495 (22)
591 5423 659 5494 (f.
692 5419 884 5493 cujus)
938 5417 1093 5478 clare
1139 5421 1344 5495 parvis
1387 5421 1634 5496 pateant
1678 5423 1944 5500 puerulis
1989 5431 2123 5500 quae
2161 5429 2456 5481 vocamus
2496 5423 2580 5480 sic
2623 5424 2957 5504 primarum
2985 5395 3316 5487 litterarum
3345 5425 3608 5507 spatium

188 5495 673 5639 “ligati-35am
700 5567 850 5638 eius.
