3980 6176
318 178 320 180 -
396 149 501 224 407

398 269 684 326 Gravium
705 274 945 328 acutam
978 271 1176 342 signat
1200 287 1308 344 per
1337 273 1616 330 eamdem
1646 274 1924 344 litteram,

397 359 567 415 Vocis
597 359 806 431 primae
834 359 914 415 ad
939 363 1217 417 octavam
1243 362 1336 418 vel
1359 363 1638 420 eamdem
1668 364 1943 421 litteram.

400 450 518 503 Hoc
552 447 940 504 concordiam
970 464 1259 506 sonorum
1290 451 1588 524 diapason
1621 455 1955 522 nominant,

401 537 582 608 Cujus
629 552 853 593 nomen
910 542 999 594 est
1045 539 1120 596 de
1180 541 1408 597 cunctis
1466 543 1823 599 translatum
1865 543 1942 600 ad
1965 543 2057 600 lit-

1753 634 1984 703 [teram,

399 716 619 771 Omnes
645 715 790 789 quia
818 716 1002 773 habet
1027 733 1227 784 voces,
1255 718 1348 775 vel
1375 719 1518 792 quia
1554 725 1740 777 totam
1765 720 1987 778 lineam

397 807 505 860 Per
528 805 682 862 duos
711 806 966 878 partitur
984 823 1201 880 passus
1236 807 1298 864 in
1321 809 1602 866 eamdem
1627 811 1881 866 litteram

399 897 482 951 Ea
508 894 725 968 bisque
746 897 1050 967 geminata
1073 899 1556 955 monochordum
1584 900 1877 956 terminat.

399 984 672 1056 Quinque
699 985 880 1042 habet
908 987 1040 1059 ipsa
1063 991 1260 1058 tonos,
1287 988 1410 1043 duo
1439 989 1770 1045 semitonia.

401 1073 592 1129 Habet
618 1075 679 1128 in
709 1091 771 1130 se
795 1075 1098 1148 diapente,
1131 1080 1310 1148 atque
1341 1076 1735 1134 diatessaron.

400 1163 656 1218 Maxima
687 1164 1192 1235 symphoniarum
1217 1167 1272 1220 et
1299 1182 1519 1221 vocum
1550 1171 1606 1223 et
1627 1168 1843 1223 unitas.

399 1252 591 1319 Miror,
624 1257 884 1324 quatuor
905 1253 1210 1325 quosdam
1241 1253 1448 1310 fecisse
1477 1256 1652 1327 signa
1681 1257 1950 1325 vocibus,

403 1340 582 1404 Quasi
614 1339 839 1412 quintae
869 1341 986 1397 sint
1012 1342 1261 1414 eaedem,
1293 1360 1556 1416 quarum
1571 1346 1857 1418 quaedam
1876 1346 2062 1402 disso-

1797 1437 1983 1507 [nant.

405 1516 715 1588 Quaedam,
748 1519 1029 1592 quamvis
1059 1521 1174 1578 sint
1203 1521 1433 1591 afﬁnes,
1465 1539 1589 1580 non
1630 1525 1885 1598 perfecte
1916 1541 2060 1582 con-

1732 1615 1988 1686 [sonant.

892 1681 1042 1736 Item
1067 1681 1140 1737 de
1164 1683 1572 1754 divisionibus,

405 1771 549 1823 Item
576 1767 830 1825 Gamma
859 1769 934 1825 de
959 1771 1212 1827 novenis
1241 1773 1546 1843 passibus,
1573 1791 1726 1847 quos
1778 1775 2060 1845 diximus,

409 1857 568 1914 Sicut
595 1858 856 1930 primam
883 1876 1099 1932 passus
1125 1861 1376 1934 primus,
1401 1863 1484 1918 sic
1513 1864 1618 1921 dat
1645 1871 1925 1937 quartam
1947 1871 2061 1923 ter-

1831 1955 1986 2027 [tius,

406 2034 665 2092 Primam
696 2037 964 2110 quintus,
995 2043 1272 2112 quartam
1304 2047 1524 2110 sextus,
1557 2044 1819 2116 primam
1857 2063 2062 2102 rursus

1654 2135 1988 2208 [septimus

407 2212 617 2269 Prima:
637 2230 878 2289 quoque
907 2232 1127 2289 passus
1153 2218 1383 2290 primus
1405 2225 1470 2276 ut
1489 2223 1821 2281 secundam
1842 2225 2062 2294 statuit,

412 2301 504 2358 Sic
529 2307 586 2359 et
615 2304 817 2359 tertius
847 2305 907 2360 in
930 2306 1140 2378 quinta
1167 2308 1353 2363 ﬁnem
1383 2327 1560 2366 suum
1588 2313 1882 2371 terminat.

413 2391 662 2457 Quintus
688 2393 851 2449 idem
876 2394 978 2451 dat
1001 2397 1353 2467 secundam,
1398 2405 1598 2456 sextus
1654 2403 1929 2475 quintam
1980 2421 2068 2461 re-

1791 2498 1992 2551 novat.

1791 2498 1992 2551 novat.

418 2568 650 2624 Primus
690 2586 934 2644 quoque
993 2573 1066 2629 de
1100 2576 1407 2646 quaternis
1447 2581 1713 2636 Gammae
1748 2494 1918 2638 dictis
1933 2599 2068 2656 pas-

1811 2671 1997 2742 [sibus

414 2747 575 2805 Sicut
621 2749 854 2806 tertiam
889 2751 1285 2823 demonstrat,
1314 2755 1396 2811 sio
1410 2758 1709 2814 secundus
1727 2760 2066 2833 septimam.

411 2837 636 2892 Tertius
658 2837 938 2894 eamdem
971 2839 1167 2910 signat
1198 2841 1556 2913 triplicatam
1586 2847 1922 2918 septimam.

412 2925 665 2982 Tertiam
690 2942 935 2999 quoque
966 2929 1347 3000 quadrando,
1379 2937 1444 2988 ut
1475 2917 1706 2990 sextam
1755 2936 2046 2995 efﬁcimus

418 3013 509 3068 Sic
539 3030 683 3069 mox
710 3014 896 3070 altero
919 3015 981 3071 in
1007 3032 1197 3088 passu
1227 3020 1458 3077 tertiam
1486 3023 1888 3099 rescribimus,

365 3149 370 3152 .
415 3103 603 3165 Quam
618 3103 977 3176 quadrando
987 3122 1193 3162 rursus
1205 3114 1430 3166 sextam
1446 3111 1695 3169 alteram
1707 3116 2068 3186 perlicimus.

419 3193 698 3266 Sunt,qui
722 3193 956 3251 addunt
984 3196 1046 3252 in
1105 3197 1324 3270 acutisj
1338 3205 1478 3256 uxta
1494 3202 1756 3274 primam
1777 3205 2066 3264 litteram:

416 3282 530 3338 Sed
561 3283 844 3354 Gregorio
872 3300 997 3341 non
1024 3286 1219 3359 placet
1249 3290 1405 3345 Patri
1433 3291 1563 3348 haec
1592 3292 1854 3351 lascivia.

411 3374 484 3428 At
511 3373 788 3429 moderni
814 3375 1116 3448 sapientes
1149 3377 1305 3432 hanc
1331 3393 1528 3451 neque
1572 3386 2068 3439 commemorant.

414 3461 701 3525 Quamvis
730 3477 872 3531 ergo
899 3463 1063 3536 apud
1094 3465 1396 3535 quosdam
1420 3467 1554 3540 ipsa
1572 3468 1677 3524 ﬁat
1699 3469 1935 3542 vocula,

413 3549 592 3619 Apud
621 3549 842 3605 multos
873 3555 1073 3607 tamen
1098 3553 1231 3623 jure
1261 3555 1477 3611 dicitur
1496 3559 1820 3629 superﬂua.

411 3633 609 3692 Altera
633 3652 777 3693 vero
807 3638 1075 3696 secunda
1099 3656 1338 3714 semper
1369 3648 1457 3699 est
1487 3647 1848 3704 authentica.

412 3726 562 3780 Nota
587 3729 778 3797 caute,
811 3742 1024 3783 omnes
1049 3729 1173 3784 toni
1203 3745 1422 3788 novem
1451 3732 1603 3791 ﬁunt
1629 3737 1936 3809 passibus,

411 3812 794 3871 Diatessaron
822 3816 1152 3890 quaternis,
1186 3819 1337 3876 sicut
1363 3838 1545 3895 supra
1569 3824 1854 3895 diximus,

412 3900 696 3975 Diapente
728 3919 964 3977 semper
988 3905 1198 3975 tribus,
1238 3909 1535 3982 Diapason
1565 3912 1829 3970 duobus.

412 3994 531 4048 Isto
557 3992 741 4048 modo
770 3994 1256 4053 monochordum
1285 3997 1457 4055 facile
1478 4005 1566 4056 est
1588 4001 1735 4058 ﬁeri.

411 4084 484 4136 At
513 4081 564 4135 si
584 4081 868 4152 cymbala
891 4082 1230 4142 formantur
1257 4088 1628 4145 musicorum
1657 4107 1856 4164 opere,

414 4168 514 4222 Hae
538 4179 840 4226 mensurae
869 4177 1009 4228 sunt
1036 4175 1318 4232 cavendzn
1374 4179 1636 4236 maxime
1664 4180 1725 4236 in
1781 4184 2067 4255 pondere.

415 4254 513 4310 His
533 4258 832 4314 mensuris
861 4268 1290 4333 comparantur
1321 4272 1378 4322 et
1405 4283 1629 4325 canora
1659 4254 1908 4342 organa,

416 4342 483 4396 Et
509 4357 885 4418 quaecunque
929 4347 1036 4404 rite
1064 4350 1218 4408 ﬁunt
1242 4355 1611 4414 musicorum
1637 4360 1900 4417 vascula.

416 4430 512 4487 His
538 4435 838 4490 mensuris
870 4439 990 4494 Deo
1023 4441 1184 4497 canit
1203 4445 1327 4499 tota
1349 4460 1511 4502 nunc
1541 4449 1820 4507 Ecclesia.

525 4523 731 4578 Omnis
753 4539 868 4580 vox
898 4529 1178 4596 secundae
1205 4531 1316 4588 sibi
1339 4532 1612 4605 jungitur
1639 4543 1697 4594 et
1725 4539 1928 4612 tertiae,

413 4613 645 4677 Quam
667 4629 808 4670 vero
838 4620 1018 4689 atque
1042 4619 1267 4690 quintae
1297 4637 1420 4678 non
1444 4625 1782 4697 junguntur
1801 4630 1966 4688 aliter

383 4699 531 4757 ‘Nisi
561 4701 938 4761 diatessaron
969 4705 1042 4762 sit
1066 4707 1148 4763 ibi
1179 4709 1274 4764 vel
1304 4711 1604 4785 diapente.

412 4791 575 4847 Tono
609 4792 997 4850 semitoniove
1024 4813 1144 4852 vox
1174 4801 1452 4858 secundae
1475 4804 1764 4876 jungitur,

411 4879 660 4936 Ditonus
689 4898 828 4940 vero
855 4888 914 4940 et
930 4886 1322 4945 semiditonus
1347 4893 1676 4952 vocabitur.

415 4968 612 5061 Siqua
634 4988 776 5030 vero
797 4990 917 5031 vox
932 4974 1087 5032 ultra
1108 4981 1439 5038 secundam
1456 4985 1688 5042 tertiam
1705 4987 2068 5061 adgreditur,

413 5057 793 5151 Piatessaron
817 5064 1094 5136 habetur,
1124 5084 1260 5126 cum
1319 5072 1397 5127 ad
1427 5079 1709 5147 quartam
1754 5057 2024 5148 graditur

413 5145 1136 5242 Piapente‘nominamur,
1170 5161 1394 5233 quintae
1423 5145 1564 5221 cum
1595 5145 1995 5242 conjungitur.

412 5233 534 5290 Nisi
558 5238 821 5296 motibus
840 5242 936 5298 his
959 5247 1115 5302 senis
1135 5248 1303 5308 nulla
1330 5267 1450 5308 vox
1478 5233 1835 5314 movebitur:

416 5323 622 5380 Omnis
651 5341 794 5397 ergo
823 5332 1120 5392 cantilena
1145 5338 1290 5410 quia
1317 5340 1411 5396 his
1442 5341 1720 5417 eﬂicitur,’

413 5414 620 5470 Moneo
644 5417 716 5483 te,
741 5419 1006 5488 prudens
1033 5429 1260 5496 cantor,
1292 5429 1405 5486 hos
1430 5433 1685 5505 perfecte
1698 5414 1934 5496 discere
1959 5457 1971 5494 :

412 5505 561 5560 Nam
590 5505 695 5578 qui
723 5506 833 5564 hos
863 5509 1036 5581 plene
1063 5520 1390 5594 cognoscit,
1421 5523 1502 5580 nil
1530 5525 1592 5582 in
1614 5531 1794 5585 cantu
1813 5528 2065 5586 dubitat.

422 5613 689 5696 δηξωβ.
721 5615 962 5674 durum.

1779 152 2122 210 'GUIDONIS
2159 156 2438 215 ARETINI

3711 174 3820 230 408

2365 283 2508 350 Quce
2529 301 2694 344 voces
2721 289 2950 346 elevari
2973 292 3067 347 vel
3090 294 3344 362 gravari
3361 297 3611 362 possint.

2164 371 2316 440 Ergo
2343 377 2556 444 quater
2593 375 2812 446 elevari
2836 377 2928 433 vel
2955 380 3190 449 gravari
3221 387 3501 454 poterunt

2164 459 2378 528 Prima,
2408 463 2580 520 tertia
2610 469 2667 520 et
2692 455 2926 538 quarta,
2959 469 3169 542 quinta
3196 475 3375 544 atque
3402 472 3695 545 septima;

2168 549 2354 606 Sextaa
2379 568 2523 609 vero
2548 557 2605 609 et
2632 555 2910 612 secundm
2931 573 3055 614 non
3079 562 3167 615 est
3191 559 3318 616 haec
3345 560 3603 619 licentia.

2167 639 2317 694 Nam
2346 641 2613 698 secunda
2641 644 2720 699 ad
2749 645 3144 719 subquartam
3173 648 3420 707 minime
3450 651 3820 722 gravabitur,

2167 730 2358 800 Atque
2383 746 2576 804 usque
2616 749 2796 806 super
2823 735 3095 807 quintam
3115 753 3432 811 nunquam
3469 739 3821 798 elevabitur.

2172 817 2589 890 Superquartae
2611 825 2668 877 et
2695 821 3035 895 subquintte
3068 829 3234 882 sexta
3261 842 3386 883 non
3417 828 3823 900 conjungitur.

2585 911 2673 967 De
2700 927 2907 969 vocum
2939 915 3400 973 discriminibus.

2172 995 2494 1054 Semitonia
2513 1003 2571 1056 et
2598 1001 2742 1070 toni,
2770 1002 2915 1074 quia
2943 1003 3307 1061 dissimiliter

2167 1085 2404 1156 Septem
2437 1088 2598 1143 sonis
2630 1095 3004 1163 coaptantur,
3038 1099 3264 1167 septem
3298 1096 3825 1165 suntdiscrimina,

2171 1173 2240 1228 Ut
2268 1173 2489 1230 nullius
2509 1178 2674 1233 vocis
2707 1195 2890 1236 sonus
2919 1182 3080 1238 idem
3108 1183 3178 1239 sit
3205 1183 3264 1238 in
3297 1184 3499 1242 altera.

2168 1261 2425 1318 Vocibus
2455 1269 2659 1322 tamen
2689 1269 2750 1324 in
2777 1275 3005 1342 septem
3031 1272 3314 1344 quaedam
3362 1279 3450 1330 est
3477 1275 3826 1331 concordia.

2171 1351 2338 1424 Saepe
2369 1354 2550 1426 enim,
2584 1357 2631 1412 si
2667 1375 2791 1415 non
2822 1376 3077 1434 semper,
3109 1362 3323 1419 eadem
3351 1364 3683 1437 antiphona

2169 1440 2420 1498 Diversis
2441 1449 2715 1504 cantatur
2735 1449 2917 1520 sonis,
2945 1467 3056 1507 nec
3084 1457 3278 1508 mutat
3300 1454 3701 1511 harmoniam.

2573 1556 2661 1611 De
2688 1563 2949 1628 quatuor
2975 1560 3163 1616 modis
3193 1576 3421 1617 vocum.

2095 1666 2135 1718 Β
2172 1640 2393 1712 Nempe
2413 1646 2673 1713 quatuor
2699 1649 2838 1701 sunt
2865 1646 3030 1702 modi
3051 1647 3112 1703 in
3138 1649 3396 1721 septenis
3434 1649 3688 1717 voculis,

2171 1729 2381 1798 Magna
2411 1745 2554 1786 cura
2582 1735 2984 1804 cognoscendi
3017 1753 3030 1792 ε
3059 1753 3213 1810 quos
3252 1739 3593 1795 Graecorum
3617 1739 3831 1810 regula

2171 1819 2438 1889 Protum,
2483 1820 3122 1894 deuterum,tritum,ac
3150 1828 3477 1884 tetrardum
3500 1830 3781 1886 nominat
3813 1849 3825 1886 :

2171 1908 2380 1962 Protus
2408 1909 2664 1981 primus,
2697 1917 2754 1968 et
2782 1915 3083 1970 secundus
3128 1916 3472 1973 nominatur
3520 1918 3828 1989 deuterus,

2171 1997 2361 2052 Tritus
2394 1999 2596 2055 tertius
2621 2006 2888 2070 vocatur,
2922 2009 3173 2076 quartus
3203 2022 3344 2062 vero
3364 2007 3680 2075 tetrardus,

2174 2085 2504 2144 Ordinatim
2530 2089 2931 2163 disponuntur
2950 2093 3144 2150 taliter
3165 2094 3227 2150 in
3251 2095 3519 2153 vocibus.

2336 2194 2425 2249 De
2464 2195 2779 2254 Vicinitate
2800 2213 3005 2255 vocum
3034 2216 3148 2270 per
3172 2207 3434 2272 quatuor
3455 2203 3654 2259 modos

2175 2283 2446 2354 Namque
2488 2284 2685 2356 prima
2743 2303 2860 2343 vox
2911 2293 2969 2345 et
3004 2295 3219 2362 quarta
3274 2291 3529 2363 primum
3567 2292 3832 2349 modum

3404 2381 3712 2452 [exhibent
3743 2401 3758 2450 ;

2173 2463 2245 2516 At
2274 2461 2604 2519 secundam
2631 2463 2735 2521 dat
2763 2467 3048 2536 secunda,
3077 2474 3256 2542 atque
3277 2470 3487 2542 quinta
3514 2471 3758 2545 pariter.

2176 2550 2364 2608 Tertia
2390 2552 2606 2610 collata
2632 2559 2810 2611 sexta:
2837 2572 2995 2630 saepe
3021 2562 3222 2614 cantat
3248 2559 3480 2616 eadem.

2179 2641 2469 2706 Quartum
2497 2643 2750 2700 modum
2777 2645 2871 2701 his
2901 2646 3177 2718 adjungit
3205 2648 3522 2720 singularis
3556 2651 3837 2723 septima,

2180 2731 2321 2795 Quae
2343 2736 2545 2802 tamen
2573 2733 2635 2788 in
2655 2733 2946 2793 elevando
2978 2743 3152 2794 sonat
3177 2739 3327 2796 sicut
3355 2739 3545 2807 tertia,

2180 2820 2606 2879 Deseendendo
2638 2823 2750 2878 sibi
2778 2830 3056 2897 quartam
3082 2827 3356 2900 perhibet
3381 2828 3777 2886 sororculam.

2359 2929 2446 2984 De
2473 2931 2866 2988 similitudine
2898 2935 3056 2990 vocis
3076 2937 3294 3004 prima:
3327 2942 3382 2992 et
3410 2938 3656 3009 quintae.

2053 2983 2065 2996 ο
2107 3013 2146 3068 C
2180 3017 2278 3071 Est
2296 2983 2984 3091 praeter-prima
3001 2983 3176 3078 valde
3201 2983 3670 3096 quintajsimilis,

2183 3105 2295 3162 Sed
2325 3104 2384 3160 in
2411 3104 2772 3178 deponendo
2792 3112 3022 3164 tantum
3053 3128 3064 3178 ;
3096 3126 3359 3184 namque
3390 3112 3440 3166 si
3467 3112 3772 3168 notaveris

2185 3192 2510 3250 Semitonia
2540 3198 2596 3250 et
2627 3199 2820 3264 tonos,
2843 3197 2978 3266 hoc,
3002 3203 3067 3254 ut
3095 3199 3288 3267 audis,
3310 3200 3545 3257 videris.

2183 3281 2441 3354 Reliquae
2468 3283 2596 3354 jam
2630 3300 2766 3341 vero
2795 3302 2973 3342 voces
3000 3287 3112 3342 sibi
3142 3287 3313 3344 valde
3343 3288 3657 3361 dissident,

2185 3372 2367 3428 Suam
2386 3389 2646 3446 quaeque
2674 3375 2814 3431 facit
2842 3391 3128 3432 neumam
3159 3377 3327 3434 alteri
3354 3378 3732 3446 dissimilem,

2181 3463 2381 3532 Neque
2411 3478 2536 3517 suae
2563 3463 2720 3519 sedis
2741 3463 2944 3520 locum
2973 3465 3077 3522 dat
3095 3482 3332 3523 neumae
3361 3475 3678 3526 extraneae.

2313 3571 2462 3625 Item
2495 3573 2568 3628 de
2596 3579 2858 3644 quatuor
2888 3578 3073 3645 tropis
3104 3577 3167 3632 in
3195 3583 3324 3633 octo
3353 3578 3702 3649 dispertitis.

2179 3661 2334 3713 Aure
2366 3663 2564 3715 tamen
2597 3662 2854 3734 curiosa,
2882 3663 3057 3720 valde
3088 3665 3194 3720 erit
3214 3666 3374 3731 utile,

2184 3746 2238 3804 Si
2263 3747 2540 3804 advertas
2572 3756 2629 3806 et
2658 3767 3010 3822 cognoscas,
3039 3753 3356 3812 harmonia
3380 3756 3635 3829 qualiter

2183 3838 2448 3903 Quatuor
2477 3846 2728 3897 canatur
2756 3842 2953 3898 modis
2985 3845 3403 3902 transformata
3426 3846 3574 3902 facie
3607 3864 3620 3901 :

2183 3926 2448 3991 Quatuor
2478 3944 2550 3984 ex
2574 3929 2798 4002 quibus
2829 3931 3026 3987 modis
3047 3937 3181 3989 octo
3207 3934 3420 3990 dehinc
3441 3935 3720 4005 facimus,

2183 4014 2334 4080 Quia
2355 4017 2564 4085 gravia
2592 4022 2649 4074 et
2675 4017 2796 4076 alta
2825 4021 3058 4078 cantica
3087 4022 3504 4095 discernimus,

2179 4105 2328 4161 Cum
2360 4106 2677 4162 authentos
2709 4112 2889 4182 atque
2910 4109 3121 4183 plagas
3145 4128 3312 4168 more
3329 4114 3531 4169 Graeco
3553 4113 3849 4171 diximus.

2557 4198 2703 4252 Item
2735 4199 2809 4255 de
2836 4200 3139 4257 aut/tentis
3166 4209 3222 4258 et
3242 4205 3466 4274 plagis.

2179 4283 2291 4339 Alti
2320 4289 2530 4340 cantus
2559 4290 2699 4342 sunt
2727 4287 3018 4357 authenti,
3051 4304 3264 4359 graves
3283 4291 3496 4365 plagas
3520 4295 3858 4351 nominant

2104 4351 2147 4405 D
2181 4375 2455 4447 Dumque
2483 4379 2747 4448 quatuor
2775 4376 2837 4432 in
2867 4351 3021 4432 tonis
3052 4351 3189 4436 vhoc
3243 4351 3570 4455 utrumque
3611 4398 3856 4456 suppu-

3595 4472 3774 4542 [tant,

2181 4553 2323 4608 Octo
2342 4551 2632 4609 formulas
2657 4556 2939 4612 tonorum
2969 4556 3059 4612 vel
3088 4557 3410 4614 modorum
3438 4559 3732 4617 indicant.

2179 4641 2387 4695 Protus
2405 4645 2497 4696 est
2517 4641 2840 4698 authentus
2857 4644 3110 4716 primus,
3134 4646 3327 4718 plagis
3341 4649 3498 4721 proti
3513 4650 3856 4718 secundus,

2180 4728 2506 4784 Deutherus
2523 4729 2842 4786 authentus
2869 4737 3084 4805 exstat,
3103 4735 3339 4791 tertium
3356 4752 3540 4809 quem
3555 4737 3856 4795 dicimus.

2181 4817 2435 4882 Quartus
2465 4819 2572 4874 erit
2596 4818 2792 4891 plagis
2823 4822 2974 4892 ejus,
3005 4822 3213 4880 ordine
3242 4825 3346 4898 qui
3373 4827 3666 4900 sequitur.

2179 4907 2426 4973 Quintus
2453 4913 2542 4964 est
2568 4909 2890 4967 authentus
2920 4913 3109 4982 tritus,
3167 4920 3378 4971 sextus
3418 4922 3476 4972 et
3510 4916 3712 4990 plagis
3758 4919 3862 4992 ip-

3595 5005 3783 5078 [sius.

2178 5085 2326 5142 Hinc
2356 5086 2675 5144 authentus
2706 5093 2797 5144 est
2823 5091 3138 5160 tetrardus,
3171 5108 3354 5164 quem
3382 5110 3676 5150 vocamus
3709 5113 3868 5170 sep-

3505 5184 3784 5256 [timum.

2176 5263 2366 5336 Plagis
2389 5265 2631 5322 tetrardi
2655 5269 2924 5338 octavus,
2958 5269 3281 5343 septimum
3311 5271 3416 5344 qui
3449 5276 3748 5346 sequitur.

2179 5354 2446 5419 Quorum
2478 5355 2601 5412 duo
2630 5370 2818 5412 unam
2841 5373 3048 5414 vocem
3079 5364 3298 5428 tenent,
3328 5365 3393 5417 ut
3422 5361 3866 5436 praediximus,

2178 5441 2328 5508 Quia
2357 5459 2577 5500 vocum
2596 5444 2658 5501 in
2687 5449 2904 5503 natura
2934 5453 3194 5520 quatuor
3214 5453 3352 5506 sunt
3373 5449 3595 5523 verius,

2179 5532 2340 5597 Quos
2363 5533 2410 5589 si
2433 5534 2614 5607 sapis,
2639 5535 2754 5592 hac
2783 5535 2846 5592 in
2875 5540 3000 5594 arte
3029 5537 3178 5595 nihil
3206 5542 3294 5596 est
3322 5539 3546 5597 utilius.
