3980 6176
258 167 349 221 409
1008 144 1012 148 ’
1408 171 1706 228 REGULE
1741 173 2016 232 ausum
2053 177 2495 237 narramus.

3556 191 3664 246 MO

786 425 897 480 VII.
977 429 1016 480 l.
1097 430 1185 482 IlI.
1264 428 1326 483 V.
1405 432 1445 484 I.
1525 431 1614 485 Ill.
1692 431 1754 485 V.
1835 432 1944 486 VII.
2023 434 2062 486 Ι.
2141 436 2230 490 ΙΙΙ.
2307 439 2370 491 ν.
2448 441 2489 494 Ι.
2569 442 2656 494 lli.
2735 442 2798 496 V.
2877 443 2989 496 Vll.
3068 444 3106 496 Ι.

836 527 891 577 Γ.
969 527 1035 579 Α.
1113 527 1172 580 Β.
1260 528 1318 583 C.
1399 529 1462 582 D.
1542 530 1602 584 E.
1693 528 1754 583 F.

1868 529 1932 584 G.
2019 545 2056 585 θ,
2158 530 2369 606 b(24)c.
2444 535 2486 591 d
2559 552 2590 592 e
2737 537 2763 592 f
2903 553 2943 608 g

3087 510 3304 561 abcd

3087 573 3323 624 abcd°

785 621 918 676 Vlll.
961 624 1027 677 11.
1071 625 1184 679 1111.
1226 625 1313 680 VI.
1393 628 1455 680 11.
1501 629 1614 681 1111.
1657 628 1743 681 v1.
1787 628 1924 682 v111.
1967 629 2032 682 11.
2113 632 2223 686 1111.
2301 634 2386 688 v1.
2431 637 2492 689 11.
2538 638 2651 692 1111.
2729 638 2816 691 v1.
2859 638 2996 692 Vlll.
3077 621 3140 693 11.

838 893 926 948 De
951 893 1288 952 Finalibus.

244 991 527 1055 Quamvis
556 1009 768 1049 omnes
792 1011 970 1052 voces
987 1001 1200 1054 cantus
1215 1003 1396 1072 atque
1417 1001 1635 1057 modos
1655 1003 1896 1072 habeat,

241 1079 381 1150 Ejus
415 1084 616 1137 tamen
640 1082 748 1138 erit
774 1085 960 1150 modi,
992 1103 1176 1159 quem
1203 1087 1402 1146 ﬁnalis
1453 1096 1717 1147 resonat.

239 1170 389 1224 Nam
419 1169 496 1224 ab
522 1170 651 1243 ipso
676 1173 860 1229 sumit
880 1190 1183 1243 normam,
1214 1178 1468 1250 qualiter
1495 1195 1556 1234 se
1586 1179 1823 1235 habeat.

236 1257 456 1313 Vocem
481 1264 761 1331 quartam
788 1267 967 1336 atque
997 1266 1292 1337 quintam,
1326 1274 1556 1324 sextam
1603 1273 1782 1341 atque
1805 1284 1896 1324 se-

1553 1357 1826 1430 [ptimam

236 1435 467 1492 Finales
492 1438 810 1496 habemus.
842 1441 1000 1498 Multi
1026 1443 1154 1499 sine
1184 1444 1515 1503 differentia

236 1526 611 1601 Ubicumque
641 1535 876 1602 ponunt
899 1531 1050 1588 ﬁnes
1080 1534 1230 1591 sicut
1249 1540 1304 1591 et
1331 1536 1644 1610 principia.

234 1614 469 1689 Quique
500 1625 711 1674 cantus
750 1620 829 1675 ad
858 1625 1101 1677 octavas
1141 1622 1289 1679 fallit
1313 1625 1678 1694 regulariter,

234 1705 305 1758 Et
325 1710 386 1760 at
409 1706 651 1778 quintas
683 1724 720 1763 a
748 1709 916 1766 ﬁnali
944 1713 1158 1784 poterit
1185 1712 1564 1783 descendere,

233 1790 497 1852 Quando
535 1795 712 1867 plage
744 1803 802 1853 et
829 1801 1126 1856 authentis
1173 1818 1295 1858 non
1326 1810 1466 1860 sunt
1492 1805 1857 1861 differentiae.

233 1881 417 1945 Quod
446 1883 496 1937 si
519 1884 731 1957 plagas
755 1885 834 1942 ab
881 1889 1179 1945 authentis
1218 1892 1498 1948 convenit
1537 1892 1893 1962 discernere,

232 1968 438 2039 Plagae
468 1972 684 2030 saliunt
709 1975 786 2031 ad
815 1977 1078 2048 quintas,
1108 1995 1219 2035 nec
1248 1980 1474 2037 vadunt
1500 1981 1762 2050 ulterius,

232 2060 309 2113 Et
345 2059 425 2114 ad
453 2062 694 2133 quintas
717 2065 1076 2124 declinando
1107 2068 1221 2124 sibi
1250 2070 1638 2127 satisfaciunt.

227 2150 307 2202 At
326 2149 596 2206 authenti
623 2153 698 2208 ad
729 2153 973 2211 oc‘tavas
1000 2163 1405 2230 competenter
1435 2160 1657 2217 saliunt

229 2240 279 2290 A
303 2233 471 2292 ﬁnali
503 2255 624 2295 uno
652 2245 813 2311 tono,
840 2260 1036 2318 neque
1056 2247 1280 2304 cadunt
1308 2250 1586 2323 amplius.

230 2324 387 2381 Trito
413 2331 588 2384 tonus
621 2346 758 2387 cum
791 2349 915 2388 non
939 2335 1152 2404 subsit,
1199 2338 1336 2393 ﬁnis
1365 2347 1454 2396 est
1480 2341 1891 2410 gravissimus.

232 2413 357 2471 Fini
383 2433 630 2491 quoque
657 2420 834 2479 debet
852 2439 980 2480 esse
1019 2442 1359 2484 consonum
1402 2431 1784 2504 principium.

234 2507 405 2562 Unde
428 2509 707 2580 quintum
737 2527 774 2568 a
793 2511 959 2569 ﬁnali
989 2531 1112 2572 non
1137 2520 1386 2576 excedat
1410 2520 1731 2577 calculum.

233 2594 432 2665 Plaga:
459 2613 600 2653 vero
633 2615 812 2672 super
827 2609 1071 2674 quartas
1097 2622 1220 2663 non
1239 2611 1486 2667 tendant
1511 2610 1890 2684 principium.

233 2687 396 2741 Inter
425 2686 574 2743 alias
605 2691 873 2748 secunda
910 2709 1026 2749 vox
1053 2696 1214 2766 jacet
1238 2698 1539 2771 ignobilis,

232 2776 458 2832 Contra
485 2778 652 2834 tertia
678 2784 735 2835 et
763 2786 928 2838 sexta
949 2783 1080 2857 freq
1092 2791 1361 2844 lentatur
1392 2791 1645 2863 sepius;

230 2865 424 2936 Cujus
446 2866 530 2922 rei
555 2867 704 2924 mihi
735 2871 894 2926 testis
918 2879 1162 2930 sanctus
1191 2881 1280 2932 est
1308 2880 1655 2951 Gregorius;

229 2954 630 3027 Principalem
660 2974 905 3032 quoque
935 2977 1085 3034 esse,
1117 2965 1262 3036 quia
1289 2966 1489 3038 ipsam
1518 2971 1631 3040 (25)
1686 2973 1892 3030 noluit.

229 3044 523 3100 Deuterus
544 3047 864 3104 authentus
894 3053 1154 3124 sumpsit
1179 3053 1313 3111 loco
1339 3058 1388 3128 ej
1400 3073 1468 3112 us
1500 3061 1751 3130 tertiam,

229 3135 420 3204 Cujus
458 3133 615 3201 ﬁnis,
648 3139 930 3208 quamvis
962 3145 1148 3209 sexta,
1181 3159 1338 3216 saepe
1379 3145 1574 3218 ipsam
1599 3149 1856 3208 inchoat.

229 3221 413 3277 Multa
438 3228 640 3280 autem
669 3233 1056 3300 usurpantur,
1078 3246 1190 3286 nec
1223 3236 1496 3290 tenentur
1524 3237 1752 3308 regula,

231 3311 391 3376 Quia
412 3316 679 3386 tempore
711 3331 748 3371 a
767 3317 956 3374 multo
981 3319 1111 3390 jam
1128 3321 1404 3380 desuevit
1426 3327 1680 3396 musica,

232 3403 393 3456 Dum
417 3401 646 3459 invidia
665 3409 722 3461 et
747 3410 950 3479 torpor
979 3415 1195 3466 cuncta
1225 3412 1437 3470 tollunt
1462 3417 1679 3473 studia.

233 3488 389 3544 Illud
411 3507 554 3546 vero
577 3491 693 3548 late
719 3499 898 3566 patet,
929 3496 1078 3567 quid
1107 3498 1210 3555 ﬁat
1231 3500 1306 3557 de
1333 3505 1605 3572 vocibus,

234 3578 406 3634 Velut
438 3579 689 3653 syllabae
719 3587 775 3638 et
801 3589 1020 3657 partes,
1045 3587 1178 3645 cola
1204 3594 1382 3664 atque
1411 3602 1731 3655 commata.

235 3669 695 3743 Concinuntque
727 3689 886 3745 saepe
915 3691 1118 3731 versus
1149 3683 1272 3735 arte
1300 3681 1451 3739 sicut
1483 3687 1748 3744 metrica.

238 3758 396 3814 Solis
423 3757 630 3816 litteris
669 3767 877 3819 notare
907 3766 1203 3838 optimum
1233 3771 1646 3845 probavimus,

237 3847 471 3912 Quibus
492 3849 568 3904 ad
599 3850 955 3909 discendum
985 3860 1230 3914 cantum
1258 3859 1404 3916 nihil
1426 3868 1514 3919 est
1541 3865 1798 3937 facilius,

239 3937 291 3993 Si
321 3938 575 3994 assidue
607 3946 849 3999 utantur
877 3945 1087 4002 saltem
1119 3947 1307 4005 tribus
1333 3954 1660 4011 mensibus.

343 4045 697 4154 (laede
765 4058 946 4154 dcc
1016 4057 1292 4154 ᾔσθη
1363 4083 1400 4124 a
1509 4086 1546 4126 a
1632 4075 1788 4131 GGG.

305 4144 396 4201 Sit
422 4144 645 4204 nOmen
666 4151 902 4207 Domini
929 4144 1314 4212 benedictum
1340 4157 1402 4213 in
1429 4161 1647 4218 secula.

307 4237 638 4294 FGaGFG
716 4242 754 4296 F
828 4244 868 4298 F
978 4245 1017 4298 F
1091 4246 1299 4302 cFFF
1369 4249 1638 4308 DcDD.

304 4326 690 4396 Adjutorium
715 4335 990 4388 nostrum
1016 4333 1077 4390 in
1107 4337 1352 4394 nomine
1377 4341 1629 4398 Domini.

243 4431 438 4486 Causa
465 4446 608 4486 vero
636 4431 949 4489 breviandi
979 4451 1216 4494 neumee
1239 4441 1431 4498 solent
1466 4443 1615 4507 ﬁeri,

243 4519 387 4583 Quae
419 4518 470 4573 si
498 4519 748 4576 curiosa:
778 4521 944 4595 ﬁant,
984 4525 1284 4584 habentur
1321 4547 1433 4603 pro
1461 4531 1686 4604 litteris,

247 4609 363 4662 Hoc
396 4606 448 4661 si
477 4607 662 4663 modo
692 4609 1092 4682 disponantur
1115 4613 1318 4672 litterae
1340 4635 1480 4675 cum
1507 4620 1680 4677 lineis
1695 4623 1826 4695 (26).

248 4695 467 4750 Dehinc
497 4696 693 4752 studio
725 4705 1027 4756 crescente
1052 4701 1204 4759 inter
1226 4705 1380 4761 duas
1405 4708 1613 4776 lineas,

246 4786 365 4840 Vox
394 4784 810 4858 interponatur
837 4804 980 4857 una,
1009 4806 1228 4865 nempe
1249 4798 1462 4867 quaerit
1489 4799 1661 4868 ratio,

246 4874 429 4930 Variis
458 4879 524 4930 ut
551 4874 624 4930 sit
650 4876 710 4930 in
733 4877 913 4932 rebus
936 4881 1103 4936 varia
1124 4884 1360 4954 positio.

1901 901 1903 904 ’
1930 905 1976 958 Α
2005 905 2441 973 Argumentum
2464 923 2606 964 vero
2637 909 2884 983 simplex
2909 912 3052 985 quia
3078 913 3192 969 cito
3224 912 3477 986 capitur.

2009 994 2206 1048 Tonus
2237 995 2439 1050 tertius
2465 1001 2522 1052 et
2547 1004 2744 1054 sextus
2764 1000 3177 1058 describuntur
3198 1003 3435 1076 saepius.

2009 1083 2170 1147 Quos
2196 1083 2536 1156 frequenter
2548 1103 2926 1158 repercussos
2949 1107 3090 1146 mox
3105 1093 3410 1160 cognoscit
3419 1091 3659 1148 animus

2008 1171 2356 1228 Litterarum
2386 1179 2444 1229 et
2471 1166 2829 1231 neumarum
2861 1194 3004 1233 usus
3032 1179 3106 1234 sit
3129 1181 3424 1234 assiduus.

2007 1261 2269 1333 Quisque
2301 1279 2486 1318 sonus
2515 1281 2638 1336 quo
2665 1266 2739 1320 sit
2767 1265 2898 1321 loco
2927 1266 3096 1322 facile
3135 1267 3446 1336 colligitur,

2006 1349 2247 1405 Etiamsi
2271 1367 2393 1407 una
2419 1353 2700 1426 (tantum)
2720 1354 2908 1410 littera
2927 1355 3296 1427 praeﬁgiturj

2010 1442 2078 1494 Ut
2105 1441 2438 1512 proprietas
2470 1458 2760 1498 sonorum
2783 1443 3156 1500 discernatur
3183 1444 3421 1512 clarius,

2007 1529 2318 1593 Quasdam
2355 1529 2543 1587 lineas
2570 1533 2882 1602 signamus
2901 1533 3080 1589 variis
3101 1533 3401 1589 coloribus
3433 1550 3474 1592 :,

2010 1621 2078 1673 Ut
2113 1634 2234 1690 quo
2264 1618 2396 1674 loco
2434 1620 2569 1692 quis
2600 1621 2674 1676 sit
2697 1627 2896 1688 tonus,
2928 1639 3072 1678 mox
3101 1623 3406 1678 discernat
3432 1620 3660 1677 oculus.

2007 1706 2224 1763 Ordine
2255 1707 2433 1763 tertite
2455 1709 2618 1764 vocis
2643 1709 2967 1782 splendens
2995 1727 3206 1766 crocus
3236 1711 3446 1777 radiat,

2009 1797 2182 1852 Sexta
2211 1797 2340 1866 ejus
2379 1796 2486 1851 sed
2516 1796 2713 1852 afﬁnis
2745 1798 2904 1854 ﬂavo
2934 1799 3106 1854 rubet
3126 1798 3313 1854 minio
3338 1816 3350 1853 :

2007 1887 2104 1939 Est
2128 1883 2386 1940 afﬁnitas
2417 1884 2686 1941 colorum
2708 1886 2950 1958 reliquis
2983 1887 3222 1943 indicio.

2003 1977 2076 2027 At
2094 1973 2140 2027 si
2171 1972 2361 2028 littera
2389 1973 2482 2028 vel
2509 1973 2671 2030 color
2699 1975 2933 2030 neumis
2963 1991 3087 2030 non
3107 1975 3386 2039 intererit,

2003 2061 2138 2117 Tale
2159 2061 2285 2128 erit,
2313 2061 2491 2133 quasi
2519 2062 2724 2118 funem
2751 2063 2896 2118 dum
2923 2079 3045 2119 non
3076 2063 3260 2120 habet
3287 2066 3504 2135 puteus
3538 2079 3550 2116 :

2005 2151 2187 2222 Cujus
2220 2167 2415 2224 aquae,
2446 2151 2727 2223 quamvis
2753 2152 2975 2219 multae,
3017 2153 3102 2208 nil
3129 2156 3382 2226 prosunt
3418 2149 3662 2206 videnti-

3396 2239 3550 2310 [bus.

2005 2329 2156 2386 Illud
2185 2346 2449 2402 quoque,
2481 2329 2647 2402 quod
2669 2330 2938 2402 praedixi,
2966 2330 3141 2387 valde
3166 2331 3274 2387 erit
3303 2329 3464 2400 utile,

2007 2420 2222 2477 Similis
2253 2421 2460 2490 ﬁgurae
2491 2436 2744 2476 neumas
2775 2421 2822 2475 si
2853 2437 3022 2476 cures
3049 2421 3364 2493 inspicere,

2005 2509 2172 2564 Locis
2203 2509 2384 2563 variis
2405 2513 2462 2563 et
2490 2507 2686 2563 modis
2725 2524 2911 2580 quam
2925 2508 3156 2562 diverse
3185 2511 3482 2563 resonent.

2005 2598 2414 2671 Aptitudinem
2446 2613 2806 2652 neumarum
2828 2596 2998 2652 facile
3024 2596 3324 2665 intelligis,

2007 2691 2136 2754 Quo
2168 2687 2229 2742 in
2260 2687 2393 2742 loco
2419 2687 2554 2758 quis
2585 2689 2658 2741 sit
2689 2701 2872 2740 sonus
2899 2686 2959 2740 in
2982 2685 3228 2740 diversis
3255 2683 3450 2749 lineis,

2008 2780 2157 2834 Usus
2181 2776 2288 2832 tibi
2320 2776 2395 2832 sit
2416 2776 2464 2830 si
2504 2775 2782 2847 frequens
2807 2775 2867 2830 in
2892 2774 3215 2830 modorum
3246 2771 3537 2828 formulis.

2007 2865 2359 2937 Cujusmodi
2389 2863 2766 2937 symphoniis
2798 2863 3161 2937 symphonia
3189 2861 3468 2931 concinit,

2005 2955 2314 3026 Ejusmodi
2337 2953 2765 3026 symphoniam
2803 2954 2998 3027 ipsam
3037 2969 3165 3008 esse
3190 2950 3446 3008 noveris.

2007 3046 2201 3110 Quare
2227 3043 2522 3099 octomela
2553 3043 2779 3098 cunctis
2807 3043 3124 3099 subdimus
3155 3040 3520 3114 antiphonis,

2005 3133 2120 3203 (28)
2153 3131 2354 3187 Plures
2382 3148 2561 3186 voces
2589 3131 2757 3186 brevi
2805 3131 2955 3187 ﬁant
2978 3136 3136 3188 meta
3161 3132 3228 3186 ﬁt
3255 3131 3315 3186 in
3341 3129 3552 3202 spatio.

2009 3222 2258 3291 Signum
2289 3224 2380 3276 est
2407 3220 2707 3292 sequentis
2733 3235 2991 3287 neumas,
3041 3237 3163 3293 quo
3192 3221 3326 3276 loco
3382 3217 3666 3290 ponenda

3440 3305 3556 3376 [sit,

2007 3401 2125 3456 Suo
2155 3397 2289 3453 loco
2305 3413 2380 3452 ne
2410 3400 2690 3469 ponatur,
2728 3413 2868 3452 cum
2898 3413 3138 3453 necesse
3162 3395 3354 3451 fuerit.

2005 3488 2292 3555 Quamvis
2323 3492 2522 3544 autem
2553 3488 2809 3560 quisque
2837 3493 3083 3544 cantum
3112 3489 3395 3561 personet
3442 3498 3668 3539 memo-

3380 3573 3556 3644 [riter,

2009 3667 2064 3724 Si
2084 3683 2208 3722 non
2232 3671 2480 3722 cunctos
2507 3667 2636 3737 ejus
2658 3671 2859 3722 motus
2887 3666 2978 3721 vel
3008 3681 3191 3722 sonos
3228 3662 3592 3727 memoriter,

2007 3757 2116 3833 Qui
2141 3761 2197 3812 et
2211 3756 2421 3833 quales
2452 3755 2589 3833 sint,
2621 3756 3038 3833 persentit,_nil
3068 3772 3129 3810 se
3172 3755 3334 3833 dicat
3361 3766 3590 3833 sapere.

2006 3825 2305 3884 Hactenus
2334 3825 2582 3883 latentes
2610 3825 2817 3881 musas
2842 3827 2903 3880 in
2934 3825 3128 3880 lucem
3172 3825 3594 3896 produximus,
3665 3839 3672 3846 ·

2010 3920 2074 3972 Et
2105 3915 2412 3970 benevolis
2437 3919 2789 3985 praestantes
2827 3913 3063 3968 invidos
3104 3911 3487 3974 offendimus,

2008 4003 2402 4059 Adhonorem
2419 4000 2640 4056 summi
2663 4000 2780 4067 Dei,
2811 4015 3109 4072 perquem
3133 4014 3364 4064 sumus,
3386 3994 3666 4061 vivimus,

2011 4091 2502 4150 Constitutionem
2529 4089 2754 4144 formas
2779 4088 3038 4143 breviter
3064 4087 3352 4161 aperiam.

2009 4181 2360 4253 Aliquorum
2386 4178 2469 4233 sic
2496 4193 2784 4233 sonorum
2809 4176 3156 4232 nominatur
3179 4175 3416 4249 copula,

2012 4272 2160 4338 Cum
2187 4267 2442 4323 intensio
2468 4272 2557 4323 est
2585 4265 2734 4332 sola,
2766 4265 2860 4321 vel
2887 4270 3093 4322 contra
3118 4265 3414 4333 remissio,

2012 4361 2090 4414 De
2129 4355 2369 4412 duobus
2398 4356 2506 4411 erit
2526 4355 2689 4410 sonis
2718 4354 2916 4428 prima
2948 4355 3305 4423 constitutio,

2011 4452 2079 4505 Et
2097 4446 2363 4503 secunda
2389 4447 2456 4501 ﬁt
2477 4446 2552 4502 de
2571 4445 2783 4517 tribus,
2813 4445 2983 4503 tertia
3000 4446 3075 4502 de
3099 4452 3378 4519 quatuor.

2013 4539 2233 4603 Quarta
2259 4552 2399 4591 vero
2424 4536 2490 4591 ﬁt
2518 4535 2592 4591 de
2616 4536 2827 4608 quinta
2856 4535 3105 4591 vocibus
3134 4533 3522 4607 quibuslibet,

2011 4626 2275 4688 Quarum
2307 4625 2502 4698 prima
2527 4629 2719 4680 exstat
2767 4624 3038 4696 simplex,
3091 4621 3430 4694 duplicatur
3459 4619 3662 4674 altera.

2009 4715 2198 4771 Tertia
2224 4715 2538 4770 varietates
2568 4718 2829 4786 quatuor
2855 4711 3200 4767 inclamitat.

2011 4805 2232 4869 Quarta
2263 4809 2397 4858 octo
2426 4807 2600 4857 sonat
2625 4801 2823 4856 modis
2845 4801 3124 4872 diapente
3155 4795 3457 4853 consonis.

2011 4893 2119 4948 Uni
2153 4891 2554 4949 constitutioni
2580 4890 2840 4945 modulis
2861 4889 2920 4944 in
2953 4887 3255 4950 omnibus,

244 4965 355 5036 (27)
379 4964 659 5035 [Quidam
685 4971 920 5038 ponunt
939 4967 1093 5024 duas
1115 4987 1290 5028 voces
1322 4974 1476 5031 duas
1507 4977 1658 5033 inter
1681 4978 1890 5050 lineas,
1932 4955 1978 5008 Β
2007 4987 2133 5040 Vox
2155 4983 2206 5038 si
2232 4998 2353 5038 una
2379 4981 2766 5051 adjungatur,
2798 4976 2965 5033 modi
2993 4975 3146 5029 ﬁunt
3167 4972 3432 5029 totidem.

247 5053 504 5118 Quidam
534 5059 753 5124 ternas,
780 5056 1033 5128 quidam
1055 5076 1197 5117 vero
1222 5063 1419 5120 nullas
1445 5066 1670 5124 habent
1688 5069 1898 5142 lineas,

248 5142 474 5208 Quibus
500 5142 673 5199 labor
703 5160 841 5201 cum
873 5147 1175 5219 sitgravis,
1199 5168 1363 5210 error
1382 5159 1470 5212 est
1485 5158 1897 5226 gravissimus.

323 5466 432 5532 (25)
462 5474 529 5524 Α.
563 5470 770 5526 voluit.

280 5542 433 5625 “$26)
463 5541 878 5625 ῌίίξ.ἓιι.ςξοάίαβ
923 5553 1232 5625 P0“untur
1277 5549 1448 5608 lineae
1494 5569 1720 5625 vacuae,
1761 5571 1902 5613 cum

255 5607 454 5670 litteris
481 5612 807 5674 initialibus
836 5607 1090 5678 tantum.

2007 5072 2199 5129 Tollas
2233 5085 2414 5127 sonos
2444 5069 2493 5124 si
2511 5067 2832 5133 secundos,
2857 5080 3062 5121 rursus
3082 5062 3228 5118 ﬁent
3259 5061 3520 5119 totidem.

2010 5159 2359 5218 Constitutio
2390 5157 2472 5213 sic
2492 5156 2689 5212 omnis
2718 5154 2990 5210 nascitur
3019 5168 3092 5207 ex
3136 5152 3339 5209 altera.

2079 5480 2190 5554 (27)
2232 5477 2470 5536 Uncinis
2496 5477 2728 5534 inclusa
2768 5494 2842 5535 ex
2888 5478 3021 5535 cod.
3066 5481 3312 5538 Vindok.
3347 5480 3668 5554 desumpta

2011 5559 2192 5699 milia
2233 5627 2297 5682 V.
2327 5627 2397 5681 In
2422 5622 2616 5697 capite
2648 5621 2945 5683 linearum
2979 5624 3323 5696 praenatans
3365 5621 3590 5682 litteris.
