3986 6178
114 126 215 184 ita

111 255 291 323 Atque
322 248 515 305 tribus
550 246 764 303 ﬁssum
795 252 998 304 tcnum
1022 248 1294 319 signabit
1332 251 1626 325 idipsum,

111 347 166 398 ln
198 339 399 395 medio
424 355 681 394 summae
701 328 989 411 diapason
1016 336 1196 395 nectit
1228 346 1583 415 utrumque,

111 435 373 503 Namque
406 443 627 484 sonum
648 427 942 500 duplicem
977 427 1199 501 simplo
1261 431 1373 487 sed
1401 431 1598 487 reddit
1622 447 1787 488 eum-

1600 522 1781 593 [dem.

106 607 267 663 Adde
293 607 523 680 duplex
555 624 730 664 senos
762 606 959 662 videas
988 610 1169 663 notus
1192 607 1505 673 diatriton,

111 696 354 752 Ditonus
385 701 441 752 et
472 697 678 760 semis,
710 696 847 769 quia
875 692 1115 751 ditonus
1148 696 1304 753 alter
1332 699 1610 754 habetur.

174 785 428 841 Motibus
458 785 552 841 his
583 794 822 841 cursum
852 778 1025 840 faciet
1063 785 1194 840 sine
1227 786 1463 843 musica
1488 786 1746 843 nullum.

109 878 203 929 Est
232 873 461 945 aliquid
494 873 719 929 factum
776 881 1024 928 numero
1082 873 1445 931 modulante
1502 875 1780 943 relatum,

108 963 291 1036 quue
321 962 467 1017 latet
494 962 686 1018 ﬁxum
708 966 864 1035 patet
890 962 1268 1019 intendenda
1294 964 1643 1021 remissum.

108 1051 204 1104 Est
231 1049 453 1105 modus
474 1050 553 1106 ad
583 1050 839 1124 reliquos
882 1050 1183 1124 phtbongi
1242 1052 1483 1109 collatio
1522 1053 1786 1126 phthon—

1627 1142 1782 1213 [gos.

107 1228 261 1281 Dant
289 1226 504 1283 collata
534 1228 782 1283 modum
811 1228 1047 1284 sibimet
1076 1228 1432 1286 discrimina
1460 1245 1708 1286 vocum.

106 1316 302 1380 Quam
322 1319 503 1371 tonus
534 1320 591 1372 et
619 1317 794 1372 semis
826 1317 1096 1391 sequitur
1122 1330 1241 1374 v0x
1256 1323 1468 1391 protus
1496 1319 1786 1376 habetur.

109 1408 395 1461 Deuterus
425 1410 481 1461 et
518 1406 687 1462 tritus
714 1406 858 1479 quid
887 1406 979 1475 sit,
1014 1407 1174 1480 sapit
1201 1407 1354 1464 ordo
1382 1407 1644 1464 vicinus.

110 1494 325 1567 Hisque
353 1499 499 1551 tono
528 1500 757 1551 tantum
794 1496 1017 1569 placuit
1045 1495 1285 1553 differre
1312 1497 1678 1568 tetrardum,

107 1583 354 1639 Ditonus
383 1588 441 1639 et
465 1584 645 1640 semis
673 1584 841 1656 cujus
871 1599 1014 1641 mox
1040 1575 1183 1657 jura
1207 1589 1572 1660 sequuntur.

109 1672 327 1729 Musica
350 1688 465 1729 vox
481 1673 697 1729 horum
723 1663 886 1731 nulla
914 1678 1003 1730 est
1027 1675 1155 1731 sine
1179 1674 1311 1746 lege
1342 1674 1706 1731 modorum.

1320 129 1625 186 REGULB
1662 131 1757 187 Dl
1798 131 2055 190 IGNO'I'O
2094 130 2355 193 GANTU.

1826 258 1874 313 Α
1901 258 2059 348 Quos
2088 259 2331 315 tantum
2364 261 2587 331 vulgus
2606 268 2787 325 eentit
2812 270 2891 326 de
2920 272 3042 331 ﬁne
3070 274 3377 348 petulcas.

1896 347 2164 440 Quatuor
2193 349 2466 440 authenti
2497 353 2719 426 plagas
2751 347 3137 428 geminantur
3164 366 3393 440 adepti,

1898 433 1960 528 lii
1983 438 2239 528 quartus
2265 436 2522 528 simplex
2565 450 2803 517 septem
2824 449 3174 512 discrimina
3200 433 3405 514 ﬁrmet
3438 475 3455 528 ;

1898 514 2064 605 Unde
2090 520 2275 595 poeta
2305 527 2507 585 canit:
2546 514 2786 605 septem
2808 534 3157 600 discrimina
3187 552 3438 603 vocum.

1898 604 2201 701 Septimus
2228 617 2446 673 octavo
2478 604 2701 677 similis
2723 626 3093 701 quapropter
3114 628 3389 691 adhaesit.

1898 700 1983 800 Ex
2012 694 2238 800 ciuilius
2263 700 2551 800 authenti‘
2579 694 2768 778 grave
2818 694 3315 777 sunt-digerimen
3368 724 3595 800 adepti,

1898 789 2050 843 Cum
2079 786 2279 879 plagae
2307 804 2503 879 voces
2535 794 2754 857 tenues
2785 802 3149 879 cupientque
3188 786 3509 871 minores:
3576 786 3593 800 ’
3640 793 3649 802 ’

1900 879 1968 931 1n
1996 877 2224 949 quibus
2251 881 2330 937 ad
2362 878 2685 945 modicum
2710 886 2917 948 tamen
2946 896 3003 951 et
3026 877 3262 955 collatio
3291 896 3493 957 distat.

1902 960 2064 1055 Quos
2090 965 2140 1022 si
2170 964 2320 1025 forte
2350 971 2507 1028 duos
2538 977 2653 1032 uni
2692 972 2783 1034 vis
2816 973 3071 1039 scribere
3093 984 3247 1055 voci,

1903 1054 2175 1119 Quatuor
2202 1057 2264 1114 in
2296 1058 2541 1133 reliquis
2568 1062 2904 1137 primatum
2926 1066 3088 1128 delta
3112 1065 3420 1134 tenebunt.

1906 1138 2307 1233 Enthymema
2338 1157 2521 1207 sonos
2562 1150 2793 1212 claudit
2822 1157 3137 1233 signatque
3166 1161 3450 1224 remotos.

1906 1231 2288 1327 (Eoncordant
2313 1236 2476 1295 ﬂexu
2500 1238 2882 1302 diatessaron
2911 1231 3115 1307 addita
3139 1259 3386 1327 nasum,

1907 1322 2231 1409 pomparat
2260 1326 2519 1384 intentos
2551 1331 2836 1407 diapente
2862 1330 3069 1394 relatio
3095 1348 3353 1409 gressus.

1903 1403 2007 1467 ius
2029 1416 2188 1499 tenet
2211 1416 2536 1476 ambarum
2570 1403 2836 1495 spatium
2866 1403 3161 1499 diapason
3188 1434 3243 1486 et
3264 1424 3483 1490 hartun

1906 1500 2099 1559 Refert
2118 1496 2360 1561 alterius
2391 1516 2533 1564 cum
2567 1496 3023 1584 suscipitaltera
3052 1516 3229 1588 vices,

1835 1605 1879 1658 Β
1906 1592 2064 1675 Quas
2094 1596 2233 1650 tunc
2257 1594 2502 1653 alterius
2532 1608 2676 1656 cum
2708 1596 2957 1675 stiscipit
2984 1602 3169 1664 altera
3191 1600 3369 1667 vices.

1898 1674 2064 1737 Unde
2092 1676 2214 1739 duo
2242 1684 2489 1756 signum
2519 1684 2758 1745 variant
2784 1674 2919 1748 loca
2945 1688 3116 1765 cujus
3146 1688 3433 1771 idipsum.

1638 1841 2070 1859 -ψ

640 1958 995 2086 ΙΤΕΜ
1100 1972 1177 2085 Α
1208 1970 1497 2087 LI/E
1598 1967 1696 2089 G

1901 1964 2323 2100 DONIS
2422 1972 3041 2106 REGUL/E

1436 2174 1554 2243 DE
1602 2172 1928 2248 IGNOTO
1974 2187 2261 2253 CANTU

984 2362 1313 2431 Idemidem
1350 2370 1416 2428 in
1448 2360 1925 2452 Antz‘plzcnarz'i
1945 2376 2048 2434 sui
2059 2376 2389 2458 prologum
2406 2377 2691 2458 prolatae.

185 2551 577 2626 Temporibus
596 2553 810 2610 nostris
848 2570 1024 2628 super
1052 2571 1259 2611 omnes
1304 2546 1602 2611 homines
1640 2549 1796 2611 fatui

122 2649 252 2701 sunt
281 2647 561 2699 cantores
593 2661 606 2711 ;
638 2642 697 2699 in
758 2644 923 2700 omni
972 2644 1128 2700 enim
1182 2648 1307 2701 arte
1361 2641 1540 2698 valde
1606 2635 1795 2717 plura

126 2739 278 2805 sunt,
310 2749 451 2806 quas
480 2738 681 2789 nostro
711 2749 890 2789 sensu
945 2734 1387 2804 cognoscimus,
1439 2747 1639 2804 quam
1701 2750 1792 2802 ea,

124 2840 249 2897 quas
310 2839 350 2879 δ.
408 2822 694 2891 magistro
746 2819 1081 2880 didicimus.
1126 2823 1388 2880 Perlecto
1439 2819 1608 2876 enim
1665 2822 1794 2879 solo

126 2913 404 2987 psalterio
440 2912 711 2969 omnium
748 2913 1035 2970 librorum
1080 2913 1366 2970 lectiones
1415 2918 1798 2979 cognoscunt

128 3003 384 3077 pueruli,
413 3008 473 3059 et
495 3002 870 3073 agriculturae
899 3003 1203 3060 scientiam
1226 3002 1430 3058 subito
1461 2999 1798 3073 intelligunt

122 3095 347 3151 rustici.
379 3093 493 3161 Qui
522 3094 682 3150 enim
713 3110 899 3149 unam
927 3090 1165 3151 vineam
1218 3098 1457 3167 putare,
1490 3105 1676 3147 unam
1709 3109 1799 3149 ar»

120 3183 455 3241 busculam
475 3183 756 3250 inserere,
784 3199 971 3239 unum
1003 3184 1243 3240 asinum
1274 3196 1533 3239 onerare
1574 3196 1796 3251 cogno-

121 3275 292 3341 verit,
323 3274 480 3330 sicut
507 3274 567 3329 in
600 3290 723 3329 uno
770 3273 927 3340 facit,
956 3273 1015 3329 in
1045 3273 1331 3330 omnibus
1362 3269 1652 3337 similiter,
1694 3277 1800 3328 aut

121 3366 305 3420 etiam
337 3363 554 3419 melius
581 3363 777 3419 facere
808 3378 932 3417 non
981 3362 1297 3418 dubitabit.
1348 3357 1640 3416 Mirabiles
1696 3376 1798 3416 au-

122 3461 245 3511 tem
295 3457 571 3510 cantores
627 3457 685 3509 et
727 3457 1037 3508 cantorum
1086 3451 1367 3525 discipuli
1406 3447 1641 3504 etiamsi
1690 3465 1799 3521 per

122 3549 367 3601 centum
402 3559 599 3601 annos
632 3542 900 3617 quotidie
957 3547 1213 3613 cantent,
1247 3553 1565 3613 nunquam
1587 3553 1693 3610 per
1736 3554 1798 3594 se

124 3634 251 3690 sine
283 3634 574 3704 magistro
602 3648 789 3688 unam
820 3631 911 3687 vel
939 3632 1148 3687 saltem
1174 3629 1493 3704 parvulam
1527 3626 1797 3700 antipho-
1835 3623 1877 3680 C

124 3741 271 3780 nam
302 3723 655 3795 cantabunt,
688 3724 921 3777 tantum
954 3710 1191 3794 tempus
1225 3721 1288 3776 in
1336 3717 1639 3774 cantando
1668 3732 1793 3789 per-

128 3814 364 3883 dentes,
390 3815 452 3869 in
482 3816 712 3886 quanto
734 3816 793 3867 et
847 3810 1116 3867 divinam
1145 3814 1204 3866 et
1234 3808 1565 3865 secularem
1618 3806 1797 3880 scrip-

130 3911 330 3960 turam
361 3902 696 3977 potuissent
714 3901 891 3975 plene
922 3916 1301 3972 cognoscere.

200 3998 263 4050 Et
308 3993 474 4067 quod
502 4009 682 4066 super
710 3990 917 4049 omnia
954 3990 1117 4046 mala
1156 3990 1313 4076 regis
1372 3991 1464 4043 est
1500 3985 1795 4076 periculos

128 4101 283 4149 sum,
344 4082 519 4139 multi
566 4081 829 4151 religiosi
881 4078 1109 4135 ordinis
1161 4074 1355 4134 clerici
1405 4079 1462 4131 et
1510 4074 1797 4131 monachi

128 4174 396 4246 psalmos
424 4175 481 4227 et
509 4186 713 4226 sacras
745 4167 1030 4224 lectiones
1061 4170 1118 4223 et
1166 4170 1490 4223 nocturnas
1523 4180 1661 4219 cum
1688 4180 1797 4237 pu-

127 4264 295 4319 ritate
322 4260 583 4331 vigilias,
602 4264 661 4316 et
686 4258 919 4330 reliqua
935 4257 1167 4330 pietatis
1191 4270 1397 4329 opera,
1425 4266 1531 4327 per
1550 4270 1687 4327 quas
1716 4254 1796 4310 ad

129 4353 560 4426 sempiternam
590 4348 842 4421 gloriam
859 4362 1263 4421 provocamur
1292 4349 1349 4400 et
1376 4343 1675 4413 ducimur,
1695 4359 1796 4400 ne-

128 4443 362 4515 gligunt
398 4458 414 4509 ;
442 4440 590 4496 dum
619 4437 903 4496 cantandi
924 4436 1251 4502 scientiam,
1284 4450 1471 4508 quam
1505 4434 1796 4507 consequi

127 4544 451 4606 nunquam
482 4534 755 4602 possunt,
808 4527 1017 4583 labore
1073 4525 1317 4581 assiduo
1346 4527 1402 4580 et
1447 4523 1795 4580 stultissimo

126 4632 479 4698 persequuti
488 4624 597 4676 tur.

198 4726 347 4784 illud
383 4733 627 4800 quoque
657 4722 793 4798 quis
828 4734 949 4779 non
978 4721 1211 4789 deﬂeat,
1249 4719 1414 4793 quod
1444 4723 1568 4776 tam
1596 4716 1794 4788 gravis

125 4824 295 4873 error
325 4815 509 4871 estin
569 4812 779 4870 sancta
839 4808 1116 4881 Ecclesia,
1165 4811 1411 4880 tamque
1459 4808 1796 4882 periculosa

127 4900 532 4971 discordiam
546 4900 796 4976 quando
816 4897 1089 4958 divinum
1111 4898 1374 4955 cilicium
1399 4897 1794 4969 celebramus,

126 5004 293 5069 Step6
320 5000 445 5048 non
480 4989 664 5047 Deum
689 4990 962 5059 laudere,
995 4988 1100 5045 sed
1129 4987 1280 5042 inter
1308 4996 1418 5042 nos
1458 4991 1683 5042 certare
1707 4980 1789 5040 vl-

123 5084 409 5141 deamur.
438 5080 544 5137 Vix
573 5080 833 5153 denique
866 5090 1020 5134 unus
1067 5076 1391 5133 Concordat
1429 5075 1615 5144 alteri,
1668 5084 1792 5131 non

122 5168 429 5243 magistro
448 5168 796 5242 discipulus,
828 5180 939 5223 nec
969 5165 1294 5238 discipulus
1324 5160 1748 5237 condiscipulis
1777 5182 1789 5220 :

123 5261 293 5317 unde
322 5258 553 5317 factum
583 5258 760 5325 est,ut
787 5269 911 5312 non
934 5256 1061 5325 jam
1083 5264 1271 5309 unum
1297 5257 1400 5311 aut
1415 5253 1625 5310 saltem
1648 5266 1794 5327 pau-

124 5368 220 5422 ca,
241 5350 351 5406 sed
386 5354 507 5405 tam
537 5347 725 5403 multa
756 5346 873 5401 sint
927 5342 1362 5416 antiphonaria,
1405 5352 1593 5416 quam
1624 5342 1795 5399 multi

125 5445 268 5496 sunt
288 5456 400 5512 per
426 5437 695 5508 singulas
723 5429 1003 5492 ecclesias
1034 5432 1317 5503 magistri,
1345 5433 1648 5506 vulgoque
1665 5434 1794 5504 jam

123 5529 349 5585 dicitur
378 5523 867 5599 antiphonarium
888 5535 1010 5579 non
1041 5520 1435 5593 Gregorii,sed
1462 5522 1671 5579 Leonis
1694 5523 1797 5579 aut

125 5619 375 5695 Alberti,
396 5621 505 5678 aut
532 5616 967 5691 cujuscumque
995 5611 1234 5673 alterius
1265 5624 1281 5683 ς
1316 5622 1578 5689 cumque
1601 5620 1795 5673 unum

1905 2555 2135 2615 discere
2164 2559 2240 2615 sit
2265 2559 2446 2617 valde
2474 2561 2732 2637 difﬁcile,
2787 2568 2865 2626 de
2918 2571 3120 2629 multis
3176 2582 3301 2631 non
3350 2574 3438 2635 est
3467 2572 3578 2638 du-

1903 2644 2074 2701 bium
2090 2647 2240 2720 quin
2265 2648 2338 2705 sit
2370 2649 2761 2722 impossibile.

1978 2770 2107 2837 Qua
2133 2764 2198 2828 in
2228 2788 2290 2829 re
2307 2789 2447 2829 cum
2470 2788 2579 2845 pro
2609 2792 2718 2834 sua
2743 2772 2861 2852 ipsi
2890 2781 3397 2845 voluntatemulta
3416 2803 3581 2848 com-

1905 2864 2157 2933 mutent,
2192 2864 2294 2919 aut
2322 2879 2544 2937 parum
2570 2871 2674 2923 aut
2734 2864 2881 2925 nihil
2912 2871 3059 2928 mihi
3113 2872 3415 2945 indignari
3472 2877 3575 2936 de-

1902 2946 2068 3021 bent,
2097 2950 2208 3010 sia
2238 2950 2549 3011 communi
2580 2971 2695 3013 usu
2748 2958 2850 3016 vix
2906 2961 2967 3018 in
3018 2963 3228 3036 paucis
3284 2965 3574 3041 abscedo,

1905 3046 1973 3099 ut
2001 3043 2080 3100 ad
2107 3060 2499 3101 communem
2529 3046 2670 3102 artis
2699 3049 2971 3119 regulam
3021 3052 3397 3113 uniformiter
3443 3073 3576 3115 om-

1905 3132 1999 3188 nis
2031 3131 2327 3190 cantilena
2359 3138 2642 3191 recurrat.
2701 3132 2995 3202 Quoniam
3046 3158 3185 3197 vero
3212 3142 3341 3200 haec
3370 3147 3577 3205 omnia

1905 3218 2067 3280 mala
2093 3226 2150 3280 et
2169 3218 2361 3306 multa
2392 3218 2510 3279 alia
2537 3240 2746 3281 eorum
2778 3226 2957 3301 culpa
2988 3231 3291 3303 eveniunt,
3338 3234 3445 3306 qui
3474 3251 3579 3292 an-

1906 3309 2249 3383 tiphonaria
2279 3304 2528 3382 faciunt,
2564 3306 2739 3369 valde
2795 3326 3016 3373 moneo
3040 3322 3096 3373 et
3125 3304 3443 3394 contestor,
3499 3339 3575 3379 ne

1906 3392 2125 3473 aliquis
2153 3398 2416 3475 amplius
2439 3404 2769 3473 praesumat
2797 3402 3286 3477 antiphonarium
3322 3392 3577 3468 neuma-

1908 3489 2125 3555 re,nisi
2153 3491 2260 3564 qui
2288 3490 2625 3547 secundum
2652 3488 2953 3564 subjectas
3004 3495 3244 3565 regulas
3288 3496 3444 3555 bene
3464 3515 3575 3573 po-

1908 3580 2019 3634 test
2039 3582 2095 3635 et
2134 3574 2290 3653 sapit
2316 3580 2515 3654 ipsam
2545 3586 2733 3637 artem
2790 3576 3076 3655 perficere
3107 3602 3121 3651 ;
3163 3580 3428 3660 alioquin
3457 3605 3577 3645 cer-

1906 3668 2134 3724 tissime
2166 3670 2273 3726 erit
2301 3670 2582 3740 magister
2610 3669 2844 3743 erroris,
2868 3668 3237 3748 quicumque
3258 3691 3380 3733 non
3407 3672 3576 3751 prius

1906 3752 2078 3813 fuerit
2095 3752 2428 3833 discipulus
2454 3755 2733 3815 veritatis.

1864 3942 1871 3948 ,
1976 3884 2186 3940 Taliter
2203 3883 2420 3941 etenim
2453 3887 2571 3940 Deo
2597 3885 2918 3942 auxiliante
2944 3886 3059 3941 hoc
3084 3887 3576 3959 antipbonarium

1904 3976 2116 4029 notare
2145 3973 2436 4046 disposui,
2469 3978 2535 4029 ut
2562 3989 2670 4046 per
2698 3989 2837 4028 eum
2895 3974 3148 4046 posthac
3202 3974 3412 4031 leviter
3470 3976 3576 4033 ali-

1904 4061 2041 4133 quis
2071 4065 2345 4117 sensatus
2375 4066 2431 4117 et
2457 4061 2763 4117 studiosus
2792 4065 3039 4116 cantum
3068 4060 3260 4118 discat
3286 4080 3300 4131 ;
3333 4066 3391 4119 et
3408 4067 3574 4137 post-

1904 4167 2091 4224 quam
2119 4157 2354 4223 partem
2384 4152 2514 4223 ejus
2541 4167 2650 4224 per
2701 4150 3059 4221 magistrum
3103 4151 3259 4208 bene
3284 4168 3575 4224 cognove-

1904 4241 1997 4311 rit,
2052 4240 2287 4314 reliqua
2338 4256 2444 4312 per
2506 4257 2569 4296 se
2623 4239 2749 4296 sine
2815 4240 3103 4310 magistro
3168 4241 3577 4300 indubitanter

1907 4330 2196 4400 agnoscit.
2226 4334 2304 4387 De
2333 4347 2455 4403 quo
2487 4329 2533 4385 si
2560 4326 2695 4403 quis
2722 4346 2819 4385 me
2863 4329 3097 4386 mentiri
3126 4335 3318 4405 putat,
3350 4332 3572 4403 veniat,

1905 4415 2245 4492 experiatur
2269 4424 2325 4475 et
2352 4419 2569 4486 videat,
2601 4419 2770 4492 quod
2800 4418 2913 4475 tale
2949 4419 3066 4475 hoc
3100 4420 3265 4492 apud
3289 4437 3403 4477 nos
3430 4437 3575 4494 pue-

1903 4509 2016 4564 ruli
2048 4509 2295 4572 faciunt,
2322 4509 2427 4581 qui
2477 4526 2589 4582 pro
2622 4508 2998 4581 psalmorum
3029 4512 3086 4563 et
3113 4509 3456 4578 vulgarium
3483 4510 3572 4566 lit-

1905 4602 2166 4654 terarum
2188 4598 2528 4668 ignorantia
2545 4613 2702 4653 saeva
2732 4597 2930 4654 adhuc
2955 4596 3294 4669 suscipiunt
3313 4597 3568 4668 ﬂagella,

1905 4689 2009 4759 qui
2041 4704 2199 4760 saepe
2225 4692 2282 4744 et
2309 4686 2498 4761 ipsius
2553 4686 2919 4758 antiphonae,
2977 4701 3163 4758 quam
3190 4700 3297 4757 per
3326 4701 3388 4740 se
3444 4684 3572 4742 sine

1908 4776 2194 4847 magistro
2218 4783 2374 4834 recte
2402 4780 2653 4849 possunt
2685 4780 2950 4843 cantare,
2980 4774 3167 4830 verba
3196 4780 3249 4830 et
3305 4773 3570 4847 syllabas

1904 4865 2180 4921 nesciunt
2205 4864 2592 4937 pronuntiare
2621 4879 2634 4917 ε
2668 4863 2834 4935 quod
2861 4878 2998 4917 cum
3043 4860 3142 4916 Dei
3168 4861 3467 4932 adiutorio
3490 4860 3570 4916 le-

1830 4972 1875 5026 ι)
1905 4954 2052 5010 viter
2072 4958 2346 5010 sensatus
2374 4957 2431 5008 et
2453 4951 2757 5007 studiosus
2786 4950 3001 5023 aliquis
3032 4948 3245 5021 poterit
3275 4948 3490 5017 facere,
3520 4949 3569 5006 si

1903 5055 2038 5095 cum
2087 5042 2315 5112 quanto
2381 5035 2578 5092 studio
2630 5050 2867 5091 neumte
2920 5033 3339 5106 disponantur,
3405 5038 3572 5091 curet

1901 5143 2246 5200 agnoscere.

1974 5254 2057 5310 Ita
2084 5252 2264 5323 igitur
2291 5250 2693 5322 disponuntur
2710 5262 2913 5316 voces,
2943 5252 3010 5305 ut
3029 5249 3449 5323 unusquisque
3473 5260 3567 5307 so-

1902 5352 2036 5409 nus,
2069 5338 2511 5415 quantumlibet
2539 5338 2597 5393 in
2623 5342 2804 5395 cantu
2833 5341 3155 5411 repetatur,
3183 5337 3244 5393 in
3266 5352 3390 5395 uno
3415 5351 3566 5395 sem-

1902 5442 2009 5506 per
2036 5435 2091 5487 et
2116 5442 2227 5486 suo
2257 5427 2467 5485 ordine
2497 5427 2849 5484 inveniatur.
2884 5430 3044 5494 Quos
3070 5426 3332 5494 ordines,
3361 5432 3564 5485 utme-

1899 5522 2015 5579 lius
2043 5519 2242 5595 possis
2271 5518 2624 5586 discernere,
2672 5515 2878 5590 spissae
2921 5517 3224 5575 ducuntur
3258 5515 3449 5585 linem,
3507 5518 3566 5572 et

1899 5610 2151 5689 quidam
2176 5607 2419 5668 ordines
2447 5624 2666 5668 vocum
2692 5607 2755 5666 in
2781 5606 2930 5684 ipsis
2942 5607 3096 5665 ﬁunt
3110 5605 3563 5681 Machanidam
