3980 6176
433 167 539 222 415

431 393 704 435 nearum.

507 519 988 593 Quanticumque
1017 535 1160 592 ergo
1182 521 1314 577 soni
1337 521 1399 578 in
1431 536 1552 577 una
1579 520 1738 576 linea
1764 517 1860 576 vel
1885 517 1947 574 in
1969 531 2092 572 uno

437 609 633 684 spatio
663 613 820 678 sunt,
849 626 1061 666 omnes
1093 611 1358 668 similiter
1405 615 1640 667 sonant.
1697 612 1763 666 Ut
1793 611 1994 664 autem
2038 608 2095 661 et

432 700 582 758 illud
610 699 923 770 intelligas,
954 705 1196 773 quantae
1225 701 1396 758 linem
1433 701 1528 758 vel
1557 700 1750 774 spatia
1779 713 1971 754 unum
1989 697 2093 752 ha-

434 792 579 849 bent
599 806 836 858 sonum,
871 791 1236 863 quibuslibet
1263 792 1434 848 lineis
1459 790 1554 847 vel
1583 789 1787 864 spatiis
1808 787 2092 862 quaedam

435 881 639 938 litterae
667 879 742 934 de
769 881 1182 938 monochordo
1203 882 1684 954 prae-ﬁgurantur,
1707 884 1884 953 atque
1915 877 2095 935 etiam

439 969 668 1027 colores
694 969 1180 1041 superducuntur
1212 989 1224 1025 :
1259 971 1420 1026 unde
1447 971 1627 1026 datur
1656 969 1918 1039 intelligi,
1951 966 2096 1040 quia

439 1062 503 1118 in
531 1063 652 1116 toto
683 1058 1104 1130 antiphonario
1129 1065 1186 1116 et
1204 1059 1265 1116 in
1296 1061 1460 1116 omni
1483 1066 1664 1116 cantu
1687 1063 2097 1132 quantaecum-

440 1166 559 1223 que
587 1148 753 1204 lineae
782 1147 877 1204 vel
904 1147 1098 1220 spatia
1124 1165 1314 1204 unum
1343 1149 1743 1222 eamdemque
1763 1147 1988 1203 habent
2015 1145 2100 1200 lit-

442 1244 631 1296 teram
659 1237 755 1293 vel
784 1237 1066 1293 eumdem
1088 1238 1372 1310 colorem,
1422 1239 1502 1294 ita
1528 1255 1635 1311 per
1664 1238 1869 1294 omnia
1900 1235 2100 1293 simili-

442 1333 530 1384 ter
560 1330 797 1396 sonant,
831 1332 1122 1399 tanquam
1155 1327 1205 1382 si
1225 1344 1436 1384 omnes
1491 1328 1553 1383 in
1603 1344 1725 1384 una
1771 1327 1929 1384 linea
1955 1326 2098 1382 fuis-

445 1416 594 1480 sent,
625 1411 769 1484 quia
799 1410 949 1467 sicut
993 1411 1150 1469 linea
1200 1413 1490 1470 unitatem
1539 1429 1846 1480 sonorum,
1874 1412 1956 1468 ita
1992 1426 2100 1482 per

444 1501 649 1558 omnia
675 1501 867 1558 littera
918 1501 1014 1558 vel
1064 1503 1227 1559 color
1270 1504 1558 1560 unitatem
1598 1503 1894 1573 signiﬁcat
1920 1502 2102 1558 linea-

444 1603 601 1658 rum,
626 1603 694 1642 ac
725 1602 833 1659 per
860 1587 974 1642 hoc
1001 1589 1180 1643 etiam
1213 1605 1520 1644 sonorum.

517 1677 739 1739 Quodsi
769 1677 1106 1732 secundum
1135 1677 1408 1734 ordinem
1434 1694 1719 1735 sonorum
1752 1678 1830 1734 ab
1853 1678 1990 1752 ipsa
2018 1676 2106 1733 lit-

449 1773 574 1825 tera
603 1767 695 1823 vel
723 1766 987 1822 colorota
1015 1767 1171 1824 linea
1210 1767 1433 1840 ubique
1486 1767 1787 1841 inspicias,
1847 1773 1904 1824 et
1956 1767 2103 1824 illud

449 1861 650 1929 aperte
681 1871 1028 1925 cognosces,
1087 1858 1225 1929 quia
1258 1858 1319 1913 in
1372 1859 1656 1916 omnibus
1709 1859 1988 1915 secundis
2015 1874 2107 1914 or-

450 1945 692 2001 dinibus
721 1945 934 2001 eadem
963 1962 1184 2002 vocum
1222 1953 1279 2004 et
1329 1965 1690 2006 neumarum
1743 1956 1834 2007 est
1886 1949 2100 2006 unitas.

455 2034 727 2092 Similiter
747 2035 821 2090 de
855 2037 1022 2092 tertio
1051 2037 1144 2093 vel
1173 2043 1388 2110 quarto
1418 2040 1626 2096 ordine
1656 2045 1712 2096 et
1739 2040 1982 2112 reliquis
2015 2039 2106 2095 in-

453 2124 667 2195 tellige,
716 2125 840 2181 sive
916 2126 1250 2198 superiores
1313 2128 1432 2184 sive
1506 2129 1812 2186 inferiores
1865 2130 2106 2188 ordines

453 2229 682 2270 cernas.

527 2303 706 2372 Igitur
760 2304 1083 2360 certissime
1131 2310 1384 2378 constat,
1414 2308 1558 2380 quia
1608 2325 1818 2365 omnes
1869 2325 2106 2366 neumee

454 2386 548 2442 vel
578 2387 708 2442 soni
737 2387 799 2442 in
824 2388 1095 2458 ejusdem
1125 2389 1326 2446 litterae
1349 2392 1442 2448 vel
1471 2393 1685 2449 coloris
1715 2394 1884 2450 lineis
1903 2394 2108 2450 simili-

458 2480 542 2533 ter
588 2476 783 2548 positi,
841 2477 934 2533 vel
988 2478 1349 2537 dissimiliter
1397 2481 1651 2539 litterata
1702 2483 1794 2539 vel
1846 2485 2111 2540 colorata

453 2565 613 2621 linea
640 2565 860 2637 pariter
880 2566 1160 2639 elongati,
1193 2585 1299 2640 per
1327 2571 1532 2627 omnia
1562 2571 1826 2628 similiter
1853 2577 2105 2628 sonant:

455 2649 517 2704 in
548 2649 794 2704 diversis
827 2655 1027 2706 autem
1058 2652 1228 2709 lineis
1257 2655 1350 2710 vel
1381 2656 1584 2728 spatiis
1636 2657 1816 2713 etiam
1844 2657 2112 2713 similiter

455 2737 626 2794 factae
654 2753 891 2795 neuma:
917 2755 1308 2814 nequaquam
1362 2744 1628 2801 similiter
1675 2751 1910 2802 sonant.
1945 2745 2113 2802 Ideo-

455 2842 574 2898 que
602 2827 879 2898 quamvis
906 2828 1165 2900 perfecta
1197 2831 1273 2886 sit
1299 2833 1566 2904 positura
1596 2851 1976 2904 neumarum,
2006 2851 2115 2890 caa-

458 2931 529 2970 ca
558 2915 808 2970 omnino
837 2922 943 2987 est,
972 2924 1029 2974 et
1043 2919 1187 2974 nihil
1214 2920 1371 2977 valet
1392 2922 1519 2979 sine
1550 2923 1933 2994 adjunctione
1962 2924 2115 2980 litte-

456 3019 659 3058 rarum
693 3004 785 3059 vel
806 3006 1094 3064 colorum.

531 3094 690 3148 Duos
715 3095 875 3150 enim
903 3096 1132 3154 colores
1174 3100 1478 3172 ponimus,
1533 3120 1777 3160 crocum
1817 3105 2036 3162 scilicet
2065 3111 2121 3163 et

457 3183 734 3256 rubeum,
767 3200 875 3257 per
898 3202 1051 3258 quos
1098 3188 1326 3246 colores
1374 3191 1548 3248 valde
1570 3193 1770 3250 utilem
1823 3194 1925 3251 tibi
1947 3212 2117 3266 regu-

459 3272 583 3329 1am
638 3275 832 3346 trado,
890 3293 997 3349 per
1052 3295 1238 3352 quam
1301 3282 1607 3353 aptissime
1663 3300 1990 3355 cognosces
2042 3285 2117 3341 de

458 3363 624 3418 omni
645 3380 869 3421 neuma
899 3370 956 3422 et
988 3384 1350 3442 unaquaque
1371 3387 1539 3438 voce,
1564 3373 1639 3427 de
1660 3373 1826 3444 quali
1852 3380 1991 3430 tono
2022 3375 2114 3445 sit,

459 3455 516 3505 et
539 3451 614 3506 de
643 3451 806 3522 quali
830 3453 1021 3509 littera
1050 3457 1445 3513 monochordi
1478 3477 1490 3514 :
1527 3459 1574 3513 si
1597 3465 1818 3529 tamen,
1851 3467 1916 3517 ut
1942 3462 2117 3519 valde

458 3542 545 3594 est
573 3544 1005 3610 opportunum,
1057 3545 1538 3602 monochordum
1591 3555 1648 3605 et
1694 3554 1974 3606 tonorum
2004 3551 2118 3607 for-

459 3627 656 3682 mulas
680 3627 741 3682 in
761 3628 1054 3700 frequenti
1078 3632 1304 3688 habeas
1330 3651 1462 3692 usu.

533 3735 770 3807 Septem
816 3752 958 3792 vero
1026 3743 1164 3794 sunt
1216 3739 1419 3798 littera
1492 3747 1909 3818 monochordi,
1969 3749 2122 3806 sicut

445 3821 693 3894 plenius
715 3829 923 3896 postea
947 3828 1318 3885 monstrabo.
1381 3831 1750 3906 Ubicumque
1780 3852 1922 3908 ergo
1961 3838 2120 3894 vide-

457 3910 539 3965 ris
570 3927 834 3983 crocum,
859 3913 991 3986 ipsa
1019 3921 1108 3971 est
1137 3916 1327 3974 littera
1358 3921 1526 3977 tertia
1557 3923 1617 3978 C.
1664 3928 1722 3978 et
1750 3923 2120 3994 ubicumque

459 4000 676 4056 videris
706 4003 981 4071 minium,
1009 4004 1142 4078 ipsa
1171 4012 1262 4063 est
1308 4008 1498 4066 littera
1523 4016 1688 4067 sexta
1718 4013 1776 4067 F.
1821 4013 1942 4068 sive
1968 4012 2031 4068 in
2059 4011 2122 4067 li-

460 4090 608 4155 neis,
661 4091 784 4146 sive
855 4093 1008 4148 inter
1067 4094 1257 4151 lineas
1317 4097 1429 4171 ipsi
1511 4099 1809 4157 ducantur
1872 4102 2118 4159 colores.

463 4181 644 4249 Igitur
672 4180 839 4236 tertio
869 4182 1077 4240 ordine
1111 4185 1226 4241 sub
1276 4203 1451 4244 croco
1471 4189 1668 4261 prima
1692 4196 1780 4246 est
1834 4193 2024 4250 littera
2053 4200 2120 4251 A.

462 4273 524 4322 in
571 4283 694 4339 qua
744 4273 921 4326 tonus
977 4287 1206 4343 primus
1259 4275 1358 4346 (et)
1414 4277 1508 4333 vel
1561 4280 1907 4338 secundus:
1943 4299 2126 4356 super

462 4357 621 4413 hanc
642 4358 814 4428 juxta
842 4376 1085 4417 crocum
1115 4364 1382 4420 secunda
1426 4365 1617 4423 littera
1668 4371 1726 4424 Β.
1767 4369 1828 4426 in
1872 4386 1994 4444 qua
2037 4375 2127 4429 est

464 4449 640 4501 tonus
662 4447 864 4502 tertius
921 4448 1015 4503 vel
1045 4456 1314 4522 quartus.
1379 4454 1600 4511 Deinde
1655 4456 1717 4512 in
1759 4457 1891 4531 ipso
1948 4475 2123 4517 croco

464 4540 556 4592 est
578 4552 695 4591 vox
726 4535 808 4607 (id
838 4539 944 4608 est)
975 4539 1066 4595 vel
1100 4538 1293 4597 littera
1311 4543 1481 4599 tertia
1501 4544 1560 4598 C.
1589 4545 1648 4600 in
1679 4563 1802 4619 qua
1827 4553 1918 4605 est
1944 4552 2124 4605 tonus

465 4625 710 4698 quintus
740 4631 797 4682 et
825 4633 1044 4684 sextus.
1095 4629 1294 4686 Vicina
1349 4648 1527 4705 super
1577 4651 1821 4692 crocum
1871 4642 1927 4694 et
1954 4639 2124 4694 tertia

466 4715 580 4772 sub
612 4716 819 4786 minio,
852 4723 939 4772 est
984 4713 1175 4776 littera
1217 4726 1426 4793 quarta
1485 4726 1549 4779 D.
1573 4725 1634 4780 in
1663 4742 1786 4798 qua
1814 4732 1901 4782 est
1947 4733 2125 4784 tonus

466 4803 698 4876 primus
729 4804 820 4860 vel
851 4807 1173 4863 secundus.
1226 4810 1507 4868 Proxima
1556 4817 1648 4868 est
1679 4813 1883 4871 mimio
1912 4816 2125 4888 quinta

469 4896 529 4948 E.
559 4895 618 4949 in
649 4911 772 4968 qua
814 4899 991 4951 tonus
1030 4899 1234 4954 tertius
1290 4900 1378 4956 vel
1433 4907 1701 4974 quartus.
1739 4907 1803 4958 ln
1849 4904 1985 4977 ipso
2036 4910 2128 4962 est

469 4983 656 5039 minio
694 4985 885 5042 littera
909 4991 1077 5044 sexta
1130 4991 1185 5044 [ι’.
1229 4989 1289 5044 in
1341 5007 1466 5063 qua
1512 4996 1688 5047 tonus
1730 4993 1975 5066 quintus
2033 4995 2128 5052 vel

470 5076 694 5128 sextus.
722 5077 894 5130 Juxta
926 5091 1104 5148 super
1142 5077 1394 5134 minium
1427 5081 1680 5154 septima
1708 5086 1796 5137 est
1821 5085 1884 5139 G.
1916 5083 1976 5138 in
2007 5100 2129 5157 qua

472 5167 648 5218 tonus
701 5167 990 5238 septimus
1034 5167 1128 5223 vel
1170 5171 1436 5224 octavus.
1496 5169 1715 5226 Deinde
1739 5172 1936 5244 prima
1965 5189 2129 5247 repe-

472 5253 612 5310 titur
641 5271 695 5311 a.
726 5255 894 5312 tertio
921 5256 1126 5313 ordine
1158 5273 1338 5331 super
1363 5258 1616 5315 minium
1647 5265 1704 5317 et
1728 5261 1895 5319 tertio
1927 5263 2130 5320 subter

473 5357 738 5411 crocum,
765 5343 826 5399 in
853 5361 976 5418 qua
1005 5349 1182 5402 tonus
1223 5347 1453 5420 primus
1510 5350 1611 5421 (et)
1667 5350 1758 5406 vel
1805 5351 2126 5420 secundus,

472 5435 538 5487 ut
567 5431 794 5487 dictum
816 5437 925 5489 est.
951 5435 1086 5490 Post
1142 5451 1330 5508 quam
1354 5452 1567 5493 omnes
1600 5437 1730 5495 aliae
1778 5437 2131 5494 reiterantur

473 5519 776 5594 prioribus
805 5520 868 5576 in
895 5521 1061 5578 nullo
1091 5522 1432 5581 dissimiles.
1466 5528 1608 5592 Quae
1647 5527 1852 5584 omnia
1895 5527 2131 5600 plenius

473 5609 603 5668 haec
628 5613 683 5668 te
704 5609 902 5682 ﬁgura
927 5609 1182 5669 docebit.

1814 156 2148 214 GUIDONIS
2183 121 2464 214 meum
2557 172 2560 179 ι
3742 145 3834 201 416

433 303 577 344 vero
605 288 757 344 inter
775 285 962 343 lineas
985 286 1048 342 in
1104 285 1306 344 medio
1352 285 1663 344 intervallo
1709 291 1768 344 et
1794 284 1986 358 spatio
2013 280 2085 338 li-
2123 286 2173 342 Α

2786 271 3289 399 ιιὲΙιι.

2772 431 2914 541 V.|
3010 431 3048 541 (ἐ
3139 431 3296 541 IVI.

2751 564 2842 617 Ill.
2905 555 2916 686 Ι
3003 555 3064 686 Η
3139 555 3152 686 Ι
3211 555 3296 609 ιν.

2791 689 2832 742 Ι.
2906 678 2916 743 Ι
3007 678 3064 743 a'
3141 678 3290 743 ΙΙΙ·

2755 772 2918 900 ml
3009 772 3050 900 ξ
3142 772 3335 900 mw

2777 886 3302 970 v.l?|V1-

2762 976 2918 1059 11].]
3014 1017 3047 1059 θ
3146 976 3306 1059 ΙΙΙΙΙ.

2793 1087 2834 1138 ι.
2908 1066 2918 1147 Ι
3001 1091 3065 1147 d.
3147 1066 3159 1147 |
3233 1066 3294 1117 “-

2784 1152 2920 1235 V.l
3011 1195 3064 1235 c.
3149 1152 3309 1235 IVI'

2759 1263 2849 1316 ιη.
2909 1242 2921 1347 Ι
3018 1254 3076 1347 ω
3150 1242 3314 1347 1111111.

2795 1329 2922 1411 Ι.Ι
3019 1329 3075 1411 3'
3151 1329 3164 1411 I
3237 1329 3300 1381 "°

2760 1415 2924 1500 vu.|
3017 1445 3058 1500 G
3153 1415 3339 1500 Iw"-

2785 1505 3324 1588 v.|Fl‘”°

2761 1595 2927 1675 IIl.l
3023 1623 3062 1675 E
3154 1595 3319 1675 lu"-

2801 1681 3309 1762 1.|D|"-

2792 1771 2929 1852 v.|
3029 1797 3068 1852 ι]
3157 1771 3324 1852 IV"

2763 1860 2928 1940 ml
3027 1886 3066 1938 Β
3157 1860 3323 1940 lu“-

2801 1949 3310 2028 Ι.ΙΑΙΠ·

2767 2037 2928 2116 vu.|
3027 2065 3065 2112 r
3161 2037 3348 2116 ΙἮΠ·

2289 2166 2575 2238 Quamvis
2604 2170 2806 2222 autem
2836 2165 2959 2222 duo
2980 2151 3218 2236 semper
3242 2157 3366 2216 toni
3393 2157 3455 2212 in
3488 2171 3611 2211 una
3639 2153 3761 2209 sint
3784 2151 3867 2207 lit-

2216 2267 2342 2320 tera
2374 2257 2468 2315 vel
2495 2272 2664 2324 voce,
2696 2260 2902 2312 tamen
2931 2253 3120 2310 multo
3149 2248 3364 2307 melius
3409 2250 3467 2303 et
3513 2242 3871 2316 frequentius

2216 2347 2578 2408 conveniunt
2600 2343 2852 2415 singulis
2873 2341 3109 2400 neumis
3138 2357 3208 2397 ac
3267 2335 3430 2394 sonis
3473 2332 3751 2391 formulae
3798 2347 3899 2395 ser

2217 2433 2399 2493 eundi
2427 2431 2570 2497 toni,
2596 2428 2814 2502 quarti,
2857 2427 3006 2484 sexti
3049 2431 3107 2482 et
3142 2421 3358 2482 octavi.
3415 2424 3564 2476 Nam
3609 2415 3874 2474 formulae

2216 2522 2416 2599 primi,
2449 2517 2819 2592 tertii,quinti
2848 2521 2906 2573 et
2934 2514 3172 2589 septimi
3192 2528 3316 2569 non
3347 2508 3740 2578 conveniunt,
3772 2504 3874 2562 nisi

2219 2597 2359 2670 cum
2381 2615 2591 2667 cantus
2618 2608 2697 2664 ab
2719 2608 2839 2664 alto
2871 2604 3243 2663 descendens
3275 2601 3338 2658 in
3359 2615 3603 2671 gravem
3634 2597 3881 2654 devene-

2221 2703 2293 2760 rit
2324 2702 2528 2757 tinem.

2294 2789 2442 2847 Illud
2471 2786 2716 2844 tandem
2745 2800 3065 2858 cognosce,
3097 2781 3264 2856 quod
3292 2780 3343 2836 si
3369 2779 3460 2835 vis
3515 2778 3576 2834 in
3605 2776 3700 2833 his
3735 2773 3883 2832 notis

2222 2880 2533 2955 proﬁcere,
2565 2891 2807 2933 necesse
2838 2878 2929 2931 est
2954 2877 3020 2930 ut
3041 2872 3384 2946 aliquantos
3405 2872 3618 2926 cantus
3646 2866 3734 2922 ita
3765 2879 3882 2955 me:

2147 2989 2189 3045 ς,
2224 2949 2470 3026 Ξηοινίῐθτ
2494 2965 2717 3035 discas,
2757 2968 2823 3020 ut
2846 2979 2953 3037 per
2981 2960 3248 3030 singulas
3273 2973 3528 3014 neumas
3551 2955 3777 3010 modos
3809 2949 3887 3007 vel

2228 3073 2409 3114 sonos
2440 3071 2675 3122 omnes,
2704 3054 2829 3127 qui,
2860 3051 2955 3108 vel
2978 3049 3189 3122 quales
3219 3046 3355 3113 sint,
3394 3044 3746 3099 memoriter
3767 3057 3886 3097 sen-

2226 3143 2539 3212 tias.Quod
2551 3142 2800 3216 quidem
2809 3140 2987 3208 longe
3003 3135 3166 3192 aliud
3179 3139 3267 3190 est
3289 3129 3632 3188 memoriter
3651 3145 3884 3203 sapere,

2225 3251 2414 3309 quam
2443 3231 2786 3290 memoriter
2806 3243 3038 3292 canere,
3060 3240 3200 3280 cum
3210 3221 3355 3278 illud
3374 3219 3484 3277 soli
3505 3218 3786 3276 habeant
3805 3235 3888 3274 sa-

2225 3325 2478 3398 pientes,
2510 3321 2624 3376 hoc
2650 3318 2741 3374 vel
2771 3332 2929 3389 saepe
2958 3313 3178 3371 faciant
3198 3310 3626 3398 imprudentes.
3655 3310 3732 3366 Et
3760 3309 3886 3364 sim-

2225 3397 2482 3487 plicibus
2511 3408 2756 3483 quidem
2785 3405 2864 3462 ad
2893 3401 3347 3474 cognoscendas
3386 3397 3738 3472 simpliciter
3759 3413 3889 3453 neu-

2226 3518 2359 3558 mas
2389 3501 2502 3556 ista
2551 3495 2867 3552 sufﬁciant.
2926 3490 3245 3560 Quomodo
3303 3493 3506 3546 autem
3557 3487 3888 3559 liquescant

2225 3591 2488 3655 voces,et
2507 3602 2585 3643 an
2607 3584 2980 3641 adhaerenter
3008 3580 3099 3637 vel
3126 3579 3378 3635 discrete
3411 3581 3642 3633 sonent.
3675 3577 3882 3641 Quaeve

2228 3679 2346 3734 sint
2369 3691 2624 3733 morosae
2647 3678 2705 3730 et
2724 3671 3013 3742 tremulae,
3029 3675 3084 3726 et
3115 3665 3564 3734 subitaheteﬁel
3582 3663 3886 3738 quomodo

2227 3767 2525 3824 cantilena
2555 3761 3040 3821 distinctionibus
3069 3758 3395 3828 dividatur,
3449 3761 3507 3812 et
3529 3771 3607 3812 an
3635 3772 3762 3812 vox
3811 3769 3865 3809 se

2227 3873 2420 3931 quens
2450 3855 2530 3912 ad
2586 3853 3028 3928 praecedentem
3079 3848 3335 3921 gravior,
3366 3846 3460 3903 vel
3505 3845 3759 3912 acutior,
3805 3841 3884 3899 vel

2230 3946 2542 4019 (equisone.
2571 3943 2644 4000 sit
2672 3941 2830 3998 facili
2885 3938 3184 4013 colloquio
3232 3937 3294 3992 in
3347 3936 3479 4010 ipsa
3530 3949 3882 3991 neumarum

2229 4037 2425 4105 ﬁgura
2445 4035 2831 4098 monstratur,
2865 4029 2933 4098 si,
2961 4033 3027 4084 ut
3053 4027 3295 4093 debent,
3321 4041 3394 4082 ex
3412 4024 3711 4081 industria
3733 4039 3882 4079 com-

2229 4128 2552 4197 ponantur.

2880 4189 3242 4246 EPILOGUS.

2269 4286 2354 4341 De
2379 4282 2690 4340 modorum
2719 4279 3004 4351 famulis
3029 4283 3083 4334 et
3117 4281 3404 4333 cantuum
3443 4274 3851 4347 qualitatibus.

2301 4376 2528 4429 Vocum
2557 4370 2801 4438 modus,
2832 4372 3100 4424 veterum
3129 4365 3324 4422 editus
3351 4363 3883 4435 voto,dlsgregatus

2231 4479 2269 4520 a
2288 4477 2431 4518 vero
2461 4465 2518 4518 et
2540 4463 2701 4516 recto
2731 4456 3026 4514 cantionis
3048 4458 3348 4526 genere,et
3374 4454 3436 4510 in
3466 4452 3882 4509 chromaticam

2232 4552 2541 4610 mollitiem
2573 4549 2867 4606 deductus
2898 4547 2978 4603 ob
3020 4545 3266 4602 rationis
3295 4543 3611 4619 penuriam
3638 4557 3786 4598 num
3815 4539 3882 4594 ad

2229 4640 2492 4716 priorem
2525 4642 2748 4694 statum
2798 4635 3025 4706 labore,
3083 4633 3244 4690 haud
3279 4631 3434 4689 facili
3480 4631 3763 4687 reductus
3786 4631 3881 4684 est.

2232 4729 2462 4786 Etenim
2483 4726 2627 4800 quia
2655 4725 2800 4798 (qui)
2837 4724 2916 4781 ab
2946 4721 3294 4781 auctoribus
3315 4726 3404 4778 est
3445 4720 3664 4788 editus,
3696 4717 3884 4775 mode-

2231 4815 2871 4886 raminisiamjamque
2901 4811 3189 4883 gravitate
3208 4809 3470 4866 carebat.
3496 4812 3610 4865 Nec
3640 4807 3881 4870 mirum;

2233 4923 2373 4962 cum
2402 4905 2563 4962 enim
2593 4904 2905 4960 existerent
2934 4900 3206 4974 quidam,
3225 4898 3330 4973 qui
3348 4899 3517 4954 illum
3543 4897 3781 4954 aurium
3800 4910 3883 4950 ar-

2232 4995 2408 5052 bitrio
2444 4991 2870 5061 commiserint,
2922 4989 3175 5063 quidam
3223 5005 3366 5045 vero
3391 4987 3607 5061 potiori
3657 4989 3884 5056 agentes

2235 5083 2485 5141 consilio
2514 5080 2845 5138 rationibus
2878 5079 3272 5150 adsignarint,
3306 5077 3561 5150 utrique,
3592 5081 3772 5150 prout
3790 5089 3882 5129 vo-

2234 5175 2434 5230 luntas
2491 5171 2644 5241 tulit,
2703 5169 2925 5226 diversi
2970 5169 3212 5226 diversa
3255 5168 3638 5242 scripserunt.
3698 5170 3884 5236 Itaque

2235 5266 2414 5336 prout
2441 5275 2789 5334 possumus,
2819 5258 3067 5316 rationis
3123 5257 3525 5332 speculatores
3557 5259 3883 5329 sequentes,

2235 5351 2493 5408 breviter
2520 5354 2579 5407 et
2598 5347 2845 5406 strictim
2868 5363 3333 5422 prosequamur.

2893 5439 3252 5494 CAPITULA.

2241 5536 2291 5587 I.
2317 5533 2396 5586 De
2426 5528 2688 5586 motione
2719 5531 2778 5584 et
2802 5527 2963 5584 vocis
2987 5525 3284 5595 acumine,
3308 5541 3415 5582 seu
3442 5523 3754 5597 gravitate.

2240 5625 2296 5680 2.
2328 5621 2410 5678 De
2427 5617 2758 5691 integritate
2776 5620 2835 5677 et
2855 5613 3272 5680 diminutione.
