3980 6176
209 181 314 235 417

1411 171 1708 231 meum
1745 169 1836 225 DE
1871 164 2130 224 IGNOTO
2171 141 2422 226 CANTU.

3514 179 3621 234 418

215 305 266 358 3.
297 303 376 357 De
402 297 816 367 consonantia,
851 314 956 355 seu
983 298 1186 354 minus
1207 296 1626 355 convenientia
1647 309 1867 352 vocum
1898 295 1945 347 Α
1972 291 2150 347 mulis
2180 292 2474 350 similibus
2519 293 2850 364 elevantur,
2909 312 2980 354 ac
3032 312 3155 354 una
3205 298 3622 372 deponuntur:

283 389 652 447 earumdem.

209 482 260 535 4.
294 479 373 534 De
406 476 795 534 afﬁnitatibus
823 476 1195 534 diversarum
1227 493 1468 534 vocum.
1503 479 1582 532 De
1622 473 1866 548 proprio

279 566 376 623 vel
402 566 694 633 adiectivo
725 565 1018 622 accidenti
1047 565 1389 638 unicuique.

209 657 289 711 De
311 654 636 710 modorum
661 658 920 727 quatuor
947 654 1284 725 generibus,
1313 669 1642 726 eorumque
1681 649 1865 725 parti-

279 745 441 800 tione
461 760 608 800 cum
633 743 1044 800 differentibus
1075 743 1577 799 distinctionibus.

208 836 289 890 De
315 832 588 889 formulis
616 832 1106 903 differentiarum,
1138 837 1196 889 et
1238 848 1446 889 earum
1490 829 1868 905 proprietati-

277 922 478 1067 :uVs/bx
503 1013 592 1066 est
615 1025 717 1066 aer
743 1009 896 1066 ictus
943 1009 1152 1066 auditu
1202 1009 1515 1075 sensibilis,
1570 1011 1866 1081 quantum

205 1099 268 1156 in
289 1099 423 1172 ipso
452 1102 558 1155 est.
604 1099 809 1157 Omnis
860 1103 1061 1155 autem
1099 1115 1218 1155 vox
1265 1102 1370 1155 aut
1417 1102 1506 1154 est
1559 1097 1862 1162 continua,

205 1193 313 1245 aut
338 1188 550 1245 divisa.
585 1188 880 1246 Continua
909 1192 1015 1256 est,
1045 1187 1150 1243 ubi
1178 1187 1262 1243 sic
1293 1203 1357 1243 se
1422 1202 1641 1243 vocum
1672 1184 1864 1258 sequi-

204 1284 302 1335 tur
333 1274 504 1348 ordo,
528 1281 592 1334 ut
641 1277 821 1333 unius
868 1277 1026 1348 ﬁnis,
1086 1276 1448 1349 alteriusque
1502 1274 1862 1348 principium

203 1366 463 1423 discerni
487 1365 655 1422 facile
682 1381 805 1422 non
830 1364 1020 1439 possit
1051 1384 1064 1433 ;
1089 1365 1241 1421 sicut
1266 1364 1332 1420 ﬁt
1361 1380 1501 1420 cum
1524 1364 1585 1419 in
1642 1362 1862 1418 caelesti

205 1472 350 1512 arcu
389 1456 660 1513 colorum
698 1454 1084 1512 habitudines
1141 1458 1500 1528 spectamus.
1556 1453 1646 1509 Sic
1699 1452 1862 1508 enim

203 1545 430 1602 rubens
451 1545 729 1613 cernitur,
753 1550 820 1600 ut
875 1549 1076 1600 tamen
1131 1544 1261 1615 ejus
1305 1543 1534 1599 initium
1592 1541 1683 1598 vel
1724 1541 1862 1596 ﬁnis

1973 380 2133 437 unde
2158 386 2215 438 et
2239 387 2492 457 utraque
2516 389 2691 458 proto
2722 386 3166 444 adscribuntur.
3188 389 3376 444 Tertia
3403 405 3546 445 vero
3569 393 3626 446 et

1976 471 2229 542 septima
2248 476 2445 529 ternas
2476 474 2837 533 elevationes
2867 493 2938 533 ac
2994 476 3173 533 binas
3224 477 3624 550 depositiones

1972 560 2217 629 habent,
2251 563 2588 638 similesque
2617 566 2845 622 deuteri
2876 567 3042 624 modi
3064 572 3318 625 exstant.
3352 571 3497 624 Nam
3540 583 3626 623 er-

1975 664 2050 719 go
2071 657 2284 722 quarta
2313 670 2450 709 cum
2498 661 2710 713 octava
2760 657 2960 713 minus
3010 657 3070 713 in
3119 674 3242 714 una
3299 657 3628 714 elevatione

1976 741 2355 798 conveniunt.
2389 746 2868 820 Notandumque,
2918 747 3063 820 quia
3109 747 3289 804 unius
3347 747 3442 804 ha:
3498 761 3628 803 esse

1974 827 2250 886 dicantur
2277 833 2462 902 modi,
2485 851 2620 907 quae
2652 836 2976 894 elevatione
3004 838 3201 909 magis
3235 838 3623 895 conveniunt.

1977 920 2120 984 Quae
2148 923 2424 992 quamvis
2453 925 2630 980 unius
2660 942 2787 983 esse
2811 928 3084 984 dicantur
3112 928 3298 997 modi,
3331 928 3624 985 habentes

1978 1007 2204 1064 similes
2262 1011 2621 1068 elevationes
2669 1020 2726 1070 et
2775 1015 3198 1088 depositiones,
3281 1017 3624 1073 nullatenus

1973 1100 2176 1154 tamen
2202 1099 2407 1173 aliqua
2436 1117 2509 1156 ex
2539 1102 2632 1157 his
2658 1119 2796 1160 eum
2829 1104 3030 1178 aliqua
3085 1106 3196 1162 sibi
3250 1106 3622 1179 depositione

1972 1188 2362 1244 concordanti
2389 1190 2721 1247 elevatione
2751 1194 3092 1264 concordat,
3117 1200 3222 1250 aut
3249 1193 3624 1251 convenienti

1971 1277 2033 1333 in
2060 1278 2384 1336 elevatione
2405 1281 2763 1354 depositioni
2784 1285 3126 1341 concordat.

2044 1367 2129 1422 1V.
2166 1371 2551 1442 Unaquaeque
2584 1387 2720 1426 vero
2748 1388 2969 1428 vocum
2998 1373 3179 1429 habet
3208 1373 3432 1446 aliquid
3486 1389 3625 1445 pro-

1973 1457 2194 1528 prium,
2225 1458 2373 1513 dum
2405 1476 2614 1516 earum
2642 1461 2904 1518 afﬁnitas
2925 1479 3048 1518 non
3074 1480 3147 1518 ex
3172 1467 3294 1519 toto
3350 1463 3627 1519 acumine

1969 1545 2064 1600 vel
2085 1546 2369 1614 gravitate
2401 1549 2788 1620 concordant,
2822 1557 2877 1607 et
2907 1552 3109 1625 aliqua
3132 1568 3371 1625 semper
3422 1550 3627 1606 simili-

202 1637 632 1710 comprehendi
664 1652 787 1692 non
805 1635 1020 1691 valeat.
1053 1635 1144 1693 Sic
1175 1641 1265 1690 est
1289 1634 1349 1690 in
1373 1633 1634 1706 reliquis.
1665 1632 1864 1689 Divisa
1899 1646 1938 1699 B
1971 1634 2174 1691 tudine
2207 1653 2344 1692 eum
2371 1640 2667 1695 extraneis
2721 1641 3148 1710 admiscentur,
3203 1642 3265 1698 id
3325 1646 3430 1708 est,
3488 1656 3626 1695 cum

200 1741 366 1793 vero,
398 1742 534 1798 quae
562 1725 909 1794 singillatim
941 1724 1254 1796 profertur.
1281 1723 1448 1780 Nulla
1474 1737 1616 1778 vero
1631 1737 1742 1776 vox
1771 1720 1859 1790 ﬁt,

199 1814 319 1870 nisi
338 1819 541 1870 motus
568 1813 887 1887 praecedat.
935 1813 1307 1869 Praecedente
1338 1816 1538 1867 autem
1568 1816 1756 1876 motu,
1812 1809 1861 1864 si

199 1902 385 1959 fuerit
404 1903 600 1974 velox,
626 1903 936 1976 spissiores
965 1908 1022 1959 et
1062 1903 1356 1959 acutiores
1408 1901 1605 1958 reddit
1657 1915 1856 1970 voces,

194 1991 253 2047 si
289 1998 491 2048 autem
520 2009 711 2060 rarus,
743 2007 952 2062 graves
982 1997 1038 2048 et
1069 1991 1412 2063 grossiores.

269 2082 497 2138 Musica
523 2099 639 2138 vox
670 2081 737 2137 ﬁt
765 2081 1046 2148 motione,
1075 2081 1260 2137 motio
1305 2085 1506 2138 autem
1559 2081 1741 2138 habet
1795 2080 1856 2136 in

195 2185 259 2226 se
290 2174 578 2226 tenorem.
609 2170 779 2233 Quod
829 2170 1222 2243 quantitatem
1266 2171 1547 2227 motionis
1581 2169 1857 2243 exsequi-

197 2263 331 2326 tur;
364 2258 445 2314 ita
475 2262 540 2314 ut
564 2258 614 2314 si
641 2263 843 2314 motus
872 2259 1044 2315 fuerit
1065 2246 1289 2328 brevis,
1349 2276 1682 2334 perparvus
1730 2259 1852 2315 exi-

198 2352 316 2405 stat
335 2353 393 2404 et
417 2353 620 2404 tenor:
657 2348 708 2403 si
735 2347 952 2416 maior,
984 2349 1342 2421 ampliorem
1386 2351 1633 2407 habebit
1687 2356 1853 2406 teno-

193 2453 342 2494 rem.
378 2437 629 2494 Musieus
650 2441 849 2494 autem
875 2443 1074 2495 motus
1101 2439 1168 2494 ﬁt
1193 2456 1295 2496 sex
1321 2440 1707 2496 solummodo
1729 2456 1855 2495 mo-

195 2526 308 2594 dis,
336 2526 397 2582 id
424 2531 528 2593 est,
562 2532 724 2595 tono,
754 2527 1090 2594 semitonio,
1119 2529 1499 2600 semiditono,
1537 2529 1632 2585 vel
1679 2529 1856 2584 tribe-

195 2613 468 2684 mitonio,
493 2613 723 2681 ditono,
749 2615 1126 2673 diatessaron
1170 2622 1227 2673 et
1282 2617 1582 2691 diapente.
1635 2617 1849 2673 Intueri

197 2718 340 2773 ergo
387 2702 548 2770 libet,
605 2709 671 2760 ut
725 2706 1060 2762 secundum
1111 2707 1277 2779 quod
1327 2707 1574 2762 creverit
1628 2711 1849 2777 motus,

194 2797 420 2848 crescat
449 2797 506 2849 et
527 2796 699 2849 tenor
731 2812 744 2862 ;
800 2794 968 2851 verbi
1003 2795 1196 2865 gratia
1227 2813 1240 2849 :
1300 2795 1546 2851 Ditonus
1596 2795 1850 2869 duplum

191 2885 426 2949 tonum,
456 2886 771 2955 propterea
795 2887 854 2939 et
877 2883 1136 2956 duplum
1159 2883 1406 2940 habebit
1433 2889 1718 2940 tenorem.
1751 2887 1850 2940 Te-

1919 1733 1924 1736 ’
1971 1725 2077 1790 eis,
2119 1726 2224 1799 qui
2244 1727 2484 1784 alterius
2511 1730 2677 1786 modi
2709 1736 2866 1798 sunt,
2900 1736 3104 1804 utpote
3156 1733 3221 1786 D.
3265 1736 3321 1787 et
3376 1736 3442 1787 A.
3489 1745 3626 1803 qua;

1970 1814 2180 1872 afﬁnes
2211 1824 2372 1889 sunt,
2404 1819 2464 1875 id
2494 1826 2598 1888 est,
2645 1821 2823 1876 unius
2878 1821 3042 1877 modi
3090 1838 3212 1878 non
3272 1827 3411 1878 sunt
3452 1827 3625 1894 proto

1970 1910 2095 1962 tum
2139 1909 2381 1979 similes,
2411 1909 2515 1965 sed
2543 1910 2885 1981 singillatim
2916 1911 3192 1984 proprias
3208 1912 3462 1968 retinent
3476 1928 3622 1984 qua-

1965 1995 2179 2067 litates,
2207 1999 2356 2055 dum
2388 2003 2450 2056 D.
2483 2000 2803 2073 deponitur
2827 2006 2991 2074 tono,
3020 2002 3355 2069 semitonio,
3406 2006 3462 2058 et
3517 2002 3621 2059 ite-

1965 2103 2102 2143 rum
2133 2087 2396 2145 elevatur
2424 2094 2588 2161 tono,
2617 2090 2930 2147 semitonio
2961 2091 3194 2159 tritono,
3227 2097 3284 2147 et
3335 2091 3620 2148 simidito-

1967 2190 2048 2230 no
2078 2193 2270 2249 usque
2296 2178 2375 2234 ad
2418 2178 2579 2234 aliud
2605 2180 2664 2234 d.
2725 2185 2989 2236 acutum.
3024 2184 3288 2254 Itemque
3316 2185 3384 2235 A.
3411 2179 3618 2236 ditono

1963 2262 2283 2336 deponitur
2308 2271 2365 2323 et
2394 2267 2768 2338 semiditono,
2819 2268 3081 2325 elevatur
3123 2274 3324 2325 autem
3375 2285 3483 2342 per
3529 2273 3617 2325 to-

1962 2369 2132 2418 num,
2162 2356 2542 2412 semitonium
2569 2362 2623 2412 et
2653 2356 2927 2413 ditonum
2969 2375 3163 2431 usque
3207 2358 3286 2414 ad
3343 2358 3505 2414 aliud
3559 2374 3613 2415 a.

1963 2448 2228 2499 acutum.
2266 2444 2378 2501 Sed
2409 2446 2550 2500 satis
2577 2462 2739 2501 nunc
2769 2451 3072 2502 ostensam
3089 2464 3218 2504 esse
3247 2447 3614 2504 dissimilitu-

1962 2531 2165 2588 dinem
2195 2533 2346 2589 inter
2378 2533 2589 2590 affines
2622 2551 2796 2590 voces
2825 2534 3098 2591 arbitror.

2034 2625 2200 2677 Nunc
2231 2627 2289 2678 et
2313 2622 2596 2678 similium
2626 2640 2845 2679 vocum
2900 2623 3226 2680 edisseram
3278 2624 3613 2681 similitudi—

1961 2724 2101 2765 nem
2133 2727 2145 2764 :
2178 2710 2324 2766 dum
2356 2711 2518 2766 enim
2550 2715 2613 2767 D.
2648 2712 2721 2767 sit
2783 2718 3011 2785 protus,
3067 2717 3123 2768 et
3176 2716 3237 2768 G.
3299 2714 3612 2782 tetrardus,

1961 2802 2214 2872 utraque
2245 2805 2444 2856 tamen
2478 2799 2794 2856 semitonio
2851 2805 2908 2856 et
2951 2800 3158 2858 ditono
3208 2801 3614 2875 deponuntur,

1963 2893 2019 2944 et
2042 2905 2114 2945 ea
2142 2890 2526 2962 symphonia,
2547 2907 2685 2964 quae
2720 2893 2781 2946 D.
2818 2891 3170 2959 continetur,
3198 2891 3245 2947 si
3277 2892 3350 2948 sit
3378 2891 3612 2965 deposi-

187 2986 301 3026 nor
327 2975 532 3026 autem
563 2976 650 3027 est
677 2989 848 3028 mora
878 2972 1352 3045 uniuscujusque
1372 2972 1552 3044 vocis,
1575 2989 1758 3046 quem
1785 2978 1851 3030 ut
1882 2997 1922 3052 ρ
1961 2978 2096 3045 tiva,
2131 2984 2257 3035 tum
2287 2980 2470 3036 modo
2490 2985 2546 3036 et
2571 2983 2634 3037 G.
2668 2981 2801 3037 cani
2831 2986 3060 3053 potest;
3118 2982 3282 3055 quod
3337 2980 3613 3055 exemplo

183 3064 428 3132 tempus
461 3061 835 3132 grammatici
863 3061 926 3117 in
957 3060 1208 3134 syllabis
1231 3061 1517 3118 brevibus
1541 3065 1598 3118 et
1623 3061 1850 3132 longio-

187 3148 365 3204 ribus
390 3150 861 3222 superscribunt.

262 3242 326 3294 ll.
358 3241 441 3294 Ex
462 3239 820 3312 supradictis
878 3245 1080 3296 autem
1129 3240 1394 3296 motibus
1453 3239 1552 3296 alii
1591 3239 1851 3297 existunt

182 3327 424 3396 integri,
458 3328 518 3384 id
543 3333 648 3398 est,
681 3328 786 3403 qui
814 3330 1298 3385 monochordum
1326 3329 1674 3400 regulariter
1713 3346 1848 3402 par-

183 3417 434 3484 tiuntur,
461 3422 525 3473 ut
565 3423 759 3486 tonus,
792 3423 850 3474 et
876 3418 1087 3491 reliqui
1119 3437 1132 3474 :
1167 3418 1265 3474 alii
1307 3424 1509 3474 autem
1561 3417 1639 3474 ab
1694 3418 1845 3474 inte-

181 3506 397 3575 gritate
426 3506 730 3577 deﬁciunt,
757 3510 860 3582 qui
891 3509 1372 3566 monochordum
1397 3509 1586 3582 aquis
1613 3509 1843 3582 ponde-

181 3595 352 3651 ribus
381 3597 569 3653 dividi
600 3605 926 3672 nequeunt,
955 3604 1019 3655 ut
1045 3599 1454 3654 semiditonus.
1489 3602 1686 3654 Tonus
1702 3616 1844 3670 ergo

182 3683 418 3755 integra
445 3686 742 3744 dimensio
772 3693 883 3756 est,
912 3688 1055 3761 quia
1079 3704 1184 3761 per
1203 3689 1679 3760 sesquioctavam
1708 3705 1844 3761 pro-

178 3774 523 3846 portionem
553 3776 844 3846 regularis
876 3776 1271 3832 monochordi
1294 3776 1629 3849 partionem
1684 3793 1844 3833 asse-

180 3864 387 3935 quitur
421 3883 435 3932 ;
463 3865 835 3922 diatessaron
865 3883 1003 3922 vero
1025 3882 1130 3939 per
1175 3865 1613 3939 sesquitertiam
1646 3885 1659 3934 ;
1713 3867 1841 3923 dia-

178 3957 358 4024 pente
391 3958 595 4010 autem
621 3972 728 4028 per
757 3955 1233 4028 sesquialteram.
1263 3957 1638 4028 Quapropter
1662 3961 1838 4012 tonus

179 4043 381 4097 omnis
412 4043 478 4098 ﬁt
503 4044 752 4100 novenis
781 4045 1084 4118 passibus,
1111 4044 1483 4101 diatessaron
1512 4045 1838 4118 quaternis,

179 4129 462 4204 diapente
493 4147 636 4188 vero
667 4133 866 4190 ternis.
904 4133 1204 4206 Diapason
1235 4137 1438 4189 autem
1493 4133 1719 4206 ubique
1775 4134 1842 4189 ﬁt

179 4219 425 4277 duobus
454 4222 756 4294 passibus,
785 4240 924 4280 cum
947 4229 1002 4280 et
1032 4222 1295 4280 vicissim
1346 4223 1455 4279 sibi
1517 4223 1580 4279 in
1630 4239 1840 4280 conso-

177 4311 524 4367 nantiarum
545 4313 814 4386 partibus
839 4312 1186 4369 succedunt.

250 4403 344 4455 IIl.
374 4400 580 4456 Omnis
610 4407 810 4458 autem
837 4400 1134 4458 cantilena
1163 4405 1390 4474 septem
1441 4400 1836 4458 dissimilibus

177 4488 433 4545 vocibus
458 4490 778 4562 perﬁcitur,
821 4507 894 4546 ex
931 4490 1152 4564 quibus
1182 4491 1311 4546 alite
1342 4495 1480 4546 sunt
1531 4507 1833 4563 consonus,

177 4577 311 4632 alias
338 4595 483 4635 vero
521 4579 799 4636 dissonae.
855 4580 1051 4636 Prima
1096 4580 1296 4653 itaque
1345 4585 1403 4636 et
1453 4585 1670 4653 quarta
1719 4597 1836 4637 vox

175 4671 382 4723 ternas
411 4668 471 4724 in
506 4669 898 4742 depositione,
934 4686 1002 4727 ac
1031 4669 1205 4726 binas
1257 4670 1318 4726 in
1377 4669 1702 4727 elevatione
1763 4671 1838 4727 si-

174 4756 463 4813 millimas
489 4758 715 4816 habent
741 4759 1051 4816 formulas.
1082 4760 1158 4815 At
1199 4758 1465 4815 secunda
1519 4763 1576 4816 et
1625 4761 1836 4833 quinta

174 4851 441 4920 quatuor
468 4847 531 4904 in
587 4849 981 4922 depositione,
1029 4852 1084 4905 et
1131 4863 1318 4904 unam
1363 4848 1427 4904 in
1482 4849 1830 4906 elevatione.

173 4937 359 4991 Porro
387 4936 556 4992 tertia
585 4941 644 4993 et
691 4942 860 4994 sexta
901 4941 1162 5010 quatuor
1200 4936 1278 4993 ab
1333 4936 1712 4993 inferioribus
1761 4937 1835 4993 si-

172 5023 350 5080 miles
378 5024 604 5081 habent
632 5025 940 5094 formulas,
969 5042 1005 5082 a
1034 5025 1440 5099 superioribus
1480 5042 1590 5082 nec
1621 5042 1828 5083 unam.

171 5116 312 5170 Post
336 5115 450 5171 has
497 5120 714 5189 quarta
752 5133 788 5173 a
835 5116 1090 5190 septima
1139 5111 1497 5172 dissociatur
1544 5115 1828 5189 amplius,

172 5220 286 5260 nec
311 5204 500 5262 ullam
527 5207 781 5263 retinent
795 5206 1251 5280 proportionum
1275 5206 1735 5263 consonantiam
1752 5208 1830 5263 ad

171 5311 236 5350 se
266 5294 546 5352 invicem.
582 5301 846 5369 Itemque
876 5296 1073 5369 prima
1096 5302 1153 5354 et
1182 5297 1392 5370 quinta
1422 5313 1459 5353 a
1514 5296 1832 5370 superiori-

168 5381 288 5439 bus
318 5383 542 5441 similes
571 5385 799 5442 habent
817 5385 1127 5455 formulas,
1152 5401 1188 5441 a
1217 5384 1593 5458 depositione
1623 5389 1828 5442 autem

167 5472 499 5529 neminem.
535 5474 810 5532 Secunda
837 5489 980 5531 vero
1001 5491 1070 5532 ac
1127 5477 1295 5530 sexta
1348 5472 1655 5545 quaternis
1711 5472 1826 5528 for-

245 5654 361 5724 (30)
386 5655 445 5709 F.
479 5653 971 5712 aderectionibus.

1960 3071 2120 3139 patet
2139 3069 2200 3124 in
2229 3069 2559 3141 antiphona
2585 3070 2721 3126 hac.

2210 3174 2241 3214 ι·

2208 3248 2472 3316 Spiritus
2511 3250 2669 3304 alme
2696 3249 3042 3304 illustrator
3079 3252 3360 3305 omnium.

2027 3336 2090 3390 'V.
2117 3337 2263 3391 Sunt
2284 3341 2484 3392 autem
2510 3336 2675 3392 modi
2701 3353 2919 3392 vocum
2950 3342 3230 3410 quatuor,
3263 3337 3322 3393 id
3349 3342 3455 3404 est,
3478 3353 3614 3410 pro-

1956 3427 2073 3494 tus,
2097 3423 2400 3492 deuterus,
2427 3425 2614 3492 tritus,
2649 3427 2961 3490 tetrardus,
2995 3427 3098 3500 qui
3120 3433 3177 3483 et
3201 3426 3446 3484 totidem
3478 3426 3616 3482 sub-

1951 3512 2186 3583 jugales
2212 3513 2462 3583 habent;
2508 3520 2564 3570 et
2616 3515 2975 3589 principales
3004 3517 3250 3589 quidem
3295 3519 3611 3574 authentos

1955 3603 2232 3670 dicimus,
2295 3605 2640 3676 subjugales
2699 3611 2901 3662 autem
2950 3607 3141 3679 plagis
3198 3609 3606 3665 nominamus.

1957 3695 2174 3748 Eorum
2206 3693 2539 3750 differentia
2562 3695 2692 3751 talis
2728 3701 2833 3752 est.
2896 3699 3045 3753 Cum
3093 3697 3344 3769 quilibet
3397 3703 3608 3755 cantus

1954 3787 2088 3838 octo
2116 3784 2366 3839 vocibus
2396 3784 2702 3853 ascendat,
2749 3785 3075 3839 descendat
3128 3802 3271 3840 vero
3318 3787 3606 3858 quinque,

1953 3876 2133 3944 atque
2157 3871 2311 3928 inter
2339 3888 2551 3928 omnes
2583 3872 2701 3927 sint
2731 3876 2838 3928 XII.
2869 3888 2992 3927 una
3016 3888 3088 3926 ex
3117 3873 3211 3926 his
3263 3873 3357 3928 bis
3413 3889 3607 3928 annu-

1952 3965 2182 4015 merata
2203 3975 2418 4029 graves
2440 3975 2651 4014 omnes
2676 3975 2814 4013 cum
2845 3958 3048 4031 aliqua
3077 3963 3244 4031 parte
3296 3964 3610 4014 acutarum

1952 4047 2144 4119 plagis
2170 4046 2518 4102 attribuunt.
2552 4049 2731 4101 Porro
2789 4046 3088 4101 authentis
3141 4050 3370 4102 cunctae
3423 4050 3609 4102 acutae

1952 4151 2091 4190 cum
2118 4135 2437 4207 aliquantis
2490 4133 2762 4204 gravium
2815 4133 3193 4190 conveniunt.
3254 4138 3604 4209 Notatoque,

1951 4224 2115 4298 quod
2145 4225 2262 4280 sint
2290 4227 2407 4279 tres
2438 4223 2679 4279 ordines
2712 4240 2948 4292 vocum,
2979 4223 3042 4280 id
3065 4229 3171 4295 est,
3205 4241 3439 4295 graves,
3485 4243 3606 4282 me-

1950 4313 2064 4369 dim
2095 4317 2152 4369 et
2175 4316 2386 4369 acutae.
2403 4314 2484 4368 Ex
2522 4311 2745 4385 quibus
2771 4311 2985 4368 mediae
3016 4329 3252 4387 semper
3273 4319 3602 4372 annectun-

1951 4407 2044 4460 tur
2073 4402 2360 4476 utrisque,
2383 4406 2574 4459 acutae
2625 4407 2826 4458 autem
2878 4405 3241 4461 conveniunt
3280 4407 3600 4475 authentis,

1947 4498 2006 4550 et
2024 4509 2236 4565 graves
2265 4491 2564 4566 plagibus.
2598 4495 2665 4548 Et
2694 4492 2776 4549 sic
2808 4509 3043 4568 semper
3095 4499 3212 4551 tres
3270 4511 3343 4551 ex
3399 4495 3606 4551 amba-

1947 4583 2062 4639 bus
2090 4582 2361 4656 partibus
2391 4587 2661 4639 utrorum
2692 4587 2832 4640 sunt
2856 4584 3134 4657 proprite.

2017 4674 2104 4727 Vl.
2138 4671 2616 4728 Differentiarum
2641 4677 2842 4729 autem
2867 4672 3087 4728 horum
3129 4670 3451 4726 modorum
3481 4669 3600 4724 for-

1944 4761 2123 4818 mulae
2182 4760 2516 4818 secundum
2573 4762 2867 4834 principia
2934 4764 3224 4818 cantuum
3295 4760 3598 4833 dispositae

1946 4856 2101 4907 sunt.
2133 4855 2200 4908 Et
2225 4850 2748 4925 quemadmodum
2776 4849 2973 4905 ﬁnalis
2999 4865 3117 4904 vox
3164 4848 3426 4920 aliquem
3456 4865 3597 4921 pro-

1945 4940 2144 5013 prium
2172 4941 2426 4998 modum
2447 4941 2705 5007 metitur,
2736 4939 2819 4994 sic
2850 4943 2907 4994 et
2925 4935 3352 4994 rationabiliter
3381 4938 3595 5010 princi-

1942 5029 2044 5102 pia
2082 5029 2434 5086 eorumdem
2485 5033 2772 5084 cantuum
2828 5026 3086 5098 aptiores
3138 5024 3251 5080 sibi
3298 5025 3592 5084 formulas

1942 5123 2238 5192 coaptent,
2270 5122 2570 5191 quatenus
2602 5116 2676 5172 sit
2702 5115 2955 5188 pulchra
2981 5113 3273 5170 connexio
3326 5132 3462 5189 quae
3510 5135 3595 5175 se-

1941 5207 2209 5263 cundum
2255 5205 2530 5278 proprios
2581 5205 2642 5259 in
2697 5218 3065 5276 unaquaque
3117 5203 3409 5275 dirigatur
3459 5223 3589 5264 mo-

1941 5300 2056 5352 tus.

2012 5383 2174 5449 Quos
2200 5384 2398 5437 motus
2426 5396 2644 5454 nempe
2675 5381 2936 5438 diximus
2965 5381 3090 5439 fore
3119 5399 3241 5453 sex,
3299 5401 3401 5458 qui
3451 5401 3590 5442 cum

1938 5471 2127 5528 tribus
2145 5468 2522 5544 applicantur
2537 5470 3059 5528 adherectionibus
3091 5473 3223 5545 (30),
3242 5472 3304 5528 in
3323 5489 3592 5546 unoquo-
