3986 6178
382 103 488 158 423

1755 94 2086 152 GUIDONIS
2122 94 2425 151 ARETINI.

3689 107 3811 162 424

1241 432 1940 553 EPISTULA
2057 431 2767 557 GUIDONIS
2824 436 2938 507 ‘3"

1730 699 2060 754 MICHAELI
2103 698 2440 757 MONACHO

1514 909 1654 994 DE
1773 907 2174 996 IGNOTO
2284 909 2662 998 CANTU.

444 1337 786 1396 Beatissimo
811 1339 989 1408 atque
1019 1331 1365 1389 dulcissimo
1406 1330 1572 1386 fratri
1601 1329 1863 1387 Michaeli
1894 1328 2025 1384 Gui-
2062 1332 2110 1386 A
2129 1329 2278 1385 nihil
2318 1330 2724 1387 habebimus?
2776 1332 2952 1388 absit.
3007 1337 3154 1390 Nam
3184 1339 3241 1390 et
3269 1336 3606 1408 Apostolus,
3648 1355 3806 1396 cum

369 1431 469 1496 do,
502 1445 609 1502 per
652 1427 954 1484 anfractus
985 1424 1205 1479 multos
1236 1423 1500 1492 dejectus
1543 1424 1600 1475 et
1648 1424 1877 1488 auctus.
1913 1423 2027 1474 Aut

369 1520 520 1575 dura
551 1522 693 1573 sunt
714 1521 1008 1587 tempora,
1022 1519 1125 1569 aut
1145 1512 1363 1567 divina
1385 1508 1790 1582 dispositionis
1811 1508 2025 1563 obscu-

367 1625 435 1665 ra
464 1606 827 1669 discrimina,
859 1603 1007 1658 dum
1033 1606 1090 1658 et
1116 1603 1423 1657 veritatem
1457 1597 1710 1664 fallacia,
1743 1601 1800 1652 et
1828 1596 2021 1651 chari-

368 1701 548 1753 tatem
576 1710 734 1767 sape
782 1691 1090 1748 conculcet
1126 1688 1372 1757 invidia,
1402 1703 1538 1759 qua
1580 1685 1763 1741 nostri
1795 1685 2022 1741 ordinis

365 1783 464 1839 vix
506 1781 723 1837 deserit
775 1777 1136 1842 societatem,
1169 1791 1292 1846 quo
1331 1772 1771 1828 Philistinorum
1811 1771 2018 1827 concio

367 1871 747 1928 lsraeliticam
803 1865 1011 1940 puniat
1074 1864 1450 1937 pravitatem,
1496 1878 1571 1918 ne
1627 1861 1676 1916 si
1728 1877 1869 1916 mox
1913 1861 2020 1916 ﬁat

365 1957 680 2032 quidquid,
715 1961 780 2011 ut
802 1954 1102 2021 volumus,
1131 1953 1282 2009 adeo
1313 1952 1374 2006 in
1417 1968 1478 2006 se
1523 1950 1832 2007 conﬁdens
1859 1950 2016 2023 peri-

365 2055 532 2105 turus
564 2046 802 2103 decidat
829 2043 1085 2100 animus.
1114 2045 1272 2098 Tunc
1302 2041 1463 2096 enim
1509 2045 1597 2096 est
1624 2056 1760 2095 vere
1784 2039 2015 2095 bonum

362 2137 423 2194 id
452 2136 619 2210 quod
653 2134 927 2199 facimus,
961 2148 1099 2187 cum
1129 2134 1335 2186 nostro
1364 2129 1572 2186 factori
1616 2127 2014 2184 adscribimus

362 2242 541 2284 omne
566 2225 731 2299 quod
760 2238 1107 2297 possumus.

433 2315 573 2372 Inde
599 2318 706 2385 est,
732 2311 899 2386 quod
931 2327 1025 2366 me
1049 2309 1218 2364 vides
1262 2307 1506 2380 prolixis
1554 2306 1777 2362 ﬁnibus
1809 2304 2012 2362 exula-

361 2411 507 2473 tum,
541 2422 611 2461 ac
641 2403 920 2475 teipsum,
950 2417 1024 2456 ne
1051 2399 1143 2454 vel
1171 2398 1468 2471 respirare
1503 2397 1751 2470 quidem
1794 2396 2008 2468 possis,

357 2495 696 2552 invidorum
721 2491 951 2564 laqueis
970 2489 1349 2545 suﬁ‘ocatum.
1377 2488 1576 2553 Quain
1594 2503 1656 2542 re
1679 2485 2011 2542 simillimos

356 2604 468 2644 nos
510 2584 754 2642 cuidam
780 2582 915 2638 dico
937 2579 1168 2650 artifici,
1199 2579 1304 2653 qui
1333 2595 1470 2634 cum
1501 2582 1767 2648 Augusto
1800 2577 2012 2635 Caesari

2133 1417 2323 1490 gratia
2371 1419 2470 1475 Dei
2515 1420 2589 1476 sit
2615 1421 2697 1488 id,
2729 1422 2895 1494 quod
2925 1421 3015 1488 sit,
3047 1427 3248 1479 cantat
3278 1429 3514 1481 tamen:
3550 1428 3805 1484 Bonum

2133 1515 2430 1566 certamen
2461 1513 2704 1576 certavi,
2737 1527 2979 1568 cursum
3010 1517 3435 1584 consummavi,
3463 1517 3641 1584 ﬁdem
3675 1535 3808 1574 ser-

2132 1599 2271 1654 vavi
2287 1611 2309 1669 ,'
2338 1600 2400 1653 in
2427 1600 2658 1671 reliquo
2689 1602 2948 1670 reposita
2977 1607 3062 1658 est
3088 1605 3241 1660 mihi
3267 1619 3489 1662 corona
3504 1609 3795 1676 justz’tia.

2204 1687 2404 1743 Securi
2433 1703 2576 1759 ergo
2605 1689 2681 1744 de
2709 1706 2813 1762 spe
2838 1690 3241 1747 retributionis
3271 1692 3622 1750 insistamus
3649 1713 3804 1769 ope-

2128 1775 2177 1830 ri
2204 1779 2383 1832 tanta
2409 1776 2704 1845 utilitatis;
2738 1784 2796 1834 et
2817 1780 2961 1852 quia
2981 1785 3119 1852 post
3150 1781 3369 1838 multas
3400 1787 3795 1857 tempestates

2127 1864 2300 1920 rediit
2347 1864 2451 1920 diu
2500 1871 2705 1939 optata
2749 1868 3050 1938 serenitas,
3082 1870 3494 1942 navigandum
3525 1880 3615 1931 est
3667 1875 3794 1932 feli-

2125 1953 2284 2010 citer.

2199 2042 2313 2099 Sed
2356 2043 2502 2116 quia
2543 2043 2757 2101 difﬁdit
2797 2050 2900 2102 tua
2928 2046 3003 2104 de
3030 2047 3300 2106 libertate
3336 2052 3676 2124 captivitas,
3706 2055 3794 2110 rei

2124 2131 2398 2187 ordinem
2442 2133 2733 2204 pandam.
2784 2136 3044 2192 Summa
3108 2138 3268 2194 sedis
3313 2141 3659 2212 apostolica
3702 2145 3797 2198 Jo-

2122 2218 2374 2287 hannes,
2407 2220 2510 2293 qui
2543 2221 2724 2277 modo
2751 2225 3084 2281 Romanam
3113 2226 3410 2296 gubernat
3437 2229 3792 2302 Ecclesiam,

2124 2307 2376 2364 audiens
2429 2310 2656 2366 famam
2704 2317 2920 2369 nostra
2969 2314 3210 2386 schola,
3240 2323 3297 2372 et
3338 2319 3652 2390 quomodo
3684 2335 3796 2392 per

2121 2401 2330 2454 nostra
2358 2399 2780 2472 antiphonaria
2815 2401 3117 2459 inauditos
3147 2406 3316 2478 pueri
3347 2415 3792 2477 cognoscerent

2123 2491 2354 2558 cantus,
2385 2488 2558 2544 valde
2590 2490 2857 2558 miratus,
2894 2492 3078 2548 tribus
3110 2495 3334 2551 nuntiis
3364 2512 3462 2551 me
3493 2497 3576 2552 ad
3607 2515 3672 2554 se
3705 2498 3795 2553 in-

2120 2575 2339 2632 vitavit.
2359 2577 2490 2632 Adii
2515 2577 2694 2648 igitur
2714 2583 2965 2636 Romam
2995 2599 3136 2638 cum
3166 2583 3394 2641 domno
3415 2587 3789 2656 Grunvaldo,

355 2671 893 2747 incomparabilem
922 2674 979 2726 et
1003 2669 1232 2725 cunctis
1260 2667 1598 2724 inauditum
1628 2666 1862 2723 saculis
1892 2667 2013 2722 the-
2049 2682 2090 2736 Β
2118 2664 2598 2722 reverentissimo
2649 2667 2886 2736 abbate,
2928 2674 2984 2726 et
3032 2670 3262 2728 domno
3312 2676 3481 2730 Petro
3530 2676 3790 2732 Aretina

357 2780 629 2832 saurum,
682 2759 940 2817 ﬂexibile
979 2757 1251 2814 videlicet
1296 2757 1536 2823 vitrum,
1583 2756 1837 2822 offerret,
1870 2755 2014 2827 quia

354 2852 583 2926 aliquid
611 2866 793 2923 super
837 2863 1047 2904 omnes
1086 2847 1362 2903 homines
1391 2845 1600 2918 potuit,
1629 2844 1884 2917 ideoque
1913 2844 2013 2900 ali-

352 2943 501 3016 quid
531 2956 710 3013 super
735 2953 945 2995 omnes
986 2935 1311 3009 promereri
1352 2951 1416 2990 se
1445 2933 1712 3001 credidit,
1744 2935 2011 3007 pessima

356 3036 508 3088 sorte
544 3031 752 3102 jussus
781 3030 870 3082 est
897 3025 1120 3093 occidi;
1173 3041 1248 3080 ne
1290 3024 1359 3092 si,
1390 3029 1453 3079 ut
1499 3028 1586 3080 est
1627 3022 1900 3079 mirabile
1927 3023 2011 3078 vi-

351 3125 530 3191 trum,
563 3123 767 3193 posset
805 3120 962 3173 esset
989 3114 1284 3186 durabile,
1315 3114 1516 3183 regius
1561 3111 1727 3168 omni
1770 3113 2007 3168 thesau-

348 3228 468 3278 rus,
501 3209 607 3284 qui
635 3209 710 3265 de
753 3207 1005 3263 diversis
1034 3209 1160 3261 erat
1199 3203 1472 3274 metallis,
1502 3203 1670 3258 ﬁeret
1706 3202 2006 3274 extemplo

344 3301 604 3358 vitabilis
651 3300 786 3372 (32).
838 3297 1048 3370 Sicque
1095 3313 1168 3351 ex
1215 3295 1314 3350 illo
1367 3299 1635 3365 tempore
1688 3291 2006 3348 maledicta

345 3406 583 3463 semper
607 3387 853 3454 invidia,
878 3386 1027 3441 sicut
1051 3383 1364 3457 quondam
1399 3380 1777 3454 paradisum,
1804 3386 1861 3435 et
1888 3381 2003 3437 hoc

344 3495 589 3553 quoque
606 3475 960 3532 mortalibus
982 3473 1226 3529 abstulit
1246 3469 1659 3528 commodum.
1686 3474 1832 3526 Nam
1859 3471 2002 3543 quia

343 3568 568 3623 invidia
593 3565 832 3621 artificis
857 3563 1090 3619 nullum
1115 3561 1303 3616 voluit
1328 3560 1596 3622 edocere,
1624 3559 1816 3632 potuit
1845 3560 2000 3630 regis

341 3657 568 3714 invidia
598 3656 886 3712 artiﬁcem
916 3669 1054 3708 cum
1084 3656 1206 3707 arte
1238 3649 1547 3722 perimere.

416 3747 579 3804 Unde
606 3761 718 3817 ego
749 3742 1075 3816 inspirante
1100 3742 1217 3796 Deo
1244 3738 1616 3810 charitatem,
1647 3754 1769 3793 non
1801 3737 1996 3795 solum

337 3836 462 3903 tibi,
489 3834 594 3892 sed
620 3838 677 3890 et
702 3833 852 3904 aliis,
874 3830 1361 3906 quibuscumque
1385 3828 1574 3901 potui,
1594 3844 1833 3884 summa
1855 3845 1995 3884 cum

335 3925 709 3982 festinatione
730 3940 799 3980 ac
815 3919 1208 3979 sollicitudine
1225 3935 1261 3974 a
1278 3921 1397 3974 Deo
1413 3917 1559 3972 mihi
1576 3917 1994 3987 indignissimo

2122 2753 2384 2809 ecclesia
2429 2755 2860 2813 canonicorum
2908 2761 3251 2832 praposito,
3282 2762 3411 2818 viro
3440 2779 3555 2837 pro
3599 2766 3793 2822 nostri

2120 2842 2405 2914 temporis
2455 2845 2742 2916 quatitate
2798 2847 3215 2906 scientissimo.
3267 2852 3515 2909 Multum
3583 2855 3790 2928 itaque

2118 2932 2384 3004 pontifex
2430 2951 2566 2990 meo
2598 2936 2926 3006 gratulatus
2955 2944 3043 2995 est
3072 2941 3354 3012 adventu,
3385 2944 3580 3000 multa
3606 2946 3788 3003 collo-

2117 3037 2313 3093 quens
2359 3027 2415 3079 et
2455 3023 2696 3081 diversa
2742 3028 3126 3100 perquirens:
3175 3037 3574 3106 nostrumque
3622 3035 3790 3092 velut

2116 3110 2430 3182 quoddam
2461 3113 2804 3185 prodigium
2857 3133 3014 3190 sape
3060 3119 3374 3176 revolvens
3419 3123 3788 3196 antiphona-

2115 3199 2292 3269 rium,
2316 3202 2713 3275 praﬁxasque
2735 3205 3048 3262 ruminans
3066 3208 3323 3279 regulas,
3343 3227 3468 3266 non
3489 3213 3664 3284 prius
3685 3215 3786 3270 de-

2116 3289 2276 3356 stitit,
2302 3297 2401 3347 aut
2429 3291 2504 3347 de
2529 3292 2680 3361 loco,
2714 3294 2776 3350 in
2803 3312 2926 3368 quo
2957 3297 3222 3367 sedebat,
3247 3298 3562 3373 abscessit,
3585 3303 3784 3361 donec

2114 3395 2304 3435 unum
2334 3382 2700 3439 versiculum
2729 3384 3070 3442 inauditum
3117 3389 3206 3443 sui
3232 3390 3351 3445 voti
3378 3407 3640 3465 compos
3667 3395 3785 3451 edi-

2114 3474 2316 3536 sceret,
2346 3476 2410 3526 ut
2438 3472 2604 3544 quod
2633 3473 2732 3528 vix
2759 3475 3041 3532 credebat
3069 3477 3131 3533 in
3163 3477 3312 3546 aliis,
3334 3485 3459 3536 tam
3491 3483 3698 3540 subito
3725 3485 3782 3540 in

2112 3575 2173 3614 se
2202 3568 2672 3630 recognosceret.
2707 3566 2858 3628 Quid
2889 3566 3111 3639 plura?
3151 3568 3496 3627 lnﬁrmitate
3529 3583 3780 3645 cogente

2110 3650 2310 3702 Roma
2350 3652 2574 3706 morari
2604 3669 2727 3708 non
2775 3659 3048 3726 poteram
3078 3657 3172 3712 vel
3199 3658 3539 3730 modicum,
3573 3665 3780 3719 aestivo

2107 3735 2336 3793 fervore
2368 3738 2426 3794 in
2454 3739 2599 3796 locis
2629 3743 2942 3799 maritimis
2964 3762 3034 3801 ac
3059 3746 3429 3819 palustribus
3459 3751 3647 3808 nobis
3679 3755 3781 3810 mi-

2106 3831 2286 3883 nante
2308 3829 2628 3887 excidium.
2662 3833 2927 3889 Tandem
2958 3836 3360 3907 condiximus,
3382 3856 3532 3896 mox
3559 3841 3777 3915 hyeme

2105 3916 2388 3974 redeunte
2410 3935 2506 3975 me
2524 3920 2660 3978 illuc
2673 3921 2892 3978 debere
2908 3925 3139 3992 reverti,
3155 3932 3454 3999 quatenus
3482 3931 3604 3987 hoc
3629 3949 3776 4006 opus

333 4015 541 4070 datam
573 4012 794 4069 contuli
822 4011 1075 4082 gratiam
1099 4027 1112 4065 :
1146 4013 1213 4064 ut
1234 4023 1390 4081 quos
1411 4022 1524 4077 ego
1548 4011 1604 4062 et
1624 4023 1835 4061 omnes
1855 4011 1993 4062 ante
2032 4031 2072 4087 ε
2104 4004 2415 4076 pralibato
2437 4008 2707 4080 pontiﬁci
2729 4027 2959 4084 suoque
2977 4012 3134 4069 clero
3154 4013 3412 4070 debeam
3428 4004 3771 4090 propalare.

334 4119 432 4159 me
476 4117 717 4157 summa
759 4117 900 4157 cum
943 4098 1287 4155 difﬁcultate
1317 4096 1748 4153 ecclesiasticos
1779 4101 1991 4151 cantus

333 4190 672 4254 didicimus,
701 4189 863 4262 ipsos
889 4187 1111 4262 posteri
1140 4204 1280 4243 cum
1326 4203 1568 4242 summa
1597 4185 1875 4242 facilitate
1905 4184 1994 4241 dio

332 4285 583 4351 scentes,
614 4278 761 4334 mihi
790 4283 847 4335 et
876 4277 982 4333 tibi
1032 4293 1103 4332 ac
1147 4276 1390 4349 reliquis
1436 4275 1812 4347 adjutoribus
1841 4275 1992 4331 meis

331 4374 616 4427 aternam
637 4371 844 4440 optent
861 4365 1137 4432 salutem,
1150 4365 1375 4438 ﬁatque
1395 4381 1502 4437 per
1517 4364 1990 4421 misericordiam

329 4459 432 4516 Dei
479 4461 864 4532 peccatorum
907 4458 1251 4511 nostrorum
1298 4454 1591 4525 remissio,
1622 4454 1717 4510 vel
1747 4454 1990 4510 modica

327 4552 632 4606 tantorum
661 4562 737 4603 ex
775 4543 1060 4602 charitate
1099 4542 1309 4598 oratio.
1341 4545 1490 4598 Nam
1518 4542 1567 4596 si
1592 4541 1674 4597 illi
1702 4558 1813 4615 pro
1861 4542 1985 4598 suis

325 4638 490 4711 apud
519 4638 709 4692 Deum
738 4630 1120 4691 devotissime
1145 4630 1519 4688 intercedunt
1544 4631 1986 4704 magistris,qui

323 4728 613 4784 hactenus
634 4724 712 4782 ab
735 4723 818 4780 eis
832 4722 934 4778 vix
959 4720 1249 4777 decennio
1268 4719 1551 4776 cantandi
1573 4718 1984 4791 imperfectam

323 4817 633 4874 scientiam
662 4811 950 4886 consequi
976 4814 1318 4884 potuerunt,
1349 4808 1495 4882 quid
1527 4813 1702 4881 putas
1731 4825 1842 4882 pro
1872 4825 1982 4865 no-

320 4906 414 4963 bis
446 4906 784 4979 nostrisque
811 4903 906 4973 adj
919 4901 1189 4957 utoribus
1229 4901 1350 4966 ﬁet,
1383 4899 1486 4972 qui
1517 4899 1719 4955 annali
1765 4900 1979 4972 spatio,

321 5000 424 5052 aut
447 4995 496 5051 si
522 4994 800 5063 multum,
831 4990 1075 5049 biennio
1106 4989 1435 5063 perfectum
1467 4992 1774 5044 cautorem
1804 4987 1981 5044 effici-

320 5100 455 5139 mus
473 5085 502 5140 ?
531 5088 645 5139 Aut
673 5083 721 5139 si
747 5081 1063 5138 hominum
1092 5083 1379 5137 consueta
1407 5077 1647 5135 miseria
1672 5077 1977 5134 beneﬁciis

319 5172 496 5228 tantis
522 5173 758 5242 ingrata
786 5171 1088 5239 exstiterit,
1121 5169 1420 5243 numquid
1464 5169 1661 5240 justus
1701 5172 1855 5224 Deus
1892 5167 1976 5224 la-

2175 4096 2310 4151 Post
2337 4111 2565 4168 paucos
2596 4097 2813 4154 dehinc
2856 4099 2985 4155 dies
3017 4103 3249 4157 Patrem
3292 4108 3561 4161 vestrum
3598 4113 3774 4181 atque

2101 4197 2308 4238 meum
2329 4186 2394 4251 D,
2415 4185 2747 4242 Guidonem
2765 4188 3097 4261 Pomposia
3119 4189 3400 4247 abbatem
3408 4194 3638 4264 ,virum
3660 4196 3771 4252 Deo

2099 4275 2156 4327 et
2181 4272 2529 4329 hominibus
2559 4276 2774 4332 merito
2803 4276 3030 4334 virtutis
3069 4283 3125 4335 et
3154 4279 3464 4352 sapientia
3495 4284 3772 4341 charissi-

2097 4376 2268 4416 mum
2290 4365 2347 4417 et
2361 4361 2577 4418 anima
2601 4380 2750 4421 mea
2766 4371 3000 4438 partem
3021 4367 3218 4424 videre
3241 4370 3496 4442 cupiens
3513 4373 3766 4445 visitavi,

2096 4450 2201 4522 qui
2230 4455 2287 4506 et
2311 4451 2541 4524 ipsevir
2569 4454 2932 4526 perspicacis
2945 4455 3172 4529 ingenii
3193 4462 3472 4517 nostrum
3493 4464 3771 4538 antipho-

2095 4537 2334 4594 narium
2364 4542 2429 4595 ut
2453 4539 2615 4610 vidit,
2649 4543 2949 4616 extemplo
2971 4545 3249 4618 probavit
3277 4551 3335 4603 et
3363 4537 3644 4617 credidit,
3667 4567 3770 4609 no-

2096 4628 2353 4701 strisque
2379 4630 2611 4686 aemulis
2633 4647 2695 4687 se
2725 4633 3039 4704 quondam
3070 4637 3446 4695 consensisse
3463 4642 3764 4713 paenituit,

2092 4722 2150 4774 et
2168 4722 2232 4774 ut
2253 4719 2638 4791 Pomposiam
2654 4721 2912 4791 veniam,
2935 4725 3286 4796 postulavit;
3322 4729 3598 4786 suadens
3618 4731 3767 4788 mihi

2091 4809 2393 4864 monacho
2423 4824 2552 4865 esse
2584 4811 2956 4882 praferenda
2998 4816 3365 4873 monasteria
3395 4819 3765 4893 episcopati-

2089 4893 2227 4960 bus,
2259 4896 2522 4954 maxime
2552 4901 2956 4974 Pomposiam,
2990 4910 3235 4977 propter
3265 4905 3561 4976 studium,
3595 4909 3766 4982 quod

2090 4985 2274 5042 modo
2299 4991 2391 5042 est
2417 5003 2524 5060 per
2547 4989 2648 5044 Dei
2671 4990 2927 5060 gratiam
2962 4997 3019 5049 et
3050 4994 3517 5053 reverentissimi
3547 4999 3766 5056 Guido-

2086 5076 2180 5132 nis
2209 5076 2565 5134 industriam
2599 5094 2760 5136 nunc
2788 5081 3052 5154 primum
3086 5083 3147 5139 in
3175 5084 3340 5142 Italia
3365 5093 3699 5159 repertum.

2156 5166 2320 5222 Tanti
2369 5166 2569 5239 itaque
2615 5169 2804 5225 Patris
2847 5171 3219 5229 orationibus
3259 5175 3476 5247 ﬂexus,
3508 5181 3568 5233 et
3605 5195 3762 5251 pra-

316 5261 527 5318 borem
555 5265 833 5316 nostrum
860 5276 984 5316 non
1013 5258 1421 5316 remunerabit
1439 5259 1467 5313 ‘I
1519 5263 1608 5312 An
1637 5257 1782 5330 quia
1819 5259 1974 5314 Deus
2084 5256 2270 5329 ceptis
2286 5255 2593 5326 obediens,
2618 5259 2782 5330 prius
2806 5260 3126 5318 auxiliante
3141 5266 3259 5321 Deo
3275 5263 3411 5320 volo
3434 5265 3555 5323 hoc
3572 5284 3758 5341 opere

314 5354 506 5407 totum
546 5350 661 5406 hoc
709 5350 864 5418 facit,
897 5354 955 5406 et
997 5365 1110 5407 nos
1141 5350 1268 5405 sine
1310 5347 1411 5404 illo
1440 5346 1586 5404 nihil
1614 5363 1968 5420 possumus,
2007 5383 2054 5438 Β
2083 5349 2316 5401 tantum
2343 5349 2400 5400 et
2422 5345 2539 5402 tale
2568 5349 3003 5406 monasterium
3028 5351 3588 5430 illustrare,meque
3619 5374 3754 5414 mo-

2079 5487 2251 5543 donis
2279 5487 2361 5544 ad
2391 5489 2774 5548 monachum.

382 5492 498 5565 (3t)
536 5490 711 5566 Apud
740 5493 864 5547 Pez.
897 5494 936 5548 t.
969 5494 1037 5547 Vl
1063 5490 1376 5560 Anecdot.,
1411 5493 1631 5574 p.223.
1673 5491 1772 5545 Ms.
1805 5487 1965 5572 Vien.

382 5565 671 5623 m'stolaris
695 5563 1118 5631 recapitulatio
1135 5565 1312 5620 totius
1332 5577 1526 5631 operis
1547 5559 1810 5631 ejusdem
1829 5561 1970 5616 Gut-

2164 5489 2251 5543 nis
2279 5487 2361 5544 ad
2391 5489 2774 5548 monachum.

2164 5559 2261 5631 T32)
2300 5561 2358 5614 F.
2393 5561 2702 5618 vitiabilis.
2736 5561 2912 5619 Adm.
2941 5565 3269 5623 mutabilis.

310 5559 671 5637 Epistolaris
695 5563 1118 5634 recapitulatio
1135 5565 1312 5620 totius
1332 5559 1526 5631 aperis
1547 5559 1810 5631 ejusdem
1829 5560 1970 5616 Gui-
