3986 6178
200 123 298 174 425

1393 130 1740 186 EPISTOLA
1781 130 1870 183 DE
1909 131 2165 187 IGNOTO
2205 135 2451 193 CANTU.
3530 158 3646 211 426

195 243 456 298 nar-hum
482 245 795 299 monachis
827 251 1137 318 praestare;
1165 267 1310 305 cum
1339 254 1672 322 praesertim
1694 253 1880 309 Simo—
1917 254 1966 306 A
2067 255 2237 311 Vides
2260 259 2479 332 itaque,
2524 268 2587 319 ut
2614 264 2746 320 haec"
2771 269 3132 341 symphonia
3162 271 3320 327 senis
3341 276 3654 346 particulis

113 333 120 340 ’
194 332 362 387 niasa
385 333 594 387 lueresi
626 334 808 389 modo
833 353 1026 409 prope
1077 339 1312 395 cunctis
1358 341 1666 398 damnatis
1717 341 1876 414 epis-
1992 343 2114 398 suis
2147 361 2183 400 a
2204 363 2305 402 sex
2335 349 2580 406 diversis
2601 332 2846 426 incipiat
2867 332 3114 414 vocibus
3139 360 3167 415 ‘I
3198 360 3253 416 Si
3280 332 3415 434 quis
3442 364 3650 439 itaque

196 423 376 494 copis,
403 423 646 478 timeam
675 424 737 479 in
763 425 969 497 aliquo
995 429 1458 487 communicari.
1987 434 2460 510 uniuscujusque
2485 423 2788 512 particulae
2820 453 3002 518 caput
3029 448 3110 505 ita
3135 423 3487 509 exercitatus
3537 423 3648 512 no-

266 511 377 566 Sed
407 511 550 582 quia
579 510 658 566 ad
686 528 955 583 praesens
1000 516 1196 572 venire
1243 535 1370 573 non
1405 535 1680 592 possum,
1724 521 1874 576 inte-
1985 524 2150 591 verit,
2183 531 2244 580 ut
2273 510 2586 586 confestim
2614 510 3040 607 quamcunque
3069 540 3424 610 particulam
3441 545 3647 601 volue-

196 600 302 654 rim
335 599 442 654 tibi
471 599 546 654 de
577 600 938 658 inveniendo
968 605 1171 674 ignoto
1223 612 1406 663 cantu
1441 609 1742 680 optimum
1790 610 1876 664 di-
1982 612 2074 678 rit,
2105 612 2511 674 indubitanter
2538 599 2800 693 incipiat.
2853 599 3098 681 easdem
3147 645 3249 683 sex
3291 647 3469 688 voces
3512 634 3644 690 ubi-

196 689 317 759 rigo
348 695 797 761 argumentum,
843 708 1035 765 nuper
1076 695 1253 750 nobis
1290 714 1328 752 a
1371 699 1493 752 Deo
1535 698 1770 767 datum,
1817 705 1874 755 et
1982 717 2218 773 cunque
2245 703 2475 776 viderit,
2510 689 2843 766 secundum
2877 729 3018 769 suas
3047 717 3440 788 proprietates
3471 723 3641 779 facile

197 779 514 834 utillimum
544 781 1026 852 comprobatum.
1062 788 1140 840 De
1170 786 1405 859 reliquo
1435 790 1497 842 D.
1552 789 1870 844 Martinam
1979 792 2366 860 pronuntiare
2391 797 2623 867 poterit.
2654 800 2917 856 Audiens
2949 779 3192 875 quoque
3221 807 3485 879 aliquam
3501 828 3645 867 neu-

196 869 455 941 priorem
483 885 666 925 sacrae
704 874 1204 942 congregationis,
1241 881 1638 949 nostrumque
1674 879 1867 934 maxi-

199 975 360 1013 mum
395 958 738 1029 adjutorem
789 960 1114 1032 plurimum
1165 966 1379 1032 saluto,
1427 967 1678 1037 ejusque
1729 984 1865 1023 ora-

197 1047 332 1103 tioni
364 1064 463 1103 me
490 1048 778 1103 miserum
812 1050 1070 1122 plurima
1099 1069 1274 1125 prece
1305 1055 1690 1120 commendo,
1743 1056 1862 1112 fra-

193 1140 338 1192 trem
359 1152 609 1208 quoque
638 1140 872 1192 Petrum
893 1155 1218 1196 memorem
1245 1142 1530 1197 memoris
1551 1157 1683 1196 esse
1702 1159 1863 1198 com-

195 1241 432 1292 moneo,
465 1226 569 1297 qui
603 1232 813 1282 nostro
839 1227 990 1283 lacte
1021 1231 1278 1285 nutritus
1306 1247 1428 1286 non
1478 1231 1603 1285 sine
1652 1231 1861 1288 labore

195 1315 460 1371 maximo
492 1316 717 1386 agresti
751 1317 1006 1372 vescitur
1035 1318 1282 1386 hordeo,
1307 1325 1362 1377 et
1386 1325 1524 1393 post
1546 1335 1729 1376 aurea
1757 1336 1860 1392 po-

195 1404 322 1460 cula
353 1404 478 1459 vini
510 1404 836 1460 confusum
863 1405 1013 1462 bibit
1042 1413 1299 1465 acetum.

258 1492 345 1547 Ad
378 1492 813 1548 inveniendum
834 1493 1011 1564 igitur
1038 1495 1312 1564 ignotum
1342 1503 1606 1566 cantum,
1637 1496 1856 1552 beatis-

1978 893 2143 932 mam
2202 879 2326 935 sine
2381 883 2805 956 descriptione,
2855 891 3183 963 perpende,
3237 910 3371 966 quae
3423 897 3642 956 harum

1977 967 2409 1035 particularum
2454 973 2584 1042 ejus
2613 972 2719 1029 ﬁni
2750 976 2964 1031 melius
3001 984 3254 1050 aptetur,
3285 982 3367 1038 ita
3397 989 3463 1040 ut
3488 986 3641 1042 ﬁna—

1973 1054 2046 1109 lis
2075 1072 2188 1110 vox
2217 1072 2452 1115 neumaa
2479 1067 2535 1117 et
2574 1063 2921 1136 principalis
2970 1069 3276 1139 particulae
3317 1074 3643 1146 eequisonaa

1976 1144 2114 1200 sint.
2149 1148 2474 1221 Certusque
2502 1157 2651 1222 esto,
2702 1155 2846 1225 quia
2871 1155 2932 1210 in
2976 1173 3110 1213 eam
3161 1144 3645 1223 vocem‘neuma

1973 1233 2145 1289 ﬁnita
2170 1241 2276 1301 est,
2307 1237 2369 1292 in
2391 1255 2513 1311 qua
2541 1243 2902 1299 conveniens
2933 1245 3046 1301 sibi
3074 1249 3366 1320 particula
3414 1253 3640 1326 incipit.

1976 1322 2035 1379 Si
2063 1339 2200 1379 vero
2230 1326 2594 1399 descriptam
2622 1330 2889 1403 aliquam
2920 1337 3350 1408 symphoniam
3376 1322 3646 1413 incogni-

1972 1415 2107 1466 tam
2135 1419 2374 1470 cantare
2405 1419 2675 1490 cceperis,
2708 1421 2965 1478 multum
2991 1428 3329 1484 cavendum
3354 1436 3459 1500 est,
3480 1437 3545 1488 ut
3562 1433 3647 1490 ita

1973 1502 2224 1571 proprie
2273 1520 2770 1580 unamquamque
2809 1510 2983 1568 ﬁnias
3011 1531 3319 1588 neumam,
3344 1525 3407 1576 ut
3428 1521 3646 1578 eodem

194 1581 333 1637 sime
365 1582 569 1650 frater,
598 1582 797 1654 prima
827 1589 888 1639 et
913 1585 1177 1654 vulgaris
1206 1587 1411 1657 regula
1451 1588 1590 1648 haec
1621 1592 1712 1642 est
1743 1606 1754 1643 :
1809 1587 1856 1642 si
1897 1602 1941 1656 Β
1977 1590 2176 1645 modo
2200 1590 2334 1647 ﬁnis
2378 1610 2608 1650 neuma:
2636 1598 2789 1654 bene
2834 1602 3122 1672 jungatur
3176 1581 3317 1665 cum
3351 1612 3646 1686 principio

191 1670 430 1738 litteras,
461 1688 619 1744 quas
649 1672 934 1744 quaelibet
961 1690 1187 1731 neuma
1215 1675 1507 1744 habuerit,
1539 1677 1600 1731 in
1649 1691 1856 1732 mono-

193 1760 417 1816 chordo
448 1761 788 1829 sonaveris,
822 1767 1002 1834 atque
1033 1763 1114 1819 ab
1136 1763 1266 1836 ipso
1289 1764 1538 1820 audiens
1569 1770 1857 1839 tanquam

191 1849 265 1904 ab
295 1847 542 1903 homine
575 1850 869 1918 magistro
900 1850 1128 1907 discere
1159 1853 1396 1924 poteris.
1436 1855 1548 1909 Sed
1597 1856 1857 1927 puerulis

187 1937 301 1993 ista
327 1943 417 1993 est
440 1938 674 2010 regula,
703 1944 761 1994 et
791 1939 957 1995 bona
988 1941 1233 2013 quidem
1257 1943 1695 2014 incipientibus,
1725 1962 1857 2018 pes-

187 2026 344 2081 sima
381 2032 581 2082 autem
629 2029 1183 2099 perseverantibus.
1241 2031 1366 2085 Vidi
1421 2031 1582 2086 enim
1639 2035 1858 2090 multos

183 2115 565 2171 acutissimos
619 2116 1043 2188 philosophos,
1104 2119 1207 2191 qui
1257 2137 1366 2192 pro
1424 2120 1624 2176 studio
1679 2124 1859 2195 hujus

181 2206 326 2260 artis
358 2221 485 2260 non
545 2205 744 2262 solum
798 2207 1002 2274 Italos,
1048 2207 1156 2263 sed
1212 2209 1389 2266 etiam
1438 2211 1634 2266 Gallos
1685 2219 1861 2286 atque

180 2297 540 2362 Germanos,
568 2294 861 2368 ipsosque
893 2295 1073 2351 etiam
1102 2299 1334 2354 Graecos
1371 2299 1703 2371 quaesivere
1734 2319 1862 2360 ma-

178 2383 402 2454 gistros
428 2402 442 2450 ;
474 2384 582 2440 sed
612 2383 758 2456 quia
787 2383 852 2439 in
883 2384 1001 2440 hac
1028 2384 1156 2441 sola
1198 2387 1405 2458 regula
1445 2389 1658 2444 conﬁsi
1702 2397 1860 2462 sunt,

175 2472 300 2528 Iion
333 2473 479 2528 dico
505 2473 741 2541 musici,
773 2473 880 2529 sed
903 2490 1102 2546 neque
1127 2481 1398 2532 cantores
1419 2494 1690 2550 unquam
1713 2481 1860 2551 ﬁeri,

173 2564 271 2618 vel
299 2569 550 2620 nostros
580 2564 932 2636 psalmistas
962 2565 1246 2636 puerulos
1275 2567 1490 2623 imitari
1520 2573 1860 2640 potuerunt.

173 2655 306 2707 Non
338 2667 490 2721 ergo
520 2652 818 2708 debemus
851 2669 1092 2726 semper
1139 2670 1246 2726 pro
1292 2655 1498 2725 ignoto
1547 2663 1725 2714 cantu
1761 2676 1863 2716 vo-

170 2758 312 2796 cem
365 2741 634 2797 hominis
693 2741 793 2798 vel
842 2741 1098 2812 alicujus
1149 2742 1526 2801 instrumenti
1573 2763 1857 2819 quaerere,

172 2836 238 2886 ut
286 2831 471 2904 quasi
525 2832 667 2887 caaci
706 2831 1027 2887 videamur
1073 2848 1386 2906 nunquam
1442 2835 1567 2892 sine
1616 2837 1859 2896 ductore

167 2920 550 2993 procedere;
613 2921 719 2976 sed
772 2907 1151 2990 singulorum
1197 2940 1507 2992 sonorum,
1566 2927 1862 2984 omnium-

166 3026 295 3082 que
327 3009 788 3082 depositionum
811 3014 870 3065 et
896 3009 1295 3068 elevationum
1326 3013 1696 3071 diverSItates
1727 3034 1861 3090 pro-

162 3101 588 3173 prietatesque
619 3101 755 3156 altae
785 3101 1094 3155 memoriaa
1124 3104 1569 3160 commendare.
1623 3107 1860 3164 Habetis

167 3206 325 3259 ergo
388 3195 824 3258 argumentum
893 3189 972 3245 ad
1041 3190 1465 3249 inveniendum
1517 3194 1857 3254 inauditum

163 3282 433 3333 cantum
461 3275 818 3334 facillimum
857 3283 917 3334 et
944 3279 1457 3352 probatissimum,
1513 3281 1561 3336 si
1613 3282 1704 3349 sit,
1755 3283 1857 3354 qui

161 3382 298 3422 non
332 3365 525 3422 modo
558 3367 803 3440 scripto,
835 3368 969 3437 sed
1020 3369 1214 3440 potius
1266 3371 1544 3427 familiari
1595 3370 1854 3427 collocu-

166 3458 340 3511 tione
367 3455 708 3511 secundum
747 3472 985 3512 morem
1009 3463 1281 3514 nostrum
1320 3462 1549 3516 noverit
1592 3458 1854 3532 aliquem

164 3545 458 3601 edocere.
525 3548 796 3617 Namque
863 3551 1184 3618 postquam
1252 3550 1367 3604 hoc
1426 3554 1854 3619 argumentum

169 3634 307 3708 cepi
343 3633 549 3706 pueris
578 3633 834 3702 tradere,
866 3639 1002 3690 ante
1033 3634 1294 3692 triduum
1345 3638 1598 3709 quidam
1643 3654 1852 3694 eorum

167 3726 510 3795 potuerunt
536 3722 774 3791 ignotos
805 3723 1232 3781 cantusleviter
1255 3742 1491 3794 canere,
1522 3726 1691 3800 quod
1721 3727 1852 3783 aliis

166 3812 556 3883 argumentis
583 3828 694 3868 nec
724 3813 932 3870 multis
960 3813 1447 3872 hebdomadibus
1470 3821 1707 3890 poterat
1722 3833 1852 3872 eve-

167 3902 329 3958 nire.

244 3991 310 4048 Si
341 4007 533 4064 quam
562 4007 705 4062 ergo
735 4006 947 4046 vocem
974 3991 1064 4048 vel
1093 4008 1380 4050 neumam
1405 3993 1491 4050 vis
1518 3993 1600 4049 ita
1622 4009 1848 4052 memo-

169 4071 276 4134 riae
307 4079 764 4142 commendare,
797 4082 864 4134 ut
891 4078 1233 4152 ubicunque
1262 4081 1429 4149 velis,
1461 4081 1524 4136 in
1572 4097 1846 4152 quocun-

166 4184 291 4241 que
324 4173 532 4236 cantu,
565 4184 749 4240 quem
777 4167 928 4223 scias
961 4169 1054 4224 vel
1084 4171 1337 4241 nescias,
1369 4171 1471 4227 tibi
1491 4186 1637 4226 mox
1659 4173 1848 4243 possit

166 4273 514 4328 occurrere,
547 4261 844 4329 quatenus
860 4274 1003 4313 mox
1023 4257 1191 4314 illum
1211 4260 1621 4316 indubitanter
1646 4262 1842 4332 possis

165 4346 513 4414 enuntiare,
547 4345 730 4402 debes
755 4347 954 4420 ipsam
983 4364 1194 4404 vocem
1223 4349 1319 4405 vel
1337 4366 1628 4405 neumam
1659 4348 1720 4405 in
1749 4368 1842 4408 ca-

165 4437 290 4510 pite
321 4436 584 4507 alicujus
615 4435 942 4492 notissima
973 4438 1351 4510 symphoniae
1390 4444 1622 4508 notare,
1655 4445 1712 4495 et
1735 4457 1844 4513 pro

165 4541 554 4598 unaquaque
603 4541 745 4581 voce
787 4526 1093 4583 memorias
1132 4528 1443 4584 retinenda
1488 4529 1845 4600 hujusmodi

162 4616 613 4690 symphoniam
641 4617 702 4672 in
731 4622 1016 4691 promptu
1055 4617 1297 4686 habere,
1322 4636 1456 4693 quae
1503 4619 1583 4676 ab
1631 4621 1844 4679 eadem

160 4722 317 4762 voce
349 4705 603 4778 incipiat
633 4725 644 4762 :
679 4710 880 4779 utpote
911 4707 984 4763 sit
1010 4708 1135 4763 haec
1165 4709 1549 4782 symphonia,
1582 4726 1706 4783 qua
1731 4728 1842 4783 ego

161 4793 470 4851 docendis
499 4795 700 4867 pueris
723 4794 786 4850 in
812 4795 1023 4868 primis
1054 4800 1231 4869 atque
1280 4797 1462 4854 etiam
1499 4799 1561 4854 in
1619 4799 1842 4858 ultimis

162 4889 308 4940 utor
342 4901 357 4939 :

237 4959 281 5013 C
380 4957 515 5010 DF
589 4957 726 5011 DED
791 4958 1046 5013 DDCD
1136 4959 1257 5012 EE
1334 4961 1510 5016 EFGE
1570 4962 1840 5019 DECD

241 5048 314 5101 Ut
340 5048 572 5116 queant
591 5043 741 5100 laxis
787 5060 1069 5102 resonare
1117 5045 1283 5102 ﬁbris
1334 5048 1488 5105 mira
1536 5054 1840 5120 gestorum

168 5137 205 5190 F
259 5136 378 5191 Ga
417 5135 919 5191 GFEDDGaGFE
968 5137 1323 5194 FGDaGa
1359 5140 1560 5195 FGaa
1636 5141 1721 5196 GF
1751 5144 1839 5198 ΕΙ)

162 5222 388 5279 famuli
415 5227 677 5291 tuorum,
725 5222 888 5279 solve
929 5221 1140 5296 polluti
1167 5223 1310 5281 labii
1339 5231 1593 5298 reatum,
1622 5234 1840 5286 sancta:

168 5315 409 5370 CED.

161 5404 457 5458 Joannes.

242 5573 358 5645 (33)
391 5569 764 5628 Delineatum
793 5574 879 5625 est
902 5571 1017 5628 hoc
1043 5575 1527 5633 monochordum
1554 5577 1614 5634 in
1645 5582 1839 5640 music

697 5669 943 5726 PA‘I'IIOL.
974 5669 1149 5729 CXLI.

1979 1676 2040 1746 ej
2053 1694 2125 1732 us
2149 1682 2471 1753 particulae,
2497 1703 2629 1758 quae
2663 1687 2739 1742 ab
2771 1690 2983 1747 eadem
3008 1693 3214 1769 incipit
3237 1676 3398 1769 voce,
3431 1702 3492 1758 in
3522 1676 3649 1776 qua

1974 1781 2215 1825 neuma
2241 1771 2410 1828 ﬁnita
2438 1779 2542 1830 est.
2580 1778 2729 1845 Ergo
2761 1783 2825 1833 ut
2868 1779 3167 1840 inauditos
3218 1793 3449 1860 cantus,
3503 1771 3649 1850 mox

1975 1863 2052 1949 ut
2078 1859 2407 1934 descriptos
2460 1864 2698 1936 videris,
2753 1876 3156 1942 competenter
3204 1879 3492 1949 enunties,
3544 1889 3650 1939 aut

1970 1941 2382 2021 indescriptos
2413 1953 2665 2009 audiens
2691 1956 2807 2012 cito
2829 1958 3257 2021 describendos
3272 1967 3425 2024 bene
3448 1941 3650 2042 possis

1971 2035 2338 2108 discernere,
2371 2042 2560 2113 optim
2588 2047 2643 2098 te
2666 2046 2908 2115 juvabit
2933 2050 3062 2107 haec
3093 2056 3320 2126 regula.

2046 2146 2271 2203 Deinde
2301 2165 2410 2221 per
2439 2150 2708 2222 singulos
2737 2171 2919 2210 sonos
2941 2158 3326 2221 brevissimas
3349 2168 3647 2240 subposui

1971 2236 2395 2327 symphonias,
2455 2256 2718 2311 quarum
2771 2247 3098 2316 particulas
3144 2268 3285 2309 cum
3333 2236 3648 2327 diligenter

1970 2327 2326 2397 inspexeris,
2406 2327 2884 2404 uniuscujusque
2935 2338 3095 2394 vocis
3141 2357 3353 2398 omnes
3408 2349 3645 2420 deposi-
3693 2349 3698 2356 ’

1972 2411 2162 2468 tiones
2202 2418 2258 2469 et
2309 2415 2670 2473 elevationes
2723 2436 2830 2492 per
2884 2425 3160 2484 ordinem
3216 2431 3277 2486 in
3333 2411 3642 2510 principiis

1969 2501 2243 2572 ipsarum
2299 2505 2731 2577 particularum
2790 2514 3084 2580 gaudebis
3132 2521 3188 2572 te
3241 2501 3548 2582 invenire.-
3582 2529 3641 2585 Si

1971 2595 2173 2646 autem
2197 2592 2313 2648 hoc
2343 2599 2631 2651 attentare
2660 2601 2950 2671 potueris,
2985 2608 3050 2660 ut
3081 2606 3258 2662 unius
3291 2615 3348 2665 et
3398 2613 3638 2673 alterius

1971 2681 2346 2751 symphoniae
2373 2683 2672 2754 quaslibet
2710 2687 2967 2745 volueris
2994 2693 3318 2764 particulas
3366 2703 3636 2759 module-

1968 2769 2068 2838 ris,
2102 2771 2376 2826 omnium
2400 2789 2761 2830 neumarum
2791 2777 3062 2835 difﬁciles
3087 2783 3262 2840 valde
3285 2792 3464 2861 atque
3489 2793 3637 2849 mul-

1968 2857 2193 2930 tiplices
2218 2861 2531 2917 varietates
2560 2862 2918 2924 brevissima
2945 2874 3000 2925 et
3033 2869 3189 2927 facili
3235 2857 3443 2946 regula
3485 2880 3636 2936 didi-

1899 2959 1941 3017 α
1969 2947 2117 3003 cisti.
2145 2951 2286 3014 Quae
2318 2951 2523 3006 omnia
2548 2968 2685 3008 cum
2718 2953 2813 3010 vix
2852 2955 3060 3013 litteris
3104 2965 3408 3037 utcunque
3448 2968 3631 3039 signi—

1965 3035 2236 3103 ﬁcemus,
2271 3037 2427 3094 facili
2459 3045 2688 3095 tantum
2715 3043 3014 3118 colloquio
3045 3035 3450 3112 denudamus.

2037 3144 2197 3200 Sicut
2226 3145 2285 3200 in
2334 3146 2500 3201 omni
2549 3147 2841 3219 scriptura
2869 3168 2945 3207 xx
2976 3158 3033 3209 et
3062 3171 3119 3210 1v
3155 3156 3397 3233 litteras,
3446 3163 3528 3220 ita
3565 3165 3629 3221 in

1962 3233 2127 3289 omni
2159 3239 2339 3291 cantu
2372 3239 2602 3306 septem
2631 3241 2866 3294 tantum
2898 3242 3195 3300 habemus
3226 3264 3422 3304 voces.
3476 3255 3628 3308 Nam

1963 3322 2113 3379 sicut
2141 3327 2369 3395 septem
2395 3323 2521 3378 dies
2554 3323 2614 3378 in
2644 3325 3052 3406 hebdomada,
3095 3331 3177 3388 ita
3207 3341 3435 3406 septem
3487 3343 3629 3395 sunt

1960 3428 2137 3467 voces
2175 3412 2237 3467 in
2277 3412 2524 3468 musica.
2576 3413 2720 3467 Aliae
2768 3403 2932 3489 vero,
2975 3435 3110 3490 quae
3159 3403 3341 3494 super
3393 3430 3626 3498 septem

1959 3501 2054 3572 adj
2069 3506 2393 3570 unguntur,
2422 3501 2650 3557 eaedem
2681 3509 2837 3572 sunt,
2871 3510 2928 3561 et
2973 3523 3080 3578 per
3107 3511 3312 3567 omnia
3357 3513 3628 3572 similiter

1958 3594 2183 3646 canunt
2211 3591 2272 3645 in
2301 3589 2465 3646 nullo
2497 3590 2840 3663 dissimiles,
2871 3594 2984 3650 nisi
3023 3597 3189 3668 quod
3217 3599 3393 3657 altius
3426 3603 3625 3674 dupli-

1957 3678 2098 3733 citer
2124 3683 2361 3734 sonant.
2397 3677 2655 3751 Ideoque
2684 3686 2912 3753 septem
2956 3683 3214 3741 dicimus
3257 3703 3490 3758 graves,
3538 3709 3628 3749 se-

1956 3772 2118 3839 ptem
2148 3783 2289 3822 vero
2319 3783 2605 3823 vocamus
2631 3774 2858 3826 acutas.
2899 3773 3135 3844 Septem
3185 3781 3386 3834 autem
3417 3778 3624 3837 litterae

1955 3872 2078 3912 non
2116 3855 2449 3928 dupliciter,
2498 3856 2604 3913 sed
2655 3857 3022 3916 dissimiliter
3067 3861 3462 3934 designantur
3505 3868 3623 3925 hoc

1952 3943 2137 4001 modo
2171 3962 2183 3998 :

1954 4034 3198 4134 r.ABCDErGchdefgg};g§

2026 4159 2137 4224 Qui
2167 4175 2308 4216 vero
2329 4158 2814 4215 monochordum
2846 4160 3149 4218 desiderat
3168 4163 3382 4240 facere,
3401 4171 3457 4223 et
3476 4184 3622 4241 qua-

1954 4248 2146 4304 litates
2173 4254 2229 4305 et
2267 4248 2647 4322 quantitates,
2675 4247 3091 4307 similitudines
3116 4257 3176 4308 et
3195 4253 3622 4314 dissimilitudi-

1955 4355 2063 4394 nes
2091 4353 2378 4393 sonorum
2408 4342 2785 4407 tonorumve,
2819 4340 3175 4413 discernere,
3199 4346 3616 4418 paucissimas,

1953 4444 2107 4503 quas
2123 4428 2508 4499 subjecimus,
2524 4426 2761 4497 regulas
2779 4445 3163 4504 summopere
3189 4436 3428 4492 studeat
3447 4437 3617 4493 intel-

1953 4534 2110 4591 gere.
2137 4521 2200 4573 In
2224 4516 2638 4574 monochordo
2671 4521 2870 4574 autem
2901 4519 3026 4575 istis
3069 4521 3274 4578 litteris
3308 4525 3402 4580 vel
3453 4542 3619 4582 men-

1954 4606 2106 4664 suris
2126 4607 2527 4681 disponuntur
2545 4607 2671 4679 (33).
2691 4613 3022 4678 I‘grrecum,
3038 4610 3151 4665 hoc
3165 4616 3255 4666 est
3278 4614 3318 4667 G
3344 4613 3616 4668 Latinum

1950 4711 2109 4769 pone
2129 4696 2190 4752 in
2222 4697 2434 4770 capite.
2464 4698 2530 4750 Et
2554 4695 2692 4751 inde
2721 4696 3012 4769 incipiens
3028 4702 3215 4753 totam
3229 4698 3617 4772 lineam,quae

1951 4787 2190 4842 sonanti
2218 4785 2459 4843 chorda:
2481 4785 2612 4856 subj
2623 4790 2770 4854 acet,
2804 4802 2909 4858 per
2931 4802 3150 4843 novem
3172 4792 3374 4860 partes
3397 4789 3617 4844 studio-

1951 4874 2182 4931 sissime
2207 4875 2427 4942 divide,
2457 4878 2512 4929 et
2529 4873 2631 4928 ubi
2653 4874 2849 4945 prima
2869 4890 3010 4947 pars
3032 4873 3233 4930 fecerit
3253 4875 3618 4946 ﬁnemjuxla

1952 4967 2204 5021 Gamma
2223 4965 2482 5037 primam
2503 4961 2760 5018 litteram
2778 4978 2934 5035 pone
2956 4967 3020 5018 Α.
3055 4963 3144 5018 Ab
3171 4962 3305 5035 ipsa
3335 4963 3532 5036 prima
3545 4965 3616 5021 si-

1949 5053 2164 5110 militer
2193 5068 2384 5125 usque
2411 5050 2489 5107 ab
2514 5048 2696 5106 ﬁnem
2723 5051 2941 5124 partire
2968 5067 3075 5123 per
3119 5066 3360 5122 novem,
3411 5057 3468 5108 et
3510 5052 3615 5109 ubi

1947 5144 2146 5216 prima
2164 5157 2304 5214 pars
2323 5141 2507 5196 ﬁnem
2524 5138 2745 5210 fecerit,
2771 5140 3099 5196 secundam
3124 5141 3182 5196 Β,
3201 5139 3461 5198 litteram
3478 5142 3614 5214 jun-

1951 5247 2042 5301 ge.
2068 5235 2202 5286 Post
2217 5231 2344 5285 haec
2365 5228 2444 5284 ad
2475 5235 2512 5278 Γ
2527 5233 2847 5297 revertens,
2872 5228 2951 5284 ab
2970 5228 3103 5301 ipsa
3127 5246 3320 5303 usque
3334 5231 3414 5287 ad
3428 5231 3616 5288 ﬁnem

1948 5320 2148 5377 divide
2175 5336 2282 5392 per
2308 5322 2566 5390 quatuor
2593 5323 2813 5390 partes,
2835 5322 2892 5374 et
2909 5318 2972 5374 in
2995 5319 3206 5392 primae
3227 5321 3414 5392 partis
3430 5322 3615 5378 ﬁnem

1952 5410 2185 5468 tertiam
2225 5411 2264 5465 C
2289 5424 2446 5480 pone
2481 5425 2493 5463 :
2533 5408 2799 5464 similiter
2841 5425 2878 5464 a
2926 5409 3124 5480 prima
3173 5413 3219 5465 Α
3263 5409 3461 5468 divide
3509 5427 3616 5483 per

1913 5582 2139 5642 Odonis
2169 5580 2403 5639 abbatis
2430 5580 2762 5653 (Patrolog.
2789 5580 3071 5652 CXXXIII).

3114 5681 3177 5733 14
