3986 6178
418 126 522 179 4'27

1802 111 2133 176 GUIDONIS
2169 115 2453 175 ARETINI

3730 123 3837 177 428

414 250 697 319 quatuor,
738 249 795 309 et
817 244 1083 307 Similiter
1105 243 1376 315 signabis
1405 247 1685 318 quartam
1731 245 1797 300 D.
1853 216 2077 302 Eodem
2103 241 2153 295 Α
2188 239 2350 297 ciunt
2379 240 2601 299 similes
2630 258 2811 299 sonos
2837 245 2894 298 et
2921 241 3249 298 concordes
3273 258 3549 311 neumas,
3571 243 3635 299 in
3655 260 3845 319 quan-

415 336 601 399 modo
630 335 783 392 sicut
810 352 948 391 cum
973 334 1169 409 prima
1194 335 1437 399 inventa
1456 340 1548 392 est
1575 339 1812 409 quarta,
1835 335 1917 395 ita
1937 348 2076 389 cum

413 423 679 489 secunda
709 423 975 485 invenies
1000 428 1042 483 E
1070 424 1368 498 quintam,
1397 430 1455 482 et
1483 442 1622 483 cum
1655 425 1823 487 tertia
1868 427 1907 480 F
1946 438 2074 477 sex-

410 516 558 580 tam,
589 517 809 570 etcum
838 518 1057 586 quarta
1087 516 1151 579 G,
1187 516 1526 587 septimam.
1568 514 1791 573 Deinde
1835 512 2072 570 rediens

408 602 488 658 ad
514 603 776 675 primam
808 608 855 660 A
885 604 965 661 ab
992 604 1129 677 ipsa
1171 622 1361 678 usque
1392 606 1471 665 ad
1520 606 1704 663 ﬁnem
1759 604 1821 665 in
1871 603 2070 665 medio

406 691 601 765 spatio
626 692 899 755 invenies
925 693 1175 757 alteram
1198 695 1457 767 primam
1481 713 1539 765 a,
1563 700 1620 751 et
1642 694 1909 755 similiter
1928 710 2068 749 cum

413 782 686 841 secunda
736 783 1000 845 invenies
1048 785 1293 845 alteram
1344 785 1674 843 secundam
1725 784 1785 852 b,
1834 788 2065 841 etcum

402 873 574 936 tortia
600 874 835 935 tertiam
866 891 918 943 c,
950 874 1031 933 sic
1057 878 1114 933 et
1139 875 1215 932 de
1244 875 1489 949 reliquis
1518 875 1598 933 ad
1627 873 1910 931 eumdem
1941 889 2067 929 mo-

400 960 552 1019 dum
580 977 689 1035 per
713 962 1029 1036 diapason.
1061 967 1127 1020 Et
1155 967 1219 1021 ut
1246 963 1323 1021 de
1351 963 1639 1020 divisione
1667 961 2064 1020 monochordi

397 1049 463 1109 in
493 1051 702 1123 paucis
737 1052 925 1110 multa
949 1052 1381 1121 constringam,
1422 1068 1635 1109 omnes
1674 1051 1797 1111 toni
1845 1068 2062 1110 novem

399 1140 480 1198 ad
508 1140 689 1201 ﬁnem
714 1141 999 1214 passibus
1028 1146 1290 1199 currunt.
1323 1143 1706 1200 Diatessaron
1735 1158 1876 1199 vero
1903 1158 2059 1200 sem-

396 1244 505 1301 per
529 1233 790 1301 quatuor
821 1245 1041 1301 passus
1069 1230 1227 1297 facit,
1259 1230 1540 1304 diapente
1580 1236 1717 1299 tres,
1750 1236 1808 1287 et
1853 1231 2060 1305 diapa-

395 1333 506 1373 son
530 1316 706 1387 duos,
731 1318 876 1389 quia
907 1319 1000 1375 his
1031 1322 1264 1379 tantum
1294 1325 1555 1392 quatuor
1583 1320 1910 1377 dividimus
1933 1336 2061 1376 mo-

392 1405 505 1463 dis.
538 1406 763 1465 Deinde
786 1411 948 1475 nota,
983 1408 1148 1481 quod
1186 1408 1339 1466 inter
1366 1410 1696 1467 secundam
1727 1415 1783 1468 et
1822 1410 2057 1469 tertiam

390 1494 687 1552 vel‘inter
729 1496 1006 1569 quintam
1054 1503 1112 1555 et
1166 1503 1396 1555 sextam
1454 1499 1817 1573 parvissima
1869 1500 2059 1571 spatia

2186 333 2313 391 tum
2362 331 2627 391 similiter
2670 332 3007 389 elevantum
3058 332 3149 389 vel
3196 333 3582 407 deponuntur
3628 351 3841 392 secun-

2181 418 2330 475 dum
2386 420 2824 494 depositioncm
2888 427 3167 478 tonorum
3222 427 3278 479 et
3332 422 3840 483 semitoniorum:

2179 511 2391 581 utputa
2419 509 2618 583 prima
2646 527 2761 567 vox
2788 515 2835 566 A
2865 516 2921 568 et
2946 516 3161 584 quarta
3207 514 3247 567 Ι)
3296 511 3520 569 similes
3568 518 3627 569 et
3664 514 3843 571 unius

2176 597 2344 653 modi
2374 599 2673 670 dicuntur,
2705 600 2811 674 qui
2838 605 3087 673 utraque
3130 600 3192 656 in
3222 600 3601 673 depositione
3630 608 3843 661 tonum

2175 686 2237 745 in
2267 687 2597 749 elevatione
2619 706 2762 746 vero
2792 689 3017 747 habent
3044 693 3256 745 tonum
3285 695 3341 746 et
3370 691 3761 750 semitonium
3789 698 3844 750 et

2174 776 2330 839 duos
2380 783 2575 835 tonos.
2620 783 2809 853 Atque
2854 780 2980 835 haec
3025 785 3117 835 est
3161 779 3356 853 prima
3404 781 3737 839 similitudo
3781 782 3840 838 in

2172 866 2445 936 vocibus,
2475 868 2590 925 hoc
2616 872 2725 936 est,
2757 868 2987 942 primus
3012 868 3250 925 modus.

2246 957 2555 1014 Secundus
2580 958 2801 1015 modus
2831 964 2920 1015 est
2959 958 3021 1014 in
3052 959 3318 1016 secunda
3347 962 3388 1014 Β
3414 964 3473 1016 et
3517 960 3583 1017 in
3624 961 3841 1034 quinta

2171 1046 2231 1103 E.
2254 1046 2491 1103 Habent
2506 1047 2668 1105 enim
2697 1052 2951 1122 utraque
2971 1048 3031 1105 in
3061 1047 3432 1122 depositione
3457 1048 3612 1106 duos
3634 1054 3836 1124 tonos,

2166 1135 2229 1197 in
2258 1135 2586 1194 elevatione
2602 1138 2985 1197 semitonium
3010 1139 3230 1195 etduos
3244 1142 3441 1197 tonos.
3464 1139 3693 1197 Tertius
3712 1157 3840 1203 mo-

2167 1225 2283 1281 dus
2329 1231 2418 1283 est
2445 1226 2508 1282 in
2538 1227 2708 1284 tertia
2748 1231 2788 1285 C
2817 1232 2874 1284 et
2901 1227 2962 1283 in
2994 1232 3160 1284 sexta
3190 1229 3266 1295 F;
3320 1228 3518 1285 ambae
3549 1229 3715 1286 enim
3753 1247 3838 1286 se-

2166 1314 2416 1371 mitonio
2446 1319 2502 1373 et
2529 1315 2770 1373 duobus
2802 1316 2956 1373 tonis
2986 1316 3381 1384 descendunt,
3413 1316 3658 1374 duobus
3690 1336 3837 1377 vero

2166 1405 2320 1460 tonis
2360 1405 2713 1461 ascendunt.
2767 1405 2904 1465 Sola
2948 1422 3089 1462 vero
3142 1406 3400 1479 septima
3448 1408 3488 1463 G
3543 1413 3836 1481 quartum

2164 1494 2418 1550 modum
2442 1494 2601 1561 facit,
2641 1511 2778 1567 quae
2807 1494 2868 1550 in
2896 1495 3266 1568 depositione
3318 1512 3510 1552 unum
3540 1500 3758 1556 tonum
3782 1504 3838 1555 et

386 1580 555 1654 ﬁant,
606 1600 743 1656 quae
793 1585 1111 1644 semitonia
1164 1591 1487 1654 vocantur;
1531 1588 1682 1645 inter
1719 1587 1870 1647 alias
1917 1605 2055 1648 vero
2096 1601 2136 1661 Β
2167 1582 2551 1641 semitonium
2576 1588 2633 1641 et
2660 1583 2815 1639 duos
2838 1589 3033 1653 tonos,
3067 1584 3129 1640 in
3156 1585 3487 1643 elevatione
3506 1602 3649 1642 vero
3676 1587 3833 1645 duos

384 1687 565 1729 voces
595 1672 830 1743 majora
853 1674 1167 1733 intervalla
1190 1675 1363 1745 ﬁunt,
1386 1681 1443 1732 et
1469 1676 1750 1735 dicuntur
1778 1677 1902 1734 toni
1933 1682 1981 1735 A
2010 1682 2050 1736 t.

387 1764 1244 1823 Bs.Ct.Dt.Es.F.t.Gt.

457 1855 797 1921 Junguntur
850 1853 928 1911 ad
985 1870 1049 1911 se
1104 1854 1361 1915 invicem
1425 1870 1600 1911 voces
1667 1872 1771 1912 sex
1834 1854 2050 1923 modis,

388 1946 554 2013 tono,
585 1942 922 2012 semitonio,
962 1943 1190 2011 ditono,
1224 1943 1605 2014 semiditono,
1652 1944 2049 2013 diatessaron,

384 2032 683 2104 diapente.
716 2033 795 2089 De
834 2036 975 2093 tono
1032 2039 1235 2091 autem
1279 2038 1337 2090 et
1373 2033 1689 2091 semitonio
1741 2050 1925 2105 supra
1966 2033 2053 2091 di~

383 2122 601 2181 ximus.
638 2122 882 2179 Ditonus
919 2127 1123 2183 autem
1170 2127 1285 2193 est,
1325 2123 1475 2181 dum
1503 2123 1654 2181 inter
1683 2124 1836 2183 duas
1874 2140 2050 2183 voces

384 2211 509 2269 duo
540 2216 677 2273 sunt
707 2213 850 2281 toni,
885 2218 950 2270 ut
975 2214 1125 2269 inter
1172 2212 1407 2270 tertiam
1437 2216 1495 2268 et
1524 2212 1819 2286 quintam,
1864 2217 1920 2271 et
1963 2229 2051 2271 re-

382 2300 600 2374 liquas.

459 2389 860 2449 Semiditonus
890 2395 1093 2449 autem
1136 2390 1370 2458 dicitur,
1420 2390 1564 2465 quia
1606 2390 1804 2449 minor
1841 2394 1928 2448 est
1966 2390 2052 2449 di-

383 2483 549 2547 tono,
579 2495 718 2537 cum
738 2478 892 2539 inter
916 2479 1070 2536 duas
1103 2479 1335 2555 aliquas
1356 2495 1535 2535 voces
1569 2483 1656 2537 est
1684 2496 1841 2537 unus
1872 2485 2048 2537 tonus

383 2573 441 2634 et
468 2585 658 2627 unum
691 2568 1097 2640 semitonium,
1131 2572 1173 2625 D
1208 2574 1244 2625 t.
1280 2572 1321 2625 E
1351 2587 1398 2624 s.
1436 2572 1492 2625 F.
1523 2568 1902 2627 Diatessaron
1946 2585 2043 2627 au-

382 2662 505 2721 tem
535 2657 748 2717 dicitur
776 2659 850 2715 de
875 2664 1155 2731 quatuor,
1189 2675 1327 2714 cum
1353 2657 1506 2715 inter
1534 2657 1805 2730 aliquam
1834 2675 2047 2715 vocem

383 2751 441 2813 et
466 2751 747 2823 quartam
768 2763 805 2803 a
826 2763 886 2805 se
907 2747 1031 2803 duo
1048 2751 1187 2804 sunt
1209 2747 1350 2815 toni,
1370 2751 1426 2803 et
1446 2763 1637 2805 unum
1661 2748 2045 2804 semitonium

382 2841 427 2899 D
462 2841 500 2892 t.
537 2840 575 2891 E
601 2855 648 2895 s.
678 2839 721 2891 F
753 2841 790 2893 t.
825 2840 888 2892 G.
924 2836 1208 2909 Diapente
1237 2835 1452 2893 dicitur
1482 2839 1555 2894 de
1583 2839 1862 2910 quinque,
1903 2854 2044 2894 cum

378 2927 534 2990 inter
574 2925 842 2998 aliquam
885 2940 1091 2985 vocem
1135 2929 1192 2982 et
1236 2925 1513 2999 quintam
1557 2942 1594 2982 a
1641 2942 1702 2982 se
1746 2930 1862 2983 tres
1904 2931 2083 2999 sunt,

380 3014 527 3082 toni,
556 3019 613 3075 et
640 3029 831 3077 unum
869 3014 1272 3071 semitonium.
1331 3018 1372 3071 Ι)
1406 3019 1444 3071 t.
1476 3018 1517 3079 E
1557 3033 1603 3071 s.
1638 3017 1679 3073 F
1727 3020 1765 3072 t.
1818 3018 1861 3072 G
1906 3019 1943 3072 t.
1983 3032 2037 3077 a.

380 3104 511 3165 Non
561 3100 748 3170 aliter,
798 3116 984 3175 quam
1032 3102 1123 3157 his
1168 3119 1270 3159 sex
1316 3103 1533 3172 modis,
1587 3119 1765 3159 voces
1817 3104 2039 3177 juncta:

379 3189 749 3248 concordant
793 3190 885 3247 vel
912 3196 1270 3261 moventur;
1317 3196 1495 3266 atque
1526 3192 1588 3248 bi
1619 3191 1900 3249 dicuntur
1937 3210 2040 3250 sex

376 3284 580 3343 motus
624 3295 865 3351 vocum,
897 3279 1120 3353 quibus
1150 3279 1229 3337 ad
1279 3296 1341 3336 se
1383 3281 1640 3338 invicem
1688 3298 1862 3337 voces
1902 3297 2041 3338 con-

376 3368 629 3426 cordant
665 3367 760 3425 vel
806 3374 1143 3426 moventur.
1194 3372 1274 3425 Ea
1319 3386 1461 3425 vero
1506 3370 1850 3439 concordia,
1902 3387 2038 3444 quae

376 3463 467 3515 est
523 3457 676 3513 inter
727 3473 974 3527 gravem
1027 3457 1294 3531 aliquam
1348 3456 1605 3513 litteram
1653 3462 1710 3514 et
1760 3457 2038 3517 eamdem

376 3549 639 3612 acutam,
688 3544 838 3601 sicut
863 3562 899 3600 a
923 3545 1121 3619 prima
1149 3546 1210 3601 in
1242 3545 1523 3618 primam,
1569 3545 1663 3601 vel
1692 3563 1729 3603 a
1775 3548 2039 3604 secunda

374 3634 436 3689 in
480 3632 831 3700 secundam,
886 3633 1183 3705 diapason
1228 3633 1461 3701 dicitur,
1510 3634 1572 3689 id
1611 3641 1699 3691 est
1739 3636 1812 3692 de
1858 3638 2040 3693 omni-

378 3722 519 3781 bus;
549 3720 733 3777 habet
755 3720 914 3776 enim
956 3737 1166 3777 omnes
1212 3738 1411 3792 voces,
1457 3727 1513 3778 et
1556 3726 1728 3779 tonos
1771 3724 2038 3803 quinque

375 3827 516 3869 cum
568 3809 809 3866 duobus
854 3810 1207 3879 semitoniis,
1266 3811 1382 3867 hoc
1432 3816 1543 3884 est,
1581 3813 1953 3871 diatessaron
1982 3820 2040 3871 et

373 3897 673 3972 diapente.
708 3901 839 3957 Haec
870 3900 1167 3974 diapason
1212 3900 1272 3957 in
1311 3904 1548 3958 tantum
1595 3903 1923 3960 concordes
1952 3903 2038 3960 fa-

373 3989 450 4045 cit
474 4004 675 4057 voces,
707 3994 773 4045 ut
796 4006 919 4055 non
939 4006 1042 4047 eas
1062 3989 1337 4047 dicamus
1361 3990 1604 4060 similes,
1635 3992 1741 4049 sed
1769 3992 2033 4049 easdem.

374 4080 597 4135 Omnes
627 4083 830 4136 autem
854 4094 1035 4137 voces
1066 4079 1129 4136 in
1157 4084 1392 4138 tantum
1421 4085 1561 4138 sunt
1589 4080 1831 4151 similes,
1863 4086 1920 4139 et
1949 4082 2037 4140 fa-

1159 4273 1642 4389 gaaF

1161 4402 1204 4457 Ι)
1553 4402 2103 4459 GEGFEDD

1122 4469 1388 4527 Primum
1426 4471 1679 4544 quaerite
1716 4489 1972 4545 regnum
2000 4474 2103 4531 Dei

2134 4371 2443 4499 αῖδῖ
2640 4408 2745 4499 -E

2162 1672 2346 1731 habet
2375 1677 2549 1729 tonos
2581 1678 2637 1730 et
2667 1674 3070 1731 semitonium.

2234 1764 2302 1818 Et
2327 1762 2433 1835 qui
2462 1761 2636 1834 plene
2666 1762 2967 1821 exercitati
2995 1768 3134 1819 sunt
3156 1763 3217 1820 in
3248 1764 3363 1825 hac
3393 1770 3538 1833 arte,
3569 1772 3832 1838 possunt

2164 1851 2685 1924 unamquamlibet
2710 1853 3140 1926 symphoniam
3179 1854 3515 1911 secundum
3537 1855 3653 1912 hos
3684 1872 3829 1929 qua-

2160 1946 2296 1999 tuor
2324 1942 2554 1999 variare
2582 1942 2820 2012 modos,
2850 1943 3145 2015 utputa,si
3156 1944 3292 2016 quis
3316 1960 3503 2003 unam
3532 1946 3825 2019 sympho-

2158 2030 2325 2087 niam
2350 2031 2615 2103 primum
2641 2031 2701 2087 in
2735 2048 2879 2088 voce
2908 2035 3103 2104 prima
3131 2039 3199 2103 Α,
3226 2038 3284 2093 et
3307 2039 3517 2106 pOstea
3544 2036 3824 2093 eamdem

2156 2118 2404 2192 incipiat
2430 2120 2491 2176 in
2516 2137 2662 2179 voce
2689 2121 2977 2191 secunda,
3000 2122 3290 2180 dehincin
3304 2124 3491 2180 tertia.
3518 2126 3585 2181 Et
3614 2141 3823 2182 secun-

2157 2209 2307 2265 dum
2334 2210 2502 2282 quod
2528 2210 2678 2282 ipsae
2726 2228 2904 2268 voces
2929 2211 3230 2268 diversam
3270 2213 3497 2271 habent
3538 2219 3823 2275 tonorum

2158 2301 2216 2354 et
2261 2299 2714 2357 semitoniorum
2753 2301 3133 2373 positionem,
3162 2301 3248 2357 sio
3277 2303 3456 2359 variis
3480 2304 3684 2361 modis
3734 2321 3821 2360 se-

2158 2387 2427 2445 cundum
2487 2388 2962 2462 uniuscujusque
3018 2390 3443 2463 proprietatem
3500 2408 3640 2449 eam
3690 2409 3824 2465 pro-

2156 2477 2406 2537 nuntiet.
2465 2477 2639 2545 Quod
2685 2478 2934 2551 quidem
2978 2478 3173 2539 facere
3210 2479 3383 2537 valde
3417 2485 3506 2539 est
3557 2481 3723 2551 utile,
3770 2488 3824 2539 et

2156 2566 2330 2624 valde
2360 2566 2551 2638 facile,
2584 2568 2699 2625 hoc
2737 2569 2922 2625 modo
2955 2587 2969 2627 :

2462 2658 2690 2715 DFG
2787 2661 3458 2717 GGGGaFED

2437 2750 2478 2803 Τ
2482 2765 2523 2805 u
2548 2748 2734 2806 Patris
2764 2748 3163 2821 sempiternus
3191 2764 3258 2805 es
3291 2749 3487 2807 Filius.

2459 2855 2682 2909 EGa
2781 2868 2818 2909 a
2906 2832 3442 2946 aaajqcrs

2435 2963 2519 3016 Tu
2547 2961 2730 3017 Patris
2761 2961 3160 3035 sempiternus
3186 2979 3250 3019 es
3281 2963 3476 3019 Filius.

2457 3070 2498 3123 ιτ
2571 3056 2701 3149 atq
2784 3056 2843 3157 ιλ
2927 3051 3223 3165 hunc
3287 3073 3447 3128 aer

2433 3178 2517 3232 Tu
2546 3174 2729 3233 Patris
2761 3176 3156 3248 sempiternus
3187 3192 3251 3233 es
3282 3176 3474 3237 Filius.

2457 3272 2682 3365 (ἰωο
2792 3282 3450 3341 ccccdbaG

2432 3391 2516 3444 'I‘u
2542 3389 2726 3445 Patris
2753 3390 3151 3463 sempiternus
3180 3408 3247 3448 es
3276 3390 3468 3448 Filius.

2220 3477 2402 3546 Igitur
2429 3478 2659 3534 curiose
2689 3483 2778 3534 est
2813 3479 3248 3536 intendendum
3292 3480 3369 3536 de
3410 3481 3580 3537 omni
3626 3482 3811 3549 melo,

2147 3567 2483 3623 secundum
2512 3568 2858 3638 cujusmodi
2888 3569 3311 3642 proprietatem
3343 3575 3535 3640 sonet,
3586 3570 3723 3627 sive
3755 3572 3813 3626 in

2146 3654 2441 3728 principio
2468 3656 2590 3711 sive
2615 3656 2676 3713 in
2706 3657 2845 3729 ﬁne,
2877 3658 3159 3730 quamvis
3190 3658 3266 3714 de
3296 3659 3423 3714 solo
3462 3658 3585 3715 ﬁne
3613 3660 3813 3717 dicere

2147 3743 2470 3801 soleamus.
2512 3746 2800 3811 Quaedam
2846 3753 3047 3803 autem
3087 3764 3322 3803 neumaa
3350 3754 3599 3822 repertae
3651 3755 3813 3815 sunt,

2144 3849 2410 3906 quarum
2462 3836 2796 3910 aptitudine
2849 3837 2966 3893 hoc
3023 3837 3285 3894 solemus
3342 3838 3674 3912 advertens,
3728 3844 3814 3896 ut-

2145 3927 2285 4009 Ροιςι
2310 3941 2323 3991 ;

2265 4278 2682 4391 8:f‘IurGaG

2640 4479 2782 4534 EE

2762 4553 2827 4606 Β.

1159 4681 1491 4796 ρδολΕι)
1568 4702 1656 4796 DF
1725 4705 1899 4796 arri:
1968 4634 2313 4796 Ειβιέιτε

1161 4772 1505 4830 Secundum
1526 4777 1728 4831 autem
1747 4774 1939 4839 simile
1958 4779 2052 4833 est
2078 4775 2217 4834 huic

2563 4744 2601 4797 Ε
2626 4710 2773 4797 εἰτ’,
3011 4714 3049 4768 F

2344 4779 3070 4905 DCDDDEDCDR

372 5048 522 5134 Cum
550 5044 712 5134 enim
741 5044 909 5134 ﬁnito
936 5043 1141 5134 aliquo
1168 5051 1350 5134 cantu
1386 5046 1546 5103 hanc
1567 5062 1856 5107 neumam
1896 5051 2028 5121 ejus
2056 5064 2099 5117 Ι)
2139 5051 2259 5121 nia,
2292 5069 2428 5125 quae
2449 5053 2511 5113 in
2540 5056 2755 5113 eodem
2780 5071 2930 5114 sono
2960 5058 3185 5131 incipit,
3203 5059 3331 5117 hee
3349 5063 3587 5134 posssit
3606 5064 3809 5123 simili-

371 5131 434 5186 in
462 5132 581 5193 ﬁne
609 5132 763 5188 bene
792 5133 1010 5190 videris
1038 5133 1379 5205 convenire,
1427 5135 1629 5193 statim
1679 5152 2027 5208 cognosces,

371 5219 516 5291 quia
546 5224 757 5277 cantus
785 5221 883 5276 ille
910 5222 1112 5278 ﬁnitus
1143 5222 1218 5279 sit
1240 5223 1303 5279 in
1335 5223 1531 5295 primo
1570 5226 1778 5297 modo,
1807 5232 1865 5285 et
1911 5227 2029 5301 pri-

371 5323 476 5363 mo
501 5308 592 5363 vel
616 5314 833 5378 quarto
857 5325 1045 5381 sono;
1072 5312 1218 5384 quia
1238 5311 1304 5370 in
1331 5312 1424 5371 his
1452 5313 1695 5373 duobus
1728 5316 1889 5379 sonis
1914 5317 2030 5390 pri-

371 5412 512 5453 mus
538 5401 626 5452 est
653 5398 893 5455 modus.

437 5484 574 5541 Sola
602 5490 802 5542 autem
827 5487 940 5542 hac
971 5504 1191 5544 neuma
1220 5490 1483 5562 solemus
1522 5490 1785 5563 primum
1817 5500 2027 5551 tonum

369 5575 726 5646 discernere,
739 5578 1019 5649 quamvis
1035 5595 1170 5634 cum
1186 5578 1305 5637 alia
1321 5580 1730 5653 qualicunque
1742 5585 2032 5657 sympho‘

2136 5143 2245 5209 ter,
2263 5146 2320 5200 et
2338 5143 2667 5216 aliquando
2685 5145 2899 5204 melius
2918 5146 3065 5204 ﬁeri.
3080 5149 3437 5221 Cujusenim
3458 5153 3633 5209 modi
3647 5171 3810 5227 sym-

2135 5228 2374 5301 phoniis
2388 5232 2669 5305 quaelibet
2691 5236 3054 5309 symphonia
3066 5242 3325 5311 aptatur,
3342 5240 3395 5311 ei
3405 5257 3480 5297 us
3488 5242 3667 5299 modi
3674 5259 3807 5299 esse

2136 5321 2516 5389 cognoscitur
2538 5341 2550 5378 :
2574 5323 2778 5397 sicque
2797 5324 3091 5396 intelligis,
3107 5343 3185 5383 an
3198 5328 3349 5384 bene
3370 5329 3645 5403 aliquam
3662 5348 3807 5389 neu-

2135 5423 2301 5463 mam
2330 5412 2701 5481 pronunties,
2735 5430 2873 5468 cum
2899 5430 3032 5470 eam
3049 5416 3350 5485 ejusmodi
3392 5421 3801 5491 symphoniis,

2134 5496 2196 5552 in
2225 5514 2348 5571 quo
2374 5501 2558 5557 modo
2580 5507 2782 5559 notata
2799 5503 2991 5573 fuerit,
3016 5511 3420 5579 competenter
3440 5511 3641 5580 aptari
3662 5528 3803 5567 con-

2135 5589 2418 5659 spexeris.
2434 5593 2582 5647 Nota
2600 5597 2822 5662 autem,
2834 5593 3148 5668 quomodo
3159 5595 3374 5652 modos
3386 5595 3656 5656 dicimus
3673 5615 3801 5671 eos,
