  <div class='ocr_page' id='page_1' title='image "/cluster/home/n/w/nwhite01/storage/ocr_20150623/141/hvd.32044054760012/220.png"; bbox 0 0 3986 6178; ppageno 0'>
   <div class='ocr_carea' id='block_1_1' title="bbox 295 135 392 189">
    <p class='ocr_par' dir='ltr' id='par_1_1' title="bbox 295 135 392 189">
     <span class='ocr_line' id='line_1_1' title="bbox 295 135 392 189; baseline 0.021 -2"><span class='ocrx_word' id='word_1_1' title='bbox 295 135 392 189; x_wconf 71' lang='grc'>429</span> 
     </span>
    </p>
   </div>
   <div class='ocr_carea' id='block_1_2' title="bbox 1487 133 2557 197">
    <p class='ocr_par' dir='ltr' id='par_1_2' title="bbox 1487 133 2557 197">
     <span class='ocr_line' id='line_1_2' title="bbox 1487 133 2557 197; baseline 0.009 -10"><span class='ocrx_word' id='word_1_2' title='bbox 1487 133 1845 194; x_wconf 80' lang='lat' dir='ltr'>EPISTOLA</span> <span class='ocrx_word' id='word_1_3' title='bbox 1882 139 1973 194; x_wconf 89' lang='lat' dir='ltr'>DE</span> <span class='ocrx_word' id='word_1_4' title='bbox 2012 135 2272 194; x_wconf 81' lang='lat' dir='ltr'>IGNOTO</span> <span class='ocrx_word' id='word_1_5' title='bbox 2308 140 2557 197; x_wconf 80' lang='lat' dir='ltr'>CANTU.</span> 
     </span>
    </p>
   </div>
   <div class='ocr_carea' id='block_1_3' title="bbox 3653 149 3763 206">
    <p class='ocr_par' dir='ltr' id='par_1_3' title="bbox 3653 149 3763 206">
     <span class='ocr_line' id='line_1_3' title="bbox 3653 149 3763 206; baseline 0.018 -2"><span class='ocrx_word' id='word_1_6' title='bbox 3653 149 3763 206; x_wconf 76' lang='grc'>430</span> 
     </span>
    </p>
   </div>
   <div class='ocr_carea' id='block_1_4' title="bbox 298 255 3763 339">
    <p class='ocr_par' dir='ltr' id='par_1_4' title="bbox 298 255 3763 339">
     <span class='ocr_line' id='line_1_4' title="bbox 298 255 3763 339; baseline 0.005 -30"><span class='ocrx_word' id='word_1_7' title='bbox 298 257 398 327; x_wconf 84' lang='lat' dir='ltr'>qui</span> <span class='ocrx_word' id='word_1_8' title='bbox 429 255 488 310; x_wconf 92' lang='lat' dir='ltr'>in</span> <span class='ocrx_word' id='word_1_9' title='bbox 512 255 787 313; x_wconf 84' lang='lat' dir='ltr'>formulis</span> <span class='ocrx_word' id='word_1_10' title='bbox 812 263 1087 317; x_wconf 86' lang='lat' dir='ltr'>tonorum</span> <span class='ocrx_word' id='word_1_11' title='bbox 1115 276 1235 317; x_wconf 91' lang='lat' dir='ltr'>non</span> <span class='ocrx_word' id='word_1_12' title='bbox 1255 256 1514 332; x_wconf 81' lang='lat' dir='ltr'><strong>proprie</strong></span> <span class='ocrx_word' id='word_1_13' title='bbox 1553 261 1684 316; x_wconf 88' lang='lat' dir='ltr'>sed</span> <span class='ocrx_word' id='word_1_14' title='bbox 1737 262 1981 318; x_wconf 84' lang='lat' dir='ltr'>abusive</span> <span class='ocrx_word' id='word_1_15' title='bbox 2010 263 2059 322; x_wconf 76' lang='grc' dir='ltr'><strong>Α</strong></span> <span class='ocrx_word' id='word_1_16' title='bbox 2095 262 2306 320; x_wconf 81' lang='lat' dir='ltr'>transit</span> <span class='ocrx_word' id='word_1_17' title='bbox 2332 263 2393 319; x_wconf 92' lang='lat' dir='ltr'>in</span> <span class='ocrx_word' id='word_1_18' title='bbox 2419 264 2733 323; x_wconf 89' lang='lat' dir='ltr'>deuterum</span> <span class='ocrx_word' id='word_1_19' title='bbox 2766 285 2778 336; x_wconf 91' lang='lat'><strong>;</strong></span> <span class='ocrx_word' id='word_1_20' title='bbox 2812 267 2859 323; x_wconf 87' lang='lat' dir='ltr'>si</span> <span class='ocrx_word' id='word_1_21' title='bbox 2881 272 3084 328; x_wconf 88' lang='lat' dir='ltr'>autem</span> <span class='ocrx_word' id='word_1_22' title='bbox 3108 269 3371 328; x_wconf 88' lang='lat' dir='ltr'>duorum</span> <span class='ocrx_word' id='word_1_23' title='bbox 3422 269 3521 328; x_wconf 92' lang='lat' dir='ltr'>vel</span> <span class='ocrx_word' id='word_1_24' title='bbox 3562 267 3763 339; x_wconf 86' lang='lat' dir='ltr'>pluri-</span> 
     </span>
    </p>
   </div>
   <div class='ocr_carea' id='block_1_5' title="bbox 300 345 1984 425">
    <p class='ocr_par' dir='ltr' id='par_1_5' title="bbox 300 345 1984 425">
     <span class='ocr_line' id='line_1_5' title="bbox 300 345 1984 425; baseline 0.007 -26"><span class='ocrx_word' id='word_1_25' title='bbox 300 345 687 402; x_wconf 87' lang='lat' dir='ltr'>nominantur</span> <span class='ocrx_word' id='word_1_26' title='bbox 713 351 858 418; x_wconf 90' lang='lat' dir='ltr'>toni,</span> <span class='ocrx_word' id='word_1_27' title='bbox 891 368 1025 407; x_wconf 93' lang='lat' dir='ltr'>cum</span> <span class='ocrx_word' id='word_1_28' title='bbox 1053 351 1214 408; x_wconf 88' lang='lat' dir='ltr'>modi</span> <span class='ocrx_word' id='word_1_29' title='bbox 1239 347 1350 405; x_wconf 88' lang='lat' dir='ltr'>vel</span> <span class='ocrx_word' id='word_1_30' title='bbox 1381 346 1535 418; x_wconf 84' lang='lat' dir='ltr'>tropi</span> <span class='ocrx_word' id='word_1_31' title='bbox 1584 353 1843 425; x_wconf 89' lang='lat' dir='ltr'>proprie</span> <span class='ocrx_word' id='word_1_32' title='bbox 1900 351 1984 407; x_wconf 86' lang='lat' dir='ltr'>di-</span> 
     </span>
    </p>
   </div>
   <div class='ocr_carea' id='block_1_6' title="bbox 300 442 526 492">
    <p class='ocr_par' dir='ltr' id='par_1_6' title="bbox 300 442 526 492">
     <span class='ocr_line' id='line_1_6' title="bbox 300 442 526 492; baseline 0.004 -1"><span class='ocrx_word' id='word_1_33' title='bbox 300 442 526 492; x_wconf 89' lang='lat' dir='ltr'>cantur.</span> 
     </span>
    </p>
   </div>
   <div class='ocr_carea' id='block_1_7' title="bbox 375 525 1985 601">
    <p class='ocr_par' dir='ltr' id='par_1_7' title="bbox 375 525 1985 601">
     <span class='ocr_line' id='line_1_7' title="bbox 375 525 1985 601; baseline 0.006 -22"><span class='ocrx_word' id='word_1_34' title='bbox 375 525 524 580; x_wconf 92' lang='lat' dir='ltr'>Illud</span> <span class='ocrx_word' id='word_1_35' title='bbox 553 542 805 599; x_wconf 88' lang='lat' dir='ltr'>quoque</span> <span class='ocrx_word' id='word_1_36' title='bbox 829 529 1012 586; x_wconf 86' lang='lat' dir='ltr'>debes</span> <span class='ocrx_word' id='word_1_37' title='bbox 1042 542 1383 601; x_wconf 82' lang='lat' dir='ltr'>agnoscere,</span> <span class='ocrx_word' id='word_1_38' title='bbox 1411 531 1750 598; x_wconf 88' lang='lat' dir='ltr'>quomodo</span> <span class='ocrx_word' id='word_1_39' title='bbox 1778 532 1839 586; x_wconf 92' lang='lat' dir='ltr'>in</span> <span class='ocrx_word' id='word_1_40' title='bbox 1859 548 1985 586; x_wconf 91' lang='lat' dir='ltr'>om-</span> 
     </span>
    </p>
   </div>
   <div class='ocr_carea' id='block_1_8' title="bbox 300 615 1982 691">
    <p class='ocr_par' dir='ltr' id='par_1_8' title="bbox 300 615 1982 691">
     <span class='ocr_line' id='line_1_8' title="bbox 300 615 1982 691; baseline 0.004 -21"><span class='ocrx_word' id='word_1_41' title='bbox 300 615 482 671; x_wconf 88' lang='lat' dir='ltr'>nibus</span> <span class='ocrx_word' id='word_1_42' title='bbox 509 616 729 684; x_wconf 89' lang='lat' dir='ltr'>modis,</span> <span class='ocrx_word' id='word_1_43' title='bbox 755 634 897 673; x_wconf 90' lang='lat' dir='ltr'>cum</span> <span class='ocrx_word' id='word_1_44' title='bbox 919 635 1095 688; x_wconf 86' lang='lat' dir='ltr'>grave</span> <span class='ocrx_word' id='word_1_45' title='bbox 1145 619 1319 676; x_wconf 87' lang='lat' dir='ltr'>fuerit</span> <span class='ocrx_word' id='word_1_46' title='bbox 1368 615 1630 685; x_wconf 86' lang='lat' dir='ltr'>melum,</span> <span class='ocrx_word' id='word_1_47' title='bbox 1699 621 1982 691; x_wconf 82' lang='lat' dir='ltr'>gravibus</span> 
     </span>
    </p>
   </div>
   <div class='ocr_carea' id='block_1_9' title="bbox 302 705 1984 777">
    <p class='ocr_par' dir='ltr' id='par_1_9' title="bbox 302 705 1984 777">
     <span class='ocr_line' id='line_1_9' title="bbox 302 705 1984 777; baseline 0.004 -18"><span class='ocrx_word' id='word_1_48' title='bbox 302 709 542 777; x_wconf 87' lang='lat' dir='ltr'>aptatur</span> <span class='ocrx_word' id='word_1_49' title='bbox 569 705 839 761; x_wconf 88' lang='lat' dir='ltr'>modulis</span> <span class='ocrx_word' id='word_1_50' title='bbox 863 708 958 762; x_wconf 86' lang='lat' dir='ltr'>vel</span> <span class='ocrx_word' id='word_1_51' title='bbox 983 709 1167 764; x_wconf 87' lang='lat' dir='ltr'>melis.</span> <span class='ocrx_word' id='word_1_52' title='bbox 1201 713 1351 766; x_wconf 81' lang='lat' dir='ltr'>Cum</span> <span class='ocrx_word' id='word_1_53' title='bbox 1395 721 1534 761; x_wconf 90' lang='lat' dir='ltr'>vero</span> <span class='ocrx_word' id='word_1_54' title='bbox 1589 709 1725 766; x_wconf 83' lang='lat' dir='ltr'>alta</span> <span class='ocrx_word' id='word_1_55' title='bbox 1765 710 1984 766; x_wconf 81' lang='lat' dir='ltr'>fuerint</span> 
     </span>
    </p>
   </div>
   <div class='ocr_carea' id='block_1_10' title="bbox 303 793 1977 861">
    <p class='ocr_par' dir='ltr' id='par_1_10' title="bbox 303 793 1977 861">
     <span class='ocr_line' id='line_1_10' title="bbox 303 793 1977 861; baseline 0.004 -14"><span class='ocrx_word' id='word_1_56' title='bbox 303 793 480 861; x_wconf 91' lang='lat' dir='ltr'>mela,</span> <span class='ocrx_word' id='word_1_57' title='bbox 511 793 647 848; x_wconf 85' lang='lat' dir='ltr'>altis</span> <span class='ocrx_word' id='word_1_58' title='bbox 679 794 901 850; x_wconf 90' lang='lat' dir='ltr'>melius</span> <span class='ocrx_word' id='word_1_59' title='bbox 936 798 1290 852; x_wconf 89' lang='lat' dir='ltr'>conveniunt</span> <span class='ocrx_word' id='word_1_60' title='bbox 1321 795 1487 854; x_wconf 89' lang='lat' dir='ltr'>melis</span> <span class='ocrx_word' id='word_1_61' title='bbox 1534 797 1644 853; x_wconf 90' lang='lat' dir='ltr'>vel</span> <span class='ocrx_word' id='word_1_62' title='bbox 1693 799 1977 854; x_wconf 85' lang='lat' dir='ltr'>modulis.</span> 
     </span>
    </p>
   </div>
   <div class='ocr_carea' id='block_1_11' title="bbox 305 881 1983 954">
    <p class='ocr_par' dir='ltr' id='par_1_11' title="bbox 305 881 1983 954">
     <span class='ocr_line' id='line_1_11' title="bbox 305 881 1983 954; baseline 0.004 -18"><span class='ocrx_word' id='word_1_63' title='bbox 305 881 566 954; x_wconf 91' lang='lat' dir='ltr'>Ideoque</span> <span class='ocrx_word' id='word_1_64' title='bbox 597 883 791 938; x_wconf 83' lang='lat' dir='ltr'>habes</span> <span class='ocrx_word' id='word_1_65' title='bbox 819 884 882 939; x_wconf 94' lang='lat' dir='ltr'>in</span> <span class='ocrx_word' id='word_1_66' title='bbox 913 885 1184 940; x_wconf 79' lang='lat' dir='ltr'>formulis</span> <span class='ocrx_word' id='word_1_67' title='bbox 1214 885 1533 942; x_wconf 86' lang='lat' dir='ltr'>modorum</span> <span class='ocrx_word' id='word_1_68' title='bbox 1564 887 1729 944; x_wconf 89' lang='lat' dir='ltr'>duas</span> <span class='ocrx_word' id='word_1_69' title='bbox 1762 887 1983 944; x_wconf 86' lang='lat' dir='ltr'>formu-</span> 
     </span>
    </p>
   </div>
   <div class='ocr_carea' id='block_1_12' title="bbox 302 970 1981 1047">
    <p class='ocr_par' dir='ltr' id='par_1_12' title="bbox 302 970 1981 1047">
     <span class='ocr_line' id='line_1_12' title="bbox 302 970 1981 1047; baseline 0.003 -21"><span class='ocrx_word' id='word_1_70' title='bbox 302 970 392 1027; x_wconf 90' lang='lat' dir='ltr'>las</span> <span class='ocrx_word' id='word_1_71' title='bbox 421 971 484 1026; x_wconf 93' lang='lat' dir='ltr'>in</span> <span class='ocrx_word' id='word_1_72' title='bbox 517 986 894 1044; x_wconf 88' lang='lat' dir='ltr'>unoquoque</span> <span class='ocrx_word' id='word_1_73' title='bbox 919 974 1124 1030; x_wconf 87' lang='lat' dir='ltr'>modo.</span> <span class='ocrx_word' id='word_1_74' title='bbox 1150 975 1342 1030; x_wconf 88' lang='lat' dir='ltr'>Prima</span> <span class='ocrx_word' id='word_1_75' title='bbox 1369 990 1643 1047; x_wconf 87' lang='lat' dir='ltr'>namque</span> <span class='ocrx_word' id='word_1_76' title='bbox 1675 980 1730 1032; x_wconf 90' lang='lat' dir='ltr'>et</span> <span class='ocrx_word' id='word_1_77' title='bbox 1773 991 1981 1031; x_wconf 89' lang='lat' dir='ltr'>secun-</span> 
     </span>
    </p>
   </div>
   <div class='ocr_carea' id='block_1_13' title="bbox 303 1059 1984 1138">
    <p class='ocr_par' dir='ltr' id='par_1_13' title="bbox 303 1059 1984 1138">
     <span class='ocr_line' id='line_1_13' title="bbox 303 1059 1984 1138; baseline 0.004 -24"><span class='ocrx_word' id='word_1_78' title='bbox 303 1060 384 1116; x_wconf 91' lang='lat' dir='ltr'>da</span> <span class='ocrx_word' id='word_1_79' title='bbox 415 1059 674 1115; x_wconf 81' lang='lat' dir='ltr'>formula</span> <span class='ocrx_word' id='word_1_80' title='bbox 699 1061 885 1133; x_wconf 87' lang='lat' dir='ltr'>primi</span> <span class='ocrx_word' id='word_1_81' title='bbox 913 1066 1004 1117; x_wconf 92' lang='lat' dir='ltr'>est</span> <span class='ocrx_word' id='word_1_82' title='bbox 1031 1064 1217 1131; x_wconf 92' lang='lat' dir='ltr'>modi,</span> <span class='ocrx_word' id='word_1_83' title='bbox 1249 1064 1414 1120; x_wconf 89' lang='lat' dir='ltr'>tertia</span> <span class='ocrx_word' id='word_1_84' title='bbox 1439 1069 1496 1120; x_wconf 91' lang='lat' dir='ltr'>et</span> <span class='ocrx_word' id='word_1_85' title='bbox 1524 1069 1746 1138; x_wconf 85' lang='lat' dir='ltr'>quarta</span> <span class='ocrx_word' id='word_1_86' title='bbox 1775 1081 1984 1120; x_wconf 87' lang='lat' dir='ltr'>secun-</span> 
     </span>
    </p>
   </div>
   <div class='ocr_carea' id='block_1_14' title="bbox 303 1149 1976 1227">
    <p class='ocr_par' dir='ltr' id='par_1_14' title="bbox 303 1149 1976 1227">
     <span class='ocr_line' id='line_1_14' title="bbox 303 1149 1976 1227; baseline 0.004 -23"><span class='ocrx_word' id='word_1_87' title='bbox 303 1149 386 1218; x_wconf 93' lang='lat' dir='ltr'>di,</span> <span class='ocrx_word' id='word_1_88' title='bbox 409 1149 624 1221; x_wconf 89' lang='lat' dir='ltr'>quinta</span> <span class='ocrx_word' id='word_1_89' title='bbox 649 1155 707 1205; x_wconf 92' lang='lat' dir='ltr'>et</span> <span class='ocrx_word' id='word_1_90' title='bbox 738 1155 910 1206; x_wconf 88' lang='lat' dir='ltr'>sexta</span> <span class='ocrx_word' id='word_1_91' title='bbox 940 1151 1110 1219; x_wconf 86' lang='lat' dir='ltr'>tertii,</span> <span class='ocrx_word' id='word_1_92' title='bbox 1145 1156 1395 1226; x_wconf 87' lang='lat' dir='ltr'>septima</span> <span class='ocrx_word' id='word_1_93' title='bbox 1425 1158 1481 1209; x_wconf 91' lang='lat' dir='ltr'>et</span> <span class='ocrx_word' id='word_1_94' title='bbox 1510 1159 1726 1210; x_wconf 91' lang='lat' dir='ltr'>octava</span> <span class='ocrx_word' id='word_1_95' title='bbox 1760 1155 1976 1227; x_wconf 84' lang='lat' dir='ltr'>quarti.</span> 
     </span>
    </p>
   </div>
   <div class='ocr_carea' id='block_1_15' title="bbox 306 1239 1982 1316">
    <p class='ocr_par' dir='ltr' id='par_1_15' title="bbox 306 1239 1982 1316">
     <span class='ocr_line' id='line_1_15' title="bbox 306 1239 1982 1316; baseline 0.004 -23"><span class='ocrx_word' id='word_1_96' title='bbox 306 1239 444 1294; x_wconf 88' lang='lat' dir='ltr'>Ideo</span> <span class='ocrx_word' id='word_1_97' title='bbox 467 1240 629 1294; x_wconf 89' lang='lat' dir='ltr'>enim</span> <span class='ocrx_word' id='word_1_98' title='bbox 660 1244 801 1295; x_wconf 92' lang='lat' dir='ltr'>octo</span> <span class='ocrx_word' id='word_1_99' title='bbox 835 1241 961 1296; x_wconf 91' lang='lat' dir='ltr'>toni</span> <span class='ocrx_word' id='word_1_100' title='bbox 1011 1241 1312 1310; x_wconf 88' lang='lat' dir='ltr'>dicuntur,</span> <span class='ocrx_word' id='word_1_101' title='bbox 1367 1244 1510 1316; x_wconf 86' lang='lat' dir='ltr'>quia</span> <span class='ocrx_word' id='word_1_102' title='bbox 1573 1248 1707 1300; x_wconf 91' lang='lat' dir='ltr'>octo</span> <span class='ocrx_word' id='word_1_103' title='bbox 1757 1244 1982 1300; x_wconf 85' lang='lat' dir='ltr'>habent</span> 
     </span>
    </p>
   </div>
   <div class='ocr_carea' id='block_1_16' title="bbox 304 1329 1980 1405">
    <p class='ocr_par' dir='ltr' id='par_1_16' title="bbox 304 1329 1980 1405">
     <span class='ocr_line' id='line_1_16' title="bbox 304 1329 1980 1405; baseline 0.005 -23"><span class='ocrx_word' id='word_1_104' title='bbox 304 1329 616 1384; x_wconf 83' lang='lat' dir='ltr'>formulas.</span> <span class='ocrx_word' id='word_1_105' title='bbox 645 1329 846 1385; x_wconf 88' lang='lat' dir='ltr'>Prima</span> <span class='ocrx_word' id='word_1_106' title='bbox 879 1335 1081 1385; x_wconf 91' lang='lat' dir='ltr'>autem</span> <span class='ocrx_word' id='word_1_107' title='bbox 1108 1335 1165 1386; x_wconf 93' lang='lat' dir='ltr'>et</span> <span class='ocrx_word' id='word_1_108' title='bbox 1185 1332 1372 1398; x_wconf 89' lang='lat' dir='ltr'>tertia,</span> <span class='ocrx_word' id='word_1_109' title='bbox 1405 1333 1617 1405; x_wconf 90' lang='lat' dir='ltr'>quinta</span> <span class='ocrx_word' id='word_1_110' title='bbox 1648 1337 1705 1389; x_wconf 90' lang='lat' dir='ltr'>et</span> <span class='ocrx_word' id='word_1_111' title='bbox 1727 1333 1980 1405; x_wconf 89' lang='lat' dir='ltr'>septima</span> 
     </span>
    </p>
   </div>
   <div class='ocr_carea' id='block_1_17' title="bbox 305 1417 1980 1490">
    <p class='ocr_par' dir='ltr' id='par_1_17' title="bbox 305 1417 1980 1490">
     <span class='ocr_line' id='line_1_17' title="bbox 305 1417 1980 1490; baseline 0.004 -18"><span class='ocrx_word' id='word_1_112' title='bbox 305 1417 568 1473; x_wconf 82' lang='lat' dir='ltr'>formula</span> <span class='ocrx_word' id='word_1_113' title='bbox 596 1423 867 1490; x_wconf 85' lang='lat' dir='ltr'>quatuor</span> <span class='ocrx_word' id='word_1_114' title='bbox 907 1419 1231 1476; x_wconf 88' lang='lat' dir='ltr'>modorum</span> <span class='ocrx_word' id='word_1_115' title='bbox 1291 1421 1441 1478; x_wconf 90' lang='lat' dir='ltr'>altos</span> <span class='ocrx_word' id='word_1_116' title='bbox 1483 1423 1789 1479; x_wconf 88' lang='lat' dir='ltr'>continent</span> <span class='ocrx_word' id='word_1_117' title='bbox 1837 1438 1980 1479; x_wconf 89' lang='lat' dir='ltr'>can-</span> 
     </span>
    </p>
   </div>
   <div class='ocr_carea' id='block_1_18' title="bbox 305 1507 1981 1581">
    <p class='ocr_par' dir='ltr' id='par_1_18' title="bbox 305 1507 1981 1581">
     <span class='ocr_line' id='line_1_18' title="bbox 305 1507 1981 1581; baseline 0.004 -20"><span class='ocrx_word' id='word_1_118' title='bbox 305 1512 438 1575; x_wconf 87' lang='lat' dir='ltr'>tus;</span> <span class='ocrx_word' id='word_1_119' title='bbox 473 1507 742 1562; x_wconf 90' lang='lat' dir='ltr'>secunda</span> <span class='ocrx_word' id='word_1_120' title='bbox 773 1524 919 1562; x_wconf 90' lang='lat' dir='ltr'>vero</span> <span class='ocrx_word' id='word_1_121' title='bbox 946 1513 1001 1563; x_wconf 90' lang='lat' dir='ltr'>et</span> <span class='ocrx_word' id='word_1_122' title='bbox 1045 1514 1282 1581; x_wconf 87' lang='lat' dir='ltr'>quarta,</span> <span class='ocrx_word' id='word_1_123' title='bbox 1342 1516 1398 1567; x_wconf 90' lang='lat' dir='ltr'>et</span> <span class='ocrx_word' id='word_1_124' title='bbox 1446 1517 1613 1567; x_wconf 85' lang='lat' dir='ltr'>sexta</span> <span class='ocrx_word' id='word_1_125' title='bbox 1661 1517 1717 1568; x_wconf 92' lang='lat' dir='ltr'>et</span> <span class='ocrx_word' id='word_1_126' title='bbox 1771 1517 1981 1568; x_wconf 88' lang='lat' dir='ltr'>octava</span> 
     </span>
    </p>
   </div>
   <div class='ocr_carea' id='block_1_19' title="bbox 2093 354 3768 425">
    <p class='ocr_par' dir='ltr' id='par_1_19' title="bbox 2093 354 3768 425">
     <span class='ocr_line' id='line_1_19' title="bbox 2093 354 3768 425; baseline 0.008 -19"><span class='ocrx_word' id='word_1_127' title='bbox 2093 367 2335 408; x_wconf 91' lang='lat' dir='ltr'>morum</span> <span class='ocrx_word' id='word_1_128' title='bbox 2366 354 2686 414; x_wconf 86' lang='lat' dir='ltr'>modorum</span> <span class='ocrx_word' id='word_1_129' title='bbox 2721 373 2904 414; x_wconf 90' lang='lat' dir='ltr'>unam</span> <span class='ocrx_word' id='word_1_130' title='bbox 2931 374 3143 415; x_wconf 90' lang='lat' dir='ltr'>vocem</span> <span class='ocrx_word' id='word_1_131' title='bbox 3172 375 3301 416; x_wconf 91' lang='lat' dir='ltr'>esse</span> <span class='ocrx_word' id='word_1_132' title='bbox 3348 359 3550 425; x_wconf 87' lang='lat' dir='ltr'>liceat,</span> <span class='ocrx_word' id='word_1_133' title='bbox 3594 357 3768 420; x_wconf 85' lang='lat' dir='ltr'>vide-</span> 
     </span>
    </p>
   </div>
   <div class='ocr_carea' id='block_1_20' title="bbox 2089 439 3776 515">
    <p class='ocr_par' dir='ltr' id='par_1_20' title="bbox 2089 439 3776 515">
     <span class='ocr_line' id='line_1_20' title="bbox 2089 439 3776 515; baseline 0.003 -20"><span class='ocrx_word' id='word_1_134' title='bbox 2089 439 2250 497; x_wconf 87' lang='lat' dir='ltr'>bitur</span> <span class='ocrx_word' id='word_1_135' title='bbox 2278 443 2407 497; x_wconf 68' lang='lat' dir='ltr'>haac</span> <span class='ocrx_word' id='word_1_136' title='bbox 2428 458 2525 500; x_wconf 87' lang='lat' dir='ltr'>ars</span> <span class='ocrx_word' id='word_1_137' title='bbox 2551 444 2714 502; x_wconf 92' lang='lat' dir='ltr'>nullo</span> <span class='ocrx_word' id='word_1_138' title='bbox 2744 446 2862 504; x_wconf 89' lang='lat' dir='ltr'>ﬁne</span> <span class='ocrx_word' id='word_1_139' title='bbox 2887 447 3184 515; x_wconf 88' lang='lat' dir='ltr'>concludi,</span> <span class='ocrx_word' id='word_1_140' title='bbox 3207 448 3386 506; x_wconf 89' lang='lat' dir='ltr'>nultis</span> <span class='ocrx_word' id='word_1_141' title='bbox 3415 443 3606 505; x_wconf 87' lang='lat' dir='ltr'>certis</span> <span class='ocrx_word' id='word_1_142' title='bbox 3658 452 3776 512; x_wconf 77' lang='lat' dir='ltr'>ter.</span> 
     </span>
    </p>
   </div>
   <div class='ocr_carea' id='block_1_21' title="bbox 2090 528 3774 606">
    <p class='ocr_par' dir='ltr' id='par_1_21' title="bbox 2090 528 3774 606">
     <span class='ocr_line' id='line_1_21' title="bbox 2090 528 3774 606; baseline 0.009 -23"><span class='ocrx_word' id='word_1_143' title='bbox 2090 528 2270 584; x_wconf 90' lang='lat' dir='ltr'>minis</span> <span class='ocrx_word' id='word_1_144' title='bbox 2303 531 2613 588; x_wconf 90' lang='lat' dir='ltr'>coarctari.</span> <span class='ocrx_word' id='word_1_145' title='bbox 2647 533 2820 597; x_wconf 84' lang='lat' dir='ltr'>Quod</span> <span class='ocrx_word' id='word_1_146' title='bbox 2846 550 3035 606; x_wconf 90' lang='lat' dir='ltr'>quam</span> <span class='ocrx_word' id='word_1_147' title='bbox 3067 538 3140 594; x_wconf 87' lang='lat' dir='ltr'>sit</span> <span class='ocrx_word' id='word_1_148' title='bbox 3167 537 3774 604; x_wconf 87' lang='lat' dir='ltr'>absurdum,nullus</span> 
     </span>
    </p>
   </div>
   <div class='ocr_carea' id='block_1_22' title="bbox 2087 616 3777 706">
    <p class='ocr_par' dir='ltr' id='par_1_22' title="bbox 2087 616 3777 706">
     <span class='ocr_line' id='line_1_22' title="bbox 2087 616 3777 706; baseline 0.009 -34"><span class='ocrx_word' id='word_1_149' title='bbox 2087 616 2344 687; x_wconf 82' lang='lat' dir='ltr'>ignorat,</span> <span class='ocrx_word' id='word_1_150' title='bbox 2379 637 2518 676; x_wconf 90' lang='lat' dir='ltr'>cum</span> <span class='ocrx_word' id='word_1_151' title='bbox 2567 637 2807 694; x_wconf 89' lang='lat' dir='ltr'>semper</span> <span class='ocrx_word' id='word_1_152' title='bbox 2851 623 3141 696; x_wconf 88' lang='lat' dir='ltr'>sapientia</span> <span class='ocrx_word' id='word_1_153' title='bbox 3191 627 3447 684; x_wconf 81' lang='lat' dir='ltr'>confusa</span> <span class='ocrx_word' id='word_1_154' title='bbox 3514 642 3777 706; x_wconf 72' lang='lat' dir='ltr'>quaeque</span> 
     </span>
    </p>
   </div>
   <div class='ocr_carea' id='block_1_23' title="bbox 2089 706 3770 800">
    <p class='ocr_par' dir='ltr' id='par_1_23' title="bbox 2089 706 3770 800">
     <span class='ocr_line' id='line_1_23' title="bbox 2089 706 3770 800; baseline 0.012 -39"><span class='ocrx_word' id='word_1_155' title='bbox 2089 710 2146 800; x_wconf 81' lang='lat' dir='ltr'>et</span> <span class='ocrx_word' id='word_1_156' title='bbox 2173 706 2406 764; x_wconf 88' lang='lat' dir='ltr'>inﬁnita</span> <span class='ocrx_word' id='word_1_157' title='bbox 2463 715 2672 800; x_wconf 82' lang='lat' dir='ltr'>sponte</span> <span class='ocrx_word' id='word_1_158' title='bbox 2724 713 3018 784; x_wconf 87' lang='lat' dir='ltr'>repudiet.</span> <span class='ocrx_word' id='word_1_159' title='bbox 3071 716 3242 780; x_wconf 87' lang='lat' dir='ltr'>Quod</span> <span class='ocrx_word' id='word_1_160' title='bbox 3281 717 3332 772; x_wconf 91' lang='lat' dir='ltr'>si</span> <span class='ocrx_word' id='word_1_161' title='bbox 3381 715 3543 789; x_wconf 86' lang='lat' dir='ltr'>quis</span> <span class='ocrx_word' id='word_1_162' title='bbox 3588 719 3770 800; x_wconf 84' lang='lat' dir='ltr'>dicat,</span> 
     </span>
    </p>
   </div>
   <div class='ocr_carea' id='block_1_24' title="bbox 2087 797 3773 875">
    <p class='ocr_par' dir='ltr' id='par_1_24' title="bbox 2087 797 3773 875">
     <span class='ocr_line' id='line_1_24' title="bbox 2087 797 3773 875; baseline 0.012 -23"><span class='ocrx_word' id='word_1_163' title='bbox 2087 797 2246 852; x_wconf 90' lang='lat' dir='ltr'>hanc</span> <span class='ocrx_word' id='word_1_164' title='bbox 2278 813 2488 854; x_wconf 91' lang='lat' dir='ltr'>vocem</span> <span class='ocrx_word' id='word_1_165' title='bbox 2545 799 2682 855; x_wconf 91' lang='lat' dir='ltr'>ideo</span> <span class='ocrx_word' id='word_1_166' title='bbox 2735 817 2868 857; x_wconf 82' lang='lat' dir='ltr'>esse</span> <span class='ocrx_word' id='word_1_167' title='bbox 2917 803 3285 875; x_wconf 88' lang='lat' dir='ltr'>addendam,</span> <span class='ocrx_word' id='word_1_168' title='bbox 3337 810 3404 861; x_wconf 88' lang='lat' dir='ltr'>ut</span> <span class='ocrx_word' id='word_1_169' title='bbox 3460 811 3675 874; x_wconf 85' lang='lat' dir='ltr'>gravis</span> <span class='ocrx_word' id='word_1_170' title='bbox 3733 797 3773 872; x_wconf 60' lang='grc' dir='ltr'>Γ</span> 
     </span>
    </p>
   </div>
   <div class='ocr_carea' id='block_1_25' title="bbox 2088 888 3763 973">
    <p class='ocr_par' dir='ltr' id='par_1_25' title="bbox 2088 888 3763 973">
     <span class='ocr_line' id='line_1_25' title="bbox 2088 888 3763 973; baseline 0.01 -33"><span class='ocrx_word' id='word_1_171' title='bbox 2088 891 2254 942; x_wconf 82' lang='lat' dir='ltr'>sexta</span> <span class='ocrx_word' id='word_1_172' title='bbox 2281 903 2471 959; x_wconf 88' lang='lat' dir='ltr'>usque</span> <span class='ocrx_word' id='word_1_173' title='bbox 2493 888 2572 944; x_wconf 88' lang='lat' dir='ltr'>ad</span> <span class='ocrx_word' id='word_1_174' title='bbox 2603 904 2785 961; x_wconf 88' lang='lat' dir='ltr'>super</span> <span class='ocrx_word' id='word_1_175' title='bbox 2812 896 3096 962; x_wconf 87' lang='lat' dir='ltr'>quartam</span> <span class='ocrx_word' id='word_1_176' title='bbox 3119 908 3302 964; x_wconf 87' lang='lat' dir='ltr'>supra</span> <span class='ocrx_word' id='word_1_177' title='bbox 3329 893 3568 950; x_wconf 86' lang='lat' dir='ltr'>lineam</span> <span class='ocrx_word' id='word_1_178' title='bbox 3600 902 3681 957; x_wconf 91' lang='lat' dir='ltr'>ad</span> <span class='ocrx_word' id='word_1_179' title='bbox 3707 920 3763 973; x_wconf 87' lang='lat' dir='ltr'>a,</span> 
     </span>
    </p>
   </div>
   <div class='ocr_carea' id='block_1_26' title="bbox 2086 974 3764 1048">
    <p class='ocr_par' dir='ltr' id='par_1_26' title="bbox 2086 974 3764 1048">
     <span class='ocr_line' id='line_1_26' title="bbox 2086 974 3764 1048; baseline 0.006 -19"><span class='ocrx_word' id='word_1_180' title='bbox 2086 989 2193 1045; x_wconf 88' lang='lat' dir='ltr'>per</span> <span class='ocrx_word' id='word_1_181' title='bbox 2217 974 2496 1046; x_wconf 87' lang='lat' dir='ltr'>diapente</span> <span class='ocrx_word' id='word_1_182' title='bbox 2535 977 2724 1048; x_wconf 91' lang='lat' dir='ltr'>possit</span> <span class='ocrx_word' id='word_1_183' title='bbox 2750 979 3093 1047; x_wconf 86' lang='lat' dir='ltr'>ascendere,</span> <span class='ocrx_word' id='word_1_184' title='bbox 3127 985 3231 1036; x_wconf 87' lang='lat' dir='ltr'>aut</span> <span class='ocrx_word' id='word_1_185' title='bbox 3249 980 3472 1037; x_wconf 88' lang='lat' dir='ltr'>eadem</span> <span class='ocrx_word' id='word_1_186' title='bbox 3500 990 3764 1046; x_wconf 73' lang='lat' dir='ltr'>sextaad</span> 
     </span>
    </p>
   </div>
   <div class='ocr_carea' id='block_1_27' title="bbox 2089 1061 3763 1139">
    <p class='ocr_par' dir='ltr' id='par_1_27' title="bbox 2089 1061 3763 1139">
     <span class='ocr_line' id='line_1_27' title="bbox 2089 1061 3763 1139; baseline 0.008 -23"><span class='ocrx_word' id='word_1_187' title='bbox 2089 1061 2206 1117; x_wconf 90' lang='lat' dir='ltr'>sub</span> <span class='ocrx_word' id='word_1_188' title='bbox 2227 1062 2503 1134; x_wconf 88' lang='lat' dir='ltr'>quintam</span> <span class='ocrx_word' id='word_1_189' title='bbox 2529 1063 2911 1131; x_wconf 89' lang='lat' dir='ltr'>descendere,</span> <span class='ocrx_word' id='word_1_190' title='bbox 2944 1065 3092 1121; x_wconf 90' lang='lat' dir='ltr'>illud</span> <span class='ocrx_word' id='word_1_191' title='bbox 3113 1083 3358 1139; x_wconf 89' lang='lat' dir='ltr'>quoque</span> <span class='ocrx_word' id='word_1_192' title='bbox 3379 1068 3634 1129; x_wconf 90' lang='lat' dir='ltr'>debebit</span> <span class='ocrx_word' id='word_1_193' title='bbox 3676 1091 3763 1129; x_wconf 90' lang='lat' dir='ltr'>re-</span> 
     </span>
    </p>
   </div>
   <div class='ocr_carea' id='block_1_28' title="bbox 2087 1151 3758 1228">
    <p class='ocr_par' dir='ltr' id='par_1_28' title="bbox 2087 1151 3758 1228">
     <span class='ocr_line' id='line_1_28' title="bbox 2087 1151 3758 1228; baseline 0.008 -22"><span class='ocrx_word' id='word_1_194' title='bbox 2087 1151 2303 1223; x_wconf 90' lang='lat' dir='ltr'>cipere,</span> <span class='ocrx_word' id='word_1_195' title='bbox 2335 1156 2397 1206; x_wconf 91' lang='lat' dir='ltr'>ut</span> <span class='ocrx_word' id='word_1_196' title='bbox 2426 1151 2574 1206; x_wconf 89' lang='lat' dir='ltr'>inter</span> <span class='ocrx_word' id='word_1_197' title='bbox 2602 1159 2830 1208; x_wconf 80' lang='lat' dir='ltr'>sextam</span> <span class='ocrx_word' id='word_1_198' title='bbox 2862 1157 2900 1209; x_wconf 85' lang='lat' dir='ltr'>F</span> <span class='ocrx_word' id='word_1_199' title='bbox 2921 1158 2978 1209; x_wconf 91' lang='lat' dir='ltr'>et</span> <span class='ocrx_word' id='word_1_200' title='bbox 3010 1155 3329 1228; x_wconf 89' lang='lat' dir='ltr'>septimam</span> <span class='ocrx_word' id='word_1_201' title='bbox 3365 1158 3406 1213; x_wconf 91' lang='lat' dir='ltr'><strong><em>G</em></strong></span> <span class='ocrx_word' id='word_1_202' title='bbox 3470 1158 3590 1216; x_wconf 90' lang='lat' dir='ltr'>alia</span> <span class='ocrx_word' id='word_1_203' title='bbox 3643 1178 3758 1219; x_wconf 86' lang='lat' dir='ltr'>vox</span> 
     </span>
    </p>
   </div>
   <div class='ocr_carea' id='block_1_29' title="bbox 2087 1239 3756 1312">
    <p class='ocr_par' dir='ltr' id='par_1_29' title="bbox 2087 1239 3756 1312">
     <span class='ocr_line' id='line_1_29' title="bbox 2087 1239 3756 1312; baseline 0.005 -17"><span class='ocrx_word' id='word_1_204' title='bbox 2087 1239 2366 1307; x_wconf 89' lang='lat' dir='ltr'>addatur,</span> <span class='ocrx_word' id='word_1_205' title='bbox 2391 1243 2456 1294; x_wconf 90' lang='lat' dir='ltr'>ut</span> <span class='ocrx_word' id='word_1_206' title='bbox 2483 1239 2773 1295; x_wconf 87' lang='lat' dir='ltr'>naturalis</span> <span class='ocrx_word' id='word_1_207' title='bbox 2802 1241 3070 1298; x_wconf 89' lang='lat' dir='ltr'>secunda</span> <span class='ocrx_word' id='word_1_208' title='bbox 3097 1243 3295 1312; x_wconf 78' lang='lat' dir='ltr'>gravis</span> <span class='ocrx_word' id='word_1_209' title='bbox 3322 1247 3361 1298; x_wconf 88' lang='grc' dir='ltr'>Β</span> <span class='ocrx_word' id='word_1_210' title='bbox 3388 1244 3653 1303; x_wconf 89' lang='lat' dir='ltr'>elevetur</span> <span class='ocrx_word' id='word_1_211' title='bbox 3675 1249 3756 1304; x_wconf 89' lang='lat' dir='ltr'>ad</span> 
     </span>
    </p>
   </div>
   <div class='ocr_carea' id='block_1_30' title="bbox 2087 1327 3750 1406">
    <p class='ocr_par' dir='ltr' id='par_1_30' title="bbox 2087 1327 3750 1406">
     <span class='ocr_line' id='line_1_30' title="bbox 2087 1327 3750 1406; baseline 0.006 -24"><span class='ocrx_word' id='word_1_212' title='bbox 2087 1327 2384 1398; x_wconf 88' lang='lat' dir='ltr'>quintam,</span> <span class='ocrx_word' id='word_1_213' title='bbox 2412 1331 2468 1383; x_wconf 91' lang='lat' dir='ltr'>et</span> <span class='ocrx_word' id='word_1_214' title='bbox 2488 1329 2700 1384; x_wconf 87' lang='lat' dir='ltr'>eadem</span> <span class='ocrx_word' id='word_1_215' title='bbox 2731 1334 2909 1386; x_wconf 89' lang='lat' dir='ltr'>acuta</span> <span class='ocrx_word' id='word_1_216' title='bbox 2927 1329 3265 1403; x_wconf 90' lang='lat' dir='ltr'>deponatur</span> <span class='ocrx_word' id='word_1_217' title='bbox 3319 1331 3399 1388; x_wconf 90' lang='lat' dir='ltr'>ad</span> <span class='ocrx_word' id='word_1_218' title='bbox 3447 1340 3750 1406; x_wconf 88' lang='lat' dir='ltr'>quartam.</span> 
     </span>
    </p>
   </div>
   <div class='ocr_carea' id='block_1_31' title="bbox 2090 1415 3753 1495">
    <p class='ocr_par' dir='ltr' id='par_1_31' title="bbox 2090 1415 3753 1495">
     <span class='ocr_line' id='line_1_31' title="bbox 2090 1415 3753 1495; baseline 0.007 -26"><span class='ocrx_word' id='word_1_219' title='bbox 2090 1415 2263 1480; x_wconf 85' lang='lat' dir='ltr'>Quod</span> <span class='ocrx_word' id='word_1_220' title='bbox 2292 1415 2498 1488; x_wconf 88' lang='lat' dir='ltr'>quiaa</span> <span class='ocrx_word' id='word_1_221' title='bbox 2528 1417 2767 1472; x_wconf 90' lang='lat' dir='ltr'>nemine</span> <span class='ocrx_word' id='word_1_222' title='bbox 2821 1422 2907 1473; x_wconf 90' lang='lat' dir='ltr'>est</span> <span class='ocrx_word' id='word_1_223' title='bbox 2955 1418 3202 1491; x_wconf 87' lang='lat' dir='ltr'>factum,</span> <span class='ocrx_word' id='word_1_224' title='bbox 3256 1420 3372 1476; x_wconf 93' lang='lat' dir='ltr'>hoc</span> <span class='ocrx_word' id='word_1_225' title='bbox 3417 1437 3661 1495; x_wconf 90' lang='lat' dir='ltr'>quoque</span> <span class='ocrx_word' id='word_1_226' title='bbox 3716 1439 3753 1480; x_wconf 90' lang='lat' dir='ltr'>a</span> 
     </span>
    </p>
   </div>
   <div class='ocr_carea' id='block_1_32' title="bbox 2087 1504 2828 1562">
    <p class='ocr_par' dir='ltr' id='par_1_32' title="bbox 2087 1504 2828 1562">
     <span class='ocr_line' id='line_1_32' title="bbox 2087 1504 2828 1562; baseline 0.004 -4"><span class='ocrx_word' id='word_1_227' title='bbox 2087 1504 2329 1560; x_wconf 89' lang='lat' dir='ltr'>nemine</span> <span class='ocrx_word' id='word_1_228' title='bbox 2355 1509 2442 1560; x_wconf 89' lang='lat' dir='ltr'>est</span> <span class='ocrx_word' id='word_1_229' title='bbox 2466 1505 2828 1562; x_wconf 89' lang='lat' dir='ltr'>faciendum.</span> 
     </span>
    </p>
   </div>
   <div class='ocr_carea' id='block_1_33' title="bbox 303 1593 3750 1676">
    <p class='ocr_par' dir='ltr' id='par_1_33' title="bbox 303 1593 3750 1676">
     <span class='ocr_line' id='line_1_33' title="bbox 303 1593 3750 1676; baseline 0.003 -24"><span class='ocrx_word' id='word_1_230' title='bbox 303 1597 660 1652; x_wconf 87' lang='lat' dir='ltr'>eorumdem</span> <span class='ocrx_word' id='word_1_231' title='bbox 692 1597 1020 1652; x_wconf 90' lang='lat' dir='ltr'>modorum</span> <span class='ocrx_word' id='word_1_232' title='bbox 1048 1599 1252 1666; x_wconf 79' lang='lat' dir='ltr'>gravia</span> <span class='ocrx_word' id='word_1_233' title='bbox 1273 1601 1367 1656; x_wconf 89' lang='lat' dir='ltr'>vel</span> <span class='ocrx_word' id='word_1_234' title='bbox 1413 1601 1616 1656; x_wconf 92' lang='lat' dir='ltr'>minus</span> <span class='ocrx_word' id='word_1_235' title='bbox 1672 1602 1792 1658; x_wconf 88' lang='lat' dir='ltr'>alta</span> <span class='ocrx_word' id='word_1_236' title='bbox 1840 1619 1978 1658; x_wconf 92' lang='lat' dir='ltr'>con-</span> <span class='ocrx_word' id='word_1_237' title='bbox 2019 1623 2061 1676; x_wconf 80' lang='grc' dir='ltr'>Β</span> <span class='ocrx_word' id='word_1_238' title='bbox 2161 1594 2359 1664; x_wconf 79' lang='lat' dir='ltr'>Igitur,</span> <span class='ocrx_word' id='word_1_239' title='bbox 2393 1593 2544 1649; x_wconf 71' lang='lat' dir='ltr'>Sicut</span> <span class='ocrx_word' id='word_1_240' title='bbox 2567 1611 2642 1650; x_wconf 78' lang='grc' dir='ltr'>ΘΧ</span> <span class='ocrx_word' id='word_1_241' title='bbox 2668 1595 2802 1666; x_wconf 77' lang='lat' dir='ltr'>ipsa</span> <span class='ocrx_word' id='word_1_242' title='bbox 2827 1601 3200 1654; x_wconf 72' lang='lat' dir='ltr'>monstratur</span> <span class='ocrx_word' id='word_1_243' title='bbox 3226 1604 3464 1668; x_wconf 80' lang='lat' dir='ltr'>natura,</span> <span class='ocrx_word' id='word_1_244' title='bbox 3507 1603 3563 1656; x_wconf 79' lang='lat' dir='ltr'>et</span> <span class='ocrx_word' id='word_1_245' title='bbox 3616 1616 3750 1673; x_wconf 84' lang='lat' dir='ltr'>per-</span> 
     </span>
    </p>
   </div>
   <div class='ocr_carea' id='block_1_34' title="bbox 309 1685 1978 1763">
    <p class='ocr_par' dir='ltr' id='par_1_34' title="bbox 309 1685 1978 1763">
     <span class='ocr_line' id='line_1_34' title="bbox 309 1685 1978 1763; baseline 0.003 -23"><span class='ocrx_word' id='word_1_246' title='bbox 309 1686 496 1740; x_wconf 86' lang='lat' dir='ltr'>tinent</span> <span class='ocrx_word' id='word_1_247' title='bbox 531 1685 785 1741; x_wconf 87' lang='lat' dir='ltr'>cantica.</span> <span class='ocrx_word' id='word_1_248' title='bbox 825 1686 990 1744; x_wconf 88' lang='lat' dir='ltr'>Unde</span> <span class='ocrx_word' id='word_1_249' title='bbox 1028 1687 1208 1742; x_wconf 71' lang='lat' dir='ltr'>Graeci</span> <span class='ocrx_word' id='word_1_250' title='bbox 1239 1689 1428 1744; x_wconf 90' lang='lat' dir='ltr'>multo</span> <span class='ocrx_word' id='word_1_251' title='bbox 1473 1689 1690 1744; x_wconf 91' lang='lat' dir='ltr'>melius</span> <span class='ocrx_word' id='word_1_252' title='bbox 1718 1705 1828 1762; x_wconf 89' lang='lat' dir='ltr'>pro</span> <span class='ocrx_word' id='word_1_253' title='bbox 1859 1690 1978 1763; x_wconf 91' lang='lat' dir='ltr'>pri-</span> 
     </span>
    </p>
   </div>
   <div class='ocr_carea' id='block_1_35' title="bbox 303 1773 1982 1849">
    <p class='ocr_par' dir='ltr' id='par_1_35' title="bbox 303 1773 1982 1849">
     <span class='ocr_line' id='line_1_35' title="bbox 303 1773 1982 1849; baseline 0.004 -22"><span class='ocrx_word' id='word_1_254' title='bbox 303 1791 407 1828; x_wconf 91' lang='lat' dir='ltr'>mo</span> <span class='ocrx_word' id='word_1_255' title='bbox 437 1778 495 1828; x_wconf 93' lang='lat' dir='ltr'>et</span> <span class='ocrx_word' id='word_1_256' title='bbox 525 1773 797 1828; x_wconf 91' lang='lat' dir='ltr'>secundo</span> <span class='ocrx_word' id='word_1_257' title='bbox 829 1778 975 1828; x_wconf 91' lang='lat' dir='ltr'>tono</span> <span class='ocrx_word' id='word_1_258' title='bbox 997 1774 1203 1831; x_wconf 90' lang='lat' dir='ltr'>dicunt</span> <span class='ocrx_word' id='word_1_259' title='bbox 1264 1778 1618 1832; x_wconf 90' lang='lat' dir='ltr'>authentum</span> <span class='ocrx_word' id='word_1_260' title='bbox 1666 1781 1876 1849; x_wconf 92' lang='lat' dir='ltr'>potum</span> <span class='ocrx_word' id='word_1_261' title='bbox 1926 1782 1982 1833; x_wconf 91' lang='lat' dir='ltr'>et</span> 
     </span>
    </p>
   </div>
   <div class='ocr_carea' id='block_1_36' title="bbox 306 1862 1980 1936">
    <p class='ocr_par' dir='ltr' id='par_1_36' title="bbox 306 1862 1980 1936">
     <span class='ocr_line' id='line_1_36' title="bbox 306 1862 1980 1936; baseline 0.002 -20"><span class='ocrx_word' id='word_1_262' title='bbox 306 1862 500 1934; x_wconf 82' lang='lat' dir='ltr'>plagis</span> <span class='ocrx_word' id='word_1_263' title='bbox 532 1862 688 1935; x_wconf 89' lang='lat' dir='ltr'>proti</span> <span class='ocrx_word' id='word_1_264' title='bbox 717 1881 730 1929; x_wconf 91' lang='lat'><strong>;</strong></span> <span class='ocrx_word' id='word_1_265' title='bbox 759 1879 872 1934; x_wconf 89' lang='lat' dir='ltr'>pro</span> <span class='ocrx_word' id='word_1_266' title='bbox 907 1863 1072 1918; x_wconf 88' lang='lat' dir='ltr'>tertio</span> <span class='ocrx_word' id='word_1_267' title='bbox 1099 1869 1155 1919; x_wconf 93' lang='lat' dir='ltr'>et</span> <span class='ocrx_word' id='word_1_268' title='bbox 1183 1870 1400 1936; x_wconf 90' lang='lat' dir='ltr'>quarto</span> <span class='ocrx_word' id='word_1_269' title='bbox 1428 1865 1784 1921; x_wconf 91' lang='lat' dir='ltr'>authentum</span> <span class='ocrx_word' id='word_1_270' title='bbox 1832 1865 1980 1920; x_wconf 91' lang='lat' dir='ltr'>deu-</span> 
     </span>
    </p>
   </div>
   <div class='ocr_carea' id='block_1_37' title="bbox 309 1951 1980 2026">
    <p class='ocr_par' dir='ltr' id='par_1_37' title="bbox 309 1951 1980 2026">
     <span class='ocr_line' id='line_1_37' title="bbox 309 1951 1980 2026; baseline 0.002 -20"><span class='ocrx_word' id='word_1_271' title='bbox 309 1957 499 2006; x_wconf 89' lang='lat' dir='ltr'>terum</span> <span class='ocrx_word' id='word_1_272' title='bbox 530 1957 586 2007; x_wconf 89' lang='lat' dir='ltr'>et</span> <span class='ocrx_word' id='word_1_273' title='bbox 611 1951 810 2023; x_wconf 83' lang='lat' dir='ltr'>plagis</span> <span class='ocrx_word' id='word_1_274' title='bbox 841 1951 1102 2019; x_wconf 90' lang='lat' dir='ltr'>deuteri;</span> <span class='ocrx_word' id='word_1_275' title='bbox 1159 1970 1268 2025; x_wconf 89' lang='lat' dir='ltr'>pro</span> <span class='ocrx_word' id='word_1_276' title='bbox 1326 1954 1538 2026; x_wconf 87' lang='lat' dir='ltr'>quinto</span> <span class='ocrx_word' id='word_1_277' title='bbox 1584 1959 1640 2009; x_wconf 90' lang='lat' dir='ltr'>et</span> <span class='ocrx_word' id='word_1_278' title='bbox 1671 1960 1834 2010; x_wconf 89' lang='lat' dir='ltr'>sexto</span> <span class='ocrx_word' id='word_1_279' title='bbox 1873 1971 1980 2010; x_wconf 90' lang='lat' dir='ltr'>au-</span> 
     </span>
    </p>
   </div>
   <div class='ocr_carea' id='block_1_38' title="bbox 309 2040 1980 2114">
    <p class='ocr_par' dir='ltr' id='par_1_38' title="bbox 309 2040 1980 2114">
     <span class='ocr_line' id='line_1_38' title="bbox 309 2040 1980 2114; baseline 0.002 -20"><span class='ocrx_word' id='word_1_280' title='bbox 309 2041 578 2094; x_wconf 89' lang='lat' dir='ltr'>thentum</span> <span class='ocrx_word' id='word_1_281' title='bbox 610 2040 814 2095; x_wconf 86' lang='lat' dir='ltr'>tritum</span> <span class='ocrx_word' id='word_1_282' title='bbox 846 2045 903 2094; x_wconf 92' lang='lat' dir='ltr'>et</span> <span class='ocrx_word' id='word_1_283' title='bbox 927 2040 1116 2113; x_wconf 78' lang='lat' dir='ltr'>plagis</span> <span class='ocrx_word' id='word_1_284' title='bbox 1147 2041 1262 2096; x_wconf 89' lang='lat' dir='ltr'>triti</span> <span class='ocrx_word' id='word_1_285' title='bbox 1291 2061 1303 2110; x_wconf 93' lang='lat'><strong>;</strong></span> <span class='ocrx_word' id='word_1_286' title='bbox 1343 2058 1453 2114; x_wconf 88' lang='lat' dir='ltr'>pro</span> <span class='ocrx_word' id='word_1_287' title='bbox 1486 2041 1741 2114; x_wconf 90' lang='lat' dir='ltr'>septimo</span> <span class='ocrx_word' id='word_1_288' title='bbox 1793 2047 1849 2098; x_wconf 88' lang='lat' dir='ltr'>et</span> <span class='ocrx_word' id='word_1_289' title='bbox 1880 2059 1980 2098; x_wconf 90' lang='lat' dir='ltr'>oc-</span> 
     </span>
    </p>
   </div>
   <div class='ocr_carea' id='block_1_39' title="bbox 303 2130 1980 2204">
    <p class='ocr_par' dir='ltr' id='par_1_39' title="bbox 303 2130 1980 2204">
     <span class='ocr_line' id='line_1_39' title="bbox 303 2130 1980 2204; baseline 0.002 -19"><span class='ocrx_word' id='word_1_290' title='bbox 303 2135 442 2185; x_wconf 80' lang='lat' dir='ltr'>tavo</span> <span class='ocrx_word' id='word_1_291' title='bbox 467 2130 827 2185; x_wconf 83' lang='lat' dir='ltr'>authentum</span> <span class='ocrx_word' id='word_1_292' title='bbox 857 2130 1184 2185; x_wconf 89' lang='lat' dir='ltr'>tetrardum</span> <span class='ocrx_word' id='word_1_293' title='bbox 1212 2136 1265 2187; x_wconf 93' lang='lat' dir='ltr'>et</span> <span class='ocrx_word' id='word_1_294' title='bbox 1295 2132 1488 2204; x_wconf 80' lang='lat' dir='ltr'>plagis</span> <span class='ocrx_word' id='word_1_295' title='bbox 1517 2132 1778 2188; x_wconf 90' lang='lat' dir='ltr'>tetrardi.</span> <span class='ocrx_word' id='word_1_296' title='bbox 1809 2133 1980 2198; x_wconf 89' lang='lat' dir='ltr'>Quod</span> 
     </span>
    </p>
   </div>
   <div class='ocr_carea' id='block_1_40' title="bbox 301 2220 1978 2292">
    <p class='ocr_par' dir='ltr' id='par_1_40' title="bbox 301 2220 1978 2292">
     <span class='ocr_line' id='line_1_40' title="bbox 301 2220 1978 2292; baseline 0.002 -17"><span class='ocrx_word' id='word_1_297' title='bbox 301 2223 469 2275; x_wconf 83' lang='lat' dir='ltr'>enim</span> <span class='ocrx_word' id='word_1_298' title='bbox 497 2220 576 2275; x_wconf 92' lang='lat' dir='ltr'>illi</span> <span class='ocrx_word' id='word_1_299' title='bbox 595 2220 807 2276; x_wconf 87' lang='lat' dir='ltr'>dicunt</span> <span class='ocrx_word' id='word_1_300' title='bbox 835 2224 1100 2292; x_wconf 90' lang='lat' dir='ltr'>protum,</span> <span class='ocrx_word' id='word_1_301' title='bbox 1133 2221 1468 2292; x_wconf 91' lang='lat' dir='ltr'>deuterum,</span> <span class='ocrx_word' id='word_1_302' title='bbox 1503 2223 1728 2289; x_wconf 91' lang='lat' dir='ltr'>tritum,</span> <span class='ocrx_word' id='word_1_303' title='bbox 1769 2227 1978 2278; x_wconf 88' lang='lat' dir='ltr'>tetrar-</span> 
     </span>
    </p>
   </div>
   <div class='ocr_carea' id='block_1_41' title="bbox 299 2309 1975 2381">
    <p class='ocr_par' dir='ltr' id='par_1_41' title="bbox 299 2309 1975 2381">
     <span class='ocr_line' id='line_1_41' title="bbox 299 2309 1975 2381; baseline 0.002 -18"><span class='ocrx_word' id='word_1_304' title='bbox 299 2309 475 2377; x_wconf 84' lang='lat' dir='ltr'>dum,</span> <span class='ocrx_word' id='word_1_305' title='bbox 511 2327 622 2364; x_wconf 89' lang='lat' dir='ltr'>nos</span> <span class='ocrx_word' id='word_1_306' title='bbox 680 2309 940 2364; x_wconf 88' lang='lat' dir='ltr'>dicimus</span> <span class='ocrx_word' id='word_1_307' title='bbox 991 2311 1274 2381; x_wconf 89' lang='lat' dir='ltr'>primum,</span> <span class='ocrx_word' id='word_1_308' title='bbox 1324 2311 1681 2381; x_wconf 89' lang='lat' dir='ltr'>secundum,</span> <span class='ocrx_word' id='word_1_309' title='bbox 1716 2311 1975 2381; x_wconf 90' lang='lat' dir='ltr'>tertium,</span> 
     </span>
    </p>
   </div>
   <div class='ocr_carea' id='block_1_42' title="bbox 299 2388 1980 2473">
    <p class='ocr_par' dir='ltr' id='par_1_42' title="bbox 299 2388 1980 2473">
     <span class='ocr_line' id='line_1_42' title="bbox 299 2388 1980 2473; baseline 0.002 -19"><span class='ocrx_word' id='word_1_310' title='bbox 299 2405 615 2473; x_wconf 90' lang='lat' dir='ltr'>quartum.</span> <span class='ocrx_word' id='word_1_311' title='bbox 651 2402 718 2454; x_wconf 90' lang='lat' dir='ltr'>Et</span> <span class='ocrx_word' id='word_1_312' title='bbox 743 2399 912 2471; x_wconf 88' lang='lat' dir='ltr'>quod</span> <span class='ocrx_word' id='word_1_313' title='bbox 935 2398 1018 2454; x_wconf 91' lang='lat' dir='ltr'>illi</span> <span class='ocrx_word' id='word_1_314' title='bbox 1047 2388 1252 2455; x_wconf 80' lang='lat' dir='ltr'>dicunt</span> <span class='ocrx_word' id='word_1_315' title='bbox 1278 2401 1654 2469; x_wconf 90' lang='lat' dir='ltr'>authentum,</span> <span class='ocrx_word' id='word_1_316' title='bbox 1690 2417 1803 2456; x_wconf 94' lang='lat' dir='ltr'>nos</span> <span class='ocrx_word' id='word_1_317' title='bbox 1855 2418 1980 2458; x_wconf 91' lang='lat' dir='ltr'>ma-</span> 
     </span>
    </p>
   </div>
   <div class='ocr_carea' id='block_1_43' title="bbox 291 2489 1978 2561">
    <p class='ocr_par' dir='ltr' id='par_1_43' title="bbox 291 2489 1978 2561">
     <span class='ocr_line' id='line_1_43' title="bbox 291 2489 1978 2561; baseline 0.001 -16"><span class='ocrx_word' id='word_1_318' title='bbox 291 2492 500 2561; x_wconf 85' lang='lat' dir='ltr'>jorem</span> <span class='ocrx_word' id='word_1_319' title='bbox 534 2496 589 2544; x_wconf 90' lang='lat' dir='ltr'>et</span> <span class='ocrx_word' id='word_1_320' title='bbox 634 2489 822 2544; x_wconf 88' lang='lat' dir='ltr'>altum</span> <span class='ocrx_word' id='word_1_321' title='bbox 876 2489 972 2544; x_wconf 88' lang='lat' dir='ltr'>vel</span> <span class='ocrx_word' id='word_1_322' title='bbox 1017 2493 1260 2544; x_wconf 90' lang='lat' dir='ltr'>acutum</span> <span class='ocrx_word' id='word_1_323' title='bbox 1312 2492 1722 2546; x_wconf 90' lang='lat' dir='ltr'>nominamus.</span> <span class='ocrx_word' id='word_1_324' title='bbox 1772 2491 1978 2561; x_wconf 87' lang='lat' dir='ltr'>Plagin</span> 
     </span>
    </p>
   </div>
   <div class='ocr_carea' id='block_1_44' title="bbox 298 2579 1979 2652">
    <p class='ocr_par' dir='ltr' id='par_1_44' title="bbox 298 2579 1979 2652">
     <span class='ocr_line' id='line_1_44' title="bbox 298 2579 1979 2652; baseline 0.001 -18"><span class='ocrx_word' id='word_1_325' title='bbox 298 2597 453 2636; x_wconf 82' lang='lat' dir='ltr'>vero</span> <span class='ocrx_word' id='word_1_326' title='bbox 484 2581 685 2635; x_wconf 86' lang='lat' dir='ltr'>Latine</span> <span class='ocrx_word' id='word_1_327' title='bbox 714 2579 1098 2650; x_wconf 82' lang='lat' dir='ltr'>subjugalem</span> <span class='ocrx_word' id='word_1_328' title='bbox 1126 2580 1217 2635; x_wconf 89' lang='lat' dir='ltr'>vel</span> <span class='ocrx_word' id='word_1_329' title='bbox 1246 2581 1544 2637; x_wconf 90' lang='lat' dir='ltr'>minorem</span> <span class='ocrx_word' id='word_1_330' title='bbox 1598 2581 1692 2636; x_wconf 89' lang='lat' dir='ltr'>vel</span> <span class='ocrx_word' id='word_1_331' title='bbox 1731 2597 1979 2652; x_wconf 87' lang='lat' dir='ltr'>gravem</span> 
     </span>
    </p>
   </div>
   <div class='ocr_carea' id='block_1_45' title="bbox 295 2668 990 2742">
    <p class='ocr_par' dir='ltr' id='par_1_45' title="bbox 295 2668 990 2742">
     <span class='ocr_line' id='line_1_45' title="bbox 295 2668 990 2742; baseline -0.004 -17"><span class='ocrx_word' id='word_1_332' title='bbox 295 2686 635 2742; x_wconf 86' lang='lat' dir='ltr'>possumus</span> <span class='ocrx_word' id='word_1_333' title='bbox 666 2668 990 2741; x_wconf 89' lang='lat' dir='ltr'>appellare.</span> 
     </span>
    </p>
   </div>
   <div class='ocr_carea' id='block_1_46' title="bbox 379 2758 1978 2831">
    <p class='ocr_par' dir='ltr' id='par_1_46' title="bbox 379 2758 1978 2831">
     <span class='ocr_line' id='line_1_46' title="bbox 379 2758 1978 2831; baseline 0.001 -19"><span class='ocrx_word' id='word_1_334' title='bbox 379 2762 496 2813; x_wconf 88' lang='lat' dir='ltr'>Has</span> <span class='ocrx_word' id='word_1_335' title='bbox 526 2758 728 2830; x_wconf 84' lang='lat' dir='ltr'>itaque</span> <span class='ocrx_word' id='word_1_336' title='bbox 760 2758 1087 2812; x_wconf 89' lang='lat' dir='ltr'>modorum</span> <span class='ocrx_word' id='word_1_337' title='bbox 1141 2764 1272 2814; x_wconf 91' lang='lat' dir='ltr'>octo</span> <span class='ocrx_word' id='word_1_338' title='bbox 1331 2758 1622 2816; x_wconf 81' lang='lat' dir='ltr'>formulas</span> <span class='ocrx_word' id='word_1_339' title='bbox 1675 2758 1978 2831; x_wconf 75' lang='lat' dir='ltr'>praecipue</span> 
     </span>
    </p>
   </div>
   <div class='ocr_carea' id='block_1_47' title="bbox 291 2847 1974 2921">
    <p class='ocr_par' dir='ltr' id='par_1_47' title="bbox 291 2847 1974 2921">
     <span class='ocr_line' id='line_1_47' title="bbox 291 2847 1974 2921; baseline 0.001 -19"><span class='ocrx_word' id='word_1_340' title='bbox 291 2848 487 2902; x_wconf 85' lang='lat' dir='ltr'>debet</span> <span class='ocrx_word' id='word_1_341' title='bbox 513 2848 684 2915; x_wconf 87' lang='lat' dir='ltr'>scire,</span> <span class='ocrx_word' id='word_1_342' title='bbox 711 2847 986 2920; x_wconf 86' lang='lat' dir='ltr'>quisquis</span> <span class='ocrx_word' id='word_1_343' title='bbox 1009 2849 1267 2902; x_wconf 88' lang='lat' dir='ltr'>canendi</span> <span class='ocrx_word' id='word_1_344' title='bbox 1289 2849 1565 2921; x_wconf 87' lang='lat' dir='ltr'>peritiam</span> <span class='ocrx_word' id='word_1_345' title='bbox 1581 2848 1708 2904; x_wconf 87' lang='lat' dir='ltr'>vult</span> <span class='ocrx_word' id='word_1_346' title='bbox 1731 2848 1974 2915; x_wconf 90' lang='lat' dir='ltr'>habere,</span> 
     </span>
    </p>
   </div>
   <div class='ocr_carea' id='block_1_48' title="bbox 293 2935 1980 3008">
    <p class='ocr_par' dir='ltr' id='par_1_48' title="bbox 293 2935 1980 3008">
     <span class='ocr_line' id='line_1_48' title="bbox 293 2935 1980 3008; baseline 0 -17"><span class='ocrx_word' id='word_1_347' title='bbox 293 2943 365 2991; x_wconf 91' lang='lat' dir='ltr'>ut</span> <span class='ocrx_word' id='word_1_348' title='bbox 397 2936 658 3008; x_wconf 89' lang='lat' dir='ltr'>qualiter</span> <span class='ocrx_word' id='word_1_349' title='bbox 687 2937 747 2991; x_wconf 91' lang='lat' dir='ltr'>in</span> <span class='ocrx_word' id='word_1_350' title='bbox 779 2935 1031 3006; x_wconf 87' lang='lat' dir='ltr'>singulis</span> <span class='ocrx_word' id='word_1_351' title='bbox 1059 2937 1379 2992; x_wconf 88' lang='lat' dir='ltr'>modorum</span> <span class='ocrx_word' id='word_1_352' title='bbox 1403 2936 1679 2992; x_wconf 90' lang='lat' dir='ltr'>cantibus</span> <span class='ocrx_word' id='word_1_353' title='bbox 1698 2935 1980 3008; x_wconf 69' lang='lat' dir='ltr'>queelibet</span> 
     </span>
    </p>
   </div>
   <div class='ocr_carea' id='block_1_49' title="bbox 293 3026 1979 3097">
    <p class='ocr_par' dir='ltr' id='par_1_49' title="bbox 293 3026 1979 3097">
     <span class='ocr_line' id='line_1_49' title="bbox 293 3026 1979 3097; baseline 0.001 -16"><span class='ocrx_word' id='word_1_354' title='bbox 293 3042 531 3081; x_wconf 86' lang='lat' dir='ltr'>neuma</span> <span class='ocrx_word' id='word_1_355' title='bbox 555 3026 645 3081; x_wconf 89' lang='lat' dir='ltr'>vel</span> <span class='ocrx_word' id='word_1_356' title='bbox 677 3042 795 3080; x_wconf 88' lang='lat' dir='ltr'>vox</span> <span class='ocrx_word' id='word_1_357' title='bbox 823 3030 1080 3091; x_wconf 87' lang='lat' dir='ltr'>resonet,</span> <span class='ocrx_word' id='word_1_358' title='bbox 1115 3026 1300 3097; x_wconf 89' lang='lat' dir='ltr'>possit</span> <span class='ocrx_word' id='word_1_359' title='bbox 1327 3027 1656 3082; x_wconf 86' lang='lat' dir='ltr'>advertere.</span> <span class='ocrx_word' id='word_1_360' title='bbox 1692 3029 1979 3082; x_wconf 73' lang='lat' dir='ltr'>Praeterea</span> 
     </span>
    </p>
   </div>
   <div class='ocr_carea' id='block_1_50' title="bbox 291 3115 1976 3190">
    <p class='ocr_par' dir='ltr' id='par_1_50' title="bbox 291 3115 1976 3190">
     <span class='ocr_line' id='line_1_50' title="bbox 291 3115 1976 3190; baseline 0.001 -20"><span class='ocrx_word' id='word_1_361' title='bbox 291 3116 591 3190; x_wconf 82' lang='lat' dir='ltr'>quamvis</span> <span class='ocrx_word' id='word_1_362' title='bbox 630 3115 891 3187; x_wconf 90' lang='lat' dir='ltr'>primam</span> <span class='ocrx_word' id='word_1_363' title='bbox 924 3119 979 3170; x_wconf 90' lang='lat' dir='ltr'>et</span> <span class='ocrx_word' id='word_1_364' title='bbox 1001 3116 1331 3172; x_wconf 89' lang='lat' dir='ltr'>secundam</span> <span class='ocrx_word' id='word_1_365' title='bbox 1378 3122 1434 3172; x_wconf 88' lang='lat' dir='ltr'>et</span> <span class='ocrx_word' id='word_1_366' title='bbox 1485 3116 1715 3171; x_wconf 89' lang='lat' dir='ltr'>tertiam</span> <span class='ocrx_word' id='word_1_367' title='bbox 1764 3132 1976 3171; x_wconf 78' lang='lat' dir='ltr'>vocem</span> 
     </span>
    </p>
   </div>
   <div class='ocr_carea' id='block_1_51' title="bbox 297 3203 1975 3277">
    <p class='ocr_par' dir='ltr' id='par_1_51' title="bbox 297 3203 1975 3277">
     <span class='ocr_line' id='line_1_51' title="bbox 297 3203 1975 3277; baseline 0 -17"><span class='ocrx_word' id='word_1_368' title='bbox 297 3223 446 3260; x_wconf 86' lang='lat' dir='ltr'>cum</span> <span class='ocrx_word' id='word_1_369' title='bbox 469 3209 705 3277; x_wconf 87' lang='lat' dir='ltr'>quarta,</span> <span class='ocrx_word' id='word_1_370' title='bbox 734 3204 946 3275; x_wconf 89' lang='lat' dir='ltr'>quinta</span> <span class='ocrx_word' id='word_1_371' title='bbox 968 3209 1026 3259; x_wconf 93' lang='lat' dir='ltr'>et</span> <span class='ocrx_word' id='word_1_372' title='bbox 1060 3209 1224 3260; x_wconf 88' lang='lat' dir='ltr'>sexta</span> <span class='ocrx_word' id='word_1_373' title='bbox 1277 3205 1648 3260; x_wconf 89' lang='lat' dir='ltr'>concordare</span> <span class='ocrx_word' id='word_1_374' title='bbox 1699 3203 1975 3276; x_wconf 84' lang='lat' dir='ltr'>dixerim,</span> 
     </span>
    </p>
   </div>
   <div class='ocr_carea' id='block_1_52' title="bbox 293 3295 1976 3367">
    <p class='ocr_par' dir='ltr' id='par_1_52' title="bbox 293 3295 1976 3367">
     <span class='ocr_line' id='line_1_52' title="bbox 293 3295 1976 3367; baseline 0 -17"><span class='ocrx_word' id='word_1_375' title='bbox 293 3297 361 3350; x_wconf 92' lang='lat' dir='ltr'>in</span> <span class='ocrx_word' id='word_1_376' title='bbox 391 3311 464 3350; x_wconf 89' lang='lat' dir='ltr'>eo</span> <span class='ocrx_word' id='word_1_377' title='bbox 498 3301 698 3350; x_wconf 89' lang='lat' dir='ltr'>tamen</span> <span class='ocrx_word' id='word_1_378' title='bbox 731 3295 1035 3362; x_wconf 81' lang='lat' dir='ltr'>differunt,</span> <span class='ocrx_word' id='word_1_379' title='bbox 1068 3311 1264 3367; x_wconf 90' lang='lat' dir='ltr'>neque</span> <span class='ocrx_word' id='word_1_380' title='bbox 1318 3311 1532 3351; x_wconf 92' lang='lat' dir='ltr'>omnes</span> <span class='ocrx_word' id='word_1_381' title='bbox 1584 3310 1841 3350; x_wconf 88' lang='lat' dir='ltr'>neumas</span> <span class='ocrx_word' id='word_1_382' title='bbox 1899 3296 1976 3350; x_wconf 91' lang='lat' dir='ltr'>si-</span> 
     </span>
    </p>
   </div>
   <div class='ocr_carea' id='block_1_53' title="bbox 295 3370 1975 3467">
    <p class='ocr_par' dir='ltr' id='par_1_53' title="bbox 295 3370 1975 3467">
     <span class='ocr_line' id='line_1_53' title="bbox 295 3370 1975 3467; baseline -0.001 -27"><span class='ocrx_word' id='word_1_383' title='bbox 295 3385 522 3440; x_wconf 83' lang='lat' dir='ltr'>militer</span> <span class='ocrx_word' id='word_1_384' title='bbox 550 3383 791 3450; x_wconf 88' lang='lat' dir='ltr'>faciunt,</span> <span class='ocrx_word' id='word_1_385' title='bbox 826 3384 1139 3457; x_wconf 90' lang='lat' dir='ltr'>quomodo</span> <span class='ocrx_word' id='word_1_386' title='bbox 1174 3401 1209 3439; x_wconf 89' lang='lat' dir='ltr'>a</span> <span class='ocrx_word' id='word_1_387' title='bbox 1235 3370 1292 3467; x_wconf 50' lang='lat' dir='ltr'>ﬂ</span> <span class='ocrx_word' id='word_1_388' title='bbox 1320 3401 1350 3439; x_wconf 91' lang='lat' dir='ltr'>c</span> <span class='ocrx_word' id='word_1_389' title='bbox 1380 3385 1609 3440; x_wconf 90' lang='lat' dir='ltr'>habent</span> <span class='ocrx_word' id='word_1_390' title='bbox 1632 3387 1772 3455; x_wconf 90' lang='lat' dir='ltr'>post</span> <span class='ocrx_word' id='word_1_391' title='bbox 1826 3399 1887 3437; x_wconf 91' lang='lat' dir='ltr'>se</span> <span class='ocrx_word' id='word_1_392' title='bbox 1913 3384 1975 3438; x_wconf 91' lang='lat' dir='ltr'>in</span> 
     </span>
    </p>
   </div>
   <div class='ocr_carea' id='block_1_54' title="bbox 296 3471 1976 3546">
    <p class='ocr_par' dir='ltr' id='par_1_54' title="bbox 296 3471 1976 3546">
     <span class='ocr_line' id='line_1_54' title="bbox 296 3471 1976 3546; baseline -0.001 -16"><span class='ocrx_word' id='word_1_393' title='bbox 296 3473 679 3546; x_wconf 89' lang='lat' dir='ltr'>depositione</span> <span class='ocrx_word' id='word_1_394' title='bbox 701 3478 819 3528; x_wconf 89' lang='lat' dir='ltr'>tres</span> <span class='ocrx_word' id='word_1_395' title='bbox 851 3479 1049 3543; x_wconf 89' lang='lat' dir='ltr'>tonos,</span> <span class='ocrx_word' id='word_1_396' title='bbox 1083 3477 1219 3529; x_wconf 89' lang='lat' dir='ltr'>ante</span> <span class='ocrx_word' id='word_1_397' title='bbox 1253 3491 1316 3529; x_wconf 92' lang='lat' dir='ltr'>se</span> <span class='ocrx_word' id='word_1_398' title='bbox 1348 3474 1410 3529; x_wconf 92' lang='lat' dir='ltr'>in</span> <span class='ocrx_word' id='word_1_399' title='bbox 1437 3471 1768 3528; x_wconf 90' lang='lat' dir='ltr'>elevatione</span> <span class='ocrx_word' id='word_1_400' title='bbox 1820 3472 1976 3528; x_wconf 91' lang='lat' dir='ltr'>duos</span> 
     </span>
    </p>
   </div>
   <div class='ocr_carea' id='block_1_55' title="bbox 298 3561 1976 3633">
    <p class='ocr_par' dir='ltr' id='par_1_55' title="bbox 298 3561 1976 3633">
     <span class='ocr_line' id='line_1_55' title="bbox 298 3561 1976 3633; baseline -0.001 -14"><span class='ocrx_word' id='word_1_401' title='bbox 298 3569 479 3619; x_wconf 89' lang='lat' dir='ltr'>tonos</span> <span class='ocrx_word' id='word_1_402' title='bbox 505 3582 517 3618; x_wconf 94' lang='lat'><strong>:</strong></span> <span class='ocrx_word' id='word_1_403' title='bbox 555 3569 613 3619; x_wconf 90' lang='lat' dir='ltr'>at</span> <span class='ocrx_word' id='word_1_404' title='bbox 636 3580 777 3618; x_wconf 92' lang='lat' dir='ltr'>vero</span> <span class='ocrx_word' id='word_1_405' title='bbox 811 3567 852 3618; x_wconf 92' lang='lat' dir='ltr'><strong>D</strong></span> <span class='ocrx_word' id='word_1_406' title='bbox 883 3565 924 3616; x_wconf 89' lang='grc' dir='ltr'>Ε</span> <span class='ocrx_word' id='word_1_407' title='bbox 954 3565 992 3617; x_wconf 89' lang='lat' dir='ltr'><strong>F</strong></span> <span class='ocrx_word' id='word_1_408' title='bbox 1018 3579 1207 3618; x_wconf 89' lang='lat' dir='ltr'>unum</span> <span class='ocrx_word' id='word_1_409' title='bbox 1239 3568 1472 3619; x_wconf 89' lang='lat' dir='ltr'>tantum</span> <span class='ocrx_word' id='word_1_410' title='bbox 1504 3562 1565 3617; x_wconf 91' lang='lat' dir='ltr'>in</span> <span class='ocrx_word' id='word_1_411' title='bbox 1598 3561 1976 3633; x_wconf 89' lang='lat' dir='ltr'>depositione</span> 
     </span>
    </p>
   </div>
   <div class='ocr_carea' id='block_1_56' title="bbox 300 3649 1974 3722">
    <p class='ocr_par' dir='ltr' id='par_1_56' title="bbox 300 3649 1974 3722">
     <span class='ocr_line' id='line_1_56' title="bbox 300 3649 1974 3722; baseline -0.001 -15"><span class='ocrx_word' id='word_1_412' title='bbox 300 3653 552 3718; x_wconf 87' lang='lat' dir='ltr'>habent,</span> <span class='ocrx_word' id='word_1_413' title='bbox 589 3658 701 3708; x_wconf 89' lang='lat' dir='ltr'>tres</span> <span class='ocrx_word' id='word_1_414' title='bbox 761 3667 898 3707; x_wconf 87' lang='lat' dir='ltr'>vero</span> <span class='ocrx_word' id='word_1_415' title='bbox 961 3655 1134 3707; x_wconf 91' lang='lat' dir='ltr'>tonos</span> <span class='ocrx_word' id='word_1_416' title='bbox 1191 3651 1254 3706; x_wconf 93' lang='lat' dir='ltr'>in</span> <span class='ocrx_word' id='word_1_417' title='bbox 1298 3651 1653 3708; x_wconf 88' lang='lat' dir='ltr'>elevatione.</span> <span class='ocrx_word' id='word_1_418' title='bbox 1717 3649 1974 3722; x_wconf 88' lang='lat' dir='ltr'>Ideoque</span> 
     </span>
    </p>
   </div>
   <div class='ocr_carea' id='block_1_57' title="bbox 301 3739 1976 3814">
    <p class='ocr_par' dir='ltr' id='par_1_57' title="bbox 301 3739 1976 3814">
     <span class='ocr_line' id='line_1_57' title="bbox 301 3739 1976 3814; baseline -0.001 -17"><span class='ocrx_word' id='word_1_419' title='bbox 301 3742 476 3797; x_wconf 86' lang='lat' dir='ltr'>multi</span> <span class='ocrx_word' id='word_1_420' title='bbox 497 3748 708 3797; x_wconf 87' lang='lat' dir='ltr'>cantus</span> <span class='ocrx_word' id='word_1_421' title='bbox 739 3741 1011 3813; x_wconf 87' lang='lat' dir='ltr'>ejusdem</span> <span class='ocrx_word' id='word_1_422' title='bbox 1038 3744 1178 3796; x_wconf 92' lang='lat' dir='ltr'>sunt</span> <span class='ocrx_word' id='word_1_423' title='bbox 1205 3741 1394 3814; x_wconf 90' lang='lat' dir='ltr'>modi,</span> <span class='ocrx_word' id='word_1_424' title='bbox 1419 3741 1524 3797; x_wconf 90' lang='lat' dir='ltr'>sed</span> <span class='ocrx_word' id='word_1_425' title='bbox 1552 3754 1678 3795; x_wconf 93' lang='lat' dir='ltr'>non</span> <span class='ocrx_word' id='word_1_426' title='bbox 1703 3739 1976 3810; x_wconf 87' lang='lat' dir='ltr'>ejusdem</span> 
     </span>
    </p>
   </div>
   <div class='ocr_carea' id='block_1_58' title="bbox 304 3827 1976 3905">
    <p class='ocr_par' dir='ltr' id='par_1_58' title="bbox 304 3827 1976 3905">
     <span class='ocr_line' id='line_1_58' title="bbox 304 3827 1976 3905; baseline -0.001 -18"><span class='ocrx_word' id='word_1_427' title='bbox 304 3833 456 3887; x_wconf 90' lang='lat' dir='ltr'>soni.</span> <span class='ocrx_word' id='word_1_428' title='bbox 522 3831 778 3896; x_wconf 84' lang='lat' dir='ltr'>Quidam</span> <span class='ocrx_word' id='word_1_429' title='bbox 831 3837 1039 3887; x_wconf 85' lang='lat' dir='ltr'>autem</span> <span class='ocrx_word' id='word_1_430' title='bbox 1098 3831 1300 3887; x_wconf 90' lang='lat' dir='ltr'>minus</span> <span class='ocrx_word' id='word_1_431' title='bbox 1353 3832 1532 3905; x_wconf 90' lang='lat' dir='ltr'>plene</span> <span class='ocrx_word' id='word_1_432' title='bbox 1601 3827 1976 3901; x_wconf 84' lang='lat' dir='ltr'>pervidentes</span> 
     </span>
    </p>
   </div>
   <div class='ocr_carea' id='block_1_59' title="bbox 302 3919 1975 3990">
    <p class='ocr_par' dir='ltr' id='par_1_59' title="bbox 302 3919 1975 3990">
     <span class='ocr_line' id='line_1_59' title="bbox 302 3919 1975 3990; baseline -0.001 -15"><span class='ocrx_word' id='word_1_433' title='bbox 302 3921 481 3976; x_wconf 89' lang='lat' dir='ltr'>istam</span> <span class='ocrx_word' id='word_1_434' title='bbox 541 3920 960 3987; x_wconf 77' lang='lat' dir='ltr'>differentiam,</span> <span class='ocrx_word' id='word_1_435' title='bbox 1015 3919 1357 3990; x_wconf 87' lang='lat' dir='ltr'>adjungunt</span> <span class='ocrx_word' id='word_1_436' title='bbox 1409 3936 1599 3976; x_wconf 90' lang='lat' dir='ltr'>unam</span> <span class='ocrx_word' id='word_1_437' title='bbox 1651 3933 1862 3972; x_wconf 90' lang='lat' dir='ltr'>vocem</span> <span class='ocrx_word' id='word_1_438' title='bbox 1913 3919 1975 3974; x_wconf 90' lang='lat' dir='ltr'>in</span> 
     </span>
    </p>
   </div>
   <div class='ocr_carea' id='block_1_60' title="bbox 312 4006 1974 4082">
    <p class='ocr_par' dir='ltr' id='par_1_60' title="bbox 312 4006 1974 4082">
     <span class='ocr_line' id='line_1_60' title="bbox 312 4006 1974 4082; baseline -0.001 -17"><span class='ocrx_word' id='word_1_439' title='bbox 312 4010 504 4065; x_wconf 88' lang='lat' dir='ltr'>acutis</span> <span class='ocrx_word' id='word_1_440' title='bbox 531 4009 682 4064; x_wconf 88' lang='lat' dir='ltr'>inter</span> <span class='ocrx_word' id='word_1_441' title='bbox 711 4010 975 4082; x_wconf 89' lang='lat' dir='ltr'>primam</span> <span class='ocrx_word' id='word_1_442' title='bbox 1002 4013 1058 4065; x_wconf 91' lang='lat' dir='ltr'>et</span> <span class='ocrx_word' id='word_1_443' title='bbox 1089 4011 1440 4077; x_wconf 90' lang='lat' dir='ltr'>secundam,</span> <span class='ocrx_word' id='word_1_444' title='bbox 1475 4012 1540 4064; x_wconf 91' lang='lat' dir='ltr'>ut</span> <span class='ocrx_word' id='word_1_445' title='bbox 1573 4006 1690 4061; x_wconf 91' lang='lat' dir='ltr'>sint</span> <span class='ocrx_word' id='word_1_446' title='bbox 1720 4006 1852 4061; x_wconf 82' lang='lat' dir='ltr'>duae</span> <span class='ocrx_word' id='word_1_447' title='bbox 1883 4024 1974 4063; x_wconf 90' lang='lat' dir='ltr'>se-</span> 
     </span>
    </p>
   </div>
   <div class='ocr_carea' id='block_1_61' title="bbox 305 4095 1975 4167">
    <p class='ocr_par' dir='ltr' id='par_1_61' title="bbox 305 4095 1975 4167">
     <span class='ocr_line' id='line_1_61' title="bbox 305 4095 1975 4167; baseline -0.001 -12"><span class='ocrx_word' id='word_1_448' title='bbox 305 4099 543 4167; x_wconf 66' lang='lat' dir='ltr'>cundae,</span> <span class='ocrx_word' id='word_1_449' title='bbox 571 4104 628 4153; x_wconf 90' lang='lat' dir='ltr'>et</span> <span class='ocrx_word' id='word_1_450' title='bbox 651 4099 897 4154; x_wconf 83' lang='lat' dir='ltr'>veniant</span> <span class='ocrx_word' id='word_1_451' title='bbox 926 4099 1048 4155; x_wconf 91' lang='lat' dir='ltr'>duo</span> <span class='ocrx_word' id='word_1_452' title='bbox 1079 4101 1203 4155; x_wconf 91' lang='lat' dir='ltr'>toni</span> <span class='ocrx_word' id='word_1_453' title='bbox 1243 4104 1299 4156; x_wconf 91' lang='lat' dir='ltr'>et</span> <span class='ocrx_word' id='word_1_454' title='bbox 1355 4116 1548 4155; x_wconf 90' lang='lat' dir='ltr'>unum</span> <span class='ocrx_word' id='word_1_455' title='bbox 1589 4095 1975 4154; x_wconf 90' lang='lat' dir='ltr'>semitonium</span> 
     </span>
    </p>
   </div>
   <div class='ocr_carea' id='block_1_62' title="bbox 300 4172 1978 4276">
    <p class='ocr_par' dir='ltr' id='par_1_62' title="bbox 300 4172 1978 4276">
     <span class='ocr_line' id='line_1_62' title="bbox 300 4172 1978 4276; baseline -0.001 -32"><span class='ocrx_word' id='word_1_456' title='bbox 300 4193 439 4261; x_wconf 90' lang='lat' dir='ltr'>post</span> <span class='ocrx_word' id='word_1_457' title='bbox 470 4192 512 4243; x_wconf 79' lang='grc' dir='ltr'>Β</span> <span class='ocrx_word' id='word_1_458' title='bbox 542 4191 578 4242; x_wconf 87' lang='grc' dir='ltr'>Ε</span> <span class='ocrx_word' id='word_1_459' title='bbox 603 4189 644 4240; x_wconf 86' lang='lat' dir='ltr'><strong>F</strong></span> <span class='ocrx_word' id='word_1_460' title='bbox 679 4189 829 4244; x_wconf 88' lang='lat' dir='ltr'>sicut</span> <span class='ocrx_word' id='word_1_461' title='bbox 862 4195 1050 4261; x_wconf 67' lang='lat' dir='ltr'>posta</span> <span class='ocrx_word' id='word_1_462' title='bbox 1071 4172 1129 4276; x_wconf 46' lang='lat' dir='ltr'>ﬂ</span> <span class='ocrx_word' id='word_1_463' title='bbox 1159 4209 1188 4246; x_wconf 91' lang='lat' dir='ltr'>c</span> <span class='ocrx_word' id='word_1_464' title='bbox 1232 4191 1292 4246; x_wconf 91' lang='lat' dir='ltr'>in</span> <span class='ocrx_word' id='word_1_465' title='bbox 1325 4189 1656 4246; x_wconf 88' lang='lat' dir='ltr'>elevatione</span> <span class='ocrx_word' id='word_1_466' title='bbox 1693 4204 1705 4254; x_wconf 94' lang='lat'><strong>;</strong></span> <span class='ocrx_word' id='word_1_467' title='bbox 1759 4192 1816 4241; x_wconf 87' lang='lat' dir='ltr'>et</span> <span class='ocrx_word' id='word_1_468' title='bbox 1853 4204 1978 4243; x_wconf 89' lang='lat' dir='ltr'>rur-</span> 
     </span>
    </p>
   </div>
   <div class='ocr_carea' id='block_1_63' title="bbox 304 4276 1978 4352">
    <p class='ocr_par' dir='ltr' id='par_1_63' title="bbox 304 4276 1978 4352">
     <span class='ocr_line' id='line_1_63' title="bbox 304 4276 1978 4352; baseline 0.001 -20"><span class='ocrx_word' id='word_1_469' title='bbox 304 4296 408 4333; x_wconf 89' lang='lat' dir='ltr'>sus</span> <span class='ocrx_word' id='word_1_470' title='bbox 440 4279 478 4333; x_wconf 91' lang='lat' dir='ltr'>d</span> <span class='ocrx_word' id='word_1_471' title='bbox 511 4296 542 4332; x_wconf 93' lang='lat' dir='ltr'>e</span> <span class='ocrx_word' id='word_1_472' title='bbox 574 4279 598 4332; x_wconf 91' lang='lat' dir='ltr'>f</span> <span class='ocrx_word' id='word_1_473' title='bbox 620 4285 807 4335; x_wconf 64' lang='lat' dir='ltr'>acutae</span> <span class='ocrx_word' id='word_1_474' title='bbox 842 4285 1095 4351; x_wconf 91' lang='lat' dir='ltr'>possunt</span> <span class='ocrx_word' id='word_1_475' title='bbox 1133 4280 1354 4352; x_wconf 88' lang='lat' dir='ltr'>deponi</span> <span class='ocrx_word' id='word_1_476' title='bbox 1385 4279 1628 4335; x_wconf 87' lang='lat' dir='ltr'>duobus</span> <span class='ocrx_word' id='word_1_477' title='bbox 1680 4276 1858 4344; x_wconf 92' lang='lat' dir='ltr'>tonis,</span> <span class='ocrx_word' id='word_1_478' title='bbox 1907 4279 1978 4333; x_wconf 79' lang='lat' dir='ltr'>si—</span> 
     </span>
    </p>
   </div>
   <div class='ocr_carea' id='block_1_64' title="bbox 303 4337 2052 4442">
    <p class='ocr_par' dir='ltr' id='par_1_64' title="bbox 303 4337 2052 4442">
     <span class='ocr_line' id='line_1_64' title="bbox 303 4337 2052 4442; baseline 0.001 -20"><span class='ocrx_word' id='word_1_479' title='bbox 303 4373 403 4423; x_wconf 89' lang='lat' dir='ltr'>cut</span> <span class='ocrx_word' id='word_1_480' title='bbox 423 4385 458 4422; x_wconf 87' lang='lat' dir='ltr'>a</span> <span class='ocrx_word' id='word_1_481' title='bbox 489 4367 530 4422; x_wconf 86' lang='lat' dir='ltr'>b</span> <span class='ocrx_word' id='word_1_482' title='bbox 552 4385 582 4422; x_wconf 93' lang='lat' dir='ltr'>c</span> <span class='ocrx_word' id='word_1_483' title='bbox 612 4337 909 4442; x_wconf 55' lang='lat' dir='ltr'>quatenus</span> <span class='ocrx_word' id='word_1_484' title='bbox 939 4369 1105 4425; x_wconf 90' lang='lat' dir='ltr'>nulla</span> <span class='ocrx_word' id='word_1_485' title='bbox 1132 4337 1582 4425; x_wconf 40' lang='lat' dir='ltr'>sitldifferentia</span> <span class='ocrx_word' id='word_1_486' title='bbox 1628 4367 1781 4442; x_wconf 82' lang='lat' dir='ltr'>inter</span> <span class='ocrx_word' id='word_1_487' title='bbox 1937 4371 1976 4423; x_wconf 87' lang='lat' dir='ltr'>E</span> <span class='ocrx_word' id='word_1_488' title='bbox 2009 4337 2052 4390; x_wconf 69' lang='grc' dir='ltr'>Β</span> 
     </span>
    </p>
   </div>
   <div class='ocr_carea' id='block_1_65' title="bbox 303 4439 1979 4543">
    <p class='ocr_par' dir='ltr' id='par_1_65' title="bbox 303 4439 1979 4543">
     <span class='ocr_line' id='line_1_65' title="bbox 303 4439 1979 4543; baseline 0.001 -32"><span class='ocrx_word' id='word_1_489' title='bbox 303 4459 342 4511; x_wconf 81' lang='lat' dir='ltr'><strong>F</strong></span> <span class='ocrx_word' id='word_1_490' title='bbox 369 4461 427 4512; x_wconf 87' lang='lat' dir='ltr'>et</span> <span class='ocrx_word' id='word_1_491' title='bbox 456 4439 664 4512; x_wconf 81' lang='lat' dir='ltr'>intera</span> <span class='ocrx_word' id='word_1_492' title='bbox 693 4439 824 4539; x_wconf 43' lang='lat' dir='ltr'>ac,</span> <span class='ocrx_word' id='word_1_493' title='bbox 855 4475 993 4514; x_wconf 92' lang='lat' dir='ltr'>cum</span> <span class='ocrx_word' id='word_1_494' title='bbox 1023 4459 1107 4528; x_wconf 91' lang='lat' dir='ltr'>id,</span> <span class='ocrx_word' id='word_1_495' title='bbox 1135 4460 1301 4530; x_wconf 88' lang='lat' dir='ltr'>quod</span> <span class='ocrx_word' id='word_1_496' title='bbox 1323 4463 1598 4515; x_wconf 89' lang='lat' dir='ltr'>cantatur</span> <span class='ocrx_word' id='word_1_497' title='bbox 1623 4457 1684 4511; x_wconf 93' lang='lat' dir='ltr'>in</span> <span class='ocrx_word' id='word_1_498' title='bbox 1715 4474 1750 4512; x_wconf 92' lang='lat' dir='ltr'>a</span> <span class='ocrx_word' id='word_1_499' title='bbox 1773 4439 1830 4543; x_wconf 56' lang='lat' dir='ltr'>ﬂ</span> <span class='ocrx_word' id='word_1_500' title='bbox 1859 4474 1889 4511; x_wconf 89' lang='lat' dir='ltr'>o</span> <span class='ocrx_word' id='word_1_501' title='bbox 1922 4461 1979 4513; x_wconf 90' lang='lat' dir='ltr'>et</span> 
     </span>
    </p>
   </div>
   <div class='ocr_carea' id='block_1_66' title="bbox 303 4545 1080 4618">
    <p class='ocr_par' dir='ltr' id='par_1_66' title="bbox 303 4545 1080 4618">
     <span class='ocr_line' id='line_1_66' title="bbox 303 4545 1080 4618; baseline 0.005 -18"><span class='ocrx_word' id='word_1_502' title='bbox 303 4545 367 4600; x_wconf 89' lang='lat' dir='ltr'>in</span> <span class='ocrx_word' id='word_1_503' title='bbox 405 4550 448 4601; x_wconf 89' lang='lat' dir='ltr'><strong>D</strong></span> <span class='ocrx_word' id='word_1_504' title='bbox 474 4550 515 4601; x_wconf 87' lang='lat' dir='ltr'>E</span> <span class='ocrx_word' id='word_1_505' title='bbox 549 4551 586 4602; x_wconf 83' lang='lat' dir='ltr'>F</span> <span class='ocrx_word' id='word_1_506' title='bbox 615 4548 807 4618; x_wconf 85' lang='lat' dir='ltr'>possit</span> <span class='ocrx_word' id='word_1_507' title='bbox 835 4549 1080 4604; x_wconf 89' lang='lat' dir='ltr'>cantari.</span> 
     </span>
    </p>
   </div>
   <div class='ocr_carea' id='block_1_67' title="bbox 379 4635 1979 4709">
    <p class='ocr_par' dir='ltr' id='par_1_67' title="bbox 379 4635 1979 4709">
     <span class='ocr_line' id='line_1_67' title="bbox 379 4635 1979 4709; baseline 0.001 -19"><span class='ocrx_word' id='word_1_508' title='bbox 379 4638 449 4690; x_wconf 89' lang='lat' dir='ltr'>Ut</span> <span class='ocrx_word' id='word_1_509' title='bbox 479 4641 682 4691; x_wconf 88' lang='lat' dir='ltr'>autem</span> <span class='ocrx_word' id='word_1_510' title='bbox 716 4637 962 4707; x_wconf 87' lang='lat' dir='ltr'>singulis</span> <span class='ocrx_word' id='word_1_511' title='bbox 993 4638 1240 4692; x_wconf 84' lang='lat' dir='ltr'>vocibus</span> <span class='ocrx_word' id='word_1_512' title='bbox 1264 4653 1373 4692; x_wconf 91' lang='lat' dir='ltr'>sua</span> <span class='ocrx_word' id='word_1_513' title='bbox 1387 4635 1725 4709; x_wconf 87' lang='lat' dir='ltr'>proprietas</span> <span class='ocrx_word' id='word_1_514' title='bbox 1741 4651 1979 4709; x_wconf 89' lang='lat' dir='ltr'>perma-</span> 
     </span>
    </p>
   </div>
   <div class='ocr_carea' id='block_1_68' title="bbox 304 4725 1980 4798">
    <p class='ocr_par' dir='ltr' id='par_1_68' title="bbox 304 4725 1980 4798">
     <span class='ocr_line' id='line_1_68' title="bbox 304 4725 1980 4798; baseline 0.001 -19"><span class='ocrx_word' id='word_1_515' title='bbox 304 4729 466 4786; x_wconf 87' lang='lat' dir='ltr'>neat,</span> <span class='ocrx_word' id='word_1_516' title='bbox 494 4725 706 4780; x_wconf 90' lang='lat' dir='ltr'>melius</span> <span class='ocrx_word' id='word_1_517' title='bbox 734 4731 840 4794; x_wconf 84' lang='lat' dir='ltr'>est,</span> <span class='ocrx_word' id='word_1_518' title='bbox 863 4732 925 4780; x_wconf 91' lang='lat' dir='ltr'>ut</span> <span class='ocrx_word' id='word_1_519' title='bbox 953 4731 1240 4783; x_wconf 88' lang='lat' dir='ltr'>cantuum</span> <span class='ocrx_word' id='word_1_520' title='bbox 1264 4727 1614 4798; x_wconf 90' lang='lat' dir='ltr'>inspiciatur</span> <span class='ocrx_word' id='word_1_521' title='bbox 1635 4731 1852 4781; x_wconf 87' lang='lat' dir='ltr'>natura</span> <span class='ocrx_word' id='word_1_522' title='bbox 1877 4744 1890 4793; x_wconf 95' lang='lat'><strong>;</strong></span> <span class='ocrx_word' id='word_1_523' title='bbox 1924 4729 1980 4781; x_wconf 89' lang='lat' dir='ltr'>et</span> 
     </span>
    </p>
   </div>
   <div class='ocr_carea' id='block_1_69' title="bbox 305 4813 1980 4884">
    <p class='ocr_par' dir='ltr' id='par_1_69' title="bbox 305 4813 1980 4884">
     <span class='ocr_line' id='line_1_69' title="bbox 305 4813 1980 4884; baseline 0.001 -16"><span class='ocrx_word' id='word_1_524' title='bbox 305 4830 449 4868; x_wconf 87' lang='lat' dir='ltr'>cum</span> <span class='ocrx_word' id='word_1_525' title='bbox 481 4818 694 4868; x_wconf 87' lang='lat' dir='ltr'>cantus</span> <span class='ocrx_word' id='word_1_526' title='bbox 719 4813 828 4870; x_wconf 88' lang='lat' dir='ltr'>hos</span> <span class='ocrx_word' id='word_1_527' title='bbox 861 4819 974 4869; x_wconf 86' lang='lat' dir='ltr'>tres</span> <span class='ocrx_word' id='word_1_528' title='bbox 1008 4819 1176 4870; x_wconf 87' lang='lat' dir='ltr'>tonos</span> <span class='ocrx_word' id='word_1_529' title='bbox 1207 4815 1481 4870; x_wconf 89' lang='lat' dir='ltr'>videatur</span> <span class='ocrx_word' id='word_1_530' title='bbox 1521 4814 1851 4884; x_wconf 89' lang='lat' dir='ltr'>admittere,</span> <span class='ocrx_word' id='word_1_531' title='bbox 1874 4813 1980 4869; x_wconf 88' lang='lat' dir='ltr'>ﬁat</span> 
     </span>
    </p>
   </div>
   <div class='ocr_carea' id='block_1_70' title="bbox 302 4897 1980 4988">
    <p class='ocr_par' dir='ltr' id='par_1_70' title="bbox 302 4897 1980 4988">
     <span class='ocr_line' id='line_1_70' title="bbox 302 4897 1980 4988; baseline 0.001 -30"><span class='ocrx_word' id='word_1_532' title='bbox 302 4905 423 4958; x_wconf 89' lang='lat' dir='ltr'>hoc</span> <span class='ocrx_word' id='word_1_533' title='bbox 479 4904 541 4958; x_wconf 90' lang='lat' dir='ltr'>in</span> <span class='ocrx_word' id='word_1_534' title='bbox 573 4907 611 4959; x_wconf 89' lang='lat' dir='ltr'><strong>F</strong></span> <span class='ocrx_word' id='word_1_535' title='bbox 650 4906 690 4959; x_wconf 89' lang='lat' dir='ltr'>G</span> <span class='ocrx_word' id='word_1_536' title='bbox 723 4921 759 4959; x_wconf 91' lang='lat' dir='ltr'>a</span> <span class='ocrx_word' id='word_1_537' title='bbox 897 4908 1044 4960; x_wconf 89' lang='lat' dir='ltr'>Cum</span> <span class='ocrx_word' id='word_1_538' title='bbox 1092 4921 1234 4960; x_wconf 90' lang='lat' dir='ltr'>vero</span> <span class='ocrx_word' id='word_1_539' title='bbox 1274 4909 1411 4977; x_wconf 92' lang='lat' dir='ltr'>post</span> <span class='ocrx_word' id='word_1_540' title='bbox 1449 4903 1604 4960; x_wconf 90' lang='lat' dir='ltr'>duos</span> <span class='ocrx_word' id='word_1_541' title='bbox 1645 4909 1819 4959; x_wconf 91' lang='lat' dir='ltr'>tonos</span> <span class='ocrx_word' id='word_1_542' title='bbox 1855 4919 1980 4959; x_wconf 92' lang='lat' dir='ltr'>non</span> 
     </span>
    </p>
   </div>
   <div class='ocr_carea' id='block_1_71' title="bbox 303 4992 1980 5066">
    <p class='ocr_par' dir='ltr' id='par_1_71' title="bbox 303 4992 1980 5066">
     <span class='ocr_line' id='line_1_71' title="bbox 303 4992 1980 5066; baseline 0 -18"><span class='ocrx_word' id='word_1_543' title='bbox 303 4992 422 5048; x_wconf 87' lang='lat' dir='ltr'>nisi</span> <span class='ocrx_word' id='word_1_544' title='bbox 451 4993 836 5050; x_wconf 89' lang='lat' dir='ltr'>semitonium</span> <span class='ocrx_word' id='word_1_545' title='bbox 870 4993 1068 5066; x_wconf 86' lang='lat' dir='ltr'>sumit,</span> <span class='ocrx_word' id='word_1_546' title='bbox 1105 4993 1210 5048; x_wconf 90' lang='lat' dir='ltr'>ﬁat</span> <span class='ocrx_word' id='word_1_547' title='bbox 1237 4994 1351 5048; x_wconf 88' lang='lat' dir='ltr'>hoc</span> <span class='ocrx_word' id='word_1_548' title='bbox 1385 4993 1445 5048; x_wconf 93' lang='lat' dir='ltr'>in</span> <span class='ocrx_word' id='word_1_549' title='bbox 1478 5010 1509 5049; x_wconf 91' lang='lat' dir='ltr'>c</span> <span class='ocrx_word' id='word_1_550' title='bbox 1536 4994 1576 5049; x_wconf 95' lang='lat' dir='ltr'>d</span> <span class='ocrx_word' id='word_1_551' title='bbox 1605 5009 1636 5049; x_wconf 92' lang='lat' dir='ltr'>e</span> <span class='ocrx_word' id='word_1_552' title='bbox 1667 4993 1694 5047; x_wconf 94' lang='lat' dir='ltr'>f</span> <span class='ocrx_word' id='word_1_553' title='bbox 1729 5009 1980 5066; x_wconf 79' lang='lat' dir='ltr'>praeser-</span> 
     </span>
    </p>
   </div>
   <div class='ocr_carea' id='block_1_72' title="bbox 299 5081 1983 5154">
    <p class='ocr_par' dir='ltr' id='par_1_72' title="bbox 299 5081 1983 5154">
     <span class='ocr_line' id='line_1_72' title="bbox 299 5081 1983 5154; baseline 0.001 -17"><span class='ocrx_word' id='word_1_554' title='bbox 299 5081 414 5137; x_wconf 85' lang='lat' dir='ltr'>tim</span> <span class='ocrx_word' id='word_1_555' title='bbox 467 5099 606 5138; x_wconf 92' lang='lat' dir='ltr'>cum</span> <span class='ocrx_word' id='word_1_556' title='bbox 655 5099 764 5154; x_wconf 89' lang='lat' dir='ltr'>pro</span> <span class='ocrx_word' id='word_1_557' title='bbox 819 5082 1000 5151; x_wconf 87' lang='lat' dir='ltr'>hujus</span> <span class='ocrx_word' id='word_1_558' title='bbox 1035 5081 1198 5137; x_wconf 88' lang='lat' dir='ltr'>vocis</span> <span class='ocrx_word' id='word_1_559' title='bbox 1253 5081 1663 5138; x_wconf 87' lang='lat' dir='ltr'>additamento</span> <span class='ocrx_word' id='word_1_560' title='bbox 1713 5082 1983 5139; x_wconf 86' lang='lat' dir='ltr'>maxima.</span> 
     </span>
    </p>
   </div>
   <div class='ocr_carea' id='block_1_73' title="bbox 305 5170 1985 5242">
    <p class='ocr_par' dir='ltr' id='par_1_73' title="bbox 305 5170 1985 5242">
     <span class='ocr_line' id='line_1_73' title="bbox 305 5170 1985 5242; baseline 0 -16"><span class='ocrx_word' id='word_1_561' title='bbox 305 5171 583 5226; x_wconf 85' lang='lat' dir='ltr'>confusio</span> <span class='ocrx_word' id='word_1_562' title='bbox 605 5177 888 5226; x_wconf 86' lang='lat' dir='ltr'>nascatur</span> <span class='ocrx_word' id='word_1_563' title='bbox 920 5170 1308 5242; x_wconf 89' lang='lat' dir='ltr'>simplicibus.</span> <span class='ocrx_word' id='word_1_564' title='bbox 1363 5175 1512 5226; x_wconf 86' lang='lat' dir='ltr'>Nam</span> <span class='ocrx_word' id='word_1_565' title='bbox 1568 5171 1617 5226; x_wconf 90' lang='lat' dir='ltr'>si</span> <span class='ocrx_word' id='word_1_566' title='bbox 1659 5171 1793 5227; x_wconf 82' lang='lat' dir='ltr'>duae</span> <span class='ocrx_word' id='word_1_567' title='bbox 1845 5174 1985 5226; x_wconf 90' lang='lat' dir='ltr'>sunt</span> 
     </span>
    </p>
   </div>
   <div class='ocr_carea' id='block_1_74' title="bbox 307 5260 1983 5333">
    <p class='ocr_par' dir='ltr' id='par_1_74' title="bbox 307 5260 1983 5333">
     <span class='ocr_line' id='line_1_74' title="bbox 307 5260 1983 5333; baseline 0 -19"><span class='ocrx_word' id='word_1_568' title='bbox 307 5260 593 5316; x_wconf 70' lang='lat' dir='ltr'>secundae</span> <span class='ocrx_word' id='word_1_569' title='bbox 677 5264 816 5332; x_wconf 89' lang='lat' dir='ltr'>post</span> <span class='ocrx_word' id='word_1_570' title='bbox 881 5260 1162 5333; x_wconf 86' lang='lat' dir='ltr'>primam,</span> <span class='ocrx_word' id='word_1_571' title='bbox 1220 5277 1357 5316; x_wconf 90' lang='lat' dir='ltr'>cum</span> <span class='ocrx_word' id='word_1_572' title='bbox 1432 5261 1511 5317; x_wconf 91' lang='lat' dir='ltr'>ad</span> <span class='ocrx_word' id='word_1_573' title='bbox 1586 5260 1836 5318; x_wconf 90' lang='lat' dir='ltr'>alteram</span> <span class='ocrx_word' id='word_1_574' title='bbox 1897 5277 1983 5315; x_wconf 88' lang='lat' dir='ltr'>se-</span> 
     </span>
    </p>
   </div>
   <div class='ocr_carea' id='block_1_75' title="bbox 307 5349 1986 5424">
    <p class='ocr_par' dir='ltr' id='par_1_75' title="bbox 307 5349 1986 5424">
     <span class='ocr_line' id='line_1_75' title="bbox 307 5349 1986 5424; baseline 0 -20"><span class='ocrx_word' id='word_1_575' title='bbox 307 5350 588 5414; x_wconf 87' lang='lat' dir='ltr'>mitonio,</span> <span class='ocrx_word' id='word_1_576' title='bbox 617 5350 696 5405; x_wconf 91' lang='lat' dir='ltr'>ad</span> <span class='ocrx_word' id='word_1_577' title='bbox 719 5349 968 5405; x_wconf 87' lang='lat' dir='ltr'>alteram</span> <span class='ocrx_word' id='word_1_578' title='bbox 999 5366 1141 5405; x_wconf 87' lang='lat' dir='ltr'>vero</span> <span class='ocrx_word' id='word_1_579' title='bbox 1172 5355 1313 5405; x_wconf 92' lang='lat' dir='ltr'>tono</span> <span class='ocrx_word' id='word_1_580' title='bbox 1336 5349 1533 5421; x_wconf 91' lang='lat' dir='ltr'>prima</span> <span class='ocrx_word' id='word_1_581' title='bbox 1587 5350 1720 5424; x_wconf 90' lang='lat' dir='ltr'>ipsa</span> <span class='ocrx_word' id='word_1_582' title='bbox 1767 5351 1986 5422; x_wconf 88' lang='lat' dir='ltr'>junga-</span> 
     </span>
    </p>
   </div>
   <div class='ocr_carea' id='block_1_76' title="bbox 305 5436 1986 5511">
    <p class='ocr_par' dir='ltr' id='par_1_76' title="bbox 305 5436 1986 5511">
     <span class='ocr_line' id='line_1_76' title="bbox 305 5436 1986 5511; baseline 0.001 -21"><span class='ocrx_word' id='word_1_583' title='bbox 305 5441 424 5504; x_wconf 93' lang='lat' dir='ltr'>tur,</span> <span class='ocrx_word' id='word_1_584' title='bbox 457 5436 629 5493; x_wconf 87' lang='lat' dir='ltr'>facile</span> <span class='ocrx_word' id='word_1_585' title='bbox 654 5442 742 5492; x_wconf 89' lang='lat' dir='ltr'>est</span> <span class='ocrx_word' id='word_1_586' title='bbox 765 5437 982 5504; x_wconf 76' lang='lat' dir='ltr'>VldeI’O,</span> <span class='ocrx_word' id='word_1_587' title='bbox 1011 5438 1176 5511; x_wconf 88' lang='lat' dir='ltr'>quod</span> <span class='ocrx_word' id='word_1_588' title='bbox 1197 5438 1328 5510; x_wconf 90' lang='lat' dir='ltr'>ipsa</span> <span class='ocrx_word' id='word_1_589' title='bbox 1355 5437 1575 5510; x_wconf 90' lang='lat' dir='ltr'>prima,</span> <span class='ocrx_word' id='word_1_590' title='bbox 1609 5453 1677 5493; x_wconf 88' lang='lat' dir='ltr'>ac</span> <span class='ocrx_word' id='word_1_591' title='bbox 1706 5453 1814 5509; x_wconf 90' lang='lat' dir='ltr'>per</span> <span class='ocrx_word' id='word_1_592' title='bbox 1867 5437 1986 5492; x_wconf 93' lang='lat' dir='ltr'>hoc</span> 
     </span>
    </p>
   </div>
   <div class='ocr_carea' id='block_1_77' title="bbox 307 5526 1986 5597">
    <p class='ocr_par' dir='ltr' id='par_1_77' title="bbox 307 5526 1986 5597">
     <span class='ocr_line' id='line_1_77' title="bbox 307 5526 1986 5597; baseline 0.001 -17"><span class='ocrx_word' id='word_1_593' title='bbox 307 5530 369 5580; x_wconf 91' lang='lat' dir='ltr'>et</span> <span class='ocrx_word' id='word_1_594' title='bbox 398 5526 527 5581; x_wconf 60' lang='lat' dir='ltr'>alia:</span> <span class='ocrx_word' id='word_1_595' title='bbox 565 5527 864 5597; x_wconf 76' lang='lat' dir='ltr'>contiguae</span> <span class='ocrx_word' id='word_1_596' title='bbox 894 5545 1068 5583; x_wconf 88' lang='lat' dir='ltr'>voces</span> <span class='ocrx_word' id='word_1_597' title='bbox 1123 5530 1276 5584; x_wconf 89' lang='lat' dir='ltr'>duos</span> <span class='ocrx_word' id='word_1_598' title='bbox 1322 5528 1592 5585; x_wconf 87' lang='lat' dir='ltr'>habeant</span> <span class='ocrx_word' id='word_1_599' title='bbox 1648 5531 1822 5583; x_wconf 90' lang='lat' dir='ltr'>tonos</span> <span class='ocrx_word' id='word_1_600' title='bbox 1852 5545 1866 5596; x_wconf 88' lang='lat'><strong>;</strong></span> <span class='ocrx_word' id='word_1_601' title='bbox 1899 5531 1986 5582; x_wconf 87' lang='lat' dir='ltr'>ut-</span> 
     </span>
    </p>
   </div>
   <div class='ocr_carea' id='block_1_78' title="bbox 308 5616 1987 5691">
    <p class='ocr_par' dir='ltr' id='par_1_78' title="bbox 308 5616 1987 5691">
     <span class='ocr_line' id='line_1_78' title="bbox 308 5616 1987 5691; baseline 0.001 -19"><span class='ocrx_word' id='word_1_602' title='bbox 308 5619 455 5688; x_wconf 88' lang='lat' dir='ltr'>pote</span> <span class='ocrx_word' id='word_1_603' title='bbox 476 5616 694 5688; x_wconf 89' lang='lat' dir='ltr'>prima,</span> <span class='ocrx_word' id='word_1_604' title='bbox 726 5622 780 5673; x_wconf 88' lang='lat' dir='ltr'>et</span> <span class='ocrx_word' id='word_1_605' title='bbox 811 5634 944 5673; x_wconf 90' lang='lat' dir='ltr'>eam</span> <span class='ocrx_word' id='word_1_606' title='bbox 975 5617 1358 5675; x_wconf 90' lang='lat' dir='ltr'>semitonium</span> <span class='ocrx_word' id='word_1_607' title='bbox 1389 5618 1678 5691; x_wconf 86' lang='lat' dir='ltr'>sequitur,</span> <span class='ocrx_word' id='word_1_608' title='bbox 1709 5617 1785 5674; x_wconf 90' lang='lat' dir='ltr'>de</span> <span class='ocrx_word' id='word_1_609' title='bbox 1810 5621 1987 5690; x_wconf 89' lang='lat' dir='ltr'>proto</span> 
     </span>
    </p>
   </div>
   <div class='ocr_carea' id='block_1_79' title="bbox 2087 1681 3748 1759">
    <p class='ocr_par' dir='ltr' id='par_1_79' title="bbox 2087 1681 3748 1759">
     <span class='ocr_line' id='line_1_79' title="bbox 2087 1681 3748 1759; baseline 0.004 -22"><span class='ocrx_word' id='word_1_610' title='bbox 2087 1681 2335 1738; x_wconf 90' lang='lat' dir='ltr'>beatum</span> <span class='ocrx_word' id='word_1_611' title='bbox 2368 1683 2717 1751; x_wconf 87' lang='lat' dir='ltr'>Gregorium</span> <span class='ocrx_word' id='word_1_612' title='bbox 2747 1684 2948 1741; x_wconf 90' lang='lat' dir='ltr'>divina</span> <span class='ocrx_word' id='word_1_613' title='bbox 2977 1691 3342 1758; x_wconf 90' lang='lat' dir='ltr'>protestatur</span> <span class='ocrx_word' id='word_1_614' title='bbox 3397 1689 3748 1759; x_wconf 89' lang='lat' dir='ltr'>auctoritas,</span> 
     </span>
    </p>
   </div>
   <div class='ocr_carea' id='block_1_80' title="bbox 2090 1773 3750 1848">
    <p class='ocr_par' dir='ltr' id='par_1_80' title="bbox 2090 1773 3750 1848">
     <span class='ocr_line' id='line_1_80' title="bbox 2090 1773 3750 1848; baseline 0.005 -22"><span class='ocrx_word' id='word_1_615' title='bbox 2090 1777 2321 1844; x_wconf 88' lang='lat' dir='ltr'>septem</span> <span class='ocrx_word' id='word_1_616' title='bbox 2347 1777 2484 1827; x_wconf 89' lang='lat' dir='ltr'>sunt</span> <span class='ocrx_word' id='word_1_617' title='bbox 2513 1789 2712 1840; x_wconf 91' lang='lat' dir='ltr'>voces,</span> <span class='ocrx_word' id='word_1_618' title='bbox 2746 1773 2897 1830; x_wconf 89' lang='lat' dir='ltr'>sicut</span> <span class='ocrx_word' id='word_1_619' title='bbox 2925 1780 2982 1830; x_wconf 90' lang='lat' dir='ltr'>et</span> <span class='ocrx_word' id='word_1_620' title='bbox 3027 1780 3255 1848; x_wconf 88' lang='lat' dir='ltr'>septem</span> <span class='ocrx_word' id='word_1_621' title='bbox 3284 1777 3410 1833; x_wconf 91' lang='lat' dir='ltr'>dies</span> <span class='ocrx_word' id='word_1_622' title='bbox 3437 1795 3449 1844; x_wconf 90' lang='lat'><strong>;</strong></span> <span class='ocrx_word' id='word_1_623' title='bbox 3498 1777 3660 1834; x_wconf 92' lang='lat' dir='ltr'>unde</span> <span class='ocrx_word' id='word_1_624' title='bbox 3690 1783 3750 1834; x_wconf 92' lang='lat' dir='ltr'>et</span> 
     </span>
    </p>
   </div>
   <div class='ocr_carea' id='block_1_81' title="bbox 2087 1858 3748 1933">
    <p class='ocr_par' dir='ltr' id='par_1_81' title="bbox 2087 1858 3748 1933">
     <span class='ocr_line' id='line_1_81' title="bbox 2087 1858 3748 1933; baseline 0.005 -19"><span class='ocrx_word' id='word_1_625' title='bbox 2087 1858 2598 1932; x_wconf 89' lang='lat' dir='ltr'>prudentissimus</span> <span class='ocrx_word' id='word_1_626' title='bbox 2625 1865 2942 1933; x_wconf 91' lang='lat' dir='ltr'>poetarum</span> <span class='ocrx_word' id='word_1_627' title='bbox 2971 1869 3187 1932; x_wconf 77' lang='lat' dir='ltr'>septem</span> <span class='ocrx_word' id='word_1_628' title='bbox 3218 1864 3428 1921; x_wconf 90' lang='lat' dir='ltr'>cecinit</span> <span class='ocrx_word' id='word_1_629' title='bbox 3456 1866 3748 1922; x_wconf 66' lang='lat' dir='ltr'>discrimi-</span> 
     </span>
    </p>
   </div>
   <div class='ocr_carea' id='block_1_82' title="bbox 2087 1952 3746 2027">
    <p class='ocr_par' dir='ltr' id='par_1_82' title="bbox 2087 1952 3746 2027">
     <span class='ocr_line' id='line_1_82' title="bbox 2087 1952 3746 2027; baseline 0.003 -22"><span class='ocrx_word' id='word_1_630' title='bbox 2087 1965 2170 2005; x_wconf 82' lang='lat' dir='ltr'>na</span> <span class='ocrx_word' id='word_1_631' title='bbox 2201 1965 2407 2006; x_wconf 83' lang='lat' dir='ltr'>vocum</span> <span class='ocrx_word' id='word_1_632' title='bbox 2439 1963 2460 2019; x_wconf 88' lang='lat'><em>;</em></span> <span class='ocrx_word' id='word_1_633' title='bbox 2491 1966 2675 2022; x_wconf 88' lang='lat' dir='ltr'>quam</span> <span class='ocrx_word' id='word_1_634' title='bbox 2716 1952 3069 2008; x_wconf 87' lang='lat' dir='ltr'>sententiam</span> <span class='ocrx_word' id='word_1_635' title='bbox 3125 1956 3180 2008; x_wconf 92' lang='lat' dir='ltr'>et</span> <span class='ocrx_word' id='word_1_636' title='bbox 3233 1953 3347 2026; x_wconf 90' lang='lat' dir='ltr'>ipsi</span> <span class='ocrx_word' id='word_1_637' title='bbox 3400 1953 3746 2027; x_wconf 90' lang='lat' dir='ltr'>philosophi</span> 
     </span>
    </p>
   </div>
   <div class='ocr_carea' id='block_1_83' title="bbox 2087 2039 3748 2111">
    <p class='ocr_par' dir='ltr' id='par_1_83' title="bbox 2087 2039 3748 2111">
     <span class='ocr_line' id='line_1_83' title="bbox 2087 2039 3748 2111; baseline 0.002 -16"><span class='ocrx_word' id='word_1_638' title='bbox 2087 2039 2219 2111; x_wconf 91' lang='lat' dir='ltr'>pari</span> <span class='ocrx_word' id='word_1_639' title='bbox 2277 2039 2604 2095; x_wconf 89' lang='lat' dir='ltr'>concordia</span> <span class='ocrx_word' id='word_1_640' title='bbox 2657 2039 3068 2098; x_wconf 89' lang='lat' dir='ltr'>ﬁrmaverunt.</span> <span class='ocrx_word' id='word_1_641' title='bbox 3129 2046 3358 2098; x_wconf 86' lang='lat' dir='ltr'>Interea</span> <span class='ocrx_word' id='word_1_642' title='bbox 3409 2043 3748 2099; x_wconf 90' lang='lat' dir='ltr'>curandum</span> 
     </span>
    </p>
   </div>
   <div class='ocr_carea' id='block_1_84' title="bbox 2088 2129 3750 2205">
    <p class='ocr_par' dir='ltr' id='par_1_84' title="bbox 2088 2129 3750 2205">
     <span class='ocr_line' id='line_1_84' title="bbox 2088 2129 3750 2205; baseline 0.004 -21"><span class='ocrx_word' id='word_1_643' title='bbox 2088 2133 2194 2196; x_wconf 90' lang='lat' dir='ltr'>est,</span> <span class='ocrx_word' id='word_1_644' title='bbox 2223 2133 2289 2184; x_wconf 87' lang='lat' dir='ltr'>ut</span> <span class='ocrx_word' id='word_1_645' title='bbox 2323 2129 2544 2186; x_wconf 89' lang='lat' dir='ltr'>sciatur</span> <span class='ocrx_word' id='word_1_646' title='bbox 2590 2130 2665 2186; x_wconf 89' lang='lat' dir='ltr'>de</span> <span class='ocrx_word' id='word_1_647' title='bbox 2705 2132 2972 2203; x_wconf 89' lang='lat' dir='ltr'>qualibet</span> <span class='ocrx_word' id='word_1_648' title='bbox 3021 2148 3266 2203; x_wconf 90' lang='lat' dir='ltr'>neuma,</span> <span class='ocrx_word' id='word_1_649' title='bbox 3311 2133 3374 2188; x_wconf 91' lang='lat' dir='ltr'>in</span> <span class='ocrx_word' id='word_1_650' title='bbox 3419 2133 3662 2205; x_wconf 75' lang='lat' dir='ltr'>quantis</span> <span class='ocrx_word' id='word_1_651' title='bbox 3693 2138 3750 2191; x_wconf 86' lang='lat' dir='ltr'>et</span> 
     </span>
    </p>
   </div>
   <div class='ocr_carea' id='block_1_85' title="bbox 2085 2221 3461 2296">
    <p class='ocr_par' dir='ltr' id='par_1_85' title="bbox 2085 2221 3461 2296">
     <span class='ocr_line' id='line_1_85' title="bbox 2085 2221 3461 2296; baseline 0.004 -22"><span class='ocrx_word' id='word_1_652' title='bbox 2085 2221 2370 2293; x_wconf 88' lang='lat' dir='ltr'>qualibus</span> <span class='ocrx_word' id='word_1_653' title='bbox 2401 2221 2562 2276; x_wconf 90' lang='lat' dir='ltr'>sonis</span> <span class='ocrx_word' id='word_1_654' title='bbox 2592 2237 2720 2278; x_wconf 91' lang='lat' dir='ltr'>esse</span> <span class='ocrx_word' id='word_1_655' title='bbox 2745 2223 2952 2294; x_wconf 86' lang='lat' dir='ltr'>possit,</span> <span class='ocrx_word' id='word_1_656' title='bbox 2985 2224 3076 2280; x_wconf 91' lang='lat' dir='ltr'>vel</span> <span class='ocrx_word' id='word_1_657' title='bbox 3104 2239 3229 2280; x_wconf 90' lang='lat' dir='ltr'>non</span> <span class='ocrx_word' id='word_1_658' title='bbox 3254 2223 3461 2296; x_wconf 88' lang='lat' dir='ltr'>possit.</span> 
     </span>
    </p>
   </div>
   <div class='ocr_carea' id='block_1_86' title="bbox 2158 2310 3774 2389">
    <p class='ocr_par' dir='ltr' id='par_1_86' title="bbox 2158 2310 3774 2389">
     <span class='ocr_line' id='line_1_86' title="bbox 2158 2310 3774 2389; baseline 0.005 -25"><span class='ocrx_word' id='word_1_659' title='bbox 2158 2313 2352 2366; x_wconf 90' lang='lat' dir='ltr'>Potest</span> <span class='ocrx_word' id='word_1_660' title='bbox 2376 2310 2536 2365; x_wconf 92' lang='lat' dir='ltr'>enim</span> <span class='ocrx_word' id='word_1_661' title='bbox 2565 2310 2693 2366; x_wconf 90' lang='lat' dir='ltr'>ﬁeri</span> <span class='ocrx_word' id='word_1_662' title='bbox 2708 2312 2768 2368; x_wconf 93' lang='lat' dir='ltr'>in</span> <span class='ocrx_word' id='word_1_663' title='bbox 2801 2314 2990 2382; x_wconf 90' lang='lat' dir='ltr'>tertio,</span> <span class='ocrx_word' id='word_1_664' title='bbox 3019 2319 3075 2370; x_wconf 88' lang='lat' dir='ltr'>et</span> <span class='ocrx_word' id='word_1_665' title='bbox 3117 2314 3400 2382; x_wconf 69' lang='lat' dir='ltr'>in‘sexto,</span> <span class='ocrx_word' id='word_1_666' title='bbox 3433 2317 3490 2370; x_wconf 90' lang='lat' dir='ltr'>et</span> <span class='ocrx_word' id='word_1_667' title='bbox 3543 2313 3608 2370; x_wconf 90' lang='lat' dir='ltr'>in</span> <span class='ocrx_word' id='word_1_668' title='bbox 3661 2331 3774 2389; x_wconf 78' lang='lat' dir='ltr'>se-_</span> 
     </span>
    </p>
   </div>
   <div class='ocr_carea' id='block_1_87' title="bbox 2085 2399 3749 2476">
    <p class='ocr_par' dir='ltr' id='par_1_87' title="bbox 2085 2399 3749 2476">
     <span class='ocr_line' id='line_1_87' title="bbox 2085 2399 3749 2476; baseline 0.004 -23"><span class='ocrx_word' id='word_1_669' title='bbox 2085 2399 2276 2472; x_wconf 89' lang='lat' dir='ltr'>ptimo</span> <span class='ocrx_word' id='word_1_670' title='bbox 2307 2415 2476 2466; x_wconf 92' lang='lat' dir='ltr'>sono,</span> <span class='ocrx_word' id='word_1_671' title='bbox 2512 2400 2658 2472; x_wconf 90' lang='lat' dir='ltr'>quia</span> <span class='ocrx_word' id='word_1_672' title='bbox 2686 2400 2748 2456; x_wconf 93' lang='lat' dir='ltr'>hi</span> <span class='ocrx_word' id='word_1_673' title='bbox 2777 2407 2895 2458; x_wconf 85' lang='lat' dir='ltr'>tres</span> <span class='ocrx_word' id='word_1_674' title='bbox 2927 2403 3057 2459; x_wconf 93' lang='lat' dir='ltr'>soni</span> <span class='ocrx_word' id='word_1_675' title='bbox 3077 2402 3318 2459; x_wconf 89' lang='lat' dir='ltr'>duobus</span> <span class='ocrx_word' id='word_1_676' title='bbox 3344 2404 3566 2476; x_wconf 88' lang='lat' dir='ltr'>pariter</span> <span class='ocrx_word' id='word_1_677' title='bbox 3592 2404 3749 2461; x_wconf 82' lang='lat' dir='ltr'>tonis</span> 
     </span>
    </p>
   </div>
   <div class='ocr_carea' id='block_1_88' title="bbox 2086 2488 3752 2563">
    <p class='ocr_par' dir='ltr' id='par_1_88' title="bbox 2086 2488 3752 2563">
     <span class='ocr_line' id='line_1_88' title="bbox 2086 2488 3752 2563; baseline 0.004 -20"><span class='ocrx_word' id='word_1_678' title='bbox 2086 2489 2442 2553; x_wconf 86' lang='lat' dir='ltr'>ascendunt,</span> <span class='ocrx_word' id='word_1_679' title='bbox 2473 2492 2530 2543; x_wconf 92' lang='lat' dir='ltr'>et</span> <span class='ocrx_word' id='word_1_680' title='bbox 2556 2488 2690 2561; x_wconf 90' lang='lat' dir='ltr'>ipsa</span> <span class='ocrx_word' id='word_1_681' title='bbox 2708 2491 3073 2563; x_wconf 80' lang='lat' dir='ltr'>symphonia</span> <span class='ocrx_word' id='word_1_682' title='bbox 3102 2491 3343 2546; x_wconf 89' lang='lat' dir='ltr'>duobus</span> <span class='ocrx_word' id='word_1_683' title='bbox 3399 2495 3632 2548; x_wconf 90' lang='lat' dir='ltr'>tantum</span> <span class='ocrx_word' id='word_1_684' title='bbox 3681 2493 3752 2550; x_wconf 88' lang='lat' dir='ltr'>ﬁt</span> 
     </span>
    </p>
   </div>
   <div class='ocr_carea' id='block_1_89' title="bbox 2086 2577 2306 2632">
    <p class='ocr_par' dir='ltr' id='par_1_89' title="bbox 2086 2577 2306 2632">
     <span class='ocr_line' id='line_1_89' title="bbox 2086 2577 2306 2632; baseline -0.005 0"><span class='ocrx_word' id='word_1_685' title='bbox 2086 2577 2306 2632; x_wconf 90' lang='lat' dir='ltr'>modis.</span> 
     </span>
    </p>
   </div>
   <div class='ocr_carea' id='block_1_90' title="bbox 2158 2667 3748 2738">
    <p class='ocr_par' dir='ltr' id='par_1_90' title="bbox 2158 2667 3748 2738">
     <span class='ocr_line' id='line_1_90' title="bbox 2158 2667 3748 2738; baseline 0.004 -16"><span class='ocrx_word' id='word_1_686' title='bbox 2158 2671 2443 2723; x_wconf 78' lang='lat' dir='ltr'>Praeterea</span> <span class='ocrx_word' id='word_1_687' title='bbox 2476 2667 2731 2738; x_wconf 88' lang='lat' dir='ltr'>septima</span> <span class='ocrx_word' id='word_1_688' title='bbox 2752 2685 2872 2726; x_wconf 83' lang='lat' dir='ltr'>vox</span> <span class='ocrx_word' id='word_1_689' title='bbox 2904 2687 3041 2726; x_wconf 90' lang='lat' dir='ltr'>cum</span> <span class='ocrx_word' id='word_1_690' title='bbox 3085 2668 3253 2726; x_wconf 88' lang='lat' dir='ltr'>tertia</span> <span class='ocrx_word' id='word_1_691' title='bbox 3298 2668 3359 2724; x_wconf 89' lang='lat' dir='ltr'>in</span> <span class='ocrx_word' id='word_1_692' title='bbox 3416 2669 3748 2729; x_wconf 79' lang='lat' dir='ltr'>elevatione</span> 
     </span>
    </p>
   </div>
   <div class='ocr_carea' id='block_1_91' title="bbox 2087 2757 3748 2830">
    <p class='ocr_par' dir='ltr' id='par_1_91' title="bbox 2087 2757 3748 2830">
     <span class='ocr_line' id='line_1_91' title="bbox 2087 2757 3748 2830; baseline 0.003 -19"><span class='ocrx_word' id='word_1_693' title='bbox 2087 2757 2413 2812; x_wconf 85' lang='lat' dir='ltr'>concordat</span> <span class='ocrx_word' id='word_1_694' title='bbox 2441 2775 2454 2825; x_wconf 91' lang='lat'>;</span> <span class='ocrx_word' id='word_1_695' title='bbox 2486 2761 2740 2830; x_wconf 88' lang='lat' dir='ltr'>utraque</span> <span class='ocrx_word' id='word_1_696' title='bbox 2770 2759 2931 2815; x_wconf 92' lang='lat' dir='ltr'>enim</span> <span class='ocrx_word' id='word_1_697' title='bbox 2959 2758 3201 2815; x_wconf 91' lang='lat' dir='ltr'>duobus</span> <span class='ocrx_word' id='word_1_698' title='bbox 3228 2757 3382 2814; x_wconf 87' lang='lat' dir='ltr'>tonis</span> <span class='ocrx_word' id='word_1_699' title='bbox 3425 2763 3483 2814; x_wconf 91' lang='lat' dir='ltr'>et</span> <span class='ocrx_word' id='word_1_700' title='bbox 3505 2757 3748 2816; x_wconf 81' lang='lat' dir='ltr'>semito-</span> 
     </span>
    </p>
   </div>
   <div class='ocr_carea' id='block_1_92' title="bbox 2086 2846 3748 2922">
    <p class='ocr_par' dir='ltr' id='par_1_92' title="bbox 2086 2846 3748 2922">
     <span class='ocr_line' id='line_1_92' title="bbox 2086 2846 3748 2922; baseline 0.002 -20"><span class='ocrx_word' id='word_1_701' title='bbox 2086 2847 2206 2913; x_wconf 91' lang='lat' dir='ltr'>nio,</span> <span class='ocrx_word' id='word_1_702' title='bbox 2237 2852 2292 2902; x_wconf 90' lang='lat' dir='ltr'>et</span> <span class='ocrx_word' id='word_1_703' title='bbox 2317 2847 2458 2902; x_wconf 90' lang='lat' dir='ltr'>item</span> <span class='ocrx_word' id='word_1_704' title='bbox 2488 2846 2729 2904; x_wconf 91' lang='lat' dir='ltr'>duobus</span> <span class='ocrx_word' id='word_1_705' title='bbox 2765 2850 2916 2905; x_wconf 88' lang='lat' dir='ltr'>tonis</span> <span class='ocrx_word' id='word_1_706' title='bbox 2948 2850 3274 2906; x_wconf 89' lang='lat' dir='ltr'>elevantur.</span> <span class='ocrx_word' id='word_1_707' title='bbox 3323 2848 3546 2905; x_wconf 85' lang='lat' dir='ltr'>Eadem</span> <span class='ocrx_word' id='word_1_708' title='bbox 3597 2865 3748 2922; x_wconf 83' lang='lat' dir='ltr'>quo-</span> 
     </span>
    </p>
   </div>
   <div class='ocr_carea' id='block_1_93' title="bbox 2085 2936 3749 3010">
    <p class='ocr_par' dir='ltr' id='par_1_93' title="bbox 2085 2936 3749 3010">
     <span class='ocr_line' id='line_1_93' title="bbox 2085 2936 3749 3010; baseline 0.003 -20"><span class='ocrx_word' id='word_1_709' title='bbox 2085 2953 2202 3008; x_wconf 90' lang='lat' dir='ltr'>que</span> <span class='ocrx_word' id='word_1_710' title='bbox 2235 2936 2490 3009; x_wconf 90' lang='lat' dir='ltr'>septima</span> <span class='ocrx_word' id='word_1_711' title='bbox 2520 2953 2658 2992; x_wconf 92' lang='lat' dir='ltr'>cum</span> <span class='ocrx_word' id='word_1_712' title='bbox 2690 2944 2908 3010; x_wconf 85' lang='lat' dir='ltr'>quarta</span> <span class='ocrx_word' id='word_1_713' title='bbox 2938 2938 3264 2995; x_wconf 80' lang='lat' dir='ltr'>concordat</span> <span class='ocrx_word' id='word_1_714' title='bbox 3307 2953 3433 2994; x_wconf 93' lang='lat' dir='ltr'>uno</span> <span class='ocrx_word' id='word_1_715' title='bbox 3482 2942 3627 2994; x_wconf 86' lang='lat' dir='ltr'>tono</span> <span class='ocrx_word' id='word_1_716' title='bbox 3683 2938 3749 2995; x_wconf 92' lang='lat' dir='ltr'>in</span> 
     </span>
    </p>
   </div>
   <div class='ocr_carea' id='block_1_94' title="bbox 2085 3027 3752 3101">
    <p class='ocr_par' dir='ltr' id='par_1_94' title="bbox 2085 3027 3752 3101">
     <span class='ocr_line' id='line_1_94' title="bbox 2085 3027 3752 3101; baseline 0.002 -19"><span class='ocrx_word' id='word_1_717' title='bbox 2085 3027 2430 3096; x_wconf 90' lang='lat' dir='ltr'>elevatione,</span> <span class='ocrx_word' id='word_1_718' title='bbox 2465 3032 2522 3084; x_wconf 87' lang='lat' dir='ltr'>et</span> <span class='ocrx_word' id='word_1_719' title='bbox 2549 3028 2609 3084; x_wconf 94' lang='lat' dir='ltr'>in</span> <span class='ocrx_word' id='word_1_720' title='bbox 2645 3027 3020 3101; x_wconf 88' lang='lat' dir='ltr'>depositione</span> <span class='ocrx_word' id='word_1_721' title='bbox 3050 3033 3194 3085; x_wconf 86' lang='lat' dir='ltr'>tono</span> <span class='ocrx_word' id='word_1_722' title='bbox 3222 3032 3280 3084; x_wconf 87' lang='lat' dir='ltr'>et</span> <span class='ocrx_word' id='word_1_723' title='bbox 3309 3027 3646 3100; x_wconf 89' lang='lat' dir='ltr'>semitonio,</span> <span class='ocrx_word' id='word_1_724' title='bbox 3692 3034 3752 3086; x_wconf 81' lang='lat' dir='ltr'>et</span> 
     </span>
    </p>
   </div>
   <div class='ocr_carea' id='block_1_95' title="bbox 2087 3117 3505 3191">
    <p class='ocr_par' dir='ltr' id='par_1_95' title="bbox 2087 3117 3505 3191">
     <span class='ocr_line' id='line_1_95' title="bbox 2087 3117 3505 3191; baseline 0.003 -20"><span class='ocrx_word' id='word_1_725' title='bbox 2087 3117 2328 3173; x_wconf 92' lang='lat' dir='ltr'>duobus</span> <span class='ocrx_word' id='word_1_726' title='bbox 2355 3117 2511 3173; x_wconf 88' lang='lat' dir='ltr'>tonis</span> <span class='ocrx_word' id='word_1_727' title='bbox 2540 3117 2602 3174; x_wconf 92' lang='lat' dir='ltr'>in</span> <span class='ocrx_word' id='word_1_728' title='bbox 2631 3123 2888 3191; x_wconf 89' lang='lat' dir='ltr'>utroque</span> <span class='ocrx_word' id='word_1_729' title='bbox 2912 3123 3188 3174; x_wconf 87' lang='lat' dir='ltr'>cantatur</span> <span class='ocrx_word' id='word_1_730' title='bbox 3218 3117 3505 3176; x_wconf 89' lang='lat' dir='ltr'>similiter.</span> 
     </span>
    </p>
   </div>
   <div class='ocr_carea' id='block_1_96' title="bbox 2156 3206 3748 3280">
    <p class='ocr_par' dir='ltr' id='par_1_96' title="bbox 2156 3206 3748 3280">
     <span class='ocr_line' id='line_1_96' title="bbox 2156 3206 3748 3280; baseline 0.004 -20"><span class='ocrx_word' id='word_1_731' title='bbox 2156 3206 2352 3262; x_wconf 90' lang='lat' dir='ltr'>Prima</span> <span class='ocrx_word' id='word_1_732' title='bbox 2399 3222 2643 3280; x_wconf 91' lang='lat' dir='ltr'>quoque</span> <span class='ocrx_word' id='word_1_733' title='bbox 2693 3224 2832 3263; x_wconf 92' lang='lat' dir='ltr'>cum</span> <span class='ocrx_word' id='word_1_734' title='bbox 2895 3207 3104 3279; x_wconf 86' lang='lat' dir='ltr'>quinta</span> <span class='ocrx_word' id='word_1_735' title='bbox 3133 3221 3345 3262; x_wconf 87' lang='lat' dir='ltr'>omnes</span> <span class='ocrx_word' id='word_1_736' title='bbox 3381 3207 3748 3280; x_wconf 75' lang='lat' dir='ltr'>depositivas</span> 
     </span>
    </p>
   </div>
   <div class='ocr_carea' id='block_1_97' title="bbox 2086 3295 3745 3368">
    <p class='ocr_par' dir='ltr' id='par_1_97' title="bbox 2086 3295 3745 3368">
     <span class='ocr_line' id='line_1_97' title="bbox 2086 3295 3745 3368; baseline 0.001 -17"><span class='ocrx_word' id='word_1_737' title='bbox 2086 3311 2340 3351; x_wconf 90' lang='lat' dir='ltr'>neumas</span> <span class='ocrx_word' id='word_1_738' title='bbox 2373 3296 2769 3352; x_wconf 89' lang='lat' dir='ltr'>communiter</span> <span class='ocrx_word' id='word_1_739' title='bbox 2798 3296 2975 3365; x_wconf 88' lang='lat' dir='ltr'>facit;</span> <span class='ocrx_word' id='word_1_740' title='bbox 3009 3295 3329 3368; x_wconf 90' lang='lat' dir='ltr'>deponitur</span> <span class='ocrx_word' id='word_1_741' title='bbox 3377 3297 3540 3352; x_wconf 86' lang='lat' dir='ltr'>enim</span> <span class='ocrx_word' id='word_1_742' title='bbox 3591 3295 3745 3354; x_wconf 89' lang='lat' dir='ltr'>duo-</span> 
     </span>
    </p>
   </div>
   <div class='ocr_carea' id='block_1_98' title="bbox 2086 3384 3748 3458">
    <p class='ocr_par' dir='ltr' id='par_1_98' title="bbox 2086 3384 3748 3458">
     <span class='ocr_line' id='line_1_98' title="bbox 2086 3384 3748 3458; baseline 0.001 -17"><span class='ocrx_word' id='word_1_743' title='bbox 2086 3385 2202 3441; x_wconf 92' lang='lat' dir='ltr'>bus</span> <span class='ocrx_word' id='word_1_744' title='bbox 2232 3385 2389 3451; x_wconf 88' lang='lat' dir='ltr'>tonis</span> <span class='ocrx_word' id='word_1_745' title='bbox 2419 3389 2476 3440; x_wconf 92' lang='lat' dir='ltr'>et</span> <span class='ocrx_word' id='word_1_746' title='bbox 2506 3385 2840 3442; x_wconf 90' lang='lat' dir='ltr'>semitonio.</span> <span class='ocrx_word' id='word_1_747' title='bbox 2891 3390 3098 3458; x_wconf 90' lang='lat' dir='ltr'>Itaque</span> <span class='ocrx_word' id='word_1_748' title='bbox 3152 3385 3246 3440; x_wconf 58' lang='lat' dir='ltr'>hae</span> <span class='ocrx_word' id='word_1_749' title='bbox 3293 3399 3470 3441; x_wconf 85' lang='lat' dir='ltr'>voces</span> <span class='ocrx_word' id='word_1_750' title='bbox 3527 3384 3748 3442; x_wconf 78' lang='lat' dir='ltr'>similes</span> 
     </span>
    </p>
   </div>
   <div class='ocr_carea' id='block_1_99' title="bbox 2087 3474 3748 3547">
    <p class='ocr_par' dir='ltr' id='par_1_99' title="bbox 2087 3474 3748 3547">
     <span class='ocr_line' id='line_1_99' title="bbox 2087 3474 3748 3547; baseline 0.001 -17"><span class='ocrx_word' id='word_1_751' title='bbox 2087 3474 2314 3530; x_wconf 90' lang='lat' dir='ltr'>faciunt</span> <span class='ocrx_word' id='word_1_752' title='bbox 2341 3491 2616 3546; x_wconf 90' lang='lat' dir='ltr'>neumas,</span> <span class='ocrx_word' id='word_1_753' title='bbox 2641 3474 2838 3547; x_wconf 90' lang='lat' dir='ltr'>prima</span> <span class='ocrx_word' id='word_1_754' title='bbox 2863 3491 3002 3531; x_wconf 91' lang='lat' dir='ltr'>cum</span> <span class='ocrx_word' id='word_1_755' title='bbox 3033 3478 3284 3547; x_wconf 84' lang='lat' dir='ltr'>quarta:</span> <span class='ocrx_word' id='word_1_756' title='bbox 3317 3475 3584 3532; x_wconf 70' lang='lat' dir='ltr'>secunda</span> <span class='ocrx_word' id='word_1_757' title='bbox 3606 3491 3748 3532; x_wconf 86' lang='lat' dir='ltr'>cum</span> 
     </span>
    </p>
   </div>
   <div class='ocr_carea' id='block_1_100' title="bbox 2086 3564 3749 3639">
    <p class='ocr_par' dir='ltr' id='par_1_100' title="bbox 2086 3564 3749 3639">
     <span class='ocr_line' id='line_1_100' title="bbox 2086 3564 3749 3639; baseline 0.001 -19"><span class='ocrx_word' id='word_1_758' title='bbox 2086 3564 2297 3638; x_wconf 90' lang='lat' dir='ltr'>quinta</span> <span class='ocrx_word' id='word_1_759' title='bbox 2331 3564 2543 3633; x_wconf 67' lang='lat' dir='ltr'>:tertia</span> <span class='ocrx_word' id='word_1_760' title='bbox 2575 3580 2716 3620; x_wconf 89' lang='lat' dir='ltr'>cum</span> <span class='ocrx_word' id='word_1_761' title='bbox 2739 3568 2905 3620; x_wconf 90' lang='lat' dir='ltr'>sexta</span> <span class='ocrx_word' id='word_1_762' title='bbox 2933 3581 2946 3634; x_wconf 90' lang='lat'><strong>;</strong></span> <span class='ocrx_word' id='word_1_763' title='bbox 2981 3564 3236 3636; x_wconf 90' lang='lat' dir='ltr'>septima</span> <span class='ocrx_word' id='word_1_764' title='bbox 3263 3580 3402 3620; x_wconf 88' lang='lat' dir='ltr'>cum</span> <span class='ocrx_word' id='word_1_765' title='bbox 3431 3565 3629 3639; x_wconf 89' lang='lat' dir='ltr'>prima</span> <span class='ocrx_word' id='word_1_766' title='bbox 3656 3564 3749 3622; x_wconf 81' lang='lat' dir='ltr'>vel</span> 
     </span>
    </p>
   </div>
   <div class='ocr_carea' id='block_1_101' title="bbox 2087 3642 3749 3726">
    <p class='ocr_par' dir='ltr' id='par_1_101' title="bbox 2087 3642 3749 3726">
     <span class='ocr_line' id='line_1_101' title="bbox 2087 3642 3749 3726; baseline 0.002 -18"><span class='ocrx_word' id='word_1_767' title='bbox 2087 3669 2226 3708; x_wconf 92' lang='lat' dir='ltr'>cum</span> <span class='ocrx_word' id='word_1_768' title='bbox 2258 3652 2448 3708; x_wconf 88' lang='lat' dir='ltr'>tertia.</span> <span class='ocrx_word' id='word_1_769' title='bbox 2483 3651 2655 3708; x_wconf 86' lang='lat' dir='ltr'>Nulla</span> <span class='ocrx_word' id='word_1_770' title='bbox 2679 3656 2879 3708; x_wconf 91' lang='lat' dir='ltr'>autem</span> <span class='ocrx_word' id='word_1_771' title='bbox 2905 3642 3026 3708; x_wconf 86' lang='lat' dir='ltr'>vox</span> <span class='ocrx_word' id='word_1_772' title='bbox 3056 3651 3213 3708; x_wconf 88' lang='lat' dir='ltr'>ultra</span> <span class='ocrx_word' id='word_1_773' title='bbox 3241 3657 3504 3726; x_wconf 88' lang='lat' dir='ltr'>quatuor</span> <span class='ocrx_word' id='word_1_774' title='bbox 3556 3653 3749 3711; x_wconf 75' lang='lat' dir='ltr'>eleva-</span> 
     </span>
    </p>
   </div>
   <div class='ocr_carea' id='block_1_102' title="bbox 2085 3741 3750 3817">
    <p class='ocr_par' dir='ltr' id='par_1_102' title="bbox 2085 3741 3750 3817">
     <span class='ocr_line' id='line_1_102' title="bbox 2085 3741 3750 3817; baseline 0.002 -19"><span class='ocrx_word' id='word_1_775' title='bbox 2085 3743 2275 3798; x_wconf 88' lang='lat' dir='ltr'>tiones</span> <span class='ocrx_word' id='word_1_776' title='bbox 2325 3741 2415 3798; x_wconf 89' lang='lat' dir='ltr'>vel</span> <span class='ocrx_word' id='word_1_777' title='bbox 2456 3741 2863 3814; x_wconf 92' lang='lat' dir='ltr'>depositiones</span> <span class='ocrx_word' id='word_1_778' title='bbox 2916 3742 3118 3812; x_wconf 88' lang='lat' dir='ltr'>habet,</span> <span class='ocrx_word' id='word_1_779' title='bbox 3177 3742 3322 3815; x_wconf 89' lang='lat' dir='ltr'>quia</span> <span class='ocrx_word' id='word_1_780' title='bbox 3363 3759 3487 3800; x_wconf 86' lang='lat' dir='ltr'>non</span> <span class='ocrx_word' id='word_1_781' title='bbox 3549 3747 3750 3817; x_wconf 90' lang='lat' dir='ltr'>potest</span> 
     </span>
    </p>
   </div>
   <div class='ocr_carea' id='block_1_103' title="bbox 2087 3829 3744 3904">
    <p class='ocr_par' dir='ltr' id='par_1_103' title="bbox 2087 3829 3744 3904">
     <span class='ocr_line' id='line_1_103' title="bbox 2087 3829 3744 3904; baseline 0.003 -20"><span class='ocrx_word' id='word_1_782' title='bbox 2087 3830 2323 3900; x_wconf 85' lang='lat' dir='ltr'>gravari</span> <span class='ocrx_word' id='word_1_783' title='bbox 2351 3829 2446 3884; x_wconf 91' lang='lat' dir='ltr'>vel</span> <span class='ocrx_word' id='word_1_784' title='bbox 2477 3831 2631 3899; x_wconf 90' lang='lat' dir='ltr'>acui,</span> <span class='ocrx_word' id='word_1_785' title='bbox 2659 3829 2774 3885; x_wconf 92' lang='lat' dir='ltr'>nisi</span> <span class='ocrx_word' id='word_1_786' title='bbox 2803 3830 2883 3886; x_wconf 91' lang='lat' dir='ltr'>ad</span> <span class='ocrx_word' id='word_1_787' title='bbox 2942 3829 3278 3886; x_wconf 87' lang='lat' dir='ltr'>secundum</span> <span class='ocrx_word' id='word_1_788' title='bbox 3341 3831 3438 3886; x_wconf 88' lang='lat' dir='ltr'>vel</span> <span class='ocrx_word' id='word_1_789' title='bbox 3490 3832 3744 3904; x_wconf 86' lang='lat' dir='ltr'>tertiam,</span> 
     </span>
    </p>
   </div>
   <div class='ocr_carea' id='block_1_104' title="bbox 2083 3917 3750 3991">
    <p class='ocr_par' dir='ltr' id='par_1_104' title="bbox 2083 3917 3750 3991">
     <span class='ocr_line' id='line_1_104' title="bbox 2083 3917 3750 3991; baseline 0.001 -18"><span class='ocrx_word' id='word_1_790' title='bbox 2083 3917 2177 3973; x_wconf 94' lang='lat' dir='ltr'>vel</span> <span class='ocrx_word' id='word_1_791' title='bbox 2228 3921 2507 3990; x_wconf 87' lang='lat' dir='ltr'>quartam</span> <span class='ocrx_word' id='word_1_792' title='bbox 2565 3917 2658 3972; x_wconf 91' lang='lat' dir='ltr'>vel</span> <span class='ocrx_word' id='word_1_793' title='bbox 2722 3918 2998 3989; x_wconf 89' lang='lat' dir='ltr'>quintam</span> <span class='ocrx_word' id='word_1_794' title='bbox 3087 3918 3421 3974; x_wconf 88' lang='lat' dir='ltr'>secundum</span> <span class='ocrx_word' id='word_1_795' title='bbox 3467 3934 3570 3975; x_wconf 86' lang='lat' dir='ltr'>sex</span> <span class='ocrx_word' id='word_1_796' title='bbox 3617 3935 3750 3991; x_wconf 86' lang='lat' dir='ltr'>spe-</span> 
     </span>
    </p>
   </div>
   <div class='ocr_carea' id='block_1_105' title="bbox 2088 4007 3749 4080">
    <p class='ocr_par' dir='ltr' id='par_1_105' title="bbox 2088 4007 3749 4080">
     <span class='ocr_line' id='line_1_105' title="bbox 2088 4007 3749 4080; baseline 0.002 -16"><span class='ocrx_word' id='word_1_797' title='bbox 2088 4008 2227 4078; x_wconf 91' lang='lat' dir='ltr'>cies,</span> <span class='ocrx_word' id='word_1_798' title='bbox 2278 4024 2432 4080; x_wconf 90' lang='lat' dir='ltr'>quas</span> <span class='ocrx_word' id='word_1_799' title='bbox 2484 4023 2667 4080; x_wconf 88' lang='lat' dir='ltr'>supra</span> <span class='ocrx_word' id='word_1_800' title='bbox 2725 4007 2868 4076; x_wconf 87' lang='lat' dir='ltr'>dixi,</span> <span class='ocrx_word' id='word_1_801' title='bbox 2949 4007 3012 4063; x_wconf 93' lang='lat' dir='ltr'>id</span> <span class='ocrx_word' id='word_1_802' title='bbox 3079 4011 3187 4076; x_wconf 88' lang='lat' dir='ltr'>est,</span> <span class='ocrx_word' id='word_1_803' title='bbox 3256 4013 3422 4077; x_wconf 90' lang='lat' dir='ltr'>tono,</span> <span class='ocrx_word' id='word_1_804' title='bbox 3511 4009 3749 4067; x_wconf 53' lang='lat' dir='ltr'>semitm</span> 
     </span>
    </p>
   </div>
   <div class='ocr_carea' id='block_1_106' title="bbox 2086 4096 3744 4173">
    <p class='ocr_par' dir='ltr' id='par_1_106' title="bbox 2086 4096 3744 4173">
     <span class='ocr_line' id='line_1_106' title="bbox 2086 4096 3744 4173; baseline 0.003 -20"><span class='ocrx_word' id='word_1_805' title='bbox 2086 4097 2209 4168; x_wconf 92' lang='lat' dir='ltr'>nio,</span> <span class='ocrx_word' id='word_1_806' title='bbox 2241 4097 2469 4167; x_wconf 88' lang='lat' dir='ltr'>ditono,</span> <span class='ocrx_word' id='word_1_807' title='bbox 2503 4096 2883 4165; x_wconf 90' lang='lat' dir='ltr'>semiditono,</span> <span class='ocrx_word' id='word_1_808' title='bbox 2913 4096 3286 4154; x_wconf 88' lang='lat' dir='ltr'>diatessaron</span> <span class='ocrx_word' id='word_1_809' title='bbox 3333 4102 3391 4154; x_wconf 85' lang='lat' dir='ltr'>et</span> <span class='ocrx_word' id='word_1_810' title='bbox 3444 4097 3744 4173; x_wconf 87' lang='lat' dir='ltr'>diapente.</span> 
     </span>
    </p>
   </div>
   <div class='ocr_carea' id='block_1_107' title="bbox 2087 4185 3750 4258">
    <p class='ocr_par' dir='ltr' id='par_1_107' title="bbox 2087 4185 3750 4258">
     <span class='ocr_line' id='line_1_107' title="bbox 2087 4185 3750 4258; baseline 0.003 -17"><span class='ocrx_word' id='word_1_811' title='bbox 2087 4189 2234 4241; x_wconf 87' lang='lat' dir='ltr'>Nam</span> <span class='ocrx_word' id='word_1_812' title='bbox 2263 4203 2402 4241; x_wconf 90' lang='lat' dir='ltr'>cum</span> <span class='ocrx_word' id='word_1_813' title='bbox 2433 4201 2549 4241; x_wconf 90' lang='lat' dir='ltr'>vox</span> <span class='ocrx_word' id='word_1_814' title='bbox 2578 4185 2780 4258; x_wconf 91' lang='lat' dir='ltr'>aliqua</span> <span class='ocrx_word' id='word_1_815' title='bbox 2801 4186 2878 4242; x_wconf 89' lang='lat' dir='ltr'>ad</span> <span class='ocrx_word' id='word_1_816' title='bbox 2924 4185 3258 4243; x_wconf 90' lang='lat' dir='ltr'>secundum</span> <span class='ocrx_word' id='word_1_817' title='bbox 3288 4193 3585 4258; x_wconf 89' lang='lat' dir='ltr'>movetur,</span> <span class='ocrx_word' id='word_1_818' title='bbox 3645 4194 3750 4246; x_wconf 86' lang='lat' dir='ltr'>aut</span> 
     </span>
    </p>
   </div>
   <div class='ocr_carea' id='block_1_108' title="bbox 2085 4277 3751 4350">
    <p class='ocr_par' dir='ltr' id='par_1_108' title="bbox 2085 4277 3751 4350">
     <span class='ocr_line' id='line_1_108' title="bbox 2085 4277 3751 4350; baseline 0.004 -19"><span class='ocrx_word' id='word_1_819' title='bbox 2085 4278 2152 4332; x_wconf 79' lang='lat' dir='ltr'>fit</span> <span class='ocrx_word' id='word_1_820' title='bbox 2173 4282 2333 4345; x_wconf 87' lang='lat' dir='ltr'>tono,</span> <span class='ocrx_word' id='word_1_821' title='bbox 2379 4277 2856 4348; x_wconf 88' lang='lat' dir='ltr'>autsemitonio;</span> <span class='ocrx_word' id='word_1_822' title='bbox 2891 4294 3030 4334; x_wconf 91' lang='lat' dir='ltr'>cum</span> <span class='ocrx_word' id='word_1_823' title='bbox 3056 4294 3199 4334; x_wconf 90' lang='lat' dir='ltr'>vero</span> <span class='ocrx_word' id='word_1_824' title='bbox 3230 4279 3308 4335; x_wconf 92' lang='lat' dir='ltr'>ad</span> <span class='ocrx_word' id='word_1_825' title='bbox 3358 4280 3611 4350; x_wconf 83' lang='lat' dir='ltr'>tertiam,</span> <span class='ocrx_word' id='word_1_826' title='bbox 3665 4281 3751 4337; x_wconf 86' lang='lat' dir='ltr'>di-</span> 
     </span>
    </p>
   </div>
   <div class='ocr_carea' id='block_1_109' title="bbox 2086 4367 3750 4444">
    <p class='ocr_par' dir='ltr' id='par_1_109' title="bbox 2086 4367 3750 4444">
     <span class='ocr_line' id='line_1_109' title="bbox 2086 4367 3750 4444; baseline 0.002 -21"><span class='ocrx_word' id='word_1_827' title='bbox 2086 4371 2229 4424; x_wconf 88' lang='lat' dir='ltr'>tono</span> <span class='ocrx_word' id='word_1_828' title='bbox 2260 4367 2356 4424; x_wconf 89' lang='lat' dir='ltr'>vel</span> <span class='ocrx_word' id='word_1_829' title='bbox 2408 4367 2788 4424; x_wconf 91' lang='lat' dir='ltr'>semiditono.</span> <span class='ocrx_word' id='word_1_830' title='bbox 2848 4367 2939 4422; x_wconf 82' lang='lat' dir='ltr'>Ad</span> <span class='ocrx_word' id='word_1_831' title='bbox 2991 4372 3272 4440; x_wconf 88' lang='lat' dir='ltr'>quartam</span> <span class='ocrx_word' id='word_1_832' title='bbox 3324 4371 3420 4426; x_wconf 89' lang='lat' dir='ltr'>vel</span> <span class='ocrx_word' id='word_1_833' title='bbox 3474 4370 3750 4444; x_wconf 84' lang='lat' dir='ltr'>quintam</span> 
     </span>
    </p>
   </div>
   <div class='ocr_carea' id='block_1_110' title="bbox 2088 4457 3749 4534">
    <p class='ocr_par' dir='ltr' id='par_1_110' title="bbox 2088 4457 3749 4534">
     <span class='ocr_line' id='line_1_110' title="bbox 2088 4457 3749 4534; baseline 0.001 -21"><span class='ocrx_word' id='word_1_834' title='bbox 2088 4474 2210 4514; x_wconf 93' lang='lat' dir='ltr'>non</span> <span class='ocrx_word' id='word_1_835' title='bbox 2237 4459 2305 4514; x_wconf 90' lang='lat' dir='ltr'>ﬁt</span> <span class='ocrx_word' id='word_1_836' title='bbox 2332 4457 2446 4513; x_wconf 92' lang='lat' dir='ltr'>nisi</span> <span class='ocrx_word' id='word_1_837' title='bbox 2475 4476 2584 4534; x_wconf 92' lang='lat' dir='ltr'>per</span> <span class='ocrx_word' id='word_1_838' title='bbox 2607 4459 2980 4514; x_wconf 86' lang='lat' dir='ltr'>diatessaron</span> <span class='ocrx_word' id='word_1_839' title='bbox 3017 4462 3074 4514; x_wconf 91' lang='lat' dir='ltr'>et</span> <span class='ocrx_word' id='word_1_840' title='bbox 3129 4459 3428 4532; x_wconf 90' lang='lat' dir='ltr'>diapente.</span> <span class='ocrx_word' id='word_1_841' title='bbox 3487 4459 3749 4530; x_wconf 86' lang='lat' dir='ltr'>Intellige</span> 
     </span>
    </p>
   </div>
   <div class='ocr_carea' id='block_1_111' title="bbox 2088 4545 3755 4621">
    <p class='ocr_par' dir='ltr' id='par_1_111' title="bbox 2088 4545 3755 4621">
     <span class='ocr_line' id='line_1_111' title="bbox 2088 4545 3755 4621; baseline 0.001 -19"><span class='ocrx_word' id='word_1_842' title='bbox 2088 4552 2398 4619; x_wconf 78' lang='lat' dir='ltr'>praeterea,</span> <span class='ocrx_word' id='word_1_843' title='bbox 2426 4548 2593 4621; x_wconf 90' lang='lat' dir='ltr'>quod</span> <span class='ocrx_word' id='word_1_844' title='bbox 2621 4547 2684 4603; x_wconf 91' lang='lat' dir='ltr'>in</span> <span class='ocrx_word' id='word_1_845' title='bbox 2716 4545 3015 4603; x_wconf 90' lang='lat' dir='ltr'>authentis</span> <span class='ocrx_word' id='word_1_846' title='bbox 3043 4546 3122 4602; x_wconf 89' lang='lat' dir='ltr'>ad</span> <span class='ocrx_word' id='word_1_847' title='bbox 3152 4552 3392 4604; x_wconf 89' lang='lat' dir='ltr'>octavas</span> <span class='ocrx_word' id='word_1_848' title='bbox 3449 4552 3663 4602; x_wconf 85' lang='lat' dir='ltr'>cantus</span> <span class='ocrx_word' id='word_1_849' title='bbox 3716 4563 3755 4604; x_wconf 75' lang='grc' dir='ltr'>θ,</span> 
     </span>
    </p>
   </div>
   <div class='ocr_carea' id='block_1_112' title="bbox 2088 4633 3750 4704">
    <p class='ocr_par' dir='ltr' id='par_1_112' title="bbox 2088 4633 3750 4704">
     <span class='ocr_line' id='line_1_112' title="bbox 2088 4633 3750 4704; baseline 0.001 -14"><span class='ocrx_word' id='word_1_850' title='bbox 2088 4653 2199 4693; x_wconf 89' lang='lat' dir='ltr'>sua</span> <span class='ocrx_word' id='word_1_851' title='bbox 2225 4637 2390 4693; x_wconf 84' lang='lat' dir='ltr'>ﬁnali</span> <span class='ocrx_word' id='word_1_852' title='bbox 2415 4654 2561 4693; x_wconf 90' lang='lat' dir='ltr'>voce</span> <span class='ocrx_word' id='word_1_853' title='bbox 2589 4636 2862 4693; x_wconf 91' lang='lat' dir='ltr'>ascendit</span> <span class='ocrx_word' id='word_1_854' title='bbox 2895 4654 2908 4704; x_wconf 92' lang='lat'>;</span> <span class='ocrx_word' id='word_1_855' title='bbox 2941 4635 3251 4691; x_wconf 88' lang='lat' dir='ltr'>descendit</span> <span class='ocrx_word' id='word_1_856' title='bbox 3277 4640 3477 4691; x_wconf 90' lang='lat' dir='ltr'>autem</span> <span class='ocrx_word' id='word_1_857' title='bbox 3507 4633 3750 4691; x_wconf 85' lang='lat' dir='ltr'>nonnisi</span> 
     </span>
    </p>
   </div>
   <div class='ocr_carea' id='block_1_113' title="bbox 2088 4723 3747 4796">
    <p class='ocr_par' dir='ltr' id='par_1_113' title="bbox 2088 4723 3747 4796">
     <span class='ocr_line' id='line_1_113' title="bbox 2088 4723 3747 4796; baseline -0.001 -14"><span class='ocrx_word' id='word_1_858' title='bbox 2088 4742 2208 4782; x_wconf 91' lang='lat' dir='ltr'>uno</span> <span class='ocrx_word' id='word_1_859' title='bbox 2255 4730 2396 4782; x_wconf 92' lang='lat' dir='ltr'>tono</span> <span class='ocrx_word' id='word_1_860' title='bbox 2445 4725 2557 4782; x_wconf 88' lang='lat' dir='ltr'>sub</span> <span class='ocrx_word' id='word_1_861' title='bbox 2601 4725 2786 4796; x_wconf 89' lang='lat' dir='ltr'>ﬁnali,</span> <span class='ocrx_word' id='word_1_862' title='bbox 2866 4728 3112 4796; x_wconf 82' lang='lat' dir='ltr'>excepto</span> <span class='ocrx_word' id='word_1_863' title='bbox 3162 4723 3316 4795; x_wconf 87' lang='lat' dir='ltr'>trito,</span> <span class='ocrx_word' id='word_1_864' title='bbox 3376 4723 3481 4796; x_wconf 90' lang='lat' dir='ltr'>qui</span> <span class='ocrx_word' id='word_1_865' title='bbox 3535 4739 3572 4779; x_wconf 89' lang='lat' dir='ltr'>a</span> <span class='ocrx_word' id='word_1_866' title='bbox 3637 4739 3747 4780; x_wconf 87' lang='lat' dir='ltr'>suo</span> 
     </span>
    </p>
   </div>
   <div class='ocr_carea' id='block_1_114' title="bbox 2085 4810 3751 4886">
    <p class='ocr_par' dir='ltr' id='par_1_114' title="bbox 2085 4810 3751 4886">
     <span class='ocr_line' id='line_1_114' title="bbox 2085 4810 3751 4886; baseline -0.001 -18"><span class='ocrx_word' id='word_1_867' title='bbox 2085 4813 2205 4870; x_wconf 88' lang='lat' dir='ltr'>ﬁne</span> <span class='ocrx_word' id='word_1_868' title='bbox 2270 4831 2392 4871; x_wconf 93' lang='lat' dir='ltr'>non</span> <span class='ocrx_word' id='word_1_869' title='bbox 2473 4814 2809 4886; x_wconf 90' lang='lat' dir='ltr'>deponitur,</span> <span class='ocrx_word' id='word_1_870' title='bbox 2885 4811 3028 4884; x_wconf 88' lang='lat' dir='ltr'>quia</span> <span class='ocrx_word' id='word_1_871' title='bbox 3095 4827 3217 4867; x_wconf 89' lang='lat' dir='ltr'>non</span> <span class='ocrx_word' id='word_1_872' title='bbox 3274 4811 3455 4867; x_wconf 91' lang='lat' dir='ltr'>habet</span> <span class='ocrx_word' id='word_1_873' title='bbox 3513 4810 3626 4866; x_wconf 90' lang='lat' dir='ltr'>sub</span> <span class='ocrx_word' id='word_1_874' title='bbox 3687 4827 3751 4868; x_wconf 85' lang='lat' dir='ltr'>se</span> 
     </span>
    </p>
   </div>
   <div class='ocr_carea' id='block_1_115' title="bbox 2086 4899 3755 4976">
    <p class='ocr_par' dir='ltr' id='par_1_115' title="bbox 2086 4899 3755 4976">
     <span class='ocr_line' id='line_1_115' title="bbox 2086 4899 3755 4976; baseline 0 -18"><span class='ocrx_word' id='word_1_875' title='bbox 2086 4907 2321 4976; x_wconf 91' lang='lat' dir='ltr'>tonum,</span> <span class='ocrx_word' id='word_1_876' title='bbox 2398 4904 2502 4959; x_wconf 92' lang='lat' dir='ltr'>sed</span> <span class='ocrx_word' id='word_1_877' title='bbox 2560 4902 2964 4958; x_wconf 90' lang='lat' dir='ltr'>semitonium.</span> <span class='ocrx_word' id='word_1_878' title='bbox 3035 4904 3098 4955; x_wconf 90' lang='lat' dir='ltr'>In</span> <span class='ocrx_word' id='word_1_879' title='bbox 3174 4899 3368 4972; x_wconf 88' lang='lat' dir='ltr'>plagis</span> <span class='ocrx_word' id='word_1_880' title='bbox 3435 4904 3635 4957; x_wconf 90' lang='lat' dir='ltr'>autem</span> <span class='ocrx_word' id='word_1_881' title='bbox 3715 4917 3755 4958; x_wconf 69' lang='grc' dir='ltr'>α</span> 
     </span>
    </p>
   </div>
   <div class='ocr_carea' id='block_1_116' title="bbox 2087 4987 3753 5063">
    <p class='ocr_par' dir='ltr' id='par_1_116' title="bbox 2087 4987 3753 5063">
     <span class='ocr_line' id='line_1_116' title="bbox 2087 4987 3753 5063; baseline -0.002 -14"><span class='ocrx_word' id='word_1_882' title='bbox 2087 4992 2254 5049; x_wconf 86' lang='lat' dir='ltr'>ﬁnali</span> <span class='ocrx_word' id='word_1_883' title='bbox 2279 5008 2425 5048; x_wconf 90' lang='lat' dir='ltr'>voce</span> <span class='ocrx_word' id='word_1_884' title='bbox 2468 4992 2544 5048; x_wconf 89' lang='lat' dir='ltr'>ad</span> <span class='ocrx_word' id='word_1_885' title='bbox 2576 4991 2850 5063; x_wconf 89' lang='lat' dir='ltr'>quintam</span> <span class='ocrx_word' id='word_1_886' title='bbox 2899 4987 3324 5044; x_wconf 89' lang='lat' dir='ltr'>descendimus</span> <span class='ocrx_word' id='word_1_887' title='bbox 3375 4992 3430 5046; x_wconf 89' lang='lat' dir='ltr'>et</span> <span class='ocrx_word' id='word_1_888' title='bbox 3477 4988 3753 5046; x_wconf 85' lang='lat' dir='ltr'>ascendi-</span> 
     </span>
    </p>
   </div>
   <div class='ocr_carea' id='block_1_117' title="bbox 2091 5075 3756 5152">
    <p class='ocr_par' dir='ltr' id='par_1_117' title="bbox 2091 5075 3756 5152">
     <span class='ocr_line' id='line_1_117' title="bbox 2091 5075 3756 5152; baseline -0.001 -16"><span class='ocrx_word' id='word_1_889' title='bbox 2091 5097 2248 5147; x_wconf 92' lang='lat' dir='ltr'>mus,</span> <span class='ocrx_word' id='word_1_890' title='bbox 2279 5079 2393 5135; x_wconf 92' lang='lat' dir='ltr'>nisi</span> <span class='ocrx_word' id='word_1_891' title='bbox 2415 5080 2504 5147; x_wconf 88' lang='lat' dir='ltr'>sit,</span> <span class='ocrx_word' id='word_1_892' title='bbox 2537 5079 2823 5152; x_wconf 78' lang='lat' dir='ltr'>prolixior</span> <span class='ocrx_word' id='word_1_893' title='bbox 2851 5080 3081 5144; x_wconf 87' lang='lat' dir='ltr'>cantus,</span> <span class='ocrx_word' id='word_1_894' title='bbox 3115 5075 3219 5148; x_wconf 90' lang='lat' dir='ltr'>qui</span> <span class='ocrx_word' id='word_1_895' title='bbox 3240 5075 3543 5148; x_wconf 88' lang='lat' dir='ltr'>plagalem</span> <span class='ocrx_word' id='word_1_896' title='bbox 3572 5076 3756 5151; x_wconf 88' lang='lat' dir='ltr'>depo-</span> 
     </span>
    </p>
   </div>
   <div class='ocr_carea' id='block_1_118' title="bbox 2094 5163 3753 5238">
    <p class='ocr_par' dir='ltr' id='par_1_118' title="bbox 2094 5163 3753 5238">
     <span class='ocr_line' id='line_1_118' title="bbox 2094 5163 3753 5238; baseline 0 -14"><span class='ocrx_word' id='word_1_897' title='bbox 2094 5169 2368 5224; x_wconf 87' lang='lat' dir='ltr'>sitionem</span> <span class='ocrx_word' id='word_1_898' title='bbox 2442 5171 2498 5223; x_wconf 91' lang='lat' dir='ltr'>et</span> <span class='ocrx_word' id='word_1_899' title='bbox 2570 5166 2977 5222; x_wconf 90' lang='lat' dir='ltr'>authenticam</span> <span class='ocrx_word' id='word_1_900' title='bbox 3030 5163 3424 5222; x_wconf 87' lang='lat' dir='ltr'>elevationem</span> <span class='ocrx_word' id='word_1_901' title='bbox 3510 5165 3753 5238; x_wconf 83' lang='lat' dir='ltr'>habeat,</span> 
     </span>
    </p>
   </div>
   <div class='ocr_carea' id='block_1_119' title="bbox 2093 5255 2911 5330">
    <p class='ocr_par' dir='ltr' id='par_1_119' title="bbox 2093 5255 2911 5330">
     <span class='ocr_line' id='line_1_119' title="bbox 2093 5255 2911 5330; baseline -0.004 -18"><span class='ocrx_word' id='word_1_902' title='bbox 2093 5257 2259 5330; x_wconf 90' lang='lat' dir='ltr'>quod</span> <span class='ocrx_word' id='word_1_903' title='bbox 2281 5262 2484 5312; x_wconf 87' lang='lat' dir='ltr'>tamen</span> <span class='ocrx_word' id='word_1_904' title='bbox 2504 5255 2806 5312; x_wconf 89' lang='lat' dir='ltr'>rarissime</span> <span class='ocrx_word' id='word_1_905' title='bbox 2826 5255 2911 5310; x_wconf 90' lang='lat' dir='ltr'>ﬁt.</span> 
     </span>
    </p>
   </div>
   <div class='ocr_carea' id='block_1_120' title="bbox 2165 5344 3760 5418">
    <p class='ocr_par' dir='ltr' id='par_1_120' title="bbox 2165 5344 3760 5418">
     <span class='ocr_line' id='line_1_120' title="bbox 2165 5344 3760 5418; baseline 0.001 -16"><span class='ocrx_word' id='word_1_906' title='bbox 2165 5345 2460 5418; x_wconf 90' lang='lat' dir='ltr'>Principia</span> <span class='ocrx_word' id='word_1_907' title='bbox 2482 5361 2727 5418; x_wconf 90' lang='lat' dir='ltr'>quoque</span> <span class='ocrx_word' id='word_1_908' title='bbox 2758 5348 3045 5402; x_wconf 90' lang='lat' dir='ltr'>cantuum</span> <span class='ocrx_word' id='word_1_909' title='bbox 3065 5344 3127 5401; x_wconf 93' lang='lat' dir='ltr'>in</span> <span class='ocrx_word' id='word_1_910' title='bbox 3148 5345 3433 5403; x_wconf 87' lang='lat' dir='ltr'>omnibus</span> <span class='ocrx_word' id='word_1_911' title='bbox 3459 5347 3574 5404; x_wconf 90' lang='lat' dir='ltr'>illis</span> <span class='ocrx_word' id='word_1_912' title='bbox 3603 5347 3760 5405; x_wconf 84' lang='lat' dir='ltr'>voci-</span> 
     </span>
    </p>
   </div>
   <div class='ocr_carea' id='block_1_121' title="bbox 2098 5436 3758 5510">
    <p class='ocr_par' dir='ltr' id='par_1_121' title="bbox 2098 5436 3758 5510">
     <span class='ocr_line' id='line_1_121' title="bbox 2098 5436 3758 5510; baseline 0.001 -18"><span class='ocrx_word' id='word_1_913' title='bbox 2098 5437 2214 5492; x_wconf 91' lang='lat' dir='ltr'>bus</span> <span class='ocrx_word' id='word_1_914' title='bbox 2245 5451 2375 5491; x_wconf 89' lang='lat' dir='ltr'>esse</span> <span class='ocrx_word' id='word_1_915' title='bbox 2404 5439 2680 5508; x_wconf 88' lang='lat' dir='ltr'>possunt,</span> <span class='ocrx_word' id='word_1_916' title='bbox 2713 5451 2848 5507; x_wconf 66' lang='lat' dir='ltr'>quae</span> <span class='ocrx_word' id='word_1_917' title='bbox 2904 5436 3233 5493; x_wconf 90' lang='lat' dir='ltr'>secundam</span> <span class='ocrx_word' id='word_1_918' title='bbox 3286 5436 3607 5510; x_wconf 66' lang='lat' dir='ltr'>praedictas</span> <span class='ocrx_word' id='word_1_919' title='bbox 3651 5453 3758 5493; x_wconf 82' lang='lat' dir='ltr'>sex</span> 
     </span>
    </p>
   </div>
   <div class='ocr_carea' id='block_1_122' title="bbox 2100 5523 3761 5599">
    <p class='ocr_par' dir='ltr' id='par_1_122' title="bbox 2100 5523 3761 5599">
     <span class='ocr_line' id='line_1_122' title="bbox 2100 5523 3761 5599; baseline 0 -17"><span class='ocrx_word' id='word_1_920' title='bbox 2100 5525 2539 5582; x_wconf 84' lang='lat' dir='ltr'>eonsonantias</span> <span class='ocrx_word' id='word_1_921' title='bbox 2561 5540 2702 5580; x_wconf 81' lang='lat' dir='ltr'>cum</span> <span class='ocrx_word' id='word_1_922' title='bbox 2730 5523 2898 5580; x_wconf 82' lang='lat' dir='ltr'>ﬁnali</span> <span class='ocrx_word' id='word_1_923' title='bbox 2928 5541 3076 5582; x_wconf 87' lang='lat' dir='ltr'>voce</span> <span class='ocrx_word' id='word_1_924' title='bbox 3101 5526 3486 5583; x_wconf 87' lang='lat' dir='ltr'>conveniunt.</span> <span class='ocrx_word' id='word_1_925' title='bbox 3523 5526 3577 5583; x_wconf 88' lang='lat' dir='ltr'>Si</span> <span class='ocrx_word' id='word_1_926' title='bbox 3635 5541 3761 5599; x_wconf 89' lang='lat' dir='ltr'>qua</span> 
     </span>
    </p>
   </div>
   <div class='ocr_carea' id='block_1_123' title="bbox 2116 5612 3762 5687">
    <p class='ocr_par' dir='ltr' id='par_1_123' title="bbox 2116 5612 3762 5687">
     <span class='ocr_line' id='line_1_123' title="bbox 2116 5612 3762 5687; baseline -0.004 -12"><span class='ocrx_word' id='word_1_927' title='bbox 2116 5616 2283 5675; x_wconf 86' lang='lat' dir='ltr'>aliter</span> <span class='ocrx_word' id='word_1_928' title='bbox 2307 5614 2622 5684; x_wconf 90' lang='lat' dir='ltr'>inveneris,</span> <span class='ocrx_word' id='word_1_929' title='bbox 2654 5631 2727 5672; x_wconf 88' lang='lat' dir='ltr'>ex</span> <span class='ocrx_word' id='word_1_930' title='bbox 2756 5613 2893 5687; x_wconf 86' lang='lat' dir='ltr'>ipsa</span> <span class='ocrx_word' id='word_1_931' title='bbox 2919 5614 3158 5673; x_wconf 85' lang='lat' dir='ltr'>raritate</span> <span class='ocrx_word' id='word_1_932' title='bbox 3205 5630 3555 5686; x_wconf 81' lang='lat' dir='ltr'>cognosces,</span> <span class='ocrx_word' id='word_1_933' title='bbox 3593 5612 3762 5687; x_wconf 83' lang='lat' dir='ltr'>quod</span> 
     </span>
    </p>
   </div>
  </div>
