3980 6176
284 140 380 193 431

1675 120 2005 185 GUIDONIS
2044 128 2322 182 ARE'I‘lNl

3522 115 3529 119 ’
3597 123 3704 177 II32

284 260 398 316 sint
421 260 769 315 auctoritate
798 258 1212 329 praesumpta;
1243 268 1364 309 non
1404 257 1604 310 autem
1650 257 1790 308 sunt
1845 268 1935 308 re-
1972 259 2020 313 A
2048 254 2151 307 tan
2180 254 2239 306 et
2266 248 2626 305 sufﬁcienter
2654 247 2950 321 aperiunt.
3010 245 3123 312 Qui
3170 248 3373 302 autem
3430 244 3702 301 curiosus

282 349 438 421 gulae
468 347 744 404 ﬁrmitate
773 344 1070 401 distincta.
1100 343 1251 400 lllud
1277 348 1476 400 autem
1506 345 1645 416 quis
1692 358 1815 399 non
1845 341 1936 397 in-

279 437 522 508 telligat,
550 434 719 509 quod
741 434 815 490 de
845 433 1095 489 vocibus
1120 433 1297 506 quasi
1339 432 1584 505 syllabae
1637 437 1694 488 et
1740 434 1936 504 partes

280 532 337 584 et
355 524 763 582 distinctiones
801 521 895 578 vel
917 538 1126 577 versus
1150 521 1353 578 ﬁunt?
1380 537 1518 594 quae
1547 520 1753 577 omnia
1786 519 1936 575 inter

280 631 344 671 se
371 612 628 669 invicem
654 610 807 667 mira
835 610 1120 667 suavitate
1150 610 1534 679 concordant,
1571 614 1800 665 tantum
1826 624 1933 663 sae-

277 719 353 777 pe
402 700 842 769 concordiores,
874 705 1170 772 quantum
1201 698 1532 755 similiores.

349 793 485 847 Haec
512 806 710 864 pauca
737 788 913 862 quasi
943 788 1004 844 in
1054 787 1373 860 prologum
1416 785 1829 860 Antiphonarii
1859 785 1933 841 de

276 879 601 937 modorum
660 883 715 933 et
760 892 1121 933 neumarum
1174 875 1431 932 formula
1484 874 1818 947 rhythmice
1876 879 1932 931 et

274 968 546 1043 prosaice
576 966 737 1024 dicta
769 965 1013 1022 musicae
1042 965 1184 1021 artis
1212 965 1431 1021 ostium
1460 963 1735 1032 breviter,
1768 963 1933 1020 forsi-

1063 1248 1913 1368 TitAiiTATUS

2046 338 2240 412 fuerit,
2266 339 2537 396 libellum
2588 342 2887 409 nostrum,
2942 336 3038 392 cui
3082 350 3307 393 nomen
3353 333 3704 403 Micrologus

2045 432 2156 500 est,
2189 433 2462 501 quaerat;
2496 428 2718 484 librum
2763 441 3009 500 quoque
3062 423 3465 491 Enchiridion,
3519 440 3700 497 quem

2042 518 2553 574 reverentissimus
2581 517 2751 575 Oddo
2794 514 2986 572 abbas
3036 512 3507 570 luculentissime
3536 529 3703 569 com-

2043 608 2264 681 posuit,
2295 607 2580 680 perlegat,
2614 606 2786 677 cujus
2814 603 3160 677 exemplum
3199 602 3258 658 in
3312 601 3454 658 solis
3495 602 3702 673 ﬁguris

2043 713 2331 754 sonorum
2363 696 2582 763 dimisi,
2616 695 2760 769 quia
2785 693 3048 767 parvulis
3092 692 3513 749 condescendi.
3558 695 3700 748 Boe-

2043 786 2191 842 tium
2215 786 2277 841 in
2296 786 2411 842 hoc
2431 801 2556 841 non
2578 799 2858 857 sequens,
2885 782 3058 853 cujus
3088 781 3238 837 liber
3262 796 3388 837 non
3443 781 3700 837 cantori-

2040 875 2175 943 bus,
2210 874 2320 932 sed
2345 875 2486 931 solis
2516 873 2892 948 philosophis
2930 871 3089 928 utilis
3113 874 3220 927 est.

2573 964 2847 1035 Explicit
2888 963 3159 1033 epistola.

2028 1249 2276 1369 GUI
2302 1247 2736 1370 DONlS
2796 1250 2921 1326 (3")

273 1464 924 1527 CORRECTURIUS
980 1462 1478 1525 MULTORUM
1535 1460 1988 1533 ERRORUM,
2044 1462 2188 1537 QUI
2242 1462 2498 1524 FIUNT
2549 1463 2632 1523 IN
2680 1462 2961 1525 CANTU
3008 1459 3560 1525 GREGORIANO
3603 1459 3688 1520 IN

1671 1567 1996 1631 MULTIS
2041 1568 2305 1631 LUCIS.

1334 1727 1443 1788 Ex
1473 1727 1601 1788 cod.
1652 1727 2038 1807 Tegernseen.
2071 1749 2205 1789 saec.
2241 1748 2359 1790 x1v
2389 1730 2483 1791 vel
2511 1749 2622 1790 xv.

340 2022 653 2079 Multorum
706 2020 1096 2077 considerans
1154 2036 1415 2076 errorem
1479 2025 1721 2077 coactus
1794 2037 1928 2076 sum
1970 2023 2009 2077 Β
2044 2024 2122 2078 Ea
2159 2021 2336 2090 igitur
2354 2020 2761 2094 proportione,
2811 2036 2935 2093 qua
2981 2019 3117 2093 quis
3170 2020 3367 2091 major
3401 2035 3694 2076 numerus

270 2111 532 2182 Gregorii
552 2115 822 2180 cantum,
848 2126 1030 2182 quem
1061 2109 1263 2165 multis
1287 2109 1348 2165 in
1376 2109 1520 2165 locis
1531 2109 1733 2182 plures
1749 2126 1923 2165 enor-

266 2200 440 2256 miter
465 2200 890 2272 depravarunt,
938 2198 1039 2253 Dei
1063 2197 1374 2268 juvamine
1403 2197 1554 2253 veris
1605 2197 1751 2266 suis,
1780 2197 1927 2254 ﬁna-

266 2288 427 2345 libus
460 2288 680 2345 scilicet
715 2288 903 2360 tropis
933 2287 1251 2343 adducere.
1286 2286 1549 2356 Cogitavi
1580 2287 1793 2343 dolens
1849 2287 1925 2343 de

267 2377 640 2434 diversorum
666 2377 727 2432 in
768 2377 950 2432 choro
977 2376 1371 2441 cavillatione,
1404 2375 1711 2432 credentes
1739 2393 1801 2433 se
1820 2392 1923 2433 ve-

266 2481 399 2522 ram
422 2464 645 2521 habere
674 2470 886 2521 cantus
917 2465 1192 2521 semitam
1218 2464 1367 2520 alter
1397 2464 1649 2520 alterum
1704 2465 1924 2537 injuste

267 2554 544 2628 maleque
574 2569 786 2611 canere
811 2554 1210 2627 reprehendit,
1237 2553 1626 2625 jactationem
1652 2571 1793 2611 vero
1820 2571 1923 2611 ve-

266 2644 455 2701 ritatis
485 2660 591 2699 seu
620 2643 906 2711 falsitatis,
940 2648 1117 2715 atque
1144 2648 1453 2715 troporum
1480 2642 1712 2714 ﬁnales,
1769 2661 1925 2717 quos

270 2748 449 2789 cerno
470 2731 725 2788 nimium
756 2731 1137 2804 depravatos,
1167 2730 1314 2786 alter
1338 2730 1505 2786 alteri
1524 2731 1773 2790 minime
1832 2749 1922 2790 se-

269 2821 538 2877 cundum
563 2819 807 2876 musicae
832 2820 1158 2892 practicam
1189 2819 1528 2889 assignans.

342 2909 629 2966 Multoties
695 2908 876 2964 etiam
929 2907 1091 2978 novi,
1133 2910 1298 2981 quod
1343 2926 1450 2982 per
1509 2911 1916 2983 quorumdam

266 2996 671 3068 ignorantiam
694 2995 914 3069 sepius
958 3000 1169 3053 cantus
1207 2997 1586 3070 depravatur,
1634 3001 1923 3072 quemad-

267 3084 521 3142 modum
553 3087 676 3140 tam
730 3084 931 3158 plures
982 3084 1276 3142 habemus
1327 3086 1708 3161 depravatos,
1768 3105 1922 3161 quos

265 3188 471 3241 revera
497 3172 740 3241 nonita,
773 3177 839 3229 ut
867 3189 1030 3231 nunc
1056 3174 1117 3230 in
1147 3174 1413 3231 ecclesiis
1435 3182 1680 3246 canunt,
1713 3177 1924 3233 modu-

263 3259 442 3317 lantis
475 3261 798 3317 auctoritas
857 3263 1121 3335 protulit,
1181 3262 1287 3319 sed
1342 3279 1544 3335 prava=
1602 3264 1919 3320 hominum

2032 2109 2330 2165 minorem
2362 2113 2625 2183 superat,
2656 2108 2751 2164 vel
2795 2108 2993 2164 minor
3045 2113 3360 2181 superatur
3396 2124 3431 2164 a
3460 2109 3693 2180 majore

2032 2197 2094 2254 in
2126 2197 2410 2268 gravitate
2439 2197 2731 2269 ejusdem,
2765 2202 2820 2253 et
2839 2197 2969 2268 ejus
3007 2196 3167 2253 vocis
3188 2196 3352 2270 prior
3382 2213 3566 2253 sonus
3595 2213 3695 2253 su-
3732 2239 3736 2243 .

2030 2292 2202 2361 perat
2230 2286 2642 2359 posteriorem,
2673 2285 2764 2342 vel
2792 2285 3083 2359 posterior
3114 2290 3431 2359 superatur
3459 2302 3495 2342 a
3533 2287 3695 2359 prio-

2030 2390 2113 2431 re.
2141 2376 2242 2431 Hic
2268 2379 2446 2431 tonus
2476 2374 2766 2445 contingit
2792 2390 2865 2430 ex
2895 2374 3145 2447 (sesqui)
3176 2379 3392 2431 octava
3422 2391 3679 2449 propor-

2031 2463 2213 2533 tione,
2241 2463 2344 2520 ubi
2366 2465 2562 2536 major
2585 2480 2893 2532 numerus,
2922 2469 2987 2520 ut
3006 2464 3135 2535 jam
3165 2463 3393 2520 dictum
3423 2469 3529 2532 est,
3580 2465 3695 2522 mi-

2031 2568 2242 2609 norem
2271 2556 2461 2609 totum
2485 2552 2546 2608 in
2572 2568 2633 2608 se
2654 2551 2935 2621 continet,
2962 2556 3018 2608 et
3046 2552 3178 2623 ejus
3231 2556 3506 2609 octavam
3554 2569 3693 2626 par-

2032 2645 2172 2708 tem,
2200 2645 2265 2697 ut
2293 2641 2669 2698 octonarium
2698 2640 3080 2696 novenarius.

2102 2729 2343 2787 Talibus
2422 2728 2931 2803 speculationibus
3015 2734 3340 2802 praesenter
3420 2731 3687 2802 omissis,

2031 2818 2211 2875 etiam
2243 2818 2591 2875 nominibus
2618 2818 2951 2892 appellatis,
2981 2818 3202 2875 scilicet
3226 2818 3693 2892 proslambano-

2031 2923 2264 2978 menos,
2291 2908 2515 2982 hypate
2540 2907 2832 2981 hypaton,
2864 2907 3005 2964 item
3034 2907 3291 2981 positive
3332 2907 3694 2965 declaratio-

2032 3012 2129 3068 ne,
2157 3001 2337 3068 prout
2389 2995 2716 3052 necessitas
2772 2996 3037 3069 requirit,
3086 3000 3438 3067 tantumque
3470 2994 3692 3052 missa-

2029 3101 2165 3141 rum
2197 3084 2672 3142 solemnitatibus
2709 3084 3108 3141 communiter
3130 3084 3475 3152 insistimus,
3501 3100 3689 3156 quem

2030 3172 2281 3229 Gradale
2313 3178 2521 3229 sancta
2544 3178 2736 3227 mater
2778 3173 3042 3245 appellat
3072 3173 3348 3241 Ecclesia,
3409 3187 3532 3228 non
3586 3172 3692 3228 ad-

2025 3265 2262 3317 vertens
2296 3261 2551 3316 multum
2608 3259 2944 3332 aliquarum
2999 3265 3279 3316 notarum
3329 3259 3695 3317 subtractio-

262 3365 441 3406 voces
470 3354 705 3407 motum
735 3351 923 3408 animi
954 3352 1044 3408 sui
1078 3351 1458 3424 sequentium
1486 3356 1641 3407 recte
1672 3368 1919 3424 compo-
1959 3374 1998 3429 ρ
2026 3364 2168 3405 nem
2196 3348 2291 3403 vel
2319 3347 2710 3416 additionem,
2743 3347 2850 3403 sed
2879 3347 3178 3420 quosdam
3233 3353 3466 3418 cantus,
3514 3349 3695 3421 quod

264 3439 376 3495 sita
404 3444 759 3511 pervertere,
787 3455 1186 3513 perversaque
1227 3438 1288 3493 in
1318 3454 1502 3493 usum
1557 3439 1921 3509 incorrigibi-

260 3526 379 3583 lem
411 3527 789 3584 deduxerunt
817 3527 992 3588 adeo,
1024 3531 1089 3579 ut
1112 3525 1242 3595 jam
1273 3525 1572 3596 pessimus
1615 3542 1761 3582 usus
1793 3542 1916 3582 ser-

259 3619 432 3671 vetur
459 3632 569 3689 pro
595 3613 941 3671 auctoritate
969 3616 1025 3666 et
1048 3615 1449 3667 conservetur.

335 3706 483 3762 Sunt
511 3703 688 3759 etiam
718 3697 987 3771 plerique
1013 3698 1209 3755 clerici
1238 3698 1333 3754 vel
1356 3700 1661 3767 monachi,
1692 3699 1797 3774 qui
1825 3715 1917 3756 ar-

258 3797 380 3850 tem
425 3789 668 3848 musicaa
713 3787 1167 3859 jucundissimaa
1214 3804 1411 3862 neque
1455 3789 1668 3858 sciunt,
1719 3805 1915 3862 neque

259 3882 408 3938 scire
434 3878 659 3948 volunt,
683 3882 741 3934 et
765 3877 931 3951 quod
962 3878 1205 3948 gravius
1237 3882 1346 3949 est,
1378 3878 1629 3935 scientes
1658 3879 1918 3936 refutant

258 3975 315 4027 et
343 3968 687 4037 abhorrent,
718 3971 776 4023 et
824 3967 987 4040 quod
1042 3967 1093 4023 si
1147 3967 1363 4041 aliquis
1392 3967 1659 4024 musicus
1712 3984 1814 4023 eos
1840 3968 1916 4025 de

257 4061 458 4125 cantu,
488 4071 671 4128 quem
700 4056 796 4112 vel
820 4071 943 4112 non
971 4056 1079 4112 rite
1133 4056 1229 4113 vel
1275 4056 1671 4128 incomposite
1719 4057 1913 4130 profe-

254 4150 414 4212 runt,
447 4144 786 4217 compellat,
809 4144 1191 4217 impudenter
1213 4145 1348 4202 irati
1373 4145 1745 4218 obstrepunt,
1804 4163 1915 4204 nec

254 4232 481 4290 veritati
500 4232 887 4305 adquiescere
915 4233 1144 4300 volunt,
1177 4250 1474 4306 suumque
1510 4249 1771 4290 errorem
1800 4250 1913 4291 suo

254 4321 573 4378 conamine
646 4321 994 4376 defendunt.
1072 4320 1300 4376 Talium
1343 4322 1523 4392 igitur
1573 4321 1909 4379 bestialitati

254 4426 392 4466 meo
416 4426 527 4483 pro
556 4424 733 4482 posse
763 4424 1107 4464 succurrere
1124 4409 1434 4481 proposui,
1466 4409 1675 4465 volens
1705 4426 1914 4482 quem-

251 4498 395 4556 libet
423 4503 667 4555 cantum
694 4514 803 4571 per
824 4513 927 4553 eos
956 4497 1359 4571 depravatum
1405 4496 1672 4553 terminis
1724 4499 1911 4556 musi-

2026 3436 2106 3492 ad
2131 3452 2274 3492 suos
2296 3451 2469 3492 veros
2497 3434 2711 3491 ﬁnales
2733 3451 2841 3491 seu
2868 3440 3072 3508 tropos
3096 3436 3425 3509 perducere
3455 3441 3688 3507 teneor,

2024 3524 2293 3580 titulabo.
2323 3526 2606 3581 Cantores
2636 3539 2777 3579 vero
2806 3528 2863 3579 et
2900 3523 3150 3580 lectores
3197 3524 3571 3596 hujusmodi,
3618 3531 3695 3584 ut

2022 3627 2147 3668 non
2177 3616 2580 3681 arrogantem,
2606 3611 2818 3682 rogito,
2842 3629 2938 3669 me
2971 3617 3201 3685 putent,
3242 3612 3348 3669 sed
3407 3628 3483 3669 ne
3536 3615 3693 3671 tanti

2025 3702 2281 3758 auctoris
2312 3702 2533 3775 positio
2574 3718 2682 3776 per
2709 3702 3137 3775 depravatores
3194 3702 3449 3759 totaliter
3476 3704 3695 3761 obfus-

2023 3795 2206 3859 cetur,
2235 3791 2393 3847 hanc
2418 3790 2846 3847 correctionem
2879 3795 2936 3846 et
2963 3791 3422 3863 productionem
3454 3791 3693 3866 aliqua-

2020 3879 2152 3936 liter
2176 3894 2627 3951 aggressurum.

2094 3969 2377 4027 Omnium
2405 3969 2655 4042 quidem
2685 3974 2970 4026 cantuum
2999 3969 3135 4026 libri
3181 3970 3447 4027 Gradalis
3499 3971 3690 4044 proli-

2021 4076 2168 4115 xum
2197 4063 2356 4115 esset
2375 4073 2637 4116 errorem
2664 4058 2931 4127 eradere,
2959 4074 3103 4115 nam
3145 4060 3397 4132 quidam
3426 4061 3489 4116 in
3544 4076 3689 4118 can-

2023 4152 2117 4203 tus
2145 4147 2505 4220 inceptione,
2537 4146 2632 4203 alii
2663 4147 2726 4203 in
2754 4146 2977 4217 medio,
3016 4146 3115 4203 alii
3166 4148 3226 4204 in
3292 4148 3433 4218 ﬁne,
3489 4148 3592 4206 alii
3621 4149 3687 4205 in

2020 4240 2333 4308 troporum
2352 4252 2458 4292 seu
2478 4235 2803 4292 modorum
2823 4236 3152 4294 elevatione
3173 4237 3686 4312 depressioneque

2019 4329 2229 4380 contra
2259 4324 2497 4394 regulas
2535 4324 2907 4380 musicorum
2931 4330 3349 4397 peccaverunt,
3384 4331 3447 4382 ut
3474 4326 3534 4382 in
3565 4328 3685 4384 hoc

2015 4412 2303 4470 introitu:
2336 4414 2608 4483 Populus
2655 4414 2821 4479 Sion,
2872 4429 3055 4486 quem
3107 4413 3375 4488 plerique
3429 4431 3467 4472 a
3512 4415 3685 4473 ﬁnali

2013 4502 2354 4575 inceptione
2379 4501 2441 4557 in
2461 4502 2739 4575 diapente
2758 4501 3009 4572 elevant,
3033 4502 3283 4575 quidam
3313 4503 3375 4559 in
3423 4521 3455 4561 c
3501 4510 3686 4562 acuto

252 4587 485 4645 calibus
516 4602 695 4643 suum
739 4586 816 4641 ad
867 4589 1130 4659 tropum,
1174 4600 1297 4641 non
1348 4585 1656 4642 vocabulis
1703 4588 1910 4657 graecis
2016 4594 2266 4647 sumunt
2306 4590 2690 4665 principium,
2750 4590 3001 4662 quidam
3046 4591 3109 4647 in
3159 4591 3251 4648 his
3292 4592 3681 4663 dictionibus,

252 4676 415 4736 velut
435 4674 861 4775 speculatione,
910 4674 1014 4731 sed
1046 4674 1303 4775 positiva
1361 4674 1703 4775 recitatione
1730 4677 1907 4733 redu-
1947 4720 1990 4775 Β
2016 4678 2275 4735 scilicet:
2318 4685 2373 4736 et
2402 4679 2673 4735 auditam
2725 4679 2930 4748 faciet,
2989 4678 3240 4736 diversis
3286 4680 3685 4739 modulantur

248 4782 400 4824 cere.
429 4765 629 4821 Plures
654 4764 873 4821 etenim
903 4770 1106 4837 tropos
1136 4763 1232 4819 vel
1253 4764 1467 4821 modos
1488 4770 1709 4822 vocant
1735 4771 1909 4824 tonos
1947 4763 1987 4775 ”
2021 4766 2242 4837 modis,
2274 4782 2382 4840 per
2427 4783 2610 4840 quem
2653 4782 2917 4824 errorem
2956 4766 3020 4823 in
3070 4784 3361 4840 magnam
3407 4771 3685 4844 pervenit

248 4871 403 4928 quos
434 4854 750 4923 Gregorius
801 4853 862 4908 in
922 4868 1030 4908 suo
1079 4851 1279 4908 libello
1310 4853 1560 4909 musicce
1604 4855 1911 4926 redarguit
2016 4856 2211 4913 dictus
2242 4855 2519 4912 introitus
2548 4855 2702 4929 tropi
2730 4856 2969 4929 septimi
2990 4856 3329 4914 falsitatem.
3379 4859 3555 4916 Juxta
3583 4875 3683 4916 re-

2015 4943 2186 5016 gulas
2215 4943 2587 5001 musicorum
2614 4944 2678 5000 in
2706 4944 2972 5016 practice
3013 4944 3441 5013 laborantium,
3496 4948 3686 5005 Theo-

2014 5032 2159 5105 geri,
2184 5036 2656 5106 caeterorumque
2677 5032 2839 5089 idem
2871 5033 3149 5091 lntroitus
3185 5034 3565 5110 incipiendus
3588 5040 3687 5095 est

2009 5121 2074 5177 in
2104 5124 2147 5177 G
2170 5122 2357 5193 gravi,
2398 5121 2740 5179 transiliens
2769 5122 2830 5179 in
2857 5121 3254 5192 diatessaron,
3287 5124 3413 5181 scil.
3475 5142 3507 5182 c
3536 5142 3683 5184 acu-

2012 5213 2160 5277 tum,
2192 5214 2250 5265 et
2271 5209 2354 5265 sic
2383 5210 2444 5265 in
2468 5209 2881 5284 heptachordo
2911 5222 3086 5267 acuto
3134 5212 3510 5270 modulanda
3567 5213 3680 5271 rite

2010 5303 2068 5354 et
2096 5297 2530 5354 rationabiliter
2554 5298 2615 5355 in
2645 5299 2756 5371 (35)
2786 5301 2825 5355 F
2849 5300 3017 5370 gravi
3048 5300 3253 5357 sedem
3305 5317 3479 5358 suam
3537 5317 3679 5375 per-

2008 5387 2173 5443 ducit
2200 5387 2277 5443 ad
2300 5385 2563 5445 ﬁnalem.

2008 5507 2313 5578 Theogero
2344 5514 2487 5565 sunt
2512 5510 2753 5566 inserta.

2083 5579 2195 5651 (35)
2226 5581 2298 5636 Μ
2314 5581 2376 5637 in
2402 5580 2452 5637 G
2475 5582 2671 5652 gravi.

248 4942 492 4999 dicens:
549 4942 875 4998 abusivum
938 4957 1066 4997 esse
1139 4945 1345 5014 tr0pos
1431 4947 1604 4999 tonos
1664 4960 1903 5018 vocare,

247 5032 572 5086 ostendens
592 5031 769 5087 etiam
789 5035 1026 5104 tropum
1050 5029 1167 5085 dici
1196 5046 1233 5086 a
1252 5033 1453 5087 Grteco
1481 5035 1706 5105 tropos,
1738 5033 1905 5105 quod

246 5116 665 5189 interpretatur
713 5135 1037 5174 conversus
1092 5118 1188 5174 vel
1240 5119 1568 5186 conversio,
1622 5136 1693 5175 eo
1736 5121 1904 5193 quod

244 5206 500 5277 quisque
533 5211 737 5277 tropus
780 5208 1063 5263 convertit
1116 5224 1177 5262 se
1230 5224 1265 5263 a
1320 5208 1544 5262 caeteris
1595 5208 1776 5282 tropis
1824 5210 1902 5266 ad

245 5308 386 5349 suas
414 5291 673 5362 regulas,
708 5297 764 5347 et
795 5293 873 5350 ad
899 5294 1176 5367 proprias
1234 5295 1462 5366 ﬁguras
1514 5295 1607 5353 vel
1661 5297 1896 5354 modos.

244 5385 312 5437 Et
340 5384 553 5436 tonum
585 5379 845 5436 afﬁrmat
893 5381 1009 5438 dici
1050 5399 1086 5439 a
1140 5383 1410 5441 tonando
1461 5390 1565 5441 aut
1602 5387 1897 5444 sonando.

244 5567 253 5576 _
313 5500 424 5576 (34)
446 5499 617 5576 Quod
650 5499 816 5576 si,put
842 5517 955 5556 ms.
987 5503 1397 5576 praaseferunt.
1446 5507 1535 5560 est
1577 5505 1896 5576 iGuidonis,

240 5569 663 5643 interpolatum
724 5574 924 5627 tamen
978 5569 1260 5644 produnt,
1315 5590 1451 5647 quae
1500 5575 1610 5631 col.
1661 5580 1763 5634 433
1825 5569 1898 5634 ei
