  <div class='ocr_page' id='page_1' title='image "/cluster/home/n/w/nwhite01/storage/ocr_20150623/141/hvd.32044054760012/222.png"; bbox 0 0 3986 6178; ppageno 0'>
   <div class='ocr_carea' id='block_1_1' title="bbox 285 217 380 271">
    <p class='ocr_par' dir='ltr' id='par_1_1' title="bbox 285 217 380 271">
     <span class='ocr_line' id='line_1_1' title="bbox 285 217 380 271; baseline -0.011 0"><span class='ocrx_word' id='word_1_1' title='bbox 285 217 380 271; x_wconf 72' lang='grc'>433</span> 
     </span>
    </p>
   </div>
   <div class='ocr_carea' id='block_1_2' title="bbox 1462 208 2560 274">
    <p class='ocr_par' dir='ltr' id='par_1_2' title="bbox 1462 208 2560 274">
     <span class='ocr_line' id='line_1_2' title="bbox 1462 208 2560 274; baseline 0.01 -10"><span class='ocrx_word' id='word_1_2' title='bbox 1462 208 1918 271; x_wconf 79' lang='lat' dir='ltr'>CORRECTOR.</span> <span class='ocrx_word' id='word_1_3' title='bbox 1961 214 2261 271; x_wconf 81' lang='lat' dir='ltr'>MULTOR.</span> <span class='ocrx_word' id='word_1_4' title='bbox 2306 218 2560 274; x_wconf 80' lang='lat' dir='ltr'>ER‘ROR.</span> 
     </span>
    </p>
   </div>
   <div class='ocr_carea' id='block_1_3' title="bbox 3636 228 3747 283">
    <p class='ocr_par' dir='ltr' id='par_1_3' title="bbox 3636 228 3747 283">
     <span class='ocr_line' id='line_1_3' title="bbox 3636 228 3747 283; baseline 0.036 -4"><span class='ocrx_word' id='word_1_5' title='bbox 3636 228 3747 283; x_wconf 76' lang='grc'>434</span> 
     </span>
    </p>
   </div>
   <div class='ocr_carea' id='block_1_4' title="bbox 351 334 3749 420">
    <p class='ocr_par' dir='ltr' id='par_1_4' title="bbox 351 334 3749 420">
     <span class='ocr_line' id='line_1_4' title="bbox 351 334 3749 420; baseline 0.004 -26"><span class='ocrx_word' id='word_1_6' title='bbox 351 336 642 394; x_wconf 87' lang='lat' dir='ltr'>Graduale</span> <span class='ocrx_word' id='word_1_7' title='bbox 687 339 803 406; x_wconf 80' lang='lat' dir='ltr'>Qui</span> <span class='ocrx_word' id='word_1_8' title='bbox 826 340 1005 396; x_wconf 83' lang='lat' dir='ltr'>sedes.</span> <span class='ocrx_word' id='word_1_9' title='bbox 1037 340 1137 395; x_wconf 88' lang='lat' dir='ltr'>Hic</span> <span class='ocrx_word' id='word_1_10' title='bbox 1165 339 1386 395; x_wconf 85' lang='lat' dir='ltr'>cantus</span> <span class='ocrx_word' id='word_1_11' title='bbox 1437 346 1473 387; x_wconf 92' lang='lat' dir='ltr'>a</span> <span class='ocrx_word' id='word_1_12' title='bbox 1500 334 1732 391; x_wconf 87' lang='lat' dir='ltr'>multis</span> <span class='ocrx_word' id='word_1_13' title='bbox 1756 336 1961 407; x_wconf 79' lang='lat' dir='ltr'>digno-</span> <span class='ocrx_word' id='word_1_14' title='bbox 1998 339 2046 393; x_wconf 83' lang='lat' dir='ltr'><strong>A</strong></span> <span class='ocrx_word' id='word_1_15' title='bbox 2074 341 2168 393; x_wconf 89' lang='lat' dir='ltr'>tur</span> <span class='ocrx_word' id='word_1_16' title='bbox 2195 339 2423 396; x_wconf 80' lang='lat' dir='ltr'>ratione</span> <span class='ocrx_word' id='word_1_17' title='bbox 2450 343 2760 415; x_wconf 69' lang='lat' dir='ltr'>prtelibata</span> <span class='ocrx_word' id='word_1_18' title='bbox 2784 354 2994 403; x_wconf 49' lang='lat' dir='ltr'>cuius</span> <span class='ocrx_word' id='word_1_19' title='bbox 3030 350 3261 420; x_wconf 81' lang='lat' dir='ltr'>Tollite,</span> <span class='ocrx_word' id='word_1_20' title='bbox 3296 354 3353 407; x_wconf 90' lang='lat' dir='ltr'>et</span> <span class='ocrx_word' id='word_1_21' title='bbox 3380 353 3749 408; x_wconf 61' lang='lat' dir='ltr'>cancrorum</span> 
     </span>
    </p>
   </div>
   <div class='ocr_carea' id='block_1_5' title="bbox 286 419 1965 499">
    <p class='ocr_par' dir='ltr' id='par_1_5' title="bbox 286 419 1965 499">
     <span class='ocr_line' id='line_1_5' title="bbox 286 419 1965 499; baseline -0.001 -18"><span class='ocrx_word' id='word_1_22' title='bbox 286 425 460 481; x_wconf 79' lang='lat' dir='ltr'>scitur</span> <span class='ocrx_word' id='word_1_23' title='bbox 482 424 869 498; x_wconf 89' lang='lat' dir='ltr'>depravatus,</span> <span class='ocrx_word' id='word_1_24' title='bbox 898 429 1112 485; x_wconf 87' lang='lat' dir='ltr'>scilicet</span> <span class='ocrx_word' id='word_1_25' title='bbox 1128 427 1186 483; x_wconf 90' lang='lat' dir='ltr'>in</span> <span class='ocrx_word' id='word_1_26' title='bbox 1202 419 1506 499; x_wconf 88' lang='lat' dir='ltr'>principio</span> <span class='ocrx_word' id='word_1_27' title='bbox 1536 426 1608 477; x_wconf 88' lang='lat' dir='ltr'>et</span> <span class='ocrx_word' id='word_1_28' title='bbox 1647 424 1713 480; x_wconf 91' lang='lat' dir='ltr'>in</span> <span class='ocrx_word' id='word_1_29' title='bbox 1740 426 1851 482; x_wconf 89' lang='lat' dir='ltr'>hac</span> <span class='ocrx_word' id='word_1_30' title='bbox 1879 425 1965 480; x_wconf 92' lang='lat' dir='ltr'>di-</span> 
     </span>
    </p>
   </div>
   <div class='ocr_carea' id='block_1_6' title="bbox 285 508 1965 588">
    <p class='ocr_par' dir='ltr' id='par_1_6' title="bbox 285 508 1965 588">
     <span class='ocr_line' id='line_1_6' title="bbox 285 508 1965 588; baseline 0 -19"><span class='ocrx_word' id='word_1_31' title='bbox 285 514 470 570; x_wconf 87' lang='lat' dir='ltr'>ctione</span> <span class='ocrx_word' id='word_1_32' title='bbox 517 530 721 585; x_wconf 81' lang='lat' dir='ltr'>super,</span> <span class='ocrx_word' id='word_1_33' title='bbox 750 532 889 588; x_wconf 73' lang='lat' dir='ltr'>quae</span> <span class='ocrx_word' id='word_1_34' title='bbox 934 516 1156 573; x_wconf 88' lang='lat' dir='ltr'>tetardo</span> <span class='ocrx_word' id='word_1_35' title='bbox 1194 508 1538 570; x_wconf 82' lang='lat' dir='ltr'>authentico</span> <span class='ocrx_word' id='word_1_36' title='bbox 1604 514 1965 572; x_wconf 83' lang='lat' dir='ltr'>naturaliter</span> 
     </span>
    </p>
   </div>
   <div class='ocr_carea' id='block_1_7' title="bbox 284 597 1961 675">
    <p class='ocr_par' dir='ltr' id='par_1_7' title="bbox 284 597 1961 675">
     <span class='ocr_line' id='line_1_7' title="bbox 284 597 1961 675; baseline -0.002 -15"><span class='ocrx_word' id='word_1_37' title='bbox 284 604 620 675; x_wconf 81' lang='lat' dir='ltr'>deputatur.</span> <span class='ocrx_word' id='word_1_38' title='bbox 659 607 723 659; x_wconf 87' lang='lat' dir='ltr'>In</span> <span class='ocrx_word' id='word_1_39' title='bbox 753 607 794 660; x_wconf 70' lang='grc' dir='ltr'><strong>Ρ</strong></span> <span class='ocrx_word' id='word_1_40' title='bbox 820 606 987 675; x_wconf 80' lang='lat' dir='ltr'>gravi</span> <span class='ocrx_word' id='word_1_41' title='bbox 1012 610 1068 662; x_wconf 90' lang='lat' dir='ltr'>et</span> <span class='ocrx_word' id='word_1_42' title='bbox 1094 605 1154 661; x_wconf 92' lang='lat' dir='ltr'>in</span> <span class='ocrx_word' id='word_1_43' title='bbox 1183 622 1212 661; x_wconf 91' lang='lat' dir='ltr'>c</span> <span class='ocrx_word' id='word_1_44' title='bbox 1235 603 1484 660; x_wconf 86' lang='lat' dir='ltr'>acutum</span> <span class='ocrx_word' id='word_1_45' title='bbox 1513 597 1805 660; x_wconf 81' lang='lat' dir='ltr'>elevatus</span> <span class='ocrx_word' id='word_1_46' title='bbox 1836 603 1961 659; x_wconf 88' lang='lat' dir='ltr'>sine</span> 
     </span>
    </p>
   </div>
   <div class='ocr_carea' id='block_1_8' title="bbox 284 686 1960 766">
    <p class='ocr_par' dir='ltr' id='par_1_8' title="bbox 284 686 1960 766">
     <span class='ocr_line' id='line_1_8' title="bbox 284 686 1960 766; baseline -0.002 -17"><span class='ocrx_word' id='word_1_47' title='bbox 284 691 469 749; x_wconf 88' lang='lat' dir='ltr'>dubio</span> <span class='ocrx_word' id='word_1_48' title='bbox 521 695 611 748; x_wconf 88' lang='lat' dir='ltr'>est</span> <span class='ocrx_word' id='word_1_49' title='bbox 651 692 1056 766; x_wconf 87' lang='lat' dir='ltr'>incipiendus,</span> <span class='ocrx_word' id='word_1_50' title='bbox 1094 699 1150 750; x_wconf 89' lang='lat' dir='ltr'>et</span> <span class='ocrx_word' id='word_1_51' title='bbox 1185 694 1315 750; x_wconf 66' lang='lat' dir='ltr'>hec</span> <span class='ocrx_word' id='word_1_52' title='bbox 1347 686 1585 763; x_wconf 83' lang='lat' dir='ltr'>syllaba</span> <span class='ocrx_word' id='word_1_53' title='bbox 1618 706 1695 747; x_wconf 87' lang='lat' dir='ltr'>su</span> <span class='ocrx_word' id='word_1_54' title='bbox 1726 708 1756 747; x_wconf 93' lang='lat' dir='ltr'>c</span> <span class='ocrx_word' id='word_1_55' title='bbox 1785 694 1960 747; x_wconf 91' lang='lat' dir='ltr'>acuto</span> 
     </span>
    </p>
   </div>
   <div class='ocr_carea' id='block_1_9' title="bbox 286 776 1960 854">
    <p class='ocr_par' dir='ltr' id='par_1_9' title="bbox 286 776 1960 854">
     <span class='ocr_line' id='line_1_9' title="bbox 286 776 1960 854; baseline -0.001 -18"><span class='ocrx_word' id='word_1_56' title='bbox 286 780 691 854; x_wconf 81' lang='lat' dir='ltr'>deputabitur,</span> <span class='ocrx_word' id='word_1_57' title='bbox 720 797 761 853; x_wconf 88' lang='lat' dir='ltr'>g</span> <span class='ocrx_word' id='word_1_58' title='bbox 799 786 1049 839; x_wconf 89' lang='lat' dir='ltr'>acutum</span> <span class='ocrx_word' id='word_1_59' title='bbox 1089 781 1383 854; x_wconf 82' lang='lat' dir='ltr'>gradatim</span> <span class='ocrx_word' id='word_1_60' title='bbox 1421 776 1707 852; x_wconf 82' lang='lat' dir='ltr'>visitans,</span> <span class='ocrx_word' id='word_1_61' title='bbox 1738 784 1804 836; x_wconf 91' lang='lat' dir='ltr'>ut</span> <span class='ocrx_word' id='word_1_62' title='bbox 1830 781 1960 835; x_wconf 72' lang='lat' dir='ltr'>haec</span> 
     </span>
    </p>
   </div>
   <div class='ocr_carea' id='block_1_10' title="bbox 288 870 1958 945">
    <p class='ocr_par' dir='ltr' id='par_1_10' title="bbox 288 870 1958 945">
     <span class='ocr_line' id='line_1_10' title="bbox 288 870 1958 945; baseline -0.001 -19"><span class='ocrx_word' id='word_1_63' title='bbox 288 870 523 943; x_wconf 86' lang='lat' dir='ltr'>syllaba</span> <span class='ocrx_word' id='word_1_64' title='bbox 558 886 674 941; x_wconf 81' lang='lat' dir='ltr'>per</span> <span class='ocrx_word' id='word_1_65' title='bbox 702 871 784 927; x_wconf 89' lang='lat' dir='ltr'>ab</span> <span class='ocrx_word' id='word_1_66' title='bbox 815 888 848 927; x_wconf 93' lang='lat' dir='ltr'>c</span> <span class='ocrx_word' id='word_1_67' title='bbox 880 877 1058 929; x_wconf 89' lang='lat' dir='ltr'>acuto</span> <span class='ocrx_word' id='word_1_68' title='bbox 1104 890 1140 929; x_wconf 91' lang='lat' dir='ltr'>a</span> <span class='ocrx_word' id='word_1_69' title='bbox 1187 876 1426 930; x_wconf 90' lang='lat' dir='ltr'>acutum</span> <span class='ocrx_word' id='word_1_70' title='bbox 1457 886 1650 927; x_wconf 87' lang='lat' dir='ltr'>suum</span> <span class='ocrx_word' id='word_1_71' title='bbox 1680 872 1958 945; x_wconf 88' lang='lat' dir='ltr'>diapente</span> 
     </span>
    </p>
   </div>
   <div class='ocr_carea' id='block_1_11' title="bbox 283 959 1960 1031">
    <p class='ocr_par' dir='ltr' id='par_1_11' title="bbox 283 959 1960 1031">
     <span class='ocr_line' id='line_1_11' title="bbox 283 959 1960 1031; baseline -0.001 -15"><span class='ocrx_word' id='word_1_72' title='bbox 283 959 629 1017; x_wconf 87' lang='lat' dir='ltr'>immediate</span> <span class='ocrx_word' id='word_1_73' title='bbox 656 960 885 1029; x_wconf 87' lang='lat' dir='ltr'>visitat,</span> <span class='ocrx_word' id='word_1_74' title='bbox 918 967 977 1018; x_wconf 88' lang='lat' dir='ltr'>et</span> <span class='ocrx_word' id='word_1_75' title='bbox 1017 961 1305 1019; x_wconf 89' lang='lat' dir='ltr'>artiﬁciali</span> <span class='ocrx_word' id='word_1_76' title='bbox 1347 977 1530 1017; x_wconf 86' lang='lat' dir='ltr'>cursu</span> <span class='ocrx_word' id='word_1_77' title='bbox 1578 963 1624 1016; x_wconf 69' lang='grc' dir='ltr'><strong>(ἶ</strong></span> <span class='ocrx_word' id='word_1_78' title='bbox 1658 977 1860 1031; x_wconf 87' lang='lat' dir='ltr'>grave,</span> <span class='ocrx_word' id='word_1_79' title='bbox 1894 963 1960 1015; x_wconf 91' lang='lat' dir='ltr'>ut</span> 
     </span>
    </p>
   </div>
   <div class='ocr_carea' id='block_1_12' title="bbox 286 1050 1807 1124">
    <p class='ocr_par' dir='ltr' id='par_1_12' title="bbox 286 1050 1807 1124">
     <span class='ocr_line' id='line_1_12' title="bbox 286 1050 1807 1124; baseline -0.001 -18"><span class='ocrx_word' id='word_1_80' title='bbox 286 1051 637 1107; x_wconf 88' lang='lat' dir='ltr'>authentum</span> <span class='ocrx_word' id='word_1_81' title='bbox 666 1050 863 1120; x_wconf 84' lang='lat' dir='ltr'>decet,</span> <span class='ocrx_word' id='word_1_82' title='bbox 892 1051 1141 1124; x_wconf 85' lang='lat' dir='ltr'>requirit</span> <span class='ocrx_word' id='word_1_83' title='bbox 1170 1056 1227 1108; x_wconf 88' lang='lat' dir='ltr'>et</span> <span class='ocrx_word' id='word_1_84' title='bbox 1248 1051 1456 1124; x_wconf 89' lang='lat' dir='ltr'>recipit</span> <span class='ocrx_word' id='word_1_85' title='bbox 1480 1067 1595 1124; x_wconf 91' lang='lat' dir='ltr'>pro</span> <span class='ocrx_word' id='word_1_86' title='bbox 1622 1050 1807 1107; x_wconf 88' lang='lat' dir='ltr'>ﬁnali.</span> 
     </span>
    </p>
   </div>
   <div class='ocr_carea' id='block_1_13' title="bbox 354 1139 1953 1212">
    <p class='ocr_par' dir='ltr' id='par_1_13' title="bbox 354 1139 1953 1212">
     <span class='ocr_line' id='line_1_13' title="bbox 354 1139 1953 1212; baseline 0 -17"><span class='ocrx_word' id='word_1_87' title='bbox 354 1139 651 1195; x_wconf 89' lang='lat' dir='ltr'>Graduale</span> <span class='ocrx_word' id='word_1_88' title='bbox 686 1140 908 1197; x_wconf 81' lang='lat' dir='ltr'>Tollite</span> <span class='ocrx_word' id='word_1_89' title='bbox 918 1147 1149 1210; x_wconf 84' lang='lat' dir='ltr'>portas.</span> <span class='ocrx_word' id='word_1_90' title='bbox 1178 1141 1365 1212; x_wconf 89' lang='lat' dir='ltr'>Hujus</span> <span class='ocrx_word' id='word_1_91' title='bbox 1385 1144 1600 1196; x_wconf 91' lang='lat' dir='ltr'>cantus</span> <span class='ocrx_word' id='word_1_92' title='bbox 1620 1139 1953 1196; x_wconf 85' lang='lat' dir='ltr'>modulatio</span> 
     </span>
    </p>
   </div>
   <div class='ocr_carea' id='block_1_14' title="bbox 284 1228 1951 1304">
    <p class='ocr_par' dir='ltr' id='par_1_14' title="bbox 284 1228 1951 1304">
     <span class='ocr_line' id='line_1_14' title="bbox 284 1228 1951 1304; baseline -0.001 -19"><span class='ocrx_word' id='word_1_93' title='bbox 284 1229 359 1285; x_wconf 88' lang='lat' dir='ltr'>ab</span> <span class='ocrx_word' id='word_1_94' title='bbox 386 1228 586 1285; x_wconf 85' lang='lat' dir='ltr'>idiotis</span> <span class='ocrx_word' id='word_1_95' title='bbox 610 1228 941 1300; x_wconf 89' lang='lat' dir='ltr'>magniﬁce</span> <span class='ocrx_word' id='word_1_96' title='bbox 971 1229 1335 1304; x_wconf 89' lang='lat' dir='ltr'>depravatus</span> <span class='ocrx_word' id='word_1_97' title='bbox 1364 1229 1771 1299; x_wconf 79' lang='lat' dir='ltr'>cognoscitur.</span> <span class='ocrx_word' id='word_1_98' title='bbox 1802 1232 1951 1284; x_wconf 88' lang='lat' dir='ltr'>Nam</span> 
     </span>
    </p>
   </div>
   <div class='ocr_carea' id='block_1_15' title="bbox 283 1317 1950 1393">
    <p class='ocr_par' dir='ltr' id='par_1_15' title="bbox 283 1317 1950 1393">
     <span class='ocr_line' id='line_1_15' title="bbox 283 1317 1950 1393; baseline -0.001 -18"><span class='ocrx_word' id='word_1_99' title='bbox 283 1335 420 1375; x_wconf 89' lang='lat' dir='ltr'>cum</span> <span class='ocrx_word' id='word_1_100' title='bbox 445 1317 553 1375; x_wconf 90' lang='lat' dir='ltr'>iste</span> <span class='ocrx_word' id='word_1_101' title='bbox 582 1323 801 1375; x_wconf 88' lang='lat' dir='ltr'>cantus</span> <span class='ocrx_word' id='word_1_102' title='bbox 845 1318 923 1374; x_wconf 89' lang='lat' dir='ltr'>sit</span> <span class='ocrx_word' id='word_1_103' title='bbox 951 1319 1104 1391; x_wconf 87' lang='lat' dir='ltr'>proti</span> <span class='ocrx_word' id='word_1_104' title='bbox 1147 1318 1421 1393; x_wconf 89' lang='lat' dir='ltr'>plagalis,</span> <span class='ocrx_word' id='word_1_105' title='bbox 1452 1319 1636 1389; x_wconf 88' lang='lat' dir='ltr'>hujus</span> <span class='ocrx_word' id='word_1_106' title='bbox 1664 1317 1950 1389; x_wconf 91' lang='lat' dir='ltr'>inceptio-</span> 
     </span>
    </p>
   </div>
   <div class='ocr_carea' id='block_1_16' title="bbox 281 1406 1949 1483">
    <p class='ocr_par' dir='ltr' id='par_1_16' title="bbox 281 1406 1949 1483">
     <span class='ocr_line' id='line_1_16' title="bbox 281 1406 1949 1483; baseline -0.002 -19"><span class='ocrx_word' id='word_1_107' title='bbox 281 1423 419 1464; x_wconf 89' lang='lat' dir='ltr'>nem</span> <span class='ocrx_word' id='word_1_108' title='bbox 469 1411 723 1483; x_wconf 90' lang='lat' dir='ltr'>sumunt</span> <span class='ocrx_word' id='word_1_109' title='bbox 779 1406 843 1463; x_wconf 93' lang='lat' dir='ltr'>in</span> <span class='ocrx_word' id='word_1_110' title='bbox 896 1408 939 1463; x_wconf 90' lang='lat' dir='ltr'><strong>G</strong></span> <span class='ocrx_word' id='word_1_111' title='bbox 991 1408 1176 1476; x_wconf 83' lang='lat' dir='ltr'>gravi,</span> <span class='ocrx_word' id='word_1_112' title='bbox 1231 1413 1294 1464; x_wconf 91' lang='lat' dir='ltr'>ut</span> <span class='ocrx_word' id='word_1_113' title='bbox 1349 1422 1616 1480; x_wconf 80' lang='lat' dir='ltr'>praesens</span> <span class='ocrx_word' id='word_1_114' title='bbox 1662 1406 1949 1477; x_wconf 90' lang='lat' dir='ltr'>graduale</span> 
     </span>
    </p>
   </div>
   <div class='ocr_carea' id='block_1_17' title="bbox 284 1494 1951 1567">
    <p class='ocr_par' dir='ltr' id='par_1_17' title="bbox 284 1494 1951 1567">
     <span class='ocr_line' id='line_1_17' title="bbox 284 1494 1951 1567; baseline -0.001 -16"><span class='ocrx_word' id='word_1_115' title='bbox 284 1495 515 1561; x_wconf 76' lang='lat' dir='ltr'>Tollite,</span> <span class='ocrx_word' id='word_1_116' title='bbox 546 1494 641 1550; x_wconf 86' lang='lat' dir='ltr'>vel</span> <span class='ocrx_word' id='word_1_117' title='bbox 686 1494 749 1550; x_wconf 91' lang='lat' dir='ltr'><strong>in</strong></span> <span class='ocrx_word' id='word_1_118' title='bbox 784 1496 827 1550; x_wconf 87' lang='lat' dir='ltr'>E</span> <span class='ocrx_word' id='word_1_119' title='bbox 863 1495 1052 1563; x_wconf 86' lang='lat' dir='ltr'>gravi,</span> <span class='ocrx_word' id='word_1_120' title='bbox 1088 1501 1154 1551; x_wconf 91' lang='lat' dir='ltr'>ut</span> <span class='ocrx_word' id='word_1_121' title='bbox 1181 1496 1295 1552; x_wconf 92' lang='lat' dir='ltr'>hoc</span> <span class='ocrx_word' id='word_1_122' title='bbox 1349 1494 1679 1567; x_wconf 88' lang='lat' dir='ltr'>graduale:</span> <span class='ocrx_word' id='word_1_123' title='bbox 1725 1496 1796 1551; x_wconf 86' lang='lat' dir='ltr'>In</span> <span class='ocrx_word' id='word_1_124' title='bbox 1827 1496 1951 1551; x_wconf 87' lang='lat' dir='ltr'>sole</span> 
     </span>
    </p>
   </div>
   <div class='ocr_carea' id='block_1_18' title="bbox 275 1585 1946 1659">
    <p class='ocr_par' dir='ltr' id='par_1_18' title="bbox 275 1585 1946 1659">
     <span class='ocr_line' id='line_1_18' title="bbox 275 1585 1946 1659; baseline 0 -18"><span class='ocrx_word' id='word_1_125' title='bbox 275 1589 496 1659; x_wconf 79' lang='lat' dir='ltr'>posuit,</span> <span class='ocrx_word' id='word_1_126' title='bbox 529 1603 669 1642; x_wconf 91' lang='lat' dir='ltr'>cum</span> <span class='ocrx_word' id='word_1_127' title='bbox 700 1586 905 1658; x_wconf 86' lang='lat' dir='ltr'>potius</span> <span class='ocrx_word' id='word_1_128' title='bbox 935 1586 997 1641; x_wconf 92' lang='lat' dir='ltr'><strong>in</strong></span> <span class='ocrx_word' id='word_1_129' title='bbox 1035 1592 1083 1642; x_wconf 77' lang='grc' dir='ltr'>Α</span> <span class='ocrx_word' id='word_1_130' title='bbox 1111 1587 1280 1657; x_wconf 87' lang='lat' dir='ltr'>gravi</span> <span class='ocrx_word' id='word_1_131' title='bbox 1316 1587 1412 1643; x_wconf 87' lang='lat' dir='ltr'>vel</span> <span class='ocrx_word' id='word_1_132' title='bbox 1438 1590 1502 1643; x_wconf 91' lang='lat' dir='ltr'><strong>in</strong></span> <span class='ocrx_word' id='word_1_133' title='bbox 1549 1589 1591 1642; x_wconf 84' lang='grc' dir='ltr'>Ι)</span> <span class='ocrx_word' id='word_1_134' title='bbox 1631 1585 1794 1658; x_wconf 88' lang='lat' dir='ltr'>gravi</span> <span class='ocrx_word' id='word_1_135' title='bbox 1845 1603 1946 1641; x_wconf 91' lang='lat' dir='ltr'>su-</span> 
     </span>
    </p>
   </div>
   <div class='ocr_carea' id='block_1_19' title="bbox 2072 428 2835 507">
    <p class='ocr_par' dir='ltr' id='par_1_19' title="bbox 2072 428 2835 507">
     <span class='ocr_line' id='line_1_19' title="bbox 2072 428 2835 507; baseline 0.013 -25"><span class='ocrx_word' id='word_1_136' title='bbox 2072 428 2423 499; x_wconf 88' lang='lat' dir='ltr'>hujusmodi</span> <span class='ocrx_word' id='word_1_137' title='bbox 2455 435 2835 507; x_wconf 81' lang='lat' dir='ltr'>symphonia.</span> 
     </span>
    </p>
   </div>
   <div class='ocr_carea' id='block_1_20' title="bbox 2144 519 3754 597">
    <p class='ocr_par' dir='ltr' id='par_1_20' title="bbox 2144 519 3754 597">
     <span class='ocr_line' id='line_1_20' title="bbox 2144 519 3754 597; baseline 0.012 -25"><span class='ocrx_word' id='word_1_138' title='bbox 2144 519 2319 575; x_wconf 88' lang='lat' dir='ltr'>Grad.</span> <span class='ocrx_word' id='word_1_139' title='bbox 2352 520 2601 579; x_wconf 86' lang='lat' dir='ltr'>Salvum</span> <span class='ocrx_word' id='word_1_140' title='bbox 2627 524 2734 592; x_wconf 83' lang='lat' dir='ltr'>fac</span> <span class='ocrx_word' id='word_1_141' title='bbox 2761 542 2817 580; x_wconf 67' lang='lat' dir='ltr'>se</span> <span class='ocrx_word' id='word_1_142' title='bbox 2848 545 2857 549; x_wconf 48' lang='grc' dir='ltr'><strong><em>η</em></strong></span> <span class='ocrx_word' id='word_1_143' title='bbox 2889 543 3021 583; x_wconf 58' lang='lat' dir='ltr'>“xm.</span> <span class='ocrx_word' id='word_1_144' title='bbox 3051 528 3307 594; x_wconf 87' lang='lat' dir='ltr'>Quidam</span> <span class='ocrx_word' id='word_1_145' title='bbox 3335 529 3457 586; x_wconf 92' lang='lat' dir='ltr'>hoc</span> <span class='ocrx_word' id='word_1_146' title='bbox 3499 528 3754 597; x_wconf 83' lang='lat' dir='ltr'>gradale</span> 
     </span>
    </p>
   </div>
   <div class='ocr_carea' id='block_1_21' title="bbox 2072 606 3754 692">
    <p class='ocr_par' dir='ltr' id='par_1_21' title="bbox 2072 606 3754 692">
     <span class='ocr_line' id='line_1_21' title="bbox 2072 606 3754 692; baseline 0.012 -32"><span class='ocrx_word' id='word_1_147' title='bbox 2072 606 2131 661; x_wconf 91' lang='lat' dir='ltr'>in</span> <span class='ocrx_word' id='word_1_148' title='bbox 2181 610 2220 663; x_wconf 84' lang='lat' dir='ltr'><strong>F</strong></span> <span class='ocrx_word' id='word_1_149' title='bbox 2248 610 2419 678; x_wconf 85' lang='lat' dir='ltr'>gravi</span> <span class='ocrx_word' id='word_1_150' title='bbox 2460 609 2772 685; x_wconf 88' lang='lat' dir='ltr'>incipiunt,</span> <span class='ocrx_word' id='word_1_151' title='bbox 2804 622 2853 669; x_wconf 63' lang='lat' dir='ltr'>ei</span> <span class='ocrx_word' id='word_1_152' title='bbox 2896 617 3233 686; x_wconf 88' lang='lat' dir='ltr'>cnormiter,</span> <span class='ocrx_word' id='word_1_153' title='bbox 3264 633 3403 675; x_wconf 92' lang='lat' dir='ltr'>cum</span> <span class='ocrx_word' id='word_1_154' title='bbox 3450 620 3626 692; x_wconf 88' lang='lat' dir='ltr'>proti</span> <span class='ocrx_word' id='word_1_155' title='bbox 3680 625 3754 684; x_wconf 87' lang='lat' dir='ltr'>sit</span> 
     </span>
    </p>
   </div>
   <div class='ocr_carea' id='block_1_22' title="bbox 2071 697 3750 778">
    <p class='ocr_par' dir='ltr' id='par_1_22' title="bbox 2071 697 3750 778">
     <span class='ocr_line' id='line_1_22' title="bbox 2071 697 3750 778; baseline 0.013 -27"><span class='ocrx_word' id='word_1_156' title='bbox 2071 697 2361 763; x_wconf 88' lang='lat' dir='ltr'>authenti,</span> <span class='ocrx_word' id='word_1_157' title='bbox 2391 699 2451 754; x_wconf 91' lang='lat' dir='ltr'><strong>in</strong></span> <span class='ocrx_word' id='word_1_158' title='bbox 2503 716 2537 755; x_wconf 88' lang='lat' dir='ltr'>a</span> <span class='ocrx_word' id='word_1_159' title='bbox 2592 706 2766 757; x_wconf 91' lang='lat' dir='ltr'>acuto</span> <span class='ocrx_word' id='word_1_160' title='bbox 2814 703 3047 759; x_wconf 68' lang='lat' dir='ltr'>ﬁniunt.</span> <span class='ocrx_word' id='word_1_161' title='bbox 3083 706 3192 771; x_wconf 85' lang='lat' dir='ltr'>Qui</span> <span class='ocrx_word' id='word_1_162' title='bbox 3236 707 3504 778; x_wconf 88' lang='lat' dir='ltr'>quidem</span> <span class='ocrx_word' id='word_1_163' title='bbox 3552 707 3750 773; x_wconf 86' lang='lat' dir='ltr'>ﬁnalis</span> 
     </span>
    </p>
   </div>
   <div class='ocr_carea' id='block_1_23' title="bbox 2068 792 3747 869">
    <p class='ocr_par' dir='ltr' id='par_1_23' title="bbox 2068 792 3747 869">
     <span class='ocr_line' id='line_1_23' title="bbox 2068 792 3747 869; baseline 0.013 -28"><span class='ocrx_word' id='word_1_164' title='bbox 2068 792 2156 842; x_wconf 90' lang='lat' dir='ltr'>est</span> <span class='ocrx_word' id='word_1_165' title='bbox 2205 794 2411 846; x_wconf 88' lang='lat' dir='ltr'>contra</span> <span class='ocrx_word' id='word_1_166' title='bbox 2455 807 2665 846; x_wconf 88' lang='lat' dir='ltr'>omnes</span> <span class='ocrx_word' id='word_1_167' title='bbox 2712 793 3011 860; x_wconf 52' lang='lat' dir='ltr'>musicos;</span> <span class='ocrx_word' id='word_1_168' title='bbox 3065 798 3122 849; x_wconf 90' lang='lat' dir='ltr'>et</span> <span class='ocrx_word' id='word_1_169' title='bbox 3150 794 3378 869; x_wconf 90' lang='lat' dir='ltr'>absque</span> <span class='ocrx_word' id='word_1_170' title='bbox 3408 797 3747 863; x_wconf 88' lang='lat' dir='ltr'>formidine</span> 
     </span>
    </p>
   </div>
   <div class='ocr_carea' id='block_1_24' title="bbox 2067 877 3744 956">
    <p class='ocr_par' dir='ltr' id='par_1_24' title="bbox 2067 877 3744 956">
     <span class='ocr_line' id='line_1_24' title="bbox 2067 877 3744 956; baseline 0.006 -23"><span class='ocrx_word' id='word_1_171' title='bbox 2067 877 2202 933; x_wconf 89' lang='lat' dir='ltr'>dico</span> <span class='ocrx_word' id='word_1_172' title='bbox 2232 878 2498 934; x_wconf 80' lang='lat' dir='ltr'>musicos</span> <span class='ocrx_word' id='word_1_173' title='bbox 2524 897 2535 946; x_wconf 91' lang='lat'>;</span> <span class='ocrx_word' id='word_1_174' title='bbox 2568 896 2714 935; x_wconf 90' lang='lat' dir='ltr'>nam</span> <span class='ocrx_word' id='word_1_175' title='bbox 2738 880 2951 937; x_wconf 75' lang='lat' dir='ltr'>inliuiti</span> <span class='ocrx_word' id='word_1_176' title='bbox 2974 886 3132 950; x_wconf 91' lang='lat' dir='ltr'>sunt,</span> <span class='ocrx_word' id='word_1_177' title='bbox 3156 884 3259 956; x_wconf 91' lang='lat' dir='ltr'>qui</span> <span class='ocrx_word' id='word_1_178' title='bbox 3287 900 3348 940; x_wconf 91' lang='lat' dir='ltr'>se</span> <span class='ocrx_word' id='word_1_179' title='bbox 3375 885 3744 949; x_wconf 87' lang='lat' dir='ltr'>dicuntmu-</span> 
     </span>
    </p>
   </div>
   <div class='ocr_carea' id='block_1_25' title="bbox 2067 966 3737 1045">
    <p class='ocr_par' dir='ltr' id='par_1_25' title="bbox 2067 966 3737 1045">
     <span class='ocr_line' id='line_1_25' title="bbox 2067 966 3737 1045; baseline 0.008 -24"><span class='ocrx_word' id='word_1_180' title='bbox 2067 966 2241 1035; x_wconf 86' lang='lat' dir='ltr'>sicos,</span> <span class='ocrx_word' id='word_1_181' title='bbox 2274 971 2508 1023; x_wconf 87' lang='lat' dir='ltr'>tantum</span> <span class='ocrx_word' id='word_1_182' title='bbox 2551 967 2821 1040; x_wconf 89' lang='lat' dir='ltr'>scientes,</span> <span class='ocrx_word' id='word_1_183' title='bbox 2862 969 2957 1026; x_wconf 85' lang='lat' dir='ltr'>vel</span> <span class='ocrx_word' id='word_1_184' title='bbox 3006 971 3088 1027; x_wconf 92' lang='lat' dir='ltr'>ita</span> <span class='ocrx_word' id='word_1_185' title='bbox 3129 976 3408 1045; x_wconf 88' lang='lat' dir='ltr'>putantes</span> <span class='ocrx_word' id='word_1_186' title='bbox 3466 989 3533 1029; x_wconf 90' lang='lat' dir='ltr'>se</span> <span class='ocrx_word' id='word_1_187' title='bbox 3587 981 3737 1036; x_wconf 88' lang='lat' dir='ltr'>scire</span> 
     </span>
    </p>
   </div>
   <div class='ocr_carea' id='block_1_26' title="bbox 2064 1056 3735 1135">
    <p class='ocr_par' dir='ltr' id='par_1_26' title="bbox 2064 1056 3735 1135">
     <span class='ocr_line' id='line_1_26' title="bbox 2064 1056 3735 1135; baseline 0.008 -25"><span class='ocrx_word' id='word_1_188' title='bbox 2064 1072 2285 1111; x_wconf 88' lang='lat' dir='ltr'>vocum</span> <span class='ocrx_word' id='word_1_189' title='bbox 2331 1056 2698 1128; x_wconf 85' lang='lat' dir='ltr'>discrimina,</span> <span class='ocrx_word' id='word_1_190' title='bbox 2730 1062 2796 1113; x_wconf 89' lang='lat' dir='ltr'>ut</span> <span class='ocrx_word' id='word_1_191' title='bbox 2839 1058 2941 1125; x_wconf 88' lang='lat' dir='ltr'>illi,</span> <span class='ocrx_word' id='word_1_192' title='bbox 2974 1060 3078 1132; x_wconf 90' lang='lat' dir='ltr'>qui</span> <span class='ocrx_word' id='word_1_193' title='bbox 3124 1061 3374 1119; x_wconf 90' lang='lat' dir='ltr'>vocibus</span> <span class='ocrx_word' id='word_1_194' title='bbox 3402 1062 3735 1135; x_wconf 87' lang='lat' dir='ltr'>imponunt</span> 
     </span>
    </p>
   </div>
   <div class='ocr_carea' id='block_1_27' title="bbox 2063 1145 3726 1221">
    <p class='ocr_par' dir='ltr' id='par_1_27' title="bbox 2063 1145 3726 1221">
     <span class='ocr_line' id='line_1_27' title="bbox 2063 1145 3726 1221; baseline 0.007 -21"><span class='ocrx_word' id='word_1_195' title='bbox 2063 1145 2235 1213; x_wconf 83' lang='lat' dir='ltr'>signa</span> <span class='ocrx_word' id='word_1_196' title='bbox 2264 1145 2358 1201; x_wconf 89' lang='lat' dir='ltr'>vel</span> <span class='ocrx_word' id='word_1_197' title='bbox 2388 1145 2651 1210; x_wconf 86' lang='lat' dir='ltr'>nomina,</span> <span class='ocrx_word' id='word_1_198' title='bbox 2686 1146 2950 1203; x_wconf 90' lang='lat' dir='ltr'>dicentes</span> <span class='ocrx_word' id='word_1_199' title='bbox 2980 1152 3064 1215; x_wconf 92' lang='lat' dir='ltr'>ut,</span> <span class='ocrx_word' id='word_1_200' title='bbox 3106 1164 3191 1219; x_wconf 88' lang='lat' dir='ltr'>re,</span> <span class='ocrx_word' id='word_1_201' title='bbox 3241 1150 3344 1218; x_wconf 90' lang='lat' dir='ltr'>mi,</span> <span class='ocrx_word' id='word_1_202' title='bbox 3394 1150 3481 1221; x_wconf 86' lang='lat' dir='ltr'>fa,</span> <span class='ocrx_word' id='word_1_203' title='bbox 3530 1169 3620 1221; x_wconf 90' lang='lat' dir='ltr'>so,</span> <span class='ocrx_word' id='word_1_204' title='bbox 3647 1154 3726 1211; x_wconf 84' lang='lat' dir='ltr'>la.</span> 
     </span>
    </p>
   </div>
   <div class='ocr_carea' id='block_1_28' title="bbox 2060 1233 3727 1311">
    <p class='ocr_par' dir='ltr' id='par_1_28' title="bbox 2060 1233 3727 1311">
     <span class='ocr_line' id='line_1_28' title="bbox 2060 1233 3727 1311; baseline 0.005 -21"><span class='ocrx_word' id='word_1_205' title='bbox 2060 1234 2226 1290; x_wconf 86' lang='lat' dir='ltr'>Tales</span> <span class='ocrx_word' id='word_1_206' title='bbox 2254 1233 2316 1289; x_wconf 90' lang='lat' dir='ltr'><strong>in</strong></span> <span class='ocrx_word' id='word_1_207' title='bbox 2359 1234 2606 1290; x_wconf 71' lang='lat' dir='ltr'>musicae</span> <span class='ocrx_word' id='word_1_208' title='bbox 2656 1234 3012 1291; x_wconf 87' lang='lat' dir='ltr'>falsitatibus</span> <span class='ocrx_word' id='word_1_209' title='bbox 3050 1236 3346 1308; x_wconf 89' lang='lat' dir='ltr'>laborant,</span> <span class='ocrx_word' id='word_1_210' title='bbox 3379 1243 3437 1295; x_wconf 89' lang='lat' dir='ltr'>et</span> <span class='ocrx_word' id='word_1_211' title='bbox 3467 1240 3727 1311; x_wconf 90' lang='lat' dir='ltr'>glorian-</span> 
     </span>
    </p>
   </div>
   <div class='ocr_carea' id='block_1_29' title="bbox 2061 1321 3722 1398">
    <p class='ocr_par' dir='ltr' id='par_1_29' title="bbox 2061 1321 3722 1398">
     <span class='ocr_line' id='line_1_29' title="bbox 2061 1321 3722 1398; baseline 0.005 -23"><span class='ocrx_word' id='word_1_212' title='bbox 2061 1325 2172 1387; x_wconf 84' lang='lat' dir='ltr'>tur,</span> <span class='ocrx_word' id='word_1_213' title='bbox 2206 1322 2349 1394; x_wconf 84' lang='lat' dir='ltr'>quia</span> <span class='ocrx_word' id='word_1_214' title='bbox 2382 1321 2664 1377; x_wconf 87' lang='lat' dir='ltr'>omnibus</span> <span class='ocrx_word' id='word_1_215' title='bbox 2709 1322 2836 1377; x_wconf 88' lang='lat' dir='ltr'>istis</span> <span class='ocrx_word' id='word_1_216' title='bbox 2888 1322 3073 1393; x_wconf 89' lang='lat' dir='ltr'>signis</span> <span class='ocrx_word' id='word_1_217' title='bbox 3110 1324 3482 1398; x_wconf 86' lang='lat' dir='ltr'>interemptis</span> <span class='ocrx_word' id='word_1_218' title='bbox 3522 1327 3722 1385; x_wconf 90' lang='lat' dir='ltr'>adhuc</span> 
     </span>
    </p>
   </div>
   <div class='ocr_carea' id='block_1_30' title="bbox 2056 1412 3720 1472">
    <p class='ocr_par' dir='ltr' id='par_1_30' title="bbox 2056 1412 3720 1472">
     <span class='ocr_line' id='line_1_30' title="bbox 2056 1412 3720 1472; baseline 0.005 -9"><span class='ocrx_word' id='word_1_219' title='bbox 2056 1426 2278 1464; x_wconf 89' lang='lat' dir='ltr'>vocum</span> <span class='ocrx_word' id='word_1_220' title='bbox 2326 1415 2604 1465; x_wconf 86' lang='lat' dir='ltr'>naturam</span> <span class='ocrx_word' id='word_1_221' title='bbox 2654 1414 2935 1466; x_wconf 89' lang='lat' dir='ltr'>mactant.</span> <span class='ocrx_word' id='word_1_222' title='bbox 2979 1414 3125 1467; x_wconf 88' lang='lat' dir='ltr'>Noto</span> <span class='ocrx_word' id='word_1_223' title='bbox 3175 1412 3394 1468; x_wconf 90' lang='lat' dir='ltr'>etenim</span> <span class='ocrx_word' id='word_1_224' title='bbox 3425 1413 3559 1470; x_wconf 93' lang='lat' dir='ltr'>illos</span> <span class='ocrx_word' id='word_1_225' title='bbox 3588 1431 3720 1472; x_wconf 91' lang='lat' dir='ltr'>esse</span> 
     </span>
    </p>
   </div>
   <div class='ocr_carea' id='block_1_31' title="bbox 2057 1497 3714 1565">
    <p class='ocr_par' dir='ltr' id='par_1_31' title="bbox 2057 1497 3714 1565">
     <span class='ocr_line' id='line_1_31' title="bbox 2057 1497 3714 1565; baseline 0.003 -11"><span class='ocrx_word' id='word_1_226' title='bbox 2057 1498 2340 1565; x_wconf 87' lang='lat' dir='ltr'>musicos,</span> <span class='ocrx_word' id='word_1_227' title='bbox 2377 1503 2439 1553; x_wconf 89' lang='lat' dir='ltr'>ut</span> <span class='ocrx_word' id='word_1_228' title='bbox 2469 1499 2697 1554; x_wconf 89' lang='lat' dir='ltr'>Boetius</span> <span class='ocrx_word' id='word_1_229' title='bbox 2728 1497 2987 1556; x_wconf 81' lang='lat' dir='ltr'>afﬁrmat</span> <span class='ocrx_word' id='word_1_230' title='bbox 3028 1501 3330 1558; x_wconf 90' lang='lat' dir='ltr'>musicum</span> <span class='ocrx_word' id='word_1_231' title='bbox 3359 1503 3452 1559; x_wconf 90' lang='lat' dir='ltr'>his</span> <span class='ocrx_word' id='word_1_232' title='bbox 3483 1503 3676 1559; x_wconf 85' lang='lat' dir='ltr'>verbis</span> <span class='ocrx_word' id='word_1_233' title='bbox 3701 1522 3714 1559; x_wconf 89' lang='lat'>:</span> 
     </span>
    </p>
   </div>
   <div class='ocr_carea' id='block_1_32' title="bbox 2059 1587 3720 1664">
    <p class='ocr_par' dir='ltr' id='par_1_32' title="bbox 2059 1587 3720 1664">
     <span class='ocr_line' id='line_1_32' title="bbox 2059 1587 3720 1664; baseline 0.008 -28"><span class='ocrx_word' id='word_1_234' title='bbox 2059 1610 2086 1637; x_wconf 91' lang='grc'>‹‹</span> <span class='ocrx_word' id='word_1_235' title='bbox 2111 1588 2163 1643; x_wconf 96' lang='lat' dir='ltr'>Is</span> <span class='ocrx_word' id='word_1_236' title='bbox 2192 1604 2331 1643; x_wconf 90' lang='lat' dir='ltr'>vero</span> <span class='ocrx_word' id='word_1_237' title='bbox 2355 1591 2447 1642; x_wconf 89' lang='lat' dir='ltr'>est</span> <span class='ocrx_word' id='word_1_238' title='bbox 2476 1587 2761 1658; x_wconf 90' lang='lat' dir='ltr'>musicus,</span> <span class='ocrx_word' id='word_1_239' title='bbox 2794 1588 2896 1661; x_wconf 90' lang='lat' dir='ltr'>qui</span> <span class='ocrx_word' id='word_1_240' title='bbox 2922 1590 3149 1646; x_wconf 83' lang='lat' dir='ltr'>ratione</span> <span class='ocrx_word' id='word_1_241' title='bbox 3174 1606 3474 1664; x_wconf 85' lang='lat' dir='ltr'>perpensa</span> <span class='ocrx_word' id='word_1_242' title='bbox 3503 1609 3720 1649; x_wconf 89' lang='lat' dir='ltr'>canen-</span> 
     </span>
    </p>
   </div>
   <div class='ocr_carea' id='block_1_33' title="bbox 279 1675 3715 1753">
    <p class='ocr_par' dir='ltr' id='par_1_33' title="bbox 279 1675 3715 1753">
     <span class='ocr_line' id='line_1_33' title="bbox 279 1675 3715 1753; baseline 0.002 -20"><span class='ocrx_word' id='word_1_243' title='bbox 279 1692 440 1733; x_wconf 89' lang='lat' dir='ltr'>mere</span> <span class='ocrx_word' id='word_1_244' title='bbox 468 1675 771 1732; x_wconf 89' lang='lat' dir='ltr'>debeant:</span> <span class='ocrx_word' id='word_1_245' title='bbox 801 1679 861 1731; x_wconf 89' lang='lat' dir='ltr'>et</span> <span class='ocrx_word' id='word_1_246' title='bbox 885 1676 968 1731; x_wconf 91' lang='lat' dir='ltr'>sic</span> <span class='ocrx_word' id='word_1_247' title='bbox 999 1677 1281 1732; x_wconf 91' lang='lat' dir='ltr'>eumdem</span> <span class='ocrx_word' id='word_1_248' title='bbox 1309 1681 1555 1733; x_wconf 89' lang='lat' dir='ltr'>cantum</span> <span class='ocrx_word' id='word_1_249' title='bbox 1580 1675 1796 1732; x_wconf 90' lang='lat' dir='ltr'>ﬁniunt</span> <span class='ocrx_word' id='word_1_250' title='bbox 1823 1675 1883 1731; x_wconf 90' lang='lat' dir='ltr'><strong>in</strong></span> <span class='ocrx_word' id='word_1_251' title='bbox 1912 1693 1947 1731; x_wconf 89' lang='lat' dir='ltr'>a</span> <span class='ocrx_word' id='word_1_252' title='bbox 1990 1687 2028 1740; x_wconf 80' lang='grc' dir='ltr'>Β</span> <span class='ocrx_word' id='word_1_253' title='bbox 2058 1677 2118 1733; x_wconf 94' lang='lat' dir='ltr'>di</span> <span class='ocrx_word' id='word_1_254' title='bbox 2149 1675 2457 1732; x_wconf 84' lang='lat' dir='ltr'>scientiam</span> <span class='ocrx_word' id='word_1_255' title='bbox 2502 1691 2625 1731; x_wconf 89' lang='lat' dir='ltr'>non</span> <span class='ocrx_word' id='word_1_256' title='bbox 2655 1676 2913 1746; x_wconf 91' lang='lat' dir='ltr'>servitio,</span> <span class='ocrx_word' id='word_1_257' title='bbox 2945 1678 3050 1734; x_wconf 90' lang='lat' dir='ltr'>sed</span> <span class='ocrx_word' id='word_1_258' title='bbox 3079 1678 3330 1752; x_wconf 89' lang='lat' dir='ltr'>imperio</span> <span class='ocrx_word' id='word_1_259' title='bbox 3360 1681 3715 1753; x_wconf 88' lang='lat' dir='ltr'>speculatio-</span> 
     </span>
    </p>
   </div>
   <div class='ocr_carea' id='block_1_34' title="bbox 281 1765 1952 1840">
    <p class='ocr_par' dir='ltr' id='par_1_34' title="bbox 281 1765 1952 1840">
     <span class='ocr_line' id='line_1_34' title="bbox 281 1765 1952 1840; baseline 0 -17"><span class='ocrx_word' id='word_1_260' title='bbox 281 1771 477 1836; x_wconf 90' lang='lat' dir='ltr'>acuto,</span> <span class='ocrx_word' id='word_1_261' title='bbox 509 1769 807 1839; x_wconf 89' lang='lat' dir='ltr'>ponentes</span> <span class='ocrx_word' id='word_1_262' title='bbox 848 1765 1055 1821; x_wconf 89' lang='lat' dir='ltr'>sedem</span> <span class='ocrx_word' id='word_1_263' title='bbox 1084 1765 1238 1838; x_wconf 91' lang='lat' dir='ltr'>proti</span> <span class='ocrx_word' id='word_1_264' title='bbox 1281 1766 1538 1840; x_wconf 90' lang='lat' dir='ltr'>plagalis</span> <span class='ocrx_word' id='word_1_265' title='bbox 1576 1766 1655 1823; x_wconf 90' lang='lat' dir='ltr'>ad</span> <span class='ocrx_word' id='word_1_266' title='bbox 1683 1765 1952 1839; x_wconf 88' lang='lat' dir='ltr'>ipsorum</span> 
     </span>
    </p>
   </div>
   <div class='ocr_carea' id='block_1_35' title="bbox 276 1853 1951 1929">
    <p class='ocr_par' dir='ltr' id='par_1_35' title="bbox 276 1853 1951 1929">
     <span class='ocr_line' id='line_1_35' title="bbox 276 1853 1951 1929; baseline -0.001 -17"><span class='ocrx_word' id='word_1_267' title='bbox 276 1854 745 1929; x_wconf 90' lang='lat' dir='ltr'>beneplacitum.</span> <span class='ocrx_word' id='word_1_268' title='bbox 795 1853 1076 1911; x_wconf 82' lang='lat' dir='ltr'>Nondum</span> <span class='ocrx_word' id='word_1_269' title='bbox 1128 1855 1289 1911; x_wconf 90' lang='lat' dir='ltr'>enim</span> <span class='ocrx_word' id='word_1_270' title='bbox 1345 1855 1620 1927; x_wconf 88' lang='lat' dir='ltr'>legerunt</span> <span class='ocrx_word' id='word_1_271' title='bbox 1668 1854 1951 1925; x_wconf 86' lang='lat' dir='ltr'>Theogeri</span> 
     </span>
    </p>
   </div>
   <div class='ocr_carea' id='block_1_36' title="bbox 279 1942 1947 2015">
    <p class='ocr_par' dir='ltr' id='par_1_36' title="bbox 279 1942 1947 2015">
     <span class='ocr_line' id='line_1_36' title="bbox 279 1942 1947 2015; baseline 0 -16"><span class='ocrx_word' id='word_1_272' title='bbox 279 1943 461 2000; x_wconf 85' lang='lat' dir='ltr'>verba</span> <span class='ocrx_word' id='word_1_273' title='bbox 486 1957 669 2015; x_wconf 89' lang='lat' dir='ltr'>super</span> <span class='ocrx_word' id='word_1_274' title='bbox 682 1942 801 1998; x_wconf 90' lang='lat' dir='ltr'>hac</span> <span class='ocrx_word' id='word_1_275' title='bbox 823 1942 1234 1999; x_wconf 88' lang='lat' dir='ltr'>modulatione</span> <span class='ocrx_word' id='word_1_276' title='bbox 1260 1942 1535 1999; x_wconf 90' lang='lat' dir='ltr'>dicentis:</span> <span class='ocrx_word' id='word_1_277' title='bbox 1566 1964 1595 1991; x_wconf 83' lang='lat'><strong><em>«</em></strong></span> <span class='ocrx_word' id='word_1_278' title='bbox 1621 1945 1739 1998; x_wconf 90' lang='lat' dir='ltr'>Hoc</span> <span class='ocrx_word' id='word_1_279' title='bbox 1763 1943 1947 1999; x_wconf 93' lang='lat' dir='ltr'>modo</span> 
     </span>
    </p>
   </div>
   <div class='ocr_carea' id='block_1_37' title="bbox 281 2030 1949 2106">
    <p class='ocr_par' dir='ltr' id='par_1_37' title="bbox 281 2030 1949 2106">
     <span class='ocr_line' id='line_1_37' title="bbox 281 2030 1949 2106; baseline -0.001 -17"><span class='ocrx_word' id='word_1_280' title='bbox 281 2048 719 2106; x_wconf 80' lang='lat' dir='ltr'>synemmenon</span> <span class='ocrx_word' id='word_1_281' title='bbox 751 2030 815 2087; x_wconf 90' lang='lat' dir='ltr'>in</span> <span class='ocrx_word' id='word_1_282' title='bbox 846 2031 1130 2101; x_wconf 86' lang='lat' dir='ltr'>gravibus</span> <span class='ocrx_word' id='word_1_283' title='bbox 1156 2032 1358 2088; x_wconf 89' lang='lat' dir='ltr'>minus</span> <span class='ocrx_word' id='word_1_284' title='bbox 1389 2031 1796 2088; x_wconf 89' lang='lat' dir='ltr'>necessarium</span> <span class='ocrx_word' id='word_1_285' title='bbox 1822 2033 1949 2105; x_wconf 86' lang='lat' dir='ltr'>qui-</span> 
     </span>
    </p>
   </div>
   <div class='ocr_carea' id='block_1_38' title="bbox 272 2120 1948 2191">
    <p class='ocr_par' dir='ltr' id='par_1_38' title="bbox 272 2120 1948 2191">
     <span class='ocr_line' id='line_1_38' title="bbox 272 2120 1948 2191; baseline -0.001 -12"><span class='ocrx_word' id='word_1_286' title='bbox 272 2121 541 2179; x_wconf 90' lang='lat' dir='ltr'>busdam</span> <span class='ocrx_word' id='word_1_287' title='bbox 571 2120 829 2191; x_wconf 90' lang='lat' dir='ltr'>videtur,</span> <span class='ocrx_word' id='word_1_288' title='bbox 862 2125 919 2177; x_wconf 93' lang='lat' dir='ltr'>et</span> <span class='ocrx_word' id='word_1_289' title='bbox 947 2120 1325 2177; x_wconf 90' lang='lat' dir='ltr'>contenditur</span> <span class='ocrx_word' id='word_1_290' title='bbox 1361 2125 1428 2177; x_wconf 92' lang='lat' dir='ltr'>ut</span> <span class='ocrx_word' id='word_1_291' title='bbox 1454 2120 1710 2177; x_wconf 90' lang='lat' dir='ltr'>videtur.</span> <span class='ocrx_word' id='word_1_292' title='bbox 1743 2121 1859 2178; x_wconf 93' lang='lat' dir='ltr'>Sed</span> <span class='ocrx_word' id='word_1_293' title='bbox 1886 2121 1948 2177; x_wconf 91' lang='lat' dir='ltr'>in</span> 
     </span>
    </p>
   </div>
   <div class='ocr_carea' id='block_1_39' title="bbox 267 2208 1946 2283">
    <p class='ocr_par' dir='ltr' id='par_1_39' title="bbox 267 2208 1946 2283">
     <span class='ocr_line' id='line_1_39' title="bbox 267 2208 1946 2283; baseline -0.001 -16"><span class='ocrx_word' id='word_1_294' title='bbox 267 2214 485 2267; x_wconf 90' lang='lat' dir='ltr'>nostro</span> <span class='ocrx_word' id='word_1_295' title='bbox 514 2214 719 2280; x_wconf 90' lang='lat' dir='ltr'>cantu,</span> <span class='ocrx_word' id='word_1_296' title='bbox 752 2225 939 2283; x_wconf 90' lang='lat' dir='ltr'>quem</span> <span class='ocrx_word' id='word_1_297' title='bbox 985 2210 1415 2279; x_wconf 85' lang='lat' dir='ltr'>Gregorianum</span> <span class='ocrx_word' id='word_1_298' title='bbox 1462 2225 1579 2265; x_wconf 89' lang='lat' dir='ltr'>nos</span> <span class='ocrx_word' id='word_1_299' title='bbox 1622 2208 1946 2282; x_wconf 89' lang='lat' dir='ltr'>jactamus,</span> 
     </span>
    </p>
   </div>
   <div class='ocr_carea' id='block_1_40' title="bbox 268 2297 1950 2372">
    <p class='ocr_par' dir='ltr' id='par_1_40' title="bbox 268 2297 1950 2372">
     <span class='ocr_line' id='line_1_40' title="bbox 268 2297 1950 2372; baseline 0.001 -16"><span class='ocrx_word' id='word_1_300' title='bbox 268 2299 441 2356; x_wconf 85' lang='lat' dir='ltr'>vitari</span> <span class='ocrx_word' id='word_1_301' title='bbox 469 2298 638 2355; x_wconf 89' lang='lat' dir='ltr'>nullo</span> <span class='ocrx_word' id='word_1_302' title='bbox 664 2297 853 2355; x_wconf 91' lang='lat' dir='ltr'>modo</span> <span class='ocrx_word' id='word_1_303' title='bbox 883 2302 1099 2372; x_wconf 89' lang='lat' dir='ltr'>potest,</span> <span class='ocrx_word' id='word_1_304' title='bbox 1133 2303 1196 2354; x_wconf 87' lang='lat' dir='ltr'>ut</span> <span class='ocrx_word' id='word_1_305' title='bbox 1238 2299 1299 2354; x_wconf 91' lang='lat' dir='ltr'><strong>in</strong></span> <span class='ocrx_word' id='word_1_306' title='bbox 1328 2299 1443 2355; x_wconf 88' lang='lat' dir='ltr'>hoc</span> <span class='ocrx_word' id='word_1_307' title='bbox 1470 2303 1653 2355; x_wconf 90' lang='lat' dir='ltr'>cantu</span> <span class='ocrx_word' id='word_1_308' title='bbox 1680 2317 1692 2354; x_wconf 92' lang='lat'>:</span> <span class='ocrx_word' id='word_1_309' title='bbox 1727 2300 1799 2356; x_wconf 86' lang='lat' dir='ltr'>In</span> <span class='ocrx_word' id='word_1_310' title='bbox 1827 2301 1950 2357; x_wconf 86' lang='lat' dir='ltr'>sole</span> 
     </span>
    </p>
   </div>
   <div class='ocr_carea' id='block_1_41' title="bbox 259 2386 1947 2461">
    <p class='ocr_par' dir='ltr' id='par_1_41' title="bbox 259 2386 1947 2461">
     <span class='ocr_line' id='line_1_41' title="bbox 259 2386 1947 2461; baseline -0.001 -16"><span class='ocrx_word' id='word_1_311' title='bbox 259 2391 491 2459; x_wconf 82' lang='lat' dir='ltr'>posuit,</span> <span class='ocrx_word' id='word_1_312' title='bbox 523 2393 581 2443; x_wconf 92' lang='lat' dir='ltr'>et</span> <span class='ocrx_word' id='word_1_313' title='bbox 610 2388 671 2443; x_wconf 93' lang='lat' dir='ltr'><strong>in</strong></span> <span class='ocrx_word' id='word_1_314' title='bbox 702 2386 851 2455; x_wconf 89' lang='lat' dir='ltr'>aliis,</span> <span class='ocrx_word' id='word_1_315' title='bbox 876 2388 982 2461; x_wconf 91' lang='lat' dir='ltr'>qui</span> <span class='ocrx_word' id='word_1_316' title='bbox 1012 2387 1315 2459; x_wconf 89' lang='lat' dir='ltr'>ejusmodi</span> <span class='ocrx_word' id='word_1_317' title='bbox 1341 2390 1644 2444; x_wconf 89' lang='lat' dir='ltr'>canuntur</span> <span class='ocrx_word' id='word_1_318' title='bbox 1663 2389 1947 2461; x_wconf 83' lang='lat' dir='ltr'>sympho-</span> 
     </span>
    </p>
   </div>
   <div class='ocr_carea' id='block_1_42' title="bbox 263 2477 1946 2551">
    <p class='ocr_par' dir='ltr' id='par_1_42' title="bbox 263 2477 1946 2551">
     <span class='ocr_line' id='line_1_42' title="bbox 263 2477 1946 2551; baseline -0.001 -15"><span class='ocrx_word' id='word_1_319' title='bbox 263 2480 393 2549; x_wconf 87' lang='lat' dir='ltr'>nia,</span> <span class='ocrx_word' id='word_1_320' title='bbox 417 2478 556 2535; x_wconf 86' lang='lat' dir='ltr'>etin</span> <span class='ocrx_word' id='word_1_321' title='bbox 586 2477 815 2535; x_wconf 74' lang='lat' dir='ltr'>caeteris</span> <span class='ocrx_word' id='word_1_322' title='bbox 836 2478 1334 2551; x_wconf 84' lang='lat' dir='ltr'>quamplurimis;</span> <span class='ocrx_word' id='word_1_323' title='bbox 1358 2478 1629 2551; x_wconf 87' lang='lat' dir='ltr'>alioquin</span> <span class='ocrx_word' id='word_1_324' title='bbox 1643 2484 1855 2535; x_wconf 88' lang='lat' dir='ltr'>cantus</span> <span class='ocrx_word' id='word_1_325' title='bbox 1873 2496 1946 2535; x_wconf 87' lang='lat' dir='ltr'>ex</span> 
     </span>
    </p>
   </div>
   <div class='ocr_carea' id='block_1_43' title="bbox 262 2567 1946 2641">
    <p class='ocr_par' dir='ltr' id='par_1_43' title="bbox 262 2567 1946 2641">
     <span class='ocr_line' id='line_1_43' title="bbox 262 2567 1946 2641; baseline -0.001 -15"><span class='ocrx_word' id='word_1_326' title='bbox 262 2584 501 2641; x_wconf 84' lang='lat' dir='ltr'>magna</span> <span class='ocrx_word' id='word_1_327' title='bbox 547 2573 717 2641; x_wconf 89' lang='lat' dir='ltr'>parte</span> <span class='ocrx_word' id='word_1_328' title='bbox 764 2567 1117 2636; x_wconf 86' lang='lat' dir='ltr'>mutabitur,</span> <span class='ocrx_word' id='word_1_329' title='bbox 1149 2572 1253 2624; x_wconf 89' lang='lat' dir='ltr'>aut</span> <span class='ocrx_word' id='word_1_330' title='bbox 1281 2584 1405 2624; x_wconf 92' lang='lat' dir='ltr'>non</span> <span class='ocrx_word' id='word_1_331' title='bbox 1450 2568 1560 2624; x_wconf 91' lang='lat' dir='ltr'>rite</span> <span class='ocrx_word' id='word_1_332' title='bbox 1589 2568 1846 2624; x_wconf 88' lang='lat' dir='ltr'>ﬁnietur.</span> <span class='ocrx_word' id='word_1_333' title='bbox 1880 2571 1946 2625; x_wconf 81' lang='lat' dir='ltr'>Et</span> 
     </span>
    </p>
   </div>
   <div class='ocr_carea' id='block_1_44' title="bbox 255 2656 1948 2734">
    <p class='ocr_par' dir='ltr' id='par_1_44' title="bbox 255 2656 1948 2734">
     <span class='ocr_line' id='line_1_44' title="bbox 255 2656 1948 2734; baseline -0.001 -20"><span class='ocrx_word' id='word_1_334' title='bbox 255 2659 414 2734; x_wconf 88' lang='lat' dir='ltr'>quia</span> <span class='ocrx_word' id='word_1_335' title='bbox 438 2673 620 2714; x_wconf 88' lang='lat' dir='ltr'>voces</span> <span class='ocrx_word' id='word_1_336' title='bbox 637 2657 700 2713; x_wconf 93' lang='lat' dir='ltr'>in</span> <span class='ocrx_word' id='word_1_337' title='bbox 715 2657 1031 2730; x_wconf 87' lang='lat' dir='ltr'>speciebus</span> <span class='ocrx_word' id='word_1_338' title='bbox 1043 2656 1336 2731; x_wconf 87' lang='lat' dir='ltr'>diapason</span> <span class='ocrx_word' id='word_1_339' title='bbox 1351 2657 1567 2714; x_wconf 90' lang='lat' dir='ltr'>eadem</span> <span class='ocrx_word' id='word_1_340' title='bbox 1591 2672 1719 2713; x_wconf 82' lang='lat' dir='ltr'>esse</span> <span class='ocrx_word' id='word_1_341' title='bbox 1740 2657 1948 2713; x_wconf 88' lang='lat' dir='ltr'>dicun-</span> 
     </span>
    </p>
   </div>
   <div class='ocr_carea' id='block_1_45' title="bbox 256 2746 1940 2818">
    <p class='ocr_par' dir='ltr' id='par_1_45' title="bbox 256 2746 1940 2818">
     <span class='ocr_line' id='line_1_45' title="bbox 256 2746 1940 2818; baseline -0.001 -14"><span class='ocrx_word' id='word_1_342' title='bbox 256 2752 383 2815; x_wconf 87' lang='lat' dir='ltr'>tur,</span> <span class='ocrx_word' id='word_1_343' title='bbox 416 2747 557 2803; x_wconf 88' lang='lat' dir='ltr'>ideo</span> <span class='ocrx_word' id='word_1_344' title='bbox 600 2746 887 2803; x_wconf 91' lang='lat' dir='ltr'>nimirum</span> <span class='ocrx_word' id='word_1_345' title='bbox 915 2762 1041 2803; x_wconf 92' lang='lat' dir='ltr'>non</span> <span class='ocrx_word' id='word_1_346' title='bbox 1073 2746 1181 2818; x_wconf 88' lang='lat'>(36)</span> <span class='ocrx_word' id='word_1_347' title='bbox 1213 2746 1513 2816; x_wconf 87' lang='lat' dir='ltr'>videmus,</span> <span class='ocrx_word' id='word_1_348' title='bbox 1541 2746 1589 2801; x_wconf 91' lang='lat' dir='ltr'>si</span> <span class='ocrx_word' id='word_1_349' title='bbox 1618 2747 1940 2803; x_wconf 87' lang='lat' dir='ltr'>tetrachor-</span> 
     </span>
    </p>
   </div>
   <div class='ocr_carea' id='block_1_46' title="bbox 255 2834 1943 2909">
    <p class='ocr_par' dir='ltr' id='par_1_46' title="bbox 255 2834 1943 2909">
     <span class='ocr_line' id='line_1_46' title="bbox 255 2834 1943 2909; baseline -0.001 -16"><span class='ocrx_word' id='word_1_350' title='bbox 255 2837 419 2893; x_wconf 86' lang='lat' dir='ltr'>dum</span> <span class='ocrx_word' id='word_1_351' title='bbox 453 2851 896 2909; x_wconf 81' lang='lat' dir='ltr'>synemmenon</span> <span class='ocrx_word' id='word_1_352' title='bbox 926 2836 990 2892; x_wconf 95' lang='lat' dir='ltr'><strong>in</strong></span> <span class='ocrx_word' id='word_1_353' title='bbox 1021 2835 1210 2892; x_wconf 91' lang='lat' dir='ltr'>acutis</span> <span class='ocrx_word' id='word_1_354' title='bbox 1234 2835 1390 2892; x_wconf 90' lang='lat' dir='ltr'>inter</span> <span class='ocrx_word' id='word_1_355' title='bbox 1414 2835 1440 2891; x_wconf 86' lang='lat' dir='ltr'><strong>f</strong></span> <span class='ocrx_word' id='word_1_356' title='bbox 1462 2839 1521 2893; x_wconf 91' lang='lat' dir='ltr'>et</span> <span class='ocrx_word' id='word_1_357' title='bbox 1545 2835 1586 2890; x_wconf 92' lang='lat' dir='ltr'>d</span> <span class='ocrx_word' id='word_1_358' title='bbox 1612 2834 1814 2891; x_wconf 91' lang='lat' dir='ltr'>locum</span> <span class='ocrx_word' id='word_1_359' title='bbox 1839 2836 1943 2892; x_wconf 88' lang='lat' dir='ltr'>ha-</span> 
     </span>
    </p>
   </div>
   <div class='ocr_carea' id='block_1_47' title="bbox 259 2924 1939 2999">
    <p class='ocr_par' dir='ltr' id='par_1_47' title="bbox 259 2924 1939 2999">
     <span class='ocr_line' id='line_1_47' title="bbox 259 2924 1939 2999; baseline -0.001 -16"><span class='ocrx_word' id='word_1_360' title='bbox 259 2927 426 2995; x_wconf 87' lang='lat' dir='ltr'>beat,</span> <span class='ocrx_word' id='word_1_361' title='bbox 469 2925 719 2999; x_wconf 86' lang='lat' dir='ltr'>quando</span> <span class='ocrx_word' id='word_1_362' title='bbox 747 2927 926 2982; x_wconf 87' lang='lat' dir='ltr'>etiam</span> <span class='ocrx_word' id='word_1_363' title='bbox 976 2924 1040 2981; x_wconf 93' lang='lat' dir='ltr'><strong>in</strong></span> <span class='ocrx_word' id='word_1_364' title='bbox 1085 2925 1392 2997; x_wconf 86' lang='lat' dir='ltr'>gravimus</span> <span class='ocrx_word' id='word_1_365' title='bbox 1419 2925 1573 2981; x_wconf 89' lang='lat' dir='ltr'>inter</span> <span class='ocrx_word' id='word_1_366' title='bbox 1602 2929 1639 2975; x_wconf 86' lang='lat' dir='ltr'>I‘</span> <span class='ocrx_word' id='word_1_367' title='bbox 1668 2928 1725 2980; x_wconf 88' lang='lat' dir='ltr'>et</span> <span class='ocrx_word' id='word_1_368' title='bbox 1755 2927 1798 2980; x_wconf 89' lang='lat' dir='ltr'>D</span> <span class='ocrx_word' id='word_1_369' title='bbox 1830 2925 1939 2981; x_wconf 89' lang='lat' dir='ltr'>ha-</span> 
     </span>
    </p>
   </div>
   <div class='ocr_carea' id='block_1_48' title="bbox 253 3012 2016 3094">
    <p class='ocr_par' dir='ltr' id='par_1_48' title="bbox 253 3012 2016 3094">
     <span class='ocr_line' id='line_1_48' title="bbox 253 3012 2016 3094; baseline 0 -22"><span class='ocrx_word' id='word_1_370' title='bbox 253 3016 409 3072; x_wconf 86' lang='lat' dir='ltr'>bere</span> <span class='ocrx_word' id='word_1_371' title='bbox 439 3015 635 3088; x_wconf 88' lang='lat' dir='ltr'>possit</span> <span class='ocrx_word' id='word_1_372' title='bbox 654 3020 709 3070; x_wconf 91' lang='lat' dir='ltr'>et</span> <span class='ocrx_word' id='word_1_373' title='bbox 728 3014 963 3071; x_wconf 90' lang='lat' dir='ltr'>debeat.</span> <span class='ocrx_word' id='word_1_374' title='bbox 984 3037 1013 3066; x_wconf 75' lang='grc'><strong>»</strong></span> <span class='ocrx_word' id='word_1_375' title='bbox 1043 3014 1178 3071; x_wconf 67' lang='lat' dir='ltr'>Haec</span> <span class='ocrx_word' id='word_1_376' title='bbox 1208 3018 1347 3070; x_wconf 89' lang='lat' dir='ltr'>sunt</span> <span class='ocrx_word' id='word_1_377' title='bbox 1372 3013 1453 3070; x_wconf 90' lang='lat' dir='ltr'>ad</span> <span class='ocrx_word' id='word_1_378' title='bbox 1477 3012 1734 3069; x_wconf 73' lang='lat' dir='ltr'>litteram</span> <span class='ocrx_word' id='word_1_379' title='bbox 1755 3013 1939 3072; x_wconf 87' lang='lat' dir='ltr'>verba</span> <span class='ocrx_word' id='word_1_380' title='bbox 1976 3039 2016 3094; x_wconf 73' lang='grc' dir='ltr'>ο</span> 
     </span>
    </p>
   </div>
   <div class='ocr_carea' id='block_1_49' title="bbox 253 3100 1936 3175">
    <p class='ocr_par' dir='ltr' id='par_1_49' title="bbox 253 3100 1936 3175">
     <span class='ocr_line' id='line_1_49' title="bbox 253 3100 1936 3175; baseline -0.002 -14"><span class='ocrx_word' id='word_1_381' title='bbox 253 3103 575 3174; x_wconf 84' lang='lat' dir='ltr'>Theogeri.</span> <span class='ocrx_word' id='word_1_382' title='bbox 606 3103 943 3160; x_wconf 83' lang='lat' dir='ltr'>Reducatur</span> <span class='ocrx_word' id='word_1_383' title='bbox 970 3102 1149 3175; x_wconf 89' lang='lat' dir='ltr'>igitur</span> <span class='ocrx_word' id='word_1_384' title='bbox 1196 3102 1531 3159; x_wconf 86' lang='lat' dir='ltr'>secundum</span> <span class='ocrx_word' id='word_1_385' title='bbox 1563 3100 1693 3172; x_wconf 90' lang='lat' dir='ltr'>ejus</span> <span class='ocrx_word' id='word_1_386' title='bbox 1722 3100 1936 3158; x_wconf 89' lang='lat' dir='ltr'>doctri-</span> 
     </span>
    </p>
   </div>
   <div class='ocr_carea' id='block_1_50' title="bbox 252 3189 1931 3264">
    <p class='ocr_par' dir='ltr' id='par_1_50' title="bbox 252 3189 1931 3264">
     <span class='ocr_line' id='line_1_50' title="bbox 252 3189 1931 3264; baseline -0.001 -16"><span class='ocrx_word' id='word_1_387' title='bbox 252 3208 413 3249; x_wconf 86' lang='lat' dir='ltr'>nam</span> <span class='ocrx_word' id='word_1_388' title='bbox 430 3192 782 3264; x_wconf 85' lang='lat' dir='ltr'>hujusmodi</span> <span class='ocrx_word' id='word_1_389' title='bbox 796 3191 1131 3248; x_wconf 90' lang='lat' dir='ltr'>modulatio</span> <span class='ocrx_word' id='word_1_390' title='bbox 1147 3191 1226 3248; x_wconf 89' lang='lat' dir='ltr'>ad</span> <span class='ocrx_word' id='word_1_391' title='bbox 1236 3206 1445 3247; x_wconf 88' lang='lat' dir='ltr'>veram</span> <span class='ocrx_word' id='word_1_392' title='bbox 1465 3189 1727 3246; x_wconf 88' lang='lat' dir='ltr'>formam</span> <span class='ocrx_word' id='word_1_393' title='bbox 1748 3208 1759 3244; x_wconf 93' lang='lat'>:</span> <span class='ocrx_word' id='word_1_394' title='bbox 1784 3191 1931 3247; x_wconf 87' lang='lat' dir='ltr'>dum</span> 
     </span>
    </p>
   </div>
   <div class='ocr_carea' id='block_1_51' title="bbox 255 3278 1932 3354">
    <p class='ocr_par' dir='ltr' id='par_1_51' title="bbox 255 3278 1932 3354">
     <span class='ocr_line' id='line_1_51' title="bbox 255 3278 1932 3354; baseline -0.002 -16"><span class='ocrx_word' id='word_1_395' title='bbox 255 3282 430 3338; x_wconf 88' lang='lat' dir='ltr'>enim</span> <span class='ocrx_word' id='word_1_396' title='bbox 461 3281 565 3345; x_wconf 87' lang='lat' dir='ltr'>sic,</span> <span class='ocrx_word' id='word_1_397' title='bbox 595 3285 660 3337; x_wconf 89' lang='lat' dir='ltr'>ut</span> <span class='ocrx_word' id='word_1_398' title='bbox 682 3280 911 3337; x_wconf 90' lang='lat' dir='ltr'>dictum</span> <span class='ocrx_word' id='word_1_399' title='bbox 942 3284 1051 3347; x_wconf 90' lang='lat' dir='ltr'>est,</span> <span class='ocrx_word' id='word_1_400' title='bbox 1083 3281 1235 3354; x_wconf 88' lang='lat' dir='ltr'>proti</span> <span class='ocrx_word' id='word_1_401' title='bbox 1268 3279 1525 3353; x_wconf 87' lang='lat' dir='ltr'>plagalis</span> <span class='ocrx_word' id='word_1_402' title='bbox 1553 3278 1932 3352; x_wconf 88' lang='lat' dir='ltr'>incipiendus</span> 
     </span>
    </p>
   </div>
   <div class='ocr_carea' id='block_1_52' title="bbox 256 3369 1930 3441">
    <p class='ocr_par' dir='ltr' id='par_1_52' title="bbox 256 3369 1930 3441">
     <span class='ocr_line' id='line_1_52' title="bbox 256 3369 1930 3441; baseline 0 -15"><span class='ocrx_word' id='word_1_403' title='bbox 256 3371 446 3426; x_wconf 84' lang='lat' dir='ltr'>estin</span> <span class='ocrx_word' id='word_1_404' title='bbox 475 3373 519 3426; x_wconf 93' lang='lat' dir='ltr'>D</span> <span class='ocrx_word' id='word_1_405' title='bbox 547 3370 736 3439; x_wconf 88' lang='lat' dir='ltr'>gravi.</span> <span class='ocrx_word' id='word_1_406' title='bbox 769 3375 833 3425; x_wconf 91' lang='lat' dir='ltr'>ut</span> <span class='ocrx_word' id='word_1_407' title='bbox 867 3371 1081 3427; x_wconf 77' lang='lat' dir='ltr'>Tollite</span> <span class='ocrx_word' id='word_1_408' title='bbox 1107 3369 1168 3425; x_wconf 91' lang='lat' dir='ltr'><strong>in</strong></span> <span class='ocrx_word' id='word_1_409' title='bbox 1215 3374 1260 3425; x_wconf 84' lang='lat' dir='ltr'><strong>A</strong></span> <span class='ocrx_word' id='word_1_410' title='bbox 1299 3369 1487 3441; x_wconf 87' lang='lat' dir='ltr'>gravi,</span> <span class='ocrx_word' id='word_1_411' title='bbox 1523 3373 1589 3424; x_wconf 91' lang='lat' dir='ltr'>ut</span> <span class='ocrx_word' id='word_1_412' title='bbox 1627 3370 1672 3423; x_wconf 86' lang='grc' dir='ltr'><strong><em>Α</em></strong></span> <span class='ocrx_word' id='word_1_413' title='bbox 1704 3385 1930 3426; x_wconf 85' lang='lat' dir='ltr'>summo</span> 
     </span>
    </p>
   </div>
   <div class='ocr_carea' id='block_1_53' title="bbox 257 3456 1932 3529">
    <p class='ocr_par' dir='ltr' id='par_1_53' title="bbox 257 3456 1932 3529">
     <span class='ocr_line' id='line_1_53' title="bbox 257 3456 1932 3529; baseline 0 -15"><span class='ocrx_word' id='word_1_414' title='bbox 257 3460 436 3525; x_wconf 60' lang='lat' dir='ltr'>coelo,</span> <span class='ocrx_word' id='word_1_415' title='bbox 464 3462 522 3515; x_wconf 91' lang='lat' dir='ltr'>et</span> <span class='ocrx_word' id='word_1_416' title='bbox 545 3458 607 3514; x_wconf 92' lang='lat' dir='ltr'>in</span> <span class='ocrx_word' id='word_1_417' title='bbox 638 3461 695 3514; x_wconf 86' lang='lat' dir='ltr'>E.</span> <span class='ocrx_word' id='word_1_418' title='bbox 729 3458 898 3529; x_wconf 87' lang='lat' dir='ltr'>gravi</span> <span class='ocrx_word' id='word_1_419' title='bbox 936 3458 1067 3529; x_wconf 89' lang='lat' dir='ltr'>ejus</span> <span class='ocrx_word' id='word_1_420' title='bbox 1099 3457 1240 3515; x_wconf 90' lang='lat' dir='ltr'>sede</span> <span class='ocrx_word' id='word_1_421' title='bbox 1265 3456 1695 3515; x_wconf 87' lang='lat' dir='ltr'>rationabiliter</span> <span class='ocrx_word' id='word_1_422' title='bbox 1725 3456 1932 3514; x_wconf 88' lang='lat' dir='ltr'>ﬁnien-</span> 
     </span>
    </p>
   </div>
   <div class='ocr_carea' id='block_1_54' title="bbox 258 3546 1929 3621">
    <p class='ocr_par' dir='ltr' id='par_1_54' title="bbox 258 3546 1929 3621">
     <span class='ocr_line' id='line_1_54' title="bbox 258 3546 1929 3621; baseline 0.001 -18"><span class='ocrx_word' id='word_1_423' title='bbox 258 3548 418 3604; x_wconf 89' lang='lat' dir='ltr'>dus:</span> <span class='ocrx_word' id='word_1_424' title='bbox 456 3548 744 3621; x_wconf 88' lang='lat' dir='ltr'>sequitur,</span> <span class='ocrx_word' id='word_1_425' title='bbox 777 3547 942 3621; x_wconf 87' lang='lat' dir='ltr'>quod</span> <span class='ocrx_word' id='word_1_426' title='bbox 969 3548 1304 3603; x_wconf 89' lang='lat' dir='ltr'>secundum</span> <span class='ocrx_word' id='word_1_427' title='bbox 1334 3546 1690 3619; x_wconf 90' lang='lat' dir='ltr'>hujusmodi</span> <span class='ocrx_word' id='word_1_428' title='bbox 1720 3563 1929 3604; x_wconf 89' lang='lat' dir='ltr'>eorum</span> 
     </span>
    </p>
   </div>
   <div class='ocr_carea' id='block_1_55' title="bbox 256 3636 1931 3711">
    <p class='ocr_par' dir='ltr' id='par_1_55' title="bbox 256 3636 1931 3711">
     <span class='ocr_line' id='line_1_55' title="bbox 256 3636 1931 3711; baseline 0.001 -19"><span class='ocrx_word' id='word_1_429' title='bbox 256 3636 635 3711; x_wconf 88' lang='lat' dir='ltr'>inceptiones</span> <span class='ocrx_word' id='word_1_430' title='bbox 663 3636 1088 3711; x_wconf 90' lang='lat' dir='ltr'>prosequendo</span> <span class='ocrx_word' id='word_1_431' title='bbox 1118 3636 1301 3693; x_wconf 90' lang='lat' dir='ltr'>ambo</span> <span class='ocrx_word' id='word_1_432' title='bbox 1343 3636 1406 3692; x_wconf 92' lang='lat' dir='ltr'><strong>in</strong></span> <span class='ocrx_word' id='word_1_433' title='bbox 1444 3651 1658 3692; x_wconf 91' lang='lat' dir='ltr'>eorum</span> <span class='ocrx_word' id='word_1_434' title='bbox 1687 3636 1931 3708; x_wconf 88' lang='lat' dir='ltr'>propria</span> 
     </span>
    </p>
   </div>
   <div class='ocr_carea' id='block_1_56' title="bbox 259 3723 1931 3799">
    <p class='ocr_par' dir='ltr' id='par_1_56' title="bbox 259 3723 1931 3799">
     <span class='ocr_line' id='line_1_56' title="bbox 259 3723 1931 3799; baseline 0.001 -18"><span class='ocrx_word' id='word_1_435' title='bbox 259 3726 407 3782; x_wconf 87' lang='lat' dir='ltr'>sede</span> <span class='ocrx_word' id='word_1_436' title='bbox 452 3724 641 3795; x_wconf 88' lang='lat' dir='ltr'>ﬁnali,</span> <span class='ocrx_word' id='word_1_437' title='bbox 671 3741 807 3799; x_wconf 70' lang='lat' dir='ltr'>quae</span> <span class='ocrx_word' id='word_1_438' title='bbox 838 3730 928 3781; x_wconf 89' lang='lat' dir='ltr'>est</span> <span class='ocrx_word' id='word_1_439' title='bbox 968 3726 1012 3779; x_wconf 93' lang='lat' dir='ltr'>D</span> <span class='ocrx_word' id='word_1_440' title='bbox 1038 3741 1239 3797; x_wconf 82' lang='lat' dir='ltr'>grave,</span> <span class='ocrx_word' id='word_1_441' title='bbox 1270 3725 1458 3782; x_wconf 89' lang='lat' dir='ltr'>ﬁnem</span> <span class='ocrx_word' id='word_1_442' title='bbox 1502 3723 1833 3780; x_wconf 89' lang='lat' dir='ltr'>habebunt.</span> <span class='ocrx_word' id='word_1_443' title='bbox 1869 3730 1931 3782; x_wconf 89' lang='lat' dir='ltr'>In</span> 
     </span>
    </p>
   </div>
   <div class='ocr_carea' id='block_1_57' title="bbox 258 3804 1928 3887">
    <p class='ocr_par' dir='ltr' id='par_1_57' title="bbox 258 3804 1928 3887">
     <span class='ocr_line' id='line_1_57' title="bbox 258 3804 1928 3887; baseline 0 -18"><span class='ocrx_word' id='word_1_444' title='bbox 258 3813 510 3887; x_wconf 87' lang='lat' dir='ltr'>quibus,</span> <span class='ocrx_word' id='word_1_445' title='bbox 535 3813 684 3871; x_wconf 88' lang='lat' dir='ltr'>sicut</span> <span class='ocrx_word' id='word_1_446' title='bbox 711 3814 771 3869; x_wconf 91' lang='lat' dir='ltr'><strong>in</strong></span> <span class='ocrx_word' id='word_1_447' title='bbox 799 3804 1083 3870; x_wconf 85' lang='lat' dir='ltr'>omnibus</span> <span class='ocrx_word' id='word_1_448' title='bbox 1104 3813 1327 3870; x_wconf 74' lang='lat' dir='ltr'>caeteris</span> <span class='ocrx_word' id='word_1_449' title='bbox 1353 3811 1766 3884; x_wconf 87' lang='lat' dir='ltr'>gradualibus,</span> <span class='ocrx_word' id='word_1_450' title='bbox 1792 3829 1928 3886; x_wconf 68' lang='lat' dir='ltr'>quae</span> 
     </span>
    </p>
   </div>
   <div class='ocr_carea' id='block_1_58' title="bbox 259 3901 1929 3975">
    <p class='ocr_par' dir='ltr' id='par_1_58' title="bbox 259 3901 1929 3975">
     <span class='ocr_line' id='line_1_58' title="bbox 259 3901 1929 3975; baseline 0 -17"><span class='ocrx_word' id='word_1_451' title='bbox 259 3901 617 3975; x_wconf 85' lang='lat' dir='ltr'>hujusmodi</span> <span class='ocrx_word' id='word_1_452' title='bbox 637 3901 899 3960; x_wconf 88' lang='lat' dir='ltr'>melodia</span> <span class='ocrx_word' id='word_1_453' title='bbox 929 3906 1263 3958; x_wconf 89' lang='lat' dir='ltr'>cantantur.</span> <span class='ocrx_word' id='word_1_454' title='bbox 1280 3904 1320 3957; x_wconf 87' lang='grc' dir='ltr'>Β</span> <span class='ocrx_word' id='word_1_455' title='bbox 1347 3916 1529 3972; x_wconf 88' lang='lat' dir='ltr'>grave</span> <span class='ocrx_word' id='word_1_456' title='bbox 1560 3916 1596 3956; x_wconf 92' lang='lat' dir='ltr'>a</span> <span class='ocrx_word' id='word_1_457' title='bbox 1624 3916 1773 3956; x_wconf 91' lang='lat' dir='ltr'>sono</span> <span class='ocrx_word' id='word_1_458' title='bbox 1794 3917 1929 3974; x_wconf 91' lang='lat' dir='ltr'>pro-</span> 
     </span>
    </p>
   </div>
   <div class='ocr_carea' id='block_1_59' title="bbox 260 3989 1929 4064">
    <p class='ocr_par' dir='ltr' id='par_1_59' title="bbox 260 3989 1929 4064">
     <span class='ocr_line' id='line_1_59' title="bbox 260 3989 1929 4064; baseline 0 -16"><span class='ocrx_word' id='word_1_459' title='bbox 260 3991 397 4064; x_wconf 84' lang='lat' dir='ltr'>prio</span> <span class='ocrx_word' id='word_1_460' title='bbox 444 3991 720 4064; x_wconf 89' lang='lat' dir='ltr'>liquescit</span> <span class='ocrx_word' id='word_1_461' title='bbox 766 3991 1192 4049; x_wconf 87' lang='lat' dir='ltr'>descendendo</span> <span class='ocrx_word' id='word_1_462' title='bbox 1242 3991 1305 4047; x_wconf 90' lang='lat' dir='ltr'>in</span> <span class='ocrx_word' id='word_1_463' title='bbox 1351 3994 1587 4061; x_wconf 89' lang='lat' dir='ltr'>tonum,</span> <span class='ocrx_word' id='word_1_464' title='bbox 1622 3989 1774 4046; x_wconf 91' lang='lat' dir='ltr'>sicut</span> <span class='ocrx_word' id='word_1_465' title='bbox 1814 3991 1929 4048; x_wconf 85' lang='lat' dir='ltr'>hoc</span> 
     </span>
    </p>
   </div>
   <div class='ocr_carea' id='block_1_60' title="bbox 259 4078 1871 4152">
    <p class='ocr_par' dir='ltr' id='par_1_60' title="bbox 259 4078 1871 4152">
     <span class='ocr_line' id='line_1_60' title="bbox 259 4078 1871 4152; baseline -0.001 -17"><span class='ocrx_word' id='word_1_466' title='bbox 259 4080 426 4136; x_wconf 89' lang='lat' dir='ltr'>idem</span> <span class='ocrx_word' id='word_1_467' title='bbox 456 4080 637 4136; x_wconf 88' lang='lat' dir='ltr'>etiam</span> <span class='ocrx_word' id='word_1_468' title='bbox 674 4079 735 4136; x_wconf 91' lang='lat' dir='ltr'>in</span> <span class='ocrx_word' id='word_1_469' title='bbox 764 4080 894 4137; x_wconf 90' lang='lat' dir='ltr'>aliis</span> <span class='ocrx_word' id='word_1_470' title='bbox 915 4080 1061 4137; x_wconf 87' lang='lat' dir='ltr'>locis</span> <span class='ocrx_word' id='word_1_471' title='bbox 1088 4094 1534 4152; x_wconf 89' lang='lat' dir='ltr'>nonnunquam</span> <span class='ocrx_word' id='word_1_472' title='bbox 1564 4078 1871 4150; x_wconf 91' lang='lat' dir='ltr'>contingit.</span> 
     </span>
    </p>
   </div>
   <div class='ocr_carea' id='block_1_61' title="bbox 335 4168 1928 4242">
    <p class='ocr_par' dir='ltr' id='par_1_61' title="bbox 335 4168 1928 4242">
     <span class='ocr_line' id='line_1_61' title="bbox 335 4168 1928 4242; baseline -0.001 -15"><span class='ocrx_word' id='word_1_473' title='bbox 335 4168 634 4227; x_wconf 88' lang='lat' dir='ltr'>Graduale</span> <span class='ocrx_word' id='word_1_474' title='bbox 660 4171 900 4228; x_wconf 83' lang='lat' dir='ltr'>ostende</span> <span class='ocrx_word' id='word_1_475' title='bbox 911 4172 1098 4228; x_wconf 81' lang='lat' dir='ltr'>nobis.</span> <span class='ocrx_word' id='word_1_476' title='bbox 1123 4174 1298 4227; x_wconf 87' lang='lat' dir='ltr'>Error</span> <span class='ocrx_word' id='word_1_477' title='bbox 1320 4170 1505 4242; x_wconf 89' lang='lat' dir='ltr'>hujus</span> <span class='ocrx_word' id='word_1_478' title='bbox 1527 4172 1741 4225; x_wconf 89' lang='lat' dir='ltr'>cantus</span> <span class='ocrx_word' id='word_1_479' title='bbox 1760 4176 1848 4225; x_wconf 86' lang='lat' dir='ltr'>est</span> <span class='ocrx_word' id='word_1_480' title='bbox 1865 4171 1928 4226; x_wconf 91' lang='lat' dir='ltr'>in</span> 
     </span>
    </p>
   </div>
   <div class='ocr_carea' id='block_1_62' title="bbox 260 4255 1928 4323">
    <p class='ocr_par' dir='ltr' id='par_1_62' title="bbox 260 4255 1928 4323">
     <span class='ocr_line' id='line_1_62' title="bbox 260 4255 1928 4323; baseline 0.001 -9"><span class='ocrx_word' id='word_1_481' title='bbox 260 4259 379 4314; x_wconf 89' lang='lat' dir='ltr'>hoc</span> <span class='ocrx_word' id='word_1_482' title='bbox 399 4257 537 4314; x_wconf 91' lang='lat' dir='ltr'>loco</span> <span class='ocrx_word' id='word_1_483' title='bbox 557 4277 571 4313; x_wconf 87' lang='lat'>:</span> <span class='ocrx_word' id='word_1_484' title='bbox 598 4259 1067 4316; x_wconf 76' lang='lat' dir='ltr'>misericordiam</span> <span class='ocrx_word' id='word_1_485' title='bbox 1090 4265 1278 4323; x_wconf 80' lang='lat' dir='ltr'>tuam,</span> <span class='ocrx_word' id='word_1_486' title='bbox 1294 4262 1362 4316; x_wconf 93' lang='lat' dir='ltr'>ut</span> <span class='ocrx_word' id='word_1_487' title='bbox 1382 4255 1720 4315; x_wconf 89' lang='lat' dir='ltr'>secundum</span> <span class='ocrx_word' id='word_1_488' title='bbox 1738 4262 1928 4315; x_wconf 88' lang='lat' dir='ltr'>artem</span> 
     </span>
    </p>
   </div>
   <div class='ocr_carea' id='block_1_63' title="bbox 2058 1764 3719 1840">
    <p class='ocr_par' dir='ltr' id='par_1_63' title="bbox 2058 1764 3719 1840">
     <span class='ocr_line' id='line_1_63' title="bbox 2058 1764 3719 1840; baseline 0.002 -19"><span class='ocrx_word' id='word_1_489' title='bbox 2058 1766 2170 1834; x_wconf 89' lang='lat' dir='ltr'>nis,</span> <span class='ocrx_word' id='word_1_490' title='bbox 2207 1764 2604 1837; x_wconf 81' lang='lat' dir='ltr'>assumpsit.»</span> <span class='ocrx_word' id='word_1_491' title='bbox 2657 1764 2981 1821; x_wconf 82' lang='lat' dir='ltr'>Redeundo</span> <span class='ocrx_word' id='word_1_492' title='bbox 3029 1766 3106 1821; x_wconf 91' lang='lat' dir='ltr'>ad</span> <span class='ocrx_word' id='word_1_493' title='bbox 3151 1768 3548 1840; x_wconf 89' lang='lat' dir='ltr'>propositum,</span> <span class='ocrx_word' id='word_1_494' title='bbox 3579 1784 3719 1824; x_wconf 90' lang='lat' dir='ltr'>con-</span> 
     </span>
    </p>
   </div>
   <div class='ocr_carea' id='block_1_64' title="bbox 2058 1853 3719 1929">
    <p class='ocr_par' dir='ltr' id='par_1_64' title="bbox 2058 1853 3719 1929">
     <span class='ocr_line' id='line_1_64' title="bbox 2058 1853 3719 1929; baseline 0.001 -18"><span class='ocrx_word' id='word_1_495' title='bbox 2058 1860 2147 1911; x_wconf 86' lang='lat' dir='ltr'>tra</span> <span class='ocrx_word' id='word_1_496' title='bbox 2178 1855 2324 1911; x_wconf 86' lang='lat' dir='ltr'>tales</span> <span class='ocrx_word' id='word_1_497' title='bbox 2357 1853 2641 1920; x_wconf 87' lang='lat' dir='ltr'>musicos,</span> <span class='ocrx_word' id='word_1_498' title='bbox 2673 1856 2761 1909; x_wconf 87' lang='lat' dir='ltr'>est</span> <span class='ocrx_word' id='word_1_499' title='bbox 2788 1853 2890 1909; x_wconf 89' lang='lat' dir='ltr'>illa</span> <span class='ocrx_word' id='word_1_500' title='bbox 2914 1854 3109 1909; x_wconf 89' lang='lat' dir='ltr'>ﬁnalis</span> <span class='ocrx_word' id='word_1_501' title='bbox 3138 1871 3253 1911; x_wconf 82' lang='lat' dir='ltr'>vox</span> <span class='ocrx_word' id='word_1_502' title='bbox 3283 1871 3391 1928; x_wconf 90' lang='lat' dir='ltr'>pro</span> <span class='ocrx_word' id='word_1_503' title='bbox 3417 1856 3557 1911; x_wconf 91' lang='lat' dir='ltr'>sede</span> <span class='ocrx_word' id='word_1_504' title='bbox 3581 1872 3719 1929; x_wconf 65' lang='lat' dir='ltr'>pro«</span> 
     </span>
    </p>
   </div>
   <div class='ocr_carea' id='block_1_65' title="bbox 2057 1942 3719 2017">
    <p class='ocr_par' dir='ltr' id='par_1_65' title="bbox 2057 1942 3719 2017">
     <span class='ocr_line' id='line_1_65' title="bbox 2057 1942 3719 2017; baseline 0.001 -18"><span class='ocrx_word' id='word_1_505' title='bbox 2057 1943 2117 2000; x_wconf 89' lang='lat' dir='ltr'>ti.</span> <span class='ocrx_word' id='word_1_506' title='bbox 2152 1944 2232 1999; x_wconf 92' lang='grc'><strong>1111</strong></span> <span class='ocrx_word' id='word_1_507' title='bbox 2283 1946 2483 1998; x_wconf 86' lang='lat' dir='ltr'>autem</span> <span class='ocrx_word' id='word_1_508' title='bbox 2542 1945 2684 1997; x_wconf 90' lang='lat' dir='ltr'>sunt</span> <span class='ocrx_word' id='word_1_509' title='bbox 2729 1946 2783 1997; x_wconf 90' lang='lat' dir='ltr'>et</span> <span class='ocrx_word' id='word_1_510' title='bbox 2827 1942 3107 1998; x_wconf 91' lang='lat' dir='ltr'>dicuntur</span> <span class='ocrx_word' id='word_1_511' title='bbox 3157 1943 3607 2017; x_wconf 85' lang='lat' dir='ltr'>vituperatores,</span> <span class='ocrx_word' id='word_1_512' title='bbox 3652 1949 3719 2000; x_wconf 91' lang='lat' dir='ltr'>ut</span> 
     </span>
    </p>
   </div>
   <div class='ocr_carea' id='block_1_66' title="bbox 2057 2029 3712 2102">
    <p class='ocr_par' dir='ltr' id='par_1_66' title="bbox 2057 2029 3712 2102">
     <span class='ocr_line' id='line_1_66' title="bbox 2057 2029 3712 2102; baseline 0.001 -14"><span class='ocrx_word' id='word_1_513' title='bbox 2057 2031 2522 2088; x_wconf 88' lang='lat' dir='ltr'>contradictores</span> <span class='ocrx_word' id='word_1_514' title='bbox 2574 2029 2814 2096; x_wconf 89' lang='lat' dir='ltr'>scilicet,</span> <span class='ocrx_word' id='word_1_515' title='bbox 2860 2047 3002 2102; x_wconf 88' lang='lat' dir='ltr'>erga</span> <span class='ocrx_word' id='word_1_516' title='bbox 3052 2047 3125 2087; x_wconf 89' lang='lat' dir='ltr'>ea</span> <span class='ocrx_word' id='word_1_517' title='bbox 3177 2047 3300 2088; x_wconf 90' lang='lat' dir='ltr'>non</span> <span class='ocrx_word' id='word_1_518' title='bbox 3344 2036 3483 2088; x_wconf 93' lang='lat' dir='ltr'>sunt</span> <span class='ocrx_word' id='word_1_519' title='bbox 3523 2032 3712 2102; x_wconf 87' lang='lat' dir='ltr'>digni.</span> 
     </span>
    </p>
   </div>
   <div class='ocr_carea' id='block_1_67' title="bbox 2057 2118 3716 2189">
    <p class='ocr_par' dir='ltr' id='par_1_67' title="bbox 2057 2118 3716 2189">
     <span class='ocr_line' id='line_1_67' title="bbox 2057 2118 3716 2189; baseline -0.001 -11"><span class='ocrx_word' id='word_1_520' title='bbox 2057 2119 2431 2179; x_wconf 86' lang='lat' dir='ltr'>Conveniunt</span> <span class='ocrx_word' id='word_1_521' title='bbox 2458 2118 2619 2174; x_wconf 90' lang='lat' dir='ltr'>enim</span> <span class='ocrx_word' id='word_1_522' title='bbox 2649 2134 2861 2174; x_wconf 89' lang='lat' dir='ltr'>omnes</span> <span class='ocrx_word' id='word_1_523' title='bbox 2890 2120 3124 2189; x_wconf 89' lang='lat' dir='ltr'>musici,</span> <span class='ocrx_word' id='word_1_524' title='bbox 3154 2120 3216 2177; x_wconf 92' lang='lat' dir='ltr'><strong>in</strong></span> <span class='ocrx_word' id='word_1_525' title='bbox 3245 2121 3360 2176; x_wconf 91' lang='lat' dir='ltr'>hoc</span> <span class='ocrx_word' id='word_1_526' title='bbox 3398 2121 3560 2177; x_wconf 90' lang='lat' dir='ltr'>enim</span> <span class='ocrx_word' id='word_1_527' title='bbox 3589 2137 3716 2177; x_wconf 88' lang='lat' dir='ltr'>om-</span> 
     </span>
    </p>
   </div>
   <div class='ocr_carea' id='block_1_68' title="bbox 2054 2207 3715 2279">
    <p class='ocr_par' dir='ltr' id='par_1_68' title="bbox 2054 2207 3715 2279">
     <span class='ocr_line' id='line_1_68' title="bbox 2054 2207 3715 2279; baseline -0.001 -14"><span class='ocrx_word' id='word_1_528' title='bbox 2054 2209 2147 2266; x_wconf 89' lang='lat' dir='ltr'>nis</span> <span class='ocrx_word' id='word_1_529' title='bbox 2173 2214 2384 2265; x_wconf 89' lang='lat' dir='ltr'>cantus</span> <span class='ocrx_word' id='word_1_530' title='bbox 2412 2211 2503 2263; x_wconf 89' lang='lat' dir='ltr'>est</span> <span class='ocrx_word' id='word_1_531' title='bbox 2547 2207 2610 2262; x_wconf 91' lang='lat' dir='ltr'>in</span> <span class='ocrx_word' id='word_1_532' title='bbox 2640 2212 2900 2279; x_wconf 88' lang='lat' dir='ltr'>quatuor</span> <span class='ocrx_word' id='word_1_533' title='bbox 2936 2208 3183 2265; x_wconf 90' lang='lat' dir='ltr'>vocibus</span> <span class='ocrx_word' id='word_1_534' title='bbox 3214 2208 3535 2277; x_wconf 89' lang='lat' dir='ltr'>ﬁniendus,</span> <span class='ocrx_word' id='word_1_535' title='bbox 3566 2209 3715 2265; x_wconf 88' lang='lat' dir='ltr'>scili-</span> 
     </span>
    </p>
   </div>
   <div class='ocr_carea' id='block_1_69' title="bbox 2053 2294 3741 2370">
    <p class='ocr_par' dir='ltr' id='par_1_69' title="bbox 2053 2294 3741 2370">
     <span class='ocr_line' id='line_1_69' title="bbox 2053 2294 3741 2370; baseline -0.001 -14"><span class='ocrx_word' id='word_1_536' title='bbox 2053 2302 2145 2356; x_wconf 88' lang='lat' dir='ltr'>cet</span> <span class='ocrx_word' id='word_1_537' title='bbox 2176 2302 2216 2354; x_wconf 92' lang='lat' dir='ltr'>D</span> <span class='ocrx_word' id='word_1_538' title='bbox 2258 2300 2298 2352; x_wconf 84' lang='grc' dir='ltr'>Ε</span> <span class='ocrx_word' id='word_1_539' title='bbox 2328 2298 2370 2350; x_wconf 91' lang='lat' dir='ltr'>F</span> <span class='ocrx_word' id='word_1_540' title='bbox 2400 2298 2440 2352; x_wconf 87' lang='lat' dir='ltr'><strong>G</strong></span> <span class='ocrx_word' id='word_1_541' title='bbox 2475 2294 2780 2365; x_wconf 86' lang='lat' dir='ltr'>gravibus.</span> <span class='ocrx_word' id='word_1_542' title='bbox 2828 2296 2943 2353; x_wconf 89' lang='lat' dir='ltr'>Sed</span> <span class='ocrx_word' id='word_1_543' title='bbox 2988 2297 3095 2353; x_wconf 91' lang='lat' dir='ltr'>iste</span> <span class='ocrx_word' id='word_1_544' title='bbox 3136 2300 3348 2353; x_wconf 85' lang='lat' dir='ltr'>cantus</span> <span class='ocrx_word' id='word_1_545' title='bbox 3378 2297 3741 2370; x_wconf 28' lang='lat' dir='ltr'>secundum,</span> 
     </span>
    </p>
   </div>
   <div class='ocr_carea' id='block_1_70' title="bbox 2052 2384 3712 2461">
    <p class='ocr_par' dir='ltr' id='par_1_70' title="bbox 2052 2384 3712 2461">
     <span class='ocr_line' id='line_1_70' title="bbox 2052 2384 3712 2461; baseline -0.001 -17"><span class='ocrx_word' id='word_1_546' title='bbox 2052 2388 2474 2461; x_wconf 88' lang='lat' dir='ltr'>depravatores</span> <span class='ocrx_word' id='word_1_547' title='bbox 2505 2384 2565 2439; x_wconf 89' lang='lat' dir='ltr'>in</span> <span class='ocrx_word' id='word_1_548' title='bbox 2596 2390 2808 2441; x_wconf 89' lang='lat' dir='ltr'>neutra</span> <span class='ocrx_word' id='word_1_549' title='bbox 2839 2386 3054 2442; x_wconf 87' lang='lat' dir='ltr'>harum</span> <span class='ocrx_word' id='word_1_550' title='bbox 3081 2386 3338 2442; x_wconf 89' lang='lat' dir='ltr'>ﬁnietur.</span> <span class='ocrx_word' id='word_1_551' title='bbox 3367 2389 3482 2444; x_wconf 89' lang='lat' dir='ltr'>Cur</span> <span class='ocrx_word' id='word_1_552' title='bbox 3511 2391 3712 2443; x_wconf 86' lang='lat' dir='ltr'>autem</span> 
     </span>
    </p>
   </div>
   <div class='ocr_carea' id='block_1_71' title="bbox 2052 2474 3714 2547">
    <p class='ocr_par' dir='ltr' id='par_1_71' title="bbox 2052 2474 3714 2547">
     <span class='ocr_line' id='line_1_71' title="bbox 2052 2474 3714 2547; baseline 0 -14"><span class='ocrx_word' id='word_1_553' title='bbox 2052 2481 2285 2533; x_wconf 89' lang='lat' dir='ltr'>tantum</span> <span class='ocrx_word' id='word_1_554' title='bbox 2329 2475 2390 2529; x_wconf 90' lang='lat' dir='ltr'>in</span> <span class='ocrx_word' id='word_1_555' title='bbox 2433 2474 2524 2529; x_wconf 86' lang='lat' dir='ltr'>his</span> <span class='ocrx_word' id='word_1_556' title='bbox 2572 2476 2833 2544; x_wconf 87' lang='lat' dir='ltr'>quatuor</span> <span class='ocrx_word' id='word_1_557' title='bbox 2875 2475 3138 2547; x_wconf 88' lang='lat' dir='ltr'>ﬁniatur,</span> <span class='ocrx_word' id='word_1_558' title='bbox 3178 2475 3480 2533; x_wconf 88' lang='lat' dir='ltr'>brevitatis</span> <span class='ocrx_word' id='word_1_559' title='bbox 3526 2493 3714 2535; x_wconf 89' lang='lat' dir='ltr'>causa</span> 
     </span>
    </p>
   </div>
   <div class='ocr_carea' id='block_1_72' title="bbox 2050 2560 3705 2635">
    <p class='ocr_par' dir='ltr' id='par_1_72' title="bbox 2050 2560 3705 2635">
     <span class='ocr_line' id='line_1_72' title="bbox 2050 2560 3705 2635; baseline 0 -14"><span class='ocrx_word' id='word_1_560' title='bbox 2050 2565 2356 2621; x_wconf 89' lang='lat' dir='ltr'>omittitur.</span> <span class='ocrx_word' id='word_1_561' title='bbox 2390 2560 2800 2633; x_wconf 86' lang='lat' dir='ltr'>Incipiendum</span> <span class='ocrx_word' id='word_1_562' title='bbox 2830 2568 2919 2619; x_wconf 86' lang='lat' dir='ltr'>est</span> <span class='ocrx_word' id='word_1_563' title='bbox 2947 2565 3060 2620; x_wconf 89' lang='lat' dir='ltr'>hoc</span> <span class='ocrx_word' id='word_1_564' title='bbox 3087 2563 3332 2634; x_wconf 88' lang='lat' dir='ltr'>gradale</span> <span class='ocrx_word' id='word_1_565' title='bbox 3356 2564 3417 2619; x_wconf 92' lang='lat' dir='ltr'><strong>in</strong></span> <span class='ocrx_word' id='word_1_566' title='bbox 3449 2567 3489 2621; x_wconf 89' lang='lat' dir='ltr'>C</span> <span class='ocrx_word' id='word_1_567' title='bbox 3520 2566 3705 2635; x_wconf 86' lang='lat' dir='ltr'>gravi,</span> 
     </span>
    </p>
   </div>
   <div class='ocr_carea' id='block_1_73' title="bbox 2049 2650 3709 2722">
    <p class='ocr_par' dir='ltr' id='par_1_73' title="bbox 2049 2650 3709 2722">
     <span class='ocr_line' id='line_1_73' title="bbox 2049 2650 3709 2722; baseline -0.001 -13"><span class='ocrx_word' id='word_1_568' title='bbox 2049 2659 2106 2709; x_wconf 92' lang='lat' dir='ltr'>et</span> <span class='ocrx_word' id='word_1_569' title='bbox 2138 2650 2580 2708; x_wconf 87' lang='lat' dir='ltr'>modulandum</span> <span class='ocrx_word' id='word_1_570' title='bbox 2606 2666 2713 2722; x_wconf 84' lang='lat' dir='ltr'>per</span> <span class='ocrx_word' id='word_1_571' title='bbox 2742 2656 2952 2708; x_wconf 88' lang='lat' dir='ltr'>tonum</span> <span class='ocrx_word' id='word_1_572' title='bbox 2982 2656 3039 2708; x_wconf 90' lang='lat' dir='ltr'>et</span> <span class='ocrx_word' id='word_1_573' title='bbox 3064 2651 3493 2708; x_wconf 88' lang='lat' dir='ltr'>semiditonum</span> <span class='ocrx_word' id='word_1_574' title='bbox 3536 2656 3592 2707; x_wconf 90' lang='lat' dir='ltr'>et</span> <span class='ocrx_word' id='word_1_575' title='bbox 3622 2669 3709 2708; x_wconf 92' lang='lat' dir='ltr'>se-</span> 
     </span>
    </p>
   </div>
   <div class='ocr_carea' id='block_1_74' title="bbox 2049 2738 3708 2799">
    <p class='ocr_par' dir='ltr' id='par_1_74' title="bbox 2049 2738 3708 2799">
     <span class='ocr_line' id='line_1_74' title="bbox 2049 2738 3708 2799; baseline -0.001 0"><span class='ocrx_word' id='word_1_576' title='bbox 2049 2744 2342 2799; x_wconf 90' lang='lat' dir='ltr'>mitonum</span> <span class='ocrx_word' id='word_1_577' title='bbox 2369 2744 2427 2797; x_wconf 92' lang='lat' dir='ltr'>et</span> <span class='ocrx_word' id='word_1_578' title='bbox 2454 2738 2880 2796; x_wconf 88' lang='lat' dir='ltr'>semiditonum</span> <span class='ocrx_word' id='word_1_579' title='bbox 2908 2746 2965 2798; x_wconf 91' lang='lat' dir='ltr'>et</span> <span class='ocrx_word' id='word_1_580' title='bbox 2984 2746 3192 2797; x_wconf 89' lang='lat' dir='ltr'>tonum</span> <span class='ocrx_word' id='word_1_581' title='bbox 3213 2744 3270 2796; x_wconf 90' lang='lat' dir='ltr'>et</span> <span class='ocrx_word' id='word_1_582' title='bbox 3297 2744 3508 2796; x_wconf 88' lang='lat' dir='ltr'>tonum</span> <span class='ocrx_word' id='word_1_583' title='bbox 3538 2744 3594 2796; x_wconf 91' lang='lat' dir='ltr'>et</span> <span class='ocrx_word' id='word_1_584' title='bbox 3620 2757 3708 2797; x_wconf 91' lang='lat' dir='ltr'>se-</span> 
     </span>
    </p>
   </div>
   <div class='ocr_carea' id='block_1_75' title="bbox 2047 2828 3708 2897">
    <p class='ocr_par' dir='ltr' id='par_1_75' title="bbox 2047 2828 3708 2897">
     <span class='ocr_line' id='line_1_75' title="bbox 2047 2828 3708 2897; baseline -0.001 -9"><span class='ocrx_word' id='word_1_585' title='bbox 2047 2832 2407 2888; x_wconf 86' lang='lat' dir='ltr'>miditonum</span> <span class='ocrx_word' id='word_1_586' title='bbox 2436 2832 2493 2885; x_wconf 87' lang='lat' dir='ltr'>et</span> <span class='ocrx_word' id='word_1_587' title='bbox 2521 2828 2947 2897; x_wconf 82' lang='lat' dir='ltr'>semiditonum</span> <span class='ocrx_word' id='word_1_588' title='bbox 2991 2835 3048 2887; x_wconf 89' lang='lat' dir='ltr'>et</span> <span class='ocrx_word' id='word_1_589' title='bbox 3076 2835 3286 2887; x_wconf 89' lang='lat' dir='ltr'>tonum</span> <span class='ocrx_word' id='word_1_590' title='bbox 3319 2835 3377 2887; x_wconf 89' lang='lat' dir='ltr'>et</span> <span class='ocrx_word' id='word_1_591' title='bbox 3403 2836 3615 2887; x_wconf 90' lang='lat' dir='ltr'>tonum</span> <span class='ocrx_word' id='word_1_592' title='bbox 3649 2835 3708 2887; x_wconf 91' lang='lat' dir='ltr'>et</span> 
     </span>
    </p>
   </div>
   <div class='ocr_carea' id='block_1_76' title="bbox 2048 2917 3704 2990">
    <p class='ocr_par' dir='ltr' id='par_1_76' title="bbox 2048 2917 3704 2990">
     <span class='ocr_line' id='line_1_76' title="bbox 2048 2917 3704 2990; baseline -0.001 -12"><span class='ocrx_word' id='word_1_593' title='bbox 2048 2925 2276 2986; x_wconf 89' lang='lat' dir='ltr'>tonum,</span> <span class='ocrx_word' id='word_1_594' title='bbox 2309 2918 2528 2975; x_wconf 88' lang='lat' dir='ltr'>scilicet</span> <span class='ocrx_word' id='word_1_595' title='bbox 2555 2917 2669 2974; x_wconf 88' lang='lat' dir='ltr'>ista</span> <span class='ocrx_word' id='word_1_596' title='bbox 2695 2918 2818 2975; x_wconf 91' lang='lat' dir='ltr'>duo</span> <span class='ocrx_word' id='word_1_597' title='bbox 2847 2920 3065 2976; x_wconf 89' lang='lat' dir='ltr'>verba:</span> <span class='ocrx_word' id='word_1_598' title='bbox 3108 2921 3342 2977; x_wconf 84' lang='lat' dir='ltr'>salvum</span> <span class='ocrx_word' id='word_1_599' title='bbox 3366 2921 3471 2990; x_wconf 86' lang='lat' dir='ltr'>fac</span> <span class='ocrx_word' id='word_1_600' title='bbox 3513 2923 3571 2977; x_wconf 89' lang='lat' dir='ltr'>et</span> <span class='ocrx_word' id='word_1_601' title='bbox 3618 2920 3704 2976; x_wconf 94' lang='lat' dir='ltr'>sic</span> 
     </span>
    </p>
   </div>
   <div class='ocr_carea' id='block_1_77' title="bbox 2045 3006 3201 3080">
    <p class='ocr_par' dir='ltr' id='par_1_77' title="bbox 2045 3006 3201 3080">
     <span class='ocr_line' id='line_1_77' title="bbox 2045 3006 3201 3080; baseline -0.002 -14"><span class='ocrx_word' id='word_1_602' title='bbox 2045 3007 2423 3067; x_wconf 87' lang='lat' dir='ltr'>artiﬁcialiter</span> <span class='ocrx_word' id='word_1_603' title='bbox 2455 3006 2805 3080; x_wconf 88' lang='lat' dir='ltr'>producitur</span> <span class='ocrx_word' id='word_1_604' title='bbox 2832 3009 2908 3065; x_wconf 88' lang='lat' dir='ltr'>ad</span> <span class='ocrx_word' id='word_1_605' title='bbox 2937 3008 3201 3066; x_wconf 89' lang='lat' dir='ltr'>ﬁnalem.</span> 
     </span>
    </p>
   </div>
   <div class='ocr_carea' id='block_1_78' title="bbox 2116 3097 3701 3167">
    <p class='ocr_par' dir='ltr' id='par_1_78' title="bbox 2116 3097 3701 3167">
     <span class='ocr_line' id='line_1_78' title="bbox 2116 3097 3701 3167; baseline -0.001 -12"><span class='ocrx_word' id='word_1_606' title='bbox 2116 3098 2390 3155; x_wconf 86' lang='lat' dir='ltr'>tntroitus</span> <span class='ocrx_word' id='word_1_607' title='bbox 2420 3098 2576 3153; x_wconf 85' lang='lat' dir='ltr'>Deus</span> <span class='ocrx_word' id='word_1_608' title='bbox 2605 3098 2667 3152; x_wconf 87' lang='lat' dir='ltr'>in</span> <span class='ocrx_word' id='word_1_609' title='bbox 2693 3097 3085 3167; x_wconf 81' lang='lat' dir='ltr'>adjutorium.</span> <span class='ocrx_word' id='word_1_610' title='bbox 3130 3101 3283 3154; x_wconf 85' lang='lat' dir='ltr'>Raro</span> <span class='ocrx_word' id='word_1_611' title='bbox 3304 3098 3399 3155; x_wconf 88' lang='lat' dir='ltr'>hic</span> <span class='ocrx_word' id='word_1_612' title='bbox 3425 3098 3701 3156; x_wconf 91' lang='lat' dir='ltr'>introitus</span> 
     </span>
    </p>
   </div>
   <div class='ocr_carea' id='block_1_79' title="bbox 2041 3186 3699 3258">
    <p class='ocr_par' dir='ltr' id='par_1_79' title="bbox 2041 3186 3699 3258">
     <span class='ocr_line' id='line_1_79' title="bbox 2041 3186 3699 3258; baseline -0.001 -13"><span class='ocrx_word' id='word_1_613' title='bbox 2041 3188 2149 3245; x_wconf 89' lang='lat' dir='ltr'>rite</span> <span class='ocrx_word' id='word_1_614' title='bbox 2170 3186 2422 3256; x_wconf 88' lang='lat' dir='ltr'>canitur,</span> <span class='ocrx_word' id='word_1_615' title='bbox 2436 3188 2493 3241; x_wconf 91' lang='lat' dir='ltr'>et</span> <span class='ocrx_word' id='word_1_616' title='bbox 2512 3186 2626 3240; x_wconf 90' lang='lat' dir='ltr'>hoc</span> <span class='ocrx_word' id='word_1_617' title='bbox 2643 3191 2887 3258; x_wconf 89' lang='lat' dir='ltr'>propter</span> <span class='ocrx_word' id='word_1_618' title='bbox 2901 3186 3199 3243; x_wconf 89' lang='lat' dir='ltr'>diversam</span> <span class='ocrx_word' id='word_1_619' title='bbox 3219 3186 3665 3244; x_wconf 91' lang='lat' dir='ltr'>inchoationem</span> <span class='ocrx_word' id='word_1_620' title='bbox 3686 3207 3699 3257; x_wconf 90' lang='lat'><strong>;</strong></span> 
     </span>
    </p>
   </div>
   <div class='ocr_carea' id='block_1_80' title="bbox 2041 3274 3703 3350">
    <p class='ocr_par' dir='ltr' id='par_1_80' title="bbox 2041 3274 3703 3350">
     <span class='ocr_line' id='line_1_80' title="bbox 2041 3274 3703 3350; baseline -0.001 -16"><span class='ocrx_word' id='word_1_621' title='bbox 2041 3295 2185 3334; x_wconf 88' lang='lat' dir='ltr'>nam</span> <span class='ocrx_word' id='word_1_622' title='bbox 2208 3275 2459 3350; x_wconf 89' lang='lat' dir='ltr'>quidam</span> <span class='ocrx_word' id='word_1_623' title='bbox 2491 3274 2549 3330; x_wconf 92' lang='lat' dir='ltr'>in</span> <span class='ocrx_word' id='word_1_624' title='bbox 2583 3277 2625 3331; x_wconf 87' lang='lat' dir='ltr'>G</span> <span class='ocrx_word' id='word_1_625' title='bbox 2661 3276 2826 3343; x_wconf 80' lang='lat' dir='ltr'>gravi</span> <span class='ocrx_word' id='word_1_626' title='bbox 2857 3276 3163 3345; x_wconf 89' lang='lat' dir='ltr'>inchoant,</span> <span class='ocrx_word' id='word_1_627' title='bbox 3197 3280 3253 3332; x_wconf 89' lang='lat' dir='ltr'>et</span> <span class='ocrx_word' id='word_1_628' title='bbox 3291 3277 3489 3333; x_wconf 88' lang='lat' dir='ltr'>statim</span> <span class='ocrx_word' id='word_1_629' title='bbox 3518 3277 3581 3333; x_wconf 93' lang='lat' dir='ltr'>in</span> <span class='ocrx_word' id='word_1_630' title='bbox 3608 3277 3703 3333; x_wconf 91' lang='lat' dir='ltr'>his</span> 
     </span>
    </p>
   </div>
   <div class='ocr_carea' id='block_1_81' title="bbox 2042 3364 3700 3438">
    <p class='ocr_par' dir='ltr' id='par_1_81' title="bbox 2042 3364 3700 3438">
     <span class='ocr_line' id='line_1_81' title="bbox 2042 3364 3700 3438; baseline -0.002 -14"><span class='ocrx_word' id='word_1_631' title='bbox 2042 3366 2426 3432; x_wconf 83' lang='lat' dir='ltr'>dictionibus,</span> <span class='ocrx_word' id='word_1_632' title='bbox 2442 3364 2663 3421; x_wconf 91' lang='lat' dir='ltr'>scilicet</span> <span class='ocrx_word' id='word_1_633' title='bbox 2682 3366 2931 3422; x_wconf 84' lang='lat' dir='ltr'>Domine</span> <span class='ocrx_word' id='word_1_634' title='bbox 2956 3382 3095 3421; x_wconf 92' lang='lat' dir='ltr'>cum</span> <span class='ocrx_word' id='word_1_635' title='bbox 3115 3366 3504 3438; x_wconf 91' lang='lat' dir='ltr'>sequentibus</span> <span class='ocrx_word' id='word_1_636' title='bbox 3525 3381 3700 3423; x_wconf 90' lang='lat' dir='ltr'>enor-</span> 
     </span>
    </p>
   </div>
   <div class='ocr_carea' id='block_1_82' title="bbox 2041 3453 3697 3528">
    <p class='ocr_par' dir='ltr' id='par_1_82' title="bbox 2041 3453 3697 3528">
     <span class='ocr_line' id='line_1_82' title="bbox 2041 3453 3697 3528; baseline -0.002 -14"><span class='ocrx_word' id='word_1_637' title='bbox 2041 3457 2215 3514; x_wconf 90' lang='lat' dir='ltr'>miter</span> <span class='ocrx_word' id='word_1_638' title='bbox 2264 3459 2482 3523; x_wconf 89' lang='lat' dir='ltr'>errant,</span> <span class='ocrx_word' id='word_1_639' title='bbox 2516 3457 2574 3510; x_wconf 89' lang='lat' dir='ltr'>et</span> <span class='ocrx_word' id='word_1_640' title='bbox 2620 3453 2872 3510; x_wconf 89' lang='lat' dir='ltr'>ﬁnaliter</span> <span class='ocrx_word' id='word_1_641' title='bbox 2921 3454 3277 3526; x_wconf 86' lang='lat' dir='ltr'>perveniunt</span> <span class='ocrx_word' id='word_1_642' title='bbox 3310 3454 3371 3510; x_wconf 92' lang='lat' dir='ltr'>in</span> <span class='ocrx_word' id='word_1_643' title='bbox 3421 3459 3465 3512; x_wconf 91' lang='lat' dir='ltr'>D</span> <span class='ocrx_word' id='word_1_644' title='bbox 3495 3471 3697 3528; x_wconf 88' lang='lat' dir='ltr'>grave,</span> 
     </span>
    </p>
   </div>
   <div class='ocr_carea' id='block_1_83' title="bbox 2040 3543 3701 3621">
    <p class='ocr_par' dir='ltr' id='par_1_83' title="bbox 2040 3543 3701 3621">
     <span class='ocr_line' id='line_1_83' title="bbox 2040 3543 3701 3621; baseline -0.002 -17"><span class='ocrx_word' id='word_1_645' title='bbox 2040 3547 2208 3621; x_wconf 90' lang='lat' dir='ltr'>quod</span> <span class='ocrx_word' id='word_1_646' title='bbox 2255 3561 2379 3601; x_wconf 93' lang='lat' dir='ltr'>non</span> <span class='ocrx_word' id='word_1_647' title='bbox 2409 3548 2498 3600; x_wconf 89' lang='lat' dir='ltr'>est</span> <span class='ocrx_word' id='word_1_648' title='bbox 2527 3544 2699 3600; x_wconf 83' lang='lat' dir='ltr'>sedes</span> <span class='ocrx_word' id='word_1_649' title='bbox 2742 3543 2985 3600; x_wconf 64' lang='lat' dir='ltr'>tetrardi</span> <span class='ocrx_word' id='word_1_650' title='bbox 3022 3543 3310 3612; x_wconf 89' lang='lat' dir='ltr'>authenti,</span> <span class='ocrx_word' id='word_1_651' title='bbox 3343 3546 3517 3617; x_wconf 88' lang='lat' dir='ltr'>cujus</span> <span class='ocrx_word' id='word_1_652' title='bbox 3546 3545 3701 3618; x_wconf 90' lang='lat' dir='ltr'>tropi</span> 
     </span>
    </p>
   </div>
   <div class='ocr_carea' id='block_1_84' title="bbox 2040 3632 3698 3706">
    <p class='ocr_par' dir='ltr' id='par_1_84' title="bbox 2040 3632 3698 3706">
     <span class='ocr_line' id='line_1_84' title="bbox 2040 3632 3698 3706; baseline -0.001 -13"><span class='ocrx_word' id='word_1_653' title='bbox 2040 3640 2129 3694; x_wconf 89' lang='lat' dir='ltr'>est</span> <span class='ocrx_word' id='word_1_654' title='bbox 2172 3635 2364 3691; x_wconf 86' lang='lat' dir='ltr'>dictus</span> <span class='ocrx_word' id='word_1_655' title='bbox 2394 3632 2687 3690; x_wconf 88' lang='lat' dir='ltr'>introitus.</span> <span class='ocrx_word' id='word_1_656' title='bbox 2731 3633 2923 3689; x_wconf 87' lang='lat' dir='ltr'>Etiam</span> <span class='ocrx_word' id='word_1_657' title='bbox 2952 3633 3202 3706; x_wconf 89' lang='lat' dir='ltr'>quidam</span> <span class='ocrx_word' id='word_1_658' title='bbox 3249 3633 3536 3691; x_wconf 90' lang='lat' dir='ltr'>inchoant</span> <span class='ocrx_word' id='word_1_659' title='bbox 3575 3634 3637 3690; x_wconf 92' lang='lat' dir='ltr'>in</span> <span class='ocrx_word' id='word_1_660' title='bbox 3668 3652 3698 3691; x_wconf 92' lang='lat' dir='ltr'>c</span> 
     </span>
    </p>
   </div>
   <div class='ocr_carea' id='block_1_85' title="bbox 2039 3722 3697 3795">
    <p class='ocr_par' dir='ltr' id='par_1_85' title="bbox 2039 3722 3697 3795">
     <span class='ocr_line' id='line_1_85' title="bbox 2039 3722 3697 3795; baseline 0.001 -14"><span class='ocrx_word' id='word_1_661' title='bbox 2039 3729 2237 3795; x_wconf 87' lang='lat' dir='ltr'>acuto,</span> <span class='ocrx_word' id='word_1_662' title='bbox 2271 3727 2327 3779; x_wconf 89' lang='lat' dir='ltr'>et</span> <span class='ocrx_word' id='word_1_663' title='bbox 2373 3722 2455 3779; x_wconf 90' lang='lat' dir='ltr'>sic</span> <span class='ocrx_word' id='word_1_664' title='bbox 2504 3727 2971 3795; x_wconf 88' lang='lat' dir='ltr'>prosequuntur,</span> <span class='ocrx_word' id='word_1_665' title='bbox 3017 3726 3074 3777; x_wconf 89' lang='lat' dir='ltr'>et</span> <span class='ocrx_word' id='word_1_666' title='bbox 3111 3726 3253 3778; x_wconf 90' lang='lat' dir='ltr'>tunc</span> <span class='ocrx_word' id='word_1_667' title='bbox 3297 3722 3514 3780; x_wconf 89' lang='lat' dir='ltr'>ﬁniunt</span> <span class='ocrx_word' id='word_1_668' title='bbox 3549 3724 3610 3780; x_wconf 91' lang='lat' dir='ltr'>in</span> <span class='ocrx_word' id='word_1_669' title='bbox 3655 3729 3697 3783; x_wconf 91' lang='lat' dir='ltr'><strong>G</strong></span> 
     </span>
    </p>
   </div>
   <div class='ocr_carea' id='block_1_86' title="bbox 2041 3811 3697 3885">
    <p class='ocr_par' dir='ltr' id='par_1_86' title="bbox 2041 3811 3697 3885">
     <span class='ocr_line' id='line_1_86' title="bbox 2041 3811 3697 3885; baseline 0.001 -16"><span class='ocrx_word' id='word_1_670' title='bbox 2041 3814 2227 3885; x_wconf 85' lang='lat' dir='ltr'>gravi,</span> <span class='ocrx_word' id='word_1_671' title='bbox 2288 3812 2390 3867; x_wconf 91' lang='lat' dir='ltr'>sed</span> <span class='ocrx_word' id='word_1_672' title='bbox 2441 3826 2717 3885; x_wconf 88' lang='lat' dir='ltr'>perverse</span> <span class='ocrx_word' id='word_1_673' title='bbox 2768 3811 3076 3884; x_wconf 88' lang='lat' dir='ltr'>incipiunt.</span> <span class='ocrx_word' id='word_1_674' title='bbox 3129 3814 3305 3867; x_wconf 90' lang='lat' dir='ltr'>Utens</span> <span class='ocrx_word' id='word_1_675' title='bbox 3349 3813 3697 3871; x_wconf 88' lang='lat' dir='ltr'>auctoritate</span> 
     </span>
    </p>
   </div>
   <div class='ocr_carea' id='block_1_87' title="bbox 2037 3900 3699 3972">
    <p class='ocr_par' dir='ltr' id='par_1_87' title="bbox 2037 3900 3699 3972">
     <span class='ocr_line' id='line_1_87' title="bbox 2037 3900 3699 3972; baseline -0.001 -12"><span class='ocrx_word' id='word_1_676' title='bbox 2037 3903 2281 3960; x_wconf 83' lang='lat' dir='ltr'>Joannis</span> <span class='ocrx_word' id='word_1_677' title='bbox 2308 3901 2538 3972; x_wconf 81' lang='lat' dir='ltr'>Anglici</span> <span class='ocrx_word' id='word_1_678' title='bbox 2563 3900 2844 3957; x_wconf 89' lang='lat' dir='ltr'>dicentis:</span> <span class='ocrx_word' id='word_1_679' title='bbox 2876 3923 2903 3949; x_wconf 83' lang='lat'><strong><em>«</em></strong></span> <span class='ocrx_word' id='word_1_680' title='bbox 2922 3903 3066 3956; x_wconf 88' lang='lat' dir='ltr'>Tota</span> <span class='ocrx_word' id='word_1_681' title='bbox 3092 3900 3180 3955; x_wconf 91' lang='lat' dir='ltr'>vis</span> <span class='ocrx_word' id='word_1_682' title='bbox 3206 3905 3418 3957; x_wconf 90' lang='lat' dir='ltr'>cantus</span> <span class='ocrx_word' id='word_1_683' title='bbox 3449 3903 3527 3959; x_wconf 89' lang='lat' dir='ltr'>ad</span> <span class='ocrx_word' id='word_1_684' title='bbox 3554 3902 3699 3959; x_wconf 87' lang='lat' dir='ltr'>ﬁna-</span> 
     </span>
    </p>
   </div>
   <div class='ocr_carea' id='block_1_88' title="bbox 2037 3987 3698 4065">
    <p class='ocr_par' dir='ltr' id='par_1_88' title="bbox 2037 3987 3698 4065">
     <span class='ocr_line' id='line_1_88' title="bbox 2037 3987 3698 4065; baseline -0.001 -17"><span class='ocrx_word' id='word_1_685' title='bbox 2037 3993 2123 4048; x_wconf 89' lang='lat' dir='ltr'>les</span> <span class='ocrx_word' id='word_1_686' title='bbox 2152 3990 2410 4065; x_wconf 89' lang='lat' dir='ltr'>respicit,</span> <span class='ocrx_word' id='word_1_687' title='bbox 2441 3994 2497 4046; x_wconf 91' lang='lat' dir='ltr'>et</span> <span class='ocrx_word' id='word_1_688' title='bbox 2525 4004 2888 4062; x_wconf 87' lang='lat' dir='ltr'>quocunque</span> <span class='ocrx_word' id='word_1_689' title='bbox 2925 3987 3111 4044; x_wconf 91' lang='lat' dir='ltr'>modo</span> <span class='ocrx_word' id='word_1_690' title='bbox 3138 3989 3423 4060; x_wconf 89' lang='lat' dir='ltr'>variatur,</span> <span class='ocrx_word' id='word_1_691' title='bbox 3456 4006 3698 4065; x_wconf 91' lang='lat' dir='ltr'>semper</span> 
     </span>
    </p>
   </div>
   <div class='ocr_carea' id='block_1_89' title="bbox 2038 4078 3698 4151">
    <p class='ocr_par' dir='ltr' id='par_1_89' title="bbox 2038 4078 3698 4151">
     <span class='ocr_line' id='line_1_89' title="bbox 2038 4078 3698 4151; baseline 0 -13"><span class='ocrx_word' id='word_1_692' title='bbox 2038 4081 2092 4138; x_wconf 93' lang='lat' dir='ltr'>ei</span> <span class='ocrx_word' id='word_1_693' title='bbox 2115 4079 2337 4137; x_wconf 91' lang='lat' dir='ltr'>modus</span> <span class='ocrx_word' id='word_1_694' title='bbox 2368 4078 2810 4151; x_wconf 89' lang='lat' dir='ltr'>adjudicandus</span> <span class='ocrx_word' id='word_1_695' title='bbox 2842 4082 2949 4147; x_wconf 90' lang='lat' dir='ltr'>est,</span> <span class='ocrx_word' id='word_1_696' title='bbox 2963 4078 3025 4133; x_wconf 89' lang='lat' dir='ltr'>in</span> <span class='ocrx_word' id='word_1_697' title='bbox 3045 4078 3218 4149; x_wconf 90' lang='lat' dir='ltr'>cujus</span> <span class='ocrx_word' id='word_1_698' title='bbox 3241 4078 3409 4136; x_wconf 90' lang='lat' dir='ltr'>ﬁnali</span> <span class='ocrx_word' id='word_1_699' title='bbox 3430 4096 3698 4138; x_wconf 89' lang='lat' dir='ltr'>cessave-</span> 
     </span>
    </p>
   </div>
   <div class='ocr_carea' id='block_1_90' title="bbox 2037 4166 3697 4241">
    <p class='ocr_par' dir='ltr' id='par_1_90' title="bbox 2037 4166 3697 4241">
     <span class='ocr_line' id='line_1_90' title="bbox 2037 4166 3697 4241; baseline 0.001 -15"><span class='ocrx_word' id='word_1_700' title='bbox 2037 4170 2146 4227; x_wconf 88' lang='lat' dir='ltr'>rit:</span> <span class='ocrx_word' id='word_1_701' title='bbox 2170 4194 2198 4221; x_wconf 87' lang='lat'>»</span> <span class='ocrx_word' id='word_1_702' title='bbox 2228 4168 2390 4225; x_wconf 91' lang='lat' dir='ltr'>unde</span> <span class='ocrx_word' id='word_1_703' title='bbox 2420 4166 2599 4235; x_wconf 91' lang='lat' dir='ltr'>idem,</span> <span class='ocrx_word' id='word_1_704' title='bbox 2627 4167 3178 4241; x_wconf 89' lang='lat' dir='ltr'>quomodocunque</span> <span class='ocrx_word' id='word_1_705' title='bbox 3208 4174 3421 4225; x_wconf 89' lang='lat' dir='ltr'>cantus</span> <span class='ocrx_word' id='word_1_706' title='bbox 3444 4169 3518 4226; x_wconf 91' lang='lat' dir='ltr'>sit</span> <span class='ocrx_word' id='word_1_707' title='bbox 3540 4169 3697 4228; x_wconf 85' lang='lat' dir='ltr'>falsi-</span> 
     </span>
    </p>
   </div>
   <div class='ocr_carea' id='block_1_91' title="bbox 2037 4256 3693 4332">
    <p class='ocr_par' dir='ltr' id='par_1_91' title="bbox 2037 4256 3693 4332">
     <span class='ocr_line' id='line_1_91' title="bbox 2037 4256 3693 4332; baseline 0.001 -16"><span class='ocrx_word' id='word_1_708' title='bbox 2037 4260 2251 4316; x_wconf 89' lang='lat' dir='ltr'>ﬁcatus</span> <span class='ocrx_word' id='word_1_709' title='bbox 2280 4257 2373 4315; x_wconf 92' lang='lat' dir='ltr'>vel</span> <span class='ocrx_word' id='word_1_710' title='bbox 2401 4257 2895 4332; x_wconf 88' lang='lat' dir='ltr'>qualitercunque</span> <span class='ocrx_word' id='word_1_711' title='bbox 2938 4256 3226 4324; x_wconf 87' lang='lat' dir='ltr'>variatus,</span> <span class='ocrx_word' id='word_1_712' title='bbox 3257 4259 3337 4316; x_wconf 90' lang='lat' dir='ltr'>ad</span> <span class='ocrx_word' id='word_1_713' title='bbox 3365 4276 3544 4316; x_wconf 91' lang='lat' dir='ltr'>suum</span> <span class='ocrx_word' id='word_1_714' title='bbox 3574 4265 3693 4318; x_wconf 80' lang='lat' dir='ltr'>tro-</span> 
     </span>
    </p>
   </div>
   <div class='ocr_carea' id='block_1_92' title="bbox 258 4341 3693 4442">
    <p class='ocr_par' dir='ltr' id='par_1_92' title="bbox 258 4341 3693 4442">
     <span class='ocr_line' id='line_1_92' title="bbox 258 4341 3693 4442; baseline 0.002 -44"><span class='ocrx_word' id='word_1_715' title='bbox 258 4341 523 4442; x_wconf 61' lang='lat' dir='ltr'>dicatur,</span> <span class='ocrx_word' id='word_1_716' title='bbox 555 4346 604 4397; x_wconf 91' lang='lat' dir='ltr'>si</span> <span class='ocrx_word' id='word_1_717' title='bbox 630 4343 758 4442; x_wconf 74' lang='lat' dir='ltr'>liceo</span> <span class='ocrx_word' id='word_1_718' title='bbox 799 4342 978 4442; x_wconf 67' lang='lat' dir='ltr'>dictio</span> <span class='ocrx_word' id='word_1_719' title='bbox 1022 4350 1184 4400; x_wconf 87' lang='lat' dir='ltr'>tuam</span> <span class='ocrx_word' id='word_1_720' title='bbox 1213 4359 1434 4442; x_wconf 38' lang='lat' dir='ltr'>.vocem</span> <span class='ocrx_word' id='word_1_721' title='bbox 1464 4342 1711 4442; x_wconf 73' lang='lat' dir='ltr'>ﬁnalem</span> <span class='ocrx_word' id='word_1_722' title='bbox 1740 4342 1922 4442; x_wconf 77' lang='lat' dir='ltr'>hujus</span> <span class='ocrx_word' id='word_1_723' title='bbox 1965 4388 2007 4442; x_wconf 66' lang='grc' dir='ltr'><strong>Β</strong></span> <span class='ocrx_word' id='word_1_724' title='bbox 2036 4364 2186 4422; x_wconf 89' lang='lat' dir='ltr'>pum</span> <span class='ocrx_word' id='word_1_725' title='bbox 2211 4346 2633 4403; x_wconf 91' lang='lat' dir='ltr'>convenienter</span> <span class='ocrx_word' id='word_1_726' title='bbox 2658 4345 3013 4415; x_wconf 89' lang='lat' dir='ltr'>reducatur;</span> <span class='ocrx_word' id='word_1_727' title='bbox 3059 4346 3196 4404; x_wconf 88' lang='lat' dir='ltr'>dico</span> <span class='ocrx_word' id='word_1_728' title='bbox 3236 4348 3465 4406; x_wconf 90' lang='lat' dir='ltr'>dictum</span> <span class='ocrx_word' id='word_1_729' title='bbox 3492 4348 3693 4405; x_wconf 85' lang='lat' dir='ltr'>introi-</span> 
     </span>
    </p>
   </div>
   <div class='ocr_carea' id='block_1_93' title="bbox 259 4430 1924 4504">
    <p class='ocr_par' dir='ltr' id='par_1_93' title="bbox 259 4430 1924 4504">
     <span class='ocr_line' id='line_1_93' title="bbox 259 4430 1924 4504; baseline 0.001 -17"><span class='ocrx_word' id='word_1_730' title='bbox 259 4430 544 4488; x_wconf 89' lang='lat' dir='ltr'>dictionis</span> <span class='ocrx_word' id='word_1_731' title='bbox 554 4432 1022 4488; x_wconf 81' lang='lat' dir='ltr'>misericordiam</span> <span class='ocrx_word' id='word_1_732' title='bbox 1045 4431 1338 4504; x_wconf 89' lang='lat' dir='ltr'>repetierit</span> <span class='ocrx_word' id='word_1_733' title='bbox 1360 4431 1768 4499; x_wconf 89' lang='lat' dir='ltr'>ascendendo,</span> <span class='ocrx_word' id='word_1_734' title='bbox 1786 4432 1924 4489; x_wconf 89' lang='lat' dir='ltr'>irre-</span> 
     </span>
    </p>
   </div>
   <div class='ocr_carea' id='block_1_94' title="bbox 260 4520 1928 4595">
    <p class='ocr_par' dir='ltr' id='par_1_94' title="bbox 260 4520 1928 4595">
     <span class='ocr_line' id='line_1_94' title="bbox 260 4520 1928 4595; baseline 0.001 -17"><span class='ocrx_word' id='word_1_735' title='bbox 260 4520 550 4592; x_wconf 84' lang='lat' dir='ltr'>gulariter</span> <span class='ocrx_word' id='word_1_736' title='bbox 585 4521 951 4589; x_wconf 88' lang='lat' dir='ltr'>terminatur,</span> <span class='ocrx_word' id='word_1_737' title='bbox 983 4521 1127 4594; x_wconf 89' lang='lat' dir='ltr'>quia</span> <span class='ocrx_word' id='word_1_738' title='bbox 1153 4520 1214 4577; x_wconf 92' lang='lat' dir='ltr'><strong>in</strong></span> <span class='ocrx_word' id='word_1_739' title='bbox 1238 4524 1278 4579; x_wconf 93' lang='lat' dir='ltr'>C</span> <span class='ocrx_word' id='word_1_740' title='bbox 1304 4522 1470 4593; x_wconf 84' lang='lat' dir='ltr'>gravi</span> <span class='ocrx_word' id='word_1_741' title='bbox 1490 4520 1724 4595; x_wconf 91' lang='lat' dir='ltr'>primus</span> <span class='ocrx_word' id='word_1_742' title='bbox 1755 4523 1928 4580; x_wconf 86' lang='lat' dir='ltr'>semi-</span> 
     </span>
    </p>
   </div>
   <div class='ocr_carea' id='block_1_95' title="bbox 260 4609 1928 4685">
    <p class='ocr_par' dir='ltr' id='par_1_95' title="bbox 260 4609 1928 4685">
     <span class='ocr_line' id='line_1_95' title="bbox 260 4609 1928 4685; baseline 0.002 -19"><span class='ocrx_word' id='word_1_743' title='bbox 260 4612 503 4666; x_wconf 86' lang='lat' dir='ltr'>tonium</span> <span class='ocrx_word' id='word_1_744' title='bbox 525 4609 887 4680; x_wconf 89' lang='lat' dir='ltr'>terminaret,</span> <span class='ocrx_word' id='word_1_745' title='bbox 905 4610 1071 4683; x_wconf 92' lang='lat' dir='ltr'>quod</span> <span class='ocrx_word' id='word_1_746' title='bbox 1094 4625 1219 4667; x_wconf 92' lang='lat' dir='ltr'>non</span> <span class='ocrx_word' id='word_1_747' title='bbox 1245 4615 1332 4667; x_wconf 89' lang='lat' dir='ltr'>est</span> <span class='ocrx_word' id='word_1_748' title='bbox 1352 4611 1523 4667; x_wconf 87' lang='lat' dir='ltr'>sedes</span> <span class='ocrx_word' id='word_1_749' title='bbox 1549 4611 1703 4683; x_wconf 91' lang='lat' dir='ltr'>proti</span> <span class='ocrx_word' id='word_1_750' title='bbox 1723 4611 1928 4685; x_wconf 84' lang='lat' dir='ltr'>plaga—</span> 
     </span>
    </p>
   </div>
   <div class='ocr_carea' id='block_1_96' title="bbox 258 4697 1925 4769">
    <p class='ocr_par' dir='ltr' id='par_1_96' title="bbox 258 4697 1925 4769">
     <span class='ocr_line' id='line_1_96' title="bbox 258 4697 1925 4769; baseline 0.002 -15"><span class='ocrx_word' id='word_1_751' title='bbox 258 4697 359 4769; x_wconf 90' lang='lat' dir='ltr'>lis,</span> <span class='ocrx_word' id='word_1_752' title='bbox 394 4715 535 4754; x_wconf 89' lang='lat' dir='ltr'>cum</span> <span class='ocrx_word' id='word_1_753' title='bbox 566 4703 766 4755; x_wconf 90' lang='lat' dir='ltr'>tamen</span> <span class='ocrx_word' id='word_1_754' title='bbox 810 4698 905 4755; x_wconf 89' lang='lat' dir='ltr'>hic</span> <span class='ocrx_word' id='word_1_755' title='bbox 952 4704 1164 4755; x_wconf 89' lang='lat' dir='ltr'>cantus</span> <span class='ocrx_word' id='word_1_756' title='bbox 1202 4699 1275 4756; x_wconf 90' lang='lat' dir='ltr'>sit</span> <span class='ocrx_word' id='word_1_757' title='bbox 1327 4699 1576 4756; x_wconf 88' lang='lat' dir='ltr'>secundi</span> <span class='ocrx_word' id='word_1_758' title='bbox 1620 4700 1805 4757; x_wconf 90' lang='lat' dir='ltr'>modi.</span> <span class='ocrx_word' id='word_1_759' title='bbox 1857 4704 1925 4758; x_wconf 89' lang='lat' dir='ltr'>Ut</span> 
     </span>
    </p>
   </div>
   <div class='ocr_carea' id='block_1_97' title="bbox 262 4787 1926 4863">
    <p class='ocr_par' dir='ltr' id='par_1_97' title="bbox 262 4787 1926 4863">
     <span class='ocr_line' id='line_1_97' title="bbox 262 4787 1926 4863; baseline 0.003 -20"><span class='ocrx_word' id='word_1_760' title='bbox 262 4792 467 4844; x_wconf 90' lang='lat' dir='ltr'>autem</span> <span class='ocrx_word' id='word_1_761' title='bbox 511 4787 888 4844; x_wconf 88' lang='lat' dir='ltr'>artiﬁcialiter</span> <span class='ocrx_word' id='word_1_762' title='bbox 913 4789 1235 4845; x_wconf 89' lang='lat' dir='ltr'>reducatur</span> <span class='ocrx_word' id='word_1_763' title='bbox 1260 4789 1339 4845; x_wconf 90' lang='lat' dir='ltr'>ad</span> <span class='ocrx_word' id='word_1_764' title='bbox 1383 4790 1608 4857; x_wconf 89' lang='lat' dir='ltr'>sedem,</span> <span class='ocrx_word' id='word_1_765' title='bbox 1641 4790 1926 4863; x_wconf 87' lang='lat' dir='ltr'>incipien-</span> 
     </span>
    </p>
   </div>
   <div class='ocr_carea' id='block_1_98' title="bbox 258 4875 1925 4951">
    <p class='ocr_par' dir='ltr' id='par_1_98' title="bbox 258 4875 1925 4951">
     <span class='ocr_line' id='line_1_98' title="bbox 258 4875 1925 4951; baseline 0.002 -19"><span class='ocrx_word' id='word_1_766' title='bbox 258 4875 382 4932; x_wconf 86' lang='lat' dir='ltr'>dus</span> <span class='ocrx_word' id='word_1_767' title='bbox 412 4876 589 4932; x_wconf 90' lang='lat' dir='ltr'>estin</span> <span class='ocrx_word' id='word_1_768' title='bbox 621 4879 662 4931; x_wconf 89' lang='lat' dir='ltr'>G</span> <span class='ocrx_word' id='word_1_769' title='bbox 696 4876 882 4946; x_wconf 89' lang='lat' dir='ltr'>gravi,</span> <span class='ocrx_word' id='word_1_770' title='bbox 923 4880 979 4932; x_wconf 91' lang='lat' dir='ltr'>et</span> <span class='ocrx_word' id='word_1_771' title='bbox 1018 4877 1216 4933; x_wconf 88' lang='lat' dir='ltr'>ﬁnalis</span> <span class='ocrx_word' id='word_1_772' title='bbox 1254 4893 1373 4934; x_wconf 81' lang='lat' dir='ltr'>vox</span> <span class='ocrx_word' id='word_1_773' title='bbox 1420 4879 1602 4951; x_wconf 86' lang='lat' dir='ltr'>hujus</span> <span class='ocrx_word' id='word_1_774' title='bbox 1649 4879 1925 4937; x_wconf 89' lang='lat' dir='ltr'>dictionis</span> 
     </span>
    </p>
   </div>
   <div class='ocr_carea' id='block_1_99' title="bbox 257 4966 1922 5042">
    <p class='ocr_par' dir='ltr' id='par_1_99' title="bbox 257 4966 1922 5042">
     <span class='ocr_line' id='line_1_99' title="bbox 257 4966 1922 5042; baseline 0.002 -20"><span class='ocrx_word' id='word_1_775' title='bbox 257 4967 737 5024; x_wconf 83' lang='lat' dir='ltr'>misericordiam</span> <span class='ocrx_word' id='word_1_776' title='bbox 794 4966 905 5023; x_wconf 92' lang='lat' dir='ltr'>erit</span> <span class='ocrx_word' id='word_1_777' title='bbox 951 4970 994 5023; x_wconf 91' lang='lat' dir='ltr'>D</span> <span class='ocrx_word' id='word_1_778' title='bbox 1043 4983 1245 5038; x_wconf 87' lang='lat' dir='ltr'>grave,</span> <span class='ocrx_word' id='word_1_779' title='bbox 1295 4972 1352 5025; x_wconf 89' lang='lat' dir='ltr'>et</span> <span class='ocrx_word' id='word_1_780' title='bbox 1407 4985 1665 5042; x_wconf 90' lang='lat' dir='ltr'>sequens</span> <span class='ocrx_word' id='word_1_781' title='bbox 1721 4970 1922 5040; x_wconf 91' lang='lat' dir='ltr'>dictio,</span> 
     </span>
    </p>
   </div>
   <div class='ocr_carea' id='block_1_100' title="bbox 260 5056 1924 5131">
    <p class='ocr_par' dir='ltr' id='par_1_100' title="bbox 260 5056 1924 5131">
     <span class='ocr_line' id='line_1_100' title="bbox 260 5056 1924 5131; baseline 0.003 -19"><span class='ocrx_word' id='word_1_782' title='bbox 260 5056 507 5124; x_wconf 82' lang='lat' dir='ltr'>scilicet,</span> <span class='ocrx_word' id='word_1_783' title='bbox 554 5062 742 5126; x_wconf 82' lang='lat' dir='ltr'>tuam,</span> <span class='ocrx_word' id='word_1_784' title='bbox 772 5057 1114 5131; x_wconf 90' lang='lat' dir='ltr'>incipienda</span> <span class='ocrx_word' id='word_1_785' title='bbox 1163 5060 1271 5114; x_wconf 92' lang='lat' dir='ltr'>erit</span> <span class='ocrx_word' id='word_1_786' title='bbox 1320 5058 1382 5114; x_wconf 94' lang='lat' dir='ltr'><strong>in</strong></span> <span class='ocrx_word' id='word_1_787' title='bbox 1427 5061 1470 5114; x_wconf 91' lang='lat' dir='ltr'>D</span> <span class='ocrx_word' id='word_1_788' title='bbox 1516 5060 1703 5129; x_wconf 89' lang='lat' dir='ltr'>gravi,</span> <span class='ocrx_word' id='word_1_789' title='bbox 1744 5064 1798 5116; x_wconf 92' lang='lat' dir='ltr'>et</span> <span class='ocrx_word' id='word_1_790' title='bbox 1842 5060 1924 5118; x_wconf 90' lang='lat' dir='ltr'>ita</span> 
     </span>
    </p>
   </div>
   <div class='ocr_carea' id='block_1_101' title="bbox 256 5144 1922 5219">
    <p class='ocr_par' dir='ltr' id='par_1_101' title="bbox 256 5144 1922 5219">
     <span class='ocr_line' id='line_1_101' title="bbox 256 5144 1922 5219; baseline 0.003 -20"><span class='ocrx_word' id='word_1_791' title='bbox 256 5144 691 5218; x_wconf 86' lang='lat' dir='ltr'>prosequendo</span> <span class='ocrx_word' id='word_1_792' title='bbox 720 5144 1033 5219; x_wconf 89' lang='lat' dir='ltr'>plagaliter</span> <span class='ocrx_word' id='word_1_793' title='bbox 1060 5146 1121 5202; x_wconf 92' lang='lat' dir='ltr'>in</span> <span class='ocrx_word' id='word_1_794' title='bbox 1165 5149 1204 5203; x_wconf 87' lang='lat' dir='ltr'>E</span> <span class='ocrx_word' id='word_1_795' title='bbox 1234 5147 1403 5217; x_wconf 89' lang='lat' dir='ltr'>gravi</span> <span class='ocrx_word' id='word_1_796' title='bbox 1438 5146 1696 5215; x_wconf 88' lang='lat' dir='ltr'>ﬁnietur,</span> <span class='ocrx_word' id='word_1_797' title='bbox 1726 5146 1922 5205; x_wconf 87' lang='lat' dir='ltr'>ﬁnalis</span> 
     </span>
    </p>
   </div>
   <div class='ocr_carea' id='block_1_102' title="bbox 255 5234 1922 5309">
    <p class='ocr_par' dir='ltr' id='par_1_102' title="bbox 255 5234 1922 5309">
     <span class='ocr_line' id='line_1_102' title="bbox 255 5234 1922 5309; baseline 0.002 -20"><span class='ocrx_word' id='word_1_798' title='bbox 255 5247 409 5290; x_wconf 78' lang='lat' dir='ltr'>vero</span> <span class='ocrx_word' id='word_1_799' title='bbox 419 5234 764 5292; x_wconf 83' lang='lat' dir='ltr'>voxharum</span> <span class='ocrx_word' id='word_1_800' title='bbox 784 5234 1116 5292; x_wconf 85' lang='lat' dir='ltr'>dictionum</span> <span class='ocrx_word' id='word_1_801' title='bbox 1136 5253 1149 5292; x_wconf 91' lang='lat'>:</span> <span class='ocrx_word' id='word_1_802' title='bbox 1174 5242 1341 5292; x_wconf 83' lang='lat' dir='ltr'>tuum</span> <span class='ocrx_word' id='word_1_803' title='bbox 1359 5241 1413 5293; x_wconf 90' lang='lat' dir='ltr'>et</span> <span class='ocrx_word' id='word_1_804' title='bbox 1438 5238 1711 5294; x_wconf 82' lang='lat' dir='ltr'>avertisti</span> <span class='ocrx_word' id='word_1_805' title='bbox 1728 5237 1922 5309; x_wconf 87' lang='lat' dir='ltr'>fungi-</span> 
     </span>
    </p>
   </div>
   <div class='ocr_carea' id='block_1_103' title="bbox 339 5667 1047 5740">
    <p class='ocr_par' dir='ltr' id='par_1_103' title="bbox 339 5667 1047 5740">
     <span class='ocr_line' id='line_1_103' title="bbox 339 5667 1047 5740; baseline 0.004 -16"><span class='ocrx_word' id='word_1_806' title='bbox 339 5667 455 5740; x_wconf 81' lang='lat'>(36)</span> <span class='ocrx_word' id='word_1_807' title='bbox 492 5670 619 5726; x_wconf 82' lang='lat' dir='ltr'>Non</span> <span class='ocrx_word' id='word_1_808' title='bbox 645 5667 804 5725; x_wconf 81' lang='lat' dir='ltr'>deest</span> <span class='ocrx_word' id='word_1_809' title='bbox 827 5669 892 5726; x_wconf 78' lang='lat' dir='ltr'>in</span> <span class='ocrx_word' id='word_1_810' title='bbox 922 5668 1047 5729; x_wconf 68' lang='lat' dir='ltr'>uel.</span> 
     </span>
    </p>
   </div>
   <div class='ocr_carea' id='block_1_104' title="bbox 2036 4436 3689 4511">
    <p class='ocr_par' dir='ltr' id='par_1_104' title="bbox 2036 4436 3689 4511">
     <span class='ocr_line' id='line_1_104' title="bbox 2036 4436 3689 4511; baseline 0 -17"><span class='ocrx_word' id='word_1_811' title='bbox 2036 4442 2167 4495; x_wconf 91' lang='lat' dir='ltr'>tum</span> <span class='ocrx_word' id='word_1_812' title='bbox 2196 4437 2387 4495; x_wconf 90' lang='lat' dir='ltr'>taliter</span> <span class='ocrx_word' id='word_1_813' title='bbox 2432 4436 2668 4494; x_wconf 88' lang='lat' dir='ltr'>reduci:</span> <span class='ocrx_word' id='word_1_814' title='bbox 2716 4436 3040 4511; x_wconf 91' lang='lat' dir='ltr'>Incipiatur</span> <span class='ocrx_word' id='word_1_815' title='bbox 3074 4437 3137 4494; x_wconf 92' lang='lat' dir='ltr'><strong>in</strong></span> <span class='ocrx_word' id='word_1_816' title='bbox 3185 4441 3226 4495; x_wconf 91' lang='lat' dir='ltr'>G</span> <span class='ocrx_word' id='word_1_817' title='bbox 3259 4439 3446 4510; x_wconf 88' lang='lat' dir='ltr'>gravi,</span> <span class='ocrx_word' id='word_1_818' title='bbox 3479 4442 3536 4494; x_wconf 92' lang='lat' dir='ltr'>et</span> <span class='ocrx_word' id='word_1_819' title='bbox 3562 4439 3689 4494; x_wconf 83' lang='lat' dir='ltr'>haec</span> 
     </span>
    </p>
   </div>
   <div class='ocr_carea' id='block_1_105' title="bbox 2034 4525 3687 4601">
    <p class='ocr_par' dir='ltr' id='par_1_105' title="bbox 2034 4525 3687 4601">
     <span class='ocr_line' id='line_1_105' title="bbox 2034 4525 3687 4601; baseline -0.002 -17"><span class='ocrx_word' id='word_1_820' title='bbox 2034 4527 2213 4584; x_wconf 92' lang='lat' dir='ltr'>dictio</span> <span class='ocrx_word' id='word_1_821' title='bbox 2242 4527 2493 4585; x_wconf 86' lang='lat' dir='ltr'>Domine</span> <span class='ocrx_word' id='word_1_822' title='bbox 2514 4526 2831 4601; x_wconf 89' lang='lat' dir='ltr'>incipiatur</span> <span class='ocrx_word' id='word_1_823' title='bbox 2860 4526 2921 4582; x_wconf 93' lang='lat' dir='ltr'>in</span> <span class='ocrx_word' id='word_1_824' title='bbox 2952 4528 2993 4583; x_wconf 89' lang='lat' dir='ltr'>G</span> <span class='ocrx_word' id='word_1_825' title='bbox 3017 4527 3203 4597; x_wconf 86' lang='lat' dir='ltr'>gravi,</span> <span class='ocrx_word' id='word_1_826' title='bbox 3228 4531 3285 4583; x_wconf 93' lang='lat' dir='ltr'>et</span> <span class='ocrx_word' id='word_1_827' title='bbox 3311 4530 3581 4583; x_wconf 89' lang='lat' dir='ltr'>cantetur</span> <span class='ocrx_word' id='word_1_828' title='bbox 3597 4525 3687 4581; x_wconf 92' lang='lat' dir='ltr'>in-</span> 
     </span>
    </p>
   </div>
   <div class='ocr_carea' id='block_1_106' title="bbox 2033 4615 3689 4691">
    <p class='ocr_par' dir='ltr' id='par_1_106' title="bbox 2033 4615 3689 4691">
     <span class='ocr_line' id='line_1_106' title="bbox 2033 4615 3689 4691; baseline -0.002 -18"><span class='ocrx_word' id='word_1_829' title='bbox 2033 4617 2251 4673; x_wconf 87' lang='lat' dir='ltr'>tentive</span> <span class='ocrx_word' id='word_1_830' title='bbox 2296 4634 2403 4691; x_wconf 90' lang='lat' dir='ltr'>per</span> <span class='ocrx_word' id='word_1_831' title='bbox 2446 4622 2656 4673; x_wconf 89' lang='lat' dir='ltr'>tonum</span> <span class='ocrx_word' id='word_1_832' title='bbox 2687 4621 2744 4673; x_wconf 89' lang='lat' dir='ltr'>et</span> <span class='ocrx_word' id='word_1_833' title='bbox 2779 4621 3010 4687; x_wconf 88' lang='lat' dir='ltr'>tonum,</span> <span class='ocrx_word' id='word_1_834' title='bbox 3046 4620 3104 4671; x_wconf 89' lang='lat' dir='ltr'>et</span> <span class='ocrx_word' id='word_1_835' title='bbox 3134 4615 3495 4671; x_wconf 88' lang='lat' dir='ltr'>semitonum</span> <span class='ocrx_word' id='word_1_836' title='bbox 3521 4617 3578 4669; x_wconf 90' lang='lat' dir='ltr'>et</span> <span class='ocrx_word' id='word_1_837' title='bbox 3601 4629 3689 4670; x_wconf 90' lang='lat' dir='ltr'>se-</span> 
     </span>
    </p>
   </div>
   <div class='ocr_carea' id='block_1_107' title="bbox 2033 4702 3684 4772">
    <p class='ocr_par' dir='ltr' id='par_1_107' title="bbox 2033 4702 3684 4772">
     <span class='ocr_line' id='line_1_107' title="bbox 2033 4702 3684 4772; baseline -0.003 -11"><span class='ocrx_word' id='word_1_838' title='bbox 2033 4704 2351 4768; x_wconf 89' lang='lat' dir='ltr'>mitonum,</span> <span class='ocrx_word' id='word_1_839' title='bbox 2381 4709 2439 4760; x_wconf 90' lang='lat' dir='ltr'>et</span> <span class='ocrx_word' id='word_1_840' title='bbox 2469 4705 2596 4760; x_wconf 75' lang='lat' dir='ltr'>haec</span> <span class='ocrx_word' id='word_1_841' title='bbox 2625 4704 2807 4761; x_wconf 92' lang='lat' dir='ltr'>dictio</span> <span class='ocrx_word' id='word_1_842' title='bbox 2855 4705 2935 4760; x_wconf 88' lang='lat' dir='ltr'>ad</span> <span class='ocrx_word' id='word_1_843' title='bbox 2982 4703 3296 4759; x_wconf 88' lang='lat' dir='ltr'>inchoetur</span> <span class='ocrx_word' id='word_1_844' title='bbox 3326 4702 3387 4757; x_wconf 91' lang='lat' dir='ltr'><strong>in</strong></span> <span class='ocrx_word' id='word_1_845' title='bbox 3418 4702 3456 4757; x_wconf 92' lang='lat' dir='ltr'>d</span> <span class='ocrx_word' id='word_1_846' title='bbox 3487 4704 3684 4772; x_wconf 89' lang='lat' dir='ltr'>acuto,</span> 
     </span>
    </p>
   </div>
   <div class='ocr_carea' id='block_1_108' title="bbox 2032 4790 3687 4865">
    <p class='ocr_par' dir='ltr' id='par_1_108' title="bbox 2032 4790 3687 4865">
     <span class='ocr_line' id='line_1_108' title="bbox 2032 4790 3687 4865; baseline -0.003 -15"><span class='ocrx_word' id='word_1_847' title='bbox 2032 4798 2090 4850; x_wconf 92' lang='lat' dir='ltr'>et</span> <span class='ocrx_word' id='word_1_848' title='bbox 2116 4795 2246 4850; x_wconf 72' lang='lat' dir='ltr'>haec</span> <span class='ocrx_word' id='word_1_849' title='bbox 2265 4794 2442 4850; x_wconf 91' lang='lat' dir='ltr'>dictio</span> <span class='ocrx_word' id='word_1_850' title='bbox 2469 4794 2885 4865; x_wconf 83' lang='lat' dir='ltr'>adjuvandum</span> <span class='ocrx_word' id='word_1_851' title='bbox 2914 4792 3225 4847; x_wconf 90' lang='lat' dir='ltr'>inchoetur</span> <span class='ocrx_word' id='word_1_852' title='bbox 3253 4791 3313 4846; x_wconf 94' lang='lat' dir='ltr'>in</span> <span class='ocrx_word' id='word_1_853' title='bbox 3340 4790 3382 4845; x_wconf 92' lang='lat' dir='ltr'>d</span> <span class='ocrx_word' id='word_1_854' title='bbox 3411 4793 3606 4857; x_wconf 89' lang='lat' dir='ltr'>acuto,</span> <span class='ocrx_word' id='word_1_855' title='bbox 3629 4793 3687 4845; x_wconf 94' lang='lat' dir='ltr'>et</span> 
     </span>
    </p>
   </div>
   <div class='ocr_carea' id='block_1_109' title="bbox 2031 4882 3687 4955">
    <p class='ocr_par' dir='ltr' id='par_1_109' title="bbox 2031 4882 3687 4955">
     <span class='ocr_line' id='line_1_109' title="bbox 2031 4882 3687 4955; baseline -0.002 -17"><span class='ocrx_word' id='word_1_856' title='bbox 2031 4882 2375 4939; x_wconf 89' lang='lat' dir='ltr'>moduletur</span> <span class='ocrx_word' id='word_1_857' title='bbox 2418 4898 2525 4955; x_wconf 91' lang='lat' dir='ltr'>per</span> <span class='ocrx_word' id='word_1_858' title='bbox 2554 4887 2764 4937; x_wconf 73' lang='lat' dir='ltr'>tonum</span> <span class='ocrx_word' id='word_1_859' title='bbox 2816 4884 2873 4936; x_wconf 90' lang='lat' dir='ltr'>et</span> <span class='ocrx_word' id='word_1_860' title='bbox 2917 4883 3150 4943; x_wconf 90' lang='lat' dir='ltr'>tonum,</span> <span class='ocrx_word' id='word_1_861' title='bbox 3183 4883 3239 4935; x_wconf 93' lang='lat' dir='ltr'>et</span> <span class='ocrx_word' id='word_1_862' title='bbox 3275 4883 3486 4935; x_wconf 90' lang='lat' dir='ltr'>tonum</span> <span class='ocrx_word' id='word_1_863' title='bbox 3515 4882 3573 4935; x_wconf 88' lang='lat' dir='ltr'>et</span> <span class='ocrx_word' id='word_1_864' title='bbox 3601 4895 3687 4935; x_wconf 90' lang='lat' dir='ltr'>se-</span> 
     </span>
    </p>
   </div>
   <div class='ocr_carea' id='block_1_110' title="bbox 2032 4966 3684 5041">
    <p class='ocr_par' dir='ltr' id='par_1_110' title="bbox 2032 4966 3684 5041">
     <span class='ocr_line' id='line_1_110' title="bbox 2032 4966 3684 5041; baseline -0.002 -14"><span class='ocrx_word' id='word_1_865' title='bbox 2032 4970 2350 5041; x_wconf 89' lang='lat' dir='ltr'>mitonum,</span> <span class='ocrx_word' id='word_1_866' title='bbox 2373 4976 2429 5026; x_wconf 91' lang='lat' dir='ltr'>et</span> <span class='ocrx_word' id='word_1_867' title='bbox 2450 4969 2879 5025; x_wconf 78' lang='lat' dir='ltr'>semiditonum</span> <span class='ocrx_word' id='word_1_868' title='bbox 2903 4971 2960 5023; x_wconf 93' lang='lat' dir='ltr'>et</span> <span class='ocrx_word' id='word_1_869' title='bbox 2987 4970 3199 5023; x_wconf 89' lang='lat' dir='ltr'>tonum</span> <span class='ocrx_word' id='word_1_870' title='bbox 3225 4984 3238 5035; x_wconf 92' lang='lat'><strong>;</strong></span> <span class='ocrx_word' id='word_1_871' title='bbox 3269 4971 3326 5022; x_wconf 92' lang='lat' dir='ltr'>et</span> <span class='ocrx_word' id='word_1_872' title='bbox 3347 4966 3477 5023; x_wconf 71' lang='lat' dir='ltr'>haec</span> <span class='ocrx_word' id='word_1_873' title='bbox 3504 4966 3684 5025; x_wconf 91' lang='lat' dir='ltr'>dictio</span> 
     </span>
    </p>
   </div>
   <div class='ocr_carea' id='block_1_111' title="bbox 2029 5055 3686 5130">
    <p class='ocr_par' dir='ltr' id='par_1_111' title="bbox 2029 5055 3686 5130">
     <span class='ocr_line' id='line_1_111' title="bbox 2029 5055 3686 5130; baseline -0.001 -15"><span class='ocrx_word' id='word_1_874' title='bbox 2029 5075 2124 5117; x_wconf 88' lang='lat' dir='ltr'>me</span> <span class='ocrx_word' id='word_1_875' title='bbox 2150 5059 2319 5115; x_wconf 90' lang='lat' dir='ltr'>ﬁniat</span> <span class='ocrx_word' id='word_1_876' title='bbox 2346 5075 2377 5115; x_wconf 94' lang='lat' dir='ltr'>c</span> <span class='ocrx_word' id='word_1_877' title='bbox 2407 5064 2651 5114; x_wconf 88' lang='lat' dir='ltr'>acutum</span> <span class='ocrx_word' id='word_1_878' title='bbox 2685 5056 2983 5114; x_wconf 86' lang='lat' dir='ltr'>visitando</span> <span class='ocrx_word' id='word_1_879' title='bbox 3010 5055 3035 5110; x_wconf 89' lang='lat' dir='ltr'>t&#39;</span> <span class='ocrx_word' id='word_1_880' title='bbox 3058 5058 3322 5123; x_wconf 90' lang='lat' dir='ltr'>acutum,</span> <span class='ocrx_word' id='word_1_881' title='bbox 3354 5060 3412 5113; x_wconf 92' lang='lat' dir='ltr'>et</span> <span class='ocrx_word' id='word_1_882' title='bbox 3439 5057 3523 5113; x_wconf 91' lang='lat' dir='ltr'>sic</span> <span class='ocrx_word' id='word_1_883' title='bbox 3550 5072 3686 5130; x_wconf 89' lang='lat' dir='ltr'>pro-</span> 
     </span>
    </p>
   </div>
   <div class='ocr_carea' id='block_1_112' title="bbox 2031 5144 3680 5220">
    <p class='ocr_par' dir='ltr' id='par_1_112' title="bbox 2031 5144 3680 5220">
     <span class='ocr_line' id='line_1_112' title="bbox 2031 5144 3680 5220; baseline 0 -17"><span class='ocrx_word' id='word_1_884' title='bbox 2031 5147 2342 5220; x_wconf 90' lang='lat' dir='ltr'>sequendo</span> <span class='ocrx_word' id='word_1_885' title='bbox 2358 5147 2775 5204; x_wconf 90' lang='lat' dir='ltr'>convenienter</span> <span class='ocrx_word' id='word_1_886' title='bbox 2796 5144 3099 5203; x_wconf 90' lang='lat' dir='ltr'>reducitur</span> <span class='ocrx_word' id='word_1_887' title='bbox 3122 5144 3200 5201; x_wconf 92' lang='lat' dir='ltr'>ad</span> <span class='ocrx_word' id='word_1_888' title='bbox 3216 5161 3394 5202; x_wconf 91' lang='lat' dir='ltr'>suum</span> <span class='ocrx_word' id='word_1_889' title='bbox 3416 5149 3680 5220; x_wconf 91' lang='lat' dir='ltr'>tropum,</span> 
     </span>
    </p>
   </div>
   <div class='ocr_carea' id='block_1_113' title="bbox 2030 5237 3004 5294">
    <p class='ocr_par' dir='ltr' id='par_1_113' title="bbox 2030 5237 3004 5294">
     <span class='ocr_line' id='line_1_113' title="bbox 2030 5237 3004 5294; baseline 0 -2"><span class='ocrx_word' id='word_1_890' title='bbox 2030 5237 2253 5293; x_wconf 79' lang='lat' dir='ltr'>scilicet</span> <span class='ocrx_word' id='word_1_891' title='bbox 2275 5237 2601 5294; x_wconf 88' lang='lat' dir='ltr'>tetrardum</span> <span class='ocrx_word' id='word_1_892' title='bbox 2631 5239 3004 5294; x_wconf 89' lang='lat' dir='ltr'>authentum.</span> 
     </span>
    </p>
   </div>
  </div>
