3986 6178
279 261 385 319 435

1681 232 2015 296 eumoms
2052 204 2335 291 meum

3606 234 3712 291 436

349 379 708 439 Communio
735 379 955 435 Passer
977 374 1223 432 invenit.
1267 368 1583 427 Rarissime
1620 366 1749 421 haec
1776 378 1938 420 com-
1974 363 2022 417 Α
2049 356 2399 433 praedictam
2421 356 2765 426 dictionem,
2781 355 3000 413 scilicet
3025 358 3306 427 pretioso,
3338 370 3446 429 per
3464 359 3507 413 G
3533 360 3577 413 Ι)
3612 359 3652 413 F
3675 361 3713 414 E

280 471 490 529 munio
515 470 673 542 juste
700 466 949 524 canitur.
1001 465 1209 518 Errant
1234 460 1296 515 in
1325 459 1462 528 hoc,
1495 454 1662 530 quod
1692 468 1827 508 eam
1859 451 1947 542 in:-

283 539 607 634 cipiunt'in
651 555 695 613 G
726 553 909 626 gravi,
938 557 995 609 et
1038 550 1378 625 perducunt
1412 546 1475 602 in
1525 561 1556 601 c
1582 547 1826 634 acutum
1851 539 1945 634 vel

279 630 414 706 ind
439 647 705 714 acutum,
734 648 791 701 et
816 643 879 699 in
917 639 1117 697 medio
1151 638 1333 710 hujus
1372 638 1582 692 cantus
1610 630 1943 705 proprieta-

281 741 401 794 tem
429 732 586 811 proti
614 732 962 807 pervertunt
1003 727 1065 785 in
1107 724 1532 800 proprietatem
1582 720 1733 789 triti;
1780 722 1843 811 et
1869 732 1944 811 ex_

279 838 405 900 quo
430 807 579 882 tanti
604 822 679 879 sit
706 820 922 878 erroris
946 818 1024 875 ad
1044 815 1467 891 proprietatem
1490 811 1645 885 proti
1675 807 1943 900 authenti

279 896 476 972 taliter
502 911 844 969 reducatur.
879 907 1201 980 lncipiatur
1239 905 1370 976 jam
1408 902 1565 957 dicta
1594 896 1942 955 communio

279 1002 344 1059 in
398 1000 443 1057 Ι)
489 998 676 1070 gravi,
735 1000 792 1053 et
843 994 1205 1070 perducatur
1261 992 1456 1065 prima
1509 987 1742 1060 syllaba
1786 985 1849 1041 in
1898 985 1942 1040 G

282 1103 487 1162 grave,
544 1090 601 1144 et
645 1086 814 1143 ﬁnita
843 1086 958 1142 hac
985 1082 1243 1140 dictione
1291 1082 1529 1137 domum
1559 1078 1621 1133 in
1667 1078 1708 1131 G
1750 1072 1940 1145 gravi,

283 1188 544 1250 sequens
571 1173 752 1231 dictio
782 1177 841 1230 et
880 1168 1127 1245 recipiat
1170 1172 1213 1227 G
1253 1180 1451 1240 grave,
1483 1170 1540 1223 et
1569 1170 1828 1238 sequens
1858 1163 1947 1219 di-

283 1263 420 1333 ctio,
458 1263 582 1320 scil.
629 1268 838 1319 turtur
880 1264 1151 1318 cantetur
1191 1274 1300 1333 per
1337 1260 1380 1312 F
1423 1261 1480 1313 et
1521 1258 1565 1313 G
1592 1252 1824 1326 graves.
1862 1253 1944 1310 Si-

282 1351 500 1411 militer
519 1354 575 1409 et
601 1366 861 1426 sequens
882 1350 1060 1407 dictio
1091 1350 1213 1407 scil.
1238 1350 1449 1405 nidum
1479 1363 1619 1403 cum
1650 1343 1947 1418 sequenti-

280 1441 399 1498 bus
428 1437 789 1497 dictionibus
818 1436 1207 1496 modulentur
1249 1437 1311 1493 in
1341 1436 1623 1504 unisono,
1655 1436 1711 1489 et
1738 1446 1946 1489 secun-

281 1527 429 1587 dam
461 1529 759 1603 syllabam
787 1529 971 1600 hujus
1001 1526 1279 1584 dictionis
1309 1525 1433 1581 scil.
1460 1527 1732 1594 reponat,
1754 1520 1949 1577 visitet

2056 445 3215 517 FDEDDgraves,etabaacutoG
3264 446 3716 502 EGFEDE

2051 537 2093 589 F
2126 537 2169 592 D
2202 539 2266 593 D.
2300 540 2357 592 et
2386 536 2468 592 sic
2494 535 2843 606 regulariter
2864 532 3123 591 ﬁnietur.

2127 633 2448 706 Sequentia
2478 635 2593 690 Eia
2616 635 2969 690 recolamus.
2995 633 3180 704 Hujus
3202 633 3527 705 sequentiae
3548 634 3721 691 sedes

2052 725 2140 778 est
2181 723 2228 776 G
2256 735 2458 792 grave,
2508 726 2566 779 et
2612 722 2782 778 ﬁnito
2830 723 2944 779 hoc
2990 737 3187 790 versu,
3240 722 3363 778 scil.
3414 724 3575 779 Deus
3618 725 3724 795 qui

2053 813 2278 868 creavit
2306 811 2366 866 in
2398 812 2459 868 d.
2491 816 2686 881 acuto,
2711 827 2969 885 sequens
2988 827 3217 882 versus,
3244 812 3369 868 scil.
3394 813 3719 884 mirabilis,

2052 914 2175 956 non
2212 899 2530 972 incipiatur
2573 901 2634 956 in
2667 916 2706 971 g
2730 905 2925 971 acuto,
2955 901 3115 957 velut
3147 902 3385 958 usuales
3417 902 3722 975 deprava-

2050 993 2282 1064 veru_nt,
2316 989 2421 1045 sed
2449 991 2511 1045 in
2541 990 2580 1045 d
2608 993 2804 1057 acuto,
2839 994 2895 1046 et
2923 990 3051 1045 haec
3080 990 3260 1046 dictio
3284 992 3588 1047 mirabilis
3615 1007 3726 1064 per

2054 1079 2094 1135 d
2125 1095 2155 1134 c
2193 1058 2252 1161 Β]
2280 1094 2311 1134 c
2342 1082 2398 1135 et
2426 1079 2850 1153 prosequenda
2880 1085 2986 1150 est,
3018 1080 3351 1136 secundum
3400 1082 3566 1153 quod
3593 1058 3725 1137 haec

2054 1168 2363 1239 sequentia
2391 1168 2455 1224 in
2480 1170 2596 1225 hoc
2625 1169 2778 1225 libro
2806 1170 2919 1240 (38)
2956 1170 3306 1226 demoratur
3339 1174 3397 1227 et
3424 1170 3635 1226 ﬁnitur
3663 1170 3722 1226 in

2054 1256 2118 1309 G.
2152 1258 2319 1325 gravi
2349 1258 2463 1331 (39)
2488 1262 2545 1314 et
2574 1258 2705 1330 ejus
2736 1258 3048 1315 tetrardus.

2128 1357 2447 1431 Sequentia
2466 1359 2683 1416 Sancti
2693 1361 3005 1430 Baptistae.
3026 1361 3159 1415 Haec
3184 1361 3500 1434 sequentia
3514 1360 3727 1432 digno-

2055 1446 2235 1503 scitur
2262 1447 2593 1521 depravata
2626 1449 2688 1505 in
2718 1451 2833 1506 hoc
2860 1465 3070 1505 versu:
3119 1449 3422 1521 placatus,
3458 1455 3518 1507 et
3546 1451 3725 1508 etiam

2055 1534 2117 1590 in
2146 1534 2261 1591 hoc
2291 1552 2496 1592 versu:
2529 1542 2586 1593 et
2616 1540 2799 1609 agni;
2833 1553 2977 1593 nam
3002 1537 3253 1611 quidam
3286 1538 3449 1594 hunc
3481 1553 3726 1597 versum

281 1618 326 1676 b
353 1617 685 1675 rotundum
710 1621 979 1688 acutum,
1010 1617 1069 1672 et
1096 1616 1225 1671 haec
1252 1613 1434 1703 dictio
1456 1613 1663 1682 Ραιίοε
1691 1625 1800 1683 l3er
1821 1613 1863 1667 (ἶ
1892 1614 1949 1667 εἴ
2050 1627 2335 1696 placatus
2360 1626 2763 1684 diversimode
2778 1627 3082 1695 inchoent,
3106 1632 3161 1684 et
3176 1628 3548 1686 contendunt
3582 1646 3730 1703 quo-

282 1707 564 1778 F’graves
612 1707 900 1763 cantetur.
943 1707 1077 1760 Haec
1124 1702 1303 1759 dictio
1349 1716 1499 1790 suos
1531 1702 1801 1790 cantetur
1827 1713 1947 1790 per

2130 1714 2238 1771 odo
2263 1714 2598 1788 inchoetur,
2632 1717 2784 1773 sicut
2825 1720 2882 1773 et
2927 1717 3001 1773 de
3052 1717 3166 1774 hoc
3194 1733 3417 1774 versu:
3459 1723 3518 1775 et
3560 1702 3723 1790 agni.

284 1797 326 1853 F
355 1796 399 1852 G
425 1797 470 1851 D
503 1806 734 1865 graves,
766 1795 823 1849 et
849 1791 979 1848 haec
1009 1791 1189 1847 dictio
1219 1790 1448 1847 altaria
1484 1787 1797 1843 inchoetur
1822 1786 1885 1841 in
1910 1789 1949 1842 ιτ

285 1882 476 1957 gravi,
506 1884 564 1940 et
591 1884 861 1939 cantetur
889 1878 1275 1954 ascendendo
1305 1893 1414 1951 per
1440 1880 1654 1934 tonum
1683 1880 1741 1932 et
1769 1875 1949 1932 semi-

285 1970 583 2040 ditonum,
610 1973 668 2027 et
696 1969 779 2026 sic
830 1971 1229 2043 prosequatur
1275 1967 1354 2024 ad
1407 1966 1611 2034 ﬁnem,
1644 1969 1702 2021 et
1737 1964 1949 2038 procul

287 2059 476 2117 dubio
502 2060 566 2116 in
594 2060 638 2116 D
672 2057 839 2129 gravi
860 2058 968 2131 (37)
1001 2070 1145 2115 raro
1166 2056 1562 2127 permanebit.

358 2160 554 2234 Aufer
576 2176 613 2220 a
636 2177 747 2219 me.
766 2159 1264 2219 Communionem
1285 2157 1442 2216 hanc
1466 2157 1636 2214 multi
1658 2155 1951 2230 incipiunt

288 2253 351 2310 in
393 2268 425 2309 c
455 2255 654 2323 acuto,
704 2254 762 2308 et
805 2251 867 2307 in
919 2264 955 2307 a
1006 2254 1181 2307 acuto
1230 2247 1461 2316 ﬁniunt,
1493 2262 1755 2321 quorum
1806 2263 1951 2303 neu-

287 2346 448 2400 trum
475 2343 678 2399 tamen
700 2344 790 2398 est
820 2338 1071 2412 alicujus
1100 2339 1286 2406 modi,
1315 2336 1482 2412 quod
1508 2337 1949 2394 evidentissime

289 2431 573 2490 omnibus
587 2431 775 2505 liquet
800 2428 1068 2486 musicis.
1094 2429 1275 2500 Igitur
1286 2426 1752 2485 falsiﬁcaverunt
1772 2443 1953 2484 usua-

289 2521 377 2578 les
400 2522 531 2594 jam
560 2521 787 2577 dictum
818 2523 1049 2589 tonum,
1079 2521 1136 2574 et
1160 2517 1308 2574 alios
1354 2516 1641 2578 inﬁnitos.
1668 2514 1950 2586 ignoran-

288 2611 372 2669 tia
406 2607 541 2684 ipsa
570 2610 699 2666 haec
739 2611 1043 2666 causante.
1101 2606 1205 2663 Hic
1249 2611 1481 2675 cantus,
1513 2621 1654 2663 cum
1684 2606 1757 2662 sit
1784 2604 1951 2664 modi

288 2698 549 2768 tetrardi,
581 2697 961 2771 incipiendus
988 2699 1079 2753 est
1106 2696 1168 2752 in
1190 2697 1231 2753 G
1257 2695 1441 2768 gravi,
1475 2699 1531 2751 et
1549 2692 1712 2751 idem
1738 2700 1950 2752 cantus

287 2787 351 2846 in
375 2784 669 2862 principio
697 2785 1042 2844 immediate
1073 2784 1114 2842 d
1152 2789 1397 2841 acutum
1444 2800 1626 2841 suum
1670 2782 1951 2858 diapente

288 2876 536 2935 visitans
564 2872 774 2934 transit
809 2890 1001 2948 usque
1033 2888 1112 2931 an
1146 2871 1394 2931 ﬁnalem
1423 2871 1769 2943 dictionem,
1803 2872 1954 2929 scili-

293 2967 386 3022 cet
413 2969 518 3032 est,
550 2980 686 3037 quae
717 2962 1064 3020 modulatur
1092 2977 1198 3036 per
1242 2978 1278 3019 a
1323 2965 1568 3018 acutum
1614 2965 1671 3017 et
1694 2964 1737 3018 G
1770 2976 1951 3033 grave

292 3057 550 3123 tantum,
577 3057 634 3109 et
658 3052 742 3109 sic
772 3051 940 3109 modi
970 3051 1209 3110 tetrardi
1237 3050 1632 3125 permanebit.

367 3152 660 3214 Graduale
686 3155 937 3213 Domine
956 3154 1320 3225 praevenisti.
1349 3153 1540 3211 Etiam
1568 3154 1682 3211 hoc
1709 3152 1954 3226 gradale

293 3243 528 3319 absque
557 3242 984 3319 depravatione
1035 3243 1305 3317 nequivit
1331 3258 1704 3317 permanere.
1749 3242 1955 3301 Simili-

291 3336 381 3390 ter
403 3334 459 3392 et
483 3330 648 3391 aliud
666 3333 931 3404 gradale,
961 3332 1180 3391 scilicet
1200 3331 1527 3391 Benedicta
1552 3338 1607 3389 et
1633 3335 1955 3390 vemerabi-

294 3424 390 3494 lis,
420 3422 696 3496 ejusdem
724 3422 1020 3492 melodiae,
1037 3421 1172 3479 licet
1200 3421 1572 3494 frequentius
1599 3419 1661 3477 in
1690 3422 1953 3478 ecclesiis

292 3508 660 3569 decantetur.
721 3510 1074 3585 Depravatio
1122 3510 1474 3582 hujusmodi
1521 3514 1685 3583 patet
1731 3509 1794 3565 in
1838 3508 1952 3568 hac

292 3597 549 3658 dictione
570 3601 852 3669 pretioso,
884 3616 1021 3672 qum
1050 3597 1208 3654 ﬁniri
1236 3597 1414 3655 debet
1442 3599 1501 3654 in
1535 3600 1576 3655 G
1600 3598 1790 3669 gravi,
1811 3599 1955 3672 quia

294 3686 427 3746 talis
455 3684 718 3745 melodis.
747 3691 833 3744 est
851 3686 1009 3760 proti
1034 3684 1224 3754 modi,
1259 3686 1363 3743 sed
1393 3685 1601 3743 inﬁniti
1635 3686 1851 3743 ﬁniunt
1893 3687 1955 3743 in

297 3777 337 3835 (ἶ
363 3775 546 3849 gravi.
569 3775 778 3835 Statim
798 3793 1007 3834 versus
1029 3773 1293 3849 gradalis
1316 3775 1430 3833 hoc
1452 3793 1586 3833 esse
1608 3775 1829 3833 falsum
1850 3776 1955 3835 de-

294 3862 608 3937 monstrat,
639 3867 782 3941 quia
828 3865 1033 3925 ﬁnitur
1076 3866 1140 3924 in
1188 3869 1232 3924 D
1281 3866 1465 3938 gravi.
1516 3868 1707 3925 Etiam
1745 3885 1956 3925 omnes

294 3957 684 4034 proprietates
703 3956 859 4032 proti
879 3961 1236 4016 concurrent
1254 3957 1314 4015 in
1336 3957 1549 4015 eadem
1567 3959 1954 4033 symphonia,

294 4062 404 4121 per
431 4063 584 4123 quas
614 4052 815 4121 aperte
844 4046 1225 4119 cognoscitur
1252 4046 1424 4104 dictae
1446 4045 1722 4104 melodiee
1744 4046 1956 4121 depra-

297 4134 476 4193 vatio.
497 4136 684 4194 Canta
708 4135 904 4208 igitur,
927 4139 994 4194 ut
1023 4133 1104 4194 ad
1132 4140 1373 4211 protum
1403 4136 1602 4211 possis
1621 4135 1955 4213 pervenire,

394 4349 483 4417 38)
522 4350 709 4417 Forte,
739 4349 1084 4406 denotatur.

370 4276 488 4421 ἔθη
523 4276 649 4333 Mel.
668 4291 777 4334 sua
788 4278 1045 4348 propria
1069 4279 1205 4337 sede
1226 4281 1593 4352 regulanter
1611 4280 1954 4353 requiescet.
1997 4317 2042 4371 Β

394 4352 462 4406 38
522 4350 709 4417 Forte,
739 4349 1084 4406 denotatur.

2061 1802 2173 1861 Sed
2190 1804 2334 1877 quia
2350 1820 2616 1878 praesens
2647 1805 2954 1879 sequentia
2984 1812 3073 1863 est
3100 1804 3254 1879 proti
3285 1808 3581 1878 authenti,
3603 1822 3725 1864 me-

2057 1892 2166 1949 rito
2198 1893 2293 1950 hic
2322 1908 2553 1966 versus,
2589 1895 2710 1951 scil.
2740 1897 3041 1965 placatus,
3078 1896 3397 1952 inchoatur
3424 1896 3487 1953 in
3525 1913 3563 1953 a
3593 1912 3730 1954 acu-

2056 1986 2137 2049 to,
2170 1987 2226 2038 et
2256 1987 2397 2039 tunc
2449 1981 2661 2040 ultima
2699 1981 2878 2040 dictio
2910 1984 3181 2055 ejusdem
3223 2000 3432 2041 versus
3462 1986 3559 2042 vel
3599 1985 3726 2057 ejus

1985 2134 1992 2145 ,
2058 2071 2349 2128 consortis
2375 2076 2580 2128 manet
2608 2071 2668 2128 in
2698 2072 2738 2127 d
2782 2076 2979 2144 acuto,
3016 2079 3071 2129 et
3098 2072 3178 2129 sic
3209 2073 3564 2143 regulariter
3592 2088 3726 2148 per-

2058 2158 2294 2215 ducitur
2322 2158 2402 2216 ad
2431 2176 2610 2216 suum
2640 2158 2842 2232 ﬁnale,
2871 2161 3089 2217 scilicet
3120 2164 3161 2218 D
3196 2177 3401 2232 grave.

2132 2258 2451 2330 Sequentia
2477 2259 2641 2315 Laus
2673 2258 2781 2315 tibi
2811 2260 3063 2316 Christe.
3119 2260 3523 2317 Peccaverunt
3548 2276 3727 2318 usua-

2057 2343 2142 2401 les
2173 2345 2233 2401 in
2264 2344 2377 2402 hac
2423 2348 2752 2419 sequentia,
2785 2352 2842 2403 et
2886 2345 3218 2421 specialiter
3247 2349 3310 2404 in
3358 2349 3475 2405 hoc
3517 2365 3723 2406 versu:

2057 2434 2425 2508 Aphorisco;
2452 2450 2637 2509 quem
2680 2436 2973 2511 incipiunt
2995 2438 3056 2493 in
3090 2453 3120 2494 c
3151 2442 3348 2507 acuto,
3382 2443 3439 2495 et
3478 2439 3561 2494 sic
3588 2455 3729 2513 pro-

2060 2522 2368 2597 sequendo
2417 2524 2633 2582 ﬁniunt
2676 2527 2855 2583 etiam
2898 2526 2957 2582 in
2989 2543 3019 2583 c
3051 2532 3247 2584 acuto.
3282 2530 3561 2584 Attamen
3593 2544 3730 2586 eam

2060 2613 2122 2669 in
2150 2618 2188 2671 F
2218 2616 2386 2685 gravi
2415 2616 2736 2672 terminare
2789 2615 3160 2685 debuissent,
3197 2632 3271 2674 ex
3315 2633 3440 2691 quo
3491 2618 3608 2675 triti
3659 2619 3729 2675 sit

2060 2701 2347 2759 authenti.
2397 2703 2628 2760 Dimitte
2660 2705 2935 2761 usualem
2964 2705 3263 2763 ululatum
3288 2706 3349 2762 in
3379 2707 3497 2763 hoc
3526 2722 3727 2776 versu,

2060 2796 2117 2847 et
2142 2806 2279 2847 eum
2327 2791 2522 2865 incipe
2569 2791 2631 2848 in
2690 2795 2730 2849 F
2759 2794 2943 2865 gravi,
2976 2797 3032 2850 et
3073 2793 3154 2851 ita
3182 2796 3613 2869 prosequendo
3645 2812 3731 2853 se-

2060 2880 2370 2952 quentium
2425 2879 2488 2936 in
2540 2883 2578 2936 F
2633 2883 2801 2951 gravi
2865 2882 3295 2940 rationabiliter
3351 2885 3726 2942 terminabis.

2062 2967 2226 3025 Idem
2247 2969 2543 3040 judicium
2573 2970 2679 3026 erit
2722 2968 2797 3026 de
2835 2972 2949 3028 hac
2980 2974 3324 3046 sequentia:
3358 2976 3616 3031 Psallz'te
3645 2990 3731 3032 re-

1995 3065 2035 3120 t‘
2066 3060 2145 3130 gi,
2178 3058 2322 3131 quia
2351 3058 2626 3131 ejusdem
2655 3061 2749 3116 est
2777 3062 3175 3133 symphoniae.

2134 3158 2291 3212 Laus
2314 3157 2423 3213 tibi
2444 3158 2681 3214 Christe
2698 3159 2923 3215 Patris.
2951 3157 3140 3216 Etiam
3160 3160 3288 3216 hinc
3306 3161 3618 3234 sequentia
3638 3164 3731 3217 est

2061 3242 2390 3317 depravata
2411 3244 2471 3300 in
2491 3246 2604 3301 hoc
2620 3262 2824 3302 versu:
2857 3247 2929 3304 Ut
2946 3248 3142 3318 liceat,
3157 3264 3301 3304 nam
3316 3250 3573 3321 quidam
3586 3267 3733 3323 prae-

2062 3330 2287 3388 dictum
2300 3332 2916 3390 versuminchoantin
2943 3352 2978 3391 a
3002 3341 3199 3404 acuto,
3217 3341 3577 3394 cumtamen
3600 3338 3731 3411 ipsa

2059 3421 2123 3477 in
2150 3423 2192 3477 D
2225 3422 2391 3491 gravi
2414 3422 2570 3478 ﬁniri
2600 3422 2862 3494 deberet,
2887 3440 2957 3480 eo
2987 3424 3152 3497 quod
3185 3424 3258 3481 sit
3286 3425 3420 3498 ipsa
3450 3426 3608 3500 proti
3627 3444 3735 3483 au-

2063 3511 2265 3567 thenti.
2288 3514 2356 3567 Ut
2382 3510 2560 3581 igitur
2580 3511 2739 3568 dicta
2768 3514 3081 3586 sequentia
3108 3515 3431 3571 reducatur
3454 3516 3537 3573 ad
3553 3532 3731 3571 suum

2063 3598 2331 3670 ﬁnalem,
2359 3599 2527 3656 ﬁnito
2555 3616 2731 3656 versu
2765 3602 2931 3657 nobis
2963 3608 3224 3671 terrena,
3255 3603 3314 3658 in
3348 3619 3384 3658 a
3412 3609 3616 3676 acuto,
3647 3621 3733 3660 se-

2063 3706 2255 3762 quens
2280 3705 2506 3757 versus,
2541 3689 2763 3746 scilicet
2792 3697 2856 3746 ut
2883 3690 3076 3757 liceat,
3102 3690 3423 3765 incipiatur
3447 3694 3511 3749 in
3536 3695 3580 3747 D
3603 3710 3735 3765 gra-

2062 3776 2138 3843 vi,
2172 3777 2594 3835 etmoduletur
2625 3779 3594 3839 siczDGFcGaFGFEEE
3630 3783 3733 3839 I-‘G

2065 3867 2532 3924 GFEdEDD
2566 3869 2820 3925 FEED
2853 3871 2919 3935 D,
2951 3870 3115 3941 quod
3149 3874 3400 3927 versuet
3429 3872 3563 3943 ejus
3597 3888 3735 3928 con-

2065 3960 2219 4014 sorte
2245 3956 2425 4013 ﬁnitis
2451 3956 2694 4013 ultimus
2724 3974 2929 4014 versus
2949 3957 3033 4014 ita
3062 3957 3406 4016 moduletur
3431 3978 3445 4016 :
3479 3963 3524 4017 D
3553 3963 3592 4017 E
3628 3963 3668 4018 F
3686 3962 3732 4015 G

2068 4045 3733 4119 FFEEGaGFEDFECEFDD,etsicadsuum

2063 4133 2410 4208 regulariter
2440 4136 2788 4209 perducitur
2816 4134 3081 4193 ﬁnalem.
3440 4126 3449 4133 ’

2140 4278 2254 4351 (39)
2293 4281 2596 4350 Legerem,
2628 4283 2682 4335 et
2712 4284 2794 4336 est
2826 4279 3154 4337 tetrardus.

516 4719 1122 4852 QUOMODO
1197 4722 1357 4836 DE
1434 4720 2289 4837 ARITHMETICA
2365 4721 2965 4838 PROCEDIT
3040 4725 3503 4839 MUSIGA

372 4959 636 5031 Sequens
663 4959 1017 5030 opusculum
1047 4958 1111 5015 in
1140 4957 1271 5015 cod.
1300 4972 1409 5014 ms.
1439 4956 1501 5014 S.
1527 4954 1896 5031 Emmerami
1922 4957 2182 5031 habetur
2199 4964 2337 5031 post
2364 4959 2765 5030 Micrologum
2796 4958 3103 5016 Guidonis.
3136 4959 3233 5016 An
3266 4959 3553 5030 ejusdem,
3581 4976 3669 5017 an

1550 5028 1803 5086 alterius
1844 5028 2108 5085 auctoris
2137 5030 2213 5085 sit
2243 5030 2476 5101 ignoro.

343 5377 347 5381 .
378 5336 653 5410 Quinque
669 5336 878 5394 suntin
890 5338 1707 5413 Arithmeticaineequalitatis
1721 5355 1962 5411 genera.

307 5429 393 5482 Ex
419 5425 641 5499 quibus
669 5425 779 5484 tria
799 5431 1104 5501 postrema
1124 5445 1417 5501 respuens
1441 5428 1673 5485 musica
1700 5429 1966 5501 primum

305 5520 541 5574 tantum
570 5520 626 5573 et
655 5517 989 5574 secundum
1037 5518 1310 5585 admittit,
1343 5518 1406 5574 id
1452 5523 1542 5574 est
1571 5518 1881 5591 multiplex
1909 5521 1968 5574 et

307 5606 865 5681 superparticulare.
921 5609 1019 5664 Est
1064 5624 1199 5664 vero
1251 5607 1582 5680 multiplex,
1631 5606 1735 5663 ubi
1771 5606 1967 5677 major

306 5711 595 5756 numerus
615 5695 915 5754 minorem
938 5711 1261 5754 numerum
1284 5696 1467 5755 habet
1485 5695 1547 5755 in
1572 5711 1635 5753 se
1658 5699 1851 5753 totum
1870 5694 1968 5753 vel

2075 5338 2169 5394 bis
2191 5339 2287 5396 vel
2316 5342 2403 5396 ter
2421 5339 2510 5413 vel
2536 5346 2749 5413 quater
2773 5356 2841 5397 ac
2868 5339 3178 5412 deinceps,
3200 5338 3467 5411 nihilque
3491 5338 3663 5396 deest
3684 5345 3744 5396 et

2075 5427 2223 5484 nihil
2237 5411 2543 5484 exube'rat.
2556 5411 2643 5485 Ex
2660 5430 2838 5499 hujus
2862 5411 3098 5498 generis
3108 5428 3309 5484 radice
3330 5427 3518 5483 oritur
3536 5428 3742 5501 prima

2076 5520 2133 5572 et
2147 5516 2576 5589 perfectissima
2589 5517 3113 5590 symphonia,quze
3130 5517 3342 5573 dicitur
3353 5515 3743 5589 diapason,et

2077 5610 2163 5663 est
2192 5608 2252 5662 in
2281 5605 2467 5680 dupla
2490 5607 2894 5681 proportione,
2918 5606 3080 5661 etbis
3105 5606 3402 5678 diapason
3427 5621 3566 5678 quae
3588 5622 3743 5679 qua-

2075 5693 2293 5770 drupla
2300 5695 2685 5771 proportione
2697 5694 3009 5768 colligitur.
3028 5692 3580 5770 Superpartioulare
3589 5706 3740 5752 vero
