3986 6178
179 204 270 261 437

922 242 927 245 .
1035 192 1392 263 QUOMODO
1433 191 1528 245 DE
1576 188 2061 253 ARITHMETICA
2099 197 2444 257 PROCEDIT
2479 202 2754 260 MUSICA.

3512 205 3624 262 438

181 332 277 397 est,
304 323 545 399 quando
566 324 764 395 major
790 340 1073 380 numerus
1098 323 1402 379 minorem
1430 310 1637 371 habet
1681 317 1745 374 in
1784 335 1846 375 se
1874 322 1921 375 Α
1957 321 2301 378 Secundum
2353 326 2749 383 monochordi
2794 344 2935 384 vero
2973 328 3335 404 positionem
3364 332 3450 388 sic
3481 332 3632 385 sunt

180 422 374 486 totum,
405 420 461 471 et
489 429 679 469 unam
711 414 843 485 ejus
871 414 1131 487 aliquam
1158 413 1417 486 partem,
1449 419 1736 479 eamque
1755 407 1849 465 vel

178 504 498 575 dimidiam,
532 507 598 559 ut
624 501 739 558 tria
769 501 850 559 ad
887 503 1007 558 duo
1036 506 1091 559 et
1124 501 1373 557 vocatur
1410 493 1843 565 sesquialtera,

179 595 262 652 vel
289 591 587 665 sescupla,
606 589 705 647 vel
736 590 978 647 emiolia
1002 588 1323 664 proportio.
1356 581 1453 639 Vel
1475 582 1759 655 tertiam,
1782 591 1848 642 ut

178 689 425 759 quatuor
448 681 527 738 ad
550 678 667 737 tria
692 684 752 737 et
778 684 1030 737 vocatur
1057 674 1424 752 sesquitertia
1456 668 1549 728 vel
1604 675 1846 749 epitrita

178 771 474 849 proportio
515 774 574 826 et
622 769 934 842 deinceps.
994 771 1077 824 Ex
1124 767 1307 838 hujus
1356 760 1593 834 generis
1644 765 1844 822 radice

181 864 437 921 oriuntur
465 861 604 916 dure
635 859 1024 932 symphoniae
1053 858 1329 930 diapente
1354 856 1409 909 et
1434 851 1841 911 diatessaron.

184 958 243 1011 Et
264 952 539 1026 diapente
570 947 990 1021 sesquialtera,
1018 947 1383 1003 diatessaron
1410 958 1555 999 vero
1611 943 1844 1016 sesqui-

186 1043 341 1099 tertia
370 1044 636 1096 vocatur.
683 1041 890 1094 Tonus
945 1050 1188 1109 quoque
1242 1050 1315 1090 ex
1365 1032 1582 1089 eodem
1629 1048 1844 1103 genere

181 1130 502 1206 procedens
532 1128 960 1201 sesquioctava
989 1124 1369 1198 proportione
1397 1123 1713 1192 colligitur.
1744 1124 1845 1178 Re-

179 1222 335 1294 liqua
371 1223 575 1276 autem
604 1214 1035 1290 inasqualitatis
1064 1228 1282 1286 genera
1307 1212 1676 1283 rejiciuntur,
1701 1208 1845 1276 quia

182 1310 319 1365 dum
347 1307 546 1378 major
571 1321 871 1361 numerus
902 1303 1205 1359 minorum
1234 1317 1357 1358 non
1380 1305 1549 1374 parte
1580 1300 1686 1356 sed
1710 1313 1845 1373 par—

182 1399 329 1456 tibus
359 1399 621 1470 superat,
636 1394 835 1450 evenit
865 1397 932 1449 ut
955 1408 1131 1449 voces
1163 1391 1340 1448 etiam
1363 1391 1457 1447 his
1483 1392 1844 1446 mensuratae

184 1487 434 1546 confusae
465 1490 523 1541 et
552 1485 805 1540 absonze
838 1483 1008 1539 ﬁant.
1043 1484 1315 1538 Versatur
1349 1480 1531 1551 igitur
1558 1479 1620 1535 in
1649 1477 1845 1535 multi-

181 1576 308 1651 plici
337 1589 554 1647 genere
574 1571 787 1646 dupla,
818 1568 1483 1644 tripla,quadruplaque
1513 1566 1840 1641 porportio.

1953 410 2148 466 vocati
2176 428 2188 467 :
2214 414 2441 480 Protus,
2472 413 2772 485 deuterus,
2809 418 2994 485 tritus,
3044 420 3354 490 tetrardus,
3406 430 3633 476 secun-

1952 498 2102 556 dum
2128 500 2456 559 litterarum
2487 507 2686 560 autem
2716 505 2923 562 ordine
2947 509 3032 564 sic
3059 520 3072 565 :

1958 598 2102 739 ΓΙ
2186 599 2406 752 ΓἿ
2492 596 2677 737 ΙἿ
2762 600 2994 748 Iul.

1950 751 2103 806 ABC
2180 751 2417 808 DEFG
2475 768 2513 809 a
2553 758 2612 862 ιη
2668 769 2699 810 c
2754 755 3638 827 defg..Protushacratione

1950 859 2185 912 constat
2214 855 2295 912 ab
2318 861 2364 912 Α
2392 858 2453 913 in
2479 858 2539 914 d.
2571 855 2852 917 Deuterus
2883 878 2919 918 a
2950 866 2989 918 Β
3018 860 3079 920 in
3109 860 3171 922 Ε.
3203 862 3391 921 Tritus
3434 876 3481 921 ξι
3509 880 3539 922 c
3568 866 3631 927 in

1951 943 1991 999 f.
2020 945 2394 1003 Tetrardusa
2424 948 2560 1003 Din
2601 952 2663 1005 G.
2714 952 2825 1008 Sed
2877 969 3015 1009 cum
3062 968 3317 1010 acumen
3358 954 3629 1025 gravita-

1952 1035 2091 1101 tem,
2117 1035 2374 1105 gravitas
2401 1052 2656 1094 acumen
2689 1038 3099 1114 confunderet,
3134 1043 3464 1100 concilium
3496 1038 3623 1116 fuit,

1950 1127 2018 1179 ut
2045 1123 2301 1196 quisque
2334 1129 2538 1198 tropus
2586 1128 2903 1200 partiretur
2952 1131 3015 1186 in
3057 1132 3231 1200 duos,
3287 1139 3353 1190 ut
3406 1134 3623 1204 gravia

1952 1212 2256 1282 gravibus,
2289 1218 2465 1270 acuta
2496 1217 2882 1274 convenirent
2934 1220 3141 1276 acutis.
3193 1224 3259 1276 Et
3296 1221 3455 1278 acuti
3508 1238 3618 1279 au-

1953 1301 2193 1358 thentici
2226 1320 2239 1358 :
2275 1319 2490 1373 graves
2510 1321 2652 1361 vero
2682 1308 2876 1363 Graece
2906 1308 3120 1381 plagze,
3155 1310 3354 1366 Latine
3403 1310 3615 1382 subju-

1953 1391 2118 1461 gales
2148 1391 2239 1447 vel
2268 1391 2542 1450 laterales
2569 1399 2943 1452 vocarentur.
2992 1397 3216 1454 Horum
3248 1397 3479 1471 primus
3509 1400 3617 1474 hy-

1951 1480 2241 1554 podorius
2270 1485 2545 1562 cantatur
2574 1482 2651 1538 ab
2676 1488 2722 1539 A
2753 1485 2813 1539 in
2840 1501 2896 1541 a.
2933 1486 3237 1543 Secundus
3266 1484 3614 1562 hypophry-

1953 1570 2085 1663 gius
2143 1586 2197 1663 a-
2237 1556 2447 1663 Birth
2466 1572 2666 1629 tertius
2687 1572 3035 1647 hypolidius
3063 1593 3098 1633 a
3121 1580 3159 1634 C
3189 1574 3249 1632 in
3275 1556 3326 1634 ev.
3352 1556 3611 1645 {lu-artus

184 1670 242 1722 Et
263 1664 447 1738 dupla
477 1661 620 1719 facit
646 1661 972 1734 diapason,
1001 1664 1065 1715 ut
1089 1662 1227 1714 sunt
1256 1660 1321 1714 IV
1352 1658 1431 1714 ad
1459 1660 1597 1714 VIII.
1648 1655 1844 1729 Tripla
1873 1678 1913 1731 Β
1950 1655 2463 1734 hypomixolidius
2494 1677 2529 1717 a
2550 1662 2593 1716 D
2620 1663 2683 1718 in
2708 1663 2766 1718 d.
2798 1664 3007 1720 Dorius
3057 1665 3200 1722 item
3230 1666 3609 1723 authenticus

181 1771 313 1812 vero
344 1753 474 1826 (40),
505 1758 570 1809 ut
601 1755 744 1807 sunt
773 1755 818 1806 II
850 1749 930 1805 ad
986 1752 1070 1805 VI.
1130 1747 1477 1820 Quadrupla
1534 1747 1735 1816 etiam,
1780 1749 1846 1803 ut

181 1847 243 1902 IV
267 1843 344 1901 ad
372 1844 482 1899 XVI
512 1840 607 1897 bis
640 1839 945 1911 diapason
967 1836 1286 1893 constituit.

244 1934 520 1989 Versatur
546 1944 692 1986 vero
718 1929 781 1984 in
810 1926 1340 2002 superparticulari
1371 1939 1588 1995 genere
1616 1923 1845 1997 sesqui-

179 2022 364 2080 altera
390 2017 481 2076 vel
511 2016 891 2091 sesquitertia
940 2019 997 2073 et
1048 2014 1460 2088 sesquioctava
1514 2012 1841 2087 proportio.

175 2110 243 2168 Et
316 2108 738 2183 sesquialtera,
802 2111 866 2162 ut
925 2106 1159 2161 suntVI
1211 2103 1287 2160 ad
1340 2107 1406 2159 1x
1450 2102 1547 2159 vel
1598 2105 1715 2158 VIII
1770 2101 1849 2159 ad

172 2204 261 2258 XII
287 2200 592 2271 diapente.
629 2195 1017 2268 Sesquitertia
1041 2197 1241 2250 autem
1287 2196 1351 2248 ut
1374 2194 1442 2248 VI
1469 2191 1550 2248 ad
1599 2193 1715 2247 VIII
1752 2191 1849 2247 vel

171 2294 233 2347 IX
261 2289 343 2346 ad
368 2291 464 2345 XII
494 2285 892 2343 diatessaron.
952 2283 1115 2340 Mista
1164 2290 1303 2339 vero
1361 2281 1755 2354 sesquialtera
1791 2287 1849 2339 et

165 2375 548 2452 sesquitertia
574 2374 803 2463 faciunt
830 2372 1147 2446 diapason.

228 2519 361 2625 ut'
537 2519 1456 2591 dia——pa—-——son.

348 2627 361 2656 '
980 2630 1045 2657 τ’·
1630 2627 1643 2675 ι

346 2685 442 2741 VI.
557 2681 839 2754 diapente
876 2680 1043 2738 VIIII.
1086 2679 1462 2737 diatessaron
1536 2679 1645 2732 XII.

233 2772 681 2846 Sesquioctava
707 2786 870 2839 vero,
884 2775 951 2827 ut
978 2772 1118 2827 sunt
1148 2771 1263 2824 VIII
1292 2767 1373 2824 ad
1396 2771 1459 2824 IX
1485 2769 1697 2823 tonum
1724 2763 1845 2820 efﬁ-

155 2864 256 2920 cit.
289 2862 603 2936 Multiplex
640 2876 784 2932 ergo
837 2858 1259 2933 inaequalitatis
1309 2874 1500 2929 genus
1548 2856 1846 2928 diapason

153 2970 271 3027 per
297 2952 569 3029 duplum
595 2954 711 3007 utl
752 2950 831 3006 ad
866 2954 910 3009 II
958 2949 1259 3022 diapason
1314 2952 1372 3004 et
1415 2947 1695 3019 diapente
1740 2959 1846 3018 per

155 3043 417 3119 triplam
441 3045 506 3098 ut
533 3046 553 3099 Ι
581 3041 660 3098 ad
685 3044 752 3097 IlI
793 3039 887 3097 bis
927 3039 1227 3104 diapason
1279 3053 1387 3111 per
1438 3033 1845 3109 quadruplam
1884 3039 1924 3095 C

154 3137 225 3189 ut
257 3136 280 3188 I
316 3132 401 3187 ad
426 3133 496 3187 IV
526 3135 768 3201 generat
792 3127 1263 3203 proportionem.
1296 3122 1845 3200 Superparticulare

157 3226 378 3278 autem
408 3220 832 3295 intequalitatis
865 3234 1057 3290 genus
1095 3217 1372 3291 diapente
1415 3231 1524 3290 per
1554 3211 1844 3286 sesquial-

156 3316 368 3368 teram
397 3309 773 3366 diatessaron
818 3324 925 3382 per
976 3307 1435 3381 sesquitertiam,
1482 3308 1692 3365 tonum
1737 3317 1847 3376 per

158 3400 664 3474 sesquioctavam
687 3403 848 3455 creat
874 3397 1345 3473 proportionem.

728 3490 817 3546 De
864 3488 1110 3545 Vocibus
1158 3487 1282 3543 VII.

240 3581 491 3652 Septem
518 3582 656 3636 sunt
682 3578 933 3635 diversae
976 3593 1174 3645 voces,
1231 3591 1367 3650 quae
1423 3574 1639 3633 iterum
1691 3571 1846 3629 sicut

167 3670 529 3743 septimanae
554 3668 680 3725 dies
710 3668 970 3742 repetita:
1000 3666 1122 3723 duo
1164 3666 1462 3741 diapason
1513 3662 1838 3735 complent.

170 3758 341 3816 Ultra
366 3760 495 3816 haec
516 3757 640 3814 duo
667 3758 964 3831 diapason
984 3755 1470 3813 monochordum
1509 3769 1635 3809 non
1664 3751 1845 3810 debet

171 3849 435 3920 extendi,
489 3848 633 3923 quia
681 3847 879 3903 omnis
927 3846 1153 3904 chorda
1205 3844 1497 3916 gravioris
1544 3842 1842 3914 diapason

171 3937 427 3995 alteram
468 3938 532 3994 in
560 3942 735 3995 acuto
765 3937 1064 4011 diapason
1115 3937 1226 3993 sibi
1276 3935 1695 3993 concinentem
1740 3933 1844 3991 ha-

170 4028 289 4085 bet.
325 4030 466 4086 Ideo
492 4029 672 4086 etiam
697 4029 851 4085 infra
879 4028 1320 4101 sesquitertium
1358 4026 1523 4085 idem
1552 4023 1842 4083 diatessa-

170 4134 281 4176 ron
310 4136 433 4175 non
460 4123 656 4193 potest
673 4118 960 4191 coaptari,
992 4118 1136 4191 quia
1168 4134 1309 4173 cum
1337 4117 1637 4188 diapason
1680 4116 1721 4169 V
1750 4118 1836 4171 to-

171 4224 391 4266 norum
421 4213 479 4266 et
501 4208 763 4269 duorum
794 4207 1269 4277 semitoniorum,
1309 4206 1591 4279 diapente
1634 4203 1834 4273 trium,

169 4301 454 4355 tonorum
483 4302 543 4355 et
576 4298 750 4354 unius
802 4297 1097 4354 semitonii
1150 4296 1523 4353 diatessaron
1572 4293 1834 4351 duorum

1952 1764 1990 1805 a
2018 1751 2062 1804 D
2088 1749 2150 1804 in
2179 1749 2238 1806 d.
2263 1749 2525 1821 Phygius
2556 1748 2634 1805 ab
2662 1752 2701 1805 E
2731 1751 2793 1806 in
2817 1768 2874 1808 e.
2909 1751 3104 1809 Lidius
3126 1752 3204 1811 ab
3248 1755 3290 1807 F
3334 1755 3397 1811 in
3443 1752 3483 1811 f.
3517 1754 3612 1813 Mi-

1951 1837 2213 1894 xolidius
2242 1855 2277 1893 a
2306 1840 2349 1894 G
2376 1838 2438 1893 in
2466 1853 2522 1909 g.
2559 1839 2825 1904 Quatuor
2853 1840 2915 1896 hi
2955 1841 3120 1898 modi
3159 1842 3240 1899 ita
3269 1842 3613 1900 naturaliter

1954 1932 2092 1983 sunt
2119 1927 2421 1999 disjuncti,
2451 1932 2517 1984 ut
2536 1926 2683 1985 alter
2711 1928 2877 1986 alteri
2894 1930 2956 1986 in
2975 1940 3087 1987 sua
3112 1932 3251 1987 sede
3266 1931 3469 1988 locum
3487 1942 3613 1989 non

1952 2015 2194 2086 tribuat,
2228 2016 2375 2073 alter
2401 2016 2646 2073 alterius
2673 2033 2959 2076 neumam
2989 2024 3092 2078 aut
3118 2033 3437 2093 nunquam
3464 2020 3612 2077 reci-

1952 2104 2097 2176 piat,
2125 2109 2229 2162 aut
2257 2104 2657 2161 transformet.
2716 2108 2786 2162 Ut
2837 2112 2979 2165 sunt
3024 2109 3154 2165 haec
3178 2111 3242 2164 in
3277 2107 3609 2166 oﬁ‘ertoriis.

1951 2193 2238 2250 Jubilate.
2268 2195 2404 2264 Ipse
2426 2200 2509 2250 est
2530 2195 2709 2264 Deus,
2743 2198 2851 2252 etc.
2879 2198 3001 2254 Deo
3042 2205 3264 2255 nostro.
3317 2199 3495 2255 Filiae
3523 2214 3612 2255 re-

1952 2298 2116 2354 gum.
2161 2284 2479 2341 Varietate.
2511 2285 2773 2340 Justitiae
2807 2287 3064 2345 Domini.
3103 2288 3328 2345 Factus
3356 2292 3460 2357 est,
3499 2292 3610 2345 etc.

1952 2371 2027 2428 In
2056 2387 2127 2428 ea
2155 2374 2469 2443 sancti/50.,
2498 2376 2607 2428 etc.
2634 2374 2952 2445 Filiorum,
2986 2381 3095 2433 etc.
3344 2365 3351 2373 ’

2028 2461 2233 2517 Omnis
2264 2476 2406 2532 ergo
2436 2460 2807 2519 diatessaron
2832 2463 2928 2520 vel
2954 2464 3234 2539 diapente
3280 2465 3374 2521 vel
3407 2465 3615 2540 diapa-

1955 2565 2067 2606 son
2096 2550 2324 2623 species
2355 2566 2391 2606 a
2419 2549 2634 2623 quovis
2664 2554 2858 2625 tropo,
2888 2554 3060 2626 cujus
3086 2557 3193 2624 est,
3216 2554 3439 2628 incipit,
3471 2560 3528 2612 et
3549 2555 3614 2612 in

1955 2638 2237 2695 eumdem
2262 2638 2494 2695 desinit.
2529 2640 2902 2713 Quapropter
2925 2642 3039 2698 illa;
3070 2642 3317 2715 species,
3365 2659 3503 2715 quae.
3533 2643 3613 2700 ab

1956 2744 2077 2784 uno
2102 2728 2393 2805 incipiunt
2433 2734 2491 2785 et
2534 2727 2596 2784 in
2641 2728 2824 2786 alium
2873 2732 3175 2803 desinunt,
3204 2730 3338 2789 licet
3364 2732 3613 2804 quidem

1952 2816 2293 2888 regularem
2342 2821 2621 2875 tonorum
2670 2822 2727 2875 et
2768 2819 3066 2877 semitonii
3111 2819 3469 2893 positionem
3510 2821 3616 2878 ha-

1954 2905 2154 2969 beant,
2181 2911 2383 2963 tamen
2412 2923 2535 2963 non
2563 2911 2700 2963 sunt
2724 2908 2972 2964 omnino
3009 2907 3332 2979 naturales,
3375 2913 3438 2967 ut
3467 2913 3509 2966 D
3558 2914 3617 2967 et

1956 2997 1997 3051 G
2024 2998 2063 3051 E
2095 3000 2152 3052 et
2179 3012 2234 3052 a.
2262 2995 2402 3052 Aliae
2428 3012 2671 3070 quoque
2699 3013 2855 3070 quae,
2887 2998 2948 3055 in
2983 3014 3106 3072 quo
3135 2997 3445 3072 incipiunt,
3488 3016 3613 3057 non

1954 3081 2243 3142 ﬁniuntur
2295 3089 2489 3159 tropo,
2537 3102 2648 3143 nec
2692 3092 3043 3145 consuetam
3093 3087 3467 3146 diatessaron
3504 3091 3612 3148 ha-

1952 3174 2097 3230 bent
2127 3174 2504 3248 positionem,
2534 3174 2595 3231 id
2624 3180 2734 3247 est,
2757 3177 2912 3234 duos
2942 3182 3116 3233 tonos
3145 3181 3202 3233 et
3229 3178 3614 3238 semitonium

1952 3267 2019 3343 ut
2046 3246 2143 3319 est
2156 3264 2182 3319 f
2202 3246 2330 3345 etﬁ
2360 3266 2608 3320 omnino
2633 3246 2986 3337 abjiciendaa
3035 3271 3192 3322 sunt.
3238 3266 3513 3325 Similiter
3557 3270 3615 3324 et

1951 3342 2230 3427 diapente
2256 3352 2301 3406 B
2320 3342 2383 3411 et
2410 3354 2437 3409 f
2459 3370 2594 3429 quae
2621 3371 2744 3411 non
2772 3357 2999 3415 habent
3028 3354 3097 3413 IlI
3128 3361 3407 3414 tonorum
3439 3362 3497 3415 et
3526 3374 3615 3415 se-

1950 3442 2180 3498 mitonii
2236 3443 2616 3515 positionem,
2671 3460 2795 3501 non
2844 3450 2983 3502 sunt
3027 3445 3401 3519 recipiendae.
3446 3447 3612 3505 Unde

1951 3547 2164 3588 omnes
2194 3530 2498 3603 regulares
2528 3533 2901 3591 diatessaron
2953 3534 3179 3607 species
3228 3551 3265 3591 a
3292 3532 3608 3611 gravibus,

1949 3620 2227 3695 diapente
2254 3639 2397 3679 vero
2428 3639 2464 3680 a
2487 3622 2770 3680 ﬁnalibus
2799 3625 3089 3680 oriuntur.

2020 3708 2417 3770 Tetrachorda
2436 3713 2496 3770 in
2518 3713 2933 3771 monochordo
2960 3713 3243 3773 bifariam
3278 3715 3451 3790 ﬁunt,
3501 3718 3610 3774 sci-

1947 3801 2083 3858 licet
2110 3804 2444 3859 secundum
2474 3820 2822 3861 mensuram
2852 3809 2910 3861 et
2937 3804 3270 3862 secundum
3295 3811 3606 3879 troporum

1947 3891 2397 3949 institutionem.
2456 3895 2596 3959 Quae
2636 3897 2837 3949 autem
2880 3892 3214 3950 secundum
3258 3910 3607 3953 mensuram

1949 3985 2397 4054 construuntur,
2426 3982 2651 4038 habent
2679 3999 2706 4037 s
2734 3983 2796 4039 in
2818 3983 3045 4038 ultimo.
3079 3983 3231 4038 Nam
3270 3983 3354 4040 ita
3399 4001 3607 4042 nume-

1945 4066 2203 4163 rantur:
2240 4066 2265 4162 ἶ
2291 4124 2341 4163 s.
2368 4107 2596 4164 habent
2632 4122 2876 4180 quoque
2908 4105 3393 4177 conjunctionem
3430 4113 3603 4167 tetra-

1946 4196 2193 4267 chorda,
2223 4196 2389 4269 quod
2418 4200 2614 4254 Graece
2638 4196 2854 4254 dicitur
2882 4197 3157 4270 synaphe
3176 4197 3241 4254 in
3272 4202 3335 4256 Ε.
3367 4199 3603 4273 Βίεῇιωι

1947 4290 2072 4342 ctos
2101 4300 2244 4342 vero
2275 4290 2469 4355 tonos,
2500 4286 2667 4359 quod
2698 4301 2889 4356 graece
2913 4285 3130 4342 dicitur
3152 4287 3467 4360 diezeusis,
3515 4289 3605 4346 in-

171 4391 454 4445 tonorum
485 4391 542 4443 et
572 4386 747 4442 unius
776 4385 1073 4442 semitonii
1101 4401 1294 4458 capax
1334 4388 1442 4454 est,
1484 4383 1546 4440 in
1592 4381 1834 4439 duobus
1869 4392 1916 4460 ι)
1945 4379 2033 4432 ter
2054 4379 2103 4430 Α
2130 4378 2272 4431 etB.
2314 4377 2457 4441 Qum
2482 4390 2626 4432 vero
2651 4375 2984 4432 secundum
3008 4379 3321 4450 troporum
3367 4378 3602 4436 institu-

166 4475 468 4549 diapason
497 4478 759 4549 quatuor
786 4480 1097 4549 troporum
1126 4478 1421 4547 quaterna
1438 4472 1656 4547 positio
1677 4472 1837 4529 inve-

165 4565 456 4623 nitur.Sic
481 4565 610 4621 haec
630 4564 848 4637 partim
870 4563 1156 4638 speciales
1176 4568 1333 4630 sunt,
1358 4567 1421 4619 ut
1445 4578 1660 4633 graves
1690 4562 1833 4618 sub-

156 4653 503 4724 jugalibus,
547 4653 899 4709 excellentes
966 4653 1366 4723 authenticis;
1405 4651 1625 4725 partim
1675 4667 1834 4709 com-

159 4758 388 4798 munes
412 4746 539 4801 tam
569 4741 989 4813 subjugalibus
1034 4758 1222 4815 quam
1253 4741 1628 4809 authenticis,
1680 4745 1744 4798 ut
1769 4741 1837 4797 ﬁ-

158 4832 336 4890 nales
372 4836 432 4890 et
460 4831 818 4905 superiores,
845 4831 908 4887 in
928 4830 1149 4904 quibus
1181 4831 1527 4903 subjugales
1553 4847 1691 4887 cum
1708 4847 1834 4887 ma-

159 4920 368 4991 gistris
394 4922 529 4993 (41),
563 4922 628 4977 id
656 4926 741 4977 est
767 4920 1065 4994 diapente,
1094 4920 1172 4979 ad
1202 4921 1318 4978 hoc
1354 4921 1535 4978 etiam
1576 4920 1835 4978 Saecula.

156 5026 301 5069 rum
328 5026 508 5071 amen
531 5010 812 5084 quamvis
840 5025 965 5066 non
994 5010 1221 5071 eisdem
1242 5010 1499 5081 chordis,
1518 5010 1581 5067 in
1602 5011 1832 5072 eisdem

158 5104 379 5156 tamen
411 5098 803 5159 tetrachordis
852 5098 1004 5157 ﬁnes
1059 5116 1304 5175 quoque
1351 5116 1508 5174 quos
1532 5103 1590 5158 et
1615 5103 1834 5174 magis-

157 5188 235 5244 tri
270 5188 624 5251 sortiuntur.

656 5279 743 5335 De
773 5280 982 5349 Tropz‘s
1004 5279 1125 5336 sive
1165 5280 1338 5336 tomis.

231 5368 413 5442 Tropi
449 5384 603 5443 quos
630 5368 879 5425 abusive
924 5372 1099 5425 tonos
1144 5369 1532 5427 nominamus
1571 5377 1831 5444 quatuor

156 5460 546 5514 suntnatura
596 5458 927 5515 secundum
988 5458 1255 5529 gentium
1304 5459 1617 5517 vocabula.
1683 5463 1830 5520 Sunt

156 5550 372 5602 autem
401 5546 541 5603 dicti
581 5547 805 5617 dorius,
850 5548 1161 5622 phrygius,
1211 5548 1409 5619 lidius,
1460 5549 1822 5609 mixolidius.

232 5681 359 5755 (ιθ)
392 5682 698 5760 Diapason
726 5686 783 5741 et
805 5682 1105 5761 diapente.

1944 4464 2170 4521 tionem
2198 4468 2642 4533 construuntur,
2668 4465 2895 4523 habent
2923 4482 2970 4522 δ.
2997 4464 3064 4522 in
3092 4467 3313 4524 medio.
3346 4472 3496 4524 Nam
3520 4468 3603 4524 ita

2386 4548 2411 4576 ο
2493 4549 2519 4577 ο

1941 4593 2355 4645 numerantur.
2383 4593 2408 4645 t
2437 4607 2464 4645 s
2490 4594 2512 4645 t
2540 4589 2771 4646 Habent
2791 4606 3034 4664 quoque
3061 4592 3335 4663 synaphe
3359 4591 3421 4646 in
3466 4586 3511 4646 'D
3543 4594 3601 4647 et

1940 4679 1982 4735 d
2011 4677 2312 4734 diezeusin
2339 4694 2478 4735 vero
2509 4679 2571 4735 in
2602 4682 2647 4735 A
2672 4683 2728 4736 et
2758 4682 2799 4735 G
2822 4682 2879 4736 et
2914 4679 3067 4735 inter
3113 4692 3149 4734 a
3193 4684 3249 4735 et
3279 4688 3335 4749 g.
3388 4680 3454 4734 In
3482 4678 3597 4735 hac

1939 4767 2457 4824 tetrachordorum
2484 4768 2847 4824 institutione
2890 4767 3183 4839 cujusque
3238 4760 3597 4823 tetrachordi

1937 4855 2137 4929 prima
2162 4855 2353 4913 littera
2378 4856 2532 4928 proti
2555 4860 2664 4926 est,
2696 4854 2962 4912 secunda
2989 4853 3236 4923 deuteri,
3266 4855 3437 4912 tertia
3452 4854 3593 4923 triti,

1938 4949 2154 5019 quarta
2190 4945 2532 5001 communis
2559 4949 2735 5018 proto
2763 4948 2821 5001 et
2846 4940 3128 5011 tetrardo,
3178 4946 3241 4998 uit
3270 4940 3317 4999 D
3348 4947 3405 5000 et
3431 4938 3473 5000 d
3499 4942 3596 5000 vel

1940 5035 2216 5108 specialis
2241 5033 2503 5095 tetrardi.
2537 5038 2602 5090 ut
2625 5036 2746 5091 G‘et
2770 5044 2825 5104 g.
2858 5035 3064 5108 Protus
3089 5026 3278 5088 habet
3304 5028 3591 5090 diatessa-

1936 5104 2050 5182 ron
2064 5126 2112 5179 Α
2130 5128 2174 5180 D
2195 5140 2233 5181 a
2248 5124 2289 5179 d
2308 5124 2589 5180 deuterns
2611 5139 2754 5179 vero
2778 5125 2822 5178 Β
2838 5124 2878 5178 Ε
2897 5104 2956 5197 Ὠ
2979 5136 3010 5176 e
3046 5116 3220 5177 tritus
3260 5133 3503 5197 quoque
3551 5120 3591 5182 C

1936 5211 1979 5264 F
2007 5228 2039 5267 c
2067 5211 2372 5267 ftetrardo
2402 5212 2577 5268 servit
2599 5213 2646 5265 D
2671 5214 2714 5268 G
2745 5214 2803 5267 et
2828 5211 2870 5266 d
2900 5227 2954 5282 g.

2010 5300 2218 5356 Dorius
2256 5303 2345 5356 est
2383 5301 2782 5371 authenticus,
2823 5300 3198 5374 hypodorins
3230 5301 3587 5378 subjugalis,

1934 5389 2227 5464 phrygius
2272 5389 2666 5458 authenticus,
2716 5391 3174 5464 hypophrygius
3216 5392 3584 5465 ‘subjugalis,

1932 5481 2111 5537 lidius
2141 5480 2534 5547 authenticus,
2568 5481 2915 5554 hypolidius
2954 5482 3309 5555 subjugalis,
3350 5485 3584 5540 mixoli-

1930 5570 2067 5627 dius
2076 5569 3216 5645 diciturauthenticus,hypomiXolidius
3227 5571 3584 5650 subjugalin.

2000 5688 2111 5761 (41)
2152 5688 2303 5759 Lege
2336 5701 2350 5743 :
2380 5686 2535 5746 idem
2564 5686 2802 5747 habent.
