  <div class='ocr_page' id='page_1' title='image "/cluster/home/n/w/nwhite01/storage/ocr_20150623/141/hvd.32044054760012/225.png"; bbox 0 0 3986 6178; ppageno 0'>
   <div class='ocr_carea' id='block_1_1' title="bbox 327 188 433 241">
    <p class='ocr_par' dir='ltr' id='par_1_1' title="bbox 327 188 433 241">
     <span class='ocr_line' id='line_1_1' title="bbox 327 188 433 241; baseline 0 0"><span class='ocrx_word' id='word_1_1' title='bbox 327 188 433 241; x_wconf 77' lang='grc'>439</span> 
     </span>
    </p>
   </div>
   <div class='ocr_carea' id='block_1_2' title="bbox 1714 164 2504 233">
    <p class='ocr_par' dir='ltr' id='par_1_2' title="bbox 1714 164 2504 233">
     <span class='ocr_line' id='line_1_2' title="bbox 1714 164 2504 233; baseline -0.01 -9"><span class='ocrx_word' id='word_1_2' title='bbox 1714 166 2044 224; x_wconf 83' lang='lat' dir='ltr'>GUIDONIS</span> <span class='ocrx_word' id='word_1_3' title='bbox 2083 164 2383 219; x_wconf 81' lang='lat' dir='ltr'>ARETINI.</span> <span class='ocrx_word' id='word_1_4' title='bbox 2494 222 2504 233; x_wconf 29' lang='grc' dir='ltr'><strong>κ</strong></span> 
     </span>
    </p>
   </div>
   <div class='ocr_carea' id='block_1_3' title="bbox 3654 159 3774 212">
    <p class='ocr_par' dir='ltr' id='par_1_3' title="bbox 3654 159 3774 212">
     <span class='ocr_line' id='line_1_3' title="bbox 3654 159 3774 212; baseline 0 -1"><span class='ocrx_word' id='word_1_5' title='bbox 3654 159 3774 212; x_wconf 65' lang='grc' dir='ltr'><strong>μθ</strong></span> 
     </span>
    </p>
   </div>
   <div class='ocr_carea' id='block_1_4' title="bbox 403 280 3778 374">
    <p class='ocr_par' dir='ltr' id='par_1_4' title="bbox 403 280 3778 374">
     <span class='ocr_line' id='line_1_4' title="bbox 403 280 3778 374; baseline -0.007 -13"><span class='ocrx_word' id='word_1_6' title='bbox 403 304 576 374; x_wconf 87' lang='lat' dir='ltr'>Quod</span> <span class='ocrx_word' id='word_1_7' title='bbox 600 303 799 374; x_wconf 85' lang='lat' dir='ltr'>itaque</span> <span class='ocrx_word' id='word_1_8' title='bbox 854 299 1007 370; x_wconf 84' lang='lat' dir='ltr'>tropi</span> <span class='ocrx_word' id='word_1_9' title='bbox 1057 301 1345 353; x_wconf 85' lang='lat' dir='ltr'>vocantur</span> <span class='ocrx_word' id='word_1_10' title='bbox 1395 299 1625 370; x_wconf 87' lang='lat' dir='ltr'>protus,</span> <span class='ocrx_word' id='word_1_11' title='bbox 1685 293 1985 355; x_wconf 89' lang='lat' dir='ltr'>deuterus,</span> <span class='ocrx_word' id='word_1_12' title='bbox 2016 292 2063 343; x_wconf 86' lang='grc' dir='ltr'><strong>Α</strong></span> <span class='ocrx_word' id='word_1_13' title='bbox 2103 291 2215 355; x_wconf 88' lang='lat' dir='ltr'>tur,</span> <span class='ocrx_word' id='word_1_14' title='bbox 2244 288 2306 344; x_wconf 91' lang='lat' dir='ltr'>in</span> <span class='ocrx_word' id='word_1_15' title='bbox 2336 286 2759 344; x_wconf 82' lang='lat' dir='ltr'>excellentibus</span> <span class='ocrx_word' id='word_1_16' title='bbox 2788 283 3139 374; x_wconf 78' lang='lat' dir='ltr'>exaltantur,</span> <span class='ocrx_word' id='word_1_17' title='bbox 3166 281 3299 352; x_wconf 88' lang='lat' dir='ltr'>subj</span> <span class='ocrx_word' id='word_1_18' title='bbox 3311 280 3514 350; x_wconf 83' lang='lat' dir='ltr'>ugales</span> <span class='ocrx_word' id='word_1_19' title='bbox 3543 280 3609 337; x_wconf 91' lang='lat' dir='ltr'>in</span> <span class='ocrx_word' id='word_1_20' title='bbox 3632 296 3778 351; x_wconf 85' lang='lat' dir='ltr'>gra-</span> 
     </span>
    </p>
   </div>
   <div class='ocr_carea' id='block_1_5' title="bbox 329 380 1986 465">
    <p class='ocr_par' dir='ltr' id='par_1_5' title="bbox 329 380 1986 465">
     <span class='ocr_line' id='line_1_5' title="bbox 329 380 1986 465; baseline -0.011 -12"><span class='ocrx_word' id='word_1_21' title='bbox 329 396 521 465; x_wconf 85' lang='lat' dir='ltr'>tritus,</span> <span class='ocrx_word' id='word_1_22' title='bbox 552 389 869 459; x_wconf 85' lang='lat' dir='ltr'>tetrardus,</span> <span class='ocrx_word' id='word_1_23' title='bbox 897 387 958 443; x_wconf 91' lang='lat' dir='ltr'>id</span> <span class='ocrx_word' id='word_1_24' title='bbox 989 391 1076 443; x_wconf 83' lang='lat' dir='ltr'>est</span> <span class='ocrx_word' id='word_1_25' title='bbox 1106 387 1358 459; x_wconf 88' lang='lat' dir='ltr'>primus,</span> <span class='ocrx_word' id='word_1_26' title='bbox 1392 384 1711 445; x_wconf 77' lang='lat' dir='ltr'>secundus,</span> <span class='ocrx_word' id='word_1_27' title='bbox 1764 380 1986 443; x_wconf 87' lang='lat' dir='ltr'>tertius,</span> 
     </span>
    </p>
   </div>
   <div class='ocr_carea' id='block_1_6' title="bbox 329 474 1991 558">
    <p class='ocr_par' dir='ltr' id='par_1_6' title="bbox 329 474 1991 558">
     <span class='ocr_line' id='line_1_6' title="bbox 329 474 1991 558; baseline -0.012 -17"><span class='ocrx_word' id='word_1_28' title='bbox 329 488 602 558; x_wconf 87' lang='lat' dir='ltr'>quartus,</span> <span class='ocrx_word' id='word_1_29' title='bbox 634 479 749 535; x_wconf 92' lang='lat' dir='ltr'>hoc</span> <span class='ocrx_word' id='word_1_30' title='bbox 778 478 846 533; x_wconf 87' lang='lat' dir='ltr'>ﬁt</span> <span class='ocrx_word' id='word_1_31' title='bbox 883 476 1177 550; x_wconf 83' lang='lat' dir='ltr'>positione</span> <span class='ocrx_word' id='word_1_32' title='bbox 1229 474 1643 539; x_wconf 89' lang='lat' dir='ltr'>monochordi,</span> <span class='ocrx_word' id='word_1_33' title='bbox 1704 487 1823 526; x_wconf 91' lang='lat' dir='ltr'>non</span> <span class='ocrx_word' id='word_1_34' title='bbox 1882 483 1991 541; x_wconf 87' lang='lat' dir='ltr'>pro</span> 
     </span>
    </p>
   </div>
   <div class='ocr_carea' id='block_1_7' title="bbox 330 556 1996 642">
    <p class='ocr_par' dir='ltr' id='par_1_7' title="bbox 330 556 1996 642">
     <span class='ocr_line' id='line_1_7' title="bbox 330 556 1996 642; baseline -0.009 -15"><span class='ocrx_word' id='word_1_35' title='bbox 330 556 634 642; x_wconf 70' lang='lat' dir='ltr'>dignitate.</span> <span class='ocrx_word' id='word_1_36' title='bbox 666 566 928 639; x_wconf 88' lang='lat' dir='ltr'>Quisque</span> <span class='ocrx_word' id='word_1_37' title='bbox 957 564 1119 619; x_wconf 90' lang='lat' dir='ltr'>enim</span> <span class='ocrx_word' id='word_1_38' title='bbox 1157 564 1396 620; x_wconf 88' lang='lat' dir='ltr'>illorum</span> <span class='ocrx_word' id='word_1_39' title='bbox 1441 579 1548 635; x_wconf 83' lang='lat' dir='ltr'>per</span> <span class='ocrx_word' id='word_1_40' title='bbox 1595 577 1655 616; x_wconf 85' lang='lat' dir='ltr'>sc</span> <span class='ocrx_word' id='word_1_41' title='bbox 1705 556 1996 615; x_wconf 89' lang='lat' dir='ltr'>authenti—</span> 
     </span>
    </p>
   </div>
   <div class='ocr_carea' id='block_1_8' title="bbox 331 652 1613 730">
    <p class='ocr_par' dir='ltr' id='par_1_8' title="bbox 331 652 1613 730">
     <span class='ocr_line' id='line_1_8' title="bbox 331 652 1613 730; baseline -0.007 -14"><span class='ocrx_word' id='word_1_42' title='bbox 331 678 439 716; x_wconf 90' lang='lat' dir='ltr'>cus</span> <span class='ocrx_word' id='word_1_43' title='bbox 469 662 576 730; x_wconf 90' lang='lat' dir='ltr'>est,</span> <span class='ocrx_word' id='word_1_44' title='bbox 599 657 661 713; x_wconf 91' lang='lat' dir='ltr'>id</span> <span class='ocrx_word' id='word_1_45' title='bbox 691 660 780 712; x_wconf 92' lang='lat' dir='ltr'>est</span> <span class='ocrx_word' id='word_1_46' title='bbox 808 653 1127 711; x_wconf 89' lang='lat' dir='ltr'>auctoralis</span> <span class='ocrx_word' id='word_1_47' title='bbox 1156 653 1280 709; x_wconf 87' lang='lat' dir='ltr'>sive</span> <span class='ocrx_word' id='word_1_48' title='bbox 1310 652 1613 722; x_wconf 80' lang='lat' dir='ltr'>magister.</span> 
     </span>
    </p>
   </div>
   <div class='ocr_carea' id='block_1_9' title="bbox 404 739 1993 819">
    <p class='ocr_par' dir='ltr' id='par_1_9' title="bbox 404 739 1993 819">
     <span class='ocr_line' id='line_1_9' title="bbox 404 739 1993 819; baseline -0.008 -14"><span class='ocrx_word' id='word_1_49' title='bbox 404 748 492 805; x_wconf 81' lang='lat' dir='ltr'>Ab</span> <span class='ocrx_word' id='word_1_50' title='bbox 522 751 568 803; x_wconf 82' lang='grc' dir='ltr'><strong>Α</strong></span> <span class='ocrx_word' id='word_1_51' title='bbox 597 760 789 819; x_wconf 89' lang='lat' dir='ltr'>usque</span> <span class='ocrx_word' id='word_1_52' title='bbox 818 747 861 800; x_wconf 93' lang='lat' dir='ltr'><strong>D</strong></span> <span class='ocrx_word' id='word_1_53' title='bbox 893 759 1106 801; x_wconf 87' lang='lat' dir='ltr'>omnes</span> <span class='ocrx_word' id='word_1_54' title='bbox 1153 742 1523 798; x_wconf 82' lang='lat' dir='ltr'>diatessaron</span> <span class='ocrx_word' id='word_1_55' title='bbox 1576 739 1802 813; x_wconf 81' lang='lat' dir='ltr'>species</span> <span class='ocrx_word' id='word_1_56' title='bbox 1855 753 1993 793; x_wconf 90' lang='lat' dir='ltr'>con-</span> 
     </span>
    </p>
   </div>
   <div class='ocr_carea' id='block_1_10' title="bbox 333 826 1995 903">
    <p class='ocr_par' dir='ltr' id='par_1_10' title="bbox 333 826 1995 903">
     <span class='ocr_line' id='line_1_10' title="bbox 333 826 1995 903; baseline -0.008 -9"><span class='ocrx_word' id='word_1_57' title='bbox 333 840 644 894; x_wconf 88' lang='lat' dir='ltr'>struuntur</span> <span class='ocrx_word' id='word_1_58' title='bbox 670 832 1037 899; x_wconf 85' lang='lat' dir='ltr'>naturaliter,</span> <span class='ocrx_word' id='word_1_59' title='bbox 1070 831 1214 903; x_wconf 88' lang='lat' dir='ltr'>quia</span> <span class='ocrx_word' id='word_1_60' title='bbox 1253 831 1311 886; x_wconf 90' lang='lat' dir='ltr'>in</span> <span class='ocrx_word' id='word_1_61' title='bbox 1342 834 1557 903; x_wconf 90' lang='lat' dir='ltr'>quarto</span> <span class='ocrx_word' id='word_1_62' title='bbox 1607 828 1797 901; x_wconf 81' lang='lat' dir='ltr'>spatio</span> <span class='ocrx_word' id='word_1_63' title='bbox 1821 826 1995 882; x_wconf 87' lang='lat' dir='ltr'>totius</span> 
     </span>
    </p>
   </div>
   <div class='ocr_carea' id='block_1_11' title="bbox 333 918 1997 993">
    <p class='ocr_par' dir='ltr' id='par_1_11' title="bbox 333 918 1997 993">
     <span class='ocr_line' id='line_1_11' title="bbox 333 918 1997 993; baseline -0.008 -9"><span class='ocrx_word' id='word_1_64' title='bbox 333 922 733 983; x_wconf 89' lang='lat' dir='ltr'>monochordi</span> <span class='ocrx_word' id='word_1_65' title='bbox 762 922 1136 978; x_wconf 81' lang='lat' dir='ltr'>diatessaron</span> <span class='ocrx_word' id='word_1_66' title='bbox 1190 920 1498 993; x_wconf 89' lang='lat' dir='ltr'>reperitur.</span> <span class='ocrx_word' id='word_1_67' title='bbox 1562 918 1754 973; x_wconf 87' lang='lat' dir='ltr'>Prima</span> <span class='ocrx_word' id='word_1_68' title='bbox 1796 920 1997 973; x_wconf 87' lang='lat' dir='ltr'>autem</span> 
     </span>
    </p>
   </div>
   <div class='ocr_carea' id='block_1_12' title="bbox 335 1008 2000 1085">
    <p class='ocr_par' dir='ltr' id='par_1_12' title="bbox 335 1008 2000 1085">
     <span class='ocr_line' id='line_1_12' title="bbox 335 1008 2000 1085; baseline -0.007 -13"><span class='ocrx_word' id='word_1_69' title='bbox 335 1016 712 1072; x_wconf 84' lang='lat' dir='ltr'>diatessaron</span> <span class='ocrx_word' id='word_1_70' title='bbox 747 1010 972 1085; x_wconf 89' lang='lat' dir='ltr'>species</span> <span class='ocrx_word' id='word_1_71' title='bbox 1000 1014 1088 1066; x_wconf 88' lang='lat' dir='ltr'>est</span> <span class='ocrx_word' id='word_1_72' title='bbox 1116 1009 1290 1082; x_wconf 90' lang='lat' dir='ltr'>proti,</span> <span class='ocrx_word' id='word_1_73' title='bbox 1337 1008 1415 1064; x_wconf 86' lang='lat' dir='ltr'>ab</span> <span class='ocrx_word' id='word_1_74' title='bbox 1446 1012 1491 1063; x_wconf 83' lang='lat' dir='ltr'><strong>A</strong></span> <span class='ocrx_word' id='word_1_75' title='bbox 1520 1008 1580 1063; x_wconf 93' lang='lat' dir='ltr'>in</span> <span class='ocrx_word' id='word_1_76' title='bbox 1627 1011 1669 1063; x_wconf 80' lang='grc' dir='ltr'>Ι)</span> <span class='ocrx_word' id='word_1_77' title='bbox 1716 1010 2000 1062; x_wconf 87' lang='lat' dir='ltr'>constans</span> 
     </span>
    </p>
   </div>
   <div class='ocr_carea' id='block_1_13' title="bbox 338 1090 1996 1196">
    <p class='ocr_par' dir='ltr' id='par_1_13' title="bbox 338 1090 1996 1196">
     <span class='ocr_line' id='line_1_13' title="bbox 338 1090 1996 1196; baseline -0.007 0"><span class='ocrx_word' id='word_1_78' title='bbox 338 1101 363 1196; x_wconf 44' lang='lat' dir='ltr'>ct,</span> <span class='ocrx_word' id='word_1_79' title='bbox 400 1157 427 1193; x_wconf 91' lang='lat' dir='ltr'>s</span> <span class='ocrx_word' id='word_1_80' title='bbox 544 1136 819 1195; x_wconf 89' lang='lat' dir='ltr'>Secunda</span> <span class='ocrx_word' id='word_1_81' title='bbox 850 1138 938 1191; x_wconf 90' lang='lat' dir='ltr'>est</span> <span class='ocrx_word' id='word_1_82' title='bbox 961 1133 1189 1189; x_wconf 88' lang='lat' dir='ltr'>deuteri</span> <span class='ocrx_word' id='word_1_83' title='bbox 1214 1150 1250 1189; x_wconf 91' lang='lat' dir='ltr'>a</span> <span class='ocrx_word' id='word_1_84' title='bbox 1283 1134 1327 1185; x_wconf 92' lang='lat' dir='ltr'><strong>B</strong></span> <span class='ocrx_word' id='word_1_85' title='bbox 1357 1132 1418 1187; x_wconf 90' lang='lat' dir='ltr'>in</span> <span class='ocrx_word' id='word_1_86' title='bbox 1452 1134 1491 1187; x_wconf 85' lang='grc' dir='ltr'>Ε</span> <span class='ocrx_word' id='word_1_87' title='bbox 1519 1136 1800 1188; x_wconf 88' lang='lat' dir='ltr'>constans</span> <span class='ocrx_word' id='word_1_88' title='bbox 1831 1147 1858 1185; x_wconf 92' lang='lat' dir='ltr'>s</span> <span class='ocrx_word' id='word_1_89' title='bbox 1890 1090 1919 1185; x_wconf 53' lang='grc' dir='ltr'>(ί</span> 
     </span>
    </p>
   </div>
   <div class='ocr_carea' id='block_1_14' title="bbox 1430 1216 1510 1243">
    <p class='ocr_par' dir='ltr' id='par_1_14' title="bbox 1430 1216 1510 1243">
     <span class='ocr_line' id='line_1_14' title="bbox 1430 1216 1510 1243; baseline 0 0"><span class='ocrx_word' id='word_1_90' title='bbox 1430 1216 1510 1243; x_wconf 88' lang='grc'>00</span> 
     </span>
    </p>
   </div>
   <div class='ocr_carea' id='block_1_15' title="bbox 338 1257 2004 1321">
    <p class='ocr_par' dir='ltr' id='par_1_15' title="bbox 338 1257 2004 1321">
     <span class='ocr_line' id='line_1_15' title="bbox 338 1257 2004 1321; baseline -0.005 -3"><span class='ocrx_word' id='word_1_91' title='bbox 338 1262 527 1319; x_wconf 89' lang='lat' dir='ltr'>Tertia</span> <span class='ocrx_word' id='word_1_92' title='bbox 555 1265 642 1316; x_wconf 89' lang='lat' dir='ltr'>est</span> <span class='ocrx_word' id='word_1_93' title='bbox 668 1259 785 1316; x_wconf 87' lang='lat' dir='ltr'>triti</span> <span class='ocrx_word' id='word_1_94' title='bbox 806 1275 843 1314; x_wconf 89' lang='lat' dir='ltr'>a</span> <span class='ocrx_word' id='word_1_95' title='bbox 869 1260 908 1315; x_wconf 91' lang='lat' dir='ltr'>C</span> <span class='ocrx_word' id='word_1_96' title='bbox 938 1258 999 1313; x_wconf 90' lang='lat' dir='ltr'>in</span> <span class='ocrx_word' id='word_1_97' title='bbox 1028 1259 1069 1311; x_wconf 94' lang='lat' dir='ltr'>F</span> <span class='ocrx_word' id='word_1_98' title='bbox 1102 1260 1385 1313; x_wconf 90' lang='lat' dir='ltr'>constans</span> <span class='ocrx_word' id='word_1_99' title='bbox 1426 1261 1448 1312; x_wconf 88' lang='lat' dir='ltr'>t</span> <span class='ocrx_word' id='word_1_100' title='bbox 1478 1261 1498 1312; x_wconf 91' lang='lat' dir='ltr'>t</span> <span class='ocrx_word' id='word_1_101' title='bbox 1523 1274 1569 1311; x_wconf 91' lang='lat' dir='ltr'>s.</span> <span class='ocrx_word' id='word_1_102' title='bbox 1640 1258 1860 1321; x_wconf 86' lang='lat' dir='ltr'>Quarta</span> <span class='ocrx_word' id='word_1_103' title='bbox 1916 1257 2004 1309; x_wconf 91' lang='lat' dir='ltr'>est</span> 
     </span>
    </p>
   </div>
   <div class='ocr_carea' id='block_1_16' title="bbox 337 1342 2007 1421">
    <p class='ocr_par' dir='ltr' id='par_1_16' title="bbox 337 1342 2007 1421">
     <span class='ocr_line' id='line_1_16' title="bbox 337 1342 2007 1421; baseline -0.005 -15"><span class='ocrx_word' id='word_1_104' title='bbox 337 1348 679 1406; x_wconf 87' lang='lat' dir='ltr'>communis</span> <span class='ocrx_word' id='word_1_105' title='bbox 710 1350 885 1421; x_wconf 91' lang='lat' dir='ltr'>proto</span> <span class='ocrx_word' id='word_1_106' title='bbox 916 1350 973 1402; x_wconf 91' lang='lat' dir='ltr'>et</span> <span class='ocrx_word' id='word_1_107' title='bbox 1003 1345 1261 1402; x_wconf 91' lang='lat' dir='ltr'>tetrardo</span> <span class='ocrx_word' id='word_1_108' title='bbox 1312 1349 1595 1401; x_wconf 89' lang='lat' dir='ltr'>constans</span> <span class='ocrx_word' id='word_1_109' title='bbox 1638 1343 1851 1399; x_wconf 90' lang='lat' dir='ltr'>eadem</span> <span class='ocrx_word' id='word_1_110' title='bbox 1892 1342 2007 1397; x_wconf 87' lang='lat' dir='ltr'>for-</span> 
     </span>
    </p>
   </div>
   <div class='ocr_carea' id='block_1_17' title="bbox 338 1432 2008 1511">
    <p class='ocr_par' dir='ltr' id='par_1_17' title="bbox 338 1432 2008 1511">
     <span class='ocr_line' id='line_1_17' title="bbox 338 1432 2008 1511; baseline -0.005 -17"><span class='ocrx_word' id='word_1_111' title='bbox 338 1454 443 1494; x_wconf 89' lang='lat' dir='ltr'>ma</span> <span class='ocrx_word' id='word_1_112' title='bbox 472 1454 596 1510; x_wconf 90' lang='lat' dir='ltr'>qua</span> <span class='ocrx_word' id='word_1_113' title='bbox 624 1436 843 1511; x_wconf 90' lang='lat' dir='ltr'>prima,</span> <span class='ocrx_word' id='word_1_114' title='bbox 893 1438 1023 1491; x_wconf 91' lang='lat' dir='ltr'>uta</span> <span class='ocrx_word' id='word_1_115' title='bbox 1055 1438 1097 1491; x_wconf 93' lang='lat' dir='ltr'><strong>D</strong></span> <span class='ocrx_word' id='word_1_116' title='bbox 1143 1435 1204 1490; x_wconf 92' lang='lat' dir='ltr'>in</span> <span class='ocrx_word' id='word_1_117' title='bbox 1237 1436 1300 1490; x_wconf 91' lang='lat' dir='ltr'>G.</span> <span class='ocrx_word' id='word_1_118' title='bbox 1362 1434 1417 1488; x_wconf 91' lang='lat' dir='ltr'>Si</span> <span class='ocrx_word' id='word_1_119' title='bbox 1448 1450 1520 1489; x_wconf 91' lang='lat' dir='ltr'>ea</span> <span class='ocrx_word' id='word_1_120' title='bbox 1575 1437 1783 1505; x_wconf 91' lang='lat' dir='ltr'>protus</span> <span class='ocrx_word' id='word_1_121' title='bbox 1828 1432 2008 1487; x_wconf 88' lang='lat' dir='ltr'>utitur</span> 
     </span>
    </p>
   </div>
   <div class='ocr_carea' id='block_1_18' title="bbox 340 1521 2008 1584">
    <p class='ocr_par' dir='ltr' id='par_1_18' title="bbox 340 1521 2008 1584">
     <span class='ocr_line' id='line_1_18' title="bbox 340 1521 2008 1584; baseline -0.005 0"><span class='ocrx_word' id='word_1_122' title='bbox 340 1526 727 1584; x_wconf 88' lang='lat' dir='ltr'>ascendendo</span> <span class='ocrx_word' id='word_1_123' title='bbox 758 1529 823 1581; x_wconf 90' lang='lat' dir='ltr'>ut</span> <span class='ocrx_word' id='word_1_124' title='bbox 851 1527 943 1580; x_wconf 89' lang='lat' dir='ltr'>est</span> <span class='ocrx_word' id='word_1_125' title='bbox 995 1525 1166 1580; x_wconf 89' lang='lat' dir='ltr'>:Fac</span> <span class='ocrx_word' id='word_1_126' title='bbox 1214 1538 1461 1579; x_wconf 83' lang='lat' dir='ltr'>mecum.</span> <span class='ocrx_word' id='word_1_127' title='bbox 1508 1521 1824 1577; x_wconf 88' lang='lat' dir='ltr'>Tetrardus</span> <span class='ocrx_word' id='word_1_128' title='bbox 1866 1537 2008 1576; x_wconf 88' lang='lat' dir='ltr'>vero</span> 
     </span>
    </p>
   </div>
   <div class='ocr_carea' id='block_1_19' title="bbox 2102 370 3778 449">
    <p class='ocr_par' dir='ltr' id='par_1_19' title="bbox 2102 370 3778 449">
     <span class='ocr_line' id='line_1_19' title="bbox 2102 370 3778 449; baseline -0.004 -17"><span class='ocrx_word' id='word_1_129' title='bbox 2102 376 2278 432; x_wconf 85' lang='lat' dir='ltr'>vibus</span> <span class='ocrx_word' id='word_1_130' title='bbox 2303 377 2707 449; x_wconf 90' lang='lat' dir='ltr'>deponuntur,</span> <span class='ocrx_word' id='word_1_131' title='bbox 2741 374 2800 429; x_wconf 90' lang='lat' dir='ltr'>in</span> <span class='ocrx_word' id='word_1_132' title='bbox 2850 371 3131 428; x_wconf 85' lang='lat' dir='ltr'>ﬁnalibus</span> <span class='ocrx_word' id='word_1_133' title='bbox 3175 370 3533 437; x_wconf 88' lang='lat' dir='ltr'>mediantur,</span> <span class='ocrx_word' id='word_1_134' title='bbox 3565 375 3623 424; x_wconf 90' lang='lat' dir='ltr'>et</span> <span class='ocrx_word' id='word_1_135' title='bbox 3660 374 3778 425; x_wconf 82' lang='lat' dir='ltr'>ter-</span> 
     </span>
    </p>
   </div>
   <div class='ocr_carea' id='block_1_20' title="bbox 2102 460 3331 538">
    <p class='ocr_par' dir='ltr' id='par_1_20' title="bbox 2102 460 3331 538">
     <span class='ocr_line' id='line_1_20' title="bbox 2102 460 3331 538; baseline -0.007 -15"><span class='ocrx_word' id='word_1_136' title='bbox 2102 467 2426 533; x_wconf 87' lang='lat' dir='ltr'>minantur,</span> <span class='ocrx_word' id='word_1_137' title='bbox 2451 465 2510 522; x_wconf 93' lang='lat' dir='ltr'>in</span> <span class='ocrx_word' id='word_1_138' title='bbox 2541 462 2948 538; x_wconf 86' lang='lat' dir='ltr'>superioribus</span> <span class='ocrx_word' id='word_1_139' title='bbox 2975 460 3331 516; x_wconf 80' lang='lat' dir='ltr'>exaltantur.</span> 
     </span>
    </p>
   </div>
   <div class='ocr_carea' id='block_1_21' title="bbox 2174 546 3783 611">
    <p class='ocr_par' dir='ltr' id='par_1_21' title="bbox 2174 546 3783 611">
     <span class='ocr_line' id='line_1_21' title="bbox 2174 546 3783 611; baseline -0.006 0"><span class='ocrx_word' id='word_1_140' title='bbox 2174 558 2385 611; x_wconf 88' lang='lat' dir='ltr'>Protus</span> <span class='ocrx_word' id='word_1_141' title='bbox 2410 554 2470 611; x_wconf 89' lang='lat' dir='ltr'>in</span> <span class='ocrx_word' id='word_1_142' title='bbox 2501 552 2843 610; x_wconf 84' lang='lat' dir='ltr'>authentica</span> <span class='ocrx_word' id='word_1_143' title='bbox 2870 552 3097 608; x_wconf 82' lang='lat' dir='ltr'>ratione</span> <span class='ocrx_word' id='word_1_144' title='bbox 3129 554 3412 606; x_wconf 83' lang='lat' dir='ltr'>constans</span> <span class='ocrx_word' id='word_1_145' title='bbox 3461 564 3498 604; x_wconf 89' lang='lat' dir='ltr'>a</span> <span class='ocrx_word' id='word_1_146' title='bbox 3548 551 3593 603; x_wconf 87' lang='grc' dir='ltr'>Ι)</span> <span class='ocrx_word' id='word_1_147' title='bbox 3642 547 3705 602; x_wconf 90' lang='lat' dir='ltr'>in</span> <span class='ocrx_word' id='word_1_148' title='bbox 3739 546 3783 601; x_wconf 91' lang='lat' dir='ltr'>d</span> 
     </span>
    </p>
   </div>
   <div class='ocr_carea' id='block_1_22' title="bbox 1990 638 3784 702">
    <p class='ocr_par' dir='ltr' id='par_1_22' title="bbox 1990 638 3784 702">
     <span class='ocr_line' id='line_1_22' title="bbox 1990 638 3784 702; baseline -0.006 1"><span class='ocrx_word' id='word_1_149' title='bbox 1990 644 2003 653; x_wconf 77' lang='grc'><em>’</em></span> <span class='ocrx_word' id='word_1_150' title='bbox 2102 645 2284 702; x_wconf 88' lang='lat' dir='ltr'>habet</span> <span class='ocrx_word' id='word_1_151' title='bbox 2308 645 2570 701; x_wconf 90' lang='lat' dir='ltr'>mediam</span> <span class='ocrx_word' id='word_1_152' title='bbox 2601 659 2655 699; x_wconf 91' lang='lat' dir='ltr'>a.</span> <span class='ocrx_word' id='word_1_153' title='bbox 2700 646 2983 699; x_wconf 90' lang='lat' dir='ltr'>Deuterus</span> <span class='ocrx_word' id='word_1_154' title='bbox 3035 642 3096 697; x_wconf 91' lang='lat' dir='ltr'>in</span> <span class='ocrx_word' id='word_1_155' title='bbox 3153 640 3499 696; x_wconf 89' lang='lat' dir='ltr'>authentica</span> <span class='ocrx_word' id='word_1_156' title='bbox 3542 638 3784 695; x_wconf 86' lang='lat' dir='ltr'>ratione</span> 
     </span>
    </p>
   </div>
   <div class='ocr_carea' id='block_1_23' title="bbox 2105 711 3786 815">
    <p class='ocr_par' dir='ltr' id='par_1_23' title="bbox 2105 711 3786 815">
     <span class='ocr_line' id='line_1_23' title="bbox 2105 711 3786 815; baseline -0.008 -22"><span class='ocrx_word' id='word_1_157' title='bbox 2105 741 2385 793; x_wconf 88' lang='lat' dir='ltr'>constans</span> <span class='ocrx_word' id='word_1_158' title='bbox 2410 735 2487 792; x_wconf 90' lang='lat' dir='ltr'>ab</span> <span class='ocrx_word' id='word_1_159' title='bbox 2517 738 2555 790; x_wconf 92' lang='lat' dir='ltr'>E</span> <span class='ocrx_word' id='word_1_160' title='bbox 2585 734 2647 790; x_wconf 92' lang='lat' dir='ltr'>in</span> <span class='ocrx_word' id='word_1_161' title='bbox 2676 750 2708 789; x_wconf 91' lang='lat' dir='ltr'>e</span> <span class='ocrx_word' id='word_1_162' title='bbox 2747 733 2931 789; x_wconf 85' lang='lat' dir='ltr'>habet</span> <span class='ocrx_word' id='word_1_163' title='bbox 2956 732 3219 788; x_wconf 89' lang='lat' dir='ltr'>mediam</span> <span class='ocrx_word' id='word_1_164' title='bbox 3354 729 3549 784; x_wconf 88' lang='lat' dir='ltr'>Tritus</span> <span class='ocrx_word' id='word_1_165' title='bbox 3581 728 3645 782; x_wconf 90' lang='lat' dir='ltr'>in</span> <span class='ocrx_word' id='word_1_166' title='bbox 3676 743 3786 781; x_wconf 83' lang='lat' dir='ltr'>au-</span> 
     </span>
    </p>
   </div>
   <div class='ocr_carea' id='block_1_24' title="bbox 2104 816 3787 882">
    <p class='ocr_par' dir='ltr' id='par_1_24' title="bbox 2104 816 3787 882">
     <span class='ocr_line' id='line_1_24' title="bbox 2104 816 3787 882; baseline -0.007 0"><span class='ocrx_word' id='word_1_167' title='bbox 2104 824 2365 882; x_wconf 87' lang='lat' dir='ltr'>thentica</span> <span class='ocrx_word' id='word_1_168' title='bbox 2388 824 2613 880; x_wconf 88' lang='lat' dir='ltr'>ratione</span> <span class='ocrx_word' id='word_1_169' title='bbox 2640 826 2921 877; x_wconf 89' lang='lat' dir='ltr'>constans</span> <span class='ocrx_word' id='word_1_170' title='bbox 2959 820 3038 875; x_wconf 88' lang='lat' dir='ltr'>ab</span> <span class='ocrx_word' id='word_1_171' title='bbox 3065 819 3190 874; x_wconf 90' lang='lat' dir='ltr'>Fin</span> <span class='ocrx_word' id='word_1_172' title='bbox 3221 818 3245 874; x_wconf 90' lang='lat' dir='ltr'><strong>f</strong></span> <span class='ocrx_word' id='word_1_173' title='bbox 3270 818 3457 874; x_wconf 87' lang='lat' dir='ltr'>habet</span> <span class='ocrx_word' id='word_1_174' title='bbox 3502 816 3787 871; x_wconf 88' lang='lat' dir='ltr'>mediam</span> 
     </span>
    </p>
   </div>
   <div class='ocr_carea' id='block_1_25' title="bbox 2108 904 3787 973">
    <p class='ocr_par' dir='ltr' id='par_1_25' title="bbox 2108 904 3787 973">
     <span class='ocr_line' id='line_1_25' title="bbox 2108 904 3787 973; baseline -0.007 -1"><span class='ocrx_word' id='word_1_175' title='bbox 2108 918 2167 973; x_wconf 88' lang='lat' dir='ltr'>C.</span> <span class='ocrx_word' id='word_1_176' title='bbox 2200 914 2516 972; x_wconf 86' lang='lat' dir='ltr'>Tetrardus</span> <span class='ocrx_word' id='word_1_177' title='bbox 2543 912 2605 968; x_wconf 90' lang='lat' dir='ltr'>in</span> <span class='ocrx_word' id='word_1_178' title='bbox 2631 910 2971 967; x_wconf 88' lang='lat' dir='ltr'>authentica</span> <span class='ocrx_word' id='word_1_179' title='bbox 2992 909 3218 964; x_wconf 86' lang='lat' dir='ltr'>ratione</span> <span class='ocrx_word' id='word_1_180' title='bbox 3244 912 3531 963; x_wconf 86' lang='lat' dir='ltr'>constans</span> <span class='ocrx_word' id='word_1_181' title='bbox 3568 921 3606 960; x_wconf 88' lang='lat' dir='ltr'>a</span> <span class='ocrx_word' id='word_1_182' title='bbox 3646 908 3690 958; x_wconf 72' lang='grc' dir='ltr'><strong>(ἶ</strong></span> <span class='ocrx_word' id='word_1_183' title='bbox 3724 904 3787 960; x_wconf 92' lang='lat' dir='ltr'>in</span> 
     </span>
    </p>
   </div>
   <div class='ocr_carea' id='block_1_26' title="bbox 2109 995 3793 1074">
    <p class='ocr_par' dir='ltr' id='par_1_26' title="bbox 2109 995 3793 1074">
     <span class='ocr_line' id='line_1_26' title="bbox 2109 995 3793 1074; baseline -0.007 -14"><span class='ocrx_word' id='word_1_184' title='bbox 2109 1020 2147 1074; x_wconf 93' lang='lat' dir='ltr'>g</span> <span class='ocrx_word' id='word_1_185' title='bbox 2174 1004 2359 1059; x_wconf 86' lang='lat' dir='ltr'>habet</span> <span class='ocrx_word' id='word_1_186' title='bbox 2392 1002 2657 1058; x_wconf 90' lang='lat' dir='ltr'>mediam</span> <span class='ocrx_word' id='word_1_187' title='bbox 2682 1000 2741 1055; x_wconf 92' lang='lat' dir='ltr'>d.</span> <span class='ocrx_word' id='word_1_188' title='bbox 2778 1004 2841 1055; x_wconf 91' lang='lat' dir='ltr'>In</span> <span class='ocrx_word' id='word_1_189' title='bbox 2872 997 3291 1069; x_wconf 85' lang='lat' dir='ltr'>subjugalibus</span> <span class='ocrx_word' id='word_1_190' title='bbox 3322 995 3681 1051; x_wconf 89' lang='lat' dir='ltr'>medietates</span> <span class='ocrx_word' id='word_1_191' title='bbox 3733 996 3793 1049; x_wconf 85' lang='lat' dir='ltr'>et</span> 
     </span>
    </p>
   </div>
   <div class='ocr_carea' id='block_1_27' title="bbox 2111 1094 2665 1150">
    <p class='ocr_par' dir='ltr' id='par_1_27' title="bbox 2111 1094 2665 1150">
     <span class='ocr_line' id='line_1_27' title="bbox 2111 1094 2665 1150; baseline -0.009 0"><span class='ocrx_word' id='word_1_192' title='bbox 2111 1094 2261 1150; x_wconf 89' lang='lat' dir='ltr'>ﬁnes</span> <span class='ocrx_word' id='word_1_193' title='bbox 2289 1108 2479 1148; x_wconf 90' lang='lat' dir='ltr'>unum</span> <span class='ocrx_word' id='word_1_194' title='bbox 2508 1095 2665 1146; x_wconf 88' lang='lat' dir='ltr'>sunt.</span> 
     </span>
    </p>
   </div>
   <div class='ocr_carea' id='block_1_28' title="bbox 2181 1175 3793 1238">
    <p class='ocr_par' dir='ltr' id='par_1_28' title="bbox 2181 1175 3793 1238">
     <span class='ocr_line' id='line_1_28' title="bbox 2181 1175 3793 1238; baseline -0.007 0"><span class='ocrx_word' id='word_1_195' title='bbox 2181 1187 2244 1238; x_wconf 87' lang='lat' dir='ltr'>In</span> <span class='ocrx_word' id='word_1_196' title='bbox 2296 1179 2652 1237; x_wconf 90' lang='lat' dir='ltr'>authenticis</span> <span class='ocrx_word' id='word_1_197' title='bbox 2696 1176 3042 1233; x_wconf 89' lang='lat' dir='ltr'>medietates</span> <span class='ocrx_word' id='word_1_198' title='bbox 3091 1179 3146 1231; x_wconf 91' lang='lat' dir='ltr'>et</span> <span class='ocrx_word' id='word_1_199' title='bbox 3186 1175 3553 1231; x_wconf 59' lang='lat' dir='ltr'>seculorum</span> <span class='ocrx_word' id='word_1_200' title='bbox 3610 1187 3793 1227; x_wconf 82' lang='lat' dir='ltr'>amen</span> 
     </span>
    </p>
   </div>
   <div class='ocr_carea' id='block_1_29' title="bbox 2109 1258 3795 1327">
    <p class='ocr_par' dir='ltr' id='par_1_29' title="bbox 2109 1258 3795 1327">
     <span class='ocr_line' id='line_1_29' title="bbox 2109 1258 3795 1327; baseline -0.008 0"><span class='ocrx_word' id='word_1_201' title='bbox 2109 1270 2271 1327; x_wconf 91' lang='lat' dir='ltr'>idem</span> <span class='ocrx_word' id='word_1_202' title='bbox 2300 1273 2455 1325; x_wconf 90' lang='lat' dir='ltr'>sunt.</span> <span class='ocrx_word' id='word_1_203' title='bbox 2486 1270 2698 1323; x_wconf 87' lang='lat' dir='ltr'>Protus</span> <span class='ocrx_word' id='word_1_204' title='bbox 2732 1264 3132 1321; x_wconf 79' lang='lat' dir='ltr'>indifferenter</span> <span class='ocrx_word' id='word_1_205' title='bbox 3172 1266 3463 1318; x_wconf 90' lang='lat' dir='ltr'>constans</span> <span class='ocrx_word' id='word_1_206' title='bbox 3506 1260 3590 1316; x_wconf 90' lang='lat' dir='ltr'>ab</span> <span class='ocrx_word' id='word_1_207' title='bbox 3627 1264 3673 1313; x_wconf 73' lang='grc' dir='ltr'><strong>Α</strong></span> <span class='ocrx_word' id='word_1_208' title='bbox 3729 1258 3795 1314; x_wconf 87' lang='lat' dir='ltr'>in</span> 
     </span>
    </p>
   </div>
   <div class='ocr_carea' id='block_1_30' title="bbox 2111 1348 3797 1416">
    <p class='ocr_par' dir='ltr' id='par_1_30' title="bbox 2111 1348 3797 1416">
     <span class='ocr_line' id='line_1_30' title="bbox 2111 1348 3797 1416; baseline -0.007 0"><span class='ocrx_word' id='word_1_209' title='bbox 2111 1360 2151 1416; x_wconf 93' lang='lat' dir='ltr'>d</span> <span class='ocrx_word' id='word_1_210' title='bbox 2171 1358 2354 1415; x_wconf 88' lang='lat' dir='ltr'>habet</span> <span class='ocrx_word' id='word_1_211' title='bbox 2382 1358 2537 1413; x_wconf 91' lang='lat' dir='ltr'>duas</span> <span class='ocrx_word' id='word_1_212' title='bbox 2566 1355 2798 1412; x_wconf 91' lang='lat' dir='ltr'>medias</span> <span class='ocrx_word' id='word_1_213' title='bbox 2826 1354 2864 1408; x_wconf 91' lang='lat' dir='ltr'>d</span> <span class='ocrx_word' id='word_1_214' title='bbox 2896 1357 2954 1409; x_wconf 93' lang='lat' dir='ltr'>et</span> <span class='ocrx_word' id='word_1_215' title='bbox 2974 1368 3028 1408; x_wconf 91' lang='lat' dir='ltr'>a.</span> <span class='ocrx_word' id='word_1_216' title='bbox 3056 1355 3350 1408; x_wconf 90' lang='lat' dir='ltr'>Deuturus</span> <span class='ocrx_word' id='word_1_217' title='bbox 3374 1348 3797 1406; x_wconf 71' lang='lat' dir='ltr'>indiﬁerenter</span> 
     </span>
    </p>
   </div>
   <div class='ocr_carea' id='block_1_31' title="bbox 2113 1421 3799 1518">
    <p class='ocr_par' dir='ltr' id='par_1_31' title="bbox 2113 1421 3799 1518">
     <span class='ocr_line' id='line_1_31' title="bbox 2113 1421 3799 1518; baseline -0.006 -16"><span class='ocrx_word' id='word_1_218' title='bbox 2113 1451 2397 1503; x_wconf 89' lang='lat' dir='ltr'>constans</span> <span class='ocrx_word' id='word_1_219' title='bbox 2413 1462 2447 1501; x_wconf 91' lang='lat' dir='ltr'>a</span> <span class='ocrx_word' id='word_1_220' title='bbox 2464 1448 2504 1500; x_wconf 89' lang='grc' dir='ltr'><strong>Β</strong></span> <span class='ocrx_word' id='word_1_221' title='bbox 2520 1444 2582 1500; x_wconf 93' lang='lat' dir='ltr'>in</span> <span class='ocrx_word' id='word_1_222' title='bbox 2602 1460 2633 1499; x_wconf 90' lang='lat' dir='ltr'>e</span> <span class='ocrx_word' id='word_1_223' title='bbox 2653 1443 2836 1499; x_wconf 90' lang='lat' dir='ltr'>habet</span> <span class='ocrx_word' id='word_1_224' title='bbox 2853 1441 3006 1498; x_wconf 91' lang='lat' dir='ltr'>duas</span> <span class='ocrx_word' id='word_1_225' title='bbox 3024 1440 3254 1496; x_wconf 90' lang='lat' dir='ltr'>medias</span> <span class='ocrx_word' id='word_1_226' title='bbox 3276 1421 3468 1518; x_wconf 50' lang='lat' dir='ltr'>Eeth.</span> <span class='ocrx_word' id='word_1_227' title='bbox 3488 1439 3689 1495; x_wconf 87' lang='lat' dir='ltr'>Tritus</span> <span class='ocrx_word' id='word_1_228' title='bbox 3709 1438 3799 1493; x_wconf 89' lang='lat' dir='ltr'>in-</span> 
     </span>
    </p>
   </div>
   <div class='ocr_carea' id='block_1_32' title="bbox 2114 1527 3794 1592">
    <p class='ocr_par' dir='ltr' id='par_1_32' title="bbox 2114 1527 3794 1592">
     <span class='ocr_line' id='line_1_32' title="bbox 2114 1527 3794 1592; baseline -0.006 0"><span class='ocrx_word' id='word_1_229' title='bbox 2114 1534 2453 1592; x_wconf 77' lang='lat' dir='ltr'>diﬂ‘erenter</span> <span class='ocrx_word' id='word_1_230' title='bbox 2481 1538 2767 1590; x_wconf 88' lang='lat' dir='ltr'>constans</span> <span class='ocrx_word' id='word_1_231' title='bbox 2798 1549 2833 1588; x_wconf 93' lang='lat' dir='ltr'>a</span> <span class='ocrx_word' id='word_1_232' title='bbox 2865 1533 2904 1584; x_wconf 92' lang='lat' dir='ltr'>C</span> <span class='ocrx_word' id='word_1_233' title='bbox 2933 1532 2997 1587; x_wconf 89' lang='lat' dir='ltr'>in</span> <span class='ocrx_word' id='word_1_234' title='bbox 3028 1534 3063 1586; x_wconf 82' lang='lat' dir='ltr'>F</span> <span class='ocrx_word' id='word_1_235' title='bbox 3114 1529 3297 1586; x_wconf 89' lang='lat' dir='ltr'>habet</span> <span class='ocrx_word' id='word_1_236' title='bbox 3346 1528 3503 1585; x_wconf 89' lang='lat' dir='ltr'>duas</span> <span class='ocrx_word' id='word_1_237' title='bbox 3555 1527 3794 1583; x_wconf 88' lang='lat' dir='ltr'>medias</span> 
     </span>
    </p>
   </div>
   <div class='ocr_carea' id='block_1_33' title="bbox 340 1612 2022 1697">
    <p class='ocr_par' dir='ltr' id='par_1_33' title="bbox 340 1612 2008 1681">
     <span class='ocr_line' id='line_1_33' title="bbox 340 1612 2008 1681; baseline -0.004 -9"><span class='ocrx_word' id='word_1_238' title='bbox 340 1615 785 1681; x_wconf 90' lang='lat' dir='ltr'>descendendo,</span> <span class='ocrx_word' id='word_1_239' title='bbox 813 1617 879 1669; x_wconf 92' lang='lat' dir='ltr'>ut</span> <span class='ocrx_word' id='word_1_240' title='bbox 906 1617 994 1669; x_wconf 90' lang='lat' dir='ltr'>est</span> <span class='ocrx_word' id='word_1_241' title='bbox 1024 1630 1037 1667; x_wconf 90' lang='lat'><strong>:</strong></span> <span class='ocrx_word' id='word_1_242' title='bbox 1071 1614 1239 1669; x_wconf 87' lang='lat' dir='ltr'>Dabo</span> <span class='ocrx_word' id='word_1_243' title='bbox 1270 1613 1333 1667; x_wconf 83' lang='lat' dir='ltr'>in</span> <span class='ocrx_word' id='word_1_244' title='bbox 1380 1613 1525 1668; x_wconf 81' lang='lat' dir='ltr'>Sion</span> <span class='ocrx_word' id='word_1_245' title='bbox 1564 1612 1778 1667; x_wconf 62' lang='lat' dir='ltr'>Judwa</span> <span class='ocrx_word' id='word_1_246' title='bbox 1825 1616 1880 1667; x_wconf 88' lang='lat' dir='ltr'>et</span> <span class='ocrx_word' id='word_1_247' title='bbox 1916 1612 2008 1666; x_wconf 84' lang='lat' dir='ltr'>Je-</span> 
     </span>
    </p>
   </div>
   <div class='ocr_carea' id='block_1_34' title="bbox 2191 1612 3797 1697">
    <p class='ocr_par' dir='ltr' id='par_1_34' title="bbox 2191 1616 3797 1684">
     <span class='ocr_line' id='line_1_34' title="bbox 2191 1616 3797 1684; baseline -0.006 -4"><span class='ocrx_word' id='word_1_248' title='bbox 2191 1629 2322 1680; x_wconf 88' lang='lat' dir='ltr'>etc.</span> <span class='ocrx_word' id='word_1_249' title='bbox 2351 1622 2665 1679; x_wconf 89' lang='lat' dir='ltr'>Tetrardus</span> <span class='ocrx_word' id='word_1_250' title='bbox 2694 1618 3099 1676; x_wconf 75' lang='lat' dir='ltr'>indifferenter</span> <span class='ocrx_word' id='word_1_251' title='bbox 3122 1622 3407 1674; x_wconf 87' lang='lat' dir='ltr'>constans</span> <span class='ocrx_word' id='word_1_252' title='bbox 3466 1632 3503 1672; x_wconf 89' lang='lat' dir='ltr'>a</span> <span class='ocrx_word' id='word_1_253' title='bbox 3553 1619 3596 1671; x_wconf 81' lang='grc' dir='ltr'><strong>Ι)</strong></span> <span class='ocrx_word' id='word_1_254' title='bbox 3648 1616 3711 1671; x_wconf 91' lang='lat' dir='ltr'>in</span> <span class='ocrx_word' id='word_1_255' title='bbox 3759 1631 3797 1684; x_wconf 88' lang='lat' dir='ltr'>g</span> 
     </span>
    </p>
   </div>
   <div class='ocr_carea' id='block_1_35' title="bbox 341 1699 3795 1778">
    <p class='ocr_par' dir='ltr' id='par_1_35' title="bbox 341 1699 3795 1778">
     <span class='ocr_line' id='line_1_35' title="bbox 341 1699 3795 1778; baseline -0.002 -16"><span class='ocrx_word' id='word_1_256' title='bbox 341 1706 625 1763; x_wconf 78' lang='lat' dir='ltr'>rusalem.</span> <span class='ocrx_word' id='word_1_257' title='bbox 659 1704 716 1760; x_wconf 91' lang='lat' dir='ltr'>Si</span> <span class='ocrx_word' id='word_1_258' title='bbox 744 1718 931 1775; x_wconf 89' lang='lat' dir='ltr'>quam</span> <span class='ocrx_word' id='word_1_259' title='bbox 959 1701 1139 1757; x_wconf 89' lang='lat' dir='ltr'>aliam</span> <span class='ocrx_word' id='word_1_260' title='bbox 1166 1701 1537 1756; x_wconf 87' lang='lat' dir='ltr'>diatessaron</span> <span class='ocrx_word' id='word_1_261' title='bbox 1569 1700 1830 1773; x_wconf 88' lang='lat' dir='ltr'>speciem</span> <span class='ocrx_word' id='word_1_262' title='bbox 1850 1699 2013 1755; x_wconf 86' lang='lat' dir='ltr'>inve-</span> <span class='ocrx_word' id='word_1_263' title='bbox 2118 1714 2301 1770; x_wconf 64' lang='lat' dir='ltr'>habet</span> <span class='ocrx_word' id='word_1_264' title='bbox 2323 1712 2476 1768; x_wconf 69' lang='lat' dir='ltr'>duas</span> <span class='ocrx_word' id='word_1_265' title='bbox 2502 1711 2732 1767; x_wconf 74' lang='lat' dir='ltr'>medjas</span> <span class='ocrx_word' id='word_1_266' title='bbox 2764 1712 2805 1765; x_wconf 62' lang='grc' dir='ltr'><strong>(ς</strong></span> <span class='ocrx_word' id='word_1_267' title='bbox 2828 1714 2885 1765; x_wconf 73' lang='lat' dir='ltr'>et</span> <span class='ocrx_word' id='word_1_268' title='bbox 2913 1708 2972 1764; x_wconf 87' lang='lat' dir='ltr'>d_</span> <span class='ocrx_word' id='word_1_269' title='bbox 3011 1706 3366 1778; x_wconf 76' lang='lat' dir='ltr'>Subjugales</span> <span class='ocrx_word' id='word_1_270' title='bbox 3416 1722 3453 1760; x_wconf 82' lang='lat' dir='ltr'>a</span> <span class='ocrx_word' id='word_1_271' title='bbox 3498 1705 3795 1773; x_wconf 77' lang='lat' dir='ltr'>gravibus</span> 
     </span>
    </p>
   </div>
   <div class='ocr_carea' id='block_1_36' title="bbox 342 1790 2011 1867">
    <p class='ocr_par' dir='ltr' id='par_1_36' title="bbox 342 1790 2011 1867">
     <span class='ocr_line' id='line_1_36' title="bbox 342 1790 2011 1867; baseline -0.004 -17"><span class='ocrx_word' id='word_1_272' title='bbox 342 1793 525 1862; x_wconf 90' lang='lat' dir='ltr'>neris,</span> <span class='ocrx_word' id='word_1_273' title='bbox 552 1792 697 1867; x_wconf 84' lang='lat' dir='ltr'>quia</span> <span class='ocrx_word' id='word_1_274' title='bbox 725 1792 789 1847; x_wconf 93' lang='lat' dir='ltr'>in</span> <span class='ocrx_word' id='word_1_275' title='bbox 819 1793 933 1847; x_wconf 90' lang='lat' dir='ltr'>hac</span> <span class='ocrx_word' id='word_1_276' title='bbox 960 1790 1218 1859; x_wconf 81' lang='lat' dir='ltr'>regulari</span> <span class='ocrx_word' id='word_1_277' title='bbox 1247 1790 1617 1846; x_wconf 89' lang='lat' dir='ltr'>institutione</span> <span class='ocrx_word' id='word_1_278' title='bbox 1646 1790 1847 1845; x_wconf 92' lang='lat' dir='ltr'>locum</span> <span class='ocrx_word' id='word_1_279' title='bbox 1886 1805 2011 1845; x_wconf 92' lang='lat' dir='ltr'>non</span> 
     </span>
    </p>
   </div>
   <div class='ocr_carea' id='block_1_37' title="bbox 343 1872 2009 2006">
    <p class='ocr_par' dir='ltr' id='par_1_37' title="bbox 343 1872 2009 2006">
     <span class='ocr_line' id='line_1_37' title="bbox 343 1872 2009 2006; baseline -0.004 -31"><span class='ocrx_word' id='word_1_280' title='bbox 343 1917 545 1985; x_wconf 87' lang='lat' dir='ltr'>habet,</span> <span class='ocrx_word' id='word_1_281' title='bbox 564 1914 944 1988; x_wconf 88' lang='lat' dir='ltr'>repudianda</span> <span class='ocrx_word' id='word_1_282' title='bbox 964 1918 1141 1981; x_wconf 90' lang='lat' dir='ltr'>est,ut</span> <span class='ocrx_word' id='word_1_283' title='bbox 1166 1918 1253 1969; x_wconf 89' lang='lat' dir='ltr'>est</span> <span class='ocrx_word' id='word_1_284' title='bbox 1268 1914 1345 1969; x_wconf 92' lang='lat' dir='ltr'>ab</span> <span class='ocrx_word' id='word_1_285' title='bbox 1374 1914 1489 1969; x_wconf 82' lang='lat' dir='ltr'>Fin</span> <span class='ocrx_word' id='word_1_286' title='bbox 1505 1902 1563 2006; x_wconf 50' lang='grc' dir='ltr'>ᾗ</span> <span class='ocrx_word' id='word_1_287' title='bbox 1581 1919 1863 1971; x_wconf 89' lang='lat' dir='ltr'>constans</span> <span class='ocrx_word' id='word_1_288' title='bbox 1882 1875 1907 1970; x_wconf 60' lang='grc' dir='ltr'>ἶ</span> <span class='ocrx_word' id='word_1_289' title='bbox 1926 1872 1951 1969; x_wconf 62' lang='grc' dir='ltr'>ἶ</span> 
     </span>
    </p>
   </div>
   <div class='ocr_carea' id='block_1_38' title="bbox 520 2023 1841 2095">
    <p class='ocr_par' dir='ltr' id='par_1_38' title="bbox 520 2023 1841 2095">
     <span class='ocr_line' id='line_1_38' title="bbox 520 2023 1841 2095; baseline -0.002 -16"><span class='ocrx_word' id='word_1_290' title='bbox 520 2024 795 2093; x_wconf 78' lang='lat' dir='ltr'>Qualiter</span> <span class='ocrx_word' id='word_1_291' title='bbox 817 2023 1111 2095; x_wconf 79' lang='lat' dir='ltr'>diapason</span> <span class='ocrx_word' id='word_1_292' title='bbox 1141 2024 1359 2092; x_wconf 80' lang='lat' dir='ltr'>species</span> <span class='ocrx_word' id='word_1_293' title='bbox 1385 2028 1841 2079; x_wconf 81' lang='lat' dir='ltr'>construuntur.</span> 
     </span>
    </p>
   </div>
   <div class='ocr_carea' id='block_1_39' title="bbox 420 2131 2017 2207">
    <p class='ocr_par' dir='ltr' id='par_1_39' title="bbox 420 2131 2017 2207">
     <span class='ocr_line' id='line_1_39' title="bbox 420 2131 2017 2207; baseline -0.002 -17"><span class='ocrx_word' id='word_1_294' title='bbox 420 2135 642 2207; x_wconf 82' lang='lat' dir='ltr'>Omnes</span> <span class='ocrx_word' id='word_1_295' title='bbox 667 2131 966 2204; x_wconf 82' lang='lat' dir='ltr'>diapason</span> <span class='ocrx_word' id='word_1_296' title='bbox 997 2131 1222 2204; x_wconf 89' lang='lat' dir='ltr'>species</span> <span class='ocrx_word' id='word_1_297' title='bbox 1250 2131 1333 2187; x_wconf 90' lang='lat' dir='ltr'>ita</span> <span class='ocrx_word' id='word_1_298' title='bbox 1385 2136 1830 2201; x_wconf 88' lang='lat' dir='ltr'>construuntur,</span> <span class='ocrx_word' id='word_1_299' title='bbox 1876 2138 1940 2187; x_wconf 89' lang='lat' dir='ltr'>ut</span> <span class='ocrx_word' id='word_1_300' title='bbox 1980 2147 2017 2187; x_wconf 92' lang='lat' dir='ltr'>a</span> 
     </span>
    </p>
   </div>
   <div class='ocr_carea' id='block_1_40' title="bbox 347 2219 2017 2297">
    <p class='ocr_par' dir='ltr' id='par_1_40' title="bbox 347 2219 2017 2297">
     <span class='ocr_line' id='line_1_40' title="bbox 347 2219 2017 2297; baseline -0.002 -18"><span class='ocrx_word' id='word_1_301' title='bbox 347 2221 532 2297; x_wconf 89' lang='lat' dir='ltr'>priori</span> <span class='ocrx_word' id='word_1_302' title='bbox 579 2220 882 2293; x_wconf 89' lang='lat' dir='ltr'>diapason</span> <span class='ocrx_word' id='word_1_303' title='bbox 929 2219 1235 2293; x_wconf 89' lang='lat' dir='ltr'>incipiant,</span> <span class='ocrx_word' id='word_1_304' title='bbox 1292 2224 1349 2277; x_wconf 90' lang='lat' dir='ltr'>et</span> <span class='ocrx_word' id='word_1_305' title='bbox 1398 2221 1460 2277; x_wconf 92' lang='lat' dir='ltr'>in</span> <span class='ocrx_word' id='word_1_306' title='bbox 1489 2221 1799 2294; x_wconf 88' lang='lat' dir='ltr'>posteriori</span> <span class='ocrx_word' id='word_1_307' title='bbox 1864 2220 2017 2276; x_wconf 90' lang='lat' dir='ltr'>desi-</span> 
     </span>
    </p>
   </div>
   <div class='ocr_carea' id='block_1_41' title="bbox 348 2309 2019 2384">
    <p class='ocr_par' dir='ltr' id='par_1_41' title="bbox 348 2309 2019 2384">
     <span class='ocr_line' id='line_1_41' title="bbox 348 2309 2019 2384; baseline -0.002 -16"><span class='ocrx_word' id='word_1_308' title='bbox 348 2316 529 2379; x_wconf 90' lang='lat' dir='ltr'>nant;</span> <span class='ocrx_word' id='word_1_309' title='bbox 562 2310 707 2383; x_wconf 90' lang='lat' dir='ltr'>quia</span> <span class='ocrx_word' id='word_1_310' title='bbox 735 2310 797 2365; x_wconf 93' lang='lat' dir='ltr'>in</span> <span class='ocrx_word' id='word_1_311' title='bbox 847 2309 1112 2365; x_wconf 92' lang='lat' dir='ltr'>secundo</span> <span class='ocrx_word' id='word_1_312' title='bbox 1154 2310 1331 2366; x_wconf 90' lang='lat' dir='ltr'>totius</span> <span class='ocrx_word' id='word_1_313' title='bbox 1384 2310 1781 2367; x_wconf 87' lang='lat' dir='ltr'>monochordi</span> <span class='ocrx_word' id='word_1_314' title='bbox 1823 2310 2019 2384; x_wconf 87' lang='lat' dir='ltr'>spatio</span> 
     </span>
    </p>
   </div>
   <div class='ocr_carea' id='block_1_42' title="bbox 354 2402 2019 2477">
    <p class='ocr_par' dir='ltr' id='par_1_42' title="bbox 354 2402 2019 2477">
     <span class='ocr_line' id='line_1_42' title="bbox 354 2402 2019 2477; baseline -0.002 -17"><span class='ocrx_word' id='word_1_315' title='bbox 354 2404 656 2477; x_wconf 90' lang='lat' dir='ltr'>diapason</span> <span class='ocrx_word' id='word_1_316' title='bbox 686 2402 1323 2475; x_wconf 87' lang='lat' dir='ltr'>reperitur.Sciendum</span> <span class='ocrx_word' id='word_1_317' title='bbox 1353 2403 1635 2475; x_wconf 88' lang='lat' dir='ltr'>est,quod</span> <span class='ocrx_word' id='word_1_318' title='bbox 1664 2402 1861 2458; x_wconf 89' lang='lat' dir='ltr'>omnis</span> <span class='ocrx_word' id='word_1_319' title='bbox 1878 2406 2019 2458; x_wconf 85' lang='lat' dir='ltr'>can-</span> 
     </span>
    </p>
   </div>
   <div class='ocr_carea' id='block_1_43' title="bbox 352 2490 2021 2563">
    <p class='ocr_par' dir='ltr' id='par_1_43' title="bbox 352 2490 2021 2563">
     <span class='ocr_line' id='line_1_43' title="bbox 352 2490 2021 2563; baseline -0.002 -15"><span class='ocrx_word' id='word_1_320' title='bbox 352 2491 546 2549; x_wconf 64' lang='lat' dir='ltr'>tilense</span> <span class='ocrx_word' id='word_1_321' title='bbox 571 2490 779 2560; x_wconf 82' lang='lat' dir='ltr'>legalis</span> <span class='ocrx_word' id='word_1_322' title='bbox 806 2505 1093 2546; x_wconf 92' lang='lat' dir='ltr'>ascensus</span> <span class='ocrx_word' id='word_1_323' title='bbox 1125 2495 1181 2546; x_wconf 90' lang='lat' dir='ltr'>et</span> <span class='ocrx_word' id='word_1_324' title='bbox 1208 2490 1537 2547; x_wconf 89' lang='lat' dir='ltr'>descensus</span> <span class='ocrx_word' id='word_1_325' title='bbox 1582 2506 1689 2563; x_wconf 91' lang='lat' dir='ltr'>per</span> <span class='ocrx_word' id='word_1_326' title='bbox 1722 2490 2021 2563; x_wconf 88' lang='lat' dir='ltr'>diapason</span> 
     </span>
    </p>
   </div>
   <div class='ocr_carea' id='block_1_44' title="bbox 352 2579 2023 2653">
    <p class='ocr_par' dir='ltr' id='par_1_44' title="bbox 352 2579 2023 2653">
     <span class='ocr_line' id='line_1_44' title="bbox 352 2579 2023 2653; baseline -0.002 -15"><span class='ocrx_word' id='word_1_327' title='bbox 352 2579 733 2638; x_wconf 88' lang='lat' dir='ltr'>construitur.</span> <span class='ocrx_word' id='word_1_328' title='bbox 770 2579 965 2635; x_wconf 87' lang='lat' dir='ltr'>Prima</span> <span class='ocrx_word' id='word_1_329' title='bbox 991 2583 1194 2636; x_wconf 86' lang='lat' dir='ltr'>autem</span> <span class='ocrx_word' id='word_1_330' title='bbox 1216 2580 1512 2653; x_wconf 90' lang='lat' dir='ltr'>diapason</span> <span class='ocrx_word' id='word_1_331' title='bbox 1534 2580 1760 2653; x_wconf 89' lang='lat' dir='ltr'>species</span> <span class='ocrx_word' id='word_1_332' title='bbox 1778 2584 1868 2636; x_wconf 92' lang='lat' dir='ltr'>est</span> <span class='ocrx_word' id='word_1_333' title='bbox 1886 2579 2023 2635; x_wconf 89' lang='lat' dir='ltr'>sub-</span> 
     </span>
    </p>
   </div>
   <div class='ocr_carea' id='block_1_45' title="bbox 348 2667 2020 2743">
    <p class='ocr_par' dir='ltr' id='par_1_45' title="bbox 348 2667 2020 2743">
     <span class='ocr_line' id='line_1_45' title="bbox 348 2667 2020 2743; baseline -0.001 -17"><span class='ocrx_word' id='word_1_334' title='bbox 348 2668 571 2743; x_wconf 91' lang='lat' dir='ltr'>jugalis</span> <span class='ocrx_word' id='word_1_335' title='bbox 590 2668 747 2742; x_wconf 89' lang='lat' dir='ltr'>proti</span> <span class='ocrx_word' id='word_1_336' title='bbox 779 2668 858 2725; x_wconf 91' lang='lat' dir='ltr'>ab</span> <span class='ocrx_word' id='word_1_337' title='bbox 888 2672 937 2724; x_wconf 82' lang='lat' dir='ltr'><strong>A</strong></span> <span class='ocrx_word' id='word_1_338' title='bbox 961 2667 1023 2725; x_wconf 88' lang='lat' dir='ltr'>in</span> <span class='ocrx_word' id='word_1_339' title='bbox 1053 2685 1089 2725; x_wconf 94' lang='lat' dir='ltr'>a</span> <span class='ocrx_word' id='word_1_340' title='bbox 1113 2669 1314 2726; x_wconf 89' lang='lat' dir='ltr'>media</span> <span class='ocrx_word' id='word_1_341' title='bbox 1362 2670 1404 2722; x_wconf 93' lang='lat' dir='ltr'><strong>D</strong></span> <span class='ocrx_word' id='word_1_342' title='bbox 1453 2669 1720 2726; x_wconf 90' lang='lat' dir='ltr'>secunda</span> <span class='ocrx_word' id='word_1_343' title='bbox 1762 2674 1853 2726; x_wconf 90' lang='lat' dir='ltr'>est</span> <span class='ocrx_word' id='word_1_344' title='bbox 1878 2669 2020 2725; x_wconf 90' lang='lat' dir='ltr'>sub-</span> 
     </span>
    </p>
   </div>
   <div class='ocr_carea' id='block_1_46' title="bbox 348 2757 2019 2831">
    <p class='ocr_par' dir='ltr' id='par_1_46' title="bbox 348 2757 2019 2831">
     <span class='ocr_line' id='line_1_46' title="bbox 348 2757 2019 2831; baseline 0 -16"><span class='ocrx_word' id='word_1_345' title='bbox 348 2757 573 2831; x_wconf 89' lang='lat' dir='ltr'>jugalis</span> <span class='ocrx_word' id='word_1_346' title='bbox 604 2757 833 2814; x_wconf 91' lang='lat' dir='ltr'>deuteri</span> <span class='ocrx_word' id='word_1_347' title='bbox 881 2775 919 2814; x_wconf 85' lang='lat' dir='ltr'>a</span> <span class='ocrx_word' id='word_1_348' title='bbox 944 2760 985 2813; x_wconf 92' lang='grc' dir='ltr'><strong>Β</strong></span> <span class='ocrx_word' id='word_1_349' title='bbox 1014 2757 1075 2813; x_wconf 92' lang='lat' dir='ltr'>in</span> <span class='ocrx_word' id='word_1_350' title='bbox 1103 2757 1177 2831; x_wconf 61' lang='grc' dir='ltr'>ια,</span> <span class='ocrx_word' id='word_1_351' title='bbox 1211 2759 1412 2815; x_wconf 90' lang='lat' dir='ltr'>media</span> <span class='ocrx_word' id='word_1_352' title='bbox 1439 2762 1498 2814; x_wconf 90' lang='lat' dir='ltr'>E.</span> <span class='ocrx_word' id='word_1_353' title='bbox 1526 2758 1715 2815; x_wconf 87' lang='lat' dir='ltr'>Tertia</span> <span class='ocrx_word' id='word_1_354' title='bbox 1753 2764 1844 2815; x_wconf 87' lang='lat' dir='ltr'>est</span> <span class='ocrx_word' id='word_1_355' title='bbox 1875 2758 2019 2815; x_wconf 91' lang='lat' dir='ltr'>sub-</span> 
     </span>
    </p>
   </div>
   <div class='ocr_carea' id='block_1_47' title="bbox 351 2845 2020 2919">
    <p class='ocr_par' dir='ltr' id='par_1_47' title="bbox 351 2845 2020 2919">
     <span class='ocr_line' id='line_1_47' title="bbox 351 2845 2020 2919; baseline 0.001 -17"><span class='ocrx_word' id='word_1_356' title='bbox 351 2845 575 2919; x_wconf 89' lang='lat' dir='ltr'>jugalis</span> <span class='ocrx_word' id='word_1_357' title='bbox 599 2845 717 2901; x_wconf 91' lang='lat' dir='ltr'>triti</span> <span class='ocrx_word' id='word_1_358' title='bbox 747 2862 784 2902; x_wconf 90' lang='lat' dir='ltr'>a</span> <span class='ocrx_word' id='word_1_359' title='bbox 813 2848 853 2903; x_wconf 91' lang='lat' dir='ltr'>C</span> <span class='ocrx_word' id='word_1_360' title='bbox 883 2845 945 2901; x_wconf 93' lang='lat' dir='ltr'>in</span> <span class='ocrx_word' id='word_1_361' title='bbox 977 2862 1007 2902; x_wconf 92' lang='lat' dir='ltr'>c</span> <span class='ocrx_word' id='word_1_362' title='bbox 1032 2845 1233 2902; x_wconf 91' lang='lat' dir='ltr'>media</span> <span class='ocrx_word' id='word_1_363' title='bbox 1261 2850 1317 2902; x_wconf 85' lang='lat' dir='ltr'>F.</span> <span class='ocrx_word' id='word_1_364' title='bbox 1335 2849 1557 2913; x_wconf 88' lang='lat' dir='ltr'>Quarta</span> <span class='ocrx_word' id='word_1_365' title='bbox 1578 2852 1665 2903; x_wconf 91' lang='lat' dir='ltr'>est</span> <span class='ocrx_word' id='word_1_366' title='bbox 1682 2848 2020 2904; x_wconf 90' lang='lat' dir='ltr'>communis</span> 
     </span>
    </p>
   </div>
   <div class='ocr_carea' id='block_1_48' title="bbox 356 2935 2020 3010">
    <p class='ocr_par' dir='ltr' id='par_1_48' title="bbox 356 2935 2020 3010">
     <span class='ocr_line' id='line_1_48' title="bbox 356 2935 2020 3010; baseline 0.001 -18"><span class='ocrx_word' id='word_1_367' title='bbox 356 2935 513 3010; x_wconf 92' lang='lat' dir='ltr'>proti</span> <span class='ocrx_word' id='word_1_368' title='bbox 541 2938 600 2991; x_wconf 92' lang='lat' dir='ltr'>et</span> <span class='ocrx_word' id='word_1_369' title='bbox 620 2935 865 2991; x_wconf 91' lang='lat' dir='ltr'>tetrardi</span> <span class='ocrx_word' id='word_1_370' title='bbox 895 2935 1231 3007; x_wconf 86' lang='lat' dir='ltr'>subjugalis</span> <span class='ocrx_word' id='word_1_371' title='bbox 1263 2952 1299 2992; x_wconf 92' lang='lat' dir='ltr'>a</span> <span class='ocrx_word' id='word_1_372' title='bbox 1322 2939 1364 2992; x_wconf 92' lang='lat' dir='ltr'><strong>D</strong></span> <span class='ocrx_word' id='word_1_373' title='bbox 1390 2936 1451 2992; x_wconf 92' lang='lat' dir='ltr'>in</span> <span class='ocrx_word' id='word_1_374' title='bbox 1482 2936 1522 2993; x_wconf 92' lang='lat' dir='ltr'>d</span> <span class='ocrx_word' id='word_1_375' title='bbox 1553 2936 1753 2993; x_wconf 89' lang='lat' dir='ltr'>media</span> <span class='ocrx_word' id='word_1_376' title='bbox 1799 2939 1862 2994; x_wconf 92' lang='lat' dir='ltr'>G.</span> <span class='ocrx_word' id='word_1_377' title='bbox 1913 2938 2020 2994; x_wconf 89' lang='lat' dir='ltr'>Hic</span> 
     </span>
    </p>
   </div>
   <div class='ocr_carea' id='block_1_49' title="bbox 360 3002 2103 3095">
    <p class='ocr_par' dir='ltr' id='par_1_49' title="bbox 360 3002 2103 3095">
     <span class='ocr_line' id='line_1_49' title="bbox 360 3002 2103 3095; baseline 0 -15"><span class='ocrx_word' id='word_1_378' title='bbox 360 3002 449 3080; x_wconf 76' lang='lat' dir='ltr'>est</span> <span class='ocrx_word' id='word_1_379' title='bbox 483 3023 783 3094; x_wconf 90' lang='lat' dir='ltr'>legitimus</span> <span class='ocrx_word' id='word_1_380' title='bbox 813 3002 1225 3095; x_wconf 41' lang='lat' dir='ltr'>subjugal‘ium</span> <span class='ocrx_word' id='word_1_381' title='bbox 1254 3041 1540 3081; x_wconf 90' lang='lat' dir='ltr'>ascensus</span> <span class='ocrx_word' id='word_1_382' title='bbox 1580 3030 1635 3082; x_wconf 87' lang='lat' dir='ltr'>et</span> <span class='ocrx_word' id='word_1_383' title='bbox 1672 3026 2019 3083; x_wconf 89' lang='lat' dir='ltr'>descensus.</span> <span class='ocrx_word' id='word_1_384' title='bbox 2063 3002 2103 3058; x_wconf 64' lang='grc' dir='ltr'><strong>θ</strong></span> 
     </span>
    </p>
   </div>
   <div class='ocr_carea' id='block_1_50' title="bbox 430 3112 2021 3173">
    <p class='ocr_par' dir='ltr' id='par_1_50' title="bbox 430 3112 2021 3173">
     <span class='ocr_line' id='line_1_50' title="bbox 430 3112 2021 3173; baseline 0.003 -4"><span class='ocrx_word' id='word_1_385' title='bbox 430 3116 575 3169; x_wconf 87' lang='lat' dir='ltr'>Item</span> <span class='ocrx_word' id='word_1_386' title='bbox 605 3112 685 3168; x_wconf 90' lang='lat' dir='ltr'>ad</span> <span class='ocrx_word' id='word_1_387' title='bbox 715 3128 1035 3169; x_wconf 90' lang='lat' dir='ltr'>ascensum</span> <span class='ocrx_word' id='word_1_388' title='bbox 1064 3120 1119 3170; x_wconf 87' lang='lat' dir='ltr'>et</span> <span class='ocrx_word' id='word_1_389' title='bbox 1141 3114 1502 3171; x_wconf 89' lang='lat' dir='ltr'>descensum</span> <span class='ocrx_word' id='word_1_390' title='bbox 1541 3116 2021 3173; x_wconf 89' lang='lat' dir='ltr'>authenticorum</span> 
     </span>
    </p>
   </div>
   <div class='ocr_carea' id='block_1_51' title="bbox 359 3200 2024 3280">
    <p class='ocr_par' dir='ltr' id='par_1_51' title="bbox 359 3200 2024 3280">
     <span class='ocr_line' id='line_1_51' title="bbox 359 3200 2024 3280; baseline 0.003 -22"><span class='ocrx_word' id='word_1_391' title='bbox 359 3206 620 3276; x_wconf 87' lang='lat' dir='ltr'>quatuor</span> <span class='ocrx_word' id='word_1_392' title='bbox 649 3200 946 3274; x_wconf 89' lang='lat' dir='ltr'>diapason</span> <span class='ocrx_word' id='word_1_393' title='bbox 977 3203 1206 3275; x_wconf 90' lang='lat' dir='ltr'>species</span> <span class='ocrx_word' id='word_1_394' title='bbox 1237 3209 1650 3261; x_wconf 89' lang='lat' dir='ltr'>numerantur.</span> <span class='ocrx_word' id='word_1_395' title='bbox 1702 3205 1760 3262; x_wconf 90' lang='lat' dir='ltr'>Si</span> <span class='ocrx_word' id='word_1_396' title='bbox 1798 3206 1872 3262; x_wconf 90' lang='lat' dir='ltr'>de</span> <span class='ocrx_word' id='word_1_397' title='bbox 1902 3207 2024 3280; x_wconf 89' lang='lat' dir='ltr'>pri-</span> 
     </span>
    </p>
   </div>
   <div class='ocr_carea' id='block_1_52' title="bbox 359 3292 2025 3368">
    <p class='ocr_par' dir='ltr' id='par_1_52' title="bbox 359 3292 2025 3368">
     <span class='ocr_line' id='line_1_52' title="bbox 359 3292 2025 3368; baseline 0.002 -18"><span class='ocrx_word' id='word_1_398' title='bbox 359 3309 462 3350; x_wconf 91' lang='lat' dir='ltr'>ma</span> <span class='ocrx_word' id='word_1_399' title='bbox 485 3292 713 3348; x_wconf 90' lang='lat' dir='ltr'>dictum</span> <span class='ocrx_word' id='word_1_400' title='bbox 738 3295 844 3360; x_wconf 90' lang='lat' dir='ltr'>est,</span> <span class='ocrx_word' id='word_1_401' title='bbox 880 3292 1046 3365; x_wconf 91' lang='lat' dir='ltr'>quod</span> <span class='ocrx_word' id='word_1_402' title='bbox 1072 3297 1287 3366; x_wconf 86' lang='lat' dir='ltr'>quarta</span> <span class='ocrx_word' id='word_1_403' title='bbox 1319 3294 1412 3366; x_wconf 85' lang='lat' dir='ltr'>sit,</span> <span class='ocrx_word' id='word_1_404' title='bbox 1443 3297 1743 3368; x_wconf 89' lang='lat' dir='ltr'>quantum</span> <span class='ocrx_word' id='word_1_405' title='bbox 1774 3296 1853 3353; x_wconf 90' lang='lat' dir='ltr'>ad</span> <span class='ocrx_word' id='word_1_406' title='bbox 1882 3297 2025 3353; x_wconf 90' lang='lat' dir='ltr'>sub-</span> 
     </span>
    </p>
   </div>
   <div class='ocr_carea' id='block_1_53' title="bbox 356 3380 2026 3457">
    <p class='ocr_par' dir='ltr' id='par_1_53' title="bbox 356 3380 2026 3457">
     <span class='ocr_line' id='line_1_53' title="bbox 356 3380 2026 3457; baseline 0.002 -19"><span class='ocrx_word' id='word_1_407' title='bbox 356 3380 628 3454; x_wconf 70' lang='lat' dir='ltr'>jugalem</span> <span class='ocrx_word' id='word_1_408' title='bbox 676 3380 939 3449; x_wconf 90' lang='lat' dir='ltr'>tetrardi,</span> <span class='ocrx_word' id='word_1_409' title='bbox 1000 3383 1198 3453; x_wconf 88' lang='lat' dir='ltr'>prima</span> <span class='ocrx_word' id='word_1_410' title='bbox 1266 3388 1563 3456; x_wconf 89' lang='lat' dir='ltr'>quantum</span> <span class='ocrx_word' id='word_1_411' title='bbox 1621 3383 1701 3440; x_wconf 92' lang='lat' dir='ltr'>ad</span> <span class='ocrx_word' id='word_1_412' title='bbox 1783 3390 2026 3457; x_wconf 91' lang='lat' dir='ltr'>protum</span> 
     </span>
    </p>
   </div>
   <div class='ocr_carea' id='block_1_54' title="bbox 361 3469 2031 3532">
    <p class='ocr_par' dir='ltr' id='par_1_54' title="bbox 361 3469 2031 3532">
     <span class='ocr_line' id='line_1_54' title="bbox 361 3469 2031 3532; baseline 0.002 -5"><span class='ocrx_word' id='word_1_413' title='bbox 361 3469 772 3527; x_wconf 89' lang='lat' dir='ltr'>authenticum</span> <span class='ocrx_word' id='word_1_414' title='bbox 814 3469 943 3524; x_wconf 71' lang='lat' dir='ltr'>haec</span> <span class='ocrx_word' id='word_1_415' title='bbox 973 3474 1060 3525; x_wconf 87' lang='lat' dir='ltr'>est</span> <span class='ocrx_word' id='word_1_416' title='bbox 1089 3487 1125 3526; x_wconf 90' lang='lat' dir='ltr'>a</span> <span class='ocrx_word' id='word_1_417' title='bbox 1159 3474 1199 3526; x_wconf 83' lang='grc' dir='ltr'>ι)</span> <span class='ocrx_word' id='word_1_418' title='bbox 1231 3470 1291 3526; x_wconf 93' lang='lat' dir='ltr'>in</span> <span class='ocrx_word' id='word_1_419' title='bbox 1318 3470 1360 3526; x_wconf 97' lang='lat' dir='ltr'>d</span> <span class='ocrx_word' id='word_1_420' title='bbox 1383 3471 1584 3527; x_wconf 90' lang='lat' dir='ltr'>media</span> <span class='ocrx_word' id='word_1_421' title='bbox 1640 3488 1693 3528; x_wconf 88' lang='lat' dir='ltr'>a.</span> <span class='ocrx_word' id='word_1_422' title='bbox 1756 3474 2031 3532; x_wconf 90' lang='lat' dir='ltr'>Secunda</span> 
     </span>
    </p>
   </div>
   <div class='ocr_carea' id='block_1_55' title="bbox 363 3557 2034 3645">
    <p class='ocr_par' dir='ltr' id='par_1_55' title="bbox 363 3557 2034 3645">
     <span class='ocr_line' id='line_1_55' title="bbox 363 3557 2034 3645; baseline 0.003 -30"><span class='ocrx_word' id='word_1_423' title='bbox 363 3563 452 3615; x_wconf 90' lang='lat' dir='ltr'>est</span> <span class='ocrx_word' id='word_1_424' title='bbox 527 3557 753 3613; x_wconf 88' lang='lat' dir='ltr'>deuteri</span> <span class='ocrx_word' id='word_1_425' title='bbox 829 3558 1152 3614; x_wconf 88' lang='lat' dir='ltr'>authentici</span> <span class='ocrx_word' id='word_1_426' title='bbox 1233 3560 1312 3616; x_wconf 90' lang='lat' dir='ltr'>ab</span> <span class='ocrx_word' id='word_1_427' title='bbox 1394 3564 1433 3615; x_wconf 91' lang='lat' dir='ltr'><strong>E</strong></span> <span class='ocrx_word' id='word_1_428' title='bbox 1506 3560 1564 3616; x_wconf 92' lang='lat' dir='ltr'>in</span> <span class='ocrx_word' id='word_1_429' title='bbox 1632 3579 1664 3617; x_wconf 91' lang='lat' dir='ltr'>e</span> <span class='ocrx_word' id='word_1_430' title='bbox 1742 3563 1941 3619; x_wconf 90' lang='lat' dir='ltr'>media</span> <span class='ocrx_word' id='word_1_431' title='bbox 1976 3567 2034 3645; x_wconf 59' lang='lat' dir='ltr'>ﬁ</span> 
     </span>
    </p>
   </div>
   <div class='ocr_carea' id='block_1_56' title="bbox 363 3644 2033 3718">
    <p class='ocr_par' dir='ltr' id='par_1_56' title="bbox 363 3644 2033 3718">
     <span class='ocr_line' id='line_1_56' title="bbox 363 3644 2033 3718; baseline 0.004 -16"><span class='ocrx_word' id='word_1_432' title='bbox 363 3645 555 3702; x_wconf 90' lang='lat' dir='ltr'>Tertia</span> <span class='ocrx_word' id='word_1_433' title='bbox 573 3648 661 3701; x_wconf 90' lang='lat' dir='ltr'>est</span> <span class='ocrx_word' id='word_1_434' title='bbox 690 3644 805 3701; x_wconf 90' lang='lat' dir='ltr'>triti</span> <span class='ocrx_word' id='word_1_435' title='bbox 835 3647 1180 3713; x_wconf 89' lang='lat' dir='ltr'>authentici,</span> <span class='ocrx_word' id='word_1_436' title='bbox 1211 3663 1248 3705; x_wconf 92' lang='lat' dir='ltr'>a</span> <span class='ocrx_word' id='word_1_437' title='bbox 1272 3651 1310 3704; x_wconf 87' lang='lat' dir='ltr'><strong>F</strong></span> <span class='ocrx_word' id='word_1_438' title='bbox 1346 3648 1408 3705; x_wconf 92' lang='lat' dir='ltr'>in</span> <span class='ocrx_word' id='word_1_439' title='bbox 1434 3650 1461 3704; x_wconf 90' lang='lat' dir='ltr'><strong>f</strong></span> <span class='ocrx_word' id='word_1_440' title='bbox 1485 3649 1685 3707; x_wconf 89' lang='lat' dir='ltr'>media</span> <span class='ocrx_word' id='word_1_441' title='bbox 1710 3667 1762 3707; x_wconf 90' lang='lat' dir='ltr'>c.</span> <span class='ocrx_word' id='word_1_442' title='bbox 1810 3644 2033 3718; x_wconf 87' lang='lat' dir='ltr'>Quarta</span> 
     </span>
    </p>
   </div>
   <div class='ocr_carea' id='block_1_57' title="bbox 365 3733 2034 3810">
    <p class='ocr_par' dir='ltr' id='par_1_57' title="bbox 365 3733 2034 3810">
     <span class='ocr_line' id='line_1_57' title="bbox 365 3733 2034 3810; baseline 0.005 -19"><span class='ocrx_word' id='word_1_443' title='bbox 365 3739 455 3791; x_wconf 90' lang='lat' dir='ltr'>est</span> <span class='ocrx_word' id='word_1_444' title='bbox 481 3733 722 3790; x_wconf 88' lang='lat' dir='ltr'>tetrardi</span> <span class='ocrx_word' id='word_1_445' title='bbox 753 3735 1077 3792; x_wconf 89' lang='lat' dir='ltr'>authentici</span> <span class='ocrx_word' id='word_1_446' title='bbox 1106 3753 1143 3793; x_wconf 91' lang='lat' dir='ltr'>a</span> <span class='ocrx_word' id='word_1_447' title='bbox 1173 3740 1214 3793; x_wconf 86' lang='lat' dir='ltr'>G</span> <span class='ocrx_word' id='word_1_448' title='bbox 1247 3740 1309 3794; x_wconf 92' lang='lat' dir='ltr'>in</span> <span class='ocrx_word' id='word_1_449' title='bbox 1348 3754 1387 3810; x_wconf 90' lang='lat' dir='ltr'>g</span> <span class='ocrx_word' id='word_1_450' title='bbox 1432 3738 1632 3796; x_wconf 90' lang='lat' dir='ltr'>media</span> <span class='ocrx_word' id='word_1_451' title='bbox 1684 3741 1745 3796; x_wconf 90' lang='lat' dir='ltr'>d.</span> <span class='ocrx_word' id='word_1_452' title='bbox 1803 3743 1902 3799; x_wconf 90' lang='lat' dir='ltr'>Hic</span> <span class='ocrx_word' id='word_1_453' title='bbox 1946 3747 2034 3799; x_wconf 88' lang='lat' dir='ltr'>est</span> 
     </span>
    </p>
   </div>
   <div class='ocr_carea' id='block_1_58' title="bbox 365 3823 2030 3895">
    <p class='ocr_par' dir='ltr' id='par_1_58' title="bbox 365 3823 2030 3895">
     <span class='ocr_line' id='line_1_58' title="bbox 365 3823 2030 3895; baseline 0.005 -15"><span class='ocrx_word' id='word_1_454' title='bbox 365 3823 667 3895; x_wconf 82' lang='lat' dir='ltr'>legitimus</span> <span class='ocrx_word' id='word_1_455' title='bbox 706 3824 1188 3883; x_wconf 88' lang='lat' dir='ltr'>authenticorum</span> <span class='ocrx_word' id='word_1_456' title='bbox 1242 3844 1528 3886; x_wconf 89' lang='lat' dir='ltr'>ascensus</span> <span class='ocrx_word' id='word_1_457' title='bbox 1583 3834 1640 3886; x_wconf 92' lang='lat' dir='ltr'>et</span> <span class='ocrx_word' id='word_1_458' title='bbox 1684 3830 2030 3889; x_wconf 87' lang='lat' dir='ltr'>descensus.</span> 
     </span>
    </p>
   </div>
   <div class='ocr_carea' id='block_1_59' title="bbox 366 3912 2033 3993">
    <p class='ocr_par' dir='ltr' id='par_1_59' title="bbox 366 3912 2033 3993">
     <span class='ocr_line' id='line_1_59' title="bbox 366 3912 2033 3993; baseline 0.005 -24"><span class='ocrx_word' id='word_1_459' title='bbox 366 3912 754 3984; x_wconf 82' lang='lat' dir='ltr'>Reliquarum</span> <span class='ocrx_word' id='word_1_460' title='bbox 778 3912 840 3968; x_wconf 91' lang='lat' dir='ltr'>in</span> <span class='ocrx_word' id='word_1_461' title='bbox 864 3916 1157 3971; x_wconf 83' lang='lat' dir='ltr'>utramvis</span> <span class='ocrx_word' id='word_1_462' title='bbox 1200 3921 1435 3989; x_wconf 88' lang='lat' dir='ltr'>partem</span> <span class='ocrx_word' id='word_1_463' title='bbox 1476 3933 1699 3975; x_wconf 90' lang='lat' dir='ltr'>vocum</span> <span class='ocrx_word' id='word_1_464' title='bbox 1749 3919 2033 3993; x_wconf 89' lang='lat' dir='ltr'>adjectio-</span> 
     </span>
    </p>
   </div>
   <div class='ocr_carea' id='block_1_60' title="bbox 365 4000 1432 4063">
    <p class='ocr_par' dir='ltr' id='par_1_60' title="bbox 365 4000 1432 4063">
     <span class='ocr_line' id='line_1_60' title="bbox 365 4000 1432 4063; baseline 0.007 -8"><span class='ocrx_word' id='word_1_465' title='bbox 365 4013 475 4058; x_wconf 88' lang='lat' dir='ltr'>nes</span> <span class='ocrx_word' id='word_1_466' title='bbox 500 4000 739 4058; x_wconf 89' lang='lat' dir='ltr'>licentia</span> <span class='ocrx_word' id='word_1_467' title='bbox 765 4002 859 4059; x_wconf 85' lang='lat' dir='ltr'>vel</span> <span class='ocrx_word' id='word_1_468' title='bbox 883 4004 1235 4062; x_wconf 90' lang='lat' dir='ltr'>auctoritate</span> <span class='ocrx_word' id='word_1_469' title='bbox 1263 4005 1432 4063; x_wconf 86' lang='lat' dir='ltr'>ﬁunt.</span> 
     </span>
    </p>
   </div>
   <div class='ocr_carea' id='block_1_61' title="bbox 440 4104 2035 4186">
    <p class='ocr_par' dir='ltr' id='par_1_61' title="bbox 440 4104 2035 4186">
     <span class='ocr_line' id='line_1_61' title="bbox 440 4104 2035 4186; baseline 0.008 -26"><span class='ocrx_word' id='word_1_470' title='bbox 440 4108 570 4161; x_wconf 90' lang='lat' dir='ltr'>Duo</span> <span class='ocrx_word' id='word_1_471' title='bbox 599 4110 738 4162; x_wconf 92' lang='lat' dir='ltr'>sunt</span> <span class='ocrx_word' id='word_1_472' title='bbox 767 4104 1085 4181; x_wconf 88' lang='lat' dir='ltr'>diapason.</span> <span class='ocrx_word' id='word_1_473' title='bbox 1140 4109 1203 4166; x_wconf 91' lang='lat' dir='ltr'>ln</span> <span class='ocrx_word' id='word_1_474' title='bbox 1259 4115 1513 4186; x_wconf 85' lang='lat' dir='ltr'>utroque</span> <span class='ocrx_word' id='word_1_475' title='bbox 1564 4112 1785 4170; x_wconf 89' lang='lat' dir='ltr'>horum</span> <span class='ocrx_word' id='word_1_476' title='bbox 1837 4115 2035 4171; x_wconf 90' lang='lat' dir='ltr'>omnis</span> 
     </span>
    </p>
   </div>
   <div class='ocr_carea' id='block_1_62' title="bbox 370 4193 2037 4276">
    <p class='ocr_par' dir='ltr' id='par_1_62' title="bbox 370 4193 2037 4276">
     <span class='ocr_line' id='line_1_62' title="bbox 370 4193 2037 4276; baseline 0.008 -28"><span class='ocrx_word' id='word_1_477' title='bbox 370 4197 579 4264; x_wconf 90' lang='lat' dir='ltr'>tropus</span> <span class='ocrx_word' id='word_1_478' title='bbox 609 4193 764 4249; x_wconf 89' lang='lat' dir='ltr'>duas</span> <span class='ocrx_word' id='word_1_479' title='bbox 788 4195 974 4253; x_wconf 88' lang='lat' dir='ltr'>habet</span> <span class='ocrx_word' id='word_1_480' title='bbox 996 4197 1237 4255; x_wconf 89' lang='lat' dir='ltr'>litteras.</span> <span class='ocrx_word' id='word_1_481' title='bbox 1289 4203 1495 4258; x_wconf 89' lang='lat' dir='ltr'>Protus</span> <span class='ocrx_word' id='word_1_482' title='bbox 1544 4202 1605 4258; x_wconf 92' lang='lat' dir='ltr'>in</span> <span class='ocrx_word' id='word_1_483' title='bbox 1644 4204 1826 4276; x_wconf 89' lang='lat' dir='ltr'>priori</span> <span class='ocrx_word' id='word_1_484' title='bbox 1853 4205 2037 4261; x_wconf 89' lang='lat' dir='ltr'>habet</span> 
     </span>
    </p>
   </div>
   <div class='ocr_carea' id='block_1_63' title="bbox 371 4281 2037 4364">
    <p class='ocr_par' dir='ltr' id='par_1_63' title="bbox 371 4281 2037 4364">
     <span class='ocr_line' id='line_1_63' title="bbox 371 4281 2037 4364; baseline 0.009 -28"><span class='ocrx_word' id='word_1_485' title='bbox 371 4285 420 4336; x_wconf 83' lang='lat' dir='ltr'><strong>A</strong></span> <span class='ocrx_word' id='word_1_486' title='bbox 449 4283 493 4336; x_wconf 95' lang='lat' dir='ltr'><strong>D</strong></span> <span class='ocrx_word' id='word_1_487' title='bbox 520 4281 580 4337; x_wconf 94' lang='lat' dir='ltr'>in</span> <span class='ocrx_word' id='word_1_488' title='bbox 612 4284 877 4364; x_wconf 87' lang='lat' dir='ltr'>secundo</span> <span class='ocrx_word' id='word_1_489' title='bbox 908 4301 945 4342; x_wconf 89' lang='lat' dir='ltr'>a</span> <span class='ocrx_word' id='word_1_490' title='bbox 970 4286 1030 4341; x_wconf 93' lang='lat' dir='ltr'>d.</span> <span class='ocrx_word' id='word_1_491' title='bbox 1066 4290 1350 4346; x_wconf 90' lang='lat' dir='ltr'>Deuterus</span> <span class='ocrx_word' id='word_1_492' title='bbox 1388 4291 1450 4346; x_wconf 92' lang='lat' dir='ltr'>in</span> <span class='ocrx_word' id='word_1_493' title='bbox 1480 4291 1665 4364; x_wconf 90' lang='lat' dir='ltr'>priori</span> <span class='ocrx_word' id='word_1_494' title='bbox 1706 4292 1890 4350; x_wconf 89' lang='lat' dir='ltr'>habet</span> <span class='ocrx_word' id='word_1_495' title='bbox 1925 4297 1963 4350; x_wconf 90' lang='grc' dir='ltr'>Β</span> <span class='ocrx_word' id='word_1_496' title='bbox 1993 4297 2037 4350; x_wconf 90' lang='grc' dir='ltr'>Ε</span> 
     </span>
    </p>
   </div>
   <div class='ocr_carea' id='block_1_64' title="bbox 373 4368 760 4426">
    <p class='ocr_par' dir='ltr' id='par_1_64' title="bbox 373 4368 760 4426">
     <span class='ocr_line' id='line_1_64' title="bbox 373 4368 760 4426; baseline 0.003 -1"><span class='ocrx_word' id='word_1_497' title='bbox 373 4368 435 4425; x_wconf 92' lang='lat' dir='ltr'>in</span> <span class='ocrx_word' id='word_1_498' title='bbox 494 4369 760 4426; x_wconf 92' lang='lat' dir='ltr'>secundo</span> 
     </span>
    </p>
   </div>
   <div class='ocr_carea' id='block_1_65' title="bbox 374 4458 2037 4536">
    <p class='ocr_par' dir='ltr' id='par_1_65' title="bbox 374 4458 2037 4536">
     <span class='ocr_line' id='line_1_65' title="bbox 374 4458 2037 4536; baseline 0.008 -22"><span class='ocrx_word' id='word_1_499' title='bbox 374 4458 576 4515; x_wconf 92' lang='lat' dir='ltr'>cundo</span> <span class='ocrx_word' id='word_1_500' title='bbox 606 4476 638 4515; x_wconf 91' lang='lat' dir='ltr'>c</span> <span class='ocrx_word' id='word_1_501' title='bbox 668 4458 694 4515; x_wconf 90' lang='lat' dir='ltr'>f</span> <span class='ocrx_word' id='word_1_502' title='bbox 712 4458 1007 4518; x_wconf 87' lang='lat' dir='ltr'>tetrardus</span> <span class='ocrx_word' id='word_1_503' title='bbox 1053 4461 1115 4517; x_wconf 91' lang='lat' dir='ltr'>in</span> <span class='ocrx_word' id='word_1_504' title='bbox 1162 4464 1345 4536; x_wconf 89' lang='lat' dir='ltr'>priori</span> <span class='ocrx_word' id='word_1_505' title='bbox 1377 4467 1561 4525; x_wconf 88' lang='lat' dir='ltr'>habet</span> <span class='ocrx_word' id='word_1_506' title='bbox 1604 4471 1648 4523; x_wconf 94' lang='lat' dir='ltr'><strong>D</strong></span> <span class='ocrx_word' id='word_1_507' title='bbox 1678 4475 1734 4526; x_wconf 89' lang='lat' dir='ltr'>et</span> <span class='ocrx_word' id='word_1_508' title='bbox 1762 4475 1804 4527; x_wconf 87' lang='lat' dir='ltr'>G</span> <span class='ocrx_word' id='word_1_509' title='bbox 1858 4471 1919 4527; x_wconf 90' lang='lat' dir='ltr'>in</span> <span class='ocrx_word' id='word_1_510' title='bbox 1949 4488 2037 4527; x_wconf 89' lang='lat' dir='ltr'>se-</span> 
     </span>
    </p>
   </div>
   <div class='ocr_carea' id='block_1_66' title="bbox 373 4548 810 4621">
    <p class='ocr_par' dir='ltr' id='par_1_66' title="bbox 373 4548 810 4621">
     <span class='ocr_line' id='line_1_66' title="bbox 373 4548 810 4621; baseline 0 -16"><span class='ocrx_word' id='word_1_511' title='bbox 373 4548 573 4605; x_wconf 90' lang='lat' dir='ltr'>cundo</span> <span class='ocrx_word' id='word_1_512' title='bbox 601 4548 641 4603; x_wconf 93' lang='lat' dir='ltr'>d</span> <span class='ocrx_word' id='word_1_513' title='bbox 672 4553 729 4605; x_wconf 91' lang='lat' dir='ltr'>et</span> <span class='ocrx_word' id='word_1_514' title='bbox 753 4565 810 4621; x_wconf 94' lang='lat' dir='ltr'>g.</span> 
     </span>
    </p>
   </div>
   <div class='ocr_carea' id='block_1_67' title="bbox 446 4645 2032 4728">
    <p class='ocr_par' dir='ltr' id='par_1_67' title="bbox 446 4645 2032 4728">
     <span class='ocr_line' id='line_1_67' title="bbox 446 4645 2032 4728; baseline 0.01 -27"><span class='ocrx_word' id='word_1_515' title='bbox 446 4645 804 4718; x_wconf 88' lang='lat' dir='ltr'>Subjugales</span> <span class='ocrx_word' id='word_1_516' title='bbox 834 4647 895 4704; x_wconf 92' lang='lat' dir='ltr'>in</span> <span class='ocrx_word' id='word_1_517' title='bbox 926 4648 1213 4719; x_wconf 76' lang='lat' dir='ltr'>gravibus</span> <span class='ocrx_word' id='word_1_518' title='bbox 1242 4652 1674 4728; x_wconf 90' lang='lat' dir='ltr'>principantur,</span> <span class='ocrx_word' id='word_1_519' title='bbox 1725 4658 1803 4715; x_wconf 90' lang='lat' dir='ltr'>ab</span> <span class='ocrx_word' id='word_1_520' title='bbox 1840 4660 2032 4716; x_wconf 89' lang='lat' dir='ltr'>excel-</span> 
     </span>
    </p>
   </div>
   <div class='ocr_carea' id='block_1_68' title="bbox 370 4733 2034 4827">
    <p class='ocr_par' dir='ltr' id='par_1_68' title="bbox 370 4733 2034 4827">
     <span class='ocr_line' id='line_1_68' title="bbox 370 4733 2034 4827; baseline 0.01 -37"><span class='ocrx_word' id='word_1_521' title='bbox 370 4733 631 4791; x_wconf 86' lang='lat' dir='ltr'>lentibus</span> <span class='ocrx_word' id='word_1_522' title='bbox 661 4736 1080 4827; x_wconf 74' lang='lat' dir='ltr'>excluduntur,</span> <span class='ocrx_word' id='word_1_523' title='bbox 1109 4739 1171 4796; x_wconf 90' lang='lat' dir='ltr'>in</span> <span class='ocrx_word' id='word_1_524' title='bbox 1195 4740 1477 4800; x_wconf 89' lang='lat' dir='ltr'>ﬁnalibus</span> <span class='ocrx_word' id='word_1_525' title='bbox 1520 4749 1575 4802; x_wconf 90' lang='lat' dir='ltr'>et</span> <span class='ocrx_word' id='word_1_526' title='bbox 1627 4748 2034 4820; x_wconf 89' lang='lat' dir='ltr'>superioribus</span> 
     </span>
    </p>
   </div>
   <div class='ocr_carea' id='block_1_69' title="bbox 373 4825 2035 4909">
    <p class='ocr_par' dir='ltr' id='par_1_69' title="bbox 373 4825 2035 4909">
     <span class='ocr_line' id='line_1_69' title="bbox 373 4825 2035 4909; baseline 0.01 -30"><span class='ocrx_word' id='word_1_527' title='bbox 373 4825 843 4883; x_wconf 90' lang='lat' dir='ltr'>communicant.</span> <span class='ocrx_word' id='word_1_528' title='bbox 896 4829 1115 4884; x_wconf 87' lang='lat' dir='ltr'>Graves</span> <span class='ocrx_word' id='word_1_529' title='bbox 1145 4834 1201 4886; x_wconf 92' lang='lat' dir='ltr'>et</span> <span class='ocrx_word' id='word_1_530' title='bbox 1239 4832 1576 4905; x_wconf 88' lang='lat' dir='ltr'>superiores</span> <span class='ocrx_word' id='word_1_531' title='bbox 1625 4836 2035 4909; x_wconf 87' lang='lat' dir='ltr'>subjugalium</span> 
     </span>
    </p>
   </div>
   <div class='ocr_carea' id='block_1_70' title="bbox 370 4910 2031 4997">
    <p class='ocr_par' dir='ltr' id='par_1_70' title="bbox 370 4910 2031 4997">
     <span class='ocr_line' id='line_1_70' title="bbox 370 4910 2031 4997; baseline 0.011 -30"><span class='ocrx_word' id='word_1_532' title='bbox 370 4910 583 4970; x_wconf 88' lang='lat' dir='ltr'>ﬁnales</span> <span class='ocrx_word' id='word_1_533' title='bbox 616 4918 673 4971; x_wconf 90' lang='lat' dir='ltr'>et</span> <span class='ocrx_word' id='word_1_534' title='bbox 694 4915 1049 4974; x_wconf 87' lang='lat' dir='ltr'>excellentes</span> <span class='ocrx_word' id='word_1_535' title='bbox 1076 4918 1294 4997; x_wconf 85' lang='lat' dir='ltr'>limites</span> <span class='ocrx_word' id='word_1_536' title='bbox 1343 4929 1483 4980; x_wconf 92' lang='lat' dir='ltr'>sunt</span> <span class='ocrx_word' id='word_1_537' title='bbox 1530 4925 2031 4985; x_wconf 86' lang='lat' dir='ltr'>authenticorum.</span> 
     </span>
    </p>
   </div>
   <div class='ocr_carea' id='block_1_71' title="bbox 372 5003 2035 5083">
    <p class='ocr_par' dir='ltr' id='par_1_71' title="bbox 372 5003 2035 5083">
     <span class='ocr_line' id='line_1_71' title="bbox 372 5003 2035 5083; baseline 0.011 -26"><span class='ocrx_word' id='word_1_538' title='bbox 372 5003 840 5062; x_wconf 90' lang='lat' dir='ltr'>Tetrachordum</span> <span class='ocrx_word' id='word_1_539' title='bbox 870 5007 1145 5077; x_wconf 81' lang='lat' dir='ltr'>gravium</span> <span class='ocrx_word' id='word_1_540' title='bbox 1176 5014 1263 5066; x_wconf 91' lang='lat' dir='ltr'>est</span> <span class='ocrx_word' id='word_1_541' title='bbox 1292 5012 1683 5083; x_wconf 88' lang='lat' dir='ltr'>gravissimus</span> <span class='ocrx_word' id='word_1_542' title='bbox 1725 5016 2035 5074; x_wconf 68' lang='lat' dir='ltr'>cantilenae</span> 
     </span>
    </p>
   </div>
   <div class='ocr_carea' id='block_1_72' title="bbox 372 5089 2034 5163">
    <p class='ocr_par' dir='ltr' id='par_1_72' title="bbox 372 5089 2034 5163">
     <span class='ocr_line' id='line_1_72' title="bbox 372 5089 2034 5163; baseline 0.011 -18"><span class='ocrx_word' id='word_1_543' title='bbox 372 5089 722 5150; x_wconf 89' lang='lat' dir='ltr'>descensus.</span> <span class='ocrx_word' id='word_1_544' title='bbox 782 5096 1248 5156; x_wconf 87' lang='lat' dir='ltr'>Tetrachordum</span> <span class='ocrx_word' id='word_1_545' title='bbox 1304 5101 1579 5160; x_wconf 87' lang='lat' dir='ltr'>ﬁnalium</span> <span class='ocrx_word' id='word_1_546' title='bbox 1626 5109 1713 5160; x_wconf 86' lang='lat' dir='ltr'>est</span> <span class='ocrx_word' id='word_1_547' title='bbox 1759 5106 2034 5163; x_wconf 69' lang='lat' dir='ltr'>melodiae</span> 
     </span>
    </p>
   </div>
   <div class='ocr_carea' id='block_1_73' title="bbox 374 5179 2035 5262">
    <p class='ocr_par' dir='ltr' id='par_1_73' title="bbox 374 5179 2035 5262">
     <span class='ocr_line' id='line_1_73' title="bbox 374 5179 2035 5262; baseline 0.012 -29"><span class='ocrx_word' id='word_1_548' title='bbox 374 5179 584 5236; x_wconf 88' lang='lat' dir='ltr'>exitus.</span> <span class='ocrx_word' id='word_1_549' title='bbox 617 5184 1083 5243; x_wconf 88' lang='lat' dir='ltr'>Tetrachordum</span> <span class='ocrx_word' id='word_1_550' title='bbox 1114 5190 1490 5262; x_wconf 91' lang='lat' dir='ltr'>superiorum</span> <span class='ocrx_word' id='word_1_551' title='bbox 1519 5192 1624 5250; x_wconf 89' lang='lat' dir='ltr'>dat</span> <span class='ocrx_word' id='word_1_552' title='bbox 1650 5193 1818 5251; x_wconf 88' lang='lat' dir='ltr'>initia</span> <span class='ocrx_word' id='word_1_553' title='bbox 1865 5196 2035 5252; x_wconf 75' lang='lat' dir='ltr'>diﬂe-</span> 
     </span>
    </p>
   </div>
   <div class='ocr_carea' id='block_1_74' title="bbox 374 5267 2034 5357">
    <p class='ocr_par' dir='ltr' id='par_1_74' title="bbox 374 5267 2034 5357">
     <span class='ocr_line' id='line_1_74' title="bbox 374 5267 2034 5357; baseline 0.014 -37"><span class='ocrx_word' id='word_1_554' title='bbox 374 5267 721 5357; x_wconf 85' lang='lat' dir='ltr'>rentiarum,</span> <span class='ocrx_word' id='word_1_555' title='bbox 754 5272 817 5327; x_wconf 90' lang='lat' dir='ltr'>id</span> <span class='ocrx_word' id='word_1_556' title='bbox 846 5278 934 5328; x_wconf 89' lang='lat' dir='ltr'>est</span> <span class='ocrx_word' id='word_1_557' title='bbox 951 5279 1309 5337; x_wconf 63' lang='lat' dir='ltr'>saeculorum</span> <span class='ocrx_word' id='word_1_558' title='bbox 1342 5297 1537 5352; x_wconf 87' lang='lat' dir='ltr'>amen,</span> <span class='ocrx_word' id='word_1_559' title='bbox 1583 5284 1872 5357; x_wconf 81' lang='lat' dir='ltr'>excipitur</span> <span class='ocrx_word' id='word_1_560' title='bbox 1924 5302 2034 5343; x_wconf 70' lang='lat' dir='ltr'>sw-</span> 
     </span>
    </p>
   </div>
   <div class='ocr_carea' id='block_1_75' title="bbox 375 5356 2035 5431">
    <p class='ocr_par' dir='ltr' id='par_1_75' title="bbox 375 5356 2035 5431">
     <span class='ocr_line' id='line_1_75' title="bbox 375 5356 2035 5431; baseline 0.014 -22"><span class='ocrx_word' id='word_1_561' title='bbox 375 5356 647 5413; x_wconf 80' lang='lat' dir='ltr'>culorum</span> <span class='ocrx_word' id='word_1_562' title='bbox 678 5374 851 5416; x_wconf 85' lang='lat' dir='ltr'>amen</span> <span class='ocrx_word' id='word_1_563' title='bbox 882 5365 1130 5421; x_wconf 90' lang='lat' dir='ltr'>secundi</span> <span class='ocrx_word' id='word_1_564' title='bbox 1163 5368 1301 5425; x_wconf 89' lang='lat' dir='ltr'>toni.</span> <span class='ocrx_word' id='word_1_565' title='bbox 1337 5356 1800 5430; x_wconf 88' lang='lat' dir='ltr'>Tetrachordum</span> <span class='ocrx_word' id='word_1_566' title='bbox 1842 5374 2035 5431; x_wconf 84' lang='lat' dir='ltr'>excel-</span> 
     </span>
    </p>
   </div>
   <div class='ocr_carea' id='block_1_76' title="bbox 372 5441 1771 5518">
    <p class='ocr_par' dir='ltr' id='par_1_76' title="bbox 372 5441 1771 5518">
     <span class='ocr_line' id='line_1_76' title="bbox 372 5441 1771 5518; baseline 0.014 -20"><span class='ocrx_word' id='word_1_567' title='bbox 372 5441 623 5501; x_wconf 90' lang='lat' dir='ltr'>lentium</span> <span class='ocrx_word' id='word_1_568' title='bbox 654 5451 743 5503; x_wconf 89' lang='lat' dir='ltr'>est</span> <span class='ocrx_word' id='word_1_569' title='bbox 771 5448 1096 5509; x_wconf 90' lang='lat' dir='ltr'>altissimus</span> <span class='ocrx_word' id='word_1_570' title='bbox 1126 5458 1436 5515; x_wconf 73' lang='lat' dir='ltr'>cantilenae</span> <span class='ocrx_word' id='word_1_571' title='bbox 1468 5474 1771 5518; x_wconf 90' lang='lat' dir='ltr'>ascensus.</span> 
     </span>
    </p>
   </div>
   <div class='ocr_carea' id='block_1_77' title="bbox 444 5535 2034 5625">
    <p class='ocr_par' dir='ltr' id='par_1_77' title="bbox 444 5535 2034 5625">
     <span class='ocr_line' id='line_1_77' title="bbox 444 5535 2034 5625; baseline 0.014 -36"><span class='ocrx_word' id='word_1_572' title='bbox 444 5535 778 5595; x_wconf 86' lang='lat' dir='ltr'>Authentici</span> <span class='ocrx_word' id='word_1_573' title='bbox 806 5539 867 5595; x_wconf 90' lang='lat' dir='ltr'>in</span> <span class='ocrx_word' id='word_1_574' title='bbox 897 5540 1180 5601; x_wconf 88' lang='lat' dir='ltr'>ﬁnalibus</span> <span class='ocrx_word' id='word_1_575' title='bbox 1213 5552 1625 5619; x_wconf 87' lang='lat' dir='ltr'>terminantur,</span> <span class='ocrx_word' id='word_1_576' title='bbox 1670 5552 1733 5609; x_wconf 93' lang='lat' dir='ltr'>in</span> <span class='ocrx_word' id='word_1_577' title='bbox 1764 5555 2034 5625; x_wconf 89' lang='lat' dir='ltr'>superio-</span> 
     </span>
    </p>
   </div>
   <div class='ocr_carea' id='block_1_78' title="bbox 371 5621 2032 5715">
    <p class='ocr_par' dir='ltr' id='par_1_78' title="bbox 371 5621 2032 5715">
     <span class='ocr_line' id='line_1_78' title="bbox 371 5621 2032 5715; baseline 0.013 -37"><span class='ocrx_word' id='word_1_578' title='bbox 371 5621 539 5680; x_wconf 89' lang='lat' dir='ltr'>ribus</span> <span class='ocrx_word' id='word_1_579' title='bbox 565 5627 925 5700; x_wconf 89' lang='lat' dir='ltr'>mediantur,</span> <span class='ocrx_word' id='word_1_580' title='bbox 957 5636 1013 5688; x_wconf 89' lang='lat' dir='ltr'>et</span> <span class='ocrx_word' id='word_1_581' title='bbox 1040 5648 1149 5705; x_wconf 89' lang='lat' dir='ltr'>per</span> <span class='ocrx_word' id='word_1_582' title='bbox 1177 5640 1533 5698; x_wconf 64' lang='lat' dir='ltr'>smculorum</span> <span class='ocrx_word' id='word_1_583' title='bbox 1557 5656 1751 5715; x_wconf 80' lang='lat' dir='ltr'>amen,</span> <span class='ocrx_word' id='word_1_584' title='bbox 1794 5621 2032 5701; x_wconf 75' lang='lat' dir='ltr'>initian-</span> 
     </span>
    </p>
   </div>
   <div class='ocr_carea' id='block_1_79' title="bbox 809 4356 2110 4461">
    <p class='ocr_par' dir='ltr' id='par_1_79' title="bbox 809 4356 2110 4461">
     <span class='ocr_line' id='line_1_79' title="bbox 809 4356 2110 4461; baseline 0.012 -35"><span class='ocrx_word' id='word_1_585' title='bbox 809 4360 886 4461; x_wconf 52' lang='grc' dir='ltr'><em>η,</em></span> <span class='ocrx_word' id='word_1_586' title='bbox 910 4388 961 4461; x_wconf 88' lang='lat' dir='ltr'>e.</span> <span class='ocrx_word' id='word_1_587' title='bbox 995 4374 1183 4430; x_wconf 90' lang='lat' dir='ltr'>Tritus</span> <span class='ocrx_word' id='word_1_588' title='bbox 1214 4376 1274 4432; x_wconf 89' lang='lat' dir='ltr'>in</span> <span class='ocrx_word' id='word_1_589' title='bbox 1303 4356 1693 4450; x_wconf 47' lang='lat' dir='ltr'>priori-habet</span> <span class='ocrx_word' id='word_1_590' title='bbox 1722 4384 1761 4439; x_wconf 71' lang='grc' dir='ltr'><strong>(ἶ</strong></span> <span class='ocrx_word' id='word_1_591' title='bbox 1792 4385 1830 4438; x_wconf 84' lang='lat' dir='ltr'><strong>F</strong></span> <span class='ocrx_word' id='word_1_592' title='bbox 1858 4382 1920 4438; x_wconf 92' lang='lat' dir='ltr'>in</span> <span class='ocrx_word' id='word_1_593' title='bbox 1951 4400 2038 4440; x_wconf 90' lang='lat' dir='ltr'>se-</span> <span class='ocrx_word' id='word_1_594' title='bbox 2065 4356 2110 4413; x_wconf 67' lang='grc' dir='ltr'><strong>Β</strong></span> 
     </span>
    </p>
   </div>
   <div class='ocr_carea' id='block_1_80' title="bbox 2119 1795 3796 1878">
    <p class='ocr_par' dir='ltr' id='par_1_80' title="bbox 2119 1795 3796 1878">
     <span class='ocr_line' id='line_1_80' title="bbox 2119 1795 3796 1878; baseline -0.007 -18"><span class='ocrx_word' id='word_1_595' title='bbox 2119 1820 2227 1878; x_wconf 92' lang='lat' dir='ltr'>per</span> <span class='ocrx_word' id='word_1_596' title='bbox 2254 1802 2466 1858; x_wconf 89' lang='lat' dir='ltr'>ﬁnales</span> <span class='ocrx_word' id='word_1_597' title='bbox 2496 1801 2558 1857; x_wconf 92' lang='lat' dir='ltr'>in</span> <span class='ocrx_word' id='word_1_598' title='bbox 2581 1800 2915 1872; x_wconf 89' lang='lat' dir='ltr'>superiores</span> <span class='ocrx_word' id='word_1_599' title='bbox 2965 1796 3315 1854; x_wconf 87' lang='lat' dir='ltr'>ascendunt.</span> <span class='ocrx_word' id='word_1_600' title='bbox 3374 1795 3723 1850; x_wconf 81' lang='lat' dir='ltr'>Authentici</span> <span class='ocrx_word' id='word_1_601' title='bbox 3761 1810 3796 1848; x_wconf 88' lang='lat' dir='ltr'>a</span> 
     </span>
    </p>
   </div>
   <div class='ocr_carea' id='block_1_81' title="bbox 2120 1883 3792 1963">
    <p class='ocr_par' dir='ltr' id='par_1_81' title="bbox 2120 1883 3792 1963">
     <span class='ocr_line' id='line_1_81' title="bbox 2120 1883 3792 1963; baseline -0.007 -15"><span class='ocrx_word' id='word_1_602' title='bbox 2120 1892 2402 1948; x_wconf 87' lang='lat' dir='ltr'>ﬁnalibus</span> <span class='ocrx_word' id='word_1_603' title='bbox 2433 1906 2538 1963; x_wconf 91' lang='lat' dir='ltr'>per</span> <span class='ocrx_word' id='word_1_604' title='bbox 2569 1888 2904 1961; x_wconf 89' lang='lat' dir='ltr'>superiores</span> <span class='ocrx_word' id='word_1_605' title='bbox 2952 1886 3013 1942; x_wconf 92' lang='lat' dir='ltr'>in</span> <span class='ocrx_word' id='word_1_606' title='bbox 3063 1885 3417 1941; x_wconf 81' lang='lat' dir='ltr'>excellentes</span> <span class='ocrx_word' id='word_1_607' title='bbox 3466 1883 3792 1939; x_wconf 89' lang='lat' dir='ltr'>scandunt.</span> 
     </span>
    </p>
   </div>
   <div class='ocr_carea' id='block_1_82' title="bbox 2126 1974 3797 2053">
    <p class='ocr_par' dir='ltr' id='par_1_82' title="bbox 2126 1974 3797 2053">
     <span class='ocr_line' id='line_1_82' title="bbox 2126 1974 3797 2053; baseline -0.008 -13"><span class='ocrx_word' id='word_1_608' title='bbox 2126 1980 2480 2053; x_wconf 84' lang='lat' dir='ltr'>Subjugales</span> <span class='ocrx_word' id='word_1_609' title='bbox 2508 1979 2884 2035; x_wconf 87' lang='lat' dir='ltr'>diatessaron</span> <span class='ocrx_word' id='word_1_610' title='bbox 2910 1975 3086 2045; x_wconf 84' lang='lat' dir='ltr'>infra,</span> <span class='ocrx_word' id='word_1_611' title='bbox 3118 1974 3399 2047; x_wconf 88' lang='lat' dir='ltr'>diapente</span> <span class='ocrx_word' id='word_1_612' title='bbox 3429 1989 3641 2047; x_wconf 90' lang='lat' dir='ltr'>supra,</span> <span class='ocrx_word' id='word_1_613' title='bbox 3689 1988 3797 2028; x_wconf 91' lang='lat' dir='ltr'>au-</span> 
     </span>
    </p>
   </div>
   <div class='ocr_carea' id='block_1_83' title="bbox 2122 2061 3801 2140">
    <p class='ocr_par' dir='ltr' id='par_1_83' title="bbox 2122 2061 3801 2140">
     <span class='ocr_line' id='line_1_83' title="bbox 2122 2061 3801 2140; baseline -0.007 -12"><span class='ocrx_word' id='word_1_614' title='bbox 2122 2070 2363 2128; x_wconf 89' lang='lat' dir='ltr'>thentici</span> <span class='ocrx_word' id='word_1_615' title='bbox 2391 2072 2592 2126; x_wconf 90' lang='lat' dir='ltr'>autem</span> <span class='ocrx_word' id='word_1_616' title='bbox 2622 2067 2899 2140; x_wconf 90' lang='lat' dir='ltr'>diapente</span> <span class='ocrx_word' id='word_1_617' title='bbox 2929 2064 3103 2135; x_wconf 88' lang='lat' dir='ltr'>infra,</span> <span class='ocrx_word' id='word_1_618' title='bbox 3140 2063 3517 2120; x_wconf 87' lang='lat' dir='ltr'>diatessaron</span> <span class='ocrx_word' id='word_1_619' title='bbox 3568 2061 3801 2118; x_wconf 85' lang='lat' dir='ltr'>habent</span> 
     </span>
    </p>
   </div>
   <div class='ocr_carea' id='block_1_84' title="bbox 2126 2175 2326 2233">
    <p class='ocr_par' dir='ltr' id='par_1_84' title="bbox 2126 2175 2326 2233">
     <span class='ocr_line' id='line_1_84' title="bbox 2126 2175 2326 2233; baseline 0 -18"><span class='ocrx_word' id='word_1_620' title='bbox 2126 2175 2326 2233; x_wconf 93' lang='lat' dir='ltr'>supra.</span> 
     </span>
    </p>
   </div>
   <div class='ocr_carea' id='block_1_85' title="bbox 2408 2244 3503 2318">
    <p class='ocr_par' dir='ltr' id='par_1_85' title="bbox 2408 2244 3503 2318">
     <span class='ocr_line' id='line_1_85' title="bbox 2408 2244 3503 2318; baseline -0.002 -17"><span class='ocrx_word' id='word_1_621' title='bbox 2408 2249 2496 2303; x_wconf 90' lang='lat' dir='ltr'>De</span> <span class='ocrx_word' id='word_1_622' title='bbox 2530 2247 2838 2317; x_wconf 80' lang='lat' dir='ltr'>agnitione</span> <span class='ocrx_word' id='word_1_623' title='bbox 2875 2250 3135 2318; x_wconf 82' lang='lat' dir='ltr'>quatuor</span> <span class='ocrx_word' id='word_1_624' title='bbox 3170 2244 3503 2301; x_wconf 83' lang='lat' dir='ltr'>modorum.</span> 
     </span>
    </p>
   </div>
   <div class='ocr_carea' id='block_1_86' title="bbox 2200 2334 3802 2407">
    <p class='ocr_par' dir='ltr' id='par_1_86' title="bbox 2200 2334 3802 2407">
     <span class='ocr_line' id='line_1_86' title="bbox 2200 2334 3802 2407; baseline -0.003 -15"><span class='ocrx_word' id='word_1_625' title='bbox 2200 2336 2427 2392; x_wconf 88' lang='lat' dir='ltr'>Primus</span> <span class='ocrx_word' id='word_1_626' title='bbox 2452 2335 2670 2392; x_wconf 91' lang='lat' dir='ltr'>modus</span> <span class='ocrx_word' id='word_1_627' title='bbox 2700 2351 2913 2392; x_wconf 92' lang='lat' dir='ltr'>vocum</span> <span class='ocrx_word' id='word_1_628' title='bbox 2946 2335 3030 2405; x_wconf 87' lang='lat' dir='ltr'>ﬁt,</span> <span class='ocrx_word' id='word_1_629' title='bbox 3082 2334 3431 2407; x_wconf 87' lang='lat' dir='ltr'>ubicunque</span> <span class='ocrx_word' id='word_1_630' title='bbox 3480 2349 3599 2388; x_wconf 87' lang='lat' dir='ltr'>vox</span> <span class='ocrx_word' id='word_1_631' title='bbox 3653 2337 3802 2388; x_wconf 88' lang='lat' dir='ltr'>tono</span> 
     </span>
    </p>
   </div>
   <div class='ocr_carea' id='block_1_87' title="bbox 2127 2420 3801 2499">
    <p class='ocr_par' dir='ltr' id='par_1_87' title="bbox 2127 2420 3801 2499">
     <span class='ocr_line' id='line_1_87' title="bbox 2127 2420 3801 2499; baseline -0.003 -18"><span class='ocrx_word' id='word_1_632' title='bbox 2127 2425 2343 2499; x_wconf 89' lang='lat' dir='ltr'>poterit</span> <span class='ocrx_word' id='word_1_633' title='bbox 2369 2424 2606 2497; x_wconf 86' lang='lat' dir='ltr'>remitti,</span> <span class='ocrx_word' id='word_1_634' title='bbox 2638 2427 2697 2480; x_wconf 91' lang='lat' dir='ltr'>et</span> <span class='ocrx_word' id='word_1_635' title='bbox 2731 2423 2929 2498; x_wconf 90' lang='lat' dir='ltr'>prima</span> <span class='ocrx_word' id='word_1_636' title='bbox 2979 2422 3177 2496; x_wconf 90' lang='lat' dir='ltr'>specie</span> <span class='ocrx_word' id='word_1_637' title='bbox 3217 2422 3495 2495; x_wconf 87' lang='lat' dir='ltr'>diapente</span> <span class='ocrx_word' id='word_1_638' title='bbox 3544 2420 3801 2489; x_wconf 86' lang='lat' dir='ltr'>intendi,</span> 
     </span>
    </p>
   </div>
   <div class='ocr_carea' id='block_1_88' title="bbox 2130 2511 3802 2587">
    <p class='ocr_par' dir='ltr' id='par_1_88' title="bbox 2130 2511 3802 2587">
     <span class='ocr_line' id='line_1_88' title="bbox 2130 2511 3802 2587; baseline -0.003 -16"><span class='ocrx_word' id='word_1_639' title='bbox 2130 2519 2194 2571; x_wconf 89' lang='lat' dir='ltr'>ut</span> <span class='ocrx_word' id='word_1_640' title='bbox 2212 2514 2275 2570; x_wconf 91' lang='lat' dir='ltr'>in</span> <span class='ocrx_word' id='word_1_641' title='bbox 2305 2519 2351 2570; x_wconf 83' lang='lat' dir='ltr'><strong>A</strong></span> <span class='ocrx_word' id='word_1_642' title='bbox 2372 2519 2430 2571; x_wconf 89' lang='lat' dir='ltr'>et</span> <span class='ocrx_word' id='word_1_643' title='bbox 2460 2517 2523 2582; x_wconf 88' lang='grc' dir='ltr'>Ι),</span> <span class='ocrx_word' id='word_1_644' title='bbox 2556 2530 2592 2570; x_wconf 87' lang='lat' dir='ltr'>a</span> <span class='ocrx_word' id='word_1_645' title='bbox 2617 2518 2675 2570; x_wconf 90' lang='lat' dir='ltr'>et</span> <span class='ocrx_word' id='word_1_646' title='bbox 2704 2514 2744 2570; x_wconf 95' lang='lat' dir='ltr'>d</span> <span class='ocrx_word' id='word_1_647' title='bbox 2768 2512 3199 2587; x_wconf 89' lang='lat' dir='ltr'>principalibus</span> <span class='ocrx_word' id='word_1_648' title='bbox 3226 2511 3466 2568; x_wconf 89' lang='lat' dir='ltr'>chordis</span> <span class='ocrx_word' id='word_1_649' title='bbox 3491 2511 3653 2584; x_wconf 88' lang='lat' dir='ltr'>proti</span> <span class='ocrx_word' id='word_1_650' title='bbox 3690 2527 3802 2567; x_wconf 87' lang='lat' dir='ltr'>va-</span> 
     </span>
    </p>
   </div>
   <div class='ocr_carea' id='block_1_89' title="bbox 2128 2600 3805 2676">
    <p class='ocr_par' dir='ltr' id='par_1_89' title="bbox 2128 2600 3805 2676">
     <span class='ocr_line' id='line_1_89' title="bbox 2128 2600 3805 2676; baseline -0.003 -15"><span class='ocrx_word' id='word_1_651' title='bbox 2128 2605 2209 2661; x_wconf 91' lang='lat' dir='ltr'>let</span> <span class='ocrx_word' id='word_1_652' title='bbox 2236 2603 2504 2675; x_wconf 88' lang='lat' dir='ltr'>agnosci,</span> <span class='ocrx_word' id='word_1_653' title='bbox 2554 2608 2620 2659; x_wconf 92' lang='lat' dir='ltr'>ut</span> <span class='ocrx_word' id='word_1_654' title='bbox 2647 2604 2776 2659; x_wconf 66' lang='lat' dir='ltr'>haec</span> <span class='ocrx_word' id='word_1_655' title='bbox 2825 2602 3042 2676; x_wconf 89' lang='lat' dir='ltr'>probat</span> <span class='ocrx_word' id='word_1_656' title='bbox 3094 2601 3427 2675; x_wconf 89' lang='lat' dir='ltr'>antiphona</span> <span class='ocrx_word' id='word_1_657' title='bbox 3476 2600 3805 2671; x_wconf 54' lang='lat' dir='ltr'>Propheta</span> 
     </span>
    </p>
   </div>
   <div class='ocr_carea' id='block_1_90' title="bbox 2123 2688 3803 2765">
    <p class='ocr_par' dir='ltr' id='par_1_90' title="bbox 2123 2688 3803 2765">
     <span class='ocr_line' id='line_1_90' title="bbox 2123 2688 3803 2765; baseline -0.002 -16"><span class='ocrx_word' id='word_1_658' title='bbox 2123 2694 2630 2765; x_wconf 76' lang='lat' dir='ltr'>praedicaverunt.</span> <span class='ocrx_word' id='word_1_659' title='bbox 2667 2692 3008 2750; x_wconf 90' lang='lat' dir='ltr'>Secundum</span> <span class='ocrx_word' id='word_1_660' title='bbox 3040 2689 3295 2747; x_wconf 90' lang='lat' dir='ltr'>modum</span> <span class='ocrx_word' id='word_1_661' title='bbox 3322 2707 3441 2745; x_wconf 85' lang='lat' dir='ltr'>vox</span> <span class='ocrx_word' id='word_1_662' title='bbox 3471 2688 3687 2745; x_wconf 90' lang='lat' dir='ltr'>ditono</span> <span class='ocrx_word' id='word_1_663' title='bbox 3708 2706 3803 2746; x_wconf 83' lang='lat' dir='ltr'>re-</span> 
     </span>
    </p>
   </div>
   <div class='ocr_carea' id='block_1_91' title="bbox 2129 2779 3807 2856">
    <p class='ocr_par' dir='ltr' id='par_1_91' title="bbox 2129 2779 3807 2856">
     <span class='ocr_line' id='line_1_91' title="bbox 2129 2779 3807 2856; baseline -0.002 -18"><span class='ocrx_word' id='word_1_664' title='bbox 2129 2783 2338 2850; x_wconf 90' lang='lat' dir='ltr'>missa,</span> <span class='ocrx_word' id='word_1_665' title='bbox 2366 2787 2424 2838; x_wconf 91' lang='lat' dir='ltr'>et</span> <span class='ocrx_word' id='word_1_666' title='bbox 2449 2781 2714 2839; x_wconf 88' lang='lat' dir='ltr'>secunda</span> <span class='ocrx_word' id='word_1_667' title='bbox 2756 2780 2951 2856; x_wconf 89' lang='lat' dir='ltr'>specie</span> <span class='ocrx_word' id='word_1_668' title='bbox 2980 2780 3355 2836; x_wconf 88' lang='lat' dir='ltr'>diatessaron</span> <span class='ocrx_word' id='word_1_669' title='bbox 3383 2779 3625 2835; x_wconf 89' lang='lat' dir='ltr'>intensa</span> <span class='ocrx_word' id='word_1_670' title='bbox 3656 2795 3807 2853; x_wconf 88' lang='lat' dir='ltr'>pan-</span> 
     </span>
    </p>
   </div>
   <div class='ocr_carea' id='block_1_92' title="bbox 2131 2856 3804 2960">
    <p class='ocr_par' dir='ltr' id='par_1_92' title="bbox 2131 2856 3804 2960">
     <span class='ocr_line' id='line_1_92' title="bbox 2131 2856 3804 2960; baseline -0.003 -32"><span class='ocrx_word' id='word_1_671' title='bbox 2131 2872 2343 2945; x_wconf 90' lang='lat' dir='ltr'>dit,qui</span> <span class='ocrx_word' id='word_1_672' title='bbox 2366 2871 2431 2928; x_wconf 87' lang='lat' dir='ltr'>ﬁt</span> <span class='ocrx_word' id='word_1_673' title='bbox 2451 2872 2512 2927; x_wconf 93' lang='lat' dir='ltr'>in</span> <span class='ocrx_word' id='word_1_674' title='bbox 2539 2875 2576 2928; x_wconf 90' lang='lat' dir='ltr'>B</span> <span class='ocrx_word' id='word_1_675' title='bbox 2597 2875 2657 2928; x_wconf 92' lang='lat' dir='ltr'>et</span> <span class='ocrx_word' id='word_1_676' title='bbox 2679 2874 2740 2939; x_wconf 90' lang='lat' dir='ltr'>E,</span> <span class='ocrx_word' id='word_1_677' title='bbox 2773 2856 2829 2960; x_wconf 54' lang='grc' dir='ltr'><em>η</em></span> <span class='ocrx_word' id='word_1_678' title='bbox 2857 2875 2913 2926; x_wconf 92' lang='lat' dir='ltr'>et</span> <span class='ocrx_word' id='word_1_679' title='bbox 2969 2885 3000 2925; x_wconf 95' lang='lat' dir='ltr'>e</span> <span class='ocrx_word' id='word_1_680' title='bbox 3025 2959 3030 2960; x_wconf 11' lang='grc' dir='ltr'><em>γ</em></span> <span class='ocrx_word' id='word_1_681' title='bbox 3054 2868 3489 2960; x_wconf 84' lang='lat' dir='ltr'>principalibus</span> <span class='ocrx_word' id='word_1_682' title='bbox 3556 2869 3804 2960; x_wconf 82' lang='lat' dir='ltr'>chordis</span> 
     </span>
    </p>
   </div>
   <div class='ocr_carea' id='block_1_93' title="bbox 2132 2959 3807 3035">
    <p class='ocr_par' dir='ltr' id='par_1_93' title="bbox 2132 2959 3807 3035">
     <span class='ocr_line' id='line_1_93' title="bbox 2132 2959 3807 3035; baseline -0.002 -18"><span class='ocrx_word' id='word_1_683' title='bbox 2132 2962 2381 3030; x_wconf 90' lang='lat' dir='ltr'>deuteri,</span> <span class='ocrx_word' id='word_1_684' title='bbox 2439 2962 2602 3018; x_wconf 92' lang='lat' dir='ltr'>hunc</span> <span class='ocrx_word' id='word_1_685' title='bbox 2655 2959 2965 3035; x_wconf 89' lang='lat' dir='ltr'>plagaliter</span> <span class='ocrx_word' id='word_1_686' title='bbox 3019 2959 3149 3014; x_wconf 64' lang='lat' dir='ltr'>haec</span> <span class='ocrx_word' id='word_1_687' title='bbox 3201 2959 3413 3032; x_wconf 90' lang='lat' dir='ltr'>pandit</span> <span class='ocrx_word' id='word_1_688' title='bbox 3465 2959 3807 3033; x_wconf 88' lang='lat' dir='ltr'>antiphona</span> 
     </span>
    </p>
   </div>
   <div class='ocr_carea' id='block_1_94' title="bbox 2136 3048 3812 3121">
    <p class='ocr_par' dir='ltr' id='par_1_94' title="bbox 2136 3048 3812 3121">
     <span class='ocr_line' id='line_1_94' title="bbox 2136 3048 3812 3121; baseline -0.002 -13"><span class='ocrx_word' id='word_1_689' title='bbox 2136 3053 2346 3108; x_wconf 79' lang='lat' dir='ltr'>Gloria</span> <span class='ocrx_word' id='word_1_690' title='bbox 2375 3052 2498 3109; x_wconf 70' lang='lat' dir='ltr'>haec</span> <span class='ocrx_word' id='word_1_691' title='bbox 2527 3058 2631 3108; x_wconf 87' lang='lat' dir='ltr'>est.</span> <span class='ocrx_word' id='word_1_692' title='bbox 2664 3051 2887 3115; x_wconf 84' lang='lat' dir='ltr'>Tertius</span> <span class='ocrx_word' id='word_1_693' title='bbox 2918 3048 3135 3105; x_wconf 90' lang='lat' dir='ltr'>modus</span> <span class='ocrx_word' id='word_1_694' title='bbox 3161 3049 3333 3105; x_wconf 87' lang='lat' dir='ltr'>tertia</span> <span class='ocrx_word' id='word_1_695' title='bbox 3363 3048 3560 3121; x_wconf 87' lang='lat' dir='ltr'>specie</span> <span class='ocrx_word' id='word_1_696' title='bbox 3589 3048 3812 3105; x_wconf 86' lang='lat' dir='ltr'>diates-</span> 
     </span>
    </p>
   </div>
   <div class='ocr_carea' id='block_1_95' title="bbox 2133 3137 3809 3210">
    <p class='ocr_par' dir='ltr' id='par_1_95' title="bbox 2133 3137 3809 3210">
     <span class='ocr_line' id='line_1_95' title="bbox 2133 3137 3809 3210; baseline -0.002 -13"><span class='ocrx_word' id='word_1_697' title='bbox 2133 3157 2314 3197; x_wconf 91' lang='lat' dir='ltr'>saron</span> <span class='ocrx_word' id='word_1_698' title='bbox 2337 3139 2670 3210; x_wconf 85' lang='lat' dir='ltr'>remittitur,</span> <span class='ocrx_word' id='word_1_699' title='bbox 2704 3144 2762 3196; x_wconf 91' lang='lat' dir='ltr'>et</span> <span class='ocrx_word' id='word_1_700' title='bbox 2806 3139 3012 3195; x_wconf 92' lang='lat' dir='ltr'>ditono</span> <span class='ocrx_word' id='word_1_701' title='bbox 3069 3137 3415 3203; x_wconf 89' lang='lat' dir='ltr'>intenditur,</span> <span class='ocrx_word' id='word_1_702' title='bbox 3479 3137 3634 3193; x_wconf 87' lang='lat' dir='ltr'>sicut</span> <span class='ocrx_word' id='word_1_703' title='bbox 3684 3138 3809 3193; x_wconf 85' lang='lat' dir='ltr'>triti</span> 
     </span>
    </p>
   </div>
   <div class='ocr_carea' id='block_1_96' title="bbox 2135 3226 3809 3303">
    <p class='ocr_par' dir='ltr' id='par_1_96' title="bbox 2135 3226 3809 3303">
     <span class='ocr_line' id='line_1_96' title="bbox 2135 3226 3809 3303; baseline -0.002 -18"><span class='ocrx_word' id='word_1_704' title='bbox 2135 3229 2424 3303; x_wconf 88' lang='lat' dir='ltr'>speciales</span> <span class='ocrx_word' id='word_1_705' title='bbox 2453 3228 2692 3286; x_wconf 70' lang='lat' dir='ltr'>chordae</span> <span class='ocrx_word' id='word_1_706' title='bbox 2723 3232 2762 3287; x_wconf 88' lang='lat' dir='ltr'>C</span> <span class='ocrx_word' id='word_1_707' title='bbox 2790 3231 2828 3285; x_wconf 88' lang='lat' dir='ltr'><strong>F</strong></span> <span class='ocrx_word' id='word_1_708' title='bbox 2855 3244 2886 3284; x_wconf 92' lang='lat' dir='ltr'>c</span> <span class='ocrx_word' id='word_1_709' title='bbox 2911 3233 2967 3284; x_wconf 91' lang='lat' dir='ltr'>et</span> <span class='ocrx_word' id='word_1_710' title='bbox 2995 3228 3021 3283; x_wconf 89' lang='lat' dir='ltr'>f</span> <span class='ocrx_word' id='word_1_711' title='bbox 3040 3226 3367 3284; x_wconf 90' lang='lat' dir='ltr'>declarant.</span> <span class='ocrx_word' id='word_1_712' title='bbox 3412 3227 3602 3298; x_wconf 84' lang='lat' dir='ltr'>Hujus</span> <span class='ocrx_word' id='word_1_713' title='bbox 3638 3226 3809 3282; x_wconf 91' lang='lat' dir='ltr'>modi</span> 
     </span>
    </p>
   </div>
   <div class='ocr_carea' id='block_1_97' title="bbox 2133 3314 3806 3391">
    <p class='ocr_par' dir='ltr' id='par_1_97' title="bbox 2133 3314 3806 3391">
     <span class='ocr_line' id='line_1_97' title="bbox 2133 3314 3806 3391; baseline -0.003 -16"><span class='ocrx_word' id='word_1_714' title='bbox 2133 3318 2419 3375; x_wconf 90' lang='lat' dir='ltr'>indicium</span> <span class='ocrx_word' id='word_1_715' title='bbox 2453 3324 2540 3376; x_wconf 92' lang='lat' dir='ltr'>est</span> <span class='ocrx_word' id='word_1_716' title='bbox 2562 3319 2623 3375; x_wconf 91' lang='lat' dir='ltr'>in</span> <span class='ocrx_word' id='word_1_717' title='bbox 2652 3319 2766 3375; x_wconf 90' lang='lat' dir='ltr'>hac</span> <span class='ocrx_word' id='word_1_718' title='bbox 2795 3317 3021 3391; x_wconf 88' lang='lat' dir='ltr'>plagali</span> <span class='ocrx_word' id='word_1_719' title='bbox 3050 3315 3381 3389; x_wconf 90' lang='lat' dir='ltr'>antiphona</span> <span class='ocrx_word' id='word_1_720' title='bbox 3431 3332 3444 3370; x_wconf 88' lang='lat'><strong>:</strong></span> <span class='ocrx_word' id='word_1_721' title='bbox 3496 3314 3806 3371; x_wconf 76' lang='lat' dir='ltr'>Modicum</span> 
     </span>
    </p>
   </div>
   <div class='ocr_carea' id='block_1_98' title="bbox 2135 3404 3805 3477">
    <p class='ocr_par' dir='ltr' id='par_1_98' title="bbox 2135 3404 3805 3477">
     <span class='ocr_line' id='line_1_98' title="bbox 2135 3404 3805 3477; baseline -0.004 -9"><span class='ocrx_word' id='word_1_722' title='bbox 2135 3416 2188 3468; x_wconf 88' lang='lat' dir='ltr'>et</span> <span class='ocrx_word' id='word_1_723' title='bbox 2216 3427 2334 3467; x_wconf 87' lang='lat' dir='ltr'>non</span> <span class='ocrx_word' id='word_1_724' title='bbox 2366 3411 2654 3468; x_wconf 80' lang='lat' dir='ltr'>videbitis.</span> <span class='ocrx_word' id='word_1_725' title='bbox 2690 3412 2980 3477; x_wconf 88' lang='lat' dir='ltr'>Quartum</span> <span class='ocrx_word' id='word_1_726' title='bbox 3008 3407 3263 3464; x_wconf 90' lang='lat' dir='ltr'>modum</span> <span class='ocrx_word' id='word_1_727' title='bbox 3289 3423 3507 3463; x_wconf 86' lang='lat' dir='ltr'>vocum</span> <span class='ocrx_word' id='word_1_728' title='bbox 3536 3412 3685 3462; x_wconf 89' lang='lat' dir='ltr'>tono</span> <span class='ocrx_word' id='word_1_729' title='bbox 3712 3404 3805 3462; x_wconf 90' lang='lat' dir='ltr'>in-</span> 
     </span>
    </p>
   </div>
   <div class='ocr_carea' id='block_1_99' title="bbox 2137 3495 3809 3573">
    <p class='ocr_par' dir='ltr' id='par_1_99' title="bbox 2137 3495 3809 3573">
     <span class='ocr_line' id='line_1_99' title="bbox 2137 3495 3809 3573; baseline -0.004 -17"><span class='ocrx_word' id='word_1_730' title='bbox 2137 3503 2399 3567; x_wconf 81' lang='lat' dir='ltr'>tonsum,</span> <span class='ocrx_word' id='word_1_731' title='bbox 2425 3503 2484 3556; x_wconf 93' lang='lat' dir='ltr'>et</span> <span class='ocrx_word' id='word_1_732' title='bbox 2510 3502 2726 3573; x_wconf 90' lang='lat' dir='ltr'>quarta</span> <span class='ocrx_word' id='word_1_733' title='bbox 2771 3500 2965 3571; x_wconf 90' lang='lat' dir='ltr'>specie</span> <span class='ocrx_word' id='word_1_734' title='bbox 3013 3496 3292 3569; x_wconf 90' lang='lat' dir='ltr'>diapente</span> <span class='ocrx_word' id='word_1_735' title='bbox 3348 3495 3677 3551; x_wconf 90' lang='lat' dir='ltr'>remissum</span> <span class='ocrx_word' id='word_1_736' title='bbox 3731 3499 3809 3550; x_wconf 88' lang='lat' dir='ltr'>te-</span> 
     </span>
    </p>
   </div>
   <div class='ocr_carea' id='block_1_100' title="bbox 2136 3582 3809 3660">
    <p class='ocr_par' dir='ltr' id='par_1_100' title="bbox 2136 3582 3809 3660">
     <span class='ocr_line' id='line_1_100' title="bbox 2136 3582 3809 3660; baseline -0.001 -19"><span class='ocrx_word' id='word_1_737' title='bbox 2136 3586 2338 3642; x_wconf 89' lang='lat' dir='ltr'>trardo</span> <span class='ocrx_word' id='word_1_738' title='bbox 2364 3592 2641 3660; x_wconf 89' lang='lat' dir='ltr'>aptamus</span> <span class='ocrx_word' id='word_1_739' title='bbox 2672 3603 2684 3641; x_wconf 91' lang='lat'><strong>:</strong></span> <span class='ocrx_word' id='word_1_740' title='bbox 2716 3586 2861 3659; x_wconf 91' lang='lat' dir='ltr'>quia</span> <span class='ocrx_word' id='word_1_741' title='bbox 2911 3586 3099 3659; x_wconf 90' lang='lat' dir='ltr'>ipsius</span> <span class='ocrx_word' id='word_1_742' title='bbox 3142 3584 3503 3658; x_wconf 89' lang='lat' dir='ltr'>principales</span> <span class='ocrx_word' id='word_1_743' title='bbox 3560 3582 3809 3639; x_wconf 63' lang='lat' dir='ltr'>chorda</span> 
     </span>
    </p>
   </div>
   <div class='ocr_carea' id='block_1_101' title="bbox 2140 3673 3809 3747">
    <p class='ocr_par' dir='ltr' id='par_1_101' title="bbox 2140 3673 3809 3747">
     <span class='ocr_line' id='line_1_101' title="bbox 2140 3673 3809 3747; baseline -0.001 -17"><span class='ocrx_word' id='word_1_744' title='bbox 2140 3677 2183 3730; x_wconf 93' lang='lat' dir='ltr'>D</span> <span class='ocrx_word' id='word_1_745' title='bbox 2207 3679 2264 3730; x_wconf 91' lang='lat' dir='ltr'>et</span> <span class='ocrx_word' id='word_1_746' title='bbox 2292 3678 2334 3732; x_wconf 91' lang='lat' dir='ltr'>G</span> <span class='ocrx_word' id='word_1_747' title='bbox 2364 3676 2405 3731; x_wconf 93' lang='lat' dir='ltr'>d</span> <span class='ocrx_word' id='word_1_748' title='bbox 2430 3681 2486 3733; x_wconf 92' lang='lat' dir='ltr'>et</span> <span class='ocrx_word' id='word_1_749' title='bbox 2516 3692 2554 3747; x_wconf 91' lang='lat' dir='ltr'>g</span> <span class='ocrx_word' id='word_1_750' title='bbox 2580 3675 2750 3732; x_wconf 92' lang='lat' dir='ltr'>illum</span> <span class='ocrx_word' id='word_1_751' title='bbox 2778 3675 3122 3745; x_wconf 89' lang='lat' dir='ltr'>conﬁciunt,</span> <span class='ocrx_word' id='word_1_752' title='bbox 3174 3673 3277 3747; x_wconf 90' lang='lat' dir='ltr'>qui</span> <span class='ocrx_word' id='word_1_753' title='bbox 3326 3673 3548 3729; x_wconf 90' lang='lat' dir='ltr'>modus</span> <span class='ocrx_word' id='word_1_754' title='bbox 3601 3679 3663 3729; x_wconf 89' lang='lat' dir='ltr'>et</span> <span class='ocrx_word' id='word_1_755' title='bbox 3703 3690 3809 3729; x_wconf 86' lang='lat' dir='ltr'>au-</span> 
     </span>
    </p>
   </div>
   <div class='ocr_carea' id='block_1_102' title="bbox 2138 3762 3810 3838">
    <p class='ocr_par' dir='ltr' id='par_1_102' title="bbox 2138 3762 3810 3838">
     <span class='ocr_line' id='line_1_102' title="bbox 2138 3762 3810 3838; baseline -0.001 -19"><span class='ocrx_word' id='word_1_756' title='bbox 2138 3764 2393 3821; x_wconf 89' lang='lat' dir='ltr'>thentice</span> <span class='ocrx_word' id='word_1_757' title='bbox 2422 3770 2478 3822; x_wconf 91' lang='lat' dir='ltr'>et</span> <span class='ocrx_word' id='word_1_758' title='bbox 2519 3765 2831 3838; x_wconf 81' lang='lat' dir='ltr'>plagaliter</span> <span class='ocrx_word' id='word_1_759' title='bbox 2880 3764 3252 3832; x_wconf 78' lang='lat' dir='ltr'>dignoscitur</span> <span class='ocrx_word' id='word_1_760' title='bbox 3304 3762 3365 3818; x_wconf 92' lang='lat' dir='ltr'>in</span> <span class='ocrx_word' id='word_1_761' title='bbox 3412 3762 3810 3835; x_wconf 83' lang='lat' dir='ltr'>Antiphona:</span> 
     </span>
    </p>
   </div>
   <div class='ocr_carea' id='block_1_103' title="bbox 2137 3849 3811 3925">
    <p class='ocr_par' dir='ltr' id='par_1_103' title="bbox 2137 3849 3811 3925">
     <span class='ocr_line' id='line_1_103' title="bbox 2137 3849 3811 3925; baseline -0.001 -17"><span class='ocrx_word' id='word_1_762' title='bbox 2137 3850 2205 3908; x_wconf 85' lang='lat' dir='ltr'>Si</span> <span class='ocrx_word' id='word_1_763' title='bbox 2231 3868 2366 3911; x_wconf 88' lang='lat' dir='ltr'>vere</span> <span class='ocrx_word' id='word_1_764' title='bbox 2391 3855 2637 3925; x_wconf 81' lang='lat' dir='ltr'>fratres.</span> <span class='ocrx_word' id='word_1_765' title='bbox 2664 3854 2846 3910; x_wconf 76' lang='lat' dir='ltr'>Multi</span> <span class='ocrx_word' id='word_1_766' title='bbox 2870 3854 3136 3911; x_wconf 86' lang='lat' dir='ltr'>veniunt.</span> <span class='ocrx_word' id='word_1_767' title='bbox 3153 3851 3498 3908; x_wconf 88' lang='lat' dir='ltr'>Notandum</span> <span class='ocrx_word' id='word_1_768' title='bbox 3523 3849 3811 3925; x_wconf 90' lang='lat' dir='ltr'>est,quod</span> 
     </span>
    </p>
   </div>
   <div class='ocr_carea' id='block_1_104' title="bbox 2141 3940 3811 4019">
    <p class='ocr_par' dir='ltr' id='par_1_104' title="bbox 2141 3940 3811 4019">
     <span class='ocr_line' id='line_1_104' title="bbox 2141 3940 3811 4019; baseline -0.001 -22"><span class='ocrx_word' id='word_1_769' title='bbox 2141 3957 2278 3998; x_wconf 92' lang='lat' dir='ltr'>cum</span> <span class='ocrx_word' id='word_1_770' title='bbox 2301 3943 2556 4016; x_wconf 90' lang='lat' dir='ltr'>quisque</span> <span class='ocrx_word' id='word_1_771' title='bbox 2586 3947 2897 4019; x_wconf 89' lang='lat' dir='ltr'>troporum</span> <span class='ocrx_word' id='word_1_772' title='bbox 2927 3942 2986 3999; x_wconf 93' lang='lat' dir='ltr'>in</span> <span class='ocrx_word' id='word_1_773' title='bbox 3013 3941 3257 4015; x_wconf 91' lang='lat' dir='ltr'>propria</span> <span class='ocrx_word' id='word_1_774' title='bbox 3286 3940 3519 3997; x_wconf 90' lang='lat' dir='ltr'>chorda</span> <span class='ocrx_word' id='word_1_775' title='bbox 3555 3942 3811 3997; x_wconf 76' lang='lat' dir='ltr'>saeculo-</span> 
     </span>
    </p>
   </div>
   <div class='ocr_carea' id='block_1_105' title="bbox 2141 4028 3814 4105">
    <p class='ocr_par' dir='ltr' id='par_1_105' title="bbox 2141 4028 3814 4105">
     <span class='ocr_line' id='line_1_105' title="bbox 2141 4028 3814 4105; baseline -0.002 -19"><span class='ocrx_word' id='word_1_776' title='bbox 2141 4046 2274 4086; x_wconf 84' lang='lat' dir='ltr'>rum</span> <span class='ocrx_word' id='word_1_777' title='bbox 2302 4047 2475 4089; x_wconf 84' lang='lat' dir='ltr'>amen</span> <span class='ocrx_word' id='word_1_778' title='bbox 2504 4031 2747 4103; x_wconf 88' lang='lat' dir='ltr'>habeat,</span> <span class='ocrx_word' id='word_1_779' title='bbox 2795 4035 2998 4105; x_wconf 89' lang='lat' dir='ltr'>utpote</span> <span class='ocrx_word' id='word_1_780' title='bbox 3053 4035 3261 4104; x_wconf 87' lang='lat' dir='ltr'>protus</span> <span class='ocrx_word' id='word_1_781' title='bbox 3291 4028 3351 4084; x_wconf 90' lang='lat' dir='ltr'>in</span> <span class='ocrx_word' id='word_1_782' title='bbox 3382 4044 3419 4085; x_wconf 87' lang='lat' dir='ltr'>a</span> <span class='ocrx_word' id='word_1_783' title='bbox 3466 4029 3644 4085; x_wconf 86' lang='lat' dir='ltr'>tritus</span> <span class='ocrx_word' id='word_1_784' title='bbox 3692 4029 3753 4084; x_wconf 90' lang='lat' dir='ltr'>in</span> <span class='ocrx_word' id='word_1_785' title='bbox 3783 4044 3814 4083; x_wconf 88' lang='lat' dir='ltr'>c</span> 
     </span>
    </p>
   </div>
   <div class='ocr_carea' id='block_1_106' title="bbox 2140 4120 3812 4177">
    <p class='ocr_par' dir='ltr' id='par_1_106' title="bbox 2140 4120 3812 4177">
     <span class='ocr_line' id='line_1_106' title="bbox 2140 4120 3812 4177; baseline -0.001 -2"><span class='ocrx_word' id='word_1_786' title='bbox 2140 4121 2435 4177; x_wconf 90' lang='lat' dir='ltr'>tetrardus</span> <span class='ocrx_word' id='word_1_787' title='bbox 2485 4120 2547 4176; x_wconf 91' lang='lat' dir='ltr'>in</span> <span class='ocrx_word' id='word_1_788' title='bbox 2605 4121 2646 4176; x_wconf 95' lang='lat' dir='ltr'>d</span> <span class='ocrx_word' id='word_1_789' title='bbox 2703 4120 2865 4177; x_wconf 89' lang='lat' dir='ltr'>solus</span> <span class='ocrx_word' id='word_1_790' title='bbox 2916 4120 3198 4177; x_wconf 91' lang='lat' dir='ltr'>deuterus</span> <span class='ocrx_word' id='word_1_791' title='bbox 3244 4120 3605 4175; x_wconf 69' lang='lat' dir='ltr'>saeculorum</span> <span class='ocrx_word' id='word_1_792' title='bbox 3637 4132 3812 4174; x_wconf 85' lang='lat' dir='ltr'>amen</span> 
     </span>
    </p>
   </div>
   <div class='ocr_carea' id='block_1_107' title="bbox 2141 4190 3811 4291">
    <p class='ocr_par' dir='ltr' id='par_1_107' title="bbox 2141 4190 3811 4291">
     <span class='ocr_line' id='line_1_107' title="bbox 2141 4190 3811 4291; baseline -0.002 -25"><span class='ocrx_word' id='word_1_793' title='bbox 2141 4215 2385 4284; x_wconf 89' lang='lat' dir='ltr'>propter</span> <span class='ocrx_word' id='word_1_794' title='bbox 2398 4210 2910 4284; x_wconf 82' lang='lat' dir='ltr'>imperfectionem</span> <span class='ocrx_word' id='word_1_795' title='bbox 2928 4210 3225 4267; x_wconf 89' lang='lat' dir='ltr'>semitonii</span> <span class='ocrx_word' id='word_1_796' title='bbox 3242 4225 3276 4264; x_wconf 94' lang='lat' dir='ltr'>a</span> <span class='ocrx_word' id='word_1_797' title='bbox 3305 4190 3364 4291; x_wconf 55' lang='grc' dir='ltr'><em>η</em></span> <span class='ocrx_word' id='word_1_798' title='bbox 3380 4207 3662 4264; x_wconf 83' lang='lat' dir='ltr'>transfert</span> <span class='ocrx_word' id='word_1_799' title='bbox 3682 4207 3744 4263; x_wconf 90' lang='lat' dir='ltr'>in</span> <span class='ocrx_word' id='word_1_800' title='bbox 3761 4223 3811 4263; x_wconf 75' lang='grc' dir='ltr'>(ς.</span> 
     </span>
    </p>
   </div>
   <div class='ocr_carea' id='block_1_108' title="bbox 2142 4298 3814 4372">
    <p class='ocr_par' dir='ltr' id='par_1_108' title="bbox 2142 4298 3814 4372">
     <span class='ocr_line' id='line_1_108' title="bbox 2142 4298 3814 4372; baseline -0.002 -16"><span class='ocrx_word' id='word_1_801' title='bbox 2142 4299 2345 4356; x_wconf 84' lang='lat' dir='ltr'>Nullus</span> <span class='ocrx_word' id='word_1_802' title='bbox 2375 4305 2576 4356; x_wconf 89' lang='lat' dir='ltr'>autem</span> <span class='ocrx_word' id='word_1_803' title='bbox 2607 4299 2940 4372; x_wconf 88' lang='lat' dir='ltr'>subjugalis</span> <span class='ocrx_word' id='word_1_804' title='bbox 2971 4316 3112 4356; x_wconf 93' lang='lat' dir='ltr'>cum</span> <span class='ocrx_word' id='word_1_805' title='bbox 3142 4316 3251 4356; x_wconf 92' lang='lat' dir='ltr'>suo</span> <span class='ocrx_word' id='word_1_806' title='bbox 3294 4298 3591 4368; x_wconf 85' lang='lat' dir='ltr'>magistro</span> <span class='ocrx_word' id='word_1_807' title='bbox 3621 4298 3685 4353; x_wconf 91' lang='lat' dir='ltr'>in</span> <span class='ocrx_word' id='word_1_808' title='bbox 3714 4312 3814 4352; x_wconf 87' lang='lat' dir='ltr'>ea-</span> 
     </span>
    </p>
   </div>
   <div class='ocr_carea' id='block_1_109' title="bbox 2140 4386 3816 4459">
    <p class='ocr_par' dir='ltr' id='par_1_109' title="bbox 2140 4386 3816 4459">
     <span class='ocr_line' id='line_1_109' title="bbox 2140 4386 3816 4459; baseline -0.003 -14"><span class='ocrx_word' id='word_1_809' title='bbox 2140 4389 2280 4445; x_wconf 91' lang='lat' dir='ltr'>dem</span> <span class='ocrx_word' id='word_1_810' title='bbox 2311 4388 2503 4446; x_wconf 88' lang='lat' dir='ltr'>littera</span> <span class='ocrx_word' id='word_1_811' title='bbox 2528 4390 2880 4446; x_wconf 65' lang='lat' dir='ltr'>swculorum</span> <span class='ocrx_word' id='word_1_812' title='bbox 2910 4404 3083 4446; x_wconf 86' lang='lat' dir='ltr'>amen</span> <span class='ocrx_word' id='word_1_813' title='bbox 3108 4388 3380 4448; x_wconf 87' lang='lat' dir='ltr'>collocat.</span> <span class='ocrx_word' id='word_1_814' title='bbox 3421 4386 3530 4443; x_wconf 91' lang='lat' dir='ltr'>sed</span> <span class='ocrx_word' id='word_1_815' title='bbox 3576 4400 3816 4459; x_wconf 88' lang='lat' dir='ltr'>semper</span> 
     </span>
    </p>
   </div>
   <div class='ocr_carea' id='block_1_110' title="bbox 2141 4474 3820 4553">
    <p class='ocr_par' dir='ltr' id='par_1_110' title="bbox 2141 4474 3820 4553">
     <span class='ocr_line' id='line_1_110' title="bbox 2141 4474 3820 4553; baseline -0.004 -17"><span class='ocrx_word' id='word_1_816' title='bbox 2141 4479 2410 4551; x_wconf 90' lang='lat' dir='ltr'>inferius,</span> <span class='ocrx_word' id='word_1_817' title='bbox 2437 4484 2500 4536; x_wconf 92' lang='lat' dir='ltr'>ut</span> <span class='ocrx_word' id='word_1_818' title='bbox 2528 4483 2667 4552; x_wconf 91' lang='lat' dir='ltr'>pote</span> <span class='ocrx_word' id='word_1_819' title='bbox 2692 4483 2902 4553; x_wconf 90' lang='lat' dir='ltr'>protus</span> <span class='ocrx_word' id='word_1_820' title='bbox 2932 4478 2994 4534; x_wconf 91' lang='lat' dir='ltr'>in</span> <span class='ocrx_word' id='word_1_821' title='bbox 3025 4494 3063 4535; x_wconf 90' lang='lat' dir='ltr'>a</span> <span class='ocrx_word' id='word_1_822' title='bbox 3092 4478 3221 4535; x_wconf 90' lang='lat' dir='ltr'>sola</span> <span class='ocrx_word' id='word_1_823' title='bbox 3262 4478 3394 4549; x_wconf 90' lang='lat' dir='ltr'>ejus</span> <span class='ocrx_word' id='word_1_824' title='bbox 3444 4476 3634 4549; x_wconf 89' lang='lat' dir='ltr'>plaga</span> <span class='ocrx_word' id='word_1_825' title='bbox 3684 4476 3747 4530; x_wconf 90' lang='lat' dir='ltr'>in</span> <span class='ocrx_word' id='word_1_826' title='bbox 3796 4474 3820 4530; x_wconf 84' lang='lat' dir='ltr'><strong>f</strong></span> 
     </span>
    </p>
   </div>
   <div class='ocr_carea' id='block_1_111' title="bbox 2140 4566 3813 4642">
    <p class='ocr_par' dir='ltr' id='par_1_111' title="bbox 2140 4566 3813 4642">
     <span class='ocr_line' id='line_1_111' title="bbox 2140 4566 3813 4642; baseline -0.003 -17"><span class='ocrx_word' id='word_1_827' title='bbox 2140 4568 2421 4626; x_wconf 89' lang='lat' dir='ltr'>deuterus</span> <span class='ocrx_word' id='word_1_828' title='bbox 2445 4569 2505 4625; x_wconf 94' lang='lat' dir='ltr'>in</span> <span class='ocrx_word' id='word_1_829' title='bbox 2531 4585 2561 4625; x_wconf 94' lang='lat' dir='ltr'>c</span> <span class='ocrx_word' id='word_1_830' title='bbox 2593 4568 2775 4642; x_wconf 90' lang='lat' dir='ltr'>plaga</span> <span class='ocrx_word' id='word_1_831' title='bbox 2802 4568 2852 4640; x_wconf 88' lang='lat' dir='ltr'>ej</span> <span class='ocrx_word' id='word_1_832' title='bbox 2864 4585 2931 4624; x_wconf 91' lang='lat' dir='ltr'>us</span> <span class='ocrx_word' id='word_1_833' title='bbox 2960 4567 3021 4624; x_wconf 91' lang='lat' dir='ltr'>in</span> <span class='ocrx_word' id='word_1_834' title='bbox 3052 4584 3088 4623; x_wconf 90' lang='lat' dir='ltr'>a</span> <span class='ocrx_word' id='word_1_835' title='bbox 3109 4568 3281 4624; x_wconf 89' lang='lat' dir='ltr'>tritus</span> <span class='ocrx_word' id='word_1_836' title='bbox 3313 4567 3372 4622; x_wconf 90' lang='lat' dir='ltr'>in</span> <span class='ocrx_word' id='word_1_837' title='bbox 3401 4583 3432 4622; x_wconf 94' lang='lat' dir='ltr'>c</span> <span class='ocrx_word' id='word_1_838' title='bbox 3454 4566 3645 4640; x_wconf 87' lang='lat' dir='ltr'>plaga</span> <span class='ocrx_word' id='word_1_839' title='bbox 3681 4566 3813 4637; x_wconf 88' lang='lat' dir='ltr'>ejus</span> 
     </span>
    </p>
   </div>
   <div class='ocr_carea' id='block_1_112' title="bbox 2139 4656 3395 4730">
    <p class='ocr_par' dir='ltr' id='par_1_112' title="bbox 2139 4656 3395 4730">
     <span class='ocr_line' id='line_1_112' title="bbox 2139 4656 3395 4730; baseline -0.002 -16"><span class='ocrx_word' id='word_1_840' title='bbox 2139 4657 2201 4714; x_wconf 91' lang='lat' dir='ltr'>in</span> <span class='ocrx_word' id='word_1_841' title='bbox 2230 4675 2267 4715; x_wconf 90' lang='lat' dir='ltr'>a</span> <span class='ocrx_word' id='word_1_842' title='bbox 2294 4658 2589 4715; x_wconf 89' lang='lat' dir='ltr'>tetrardus</span> <span class='ocrx_word' id='word_1_843' title='bbox 2620 4658 2783 4715; x_wconf 91' lang='lat' dir='ltr'>solus</span> <span class='ocrx_word' id='word_1_844' title='bbox 2807 4658 2849 4714; x_wconf 94' lang='lat' dir='ltr'>d</span> <span class='ocrx_word' id='word_1_845' title='bbox 2876 4657 3058 4730; x_wconf 90' lang='lat' dir='ltr'>plaga</span> <span class='ocrx_word' id='word_1_846' title='bbox 3086 4658 3136 4729; x_wconf 88' lang='lat' dir='ltr'>ej</span> <span class='ocrx_word' id='word_1_847' title='bbox 3150 4674 3219 4713; x_wconf 92' lang='lat' dir='ltr'>us</span> <span class='ocrx_word' id='word_1_848' title='bbox 3252 4656 3311 4712; x_wconf 91' lang='lat' dir='ltr'>in</span> <span class='ocrx_word' id='word_1_849' title='bbox 3341 4673 3395 4712; x_wconf 91' lang='lat' dir='ltr'>c.</span> 
     </span>
    </p>
   </div>
   <div class='ocr_carea' id='block_1_113' title="bbox 2212 4743 3815 4819">
    <p class='ocr_par' dir='ltr' id='par_1_113' title="bbox 2212 4743 3815 4819">
     <span class='ocr_line' id='line_1_113' title="bbox 2212 4743 3815 4819; baseline -0.002 -16"><span class='ocrx_word' id='word_1_850' title='bbox 2212 4747 2506 4813; x_wconf 68' lang='lat' dir='ltr'>Quaeritur</span> <span class='ocrx_word' id='word_1_851' title='bbox 2532 4746 2608 4803; x_wconf 92' lang='lat' dir='ltr'>de</span> <span class='ocrx_word' id='word_1_852' title='bbox 2638 4745 2833 4819; x_wconf 90' lang='lat' dir='ltr'>specie</span> <span class='ocrx_word' id='word_1_853' title='bbox 2862 4745 3182 4818; x_wconf 90' lang='lat' dir='ltr'>diapason,</span> <span class='ocrx_word' id='word_1_854' title='bbox 3233 4760 3367 4818; x_wconf 79' lang='lat' dir='ltr'>quae</span> <span class='ocrx_word' id='word_1_855' title='bbox 3414 4747 3504 4799; x_wconf 88' lang='lat' dir='ltr'>est</span> <span class='ocrx_word' id='word_1_856' title='bbox 3538 4759 3579 4800; x_wconf 90' lang='lat' dir='ltr'>a</span> <span class='ocrx_word' id='word_1_857' title='bbox 3607 4746 3651 4800; x_wconf 92' lang='lat' dir='ltr'><strong>D</strong></span> <span class='ocrx_word' id='word_1_858' title='bbox 3680 4745 3745 4800; x_wconf 90' lang='lat' dir='ltr'>in</span> <span class='ocrx_word' id='word_1_859' title='bbox 3777 4743 3815 4798; x_wconf 89' lang='grc'>(1</span> 
     </span>
    </p>
   </div>
   <div class='ocr_carea' id='block_1_114' title="bbox 2142 4833 3816 4910">
    <p class='ocr_par' dir='ltr' id='par_1_114' title="bbox 2142 4833 3816 4910">
     <span class='ocr_line' id='line_1_114' title="bbox 2142 4833 3816 4910; baseline -0.002 -17"><span class='ocrx_word' id='word_1_860' title='bbox 2142 4852 2282 4892; x_wconf 92' lang='lat' dir='ltr'>cum</span> <span class='ocrx_word' id='word_1_861' title='bbox 2311 4837 2385 4893; x_wconf 91' lang='lat' dir='ltr'>sit</span> <span class='ocrx_word' id='word_1_862' title='bbox 2412 4840 2535 4893; x_wconf 91' lang='lat' dir='ltr'>tam</span> <span class='ocrx_word' id='word_1_863' title='bbox 2552 4840 2743 4910; x_wconf 88' lang='lat' dir='ltr'>proto,</span> <span class='ocrx_word' id='word_1_864' title='bbox 2759 4851 2946 4909; x_wconf 91' lang='lat' dir='ltr'>quam</span> <span class='ocrx_word' id='word_1_865' title='bbox 2967 4834 3228 4891; x_wconf 89' lang='lat' dir='ltr'>tetrardo</span> <span class='ocrx_word' id='word_1_866' title='bbox 3249 4833 3816 4906; x_wconf 71' lang='lat' dir='ltr'>communis,quare</span> 
     </span>
    </p>
   </div>
   <div class='ocr_carea' id='block_1_115' title="bbox 2140 4922 3817 4991">
    <p class='ocr_par' dir='ltr' id='par_1_115' title="bbox 2140 4922 3817 4991">
     <span class='ocr_line' id='line_1_115' title="bbox 2140 4922 3817 4991; baseline -0.003 -9"><span class='ocrx_word' id='word_1_867' title='bbox 2140 4942 2262 4983; x_wconf 92' lang='lat' dir='ltr'>non</span> <span class='ocrx_word' id='word_1_868' title='bbox 2287 4942 2496 4991; x_wconf 91' lang='lat' dir='ltr'>unum,</span> <span class='ocrx_word' id='word_1_869' title='bbox 2530 4925 2634 4982; x_wconf 92' lang='lat' dir='ltr'>sed</span> <span class='ocrx_word' id='word_1_870' title='bbox 2662 4925 2817 4982; x_wconf 91' lang='lat' dir='ltr'>duos</span> <span class='ocrx_word' id='word_1_871' title='bbox 2838 4924 3053 4980; x_wconf 90' lang='lat' dir='ltr'>modos</span> <span class='ocrx_word' id='word_1_872' title='bbox 3069 4923 3305 4980; x_wconf 77' lang='lat' dir='ltr'>eﬂiciat.</span> <span class='ocrx_word' id='word_1_873' title='bbox 3341 4922 3516 4989; x_wconf 90' lang='lat' dir='ltr'>Quod</span> <span class='ocrx_word' id='word_1_874' title='bbox 3536 4922 3624 4979; x_wconf 88' lang='lat' dir='ltr'>ita</span> <span class='ocrx_word' id='word_1_875' title='bbox 3645 4922 3817 4979; x_wconf 83' lang='lat' dir='ltr'>solvi-</span> 
     </span>
    </p>
   </div>
   <div class='ocr_carea' id='block_1_116' title="bbox 2140 5011 3817 5089">
    <p class='ocr_par' dir='ltr' id='par_1_116' title="bbox 2140 5011 3817 5089">
     <span class='ocr_line' id='line_1_116' title="bbox 2140 5011 3817 5089; baseline -0.003 -17"><span class='ocrx_word' id='word_1_876' title='bbox 2140 5018 2257 5083; x_wconf 88' lang='lat' dir='ltr'>tur,</span> <span class='ocrx_word' id='word_1_877' title='bbox 2272 5019 2480 5089; x_wconf 90' lang='lat' dir='ltr'>protus</span> <span class='ocrx_word' id='word_1_878' title='bbox 2500 5015 2684 5072; x_wconf 89' lang='lat' dir='ltr'>habet</span> <span class='ocrx_word' id='word_1_879' title='bbox 2708 5013 2891 5070; x_wconf 86' lang='lat' dir='ltr'>ﬁnem</span> <span class='ocrx_word' id='word_1_880' title='bbox 2914 5014 2975 5069; x_wconf 91' lang='lat' dir='ltr'>in</span> <span class='ocrx_word' id='word_1_881' title='bbox 3007 5015 3050 5068; x_wconf 94' lang='lat' dir='ltr'><strong>D</strong></span> <span class='ocrx_word' id='word_1_882' title='bbox 3076 5013 3341 5069; x_wconf 89' lang='lat' dir='ltr'>mediam</span> <span class='ocrx_word' id='word_1_883' title='bbox 3363 5011 3817 5068; x_wconf 88' lang='lat' dir='ltr'>distinctionem</span> 
     </span>
    </p>
   </div>
   <div class='ocr_carea' id='block_1_117' title="bbox 2141 5102 3817 5178">
    <p class='ocr_par' dir='ltr' id='par_1_117' title="bbox 2141 5102 3817 5178">
     <span class='ocr_line' id='line_1_117' title="bbox 2141 5102 3817 5178; baseline -0.001 -16"><span class='ocrx_word' id='word_1_884' title='bbox 2141 5107 2204 5163; x_wconf 92' lang='lat' dir='ltr'>in</span> <span class='ocrx_word' id='word_1_885' title='bbox 2220 5124 2257 5164; x_wconf 93' lang='lat' dir='ltr'>a</span> <span class='ocrx_word' id='word_1_886' title='bbox 2277 5106 2518 5164; x_wconf 89' lang='lat' dir='ltr'>tetrardi</span> <span class='ocrx_word' id='word_1_887' title='bbox 2538 5105 2884 5178; x_wconf 89' lang='lat' dir='ltr'>subjugales</span> <span class='ocrx_word' id='word_1_888' title='bbox 2920 5102 3099 5161; x_wconf 89' lang='lat' dir='ltr'>habet</span> <span class='ocrx_word' id='word_1_889' title='bbox 3121 5108 3246 5161; x_wconf 89' lang='lat' dir='ltr'>tam</span> <span class='ocrx_word' id='word_1_890' title='bbox 3269 5103 3452 5159; x_wconf 86' lang='lat' dir='ltr'>ﬁnem</span> <span class='ocrx_word' id='word_1_891' title='bbox 3474 5119 3670 5176; x_wconf 87' lang='lat' dir='ltr'>quam</span> <span class='ocrx_word' id='word_1_892' title='bbox 3692 5120 3817 5160; x_wconf 90' lang='lat' dir='ltr'>me-</span> 
     </span>
    </p>
   </div>
   <div class='ocr_carea' id='block_1_118' title="bbox 2143 5194 3817 5266">
    <p class='ocr_par' dir='ltr' id='par_1_118' title="bbox 2143 5194 3817 5266">
     <span class='ocr_line' id='line_1_118' title="bbox 2143 5194 3817 5266; baseline -0.001 -15"><span class='ocrx_word' id='word_1_893' title='bbox 2143 5196 2308 5253; x_wconf 89' lang='lat' dir='ltr'>diam</span> <span class='ocrx_word' id='word_1_894' title='bbox 2360 5195 2802 5252; x_wconf 90' lang='lat' dir='ltr'>distinctionem</span> <span class='ocrx_word' id='word_1_895' title='bbox 2860 5194 2916 5249; x_wconf 92' lang='lat' dir='ltr'>in</span> <span class='ocrx_word' id='word_1_896' title='bbox 2969 5196 3010 5250; x_wconf 91' lang='lat' dir='ltr'>G</span> <span class='ocrx_word' id='word_1_897' title='bbox 3057 5199 3267 5266; x_wconf 91' lang='lat' dir='ltr'>protus</span> <span class='ocrx_word' id='word_1_898' title='bbox 3297 5209 3438 5249; x_wconf 89' lang='lat' dir='ltr'>vero</span> <span class='ocrx_word' id='word_1_899' title='bbox 3471 5209 3731 5250; x_wconf 81' lang='lat' dir='ltr'>versans</span> <span class='ocrx_word' id='word_1_900' title='bbox 3759 5194 3817 5249; x_wconf 91' lang='lat' dir='ltr'>in</span> 
     </span>
    </p>
   </div>
   <div class='ocr_carea' id='block_1_119' title="bbox 2145 5280 3818 5356">
    <p class='ocr_par' dir='ltr' id='par_1_119' title="bbox 2145 5280 3818 5356">
     <span class='ocr_line' id='line_1_119' title="bbox 2145 5280 3818 5356; baseline -0.001 -17"><span class='ocrx_word' id='word_1_901' title='bbox 2145 5282 3101 5356; x_wconf 85' lang='lat' dir='ltr'>subdistinctionibus,mediisque</span> <span class='ocrx_word' id='word_1_902' title='bbox 3113 5281 3693 5353; x_wconf 89' lang='lat' dir='ltr'>distinctionibus,et</span> <span class='ocrx_word' id='word_1_903' title='bbox 3702 5280 3818 5338; x_wconf 86' lang='lat' dir='ltr'>ﬁne</span> 
     </span>
    </p>
   </div>
   <div class='ocr_carea' id='block_1_120' title="bbox 2143 5371 3819 5447">
    <p class='ocr_par' dir='ltr' id='par_1_120' title="bbox 2143 5371 3819 5447">
     <span class='ocr_line' id='line_1_120' title="bbox 2143 5371 3819 5447; baseline -0.002 -18"><span class='ocrx_word' id='word_1_904' title='bbox 2143 5374 2300 5430; x_wconf 88' lang='lat' dir='ltr'>circa</span> <span class='ocrx_word' id='word_1_905' title='bbox 2332 5390 2367 5429; x_wconf 90' lang='lat' dir='ltr'>a</span> <span class='ocrx_word' id='word_1_906' title='bbox 2396 5373 2491 5430; x_wconf 90' lang='lat' dir='ltr'>vel</span> <span class='ocrx_word' id='word_1_907' title='bbox 2518 5377 2561 5430; x_wconf 91' lang='lat' dir='ltr'>D</span> <span class='ocrx_word' id='word_1_908' title='bbox 2592 5374 2901 5447; x_wconf 90' lang='lat' dir='ltr'>propriam</span> <span class='ocrx_word' id='word_1_909' title='bbox 2931 5388 3177 5445; x_wconf 91' lang='lat' dir='ltr'>quoque</span> <span class='ocrx_word' id='word_1_910' title='bbox 3207 5372 3586 5427; x_wconf 88' lang='lat' dir='ltr'>diatessaron</span> <span class='ocrx_word' id='word_1_911' title='bbox 3610 5378 3670 5427; x_wconf 89' lang='lat' dir='ltr'>et</span> <span class='ocrx_word' id='word_1_912' title='bbox 3699 5371 3819 5426; x_wconf 87' lang='lat' dir='ltr'>dia-</span> 
     </span>
    </p>
   </div>
   <div class='ocr_carea' id='block_1_121' title="bbox 2143 5458 3820 5536">
    <p class='ocr_par' dir='ltr' id='par_1_121' title="bbox 2143 5458 3820 5536">
     <span class='ocr_line' id='line_1_121' title="bbox 2143 5458 3820 5536; baseline -0.002 -17"><span class='ocrx_word' id='word_1_913' title='bbox 2143 5468 2318 5536; x_wconf 91' lang='lat' dir='ltr'>pente</span> <span class='ocrx_word' id='word_1_914' title='bbox 2338 5463 2597 5535; x_wconf 88' lang='lat' dir='ltr'>speciem</span> <span class='ocrx_word' id='word_1_915' title='bbox 2615 5463 2951 5536; x_wconf 87' lang='lat' dir='ltr'>frequentat</span> <span class='ocrx_word' id='word_1_916' title='bbox 2966 5480 2978 5530; x_wconf 91' lang='lat'><strong>;</strong></span> <span class='ocrx_word' id='word_1_917' title='bbox 2995 5461 3127 5532; x_wconf 88' lang='lat' dir='ltr'>subj</span> <span class='ocrx_word' id='word_1_918' title='bbox 3140 5461 3330 5532; x_wconf 83' lang='lat' dir='ltr'>ugalis</span> <span class='ocrx_word' id='word_1_919' title='bbox 3348 5465 3554 5517; x_wconf 88' lang='lat' dir='ltr'>autem</span> <span class='ocrx_word' id='word_1_920' title='bbox 3572 5458 3820 5516; x_wconf 80' lang='lat' dir='ltr'>tetrardi</span> 
     </span>
    </p>
   </div>
   <div class='ocr_carea' id='block_1_122' title="bbox 2143 5550 3819 5627">
    <p class='ocr_par' dir='ltr' id='par_1_122' title="bbox 2143 5550 3819 5627">
     <span class='ocr_line' id='line_1_122' title="bbox 2143 5550 3819 5627; baseline -0.002 -18"><span class='ocrx_word' id='word_1_921' title='bbox 2143 5553 2265 5609; x_wconf 87' lang='lat' dir='ltr'>suis</span> <span class='ocrx_word' id='word_1_922' title='bbox 2280 5569 2524 5626; x_wconf 90' lang='lat' dir='ltr'>quoque</span> <span class='ocrx_word' id='word_1_923' title='bbox 2542 5552 2858 5627; x_wconf 88' lang='lat' dir='ltr'>speciebus</span> <span class='ocrx_word' id='word_1_924' title='bbox 2874 5552 3137 5608; x_wconf 88' lang='lat' dir='ltr'>intentus</span> <span class='ocrx_word' id='word_1_925' title='bbox 3154 5568 3262 5626; x_wconf 90' lang='lat' dir='ltr'>per</span> <span class='ocrx_word' id='word_1_926' title='bbox 3276 5550 3493 5621; x_wconf 90' lang='lat' dir='ltr'>cola,et</span> <span class='ocrx_word' id='word_1_927' title='bbox 3508 5556 3819 5607; x_wconf 79' lang='lat' dir='ltr'>commata</span> 
     </span>
    </p>
   </div>
   <div class='ocr_carea' id='block_1_123' title="bbox 2140 5640 3822 5711">
    <p class='ocr_par' dir='ltr' id='par_1_123' title="bbox 2140 5640 3822 5711">
     <span class='ocr_line' id='line_1_123' title="bbox 2140 5640 3822 5711; baseline -0.002 -12"><span class='ocrx_word' id='word_1_928' title='bbox 2140 5642 2405 5699; x_wconf 88' lang='lat' dir='ltr'>maxime</span> <span class='ocrx_word' id='word_1_929' title='bbox 2432 5644 2590 5700; x_wconf 79' lang='lat' dir='ltr'>circa</span> <span class='ocrx_word' id='word_1_930' title='bbox 2615 5646 2658 5701; x_wconf 88' lang='lat' dir='ltr'><strong>G</strong></span> <span class='ocrx_word' id='word_1_931' title='bbox 2679 5657 2944 5711; x_wconf 87' lang='lat' dir='ltr'>versans,</span> <span class='ocrx_word' id='word_1_932' title='bbox 2997 5641 3268 5700; x_wconf 89' lang='lat' dir='ltr'>diversos</span> <span class='ocrx_word' id='word_1_933' title='bbox 3311 5640 3566 5699; x_wconf 86' lang='lat' dir='ltr'>omnino</span> <span class='ocrx_word' id='word_1_934' title='bbox 3596 5640 3822 5698; x_wconf 76' lang='lat' dir='ltr'>modos</span> 
     </span>
    </p>
   </div>
  </div>
