3980 6176
263 218 354 271 ιιι
1078 188 1081 191 ’
1130 210 1471 275 ouomono
1511 210 1601 266 DE
1641 209 2112 266 ARITHMMICA
2155 211 2506 267 PROCEDIT
2545 210 2822 268 MUSICA.

3582 214 3688 269 442

262 337 771 408 efﬁciunt,protus
803 333 1021 407 saepius
1046 333 1435 397 intendendo,
1459 335 1757 391 tetrardus
1781 351 1918 391 vero
1958 340 2003 391 A
2031 351 2093 391 se
2129 336 2523 392 semiditonus
2572 341 2682 411 est,
2734 340 2838 392 aut
2876 335 3140 392 ditonus.
3202 337 3406 392 Omnis
3435 352 3551 393 vox
3609 339 3686 393 ad

264 427 476 500 saepius
505 422 880 480 remittendo.

332 516 473 573 Sola
509 514 701 569 littera
756 515 797 568 Ι)
855 511 914 567 in
977 513 1391 569 monochordo
1445 513 1537 569 bis
1577 513 1922 587 principalis

261 610 368 674 est,
396 608 487 660 est
514 602 673 658 enim
699 600 849 674 proti
879 601 1095 657 eadem
1125 601 1491 674 principalis.
1551 603 1736 675 Ipsius
1762 603 1921 658 enim

259 695 634 751 diatessaron
672 707 708 746 a
762 695 816 746 et
859 690 896 746 d
930 690 1456 746 circumscribitur.
1507 695 1604 747 Est
1631 693 1809 748 etiam
1831 708 1924 747 ea-

259 774 400 839 dem
459 785 501 838 D
553 780 826 852 ejusdem
878 779 1034 852 proti
1083 780 1394 835 cantilena:
1446 780 1660 836 ﬁnalis.
1714 781 1926 836 Littera

259 873 394 945 ipsa
421 870 501 927 ad
533 867 876 942 principalis
904 873 992 924 est
1020 868 1277 924 tetrardi.
1321 872 1427 924 Per
1455 869 1652 942 ipsam
1680 869 1838 925 enim
1871 874 1928 925 et

261 977 370 1034 per
399 959 718 1033 specialem
767 974 940 1013 suam
991 974 1029 1028 g
1078 959 1208 1028 ejus
1260 959 1626 1014 diatesseron
1677 961 1928 1015 circum-

260 1048 556 1104 scribitur.
591 1047 756 1104 Unde
785 1047 998 1102 eadem
1046 1051 1261 1120 quarta
1293 1047 1666 1104 diatessaron
1700 1049 1924 1122 species

259 1137 413 1211 proti
445 1141 533 1192 est
560 1140 792 1192 tantum
821 1135 882 1191 in
915 1135 1129 1205 forma,
1161 1136 1405 1208 propria
1435 1143 1634 1193 autem
1660 1138 1919 1206 tetrardi,

260 1227 406 1300 quia
432 1227 561 1298 ejus
603 1225 1034 1299 principalibus
1091 1227 1328 1282 chordis
1377 1227 1415 1281 d
1445 1232 1502 1282 et
1545 1243 1583 1296 g
1609 1228 1920 1285 clauditur.

262 1320 360 1372 Est
391 1316 730 1372 communis
773 1315 984 1372 eadem
1020 1319 1082 1382 Ι),
1116 1316 1259 1388 quia
1282 1321 1368 1372 est
1413 1317 1621 1372 ultima
1653 1319 1922 1388 gravium

261 1411 319 1462 et
341 1406 537 1478 prima
566 1404 858 1460 ﬁnalium.
921 1407 1016 1460 Est
1053 1409 1110 1459 et
1157 1404 1292 1460 ﬁnis
1322 1406 1495 1477 proti,
1538 1411 1593 1461 et
1645 1407 1923 1477 gravissi-

262 1511 397 1549 mus
428 1493 668 1550 tetrardi
701 1496 742 1550 D
771 1509 880 1566 per
905 1492 1279 1548 diatessaron
1329 1493 1674 1550 descensus.
1715 1497 1925 1551 Littera

265 1583 543 1656 superius
574 1582 614 1637 d
641 1582 970 1638 altissimus
999 1586 1090 1637 est
1127 1582 1279 1654 proti
1310 1598 1594 1639 ascensus
1625 1601 1694 1640 ac
1723 1588 1924 1640 tetrar-

2028 431 2306 517 quartam
2359 444 2394 483 a
2441 443 2522 498 se,
2583 427 2957 483 diatessaron
3004 431 3110 495 est,
3165 427 3423 498 exceptis
3463 429 3583 481 Fet
3626 417 3686 517 η

2028 512 2342 584 quadrato.
2401 515 2605 570 Omnis
2667 531 2784 570 vox
2836 515 2912 570 ad
2945 515 3221 587 quintam
3245 532 3281 570 a
3311 531 3370 570 se
3410 512 3685 589 diapente

2029 607 2134 669 est,
2163 604 2420 675 exceptis
2444 606 2485 658 B
2517 609 2573 660 et
2602 607 2644 658 F
2667 604 2707 660 b
2741 611 2797 660 et
2827 605 2864 660 f.

2101 692 2305 748 Omnis
2336 698 2544 748 cantus
2570 710 2689 750 una
2715 694 2807 749 vel
2833 693 3073 748 duabus
3093 693 3344 749 vocibus
3368 693 3524 750 infra
3543 696 3690 751 ﬁna-

2029 781 2148 836 lem
2179 781 2546 838 descendens
2575 789 2630 838 et
2656 799 2834 855 super
2858 783 3135 855 diapente
3154 783 3423 855 aliquam
3455 784 3548 840 vel
3565 801 3688 840 om-

2031 887 2137 926 nes
2161 888 2300 926 suas
2321 889 2497 927 voces
2551 873 2598 927 si
2645 873 2915 943 attigerit,
2966 873 3286 928 authentici
3319 873 3445 928 erit.
3481 873 3688 929 Omnis

2030 965 2263 1027 cantus,
2293 960 2398 1032 qui
2429 978 2504 1016 ιν.
2535 961 2656 1015 sive
2695 979 2729 1016 v
2758 961 3007 1016 vocibus
3050 961 3202 1016 infra
3249 961 3493 1017 ﬁnalem
3549 963 3686 1017 des-

2030 1049 2314 1118 cenderit,
2341 1055 2399 1104 et
2427 1050 2572 1104 nihil
2602 1066 2778 1122 super
2803 1050 3077 1121 diapente
3102 1051 3368 1118 tetigerit,
3393 1051 3684 1121 subjuga-

2028 1137 2101 1192 lis
2142 1137 2265 1192 erit.
2299 1139 2503 1193 Omnis
2543 1144 2771 1204 cantus,
2803 1138 2910 1210 qui
2961 1138 3132 1210 plene
3161 1139 3461 1210 plagalem
3495 1139 3683 1212 depo-

2031 1227 2306 1282 sitionem
2338 1227 2632 1293 habuerit,
2694 1227 2741 1282 si
2792 1243 2972 1298 super
3023 1227 3299 1297 diapente
3347 1244 3532 1283 unam
3590 1229 3684 1284 vel

2029 1315 2182 1370 duas
2200 1332 2372 1370 voces
2399 1315 2666 1386 tetigerit,
2701 1314 3032 1384 subjugalis
3067 1314 3191 1369 erit.
3240 1314 3444 1370 Omnis
3477 1322 3684 1370 cantus

2029 1404 2183 1460 infra
2212 1404 2451 1460 ﬁnalem
2486 1421 2674 1459 unum
2704 1420 2912 1459 vocem
2964 1402 3214 1469 habens,
3271 1408 3326 1458 et
3355 1419 3536 1474 supra
3563 1403 3686 1458 dia-

2030 1498 2204 1566 pente
2233 1509 2356 1548 non
2388 1493 2636 1556 vadens,
2671 1491 3006 1562 subjugalis
3063 1491 3189 1548 erit.
3251 1489 3456 1547 Omnis
3480 1496 3689 1546 cantus

2031 1583 2087 1637 in
2120 1601 2157 1637 v
2190 1582 2438 1638 vocibus
2469 1587 2699 1637 tantum
2725 1597 2785 1636 se
2816 1581 3126 1636 continens
3148 1585 3341 1652 potest
3369 1596 3496 1634 esse
3525 1595 3687 1634 com-

263 1671 323 1727 di
355 1673 711 1728 sweulorum
743 1686 938 1741 amen,
971 1674 1026 1726 et
1056 1670 1266 1726 ultima
1292 1677 1378 1727 est.
1437 1673 1833 1745 superiorum,
1867 1679 1924 1730 et
1958 1705 2002 1757 Β
2034 1672 2253 1741 munis,
2284 1672 2385 1726 sed
2419 1672 2468 1726 ei
2501 1671 2811 1737 tribuatur,
2858 1670 3031 1740 cujus
3085 1668 3448 1740 frequentior
3504 1667 3687 1723 habe-

264 1760 467 1832 prima
497 1759 932 1816 excellentium.

335 1849 545 1906 Omnis
574 1865 692 1904 vox
714 1847 792 1904 ad
830 1847 944 1904 sibi
971 1847 1228 1904 vicinam
1266 1854 1322 1906 et
1346 1851 1549 1921 jusum
1583 1853 1678 1908 vel
1716 1869 1923 1908 susum

265 1936 656 1992 semitonium
687 1940 778 1991 est
805 1940 909 1992 aut
934 1941 1134 2006 tonus,
1158 1938 1354 1993 omnis
1383 1955 1500 1994 vox
1531 1941 1606 1995 ad
1637 1940 1869 1996 tertiam
1890 1956 1926 1995 a

2035 1766 2150 1818 tus.
2177 1761 2380 1818 Omnis
2404 1766 2617 1816 cantus
2649 1759 2724 1815 ad
2760 1776 2795 1812 v
2841 1774 3016 1813 voces
3045 1774 3167 1812 non
3207 1758 3548 1830 pertingens
3578 1772 3687 1831 pro

2035 1849 2122 1904 sui
2153 1849 2597 1922 imperfectione
2626 1845 2959 1918 subjugalis
2990 1845 3116 1902 erit.

1545 2119 1632 2173 De
1653 2119 1993 2173 inventione
2019 2132 2400 2187 synemenon.

1119 2228 1252 2283 Vult
1276 2229 1358 2285 ita
1391 2247 1767 2303 synemenon
1798 2248 2018 2288 vocum
2057 2231 2315 2303 gravitas
2335 2236 2400 2288 ut
2428 2247 2703 2299 acumen,

1119 2317 1267 2373 Illud
1298 2319 1376 2375 ab
1407 2336 1477 2376 ac
1507 2321 1731 2394 duplici
1763 2321 1978 2394 poterit
2004 2322 2233 2377 ratione
2264 2321 2527 2394 probari.

1121 2407 1374 2480 Respicit
1392 2415 1673 2465 octavum
1703 2411 1848 2483 quia
1873 2410 2101 2483 qumvis
2130 2410 2346 2466 vocula
2371 2426 2624 2465 nervum

1118 2497 1249 2551 Vult
1276 2514 1519 2571 quoque
1553 2515 1928 2570 synemenon
1948 2515 2232 2554 resonare
2265 2516 2444 2553 suum
2477 2498 2770 2569 diapason

1119 2587 1185 2639 Et
1212 2586 1456 2658 propria
1478 2587 1673 2659 specie
1708 2592 1822 2643 stat
1852 2588 2108 2660 quisque
2140 2591 2349 2658 tropus
2376 2586 2653 2658 diapente

1120 2674 1452 2730 Authentus
1479 2692 1681 2748 supra,
1712 2676 1971 2731 lateralis
2004 2675 2186 2730 habet
2215 2691 2360 2728 suus
2391 2674 2562 2728 infra.

1118 2762 1251 2818 Vult
1270 2767 1477 2834 protus
1507 2780 1579 2819 ex
1604 2764 1819 2836 prima,
1848 2764 2094 2820 deutrus
2116 2767 2392 2819 constare
2421 2761 2705 2831 secunda,

1121 2853 1344 2906 Tertius
1371 2868 1443 2908 ex
1473 2853 1604 2908 trita
1635 2855 1853 2926 specie,
1881 2858 2133 2926 quartus
2166 2869 2409 2926 quoque
2437 2856 2671 2925 quarta.
2729 2927 2732 2929 ἓ

1121 2942 1268 2994 Ecce
1299 2941 1454 3012 proti
1484 2941 1675 2998 deutri
1696 2942 1954 2998 lateralis
1984 2943 2119 2998 item
2151 2958 2394 3016 quoque
2416 2941 2550 2996 triti.

1121 3031 1274 3084 More
1299 3045 1409 3085 suo
1434 3031 1562 3100 jam
1587 3047 1708 3086 non
1739 3032 1904 3087 ﬁeret
1944 3032 2056 3087 nisi
2086 3048 2192 3104 per
2220 3046 2614 3102 synemenon.

1120 3117 1184 3172 Id
1211 3122 1423 3174 cantus
1445 3119 1612 3175 multi
1642 3120 1986 3176 solidabunt
2014 3120 2375 3188 Gregoriani.

1123 3207 1420 3279 imperitat
1446 3209 1682 3264 chordis
1709 3209 1917 3281 primis
1946 3215 2154 3282 protus
2175 3210 2233 3265 in
2267 3207 2656 3264 tetrachordis

1123 3295 1350 3351 Scilicet
1378 3301 1422 3351 A
1456 3301 1496 3352 ι)
1529 3301 1568 3354 G
1604 3315 1735 3370 quae
1767 3298 2159 3367 designantur
2184 3304 2240 3354 et
2270 3315 2306 3353 a
2334 3299 2394 3353 d.

1122 3387 1294 3441 Stans
1332 3387 1528 3457 prima
1550 3387 1744 3459 specie
1775 3387 2151 3444 diatessaron
2184 3393 2240 3443 et
2261 3387 2559 3459 diapente.

1122 3474 1212 3530 Sic
1245 3476 1758 3532 tetrachordorum
1786 3494 1963 3533 voces
1997 3477 2178 3534 habet
2208 3477 2356 3533 ordo
2387 3482 2697 3548 troporum

1123 3563 1245 3618 Stat
1273 3563 1495 3620 deutris
1517 3566 1786 3632 deutrus,
1815 3566 1959 3638 quia
1989 3566 2241 3622 vocibus
2273 3569 2339 3620 ut
2369 3564 2682 3636 speciebus

1126 3652 1284 3707 Sicut
1311 3655 1526 3726 cuique
1552 3655 1728 3711 datur
1751 3657 1932 3712 series
1965 3672 2092 3723 sua,
2127 3656 2210 3711 sic
2240 3654 2519 3710 variatur.

1545 3764 1631 3818 De
1660 3764 1957 3831 speciebus
2004 3765 2396 3819 diatessaron.

1123 3847 1193 3902 Se
1214 3847 1491 3922 diapente
1520 3857 1732 3923 quater
1757 3853 1962 3918 variat,
2005 3853 2377 3907 diatessaron
2407 3855 2473 3905 ut
2497 3854 2604 3921 ter,

1127 3939 1250 3994 Stat
1277 3943 1493 3994 natura
1524 3940 1712 3995 tribus
1732 3941 2104 3997 diatessaron
2130 3941 2190 3995 in
2216 3938 2551 4011 speciebus.

1201 4027 1485 4083 Limmate
1515 4029 1711 4100 prima
1738 4035 1882 4085 tono
1912 4033 2146 4085 constat
2166 4028 2444 4098 utrinque
2470 4026 2613 4079 dato

1121 4113 1350 4169 Limma
1384 4117 1652 4172 secunda
1679 4117 1854 4188 tonis,
1880 4117 2190 4190 postponit
2217 4112 2458 4171 formuli
2487 4111 2668 4166 binis.

1191 4202 1381 4258 Tertia
1409 4203 1619 4259 limma
1645 4209 1818 4260 tonos
1841 4205 2092 4261 collocat
2121 4208 2257 4260 ante
2283 4203 2460 4258 duos.

2830 4027 2879 4164 ἒ
2909 4025 2952 4163 Iis):
2983 4026 3006 4164 ἰ
3043 4104 3439 4162 diatessaron.

2836 4196 2949 4248 ΓΟ

1567 4313 1653 4366 De
1682 4312 1982 4381 speciebus
2008 4313 2306 4380 diapente.

1124 4417 1268 4472 Sunt
1298 4417 1378 4473 ita
1411 4418 1702 4474 distinctae
1726 4420 1954 4491 species
1984 4435 2138 4491 quas
2171 4417 2280 4473 fert
2305 4416 2584 4488 diapente

1193 4505 1386 4562 Prima
1416 4507 1482 4563 ﬁt
1507 4525 1578 4562 ex
1605 4508 1832 4576 ditono,
1866 4509 2135 4564 limmate
2157 4507 2231 4563 de
2265 4522 2385 4578 quo
2418 4510 2560 4560 tono
2598 4533 2620 4542 -
2661 4505 2780 4556 uta
2807 4498 2938 4554 l‘ad
2963 4500 3029 4553 D.

1123 4632 1203 4685 Ex
1224 4631 1441 4687 tritono
1473 4632 1685 4688 deutra
1703 4650 1843 4688 cum
1870 4633 2139 4688 limmate
2167 4634 2208 4702 -ξ-
2238 4630 2408 4686 tertia
2431 4632 2661 4683 contra.

1190 4765 1434 4822 Constat
1459 4773 1673 4839 quarta
1705 4773 1863 4836 tono,
1895 4768 2160 4825 limmate
2190 4782 2328 4823 cum
2358 4765 2584 4820 ditono.
2616 4761 2660 4782 "

2769 4615 2810 4684 -ι-
2836 4617 2902 4668 ut
2930 4611 3008 4666 ab
3035 4611 3076 4663 F
3107 4610 3184 4665 ad
3209 4625 3260 4664 c.
3284 4595 3342 4696 ﬁ
3370 4604 3690 4664 mediante,

2769 4697 3274 4798 'mwsmh

2771 4825 2816 4846 '*
2847 4827 2913 4878 ut
2941 4821 3018 4876 ab
3048 4825 3095 4875 A
3121 4819 3194 4875 ad
3230 4822 3271 4874 E
3290 4831 3495 4887 grave.

1509 4967 1595 5022 De
1625 4966 2091 5036 proprietatibus
2126 4971 2454 5035 troporum.

1131 5070 1412 5127 Nobilitas
1441 5073 1619 5144 primi
1647 5074 1818 5145 juvat
1847 5072 2274 5143 anfractusque
2306 5067 2554 5123 secundi

1130 5162 1333 5230 Quarti
1363 5162 1678 5231 garrulitas
1709 5162 1924 5235 placet,
1953 5167 2010 5218 et
2034 5168 2135 5218 tua
2163 5161 2289 5217 trite
2317 5157 2594 5232 voluptas

1469 5270 1582 5325 Ubi
1609 5269 2060 5325 tetrachordum
2090 5273 2146 5322 et
2171 5267 2489 5321 diezeuxis.

1133 5381 1211 5434 Ex
1233 5379 1325 5434 his
1357 5383 1399 5434 Ι)
1429 5380 1471 5434 G
1496 5379 1537 5433 d
1569 5376 1944 5433 tetrachorda
1976 5376 2262 5430 notantur
2284 5369 2560 5439 utrinque

1133 5472 1286 5524 Inter
1318 5471 1359 5524 G
1393 5467 1570 5522 simul
1600 5473 1646 5521 Λ
1675 5465 1965 5521 diezeuzis
1995 5463 2088 5519 bis
2118 5463 2279 5534 patet
2309 5473 2449 5513 una.

1665 5575 1753 5629 De
1801 5574 1883 5628 VI
1915 5568 2306 5643 symphoniis.

1139 5683 1525 5760 Symphoniae
1549 5681 1778 5755 simpla:
1793 5684 1934 5738 sunt
1951 5684 2065 5736 tres
2071 5675 2341 5750 ,totidem
2365 5687 2608 5746 quoque
2623 5672 2847 5743 junctae
