3980 6176
339 206 443 270 443

1217 200 1475 264 ANNAL.
1517 198 1957 264 HlLDESHElM.
2000 198 2195 272 QUED‘

2125 200 2373 263 BDLINB.
2415 200 2805 264 WEISSEMB.
3638 198 3736 259 444

1194 333 1495 406 Diapason
1526 332 1776 405 simplae,
1802 331 2194 401 diatessaron,
2228 335 2284 388 et
2313 331 2589 406 diapente

1193 424 1479 480 Dicuntur
1496 423 1737 493 junctae,
1764 421 2062 493 diapason
2085 437 2222 476 cum
2246 421 2523 495 diapente

1191 517 1339 571 Cum
1368 512 1647 584 diapente
1681 515 1875 578 tonus,
1908 509 2281 567 diatessaron
2307 511 2385 566 ad
2410 512 2724 585 diapason.

1526 602 1610 657 De
1634 600 1985 670 cognatione
2008 599 2175 669 proli
2197 607 2250 656 et
2272 601 2543 656 tetrardi.

1192 690 1335 747 Hinc
1366 693 1470 746 aut
1497 689 1636 745 inde
1665 693 1895 757 tonum,
1922 688 1966 742 si
1987 688 2255 759 junxeris
2278 689 2357 744 ad
2383 688 2825 745 tetrachordum

1192 780 1293 836 Vel
1320 780 1516 852 prima
1543 778 1756 851 specie,
1790 780 2074 852 quartave
2104 777 2282 833 datur
2310 778 2586 850 diapente

1192 869 1334 925 Inde
1365 868 1663 942 prioratus
1693 866 1871 940 primi
1900 870 2063 939 patet
2093 870 2271 938 atque
2298 864 2555 922 tetrardi.

357 1045 2477 1078 Μ

2485 1036 3739 1072 W

1714 1195 1871 1235 CIBCA
1912 1195 2096 1234 ANNUM
2134 1194 2374 1235 EUMDEM.

988 1350 1655 1477 ANNALES
1733 1351 3116 1475 HILDESHEIMENSES

620 1624 2013 1785 QUEDLINBURGENSES,
2106 1619 3513 1761 WEISSiiMBURGENSES

1448 2041 2660 2183 LAMBERTI.

1766 2300 1993 2370 PARS
2045 2300 2341 2369 PRlOR.

837 2502 1033 2575 (Apud
1055 2504 1119 2559 D.
1154 2504 1330 2569 Pertz,
1362 2500 1748 2557 Monumenta
1771 2500 2108 2556 Germaniae
2132 2499 2439 2569 historica,
2468 2497 2660 2567 Scrip.
2690 2501 2835 2553 tom.
2884 2500 2975 2569 111,
3004 2512 3143 2569 pag.
3181 2497 3291 2568 18.)

1462 2784 1842 2879 ADMON
1858 2784 2085 2879 ITIO
2196 2788 2681 2880 PR/EVIA.

417 3020 834 3076 Monasterium
856 3020 1401 3094 Herolfesfeldense,
1436 3022 1644 3095 primis
1676 3022 1869 3079 Caroli
1891 3026 2002 3080 Ma-
2041 3029 2085 3081 A
2113 3024 2297 3098 partis
2327 3025 2738 3081 auctoritatem
2764 3036 2835 3079 ex
2888 3022 3149 3079 fontibus
3209 3023 3337 3092 ejus
3384 3025 3567 3077 totam
3628 3039 3777 3095 pen-

347 3109 448 3181 gni
476 3110 648 3165 annis
678 3126 713 3167 a
745 3111 906 3168 Lullo
933 3112 1385 3185 archiepiscopo
1419 3112 1735 3168 fundatum
1762 3114 2009 3187 opibus-

349 3214 467 3271 que
505 3198 778 3272 plurimis
808 3202 1083 3269 ditatum,
1140 3201 1438 3258 Ludovico
1470 3206 1489 3257 1
1520 3203 1851 3276 imperante
1899 3208 2010 3259 Ané

349 3288 590 3344 nalibus
621 3289 912 3361 originem
938 3290 1119 3358 dedit,
1155 3291 1257 3364 qui
1276 3296 1474 3365 prima
1501 3292 1592 3347 sui
1620 3297 1787 3365 parte
1818 3306 2008 3364 nsque

350 3379 427 3436 ad
450 3397 504 3436 a.
529 3385 631 3437 829
660 3381 954 3437 chronicis
982 3382 1191 3438 Isidori
1213 3383 1290 3454 (1)
1321 3388 1377 3438 et
1396 3384 1564 3439 Bedne
1588 3384 1661 3454 (2)
1681 3383 2009 3439 Annalibus

348 3466 833 3524 Murbacensibus
862 3470 1072 3540 quales
1105 3471 1405 3543 hodieque
1431 3471 1492 3525 in
1543 3472 2011 3527 Laureshamen-

351 3550 517 3606 sibus
545 3557 619 3620 (3)
646 3559 703 3610 et
757 3557 1097 3612 Nazarianis
1147 3559 1224 3628 (4)
1279 3563 1617 3630 supersunt,
1675 3558 2015 3630 Annalibus-

351 3640 839 3698 Laurissensibus
914 3644 1250 3701 minoribus
1300 3628 1377 3717 (5)
1427 3651 1605 3719 atque
1678 3628 2008 3703 Annalibus

351 3726 833 3785 Laurissensibus
859 3732 932 3803 (6)
956 3736 1013 3787 et
1038 3733 1315 3789 Einhardi
1346 3734 1419 3804 (7)
1446 3734 1852 3807 superstructi,
1869 3734 2007 3790 inde

351 3814 430 3870 ab
455 3831 616 3872 anno
646 3821 749 3873 830
776 3835 967 3892 usque
994 3821 1073 3877 ad
1096 3838 1151 3877 a.
1203 3824 1308 3878 973
1335 3828 1390 3878 et
1415 3827 1518 3879 984
1548 3823 1626 3878 ab
1665 3824 2007 3880 auctoribus

350 3918 458 3976 per
488 3906 705 3962 saecula
725 3924 953 3964 nonum
982 3914 1036 3966 et
1065 3910 1368 3966 decimum
1412 3911 1522 3968 sibi
1552 3912 2008 3969 succedentibus

352 3998 491 4049 sunt
514 3995 808 4067 producti.
836 3999 1017 4055 Priori
1046 4000 1199 4075 parti
1220 4001 1458 4057 notitias
1483 4002 1716 4074 aliquas
1740 4018 1814 4058 ex
1833 4002 2008 4057 Beda:

353 4082 604 4139 Historia
670 4086 1073 4146 ecclesiastica
1128 4088 1481 4162 desumptas
1535 4092 1606 4160 (8)
1654 4090 1831 4146 inseri
1879 4091 2007 4161 jam

352 4171 842 4243 Lappenbergius
888 4176 947 4231 in
1008 4177 1341 4234 Annalibus
1393 4179 1610 4234 nostris
1637 4179 1714 4251 (9)
1739 4180 2007 4247 monuit;

351 4272 562 4329 paucae
592 4264 824 4318 tantum
853 4264 1240 4322 offenduntur
1270 4284 1343 4323 ex
1398 4268 1585 4323 nostis
1619 4267 2009 4325 Fuldcnsibus

352 4346 712 4421 desumptze,
761 4369 871 4408 nec
931 4354 1044 4410 nisi
1094 4372 1213 4412 una
1264 4358 1339 4413 ad
1394 4357 1801 4414 Hersfeldense
1884 4375 2011 4414 mo-

350 4440 677 4495 nasterium
730 4443 1058 4514 pertinens,
1108 4461 1299 4518 eaque
1350 4447 1513 4503 haud
1582 4463 1656 4502 ex
1710 4445 1870 4502 fonte
1897 4463 2003 4502 an-

350 4525 517 4600 tiquo
544 4529 645 4585 sed
677 4546 749 4586 ex
777 4530 909 4587 loco
958 4530 1116 4589 male
1173 4532 1466 4590 intellecto
1517 4533 1578 4589 in
1630 4533 1757 4590 Vita
1788 4535 2006 4592 Sturmi

351 4609 588 4672 abbatis
653 4614 960 4676 Fuldensis
1018 4618 1279 4679 delibata
1347 4628 1479 4691 (10).
1532 4626 1733 4695 Itaque
1794 4622 2005 4697 prioris

433 4742 503 4814 (l)
536 4743 733 4815 Origg.
766 4739 868 4815 lib.
900 4763 959 4812 v,
992 4748 1080 4803 39.

421 4812 499 4892 (‘2')
523 4812 724 4892 latine
755 4812 1046 4873 librorum
1081 4821 1158 4874 De
1219 4819 1589 4892 temporibus
1620 4824 1676 4875 et
1722 4820 1795 4875 de
1827 4824 1865 4875 t.
1893 4824 2002 4875 rat.

388 4886 609 5017 tegmen
643 4903 695 4943 e.
729 4903 786 4958 g.
819 4904 1013 4944 annos
1039 4894 1165 4959 717,
1207 4886 1485 4957 748,’781,
1536 4894 1638 4946 786
1686 4906 1878 4963 usque
1903 4895 1995 4946 791

350 4975 410 5017 ει
455 4975 567 5014 ιυῡ.

443 5028 495 5105 4)
529 5027 610 5105 gf.
643 5045 694 5085 e.
719 5045 776 5100 ε.
811 5045 1003 5087 annos
1033 5034 1157 5099 709,
1190 5036 1316 5098 710,
1356 5037 1622 5105 725,752,

444 5100 498 5170 5)
519 5099 600 5156 Cf.
627 5115 681 5154 a.
710 5099 835 5170 738,
866 5105 992 5172 746,
1033 5106 1158 5172 750,
1213 5107 1338 5173 753,
1371 5099 1495 5174 754',
1537 5107 1821 5174 755,758,
1878 5108 2004 5172 765,

351 5144 1158 5298 77'8'I’7'7ij’78'7‘j’
1186 5144 1338 5241 783"]
1367 5144 1495 5242 έόῑζ
1545 5144 1669 5241 8ὃί
1704 5144 1846 5243 856,
1879 5144 2005 5245 867:

468 5282 481 5308 ,
514 5282 637 5296 νιν.

425 5310 620 5389 (6)__(;f._
646 5326 696 5365 e.
743 5326 799 5379 g.
834 5315 959 5389 77ft»,
1007 5318 1130 5382 776,
1185 5319 1308 5379 778,
1342 5319 1466 5384 782,
1494 5320 1596 5371 799
1629 5333 1640 5381 ;
1674 5320 1731 5371 et
1757 5315 1819 5371 in
1848 5318 2003 5373 Ann.

351 5380 1009 5449 Quedlinburgensibus
1067 5380 1125 5441 ai
1174 5380 1476 5454 775—780,
1524 5380 1826 5453 782—784,
1884 5391 2005 5456 788,

348 5458 473 5519 789,
498 5456 621 5519 793,
650 5458 775 5521 794,
798 5459 1102 5521 798-800,
1133 5460 1255 5512 805.

421 5525 495 5595 (7)
526 5525 607 5602 gf.
637 5539 705 5602 a_._
726 5529 851 5594 792,
898 5528 1021 5602 895,
1078 5531 1201 5595 813,
1240 5532 1342 5602 818
1375 5545 1506 5602 sqq.
1564 5545 1751 5601 usque
1795 5532 1921 5600 829,
1954 5533 2010 5585 et

348 5610 489 5652 ann.
523 5594 728 5662 Quedl.
762 5611 819 5652 a.
852 5600 977 5662 790,
1001 5594 1126 5662 795,
1149 5603 1205 5655 et
1228 5599 1397 5656 alios.

419 5638 733 5740 "(8)1758,
762 5638 840 5725 ἓξ
862 5638 1453 5740 ﬁagﬁtt’ﬁfm,
1485 5684 1541 5728 a.
1568 5675 1696 5743 727,
1727 5674 1852 5741 789,
1870 5673 1998 5740 732,

2117 3114 2255 3169 dere
2310 3113 2479 3170 facile
2536 3113 2926 3182 intelligitur;
2964 3110 3145 3166 altera
3192 3109 3452 3179 genuina
3508 3125 3614 3181 per
3648 3129 3781 3167 ma-

2114 3203 2307 3273 jorem
2358 3203 2555 3258 saeculi
2629 3202 2773 3256 noni
2828 3199 3164 3270 decimique
3229 3207 3459 3270 partem
3515 3198 3784 3255 decurrit

2121 3295 2251 3365 (11).
2288 3292 2545 3347 Priorem
2569 3290 2631 3346 in
2655 3288 2985 3344 Annalibus
3018 3286 3408 3342 Fuldcnsibus
3467 3286 3526 3341 in
3558 3286 3777 3344 biblio-

2118 3383 2288 3437 theca
2342 3384 2698 3436 Batavorum
2770 3376 3153 3447 Lugdunensi
3236 3392 3272 3432 a
3336 3392 3432 3431 me
3500 3376 3775 3447 evolutis,

2119 3475 2243 3526 tum
2297 3470 2356 3525 in
2412 3467 2822 3532 Lobiensibus,
2905 3465 3463 3524 Monasteriensibus
3542 3465 3774 3522 Alsatiae

2116 3558 2218 3631 qui
2245 3575 2317 3613 ex
2349 3554 3039 3625 Weissemburgensibus
3099 3552 3418 3621 ﬂuxerunt,
3452 3557 3508 3610 et
3548 3554 3612 3609 in
3660 3558 3773 3612 Ma-

2117 3647 2286 3701 riano
2315 3647 2486 3702 Scoto
2515 3644 2827 3716 repetitam
2856 3643 2948 3698 vel
2988 3642 3187 3715 potius
3246 3646 3611 3715 excerptam,
3645 3660 3771 3699 mo-

2117 3736 2245 3792 nuit
2270 3734 2552 3791 Waitzius
2585 3736 2694 3806 (t2)
2731 3754 2743 3801 ;
2779 3739 2967 3789 totum
3028 3749 3169 3788 vero
3225 3736 3425 3804 optus,
3460 3736 3615 3788 certe
3645 3746 3773 3804 par-

2116 3830 2233 3882 tem
2266 3826 2395 3895 ejus
2423 3841 2560 3897 quae
2589 3823 2837 3879 maximi
2874 3822 3151 3879 facienda
3198 3826 3305 3885 est,
3336 3822 3773 3893 exscripserunt

2114 3915 2412 3971 annalista
2438 3912 2951 3969 Halberstadensis
2978 3916 3033 3967 et
3074 3911 3685 3981 Weissemburgensis.
3710 3912 3770 3965 Et

2117 4004 2298 4074 hujus
2341 4003 2587 4075 quidem
2645 4018 2823 4075 opus,
2873 4006 3049 4057 antea
3112 4000 3350 4056 nonnisi
3409 3999 3703 4073 excerptis
3736 4013 3769 4053 a

2119 4092 2539 4148 Wurdtweinio
2564 4090 2886 4164 propositis
2926 4094 3039 4160 (13)
3091 4095 3319 4155 notum,
3355 4089 3657 4159 integrum
3714 4086 3766 4142 in

2119 4180 2322 4237 codice
2363 4180 2507 4236 olim
2559 4178 3163 4250 Weissemburgensi,
3211 4195 3265 4234 a.
3317 4182 3452 4234 1560
3483 4177 3560 4233 ab
3606 4181 3764 4233 Joan.

2112 4270 2343 4339 «ΑΕ-80110
2378 4286 2415 4325 a
2472 4269 2840 4338 Knorringen
2897 4268 3271 4324 bibliotheczn
3320 4264 3768 4337 Ingolstadiensi

2049 4383 2087 4436 Β
2116 4359 2296 4425 illato,
2330 4362 2387 4416 et
2417 4374 2537 4413 una
2565 4374 2704 4413 cum
2730 4373 2800 4414 ea
2815 4358 2944 4429 jam
2972 4356 3033 4411 in
3079 4355 3440 4412 bibliotheca
3487 4353 3767 4413 universi-

2112 4447 2247 4505 tatis
2277 4445 2452 4517 regiae
2500 4446 2863 4503 Monacensis
2906 4446 3166 4511 condito,
3220 4445 3421 4501 inveni
3475 4450 3659 4517 atque
3710 4444 3764 4499 in

2113 4552 2258 4591 usus
2284 4540 2519 4590 nostros
2553 4532 2742 4589 retuli.
2799 4533 3025 4606 Excipit
3077 4532 3157 4589 ibi
3199 4532 3383 4588 libros
3424 4533 3664 4589 Eusebii
3717 4535 3767 4587 et

2115 4623 2403 4696 Prosperi,
2437 4627 2615 4695 atque
2645 4621 2905 4691 margini
2936 4622 3240 4695 cyclorum
3273 4622 3764 4679 decennovenna—

2113 4751 2239 4814 735,
2270 4762 2342 4802 ex
2369 4747 2470 4802 ub.
2500 4763 2556 4813 v,
2590 4763 2640 4801 c.
2675 4749 2787 4818 74.,
2820 4751 2888 4802 2t
2918 4750 2974 4802 et
2999 4763 3139 4821 app.

2208 4824 2262 4889 9)
2294 4822 2352 4874 T.
2385 4821 2470 4888 Vl,
2505 4835 2565 4890 p.
2599 4822 2721 4890 638,

2328 4894 2371 4970 ξ.
2425 4888 2526 4970 736
2560 4888 2783 4970 ert-Vita
2807 4891 2862 4945 S.
2898 4889 3114 4970 _Stu_rmi
3146 4904 3277 4970 cap:
3310 4895 3362 4970 5,
3395 4894 3447 4970 6,

2214 4960 2295 5032 11)
2326 4963 2466 5026 Ome
2486 4960 2556 5033 _i_n_
2584 4960 2765 5015 aliam
2785 4960 3137 5033 sententiam
3166 4960 3275 5015 viri
3295 4961 3453 5016 docti
3502 4960 3764 5033 disputa-

2116 5029 2374 5099 runt,’ea
2416 5031 2562 5086 mihi
2610 5047 2734 5087 non
2786 5032 3087 5099 arrident;
3131 5047 3275 5087 nam
3304 5048 3414 5087 nec
3453 5029 3763 5101 Reginonis

2116 5103 2590 5159 continuatorem
2620 5117 2729 5158 nec
2759 5102 3007 5159 annales
3037 5102 3418 5158 Corbeienses
3448 5103 3601 5159 inter
3638 5102 3761 5157 fon-

2116 5179 2203 5255 tes
2238 5170 2736 5255 llemfeldensidm
2790 5189 3075 5255 agnosce,
3130 5177 3273 5255 etut
3320 5174 3761 5255 ra_tiqnes_pro-

2116 5244 2329 5300 ductas
2362 5244 2543 5300 verbo
2583 5243 2893 5312 attingam,
2926 5243 3220 5300 dedicatio
3272 5244 3533 5300 ecclesize
3581 5243 3761 5300 Trevi-

2115 5316 2304 5371 rensis
2331 5332 2438 5388 per
2463 5320 2649 5371 totam
2681 5321 2835 5371 certe
2857 5316 3246 5388 Germaniam
3267 5316 3532 5381 celebris,
3554 5386 3566 5388 4
3584 5313 3758 5388 etad-

2116 5386 2734 5472 ventus'ngarorum
2762 5403 2952 5472 usque
2979 5388 3056 5443 ad
3102 5387 3358 5472 ‘l‘uld‘axn
3402 5386 3758 5472 tlersfelden-

2118 5458 2282 5512 sibus
2309 5458 2554 5513 maximi
2583 5457 2869 5514 momenti
2897 5462 3073 5529 atque
3102 5457 3269 5514 haud
3319 5457 3502 5514 dubie
3532 5457 3755 5513 notissi-

2117 5546 2253 5585 mus
2280 5533 2423 5585 erat.

2189 5601 2302 5672 (12)
2335 5600 2427 5672 Cf.)
2450 5598 2707 5672 Annales
2735 5604 2991 5672 nostros,
3013 5603 3048 5655 t.
3080 5602 3170 5656 Vl.

2190 5675 2301 5744 (l3)
2333 5671 2609 5729 Subsidia
2636 5671 2780 5745 dipl.
2812 5674 2922 5741 Xll,
2958 5673 3053 5728 134
3084 5687 3217 5746 sqq.

2187 4822 2202 5031 ἒ
