3986 6178
103 181 206 234 με

99 397 363 458 exeunte,
401 409 553 449 anno
577 394 810 450 circiter
843 400 1004 466 1075,
1034 397 1342 468 adjectum
1376 403 1466 455 est
1499 418 1511 467 ;
1571 399 1762 456 altera

100 486 300 538 tamen
330 498 511 539 manu
540 483 694 540 circa
725 501 782 541 a.
820 490 952 542 1087
986 486 1206 543 inserta
1242 495 1387 546 sunt
1440 489 1761 559 nonnulla,

102 589 232 644 quae
256 572 448 630 littera
477 573 718 647 obliqua
739 575 1140 633 describenda
1171 579 1544 648 curavimus,
1580 580 1765 637 omisi

102 661 176 716 sis
201 662 429 718 scilicet
457 664 800 721 nominibus
858 667 1295 741 imperatorum
1351 669 1608 727 Orientis
1665 685 1767 725 us-

97 767 211 823 que
239 751 319 806 ad
346 753 638 808 Basillium
667 758 725 810 et
753 757 1207 813 Constantinum
1261 775 1406 815 cum
1453 775 1567 816 avo
1608 763 1766 816 Con-

99 839 356 896 stantino
382 846 435 896 et
461 847 621 914 patre
643 845 916 900 Romano
935 862 1092 902 anno
1110 851 1220 920 976
1248 853 1596 914 coronatos,
1630 863 1772 904 nec-

95 945 218 984 non
247 929 697 1002 imperatoribus
730 935 1015 990 Romanis
1046 951 1118 991 ex
1164 937 1448 1007 catalogo
1487 937 1772 1010 quodam

97 1018 430 1091 desumptis
461 1025 632 1092 atque
661 1024 891 1093 passim
922 1039 1028 1096 pro
1057 1025 1227 1081 libitu
1257 1027 1558 1098 ascriptis.
1625 1025 1771 1082 Ulti-

95 1123 196 1163 ma
217 1113 477 1180 quatuor
500 1109 717 1166 codicis
743 1111 885 1168 folia
904 1113 1159 1170 Annales
1190 1114 1618 1170 Laurissenses
1653 1113 1770 1184 (14)

93 1197 358 1253 minores
389 1199 748 1256 recensionis
779 1203 1092 1258 Remensis
1123 1208 1263 1271 (15),
1295 1205 1505 1259 excisa
1531 1202 1777 1276 pagina

93 1302 147 1341 a.
181 1291 306 1353 716,
340 1302 480 1342 voce
507 1289 893 1358 Regin/‘ridus
913 1290 1262 1363 incipientes
1284 1292 1598 1348 exhibent.
1649 1295 1776 1345 An-

89 1375 256 1431 nales
287 1392 476 1448 usque
503 1377 578 1433 ad
607 1393 661 1433 a.
692 1382 797 1434 984
827 1395 898 1435 ex
928 1381 1129 1436 codice
1182 1380 1598 1437 Hersfeldensi
1654 1379 1774 1434 ilu-

88 1465 262 1530 xisse,
295 1466 536 1538 reliqua
598 1481 736 1523 vero
783 1468 843 1524 in
898 1471 1264 1526 monasterio
1317 1469 1775 1526 Weissembur-

91 1555 251 1622 gensi
279 1555 508 1626 addita,
541 1572 610 1610 ex
651 1557 1141 1614 adnotationibus
1174 1560 1324 1632 ipsis
1356 1563 1629 1626 constat;
1659 1573 1773 1614 no—

1021 181 1110 238 ET
1143 179 1490 241 LAMBERTI
1526 175 2116 245 ASCHAFNABURG.
2157 190 2336 250 PARS
2373 192 2605 253 PRIOR.

101 301 244 358 lium
274 302 526 375 Dionysii
563 303 640 402 ab
667 319 724 402 a.
761 309 867 361 532
917 306 1335 378 incipientium
1396 307 1617 365 saeculo
1672 325 1755 376 x1,
1799 313 1850 366 A
1879 317 1986 402 993
2023 329 2060 370 a
2119 315 2409 389 scriptore
2467 319 2962 380 Hildesheimensi
3014 329 3350 402 compOsita
3414 327 3530 401 (20)

3440 203 3550 262 448

3537 372 3552 398 9

1873 393 2012 472 ipso
2039 407 2307 476 tempore
2336 412 2602 477 exarata,
2635 414 2693 465 et
2721 413 3133 485 compluribus
3153 393 3324 473 -locis
3359 393 3440 475 ab
3473 393 3557 474 al;-

1871 494 2002 546 tero
2031 493 2236 548 saeculi
2267 495 2484 552 decimi
2529 497 2817 570 scriptore
2874 501 3286 562 additionibus
3348 508 3551 581 aucta,

1871 581 2118 637 nonnisi
2142 581 2282 639 inde
2313 584 2392 640 ab
2420 601 2476 641 a.
2505 590 2609 664 814
2638 589 3034 660 exprimenda
3063 599 3208 666 erat,
3242 607 3383 654 cum
3437 612 3552 654 nec

1873 670 2175 727 Isidorum
2203 687 2315 728 nec
2369 675 2633 732 Annales
2686 679 3099 738 Laurissenses
3142 685 3407 742 minores
3451 686 3552 744 hic

1873 757 2096 814 iterum
2117 761 2330 817 excudi
2351 765 2550 836 operis
2579 767 2772 822 nostri
2791 769 2944 824 ratio
2964 778 3273 843 posceret;
3307 774 3384 832 de
3439 791 3548 833 au-

1876 851 2040 904 ctore
2069 850 2200 920 ejus
2230 851 2479 909 minime
2509 860 2759 913 constat.
2796 860 2908 914 Nec
2930 859 3127 931 magis
3155 863 3551 922 continuatio-

1877 953 2030 993 num
2060 953 2254 1012 usque
2285 941 2362 996 ad
2393 959 2446 998 a.
2480 946 2611 1000 1109
2658 950 2929 1003 auctores
2959 951 3256 1018 novimus,
3319 952 3551 1010 Hildes-

1880 1025 2221 1082 heimenses
2262 1034 2438 1100 certe,
2467 1033 2572 1088 sed
2601 1049 2866 1106 quorum
2909 1040 3159 1096 nomina
3183 1041 3550 1101 obscuritate

1880 1113 2149 1202 indebita
2177 1125 2552 1190 premuntur.
2585 1125 2779 1180 Unum
2801 1130 3002 1182 tamen
3033 1127 3282 1188 fortasse
3310 1131 3550 1205 Thang—s

1882 1217 2124 1260 marum
2154 1209 2442 1281 excipias,
2479 1212 2744 1268 ecclesiae
2776 1215 3301 1276 Hildesheimensis
3327 1221 3549 1281 biblio-

1883 1293 2216 1352 thecarium
2242 1303 2299 1353 et
2320 1300 2642 1372 notarium,
2695 1304 3036 1362 Bernwardi
3083 1307 3348 1382 episcopi
3389 1327 3549 1384 pras-

1883 1388 2206 1455 ccptorem,
2232 1388 2516 1460 amicum,
2550 1395 2606 1445 et
2628 1390 2891 1461 legatum
2919 1393 2998 1450 ad
3039 1397 3312 1453 Ottonem
3367 1401 3434 1455 Ill
3489 1404 3551 1457 et

1885 1472 2250 1544 Sylvestrum
2281 1479 2325 1530 ll
2351 1489 2597 1550 papam,
2621 1480 2725 1552 qui
2750 1497 2888 1536 cum
2921 1485 3279 1542 Bernwardo
3307 1485 3547 1546 vivente

1880 1565 2048 1631 gesta
2079 1563 2208 1633 ejus
2239 1565 2514 1634 colligere
2555 1583 2878 1638 aggressus
2913 1570 3004 1638 sit,
3037 1577 3094 1628 et
3116 1573 3178 1629 in
3219 1574 3345 1632 Vita
3392 1578 3548 1650 epiS-

90 1643 253 1698 mina
283 1647 707 1717 episcoporum
731 1647 1096 1719 Spirensium
1127 1649 1356 1705 saeculo
1387 1663 1449 1705 x1
1507 1653 1766 1706 exeunte
1809 1668 1846 1722 Β
1877 1654 2033 1726 copi,
2063 1653 2324 1726 plurima
2355 1656 2565 1712 iisdem
2597 1659 2776 1730 plane
2806 1661 3002 1717 verbis
3039 1662 3262 1736 quibus
3313 1663 3375 1721 in
3425 1643 3546 1722 An-

95 1731 298 1789 addita
327 1738 488 1790 sunt.

159 1821 318 1878 Alter
347 1823 450 1895 qui
473 1823 720 1880 annales
769 1826 1210 1883 Hersfeldenses
1267 1829 1604 1902 exscripsit,
1661 1845 1766 1884 an~

91 1910 316 1966 nalista
364 1911 578 1969 scilicet
619 1915 1172 1986 Halberstudensis,
1229 1921 1297 1973 ut
1347 1917 1586 1990 Opinor,
1631 1917 1763 1990 ipse

87 1999 344 2092 quidem
373 2000 676 2092 hucusque
707 2003 864 2070 latet,
881 2005 995 2092 ε,θά
1025 2005 1086 2060 in
1114 2009 1288 2078 parte
1321 2005 1765 2078 antiquioriano

85 2088 322 2144 nalium
371 2088 954 2148 Hildesheimensium
1000 2098 1057 2149 et
1101 2093 1761 2164 Quedlinburgensium

87 2191 284 2250 usque
314 2178 394 2233 ad
453 2195 490 2234 a
541 2185 667 2250 993,
723 2181 782 2237 in
829 2181 1189 2255 Thietmaro,
1249 2183 1313 2238 in
1347 2183 1660 2239 Annalista
1707 2190 1764 2242 et

87 2267 563 2342 Chronographo
597 2271 926 2327 Saxonibus
966 2273 1102 2343 (16),
1161 2271 1333 2345 apud
1386 2273 1761 2330 monachum

87 2359 536 2413 Sassawensem
566 2359 674 2430 (17)
706 2364 762 2415 et
806 2359 865 2416 in
923 2361 1222 2418 Chronico
1275 2361 1762 2420 Halberstadensi

90 2450 195 2516 (18)
224 2453 412 2520 atque
438 2447 738 2504 Staindelii
769 2451 876 2520 (19)
903 2451 1382 2521 recognoscitur.
1417 2454 1580 2515 Quos
1609 2451 1764 2507 inter

87 2536 352 2591 Annales
397 2536 926 2595 Hildesheimenses
973 2541 1036 2595 in
1089 2541 1300 2596 codice
1355 2541 1758 2613 autographo,

80 2625 208 2696 jam
229 2625 403 2695 regio
428 2626 692 2682 Pariensi
711 2642 961 2684 numero
991 2633 1155 2697 6114,
1202 2629 1348 2685 olim
1406 2633 1566 2696 1031,
1625 2633 1760 2686 1125

85 2720 138 2768 et
177 2719 324 2771 5993
373 2715 631 2784 signato.
685 2717 1170 2784 membranaceo,
1226 2717 1398 2784 in-li”,
1460 2717 1663 2772 seaculi
1720 2735 1762 2776 x

84 2803 364 2858 exeuntis
394 2821 458 2858 x1
486 2808 540 2860 et
569 2821 648 2860 xu
670 2806 1031 2878 superstites,
1055 2810 1196 2880 post
1245 2807 1378 2862 Rufi
1436 2806 1592 2863 Festi
1630 2806 1763 2864 bre-

85 2893 351 2949 viarium
376 2890 602 2950 librum
633 2895 912 2952 exhibent
939 2895 1015 2952 de
1045 2898 1257 2952 ordine
1291 2901 1657 2970 temporum,
1687 2915 1760 2955 ex

83 2984 294 3039 lsidori
345 2983 714 3056 Hispalensis
770 2987 1083 3057 Chronico,
1136 2987 1474 3043 Annalibus
1533 2989 1762 3044 Laur-is-
1795 3025 1834 3080 Ο

85 3073 373 3128 sensibus
404 3073 740 3129 minoribus
768 3079 826 3130 et
855 3075 1186 3132 Annalibus
1241 3076 1760 3142 Hersfeldensibus

85 3177 286 3234 usque
313 3162 394 3218 ad
429 3178 486 3218 a.
529 3166 630 3218 993
685 3164 1032 3234 conﬂatum,
1081 3171 1262 3238 atque
1317 3181 1504 3220 manu
1559 3167 1760 3224 saeculi

80 3252 307 3308 decimi
338 3254 768 3326 conscriptum,
800 3269 983 3326 quem
1013 3254 1264 3310 diversae
1295 3255 1432 3310 inde
1449 3255 1760 3314 continua-

81 3343 282 3396 tiones
313 3341 602 3398 manibus
631 3343 880 3398 diversis
907 3349 964 3400 et
990 3360 1050 3399 se
1098 3343 1359 3399 invicem
1418 3343 1760 3416 excipienti-

75 3432 202 3486 bus
240 3436 527 3497 exaratis,
561 3447 750 3504 usque
810 3433 887 3488 ad
940 3433 1197 3488 Lotharii
1257 3437 1322 3488 lli
1381 3433 1760 3506 imperatoris

77 3520 323 3575 obitum
347 3519 824 3592 subsequuntur.
863 3521 1102 3577 Librum
1131 3537 1167 3576 a
1200 3521 1451 3578 Chesnio
1493 3522 1760 3595 primum

75 3609 138 3663 in
177 3610 275 3664 SS.
309 3607 633 3674 Francicis,
666 3611 704 3663 t.
743 3612 826 3674 Ill,
861 3613 986 3674 540,
1017 3609 1243 3682 publici
1257 3609 1408 3680 juris
1434 3610 1660 3666 factum
1676 3611 1762 3667 in-

73 3699 280 3770 deque
313 3715 350 3754 a
387 3698 674 3753 Leibnitio
698 3701 795 3755 SS.
826 3701 1073 3755 Brunsv.
1133 3704 1173 3765 Ι,
1227 3705 1352 3767 711,
1418 3701 1756 3773 repetitum,

78 3803 251 3844 anno
287 3792 427 3843 1827
461 3787 698 3843 Parisiis
728 3789 944 3844 iterum
973 3789 1192 3852 evolvi,
1218 3790 1574 3862 mendisque
1615 3805 1760 3864 pur-

77 3881 298 3941 gatum
323 3877 459 3947 jam
484 3875 776 3932 sistimus.
801 3877 966 3932 Prior
995 3877 1126 3948 ejus
1156 3893 1298 3950 pars
1332 3891 1524 3950 usque
1570 3879 1648 3934 ad
1701 3894 1756 3936 a.

152 4023 268 4082 114)
298 4027 366 4076 Α.
405 4022 508 4075 807
539 4020 666 4074 haec
688 4020 956 4075 addunt:
1004 4026 1138 4090 post
1193 4036 1362 4091 quem
1421 4021 1580 4077 alius
1621 4023 1757 4076 Gri-

75 4092 360 4149 moatdus
391 4093 756 4147 sucressitin
781 4107 1054 4160 regnum,
1083 4098 1262 4163 atque
1315 4093 1546 4148 studuit
1591 4095 1756 4150 inra-

71 4165 214 4220 dere
237 4165 374 4220 alia
409 4178 602 4236 regna
624 4164 1028 4236 sinejussione
1057 4169 1212 4233 regis
1231 4177 1252 4234 ,'
1279 4179 1441 4219 anno
1463 4166 1564 4218 814
1586 4178 1756 4236 aeque

73 4251 141 4290 ac
176 4234 506 4291 Bernensis
528 4239 682 4288 recte
711 4233 894 4289 habet
923 4236 1226 4290 constituit
1241 4237 1398 4303 ﬁlios
1421 4251 1555 4290 suos
1579 4233 1756 4292 duces

71 4308 419 4378 Pippinum
455 4305 518 4360 in
547 4305 898 4376 Aquitania,
940 4306 1337 4362 Hild/larium
1372 4307 1435 4361 in
1476 4307 1751 4376 Bajoria,

1873 1739 2116 1797 nalibus
2147 1743 2364 1798 nostris
2409 1743 2691 1816 leguntur
2743 1747 2972 1822 efferat,
3025 1763 3164 1806 eum
3209 1753 3541 1812 Annalium

1869 1845 2116 1904 quoque
2141 1831 2281 1887 inde
2311 1832 2390 1888 ab
2423 1847 2585 1890 anno
2615 1839 2752 1891 1000
2784 1852 2978 1908 usque
3009 1838 3089 1894 ad
3131 1853 3186 1895 a.
3241 1843 3376 1898 1022
3435 1855 3544 1914 pa-

1869 1922 2098 1974 rentem
2125 1933 2455 1990 agnoscere
2485 1921 2702 1989 liceret,
2729 1922 2844 1978 nisi
2867 1925 3190 1982 Annalium
3227 1927 3342 1982 hac
3367 1933 3541 2000 parte

1869 2012 2080 2063 auctor
2102 2000 2468 2065 monasterio
2493 2013 2548 2067 S.
2578 2011 2873 2067 Michaelis
2905 2029 2968 2069 se
2999 2014 3326 2088 ascriptum
3380 2011 3542 2088 dice-

1867 2099 1974 2163 ret,
2010 2111 2148 2152 cum
2181 2102 2382 2154 tamen
2411 2099 2828 2170 Thangmarus
2853 2117 2914 2157 se
2942 2105 3312 2160 monachum
3346 2106 3403 2162 S.
3436 2103 3538 2162 Mi-

1869 2185 2092 2242 chaelis
2121 2185 2368 2242 minime
2398 2189 2705 2260 professus
2735 2189 2828 2245 sit.
2855 2192 3116 2248 Annales
3169 2192 3308 2248 Vitae
3356 2193 3536 2252 Bern-

1867 2273 2060 2330 wardi
2089 2276 2416 2332 anteriores
2472 2277 2627 2333 liber
2675 2281 3091 2352 autographus
3135 2281 3530 2343 demonstrat.

1869 2361 2094 2418 Eodem
2121 2363 2299 2420 etiam
2330 2365 2514 2421 modo
2545 2365 2918 2423 continuatio
2965 2369 3288 2424 Annalium
3340 2385 3535 2445 usque

1867 2453 1946 2508 ad
1973 2463 2201 2508 annum
2237 2458 2370 2510 1038
2402 2469 2437 2510 a
2495 2454 2826 2522 Wolfhero,
2884 2457 3024 2512 Vitas
3081 2459 3136 2515 S.
3193 2457 3535 2520 Godehardi

1868 2540 2134 2612 episcopi
2151 2545 2414 2610 auctore,
2447 2543 2745 2614 exscripta
2774 2546 2863 2599 est
2893 2562 2910 2621 7;
2943 2548 3134 2601 totum
3182 2557 3326 2602 vero
3371 2563 3529 2621 opus

1866 2647 2059 2704 usque
2081 2633 2158 2688 ad
2187 2648 2242 2688 a.
2281 2637 2418 2690 1040
2442 2633 2757 2690 Lamberto
2787 2620 3380 2706 Aschai‘naburgensl
3402 2653 3531 2716 prae

1867 2719 2152 2778 manibus
2182 2721 2386 2792 fuisse,
2419 2722 2478 2778 in
2511 2735 2688 2794 opere
2712 2723 2840 2794 ejus
2881 2724 3021 2780 inde
3069 2725 3351 2798 decerpta
3391 2741 3531 2800 pro-

1867 2811 2038 2866 dunt.
2071 2810 2225 2865 Anni
2258 2813 2582 2880 1041-1101,
2613 2828 2650 2867 a
2676 2811 2803 2867 viro
2843 2812 3095 2869 Heinrici
3144 2815 3211 2868 IV
3255 2812 3530 2886 partibus

1867 2900 2120 2964 favente,
2155 2903 2219 2954 ut
2249 2899 2472 2955 Udonis
2498 2899 2760 2974 episcopi
2789 2899 3070 2958 clericum
3091 2900 3361 2975 decebat,
3389 2919 3533 2962 con-

1869 2988 2090 3060 scripti,
2121 3006 2258 3044 cum
2285 2989 2617 3044 Annalibus
2651 2990 3260 3062 Wirzeburgensibus,
3289 2993 3424 3065 (21),
3465 2993 3528 3052 in

1866 3078 2140 3151 plurimis
2170 3078 2246 3133 ad
2289 3078 2544 3134 litteram
2577 3080 2958 3149 conveniunt,
2989 3085 3168 3152 atque
3199 3081 3364 3154 operi
3401 3095 3530 3142 ma-

1867 3183 2050 3238 gnam
2107 3171 2340 3240 partem
2398 3183 2468 3222 ex
2520 3167 2842 3224 Hermanni
2890 3168 3185 3226 Contracti
3232 3171 3526 3230 Chronico

1865 3258 2114 3328 ejusque
2142 3253 2691 3312 continuationibus
2713 3257 2994 3321 decerpto
3028 3257 3360 3314 innituntur
3391 3259 3521 3333 (22).

1869 3345 2080 3402 Ultima
2111 3346 2307 3418 operis
2329 3359 2492 3418 pars,
2521 3345 2768 3400 annales
2793 3345 3014 3402 scilicet
3031 3357 3330 3402 annorum
3363 3339 3526 3406 1109-

1870 3439 2024 3498 1137,
2051 3451 2087 3490 a
2114 3435 2242 3490 viro
2274 3434 2518 3491 Heinrici
2554 3436 2618 3489 ιν
2649 3434 2910 3502 inimico,
2953 3434 3132 3508 atque
3173 3438 3352 3507 prout
3379 3433 3525 3494 anni

1870 3528 2002 3580 1133
2026 3523 2272 3580 historia
2301 3529 2546 3580 testatur
2594 3523 3138 3590 Paderbrunnensi,
3185 3525 3526 3600 conscripta

1865 3619 1976 3681 est,
2008 3614 2112 3686 qui
2142 3618 2248 3681 est,
2286 3613 2390 3687 qui
2421 3619 2477 3669 et
2505 3609 2911 3693 (interioribus,
2934 3613 3108 3670 annis
3132 3617 3308 3671 notas
3346 3613 3524 3672 Heiu-ﬁ

1864 3702 1987 3758 rico
2021 3703 2086 3757 ιν
2115 3702 2390 3758 inimicas
2423 3703 2656 3774 adjecit.

1935 3791 2193 3848 Annales
2205 3791 2794 3861 Quedlinburgenses
2810 3791 2872 3846 in
2892 3787 3098 3846 codice
3113 3789 3372 3847 tabulari
3387 3789 3515 3862 regi

1866 3881 2212 3936 Dresdensis
2241 3882 2556 3936 chartaceo
2580 3893 2769 3935 manu
2799 3883 2818 3935 1
2870 3879 3038 3951 (Petri
3058 3878 3255 3934 Albini
3281 3885 3522 3936 exarata

1863 4021 2006 4100 bus”
2035 4020 2422 4100 ascribendos
2469 4019 2816 4100 judicarunt
2859 4020 2966 4100 QII.
3023 4019 3416 4100 bappenberg
3466 4025 3525 4075 et

1866 4093 2044 4149 Waitz
2073 4111 2086 4160 ;
2115 4091 2220 4148 sed
2241 4108 2379 4148 cum
2402 4089 2592 4147 codex
2618 4091 2830 4146 unicus
2862 4089 3208 4145 Dresdensis
3251 4107 3375 4146 non
3429 4106 3519 4147 so—

1863 4163 1992 4219 lum
2023 4169 2316 4232 integram
2345 4179 2642 4218 annorum
2675 4163 2910 4232 seriem,
2940 4160 3044 4216 sed
3073 4177 3128 4216 a.
3149 4165 3244 4218 961
3284 4162 3524 4218 diversa

1866 4235 1944 4307 ab
1969 4234 2081 4290 illis
2104 4251 2236 4307 quae
2263 4235 2426 4306 apud
2460 4234 2999 4307 chronographum
3027 4232 3308 4307 leguntur
3357 4233 3522 4290 exhi-

1864 4303 2968 4376 beat.Annalistam,Chronographum
2992 4308 3048 4376 et
3075 4303 3523 4376 sassawensem

73 4375 252 4434 ubl't.
287 4379 329 4442 Ι,
363 4391 512 4448 pag.
541 4375 660 4442 122,
691 4391 889 4450 errore
913 4378 1278 4449 typographi
1313 4379 1460 4432 duos
1517 4375 1754 4450 expres;
1795 4379 1838 4433 D
1866 4393 1938 4432 ex
1959 4377 2448 4450 fonteAAnnalium
2473 4375 3118 4450 Qu‘edlinburgenslum
3131 4375 3403 4450 hausisse
3419 4389 3526 4450 pa.

71 4465 214 4505 sum
237 4453 359 4505 est.
387 4454 562 4502 Anno
589 4451 688 4504 817
717 4449 878 4503 hunc
907 4463 1117 4517 regum
1143 4450 1507 4504 Francorum
1538 4449 1755 4505 cataloo

115 4537 224 4576 um
259 4517 532 4589 subjicit.
564 4521 833 4575 NOMINA
853 4521 1093 4574 REGUM
1131 4521 1553 4576 FRANCOBUM
1594 4522 1752 4578 Ηιιι-

158 4592 296 4647 rius
319 4589 603 4661 regnavit
625 4605 768 4645 arm.
799 4593 888 4646 43.
913 4589 1284 4659 Dagobertus
1315 4589 1586 4661 regnavit
1643 4607 1751 4648 an-

66 4679 178 4718 nos
207 4667 300 4718 17.
334 4659 682 4730 Sigobertus
712 4677 901 4716 annos
926 4664 1015 4717 23.
1039 4659 1415 4716 Hz'ldibertus
1436 4660 1752 4730 adoptivus

64 4749 314 4788 annum
341 4737 397 4787 1.
426 4731 807 4788 Grimoatdus
829 4747 1019 4788 annos
1041 4737 1092 4786 6.
1119 4731 1432 4788 Hitdm'cus
1451 4747 1640 4789 annos
1665 4737 1750 4788 14.

69 4805 453 4861 Τήἑοιίήσυε
485 4817 673 4858 annos
705 4807 790 4859 17.
830 4803 1127 4872 Pippinus
1171 4804 1334 4872 ﬁlius
1358 4805 1604 4874 Amgisi
1631 4819 1754 4861 ma-

51 4879 172 4944 jor
199 4876 426 4930 domus
454 4874 614 4945 (ann.
649 4875 760 4945 27).
793 4875 1164 4930 Chlodoveus
1196 4889 1386 4945 annos
1414 4879 1468 4942 4,
1516 4876 1657 4930 obiit
1688 4877 1752 4932 in

61 4949 316 5016 quinto.
351 4944 733 5016 Hildibertus
762 4960 952 5000 annos
985 4949 1067 5000 17.
1091 4944 1467 5016 Dagobertus
1488 4962 1676 5002 annos
1698 4949 1750 5012 4,

59 5015 225 5072 obiit
259 5018 328 5072 in
355 5015 585 5087 quinto.
618 5015 838 5072 Carlus
867 5017 1066 5084 major
1091 5015 1300 5072 domus
1314 5017 1478 5086 ﬁlius
1504 5017 1756 5086 Pippini

62 5088 288 5156 (annis
318 5093 400 5156 7).
430 5087 780 5156 Hilpericus
808 5101 998 5142 annos
1041 5090 1092 5143 5.
1158 5088 1510 5143 Thiodricus
1561 5103 1751 5144 annos

64 5165 164 5215 17.
205 5159 664 5215 Cartomannus
691 5163 746 5214 et
801 5159 1056 5227 Pipinus
1108 5173 1296 5214 annos
1327 5165 1377 5213 7.
1437 5160 1754 5214 Hildrz’cus

61 5247 276 5286 annos
305 5235 366 5286 9.
397 5229 696 5298 Pippinus
728 5243 918 5284 annos
959 5233 1024 5282 27
1062 5230 1162 5296 1/2.
1200 5228 1420 5284 Carius
1446 5245 1635 5286 annos
1660 5232 1747 5286 46.

63 5303 487 5357 Illudowicus
507 5315 696 5355 annos
725 5303 811 5354 26.
843 5301 1210 5355 Hlutharius
1230 5315 1418 5356 annos
1455 5301 1534 5354 16.

143 5377 264 5441 (15)
301 5373 491 5426 Annis
516 5375 716 5427 tamen
746 5376 776 5424 7
789 5374 870 5430 44.
901 5374 1004 5425 764
1037 5376 1099 5424 et
1128 5376 1231 5426 786
1269 5371 1619 5426 Fuldensem
1655 5388 1751 5428 co-

69 5444 288 5499 dicem
323 5441 595 5515 sequitur
624 5459 636 5496 :
667 5459 720 5496 a.
757 5447 858 5498 792
881 5442 1046 5495 deest
1077 5457 1188 5515 vox
1219 5444 1491 5515 Prumia,
1535 5460 1586 5496 ξι.
1649 5448 1750 5498 776

71 5513 508 5577 Laurus/mini,
539 5530 593 5568 a.
629 5515 730 5568 785
753 5515 1122 5580 semetipsum
1151 5513 1308 5580 legit.

157 5589 247 5640 1'16
261 5598 276 5657 )
312 5585 448 5658 Loci
478 5585 722 5658 plurimi
744 5585 804 5640 in
831 5589 1080 5658 utroque
1119 5588 1175 5639 et
1199 5585 1260 5658 in
1290 5584 1591 5658 monacho
1624 5585 1766 5658 Sas:

66 5653 349 5714 sawensi
377 5653 636 5725 exstant,
654 5672 808 5733 quos
829 5653 1158 5712 Annalibus
1184 5655 1750 5728 Quedlinburgensi-

1865 4454 1982 4516 tet;
2015 4454 2072 4504 et
2100 4447 2419 4520 descriptio
2457 4447 2850 4520 dedicationis
2881 4446 3156 4520 ecclesiae
3185 4446 3522 4520 Halbersta-

1863 4520 2070 4576 densis
2099 4517 2318 4576 81.9923
2351 4518 2682 4574 Annalibus
2739 4517 3394 4588 Quedlinburgensibus
3447 4533 3520 4573 ex

1864 4591 2028 4670 fonte
2057 4589 2544 4670 Halberstadensi
2567 4587 2726 4670 illata
2754 4595 2864 4670 est,
2918 4593 2984 4670 et_
3017 4585 3295 4670 genuina
3341 4592 3522 4662 atque

1864 4661 2104 4717 uberior
2133 4662 2190 4717 in
2231 4663 2482 4718 chonico
2509 4661 2989 4717 Halberstadensl
3017 4660 3252 4728 legitur.

1961 4733 2046 4804 17)
2077 4733 2358 4804 Mencken
2383 4734 2480 4789 SS.
2517 4735 2604 4797 Ill,
2629 4747 2688 4804 p.
2725 4736 2862 4788 1775
2896 4746 3028 4804 sqq.

1961 4803 2045 4859 l8)
2076 4803 2341 4859 Leibnitii
2375 4805 2470 4859 SS.
2507 4807 2570 4859 ll.

1961 4807 2022 4858 18
2076 4807 2341 4859 Leibnitii
2375 4807 2470 4859 SS.

1961 4807 2045 4946 19)
2079 4875 2269 4932 ()Efele
2303 4877 2400 4931 SS.
2431 4879 2470 4946 Ι.

1933 4933 2047 5017 (20)
2079 4947 2140 5000 V.
2175 4963 2226 5002 e.
2260 4961 2315 5016 g.
2345 4940 2616 5017 notitiam
2639 4941 2714 4998 de
2743 4936 3090 5017 fundatione
3117 4933 3372 5017 civitatis
3400 4935 3520 5017 Hil-

1861 5003 2228 5081 denesheim,
2257 5003 2390 5088 quae
2423 5015 2544 5070 tota
2570 5015 2629 5068 in
2687 5010 2890 5070 codice
2930 5011 3133 5088 littera
3183 5003 3522 5081 majuscula

1861 5079 2332 5164 estconscripta,
2356 5101 2548 5164 annos
2568 5089 2697 5164 872,
2733 5089 2854 5164 875,
2887 5079 2998 5164 eteo.
3055 5153 3108 5164 Μ
3253 5151 3264 5164 ο

1933 5162 2044 5228 (21)
2075 5151 2240 5212 Unde
2272 5151 2608 5228 Ekkehard‘i
2642 5154 3020 5228 Uraugiensis
3050 5151 3384 5209 Chronicon
3415 5151 3520 5228 de-

1858 5219 2117 5283 rivatum
2144 5243 2272 5282 esse
2307 5227 2433 5297 jam
2474 5219 2892 5298 authographo
2942 5225 3072 5298 ejus
3117 5229 3254 5298 ante
3314 5220 3519 5298 oculos

1859 5299 2143 5371 posilo‘et
2170 5295 2418 5371 lectione
2449 5295 2648 5368 operis
2679 5295 2821 5352 vera
2850 5295 3126 5364 stabilita,
3174 5295 3340 5351 haud
3396 5306 3520 5350 am-

1859 5367 2014 5442 plius
2039 5368 2312 5442 dubitare
2331 5367 2480 5442 licet.

1935 5443 2042 5511 (22)
2074 5438 2610 5511 Hildesheimenses
2643 5451 2714 5511 ea
2741 5443 2904 5510 parte
2935 5437 3183 5494 minime
3209 5450 3280 5511 ex
3309 5437 3519 5511 Wtrze—

1858 5507 2264 5581 bu‘rgensibus
2283 5509 2546 5578 ﬂuxisse,
2565 5509 2704 5563 inde
2734 5507 3086 5584 patet,quod
3103 5510 3246 5584 anni
3271 5507 3519 5581 quidem

1866 5579 2327 5662 1041-11001199.
2357 5596 2568 5662 manu,
2584 5579 2780 5662 annus
2802 5579 3098 5662 vero'_1161
3131 5579 3270 5662 alia,
3291 5579 3434 5662 gnte
3457 5584 3521 5662 .et

1859 5670 2160 5712 annorum
2179 5655 2485 5710 1102-1109
2509 5650 2820 5711 historiam
2843 5651 3118 5724 subjecit,
3141 5649 3399 5725 scriptus
3423 5649 3514 5708 sit.
