3986 6178
427 185 532 238 447

1352 184 1607 239 ANNAL.
1651 181 2090 240 HILDESHEIM.
2133 178 2504 243 QUEDLINB.
2550 183 2927 240 WEISSEMB.

3766 184 3869 238 448

430 311 608 380 atque
635 307 689 377 2)
739 305 1040 362 adiversis
1064 306 1423 363 saaculorum
1451 325 1547 362 xvx
1605 314 1661 365 et
1683 325 1803 364 xvn
1859 305 2068 362 scribis
2108 307 2154 359 A
2185 303 2247 358 ni
2282 309 2438 375 1533,
2470 305 2636 379 in-8°,
2670 324 2706 363 a
2741 307 3039 363 Ludovico
3065 305 3418 373 Schradino,
3455 311 3522 362 ut
3551 306 3683 379 ipse
3727 322 3871 380 pro-

431 401 692 454 correcto
719 400 775 450 et
795 395 1014 451 notulis
1069 401 1244 452 aucto
1296 399 1659 470 superstites,
1721 414 1756 453 a
1806 394 2092 452 Leibnitio

430 487 695 560 primum
725 487 785 541 in
821 488 920 544 SS.
946 490 1236 554 Brunsw.,
1267 492 1306 542 t.
1346 493 1407 552 ll,
1433 493 1538 544 272
1571 506 1728 562 sqq.,
1759 487 1872 542 sub
1926 484 2092 542 titulo

433 573 707 632 Chronici
737 576 1042 631 Saxonum
1076 576 1650 647 Quedlinburgensis
1693 576 1852 642 editi,
1901 579 2026 630 tum
2057 589 2094 628 a

431 663 774 721 Menckenio
832 665 890 719 in
942 667 1037 722 SS.
1094 667 1338 732 Saxon.,
1397 671 1439 721 t.
1475 669 1563 733 lll,
1626 670 1725 721 170
1762 681 1920 737 sqq.,
1954 678 2092 720 cum

434 754 907 827 Chronographo
938 757 1169 812 Saxone
1201 756 1416 822 collati,
1455 756 1584 826 jam
1632 771 1773 810 vero
1823 754 1880 809 in
1948 768 2094 807 usus

433 847 669 898 nostros
698 859 734 899 a
763 846 826 900 V.
864 845 942 901 Cl.
979 845 1241 900 Mauritio
1275 843 1936 918 Hauptdiligentissime
1956 857 2092 896 evo-

433 931 541 987 luti
574 937 732 987 sunt.
762 933 924 988 Prior
953 933 1149 1006 operis
1176 949 1318 1005 pars
1339 949 1530 1006 usque
1553 951 1607 990 a.
1643 937 1745 990 993
1774 937 1830 988 et
1877 931 2093 987 fortas-

438 1036 500 1076 se
531 1037 585 1075 a.
635 1025 772 1076 1000
818 1025 930 1092 (23)
984 1038 1056 1077 ex
1105 1023 1424 1078 annalibus
1475 1020 2094 1086 Halberstadensibus,

439 1109 601 1164 Beda
635 1113 713 1165 De
741 1127 847 1165 sex
869 1111 1162 1179 aatatibus,
1215 1111 1399 1167 Gestis
1449 1127 1662 1180 regum
1708 1114 2093 1179 Francorum,

449 1198 701 1270 aliisque
728 1198 993 1254 fontibus
1015 1199 1329 1268 incognitis
1356 1198 1928 1267 manavit,adhibitis
1956 1215 2096 1272 pas-

440 1302 554 1342 ειη]
607 1286 884 1342 Einhardi
945 1288 1068 1343 Vita
1126 1289 1339 1352 Caroli,
1375 1292 1550 1344 Poeta
1584 1291 1816 1345 Saxone
1848 1290 1982 1359 (24),
2043 1291 2101 1344 et

437 1374 767 1430 Annalibus
800 1375 1205 1432 Alamannicis
1238 1379 1351 1449 (25)
1405 1383 1458 1433 et
1518 1377 1916 1447 Augiensibus
1968 1377 2096 1449 (26),

437 1461 669 1517 insertis
692 1479 935 1535 quoque
952 1465 1171 1520 notitiis
1195 1464 1469 1534 genuinis
1491 1465 1777 1520 familiam
1799 1463 2100 1537 praecipue

439 1552 719 1606 Ottonum
752 1554 1267 1620 concernentibus,
1297 1571 1452 1626 quas
1485 1559 1791 1609 auctorem
1810 1570 1845 1608 a
1875 1552 2098 1609 Mathil-

438 1639 518 1695 da
546 1640 867 1697 Adelheide
894 1643 1213 1698 abbatissis
1247 1643 1910 1713 Quedlinburgensibus
1936 1658 2100 1698 acce-

437 1728 617 1802 pisse,
647 1730 775 1799 jam
800 1731 1289 1803 Lappenbergius
1313 1731 1505 1786 innuit
1536 1732 1644 1800 (27)
1681 1734 1822 1796 Quae
1851 1731 2098 1803 quidem

439 1835 561 1874 una
592 1836 730 1874 cum
757 1819 999 1891 reliquis
1032 1837 1221 1892 usque
1249 1821 1328 1876 ad
1358 1838 1412 1888 a,
1479 1824 1634 1890 1025,
1689 1821 1840 1876 inter
1897 1820 2100 1893 praeci-

438 1921 592 1977 puos
618 1907 876 1962 historiae
908 1909 1039 1978 ejus
1066 1909 1352 1981 temporis
1373 1909 1565 1964 fontes
1596 1909 1895 1964 censenda
1940 1913 2096 1976 sunt,

441 1999 684 2050 auctore
739 2013 963 2066 coaevo,
1019 2003 1331 2070 praesente,
1392 2003 1449 2054 et
1497 1998 1795 2054 scribendi
1855 1997 2095 2054 callido.

442 2083 604 2154 Opus
637 2083 788 2138 ultra
807 2099 860 2140 a.
901 2089 1033 2140 1025
1061 2086 1423 2158 productum
1453 2085 1656 2155 fuisse,
1698 2102 1768 2141 ea
1821 2102 1956 2158 quas
2017 2084 2100 2141 ibi

440 2171 514 2226 de
563 2173 826 2229 adventu
876 2175 1151 2230 Beatricis
1209 2180 1265 2231 et
1309 2175 1382 2231 de
1409 2176 1774 2248 profectibus
1805 2177 1936 2247 ejus
1991 2191 2100 2249 per

443 2261 682 2331 singula
735 2267 977 2319 aetatum
1033 2264 1402 2320 incrementa
1484 2269 1917 2335 memorantur,
1967 2281 2103 2339 pro-

439 2348 588 2405 bant
623 2369 636 2417 ;
668 2355 725 2406 et
752 2367 905 2423 opus
936 2353 1135 2408 media
1159 2353 1218 2408 in
1249 2353 1541 2409 sententia
1569 2353 1784 2409 desinit
1814 2372 1826 2422 ;
1860 2353 1963 2408 sed
1990 2369 2100 2410 nec

441 2439 907 2496 continuationis
939 2443 1066 2512 ejus
1094 2459 1202 2498 nec
1244 2443 1458 2514 prioris
1503 2443 1688 2515 partis
1743 2443 1992 2512 vestigia
2038 2443 2100 2499 in

443 2529 744 2585 Chronicis
773 2531 1432 2602 Quedlinburgensibus
1465 2532 1620 2587 Halae
1679 2535 1989 2589 Saxonum
2045 2537 2102 2588 et

440 2616 502 2671 in
525 2617 889 2674 bibliotheca
922 2619 1098 2689 Regia
1128 2621 1448 2675 asservatis
1477 2621 1722 2692 reperiri
1753 2621 1962 2676 datum
1991 2626 2096 2676 est.

444 2706 632 2761 Editio
660 2707 849 2763 codici
883 2709 1198 2764 Dresdensi
1229 2709 1453 2773 innixa,
1484 2726 1597 2782 ope
1625 2713 1937 2766 auctorum
1996 2709 2100 2782 qui

445 2799 501 2850 et
525 2796 773 2851 annales
806 2797 1331 2853 Halberstadenses
1380 2803 1437 2854 et
1487 2804 1721 2854 nostros
1768 2799 2098 2871 exscripse-

443 2889 604 2951 runt,
637 2886 975 2959 Thietmari,
1007 2887 1287 2943 Analistze
1326 2893 1383 2944 et
1415 2889 1866 2961 Chronographi
1924 2891 2102 2946 Saxo-

446 2973 560 3040 nis,
592 2975 913 3032 emendata
942 2982 1046 3032 est.

517 3063 766 3120 Pertinet
821 3065 916 3120 hic
970 3066 1146 3122 etiam
1202 3067 1366 3140 prior
1403 3082 1545 3140 pars
1575 3067 1896 3123 Annalium
1929 3071 2100 3124 Lam-

444 3150 595 3207 berti
623 3153 1263 3226 Aschafnaburgensis,
1283 3173 1356 3212 ex
1383 3157 1713 3212 Annalibus
1739 3157 2102 3213 Hersfelden-

446 3239 630 3309 sibus,
665 3241 1272 3300 Hildesheimensibus
1304 3246 1408 3316 (28)
1435 3245 1687 3317 aliisque
1715 3246 1775 3300 in
1809 3245 2100 3316 Bajoaria,

446 3326 698 3385 fortasse
730 3331 952 3387 Patavii
982 3333 1077 3388 vel
1111 3334 1393 3404 Frisingae
1459 3334 1694 3406 scriptis
1728 3335 1859 3405 (29),
1882 3351 2018 3406 quae
2049 3339 2106 3390 et

443 3416 506 3471 in
541 3419 844 3474 Staindelii
868 3422 1158 3477 Chronico
1190 3426 1246 3477 et
1274 3422 1437 3494 apud
1492 3423 1849 3478 Aventinum
1903 3439 2105 3478 occur-

443 3511 603 3572 runt,
627 3507 905 3564 conﬂata.
937 3511 1330 3581 Proponimus
1355 3527 1487 3566 eam
1521 3517 1657 3583 post
1685 3512 1973 3567 editiones
2004 3529 2105 3568 an-

446 3593 689 3649 teriores
719 3628 787 3636 —
818 3598 1035 3654 scilicet
1065 3602 1119 3670 a)
1151 3600 1484 3672 principem
1521 3616 1592 3655 ex
1622 3600 1825 3656 codice
1852 3605 1952 3656 PP.
1985 3606 2103 3656 Au-

447 3684 883 3752 gustinensium
913 3688 1199 3757 Tubingm
1221 3705 1256 3744 a
1287 3693 1552 3762 Casparo
1592 3691 1844 3746 Churrer
1890 3691 2105 3747 Tubin-

447 3786 536 3841 gze
564 3789 618 3828 a.
653 3777 786 3829 1525
823 3775 970 3832 in-8°
1002 3777 1328 3846 vulgatam,
1357 3784 1536 3851 atque
1591 3779 1842 3852 Philippi
1887 3780 2104 3836 Melan-

446 3861 721 3918 chthonis
745 3866 1092 3936 prmfatione
1119 3872 1424 3934 ornatam;
1454 3869 1513 3939 b)
1537 3869 1980 3939 Tubingensem
1996 3886 2105 3926 an-

2199 391 2415 461 ﬁtetur,
2439 394 2647 451 eedein
2681 413 2752 450 ex
2785 395 2987 451 codice
3019 394 3407 450 emendatam
3443 413 3457 461 ;
3486 395 3537 464 c)
3600 394 3871 451 Simonis

2202 483 2469 538 Schardii
2500 500 2554 541 a.
2592 489 2725 540 1566
2753 485 2851 541 fol.
2909 485 3062 541 inter
3114 483 3611 541 Germanicarum
3664 500 3874 540 rerum

2199 577 2459 643 quatuor
2480 575 2973 647 chronographos
3000 578 3058 630 et
3087 590 3140 630 a.
3178 577 3332 646 1574,
3393 578 3436 630 t.
3497 578 3538 640 Ι,
3599 573 3874 630 historici

2199 661 2398 734 operis
2430 662 2529 735 ;d)
2559 664 2688 719 Joh.
2719 663 2944 720 Pistorii
2981 663 3043 718 in
3085 665 3179 720 SS.
3220 666 3415 719 Germ.
3451 678 3508 718 a.
3547 667 3711 730 1583,
3771 663 3873 719 fol.

2201 770 2228 798 «
2262 767 2335 805 ex
2361 750 2512 807 libro
2538 752 2946 808 vetustissimo
2977 752 3176 808 multis
3204 751 3351 808 locis
3377 751 3784 808 emendatam
3809 771 3822 810 :
3847 775 3873 799 υ

2201 839 2254 909 e)
2284 845 2843 909 Argentoratensem
2876 841 3019 897 anni
3055 846 3186 898 1609
3235 841 3361 911 fol.,
3394 846 3452 897 et
3479 842 3523 908 Γ)
3583 841 3878 896 Burcardi

2203 930 2394 984 Gotth.
2423 930 2637 987 Struvii
2667 947 2720 986 a.
2761 935 2915 1000 1726,
2944 929 3070 1000 fol.,
3095 929 3155 985 in
3183 931 3279 986 SS.
3310 932 3506 985 Germ.
3537 929 3780 984 Pistorii
3839 934 3876 984 t.

2203 1022 2266 1085 ll,
2300 1051 2369 1059 —
2393 1020 2485 1075 his
2514 1020 2800 1076 subsidiis
2826 1020 3019 1092 adjuti
3051 1038 3063 1075 :

2278 1113 2327 1174 1)
2362 1112 2421 1166 C.
2444 1110 2505 1165 in
2535 1109 2831 1166 tabulario
2853 1109 3019 1178 regio
3047 1109 3358 1165 Dresdensi
3393 1109 3667 1180 primum
3701 1124 3740 1163 a
3786 1124 3882 1163 me

2204 1199 2443 1255 evoluto
2473 1203 2602 1255 tum
2627 1216 2768 1255 vero
2789 1215 2826 1255 a
2854 1202 2917 1254 V.
2952 1199 3024 1255 cl.
3061 1198 3360 1255 Ludovico
3392 1198 3600 1268 Hasse,
3636 1197 3880 1254 tabula-

2204 1287 2292 1343 rio
2348 1288 2707 1344 screnissimi
2760 1287 3048 1360 principis
3120 1287 3753 1356 Schwarzburgensis,
3825 1287 3882 1341 in

2206 1395 2352 1434 usus
2379 1384 2614 1434 nostros
2641 1378 2955 1451 exscripto,
2991 1379 3305 1434 chartaceo
3336 1376 3539 1432 saeculi
3554 1394 3636 1431 xv
3654 1392 3886 1432 exeun-

2207 1469 2281 1524 tis
2308 1468 2398 1524 vel
2441 1485 2540 1524 xvx
2599 1468 2881 1535 ineuntis,
2937 1468 3041 1540 qui
3093 1485 3229 1524 cum
3284 1466 3546 1522 editione
3600 1465 3881 1540 princ-ipe.

2208 1575 2395 1631 quam
2421 1557 2749 1630 plurimum
2780 1556 3076 1613 convenit.

2140 1661 2179 1714 Β
2278 1649 2335 1717 2)
2368 1647 2634 1702 Editione
2665 1645 2930 1719 principe
2961 1663 2998 1702 a
3023 1645 3094 1702 cl.
3133 1648 3308 1700 Hesse
3331 1644 3654 1716 exscripta.

2279 1737 2330 1807 3)
2364 1735 2578 1792 Codice
2599 1733 2973 1790 bibliothecae
3002 1732 3234 1789 ducalis
3262 1733 3573 1788 Gothante.
3609 1731 3879 1787 membr.

2206 1823 2396 1880 in-fol.
2422 1840 2556 1878 saec.
2583 1839 2681 1889 xu,
2717 1823 2872 1878 circa
2902 1839 3131 1878 annum
3165 1825 3297 1877 1137
3328 1825 3598 1886 exarato,
3628 1821 3743 1893 qui
3779 1820 3885 1875 Ek-

2206 1911 2459 1968 kehardi
2492 1910 2875 1982 Uraugiensis
2899 1911 3223 1966 chronicon
3249 1925 3324 1964 ex
3357 1908 3660 1964 Lamberti
3691 1924 3886 1963 anna-

2205 2002 2364 2057 libus
2389 2001 2715 2056 adauctum
2746 1999 2999 2056 exhibet.
3030 2000 3291 2072 Scriptus
3333 2003 3427 2054 est
3455 2001 3517 2053 in
3571 2003 3884 2053 monaste-

2205 2091 2294 2147 rio
2323 2092 2378 2148 S.
2411 2089 2560 2145 Petri
2602 2088 2971 2152 Erfurtensis,
3029 2092 3210 2160 atque
3258 2103 3380 2143 una
3428 2103 3568 2142 cum
3625 2085 3882 2159 reliquis

2208 2179 2516 2236 codicibus
2545 2195 2617 2234 ex
2648 2177 2860 2234 eodem
2889 2177 3251 2233 monasterio
3296 2176 3611 2249 prognatis
3637 2175 3884 2231 addita-

2208 2275 2411 2325 menta
2438 2267 2718 2342 quaedam
2747 2269 2985 2324 exhibet
3015 2284 3051 2323 a
3074 2267 3338 2337 genuino
3367 2266 3672 2322 Lamberti
3718 2271 3885 2322 textu

2210 2355 2425 2423 aliena,
2459 2356 2564 2412 sed
2586 2372 2721 2428 qua:
2762 2372 3238 2412 commemorare
3270 2371 3342 2411 eo
3371 2354 3571 2424 magis
3625 2368 3885 2409 necesse

2209 2449 2355 2512 erat,
2384 2445 2548 2517 quod
2572 2445 2722 2500 liber
2759 2446 2923 2502 haud
2973 2445 3127 2501 ultra
3183 2443 3630 2518 quinquaginta
3684 2459 3886 2498 annos

2208 2549 2245 2590 a
2314 2534 2607 2589 Lamberti
2683 2551 2812 2590 aevo
2889 2534 3126 2590 recedit.
3205 2532 3620 2590 Evolvendum
3712 2532 3882 2588 codi-

2209 2639 2338 2678 cem
2356 2623 2646 2692 ﬂagitanti
2673 2624 2818 2679 mihi
2845 2623 3102 2697 praebuit
3131 2623 3478 2679 liberalitate
3501 2627 3560 2678 et
3584 2622 3885 2678 humani-

2210 2715 2324 2768 tate
2355 2728 2479 2784 qua
2507 2711 2688 2768 claret
2714 2715 2774 2768 V.
2803 2713 2884 2778 ill,
2912 2712 3238 2768 Fridericus
3267 2711 3501 2768 Jacobs.
3536 2711 3628 2766 Ad
3692 2727 3885 2784 quem

2207 2815 2396 2872 prope
2427 2800 2740 2856 accedunt.

2279 2892 2336 2955 4)
2367 2890 2425 2945 C.
2453 2887 2597 2944 bibl.
2643 2888 3041 2944 universitatis
3069 2889 3484 2959 Gottingensis,
3508 2887 3658 2943 olim
3690 2887 3887 2943 Andr.

2140 3012 2180 3068 ο
2211 2979 2439 3068 Erasmi
2491 2995 2527 3034 a
2558 2978 2793 3068 Seridell,
2843 2982 3059 3068 postea
3101 2977 3436 3068 salomonis
3480 2977 3762 3068 Semleri,
3812 2978 3888 3032 de

2210 3067 2460 3123 historia
2487 3067 2680 3139 patria
2705 3067 3086 3132 meritissimi,
3121 3067 3470 3122 chartaceus
3497 3065 3705 3121 in-fol.
3743 3083 3888 3122 saec.

2210 3174 2287 3212 xv
2312 3158 2599 3213 exeuntis.
2633 3159 2693 3211 V.
2729 3157 2801 3212 cl.
2834 3160 2896 3212 V.
2923 3156 3172 3227 Beneke,
3200 3156 3574 3213 bibliothecae
3625 3156 3892 3230 amplis-

2213 3246 2379 3301 simae
2409 3246 2690 3319 praefecti,
2724 3245 3074 3301 liberalitate
3106 3245 3252 3300 mihi
3283 3245 3544 3301 oblatus.

2287 3336 2339 3407 5)
2367 3337 2426 3392 C.
2460 3335 2604 3390 bibl.
2641 3335 3041 3391 universitatis
3102 3333 3585 3403 Wirzburgensis,
3637 3333 3892 3390 charta-

2215 3438 2356 3478 ceus
2386 3423 2744 3479 in-fol.srec.
2779 3439 2856 3478 xv
2878 3423 3146 3479 exeuntis
3204 3423 3296 3479 vel
3350 3439 3446 3478 xvr
3504 3437 3646 3477 cum
3707 3423 3890 3479 editis

2216 3511 2468 3568 collatus
2497 3529 2532 3569 a
2562 3512 2632 3568 cl.
2669 3513 2873 3583 Hesse,
2900 3512 3004 3585 qui
3034 3517 3092 3568 et

2287 3603 2343 3674 6)
2377 3602 2657 3658 Editionis
2687 3603 3032 3659 Pistorianae
3063 3601 3205 3658 anni
3239 3603 3370 3657 1583
3402 3600 3698 3656 lectiones
3750 3616 3893 3656 eno-

2215 3690 2381 3747 tavit.

2286 3781 2484 3836 Altera
2514 3781 2809 3838 Lamberti
2836 3797 2977 3854 pars
3008 3782 3159 3837 inter
3201 3779 3520 3853 scriptores
3573 3778 3794 3834 saeculi
3834 3795 3890 3832 xl

2217 3870 2485 3927 sistenda
2513 3871 2640 3926 erit.

1648 4102 1969 4158 ANNALES
2010 4103 2673 4159 HlLDESHEIMENSES.

519 4271 739 4340 Incipit
771 4273 920 4329 liber
943 4274 1016 4328 de
1044 4275 1255 4330 ordine
1284 4281 1634 4345 temporum.
1672 4280 1915 4333 Brevem
1957 4283 2105 4334 tem-

445 4374 666 4430 porum
696 4376 802 4432 per
828 4362 1240 4431 generationes
1271 4370 1325 4419 et
1354 4380 1542 4434 regna
1583 4367 1813 4439 primus
1869 4383 1941 4422 ex
1993 4384 2102 4423 no-

449 4448 553 4504 stri
582 4449 768 4504 Julius
800 4451 1131 4517 Africanus,
1165 4457 1368 4508 etc.....
1404 4470 1474 4509 ac
1503 4455 1684 4510 latere
1721 4456 1944 4512 lineam
1995 4473 2102 4512 an-

2287 4280 2756 4364 Anastasius.....
2788 4279 3034 4335 Boecius
3067 4276 3396 4335 consolaris
3426 4275 3673 4332 claruit.

2286 4368 2553 4424 Tiberius
2584 4384 2776 4424 annos
2805 4372 2856 4423 6.
2905 4365 3280 4438 Langobardi
3340 4364 3532 4438 pulsis
3597 4367 3895 4421 Romanis

2214 4458 2444 4514 Italiam
2477 4458 2718 4514 adeunt.
2755 4458 2923 4514 Gothi
2953 4457 3015 4512 in
3049 4456 3269 4530 Spania
3289 4454 3500 4510 bifarie
3527 4455 3740 4521 divisi,
3766 4471 3896 4510 mu-

445 4553 685 4594 norum.
717 4540 898 4610 Cujus
930 4539 1151 4595 indicio
1184 4557 1426 4598 summa
1481 4549 1908 4615 praeteritorum
1953 4549 2102 4601 tem-
2142 4575 2185 4628 Ι)
2219 4551 2320 4603 tua
2379 4547 2523 4604 cede
2579 4551 2902 4603 vastantur.
2978 4545 3418 4602 BENNOPOLIM
3474 4546 3900 4610 FUNDATUR,

445 4643 662 4700 porum
692 4633 1110 4699 cognoscatur.

519 4720 632 4773 Sex
661 4717 875 4773 diebus
904 4734 1107 4773 rerum
1129 4719 1404 4773 omnium
1426 4723 1764 4776 creaturum
1792 4724 1946 4777 Deus
1985 4719 2103 4776 for-

445 4807 633 4862 mavit
661 4826 673 4875 ;
698 4807 895 4880 primo
925 4807 1044 4876 die,
1071 4811 1180 4862 etc.

517 4897 851 4953 Antoninus
883 4896 1255 4954 Caracalla...
1290 4899 1563 4970 Neapolis
1591 4898 1896 4956 fundatur.

517 4987 886 5043 Theodosius
918 5001 1058 5042 cum
1084 4985 1380 5043 Archadio
1428 4993 1484 5044 et
1537 4989 1799 5046 Honorio
1851 4989 2100 5046 ﬁliis.....

447 5076 814 5146 Augustinus
836 5075 1067 5133 claruit.

521 5217 634 5287 (23)
667 5216 751 5297 lbi
772 5218 1564 5297 annalesHalberstadenses
1590 5237 1627 5277 a
1653 5222 1953 5297 monacho
1978 5224 2108 5297 Sas-

452 5290 707 5360 savvensi
728 5290 986 5360 excerpti
1003 5291 1284 5347 desinunt
1309 5311 1322 5358 ;
1347 5296 1404 5347 et
1417 5293 1574 5349 hanc
1586 5293 1896 5348 annalium
1915 5294 2107 5359 Qued-

450 5355 1181 5432 linburgensiumpartem
1200 5355 1365 5418 haud
1395 5369 1532 5420 ante
1557 5379 1786 5421 annum
1811 5355 1953 5419 1002
1968 5364 2108 5420 scri-

451 5433 617 5504 ptam
645 5427 850 5504 fuisse,
867 5427 970 5504 Δ(Ηζ
987 5434 1380 5504 Lappenberg
1399 5450 1471 5491 ex
1501 5435 1697 5492 verbis
1721 5451 1832 5492 rex
1858 5436 2107 5504 futurus

453 5497 508 5554 ὃ..
535 5503 642 5578 4995
673 5497 748 5578 de
769 5499 1048 5578 Alieinrico
1069 5497 1132 5558 ll'
1148 5497 1377 5560 usitatis
1397 5506 1694 5578 probavit.

523 5571 636 5642 (24)
665 5574 735 5642 Α.
765 5573 890 5635 802,
920 5575 1043 5628 803.

523 5641 638 5712 (25)
670 5641 752 5698 Cf.
780 5657 836 5698 a.
869 5644 994 5712 829,
1022 5646 1148 5714 860,
1179 5647 1302 5700 9n.

2216 4637 2734 4702 HlLDENESHElM
2761 4637 3047 4693 CIVITAS.

2285 4725 2616 4783 Mauricius.
2628 4767 2640 4780 .
2651 4767 2663 4780 .
2675 4767 2710 4780 ..
2754 4723 3069 4793 Gregorius
3098 4722 3368 4778 moritur.

2286 4813 2610 4871 Eraclodus
2641 4830 2780 4870 cum
2805 4817 2994 4868 matre
3012 4828 3123 4867 sua
3147 4811 3509 4867 Martina.....
3546 4811 3902 4868 Cenobium

2217 4904 2584 4961 Floriacense
2608 4902 2912 4959 fundatur.

2288 4992 2714 5051 Constantinus
2739 4991 2894 5046 ﬁlius
2921 4988 3130 5045 Eraclii
3160 4988 3432 5058 regnavit
3459 5003 3723 5044 menses
3763 4995 3819 5045 6.

2286 5081 2709 5138 Constantinus
2737 5078 3104 5137 Constantini
3129 5077 3289 5133 ﬁlius
3317 5077 3598 5147 regnavit
3627 5093 3790 5134 ann.
3817 5083 3903 5132 27.

2286 5225 2400 5294 (26)
2429 5225 2491 5278 E.
2517 5238 2573 5292 g.
2604 5238 2659 5278 a.
2694 5225 2819 5289 829,
2852 5223 2974 5286 860,
3006 5223 3132 5288 872,
3163 5223 3287 5275 910.
3315 5218 3399 5275 Cf.
3453 5218 3741 5275 Annales
3801 5235 3909 5274 no-

2216 5299 2367 5350 stros
2396 5297 2484 5359 Vl,
2517 5310 2577 5366 p.
2608 5297 2730 5366 642.

2346 5369 2402 5432 7)
2432 5367 2494 5419 ν.
2518 5363 2780 5420 Annales
2812 5367 3070 5431 nostros,
3091 5367 3142 5433 7t.
3177 5363 3263 5430 Vl,
3295 5376 3356 5433 p.
3387 5364 3518 5428 643,
3550 5364 3687 5416 644.

2310 5437 2402 5506 28)
2433 5437 2592 5501 Quos
2624 5439 2681 5491 et
2709 5434 2814 5490 ubi
2846 5432 3368 5506 Hersfeldenses’a.
3402 5437 3510 5488 973
3539 5434 3779 5506 et__9_8§
3823 5447 3912 5486 re.

2216 5502 2450 5580 linquit,
2483 5511 2825 5563 constanter
2850 5520 3042 5577 usque
3081 5504 3160 5562 ad
3181 5519 3236 5560 a.
3269 5506 3406 5560 1039
3429 5502 3762 5560 exscribit.

2289 5578 2404 5647 (29)
2444 5581 2552 5634 An.
2582 5580 2844 5634 974-983.
