3986 6178
83 137 190 192 449

1001 134 1086 189 ΕΤ
1125 135 1471 192 LAMBERTI
1511 133 2109 204 ASCHAFNABURG.
2151 152 2328 211 PARS
2369 158 2593 215 PRIOR.

3427 172 3537 226 450

80 257 382 360 βυεθῃίὲξ
414 272 584 329 papa
623 255 768 360 ‘tlore
798 255 968 360 cmpit
998 255 1656 360 anno'gonstantini‘6,
1689 263 1752 316 et
1792 272 1843 321 A
1874 285 2198 331 manorum
2219 278 2561 353 principum
2588 288 2754 353 gesta
2787 291 2844 343 et
2864 287 3226 360 pontiﬁcum
3251 294 3537 351 Romanis

78 349 205 422 ipse
227 347 381 402 sedit
413 362 562 402 ann.
622 352 673 402 2.
707 362 785 401 in.
830 350 879 414 9,
911 345 969 400 d.
1000 349 1090 403 24.
1150 349 1489 415 Vitalianus,
1539 349 1647 402 etc.
1682 380 1753 388 ——

79 437 318 508 Serguis
347 436 509 492 sedit
539 452 683 493 ann.
721 439 802 505 13,
829 452 906 491 m.
962 440 1014 492 8.
1049 437 1110 493 (1.
1158 442 1242 506 14,
1276 442 1589 511 Hucusque
1643 439 1759 493 Ro:

351 545 686 600 ANNALES
742 543 1475 610 QUEDIJNBURGENSES.

147 654 260 722 (30)
283 651 491 708 Prima
524 656 673 706 aetas
713 650 789 707 ab
811 650 999 707 Adam
1053 669 1247 725 usque
1275 655 1350 710 ad
1402 657 1538 715 Noe,
1573 653 1760 708 conti-

72 759 222 798 nens
255 741 688 812 generationes
722 745 804 807 10,
841 757 1030 796 annos
1063 759 1207 798 vero
1256 747 1407 799 1656.
1461 745 1600 808 Quae
1630 747 1759 800 tota

70 830 246 904 periit
283 829 548 901 diluvio,
578 829 731 885 sicut
763 829 1076 886 infantiam
1136 848 1404 902 mergere
1431 831 1578 888 solet
1602 831 1758 889 obli-

71 936 169 975 V10
176 963 188 974 .

140 1008 427 1065 Secunda
478 1024 516 1063 a
576 1011 695 1064 Noe
752 1024 946 1081 usque
995 1008 1073 1064 ad
1128 1009 1453 1078 Abraham,
1484 1009 1755 1066 similiter

69 1098 394 1171 complexa
433 1098 856 1169 generationes
891 1103 976 1168 10,
1033 1115 1230 1155 annos
1284 1104 1484 1155 autem
1509 1105 1631 1156 292.
1690 1105 1756 1156 iln

66 1204 187 1260 qua
217 1193 398 1242 aetate
426 1187 643 1257 lingua
668 1192 757 1243 est
787 1187 1036 1242 Hebraea
1089 1188 1354 1244 inventa.
1421 1195 1465 1244 A
1489 1190 1755 1261 puericia

69 1293 334 1348 namque
362 1276 556 1331 homo
595 1275 802 1347 incipit
830 1275 996 1348 loqui
1017 1291 1199 1331 nosse
1229 1281 1368 1349 post
1412 1277 1750 1345 infantiam,

66 1382 197 1437 qua:
225 1364 371 1420 inde
404 1380 636 1420 nomen
667 1364 917 1437 accepit,
942 1365 1084 1437 quia
1134 1365 1265 1432 fari,
1321 1366 1380 1421 id
1429 1372 1516 1422 est
1560 1367 1749 1440 loqui,

67 1469 186 1508 non
215 1457 436 1525 potest.

137 1543 324 1625 Tertia
359 1547 510 1625 saltas
543 1541 624 1597 ab
647 1541 1173 1625 Abraha‘nrusqu‘e.
1224 1543 1301 1598 ad
1330 1543 1536 1625 David,
1571 1560 1751 1625 gene-

70 1615 324 1669 rationes
363 1617 452 1679 14,
487 1629 683 1668 annos
713 1628 860 1668 vero
886 1616 989 1668 942
1019 1614 1348 1669 continens.
1402 1617 1469 1670 Et

69 1684 475 1740 adolescentia
507 1683 716 1756 incipit
742 1684 932 1756 homo
961 1699 1133 1756 posse
1173 1683 1749 1755 generare,Matheus

70 1756 144 1811 ab
174 1756 489 1829 Abraham
519 1754 984 1829 generationum
1007 1754 1263 1829 sumpsit
1291 1756 1750 1829 exordium.0ui

70 1830 174 1896 (31)
200 1828 388 1882 etiam
417 1831 591 1898 pater
606 1825 945 1881 multarum
972 1825 1238 1896 gentium
1267 1828 1625 1884 constitutus
1639 1833 1746 1896 est,

68 1899 360 1970 quoniam
391 1901 694 1953 mutatum
721 1913 948 1952 nomen
976 1899 1222 1970 accepit.

135 1990 368 2053 Quarta
387 1988 498 2057 (32)
529 1990 677 2042 aetas
709 2002 747 2041 a
782 1986 971 2042 David
1002 2003 1191 2060 usque
1223 1988 1301 2043 ad
1356 1988 1749 2058 transmigra-

65 2077 290 2132 tionem
332 2075 658 2142 Babilonis,
694 2075 1187 2145 generationibus
1214 2095 1384 2150 thlle
1407 2079 1583 2148 juxta
1607 2081 1749 2134 Mat-

66 2166 266 2221 theum
304 2169 392 2234 14,
425 2164 602 2222 annis
626 2170 833 2220 autem
866 2168 972 2220 484
1002 2171 1294 2237 porrecta,
1323 2184 1358 2222 a
1384 2183 1499 2238 qua
1531 2183 1746 2237 regum

65 2261 336 2328 tempora
360 2260 668 2327 ceperunt.
702 2257 864 2310 [Εἴθε
922 2255 1080 2310 enim
1105 2256 1387 2326 juvenilis
1444 2274 1634 2328 regno
1662 2263 1751 2314 est

65 2345 296 2400 habilis.

130 2507 351 2574 Quinta
374 2507 595 2563 deinde
629 2523 828 2579 usque
861 2507 937 2562 ad
981 2507 1303 2564 adventum
1333 2509 1654 2565 Salvatoris
1682 2511 1744 2566 in

65 2613 262 2664 carne,
329 2602 386 2652 et
414 2597 555 2668 ipsa
584 2595 1078 2667 generationibus
1113 2600 1174 2651 14
1229 2604 1520 2668 porrecta,
1565 2600 1743 2654 annis

63 2695 264 2742 autem
294 2691 400 2742 586
433 2690 695 2754 extenta,
726 2685 788 2740 in
820 2701 965 2757 qua,
997 2691 1058 2740 ut
1088 2691 1386 2742 senectute
1415 2687 1584 2757 gravi
1629 2689 1744 2744 fes-

61 2792 140 2842 sa,
174 2775 355 2831 malis
386 2775 791 2831 crebrioribus
817 2773 992 2846 plebs
1015 2773 1259 2830 Hebraea
1285 2781 1630 2846 quassatur.

129 2868 333 2933 Sexta,
372 2882 511 2937 quae
538 2881 700 2920 nunc
722 2864 943 2933 agitur,
975 2863 1139 2920 nulla
1173 2866 1628 2933 generationum
1651 2865 1744 2924 vel

64 2959 409 3026 temporum
438 2953 585 3008 serie
615 2958 797 3021 certa,
833 2952 939 3006 sed
971 2956 1037 3006 ut
1064 2956 1207 3007 tetas
1265 2952 1565 3024 decrepita
1609 2954 1742 3027 ipsa
1773 2976 1811 3026 ί]

66 3043 238 3098 totius
270 3041 459 3097 seculi
490 3047 679 3096 morte
712 3040 1005 3095 ﬁnienda.
1065 3039 1273 3096 Secula
1307 3043 1440 3111 (33),
1469 3042 1635 3112 quod
1678 3061 1741 3098 se

65 3135 418 3203 sequantur.
471 3129 846 3186 Abeuntibus
877 3127 1038 3183 enim
1085 3127 1214 3182 aliis
1243 3127 1360 3182 alia
1391 3127 1740 3197 succedunt,

62 3236 326 3292 quorum
356 3219 648 3274 decursus
692 3234 800 3291 per
855 3217 1270 3287 generationes
1324 3221 1381 3272 et
1435 3232 1621 3286 regna
1659 3217 1740 3274 ita

64 3307 436 3364 inscribitur.

133 3395 339 3449 Prima
367 3398 511 3448 aetas
539 3394 598 3448 in
627 3394 876 3449 exordio
908 3393 996 3448 sui
1056 3393 1320 3449 continet
1373 3393 1737 3450 creationem

64 3483 306 3538 mundi.
334 3484 533 3538 Primo
564 3486 724 3540 enim
750 3484 847 3539 die
879 3485 1033 3538 Deus
1062 3483 1122 3538 in
1150 3482 1300 3538 lucis
1331 3483 1572 3537 nomine
1604 3500 1742 3539 con-

62 3572 216 3627 didit
255 3572 530 3641 angelos.
563 3573 838 3630 Secundo
866 3573 925 3627 in
947 3571 1310 3627 ﬁrmamenti
1340 3571 1740 3643 appellatione

62 3662 288 3717 creavit
321 3661 526 3716 caelos.
567 3661 757 3717 Tertio
783 3661 844 3716 in
871 3660 1245 3716 discretionis
1285 3660 1581 3716 vocabulo
1613 3679 1740 3733 spe-

61 3752 218 3806 ciem
263 3766 567 3822 aquarum
617 3755 675 3806 et
725 3756 912 3805 terrae.
969 3752 1190 3816 Quarto
1241 3749 1565 3806 luminaria
1585 3751 1734 3807 caeli.

63 3839 287 3902 Quinto
316 3837 651 3893 animantia
703 3853 774 3893 ex
833 3838 1024 3910 aquis.
1062 3839 1236 3894 Sexto
1290 3836 1620 3894 animantia
1666 3856 1739 3894 ex

61 3934 220 3985 terra
249 3934 311 3984 et
338 3929 672 3997 hominem,
699 3945 884 4001 quem
905 3928 1202 4001 apellavit.
1234 3927 1450 3984 Adam.

133 4019 334 4073 Adam
366 4021 482 4088 (34)
513 4033 674 4074 anno
718 4023 818 4074 130
867 4017 1074 4087 genuit
1106 4017 1264 4086 Seth,
1297 4018 1401 4087 qui
1431 4023 1567 4090 post
1594 4018 1740 4074 Abel

59 4114 242 4163 natus
297 4113 408 4176 est,
443 4124 480 4162 a
537 4124 660 4180 quo
711 4106 815 4162 ﬁlii
879 4107 998 4162 Dei.
1053 4107 1188 4163 Seth
1221 4122 1383 4162 anno
1416 4111 1513 4162 105
1537 4108 1741 4176 genuit

59 4201 242 4258 Enos.
279 4197 389 4269 qui
437 4197 615 4269 caepit
670 4197 950 4252 invocare
997 4212 1218 4251 nomen
1268 4196 1520 4251 Domini.
1579 4200 1736 4253 Enos

57 4303 220 4342 anno
251 4288 325 4340 90
379 4286 586 4354 genuit
642 4285 887 4341 Cainan.
948 4285 1174 4341 Cainan
1227 4301 1388 4340 anno
1418 4290 1486 4341 70
1535 4286 1739 4356 genuit
1766 4323 1809 4376 ο

57 4373 396 4440 Malalehel,
427 4373 528 4445 qui
557 4373 977 4445 interpretatur
1006 4372 1295 4445 plantatio
1335 4373 1585 4429 Domini.
1621 4378 1737 4430 Ma-

55 4463 277 4519 lalehel
305 4477 474 4517 anno
505 4466 571 4516 62
595 4461 799 4532 genuit
823 4463 1040 4516 Jareth.
1091 4463 1291 4518 Jareth
1322 4477 1481 4517 anno
1518 4467 1615 4518 162
1643 4479 1738 4533 ge-

57 4553 183 4607 nuit
247 4551 481 4606 Enoch.
542 4553 707 4606 Hunc
758 4553 867 4621 (35)
929 4551 1131 4606 Enoch
1188 4549 1480 4606 nonnulla
1535 4549 1740 4604 divina

54 4642 380 4714 scripsisse
405 4639 560 4695 Juda
616 4639 889 4712 apostolo
949 4644 1261 4696 attestante
1312 4638 1734 4711 comperimus.

53 4732 266 4787 Enoch
297 4745 468 4785 anno
495 4734 559 4785 65
591 4729 796 4800 genuit
825 4729 1168 4786 Matusalem
1199 4747 1212 4796 ;
1246 4733 1383 4801 post
1426 4729 1597 4799 cujus
1647 4743 1738 4783 or‘

52 4825 183 4875 tum
249 4818 582 4875 translatus
613 4824 704 4875 est
760 4835 796 4875 a
865 4819 1136 4875 Domino.
1181 4817 1525 4874 Matusalem
1579 4833 1739 4873 anno

56 4914 151 4964 187
189 4907 412 4978 genuit
443 4909 718 4963 Lamech.
777 4908 1054 4977 Gigantes
1078 4907 1203 4964 nati
1233 4913 1390 4974 sunt,
1437 4911 1494 4962 et
1522 4922 1737 4962 concu-

48 4997 305 5069 piscunt
359 4995 466 5051 ﬁlii
517 4997 620 5053 Dei
673 4997 826 5054 tilias
881 4996 1216 5054 hominum.
1273 4997 1528 5053 Lamech
1576 5012 1736 5053 anno

123 5173 246 5242 (30)
282 5171 887 5228 Prima—exordium
929 5187 1003 5227 ex
1029 5170 1187 5227 Beda
1233 5170 1308 5226 de
1365 5171 1735 5244 temporibus

52 5259 108 5297 ei
283 5313 704 5385 Qut-’-:accelm't
729 5329 811 5385 81S
828 5312 987 5368 Beda
1029 5311 1102 5367 de
1136 5317 1473 5385 temporum
1502 5313 1731 5369 ratione

61 5400 114 5438 c.
149 5383 233 5438 64
260 5383 360 5453 (de
389 5384 456 5436 Vl
481 5388 573 5439 aet.
605 5383 857 5455 mundi.)

129 5457 244 5528 (32)
283 5455 857 5528 Quarta—ﬁnienda
886 5471 972 5528 ex
990 5455 1144 5528 Beda
1170 5455 1244 5510 de
1275 5459 1456 5528 temp.

54 5525 251 5654 38(3339)
281 5527 912 5596 Secum-appellavit
937 5527 1134 5582 Adam
1163 5541 1236 5581 ex
1271 5525 1496 5582 Isidoro
1519 5543 1632 5582 orr.
1665 5528 1726 5582 V.

135 5639 152 5665 ,
257 5640 270 5652 .

1542 1616 1642 1670 uia
1669 1616 1748 1672 ab
1778 1619 1819 1673 Β

1871 361 2132 457 αξοοΙθεὶθ
2163 369 2589 426 enarravimus.
2621 372 2907 446 Pippinus
2932 377 3081 448 dux,
3113 377 3268 436 ﬁlius
3292 382 3539 438 Anschi-

1871 455 1940 516 si,
1970 455 2078 505 etc.

2337 604 2678 664 LAMBERTI
2717 611 3062 666 ANNALES.

1942 721 2050 791 (30)
2078 723 2272 781 Prima
2324 733 2468 783 astas
2497 730 2575 785 ab
2623 731 2814 788 Adam
2852 751 3044 807 usque
3070 737 3146 792 ad
3177 742 3316 808 Noe,
3340 741 3529 796 conti-

1866 825 2015 865 nens
2046 815 2458 881 generationes
2491 824 2576 888 10,
2611 836 2804 877 annos
2838 840 2980 879 vero
3039 831 3193 882 1656.
3225 830 3365 893 Quae
3405 834 3530 887 tota

1865 900 2037 970 periit
2082 901 2489 971 diluvio,sicut
2533 908 2846 966 infantiam
2895 929 3165 983 mergere
3197 915 3342 972 solet
3381 917 3527 972 obli-

1865 1005 1981 1044 V10.

1939 1079 2211 1135 Secunda
2243 1097 2277 1136 a
2311 1085 2426 1138 Noe
2456 1100 2642 1156 usque
2691 1087 2765 1142 ad
2799 1088 3128 1158 Abraham,
3190 1092 3525 1161 generatio-

1862 1180 1967 1220 nes
2000 1167 2265 1224 similiter
2288 1172 2603 1244 complexa
2657 1180 2740 1242 10,
2793 1192 2988 1233 annos
3022 1184 3223 1235 autem
3280 1185 3404 1237 292.
3457 1186 3524 1237 ln

1861 1269 1983 1325 qua
2021 1254 2364 1325 linguarum
2397 1260 2552 1316 facta
2598 1267 2688 1318 est
2726 1263 2958 1320 divisio.
2993 1273 3039 1319 A
3070 1267 3321 1338 pueritia
3351 1284 3522 1324 nam-

1860 1358 1976 1414 que
2004 1344 2188 1400 homo
2217 1346 2423 1420 incipit
2447 1349 2610 1422 loqui
2643 1368 2818 1423 posse
2850 1359 2987 1426 post
3017 1355 3348 1424 infantiam,
3381 1374 3519 1430 quae

1861 1435 1918 1486 et
1941 1431 2078 1487 inde
2110 1449 2331 1490 nomen
2363 1440 2610 1510 accepit,
2633 1441 2775 1512 quia
2803 1442 2930 1512 fari,
2959 1443 3017 1498 id
3050 1449 3137 1500 est
3177 1445 3341 1517 loqui
3381 1446 3515 1517 (36),

1859 1536 1980 1577 non
2004 1528 2214 1596 potest.

1931 1612 2116 1669 Tertia
2142 1613 2218 1669 ad
2244 1613 2547 1673 Abraham
2574 1635 2767 1691 usque
2810 1620 2888 1676 ad
2939 1622 3145 1690 David,
3177 1624 3510 1694 generatio-

1858 1717 1965 1756 nes
1999 1706 2081 1772 14,
2111 1720 2302 1760 annos
2345 1723 2587 1780 quoque
2643 1713 2746 1766 942
2777 1711 3109 1768 continens.
3157 1716 3223 1769 Et
3263 1715 3406 1786 quia
3436 1715 3515 1770 ab

1858 1790 2262 1849 adolescentia
2283 1795 2488 1868 incipit
2516 1797 2700 1854 homo
2732 1816 2908 1872 posse
2926 1818 3232 1874 generare,
3252 1804 3514 1860 Matheus

1857 1878 1937 1934 ab
1959 1880 2267 1938 Abraham
2293 1886 2745 1954 generationum
2770 1889 2878 1960 (37)
2905 1891 3159 1963 sumpsit
3177 1891 3512 1948 exordium.

1927 2057 2040 2128 (32)
2072 2060 2291 2122 Quarta
2317 2077 2353 2116 a
2381 2062 2567 2117 David
2598 2080 2787 2136 usque
2814 2066 2889 2120 ad
2920 2067 3513 2136 transmigrationem

1856 2146 2200 2218 Babylonis,
2259 2151 2738 2218 generationibus
2777 2170 2947 2227 aeque
2995 2156 3166 2224 juxta
3195 2157 3512 2222 Matheum,

1859 2235 1942 2297 14,
1973 2231 2146 2287 annis
2176 2239 2376 2290 autem
2407 2239 2508 2291 485
2536 2244 2824 2308 porrecta.
2879 2241 2957 2294 De
2991 2242 3099 2312 (38)
3157 2258 3279 2314 qua
3303 2257 3515 2310 regum

1855 2325 2128 2393 tempora
2167 2330 2495 2396 coeperunt,
2535 2325 2678 2398 quia
2709 2327 2969 2398 dignitas
3017 2331 3300 2402 juvenilis
3326 2347 3514 2402 regno

1854 2416 1941 2467 est
1971 2411 2204 2468 habilis.

1927 2500 2142 2565 Quinta
2166 2503 2381 2559 deinde
2405 2521 2591 2576 usque
2624 2505 2702 2561 ad
2734 2507 3057 2565 adventum
3106 2509 3427 2566 Salvatoris
3451 2511 3514 2566 in

1854 2604 2054 2650 carne,
2104 2593 2590 2658 generationibus
2617 2599 2673 2649 et
2700 2595 2832 2667 ipsa
2868 2601 2951 2662 14,
2984 2613 3163 2670 porro
3213 2599 3387 2653 annis
3411 2604 3515 2656 588

1853 2683 2108 2734 extenta.
2146 2685 2208 2736 In
2229 2699 2370 2754 qua,
2392 2688 2455 2737 ut
2485 2684 2646 2752 gravi
2677 2691 2975 2742 senectute
3005 2687 3182 2754 fessa,
3205 2687 3377 2743 malis
3396 2705 3519 2746 cre-

1850 2767 2153 2824 brioribus
2175 2770 2344 2842 plebs
2379 2771 2622 2828 Hebraea
2651 2781 2990 2846 quassatur.

1927 2859 2122 2926 Sexta,
2154 2875 2289 2931 quae
2315 2876 2476 2915 nunc
2511 2861 2723 2930 agitur,
2756 2863 2922 2919 nulla
2954 2863 3402 2933 generationum
3422 2866 3518 2922 vel

1854 2950 2193 3017 temporum
2225 2949 2372 3004 serie
2403 2954 2583 3018 certa,
2613 2951 2717 3006 sed
2751 2956 2813 3007 ut
2865 2958 3003 3009 aetas
3044 2952 3345 3026 decrepita
3383 2954 3518 3027 ipsa

1852 3031 2028 3085 totius
2052 3033 2233 3087 seculi
2264 3039 2453 3089 morte
2484 3035 2769 3092 ﬁnienda.
2798 3037 3006 3094 Secula
3039 3039 3151 3109 (35)
3180 3040 3512 3107 generatio-

1849 3118 2028 3174 nibus
2059 3127 2354 3178 constant.
2396 3123 2534 3178 lnde
2561 3123 2840 3181 dicuntur
2897 3126 3117 3193 secula,
3143 3129 3309 3199 quod
3338 3145 3398 3182 se
3431 3147 3518 3185 se-

1851 3213 2133 3280 quantur.
2196 3211 2568 3268 Abeuntibus
2613 3215 2773 3270 enim
2823 3215 2952 3270 aliis
2996 3216 3112 3270 alia
3164 3219 3512 3286 succedunt,

1851 3314 2114 3369 quorum
2162 3301 2453 3357 decursus
2495 3319 2600 3374 per
2658 3305 3069 3373 generationes
3116 3309 3172 3359 et
3220 3321 3406 3376 regna
3433 3308 3515 3363 ita

1850 3386 2144 3445 scribitur.

1920 3476 2115 3533 Prima
2137 3485 2278 3535 aetas
2314 3481 2576 3537 continet
2630 3485 2989 3539 creationem
3051 3483 3281 3539 mundi.
3319 3485 3513 3542 Primo

1850 3565 2010 3620 enim
2033 3565 2128 3621 die
2151 3569 2304 3624 Deus
2352 3569 2412 3623 in
2456 3569 2605 3625 lucis
2662 3571 2905 3626 nomine
2955 3571 3511 3640 condiditangelos.

1851 3656 2124 3712 Secundo
2147 3656 2207 3711 in
2241 3658 2604 3714 firmamenti
2636 3661 3032 3733 appellatione
3065 3661 3287 3716 creavit
3308 3662 3508 3718 cmlos.

1847 3745 2035 3800 Tertio
2061 3745 2122 3799 in
2153 3747 2526 3802 discretionis
2559 3750 2854 3805 vocabulo
2900 3751 3158 3822 speciem
3213 3767 3513 3822 aquarum

1847 3839 1904 3888 et
1929 3838 2114 3890 terrae.
2143 3837 2364 3900 Quarto
2393 3835 2714 3893 luminaria
2747 3838 2897 3893 caeli.
2934 3839 3150 3903 Quinto
3183 3839 3513 3896 animantia

1846 3939 1919 3978 ex
1941 3939 2119 3995 aqua.
2148 3925 2322 3981 Sexto
2348 3925 2678 3981 animantia
2708 3944 2780 3981 ex
2811 3932 2986 3998 terra,
3026 3932 3081 3981 et
3106 3926 3368 3998 primum
3408 3929 3512 3984 ho-

1845 4011 2071 4066 minem
2099 4011 2312 4067 Adam.

1919 4099 2111 4155 Adam
2138 4105 2238 4156 130
2259 4117 2419 4156 anno
2451 4102 2655 4170 genuit
2683 4103 2841 4172 Seth,
2873 4119 2909 4158 a
2938 4118 3061 4175 quo
3091 4101 3192 4157 ﬁlii
3224 4104 3344 4160 Dei.
3374 4105 3510 4162 Seth

1848 4204 2008 4244 anno
2038 4193 2132 4244 105
2161 4191 2364 4259 genuit
2395 4193 2573 4260 Enos,
2602 4191 2706 4264 qui
2762 4192 2941 4264 coepit
2981 4192 3262 4249 invocare
3289 4211 3510 4250 nomen

1849 4279 2102 4332 Domini.
2136 4281 2288 4334 Enos
2310 4295 2471 4335 anno
2498 4284 2566 4335 90
2592 4281 2794 4350 genuit
2824 4282 3069 4338 Cainan.
3101 4281 3328 4340 Cainan
3347 4301 3508 4341 anno

1847 4367 1915 4418 70
1947 4363 2150 4432 genuit
2169 4362 2492 4430 Malalehel,
2517 4365 2620 4436 qui
2653 4366 3073 4438 interpretatur
3093 4367 3380 4439 plantatio
3399 4372 3508 4426 Do-

1845 4452 2012 4507 mini.
2047 4451 2349 4508 Malalehel
2369 4459 2609 4509 anno72
2633 4456 2836 4524 genuit
2863 4458 3081 4512 Jareth.
3113 4459 3310 4514 Jareth
3345 4476 3505 4516 anno

1850 4545 1948 4596 162
1973 4541 2177 4610 genuit
2210 4542 2425 4597 Enoch.
2465 4543 2633 4598 Hunc
2666 4544 2775 4614 (35)
2816 4545 3107 4601 nonnulla
3136 4545 3332 4601 divine
3362 4547 3504 4602 scri-

1845 4631 2036 4702 psisse
2061 4633 2085 4684 J
2095 4630 2214 4686 uda
2242 4631 2514 4703 apostolo
2546 4636 2793 4688 testante
2826 4635 3251 4706 comperimus.
3303 4636 3504 4690 Enoch

1847 4736 2008 4776 anno
2067 4725 2132 4775 65
2192 4721 2396 4790 genuit
2447 4722 2839 4790 Matusalam;
2892 4729 3028 4794 post
3075 4724 3248 4792 cujus
3306 4729 3502 4780 ortum

1847 4811 2168 4866 translatus
2194 4817 2282 4866 est
2321 4827 2356 4866 a
2392 4811 2532 4866 Deo.
2577 4812 2923 4868 Matusalam
2950 4828 3109 4867 anno
3162 4816 3258 4867 187
3301 4812 3505 4882 genuit

1847 4902 2122 4956 Lamech.
2157 4901 2432 4970 Gigantes
2472 4901 2591 4956 nati
2620 4905 2776 4956 sunt.
2829 4905 2895 4956 Et
2936 4900 3367 4972 concupierunt
3400 4900 3503 4956 ﬁlii

1846 4991 1945 5047 Dei
2000 4991 2064 5046 id
2111 4996 2200 5046 est
2244 4991 2398 5056 Seth,
2449 4988 2603 5044 ﬁlias
2632 4990 2968 5056 hominum,
3000 4989 3061 5044 id
3089 4994 3176 5044 est
3203 4989 3367 5045 Cain.
3398 4993 3501 5048 La-

1916 5172 2027 5240 (34)
2051 5162 2386 5248 Qua:_apud
2419 5171 2738 5248 utrumque
2756 5170 3087 5248 sequuntur
3117 5184 3190 5224 ex
3222 5169 3379 5226 Beda
3423 5170 3499 5227 de

1843 5238 2179 5312 tempOrLet
2207 5238 2430 5293 Isidoro
2459 5238 2674 5312 hausta
2701 5238 2855 5293 sunt:

1914 5309 2026 5381 (33)
2081 5311 2724 5381 Hunc—comperimus
2770 5325 2842 5363 ex
2902 5309 3061 5381 Beda
3112 5310 3186 5366 de
3214 5314 3277 5367 Vl
3316 5316 3496 5380 astat,

1841 5379 2024 5455 quem
2047 5381 2225 5455 etiam
2247 5379 2306 5433 in
2339 5380 2728 5451 sequentibus
2749 5380 3066 5455 consuluit.

1914 5455 2023 5548 (36)
2044 5451 2300 5548 additur
2325 5466 2364 5548 fl
2395 5467 2590 5548 manu.
2611 5453 2927 5508 recentiori
2958 5456 3085 5548 1.3.

1937 5529 2023 5548 ιιι-ἱ
2175 5525 2191 5542 Ἰ
2241 5537 2316 5548 ...η
2347 5523 2359 5548 ἑ
2393 5537 2561 5548 “nl”.-.
2596 5523 2711 5548 ,θλ-...⁸
2734 5539 2915 5548 “nl”...
2953 5539 2981 5548 ι.

1915 5521 2025 5596 ζ3³ῑ>
2058 5525 2119 5578 G.
2155 5521 2364 5578 Christi
2393 5523 2711 5578 recentiori
2734 5523 3086 5596 manupdd.
3119 5527 3172 5578 4.

1914 5587 1928 5666 ξ
1939 5587 2028 5667 38)
2059 5598 2122 5651 In
2146 5609 2270 5667 qua
2293 5607 2504 5664 regum
2535 5597 2886 5668 tempestate
2901 5593 3064 5666 dign.
3098 5601 3146 5651 1.
