3986 6178
369 127 474 180 455
1285 123 1540 178 ANNAL.
1591 122 2033 178 HlLDESHElM.
2079 119 2448 184 QUEDLINB.
2491 121 2871 177 WEISSEMB.
3695 125 3804 177 456

642 247 962 304 ANNALES
1019 219 1752 312 ouanumuaosxsas.
2062 251 2107 300 Α
2601 244 2945 300 LAMBERTI
2984 243 3329 298 ANNALES.

2135 333 2418 387 Romanis
2449 331 2742 388 subditur.
2775 333 2900 388 Huc
2931 347 3122 404 usque
3148 347 3405 402 regnum
3431 334 3808 401 Graec-orum,

2133 419 2294 458 nunc
2331 407 2759 458 Romanorum.

440 495 624 551 Julius
655 498 852 552 Caesar
875 494 1048 551 annis
1099 500 1150 549 5.
1198 494 1298 549 Hic
1343 493 1574 566 primus
1608 493 2024 549 monarchiam
2203 491 2391 546 Julius
2413 495 2610 549 Caesar
2635 493 2808 548 annis
2837 497 2890 548 5.
2953 491 3054 547 Hic
3102 490 3334 563 primus
3376 494 3811 552 monarchiam

369 587 576 654 tenuit,
607 591 664 641 et
689 584 768 640 ab
797 584 912 639 hoc
943 599 1194 639 caesares
1233 582 1516 656 appellati
1547 589 1703 639 sunt.
1750 583 1839 638 Ab
1883 582 2027 638 orbe
2135 581 2339 647 tenuit,
2373 587 2430 637 et
2457 581 2536 637 ab
2561 581 2674 637 hoc
2703 598 2954 638 cessares
2986 580 3268 654 appellati
3295 586 3454 636 sunt.

369 675 608 731 condito
639 690 828 745 usque
859 673 936 728 ad
969 672 1181 728 urbem
1211 672 1538 738 conditam,
1571 673 1630 728 id
1659 678 1745 727 est
1776 676 2027 728 Romam

370 771 507 819 sunt
533 764 674 820 anni
704 765 864 818 4484.
899 761 986 816 Ab
1018 761 1164 817 urbe
1196 765 1398 817 autem
1425 762 1663 817 condita
1697 779 1885 834 usque
1912 761 1991 816 ad
2021 759 2391 816 nativitatem
2431 760 2640 816 Christi
2671 765 2809 815 sunt
2837 758 2981 815 anni
3011 764 3135 827 715,
3168 775 3430 832 quorum
3487 776 3739 818 summa

367 853 634 926 quinque
664 851 827 906 milia
861 853 981 906 199.

440 940 820 996 Octaviamus
843 944 1147 1009 Augustus
1177 939 1350 994 annis
1382 945 1468 994 56.
1511 939 1701 1009 Hujus
1739 956 1901 995 anno
1933 943 2024 994 42η
2205 939 2582 993 Octaviamus
2610 937 2783 994 annis
2815 942 2902 993 56.
2938 937 3122 1008 Hujus
3154 953 3313 993 anno
3363 941 3456 1006 42,
3507 939 3813 995 Dominus

364 1029 653 1084 Dominus
683 1029 969 1098 nascitur,
998 1028 1309 1102 completis
1341 1029 1418 1084 ab
1448 1030 1641 1085 Adam
1680 1030 1852 1085 annis
1886 1035 2024 1085 4952
2131 1032 2332 1082 noster
2359 1030 2528 1081 Jesus
2558 1027 2822 1084 Christus
2856 1027 3138 1093 nascitur,
3169 1026 3580 1098 completisab
3610 1028 3816 1084 Adam

365 1122 422 1172 et
445 1117 618 1188 juxta
639 1117 787 1172 alios
818 1123 976 1173 5199.
2126 1116 2299 1186 juxta
2327 1117 2732 1171 Hieronimum
2759 1117 2932 1171 annis
2963 1120 3121 1172 5199.

435 1204 698 1261 Tiberius
726 1210 899 1261 annis
920 1211 1008 1261 23.
1045 1206 1229 1276 Hujus
1270 1222 1431 1262 anno
1465 1211 1546 1262 17°
1572 1208 1861 1263 Dominus
1891 1223 2023 1263 cru-
2202 1205 2467 1260 Tiberius
2492 1210 2800 1275 Augustus
2827 1205 3000 1261 annis
3022 1209 3110 1261 23.
3143 1206 3328 1276 Hujus
3362 1221 3529 1261 anno
3566 1210 3656 1275 18,
3693 1209 3815 1262 Do-

365 1293 638 1364 ciﬁgitur.
2132 1294 2332 1349 minus
2362 1301 2562 1350 noster
2591 1297 2759 1350 Jesus
2793 1295 3058 1351 Christus
3088 1294 3406 1350 crucifixus
3437 1301 3546 1351 est.

436 1384 607 1439 Caius
637 1384 810 1439 annis
830 1387 883 1438 4.
917 1383 1180 1439 Matheus
1211 1383 1591 1452 evangelium
1621 1385 1875 1457 scripsit.
2205 1385 2383 1440 Gaius
2414 1385 2588 1440 annis
2615 1388 2668 1440 4.
2702 1386 2964 1440 Matheus
2984 1384 3363 1454 evangelium
3395 1385 3657 1458 scripsit.

435 1472 717 1528 Claudius
770 1472 944 1527 annis
994 1475 1077 1526 li.
1137 1473 1344 1527 Petrus
1398 1477 1454 1528 et
1501 1473 1718 1529 Paulus
1753 1476 2022 1540 Romam,
2207 1474 2487 1529 Claudius
2519 1475 2693 1529 annis
2726 1477 2810 1529 14.
2868 1477 3068 1530 Petrus
3124 1477 3400 1543 Romam,
3457 1479 3516 1530 et
3570 1478 3811 1532 Marcus

363 1563 591 1617 Marcus
623 1560 1044 1616 Alexandriam
1074 1560 1235 1632 petit.
2057 1583 2095 1634 Β
2134 1562 2559 1618 Alexandriam
2591 1563 2901 1636 petierunt.

434 1654 582 1706 Nero
613 1651 786 1706 annis
813 1654 875 1706 14
897 1666 1088 1722 paene.
1118 1653 1319 1706 Petrus
1352 1655 1408 1706 et
1437 1651 1660 1706 Paulus
1711 1652 1870 1707 cruci
1902 1652 2023 1722 gla-
2205 1656 2353 1708 Nero
2384 1653 2558 1708 annis
2595 1656 2706 1708 14'.
2737 1656 2936 1708 Petrus
2966 1657 3024 1708 et
3053 1652 3268 1708 Paulus
3284 1652 3449 1709 cruci
3474 1653 3810 1726 gladioque

361 1739 580 1811 dioque
605 1740 938 1795 traduntur.
2135 1741 2330 1797 traditi
2361 1747 2499 1797 sunt
2523 1744 2652 1812 (51).

432 1829 838 1902 Vespasianus
870 1828 1044 1884 annis
1078 1833 1161 1883 10.
1197 1829 1386 1899 Hujus
1414 1845 1574 1885 anno
1621 1830 1885 1886 secundo
1933 1831 2020 1886 Ti-
2205 1831 2606 1902 Vespasianus
2639 1831 2812 1885 annis
2843 1835 2925 1886 10.
2947 1831 3132 1901 Hujus
3156 1846 3316 1886 anno
3338 1830 3611 1886 secundo
3643 1832 3809 1887 Titus

361 1923 456 1976 tus
483 1918 922 1990 Jerosolymam
957 1917 1262 1984 subvertit,
1293 1918 1582 1990 templum
1616 1919 1742 1974 solo
1766 1925 2023 1992 prostra-
2132 1920 2588 1976 Hierosolimam
2607 1920 2911 1986 subvertit,
2946 1919 3237 1992 templum
3261 1919 3393 1975 solo
3416 1920 3645 1988 stravit,
3667 1927 3810 1992 post

359 2009 461 2077 vit,
489 2014 626 2082 post
653 2025 846 2064 annos
879 2007 1086 2080 primae
1113 2007 1525 2062 aediﬁcationis
1553 2012 1708 2073 1089,
1758 2009 2020 2064 Domini-
2132 2024 2324 2064 annos
2356 2009 2562 2081 primae
2593 2008 3000 2065 aediﬁcationis
3031 2011 3187 2078 1189,
3239 2008 3568 2064 Dominicae
3599 2015 3810 2065 autem

361 2115 444 2154 ca:
476 2103 678 2153 autem
708 2097 1135 2152 incarnationis
1164 2103 1278 2151 71°.
1322 2097 1599 2152 Colossus
1656 2098 1767 2167 (50)
1823 2101 2020 2153 Romae
2132 2098 2561 2155 incarnationis
2588 2105 2674 2154 71.

360 2186 622 2255 erigitur,
655 2186 888 2242 habens
919 2184 1259 2240 altitudines
1289 2185 1472 2256 pedes
1508 2189 1627 2239 107.

430 2275 588 2330 Titus
645 2275 818 2331 annis
871 2279 924 2329 2.
985 2274 1086 2329 Hic
1135 2273 1432 2329 facundus
1493 2279 1550 2329 et
1603 2275 1737 2346 pius
1787 2274 1911 2340 fuit,
1967 2279 2023 2331 et

360 2364 451 2420 vir
475 2365 748 2419 omnium
803 2364 1085 2419 virtutum
1139 2379 1354 2432 genere
1408 2363 1714 2425 mirabilis.
1775 2364 1928 2419 adeo
1961 2369 2023 2420 ut

361 2469 531 2510 amor
555 2458 612 2509 et
635 2452 860 2508 deliciae
886 2451 1134 2507 humani
1168 2451 1400 2522 generis
1431 2452 1744 2508 diceretur.

429 2539 1077 2606 Domiciamus,fratrer
1105 2540 1229 2606 Titi,
1255 2541 1429 2595 annis
1463 2547 1545 2596 16.
1565 2540 1662 2596 Hic
1687 2541 2018 2597 Johannem
2201 2545 2584 2600 Domicianus
2612 2543 2786 2599 annis
2820 2548 2904 2599 16.
2935 2546 3195 2599 Joannes
3242 2541 3554 2615 apostolus
3601 2541 3668 2597 in
3703 2543 3813 2597 Pa.-

358 2631 752 2700 evangelistas
783 2630 842 2684 in
874 2630 1106 2686 fervens
1137 2630 1338 2685 oleum
1370 2630 1548 2697 misit,
1582 2648 1765 2703 quem
1812 2637 2021 2703 postea
2133 2633 2330 2688 thmos
2358 2633 2672 2702 relegatur.

355 2719 416 2776 in
434 2721 711 2776 Pathmos
732 2719 992 2775 insulam
1011 2719 1186 2774 exilio
1217 2719 1628 2788 relegavit,ubi
1646 2720 2018 2793 apocalipsin

358 2812 475 2867 Deo
503 2810 800 2865 revelante
828 2809 1124 2878 cognovit.
1147 2809 1308 2864 Idem
1326 2809 1707 2864 Domicianus
1726 2810 2016 2882 templum
2042 2810 2347 2866 Pantheon
2397 2813 2594 2866 Romae
2641 2809 2918 2879 aediﬁcat,
2961 2808 3127 2881 quod
3174 2807 3510 2867 Bonifacius
3554 2824 3728 2880 papa

356 2905 565 2972 postea
591 2899 650 2953 in
683 2899 910 2953 honore
943 2904 1164 2953 sanctae
1195 2898 1385 2954 Maria:
1419 2915 1656 2970 semper
1685 2899 1926 2969 virginis
1955 2899 2352 2971 omniumque
2381 2904 2642 2954 matrum
2666 2898 2874 2956 Christi
2905 2899 3296 2954 consecravit.

428 2992 617 3043 Nerva
643 3003 873 3042 annum
910 2992 958 3052 1,
1009 3003 1249 3042 menses
1295 2991 1350 3058 4,
1383 2987 1508 3043 dies
1566 2993 1617 3044 8.
1669 2987 1769 3043 Hic
1826 2989 2022 3062 primo
2205 2992 2391 3043 Nerva
2448 3005 2607 3044 anno
2663 3004 2804 3043 uno.
2857 2990 3120 3043 Joonnes
3175 2988 3475 3060 Ephesum
3518 2984 3706 3040 rediit
3752 2990 3818 3040 et

356 3077 547 3132 edicto
574 3093 683 3131 suo
723 3082 968 3132 cunctos
1018 3076 1219 3132 exules
1265 3077 1580 3141 revocavit,
1629 3082 1686 3132 et
1726 3077 2024 3150 quidquid
2131 3077 2510 3147 evangelium
2538 3076 2793 3150 scripsit.

353 3164 738 3220 Domicianus
769 3168 936 3231 Nero,
988 3165 1090 3237 qui
1119 3170 1253 3220 ante
1298 3183 1436 3222 eum
1488 3171 1862 3234 regnaverat,
1917 3183 2024 3239 per

354 3253 762 3309 crudelitatem
793 3260 848 3309 et
874 3254 1286 3326 petulantiam,
1311 3270 1433 3326 qua
1461 3253 1715 3309 nimium
1743 3255 1980 3321 exarsit,
2016 3258 2318 3320 statuerat,
2350 3254 2526 3310 totius
2556 3253 2766 3327 populi
2798 3257 3013 3325 rogatu
3060 3256 3117 3308 et
3165 3251 3413 3309 consilio
3441 3250 3728 3324 disrupit.

354 3343 517 3400 Unde
546 3348 601 3399 et
629 3344 888 3398 Joannes
917 3343 1224 3415 apostolus
1261 3344 1375 3398 hac
1405 3343 1667 3415 generali
1692 3343 2062 3413 indulgentia
2090 3343 2396 3410 liberatus,
2432 3343 2732 3415 Ephesum
2762 3342 2952 3409 rediit,
3004 3347 3060 3399 et
3086 3342 3232 3415 quia
3253 3356 3619 3397 concussam
3666 3357 3732 3396 se

351 3432 598 3486 absente
651 3447 758 3502 per
815 3431 1123 3486 hiereticos
1155 3431 1300 3487 vidit
1329 3431 1589 3487 ecclesiae
1620 3431 1823 3502 ﬁdem,
1857 3432 2172 3488 confestim
2220 3433 2334 3488 hac
2389 3433 2753 3506 descriptam
2803 3432 2862 3488 in
2901 3430 3212 3501 evangelio
3259 3447 3368 3486 suo
3401 3429 3561 3486 verbi
3620 3430 3732 3485 Dei

352 3521 673 3575 aeternitate
705 3520 1004 3575 stabilivit.

421 3610 708 3684 Trajanus
735 3610 908 3664 annis
942 3615 1025 3684 19.
1054 3610 1353 3684 Johanncs
1384 3611 1692 3684 apostolus
1724 3616 1790 3667 68
1821 3628 2011 3667 annos
2193 3615 2481 3684 Trajanus
2513 3613 2686 3669 annis
2720 3617 2803 3669 19.
2839 3612 3078 3670 Simeon
3112 3610 3644 3668 Hierosolimorum
3675 3611 3817 3683 epi‘

351 3680 911 3775 ggiturgsjggqg
926 3682 1893 3775 2311119}1_g§tati§_§gtef}}_A5113
1920 3689 2009 3775 9g,
2123 3719 2344 3775 scopus
2375 3702 2757 3772 cruciﬁgitur,
2790 3707 2848 3759 et
2888 3707 3147 3758 Joannes
3189 3699 3500 3774 apostolus
3547 3700 3807 3772 requie—

351 3751 831 3848 thesiplacida
855 3757 1045 3808 morte
1071 3752 1313 3833 quievit.
1373 3753 1590 3848 Sim-otia
1626 3753 1899 3848 Cleophis
1943 3751 2014 3809 ﬁ-
2054 3751 2251 3848 cggi't‘.

347 3822 463 3878 liUs
522 3822 1442 3904 Hierosolymorum—episcopus
1495 3829 1592 3880 126
1647 3822 1835 3880 aetatis
1888 3843 2012 3882 suae

349 3909 511 3949 anno
536 3894 921 3963 cruciﬁgitur.

309 4004 322 4014 υ
417 3981 714 4039 Adrianus
741 3983 916 4050 annis
943 3987 1032 4038 20.
1065 3982 1165 4038 Hic
1191 3983 1434 4039 Judaeos
1464 3983 1674 4040 ultima
1704 3984 1865 4040 caade
1886 4001 2016 4057 per-
2193 3986 2490 4044 Adrianus
2516 3987 2691 4043 annis
2723 3992 2812 4043 21.
2846 3985 3059 4060 Aquila
3078 3985 3368 4059 interpres
3397 3983 3608 4041 oritur.

346 4070 596 4136 domuit,
630 4076 687 4127 et
713 4072 1152 4145 Jerosolymam
1182 4073 1450 4129 funditus
1493 4090 1766 4129 eversam
1797 4078 2007 4130 aratris

347 4159 768 4231 complanavit,
810 4166 875 4216 ut
906 4161 1249 4234 impleretur
1278 4163 1443 4235 quod
1472 4163 1761 4234 scriptum
1787 4168 1876 4218 est
1908 4182 1918 4218 :
1953 4165 2092 4221 Sion
2127 4168 2304 4237 quasi
2328 4182 2475 4237 ager
2499 4166 2781 4222 arabitur
2815 4183 2828 4234 ;
2879 4164 2981 4237 qui
3012 4168 3221 4236 postea
3245 4163 3305 4219 in
3335 4163 3469 4218 loco
3501 4161 3723 4219 Calva—

346 4251 467 4321 riae,
491 4250 590 4304 ubi
619 4251 881 4307 Christus
913 4252 1231 4309 cruciﬁxus
1261 4259 1368 4322 est,
1396 4254 1695 4310 civitatem
1727 4255 2074 4323 construxit,
2107 4273 2293 4329 quam
2319 4257 2520 4312 ablato
2546 4257 2930 4330 Jerosolymaa
2956 4256 3202 4312 nomine
3248 4253 3474 4310 Heliam
3502 4253 3578 4308 de
3604 4269 3721 4308 suo

345 4342 589 4396 nomine
616 4343 818 4398 vocari
843 4343 1038 4415 jussit,
1071 4345 1214 4417 quia
1244 4346 1422 4402 {Elius
1453 4346 1750 4401 Adrianus
1784 4347 2117 4405 vocabatur
2150 4367 2162 4416 ;
2206 4349 2311 4404 sed
2337 4348 2618 4421 antiquus
2648 4365 2793 4404 usus
2822 4347 3155 4420 praavaluit.

415 4431 751 4487 Antoninus
784 4433 920 4488 Pius
941 4450 1081 4489 cum
1111 4435 1268 4491 ﬁlius
1300 4436 1421 4490 suis
1452 4435 1687 4490 Aurelio
1738 4441 1794 4491 et
1831 4437 2005 4492 Lucio
2186 4438 2474 4494 Antonius
2506 4437 2639 4493 Pius
2673 4437 2847 4493 annis
2895 4440 2984 4492 24.
3036 4434 3490 4493 Valentinianus
3535 4439 3598 4490 et
3640 4437 3811 4492 Mar-

2201 2320 2362 2376 Titus
2389 2319 2564 2376 annis
2591 2324 2644 2375 2.
2678 2320 2778 2374 Hic
2809 2318 3108 2375 facundus
3140 2323 3197 2375 et
3217 2318 3352 2390 pius
3378 2317 3507 2374 fuit.

341 4520 514 4576 annis
543 4525 631 4576 22.
664 4522 762 4577 Hic
792 4521 1090 4593 benignus
1129 4541 1272 4594 erga
1323 4524 1676 4580 christianos
1726 4525 1851 4582 fuit.
1903 4529 2007 4582 Va-
2115 4527 2251 4583 cion
2280 4527 2521 4583 heretici
2545 4531 2975 4599 agnoscuntur.

339 4609 599 4666 lentinus
632 4616 688 4666 et
707 4613 962 4668 Marcion
998 4619 1430 4682 agnoscuntm'.

410 4703 477 4757 M.
511 4702 844 4757 Antoninus
885 4705 1067 4758 Verus
1123 4721 1260 4758 cum
1311 4703 1488 4759 fratre
1545 4703 1721 4758 Lucio
1769 4704 2004 4760 Aurelio
2184 4704 2518 4760 Antoninus
2547 4703 2743 4759 minor
2773 4701 3061 4758 annis19.
3107 4705 3416 4759 Montanus
3458 4699 3816 4771 Catafriga—

340 4790 671 4846 Commodo
701 4791 873 4846 annis
908 4797 990 4847 16.
1026 4792 1091 4846 Hi
1135 4792 1400 4864 primum
1444 4793 1579 4863 jure
1621 4809 1792 4865 aequo
1821 4794 2007 4867 impe—
2111 4810 2248 4850 rum
2277 4798 2485 4850 auctor
2513 4793 2718 4849 oritur.

337 4876 493 4933 rium
523 4878 1114 4950 administraverunt,
1142 4897 1282 4936 cum
1307 4897 1498 4952 usque
1522 4880 1598 4937 ad
1621 4881 1736 4937 hoc
1766 4887 2004 4955 tempus

339 4965 557 5037 singuli
584 4968 822 5037 augusti
853 4937 1113 5023 fuerint.’
1399 4937 1422 4952 ‘
1776 4937 1912 4955 Mi
1988 4937 1994 4938 ί
2038 4937 2082 4990 D

407 5056 773 5113 Commodus
789 5055 992 5128 junior
1009 5056 1182 5112 annis
1209 5056 1399 5114 13.Hic
1417 5059 1637 5115 colossi
1653 5059 1846 5131 capite
1864 5059 2000 5116 sub-
2181 5059 2548 5119 Commodus
2575 5059 2749 5116 annis
2783 5063 2865 5115 13.
2921 5056 3290 5115 Theodotion
3333 5056 3638 5130 interpres
3695 5075 3817 5134 ap-

2108 5152 2327 5224 paruit.

395 5404 519 5483 (50)
560 5406 620 5458 In
650 5405 1038 5487 sequentibus
1066 5407 1131 5471 Ο.
1163 5405 1337 5476 plura
1365 5422 1438 5460 ex
1467 5406 1622 5462 Beda
1673 5407 1746 5460 de
1802 5409 1868 5459 Vl
1899 5409 1991 5460 aet.
2133 5481 2143 5491 Ἢ
2181 5407 2286 5531 (151)
2326 5407 2534 5488 Addit.
2575 5424 2598 5464 .’
2637 5410 2909 5462 Lucanus
2965 5409 3022 5461 et
3064 5402 3808 5484 Josephusclaruerunt.

395 5489 583 5531 usque
611 5475 872 5531 fontibus
901 5476 1106 5531 addit:
1147 5477 1497 5531 Lambertus
1542 5493 1683 5531 vero
1736 5477 1994 5530 Annales
2107 5481 2190 5531 (ιδ
2215 5477 2294 5531 ba
2339 5483 2396 5531 et
2446 5481 2576 5531 Piso
2632 5485 2660 5531 7
2717 5493 2974 5531 menses.
3026 5475 3147 5531 Hos
3199 5474 3416 5530 occ1d1t
3447 5475 3634 5531 Ottho
3671 5485 3808 5531 tres

331 5472 583 5543 aliisque
611 5472 872 5531 fontibus
901 5476 1106 5543 addit;
1147 5472 1497 5532 llambertus
1542 5493 1683 5532 vero
1736 5477 1994 5530 Annales
2107 5472 2294 5532 Galba
2339 5483 2396 5533 et
2446 5478 2576 5534 Piso
2632 5485 2660 5532 7
2717 5493 2974 5533 menses.
3026 5475 3147 5531 Hos
3199 5472 3416 5530 occidit
3447 5475 3634 5533 Ottho
3671 5485 3812 5535 tres

333 5544 770 5603 Hersl'eldenses
801 5552 1062 5620 repetere
1095 5547 1345 5605 videtur.
2101 5565 2376 5624 menses;
2407 5550 2505 5624 _h_i_c
2539 5566 2600 5624 se
2625 5551 2827 5624 ipsum
2855 5547 3088 5605 occidit.
3133 5546 3389 5603 Vitellius
3417 5551 3450 5603 8
3483 5563 3751 5607 menses
3790 5571 3810 5619 ;

2101 5619 2264 5677 hunc
2293 5619 2509 5678 occidit
2539 5619 2958 5695 Vespasianus.
