3980 6176
197 95 279 147 ιδτ
1004 120 1007 123 ·
1088 95 1171 149 ΕΤ
1209 93 1557 151 LAMBERTI
1598 89 2173 148 ASCHAFNABURG.
2209 93 2384 149 PARS
2425 93 2658 152 PRIOR.

445 218 765 272 ANNALES
811 218 1538 282 QUEDLINBURGENSES.

195 303 312 372 lato,
338 319 454 358 sua
485 304 766 374 imaginis
797 310 978 377 caput
1008 305 1060 361 ei
1080 306 1258 376 jussit
1279 306 1530 380 imponi.
1549 303 1818 361 Theodo-

196 393 306 448 cion
327 392 612 466 interpres
639 393 910 450 habetur.

252 482 502 540 Elius...

353 572 621 628 Pertinax
651 572 824 629 annis
853 575 937 628 18.
971 575 1371 646 Symmachus
1401 574 1691 647 interpres
1715 573 1823 630 ha-

189 660 356 717 betur.

249 748 566 804 Antoninus
591 749 894 806 Caracalla
915 751 1090 806 annis
1116 757 1168 806 7.
1206 751 1422 816 Quinta
1452 749 1633 806 editio
1662 753 1823 806 Jeru-

189 836 354 892 salem
378 836 690 893 invenitur.

247 926 520 983 Macrinus
544 943 704 982 anno
735 943 876 983 uno.
902 931 965 984 M.
991 909 1260 982 Aurelius
1285 926 1620 983 Antoninus
1648 926 1823 983 annis

185 1017 233 1071 4.
266 1016 428 1071 Sexta
457 1015 635 1071 editio
660 1015 925 1088 Nicopoli
950 1016 1258 1089 reperitur,
1308 1020 1365 1072 et
1396 1015 1687 1074 Sabellius
1736 1015 1823 1070 in-

186 1104 308 1161 felix
336 1106 610 1162 exoritur.

246 1193 500 1249 Aurelius
530 1193 862 1250 Alexander
891 1194 1110 1249 annnis
1145 1198 1229 1250 13.
1261 1194 1547 1264 Origenes
1577 1193 1824 1250 Alexan-

181 1281 312 1338 dria
339 1282 457 1338 imo
487 1287 608 1339 toto
639 1283 784 1339 orbe
814 1283 1012 1339 clarus
1039 1283 1313 1339 habetur.

245 1371 586 1428 Maximinus
630 1372 805 1428 annis
832 1377 885 1428 3.
932 1372 1030 1428 Hic
1057 1372 1432 1446 persequitur
1480 1372 1820 1428 chritianos.

242 1549 568 1607 Gordianus
602 1549 776 1606 annis
823 1554 876 1606 6.
924 1550 1225 1607 Fabianus
1275 1550 1593 1625 episcopus
1620 1555 1824 1607 Roma

177 1639 390 1696 claruit.

239 1730 543 1803 Philippus
573 1747 714 1786 cum
740 1731 1015 1805 Philippo
1047 1730 1169 1786 ﬁlio
1191 1731 1364 1787 annis
1391 1736 1443 1788 8.
1469 1732 1568 1789 Hic
1594 1731 1826 1805 primus

171 1818 520 1890 christianus
567 1819 894 1892 imperator
921 1820 1048 1889 fuit,
1080 1825 1136 1876 et
1183 1820 1340 1876 ﬁlius
1369 1821 1498 1892 ejus
1537 1820 1821 1876 similiter.

238 1908 447 1963 Decius
476 1907 651 1963 annis
697 1913 749 1965 3.
795 1909 894 1964 Hic
941 1925 1078 1964 cum
1111 1909 1327 1965 ambos
1375 1909 1704 1982 Philippos,
1734 1923 1825 1963 se-

158 1996 400 2052 niorem
451 1999 672 2064 Roma,
719 1998 1022 2068 juniorem
1080 2000 1322 2054 Verona
1371 1997 1701 2066 occidisset,
1745 1996 1826 2053 ob

158 2083 373 2139 odium
395 2101 603 2140 eorum
633 2087 1112 2157 persecutionem
1135 2086 1196 2142 in
1219 2086 1572 2142 christianos
1596 2089 1820 2142 movet.

161 2173 453 2228 Antonius
483 2175 822 2230 monachus
853 2175 913 2230 in
942 2179 1198 2249 Egypto
1238 2174 1465 2232 claruit.

231 2261 432 2317 Gallus
464 2265 521 2318 et
545 2261 903 2320 Volusianus
937 2265 1112 2321 annis
1138 2269 1190 2321 2.
1222 2267 1550 2322 Novatiana
1580 2263 1824 2320 haresis

166 2350 372 2406 oritur.

228 2438 575 2496 Valerianus
601 2457 740 2497 cum
789 2441 1055 2498 Galliano
1097 2442 1273 2498 annis
1308 2447 1392 2499 15.
1447 2443 1547 2498 Hic
1566 2441 1825 2498 Valeria-

155 2543 294 2594 nus,
341 2528 403 2584 in
432 2529 786 2586 christianos
816 2531 1230 2603 persecutione
1282 2533 1607 2597 commota,
1625 2529 1824 2585 statim

151 2633 189 2673 a
219 2619 448 2690 Sapore
479 2619 796 2674 Persarum
835 2635 971 2689 rege
1021 2619 1290 2692 capitur:
1343 2619 1546 2692 ibique
1575 2617 1819 2674 lumini-

148 2703 272 2760 bus
302 2704 858 2776 orbatus,servitute
883 2707 1210 2763 miserabili
1241 2707 1821 2778 consenescit,quem

149 2794 336 2850 etiam
371 2811 575 2850 secum
616 2811 980 2868 quocunque
1011 2796 1300 2868 pergebat
1349 2796 1598 2865 ducens,
1632 2795 1710 2851 ad
1730 2795 1820 2850 in-

142 2883 376 2954 juriam
403 2887 810 2940 Romanorum
835 2885 965 2941 solo
982 2891 1155 2940 tenus
1180 2885 1529 2941 inclinatum
1560 2884 1818 2956 pedibus

147 2973 419 3039 calcans,
493 2972 764 3029 ascendit
814 2973 876 3028 in
953 2989 1199 3047 equum.
1282 2973 1447 3030 Unde
1523 2973 1820 3030 Gallienus

149 3066 278 3118 tam
308 3060 388 3117 de
426 3061 589 3117 claro
621 3060 722 3117 Dei
747 3061 964 3133 juditio
1011 3062 1264 3130 territus,
1293 3077 1506 3135 pacem
1539 3061 1818 3120 Christia-

145 3149 240 3205 nis
273 3149 495 3205 reddit.

215 3237 516 3294 Claudius
546 3255 740 3295 annos
767 3245 820 3296 2.
851 3239 966 3295 Iste
997 3240 1218 3296 Gothos
1239 3241 1368 3311 jam
1396 3255 1504 3313 per
1531 3255 1724 3296 annos
1753 3244 1817 3295 15

144 3327 437 3384 llliricum
467 3327 997 3400 Macedoniamque
1027 3333 1329 3385 vastantes
1372 3331 1614 3401 superat
1637 3331 1694 3384 et
1722 3344 1818 3383 ex-

141 3415 334 3490 pellit.

213 3505 581 3562 Aurelianus
602 3522 796 3563 annos
817 3512 868 3562 5.
920 3505 1020 3562 Hic
1051 3507 1231 3564 etiam
1258 3508 1636 3582 persequitur
1660 3507 1814 3564 chri-

145 3595 403 3652 stianos.

213 3685 463 3741 Tacitus
491 3700 728 3740 menses
759 3688 810 3740 6.
845 3687 974 3752 Quo
1004 3685 1169 3759 apud
1198 3689 1454 3742 Pontum
1481 3685 1816 3748 occiso.ob-

142 3775 322 3830 tinuit
384 3774 690 3830 Florianus
713 3774 1035 3848 imperium
1065 3775 1279 3832 diebus
1309 3779 1398 3846 88,
1451 3780 1508 3832 et
1539 3776 1623 3832 sic
1653 3775 1820 3848 apud

140 3882 448 3938 Tharsum
474 3880 837 3938 interﬁcitur.

213 3971 459 4028 Probus
489 3971 664 4026 annis
688 3971 1190 4028 6.Manicheorum
1211 3971 1456 4028 haresis
1487 3976 1693 4028 exorta
1713 3975 1818 4026 est.

209 4063 414 4118 Carus
455 4076 594 4115 cum
623 4059 758 4116 ﬁliis
790 4061 1005 4118 Carino
1046 4065 1103 4117 et
1148 4061 1511 4118 Numeriano
1535 4077 1728 4116 annos
1765 4064 1818 4116 2.

139 4152 254 4204 lste
288 4148 376 4204 de
405 4148 594 4203 Persis
624 4148 1034 4221 triumphavit.

211 4235 630 4292 Diocletianus
681 4253 820 4292 cum
867 4236 1157 4294 Herculeo
1211 4237 1591 4304 Maximiano,
1639 4251 1825 4308 quem

138 4324 290 4381 olim
320 4324 442 4380 sibi
463 4325 936 4382 commilitonem
962 4331 1302 4382 consortem
1323 4325 1557 4400 imperii
1580 4324 1824 4397 fecerat,

138 4429 350 4469 annos
380 4417 471 4468 20.
522 4413 618 4471 Isti
650 4413 868 4470 divinis
897 4413 1064 4469 libris
1113 4415 1356 4482 exustis,
1385 4413 1610 4469 vastari
1635 4411 1824 4468 eccle-

138 4503 293 4568 sias,
349 4500 536 4572 aﬂligi
585 4507 642 4557 et
668 4503 921 4558 interﬁci
963 4499 1321 4559 christianos
1355 4503 1702 4574 jusserunt;
1757 4505 1826 4557 2O

135 4597 361 4647 autem
417 4591 586 4661 regni
648 4593 741 4647 sui
796 4608 958 4648 anno
1000 4591 1397 4648 Diocletianus
1443 4591 1826 4664 Nicomedia,

135 4677 554 4735 Maximianus
581 4678 894 4735 Mediolani
936 4695 1272 4752 purpuram
1303 4681 1734 4753 deposuerunt,
1768 4683 1828 4733 et

136 4769 462 4842 privatam
492 4767 678 4825 vitam
715 4768 1041 4838 elegerunt.
1096 4773 1372 4825 Attamen
1418 4773 1621 4841 capta.
1643 4767 1830 4823 semel

133 4855 497 4929 persecutio
527 4872 716 4929 usque
746 4855 826 4912 ad
857 4857 1179 4930 septimum
1197 4856 1567 4914 Constantini
1598 4870 1829 4912 annum

133 4945 386 5002 fervere
411 4959 536 5000 non
569 4950 781 5001 cessat.

211 5032 616 5091 Constantius
658 5033 1026 5090 Constantini
1051 5039 1240 5106 pater,
1288 5039 1349 5090 17
1380 5033 1616 5108 imperii
1642 5049 1825 5100 anno,

135 5140 417 5179 summa
434 5124 914 5180 mansuetudinis
933 5131 991 5180 et
1007 5124 1295 5180 civilitatis
1326 5125 1502 5192 vir,in
1529 5121 1831 5179 Britannia

134 5214 299 5270 obiit
329 5213 715 5269 EboraciJlic
734 5231 872 5269 cum
893 5213 1116 5270 multos
1137 5214 1383 5271 haberet
1401 5215 1462 5270 in
1479 5230 1589 5270 suo
1603 5211 1830 5286 palatio

135 5302 543 5367 christianos,
575 5302 783 5358 volens
817 5303 1074 5375 probare
1106 5304 1153 5358 si
1184 5309 1382 5359 essent
1411 5303 1525 5358 deo
1551 5319 1661 5357 suo
1691 5315 1828 5356 vere

135 5390 390 5459 ﬁdeles,
444 5391 718 5463 promisit
742 5391 813 5447 iis
847 5392 894 5447 si
925 5408 962 5448 a
1005 5391 1123 5447 ﬁde
1153 5392 1514 5461 exciderent,
1545 5389 1736 5446 multa
1767 5403 1830 5442 se

132 5478 321 5535 dona
351 5479 730 5550 largiturum,
776 5479 866 5535 sin
897 5484 1122 5548 autem,
1168 5495 1382 5552 panas
1415 5495 1476 5534 se
1496 5477 1825 5534 illaturum.

133 5567 258 5632 Qui
327 5582 475 5622 cum
533 5567 760 5623 videret
805 5568 1106 5640 quosdam
1157 5583 1193 5623 a
1235 5566 1464 5624 Christo
1511 5563 1820 5631 defecisse,

454 5666 697 5720 PATROL.
740 5668 913 5722 CXLI.

3479 96 3584 148 458
3633 161 3635 163 ι

2411 217 2752 275 LAMBERTI
2791 216 3110 272 ANNALES

1996 303 2174 359 Elius
2205 307 2475 364 Pertinax
2501 325 2732 364 annum
2768 312 2815 363 1.
2850 304 2999 362 Nihil
3024 303 3285 360 historia
3311 305 3506 361 habet.

2001 570 2250 626 Severus
2282 573 2554 630 Pertinax
2585 575 2760 631 annis
2799 578 2883 630 18.
2931 572 3247 628 Simachus
3296 571 3586 644 interpres

1929 658 2291 726 agnoscitur.

2000 754 2289 810 Antonius
2319 757 2622 815 Caracalla
2647 759 2821 816 annis
2846 766 2898 815 7.
2929 759 3146 825 Quinta
3175 757 3356 814 editio
3387 758 3588 814 Hieru-

1933 841 2120 897 salem
2151 843 2468 902 invenitur.

2003 932 2296 988 Macrinus
2354 951 2515 991 anno
2541 951 2661 991 uno
2692 936 2786 991 vel
2842 939 3063 992 Marcus
3107 935 3377 992 Aurelius
3410 940 3587 992 Anto-

1928 1020 2064 1076 nius
2090 1022 2340 1078 annis‘t.
2406 1026 2580 1080 Sexta
2635 1025 2814 1080 editio
2859 1025 3118 1096 Nicapoli
3175 1026 3485 1098 reperitur,
3529 1030 3587 1081 et

1929 1109 2223 1166 Sabellius
2249 1111 2450 1168 infelix
2475 1112 2678 1168 oritur.

2001 1200 2337 1258 Alexander
2396 1203 2572 1259 anuis
2605 1206 2689 1258 13.
2747 1203 3025 1273 Origenes
3069 1203 3436 1258 Alexandria
3470 1204 3588 1259 cla-

1931 1285 2066 1340 ruit.

2002 1373 2394 1429 Maximianus
2425 1374 2515 1430 vel
2561 1375 2854 1431 Maximus
2894 1374 3068 1431 annis
3089 1378 3144 1430 3.
3187 1373 3285 1428 Hic
3317 1389 3594 1445 persecu-

1933 1464 2026 1516 tus
2057 1466 2162 1529 est,
2196 1461 2531 1518 cristianos.

2007 1549 2337 1606 Gordianus
2387 1550 2563 1606 annis
2593 1557 2646 1606 7.
2697 1550 2996 1607 Fabianus
3041 1549 3360 1622 episcopus
3393 1552 3593 1604 Roma

1935 1638 2166 1696 claruit.

2002 1729 2263 1802 Philipus
2301 1729 2475 1786 annis
2505 1735 2556 1786 7.
2605 1730 2708 1786 Hic
2736 1729 2968 1802 primus
3008 1728 3335 1800 imperator
3374 1727 3595 1783 cristia-

1934 1834 2050 1874 nus
2076 1817 2204 1874 fuit.

2004 1908 2214 1964 Decius
2238 1923 2400 1964 anno
2435 1912 2483 1963 1.
2510 1907 2801 1964 Antonius
2833 1906 3172 1962 monachus
3204 1905 3411 1960 oritur.

2005 2014 2304 2071 Gallienus
2361 2019 2416 2071 et
2444 2014 2604 2071 ﬁlius
2635 2015 2766 2086 ejus
2815 2013 3170 2069 Volusianus
3199 2011 3375 2068 annis
3398 2016 3453 2079 2,
3484 2013 3593 2067 No-

1931 2104 2176 2160 vatiana
2204 2105 2431 2160 heresis
2457 2104 2661 2160 oritur.

2002 2191 2348 2248 Valerianus
2379 2208 2518 2248 cum
2573 2191 2839 2248 Gallieno
2870 2191 3044 2246 annis
3101 2193 3152 2245 5.
3195 2188 3506 2262 Ciprianus
3535 2193 3592 2244 et

1932 2281 2236 2338 Cornelius
2266 2281 2533 2339 martirio
2555 2285 2939 2337 coronantur.

2003 2388 2286 2445 Claudius
2341 2388 2517 2444 annis
2565 2391 2618 2442 2.
2673 2391 2783 2442 Iste
2838 2387 3056 2442 Gothos
3113 2385 3192 2441 ab
3245 2384 3454 2440 Illirico
3495 2400 3593 2440 ex-

1973 2476 2100 2532 ulit.

1973 2492 2100 2532 um.

1929 2492 1971 2549 Ρ
2004 2563 2358 2619 Aurelianus
2397 2563 2572 2620 annis
2632 2566 2682 2618 5.
2735 2561 2835 2617 Hic
2881 2560 3063 2617 etiam
3115 2563 3466 2632 persecutus
3511 2565 3599 2615 est

1930 2653 2264 2708 cristianos.

1999 2741 2234 2798 Tacitus
2258 2755 2488 2796 annum
2522 2745 2571 2796 1.

2000 2831 2227 2886 Probus
2254 2829 2428 2886 annis
2453 2833 2505 2886 6.
2530 2827 2973 2886 Manicheorum
2997 2825 3220 2882 heresis
3253 2824 3456 2881 oritur.

1850 2951 1889 3005 ρ
2001 2923 2184 2978 Carus
2211 2918 2383 2975 annis
2407 2924 2460 2974 2.
2491 2923 2603 2974 Iste
2635 2918 2709 2973 de
2742 2914 2930 2972 Persis
2958 2915 3362 2988 triumphavit.

1996 3025 2396 3082 Diocletianus
2425 3030 2482 3081 et
2510 3023 2902 3082 Maximianus
2928 3022 3100 3078 annis
3130 3026 3219 3078 20.
3248 3021 3345 3077 Isti
3370 3019 3588 3077 divinis
3617 3039 3630 3050 ·

1925 3116 2091 3172 libris
2149 3113 2390 3186 exustis,
2422 3114 2645 3170 vastari
2676 3110 2975 3177 ecclesias,
3026 3110 3210 3180 afﬂigi
3237 3116 3291 3166 et
3339 3110 3589 3165 interﬁci

1927 3206 2240 3264 cristianos
2261 3205 2588 3276 jusserunt.

1997 3312 2370 3380 Maximinus,
2388 3311 2546 3366 ﬁlius
2572 3308 2930 3376 Maximiani,
2950 3309 3218 3376 Severus,
3234 3309 3292 3362 et
3322 3303 3588 3360 Galerius

1921 3419 2154 3461 annum
2182 3407 2232 3457 1.

1995 3490 2418 3549 Constantinus
2475 3488 2649 3546 annis
2680 3492 2766 3544 31.
2826 3485 3008 3556 Cujus
3037 3489 3099 3540 16
3157 3497 3319 3540 anno
3370 3481 3590 3538 Nicena

1922 3581 2173 3638 sinodus
2205 3573 2945 3650 congregatur,dominica
2966 3571 3394 3630 incarnationis
3424 3587 3586 3628 anno

1923 3675 2047 3727 318.
3233 3704 3237 3707 .

1997 3757 2375 3817 Constantius
2424 3759 2480 3812 et
2549 3757 2843 3812 Constans
2913 3750 3089 3806 annis
3138 3755 3228 3804 27.
3308 3747 3584 3819 Reliquia

1925 3848 2116 3905 sancti
2194 3846 2446 3901 Andreae
2532 3842 2844 3912 sanctique
2940 3841 3110 3893 Luca
3207 3835 3587 3903 evangelista

1927 3931 2507 4005 Constantinopolim
2587 3927 3044 3992 transferuntur,
3130 3927 3186 3978 et
3259 3921 3587 3992 anthropo-

1927 4023 2366 4097 morphitarum
2415 4017 2642 4075 heresis
2700 4016 2912 4100 oritur.
2965 4013 3076 4067 Per
3137 4010 3298 4066 idem
3350 4013 3589 4100 tempus

1928 4111 2292 4171 Athanasius
2352 4113 2409 4164 et
2471 4104 2844 4171 Maximinus,
2903 4099 3297 4158 Treverorum
3359 4099 3587 4155 archie-

1927 4203 2238 4276 piscopus,
2292 4202 2472 4270 atque
2515 4193 2768 4250 Hilarius
2819 4189 3092 4247 doctrina
3149 4194 3206 4245 et
3270 4187 3388 4244 ﬁde
3446 4188 3588 4245 clari

1852 4303 1898 4357 1)
1928 4291 2327 4348 habebantur.

1999 4397 2272 4454 Julianus
2324 4393 2498 4451 annis
2551 4397 2603 4447 2.
2661 4389 2760 4446 Hic
2816 4405 2888 4444 ex
2957 4387 3257 4444 monacho
3310 4400 3589 4458 paganus

1929 4489 2140 4557 factus,
2173 4485 2489 4542 cristianos
2514 4484 2862 4555 persecutus
2891 4483 3000 4534 est.

2000 4595 2282 4651 Jovianus
2317 4606 2477 4648 anno
2507 4594 2554 4644 1.
2595 4592 2704 4644 Iste
2726 4603 2864 4643 cum
2892 4585 3057 4642 omni
3086 4580 3346 4639 exercitu
3375 4575 3595 4634 cristia-

1931 4702 2047 4742 nus
2073 4683 2343 4741 efﬁcitur.

2006 4789 2470 4848 Valentiniamus
2505 4784 2678 4842 annis
2708 4788 2791 4849 11,
2834 4779 2941 4853 qui
2964 4793 3002 4834 a
3029 4775 3268 4831 Juliano
3299 4771 3379 4827 ob
3408 4768 3596 4824 ﬁdem

1935 4880 2144 4939 Christi
2194 4876 2404 4934 militia
2456 4875 2649 4931 fuerat
2675 4869 2962 4944 privatus.
2997 4867 3066 4920 Et
3113 4859 3284 4917 Gothi
3334 4855 3596 4914 haretici

1933 4969 2072 5028 facti
2101 4973 2256 5024 sunt.

2007 5075 2319 5133 Gratianus
2349 5085 2487 5126 cum
2515 5067 2693 5121 fratre
2715 5056 3132 5119 Valentiniano
3171 5054 3346 5111 annis
3379 5057 3430 5110 6.
3456 5056 3598 5110 Am-

1936 5163 2176 5221 brosius
2206 5163 2263 5214 et
2291 5155 2570 5213 Martinus
2599 5147 2866 5224 episcopi
2897 5145 3259 5201 claruerunt.

2005 5263 2452 5324 Valentinianus
2478 5275 2618 5314 cum
2646 5251 2976 5312 Theodosio
3026 5251 3200 5307 annis
3229 5256 3280 5307 9.
3331 5249 3601 5310 Hieroni-

1934 5375 2072 5416 mus
2102 5355 2163 5410 in
2183 5349 2483 5406 Bethleem
2514 5351 2634 5402 toto
2665 5341 2896 5401 mundo
2924 5339 3154 5398 claruit.

2001 5457 2366 5522 Theodosius
2397 5454 2569 5512 annis
2597 5458 2682 5508 11.
2739 5453 2988 5507 Sanctus
3031 5449 3293 5508 Joannes
3333 5445 3591 5504 anacho.

1939 5557 2052 5612 rita
2080 5549 2311 5610 claruit.
3238 5637 3260 5690 1

3278 5655 3308 5689 ἱ)
