3986 6178
419 206 521 260 459

702 325 1023 383 ANNALES
1052 316 1786 384 QUEDLINBURGENSES.

1324 193 1581 251 ANNAL.
1615 184 2092 248 HILDESHEIM.,
2123 180 2518 245 QUEDLINB.,
2555 176 2931 233 WEISSEMB.

3744 160 3857 214 460

2654 299 2992 356 LAMBERTI
3032 290 3374 349 ANNALES.

416 434 716 508 quosdam
763 432 1105 490 immobiles
1164 427 1593 503 permansisse,
1644 420 2068 497 permanentes
2108 414 2156 466 A
2255 409 2590 467 Archadius
2650 425 2789 464 cum
2845 408 3023 463 fratre
3075 399 3334 497 Honorio
3380 394 3556 493 annis
3613 392 3853 508 13.0512).

414 524 767 581 muneribus
796 523 1045 579 donavit
1094 520 1329 592 sibique
1362 517 1589 574 amicos
1623 518 1678 569 et
1701 504 2071 567 consiliarios

413 615 583 681 fecit:
612 613 955 673 deﬁcientes
978 625 1119 667 vero
1148 605 1577 671 contumeliose
1608 603 1683 659 de
1724 596 1947 679 palatio
1969 610 2071 649 ex-

411 703 579 778 pulit,
613 703 817 759 dicens
848 716 908 755 se
934 698 1047 754 illis
1069 711 1385 769 nunquam
1432 692 1797 755 crediturum
1824 684 1929 778 qui
1956 683 2070 778 deo

412 771 522 848 suo
547 789 816 857 inﬁdeles
864 790 1085 845 essent.
1146 786 1211 840 In
1239 785 1353 840 hac
1409 782 1758 854 tempestate
1804 771 2069 833 Galerius

407 878 798 937 Maximianus
827 893 966 932 cum
1021 872 1364 932 Constantio
1392 871 1716 943 imperator
1747 869 1834 922 est
1854 863 2065 918 factus.

408 971 633 1026 Mortuo
663 982 804 1023 vero
861 964 1228 1028 Constantio,
1274 959 1623 1019 Maximinus
1653 961 1711 1012 et
1754 957 2002 1012 Severus
2033 966 2070 1006 a

408 1057 638 1114 Galerio
669 1072 827 1113 anno
861 1061 882 1112 1
918 1070 1171 1111 caasares
1203 1055 1500 1109 creantur.
1555 1048 1644 1104 Ab
1674 1059 1835 1103 anno
1874 1056 2071 1115 perse-

408 1146 662 1203 cutionis
699 1148 733 1203 4
780 1144 1126 1211 Maxentius,
1185 1139 1450 1199 Herculei
1494 1133 1834 1196 Maximiani
1886 1130 2067 1199 ﬁlius,

408 1238 610 1293 Romae
654 1240 944 1308 augustus
990 1232 1346 1307 appellatur.
1400 1227 1674 1295 Licinius,
1711 1220 2069 1280 Constantia:

408 1325 628 1382 sororis
656 1322 1025 1382 Constantini
1053 1321 1162 1393 vir,
1189 1318 1428 1379 Carnuti
1458 1318 1784 1390 imperator
1812 1316 2065 1373 creatur.

479 1538 900 1597 Constantinus
926 1553 1087 1603 vero,
1123 1532 1451 1591 Constantii
1482 1547 1555 1587 ex
1587 1526 1929 1586 concubina
1960 1528 2069 1581 ile-

407 1632 545 1689 lena
573 1630 752 1699 ﬁlius,
780 1630 841 1685 in
874 1626 1175 1685 Britannia
1204 1625 1395 1680 factus
1421 1622 1767 1694 imperator,
1801 1614 2074 1687 regnavit

410 1719 585 1776 annis
615 1723 683 1774 30
714 1721 771 1772 et
812 1714 1123 1771 mensibus
1158 1717 1242 1768 10.
1293 1710 1401 1777 Qui
1454 1708 1653 1764 occiso
1700 1703 1992 1763 Maxentio
2017 1706 2074 1759 et

409 1810 617 1880 fugato
666 1806 909 1874 Licinio,
956 1804 1121 1861 solus
1149 1799 1566 1859 monarchiam
1612 1796 1815 1853 tenuit.
1865 1794 1966 1850 Hic
1999 1794 2073 1849 de

410 1901 789 1974 persecutore
828 1895 1185 1952 christianus
1215 1893 1392 1948 beato
1435 1890 1711 1947 Silvestro
1737 1885 2075 1959 baptisante

411 1988 691 2053 effectus,-
735 1983 1050 2041 fabricavit
1096 1984 1159 2039 in
1215 1997 1326 2037 suo
1376 1978 1602 2052 palatio
1656 1980 1795 2033 Jesu
1847 1974 2075 2032 Christo

413 2081 743 2149 sanctoque
780 2073 1055 2146 baptista»
1083 2071 1339 2135 Iohanni
1379 2068 1714 2138 basilicam,
1754 2080 1942 2139 quam
1972 2078 2077 2135 ap-

412 2166 640 2240 pellant
666 2180 740 2220 ex
770 2179 882 2218 suo
922 2161 1167 2218 nomine
1209 2156 1787 2223 Constantinianam.
1816 2152 2076 2217 Alteram

412 2255 593 2323 beato
620 2256 788 2319 Petro
812 2256 873 2314 et
889 2250 1072 2317 Paulo
1099 2249 1162 2306 in
1194 2247 1418 2320 templo
1448 2244 1761 2319 Apollinis,
1780 2246 2078 2305 utrorum-

414 2360 532 2418 que
562 2358 817 2416 corpora
865 2338 1357 2407 circumfundens
1399 2350 1537 2398 aere
1582 2348 1769 2406 cypro
1807 2330 2076 2403 quinque

412 2432 603 2511 pedes
642 2446 871 2503 gressa.
929 2428 1138 2495 Multas
1194 2441 1439 2501 quoque
1495 2423 1644 2491 alias
1688 2425 1891 2483 Roma:
1931 2434 2075 2511 oon-

417 2507 656 2579 struens
697 2518 978 2575 ecclesias
1021 2522 1079 2573 et
1121 2513 1542 2588 baptisterium
1585 2511 1739 2568 miro
1789 2524 1971 2582 opere
1996 2507 2078 2566 fa-

416 2615 603 2679 ctum,
628 2607 870 2673 tradidit
916 2606 1111 2687 ipsem
1160 2608 1368 2665 sancto
1394 2605 1563 2659 Petro
1606 2599 1906 2659 civitatem
1936 2613 2075 2654 cum

412 2696 746 2756 innumeris
775 2692 1264 2768 possessionibus
1293 2688 1668 2761 aliis,jubens
1696 2702 1804 2760 per
1832 2700 2077 2749 omnem

413 2786 715 2845 mundum
744 2788 992 2840 cunctos
1039 2781 1354 2855 episcopos
1383 2779 1464 2835 ita
1493 2781 1613 2851 pro
1632 2776 1825 2850 capite
1853 2775 2077 2835 habere

414 2878 753 2939 Romanum
798 2869 1165 2946 pontiﬁcem,
1200 2868 1350 2925 sicut
1400 2881 1570 2936 reges
1596 2868 1940 2941 caetereeque
1971 2878 2076 2935 po-

414 2966 652 3020 tostates
684 2961 1131 3033 imperatorem.
1163 2959 1324 3015 Tunc
1350 2955 1413 3010 in
1438 2954 1725 3017 orientem
1756 2951 2074 3018 transiens,

417 3051 509 3108 sui
534 3049 796 3108 nominis
826 3048 1037 3107 urbem
1068 3047 1128 3103 in
1179 3043 1416 3103 Thratia
1453 3042 1696 3114 regione
1726 3040 2075 3108 construxit,

2183 499 2489 554 Johannes
2520 497 2913 555 Crisostomus
2945 497 3003 549 et
3032 487 3399 560 Augustinus
3429 480 3709 559 episcopi
3739 479 3860 536 cla-

2181 590 2449 644 ruerunt.

2254 675 2551 731 Honorius
2581 690 2721 729 cum
2770 668 3101 729 Theodosio
3132 666 3365 722 minore
3407 659 3588 720 annis
3624 661 3717 715 15.
3748 659 3861 735 Cy-

2181 763 2347 820 rillus
2377 762 2750 822 Alexandriae
2779 761 3102 839 episcopus
3127 752 3359 814 claruit.

2251 852 2620 909 Theodosius
2674 850 2891 921 minor,
2950 836 3228 904 Archadii
3288 840 3473 910 ﬁlius,
3524 836 3711 901 annis
3765 839 3858 892 26.

2181 941 2481 1015 Ephesina
2513 940 2763 997 sinodus
2822 934 3156 995 Nestorium
3181 947 3322 988 cum
3353 928 3478 984 suis
3510 924 3861 985 fautoribus

2178 1028 2512 1101 Pelagianis
2537 1028 2806 1097 damnat,
2838 1025 2951 1081 sub
2985 1019 3271 1080 Celestino
3301 1032 3483 1093 papa.

2250 1117 2583 1175 Marcianus
2616 1117 2789 1173 annis
2819 1120 2869 1170 7.
2901 1112 3345 1171 Calcedonense
3376 1103 3711 1169 consilium
3745 1101 3862 1158 sub

2180 1211 2374 1266 Leone
2399 1223 2561 1287 papa
2586 1210 2690 1263 630
2716 1209 2957 1281 patrum
2984 1202 3195 1273 agitur.

2252 1300 2366 1354 Leo
2395 1282 2592 1368 major
2616 1312 2756 1352 cum
2786 1298 2978 1351 Ledae
3007 1291 3225 1348 mirere
3249 1286 3425 1347 annis
3463 1290 3548 1341 l7.
3578 1282 3861 1361 Egiptus

2178 1386 2258 1443 ab
2288 1402 2486 1442 errore
2517 1383 2778 1441 Dioscori
2807 1382 3109 1439 liberatur.

2249 1478 2449 1531 Zenon
2471 1473 2646 1531 annis
2689 1478 2771 1528 17.
2807 1475 3034 1545 Corpus
3081 1465 3369 1524 Barnabas
3395 1460 3659 1535 apostoli
3681 1475 3859 1533 repe-

2177 1564 2346 1636 ritur,
2373 1568 2430 1620 et
2458 1562 2881 1636 azephalorum
2905 1559 3129 1617 heresis
3155 1555 3359 1617 oritur.

2249 1671 2600 1728 Anastasius
2624 1674 2693 1726 26
2737 1668 2931 1727 annis.
2985 1663 3324 1736 Fulgentius
3367 1660 3705 1734 episcopus
3735 1657 3858 1719 ela-

2114 1762 2154 1816 B
2182 1761 2317 1819 ruit.

2252 1850 2520 1911 Justinus
2575 1850 2771 1923 major
2798 1850 2971 1909 annis
3024 1851 3078 1904 9.
3139 1840 3585 1918 Amphalorum
3622 1836 3858 1904 heresis

2186 1939 2525 1997 abdicatur.

2254 2041 2625 2101 Justinianus
2669 2040 2844 2105 annis
2872 2043 2959 2096 39.
3012 2036 3201 2108 Hujus
3227 2037 3399 2090 sexto
3424 2046 3591 2089 anno
3620 2028 3858 2103 primus

2185 2131 2393 2204 cyclus
2424 2130 2668 2188 Dionisii
2693 2127 3017 2195 inchoavit,
3062 2122 3377 2187 dominica
3422 2117 3858 2182 incarnationis

2186 2236 2350 2277 anno
2381 2225 2503 2276 532.

2256 2322 2525 2378 Justinus
2564 2336 2764 2377 mmor
2811 2318 2984 2376 annis
3028 2317 3093 2374 ll.
3130 2312 3397 2372 Armenii
3420 2311 3611 2368 ﬁdem
3639 2307 3860 2370 Christi

2186 2414 2600 2483 susceperunt.

2256 2507 2526 2564 Tiberius
2585 2504 2762 2562 annis
2817 2511 2868 2561 6.
2910 2499 3341 2572 Erminigildus
3389 2514 3495 2555 rex
3523 2495 3861 2554 Gothorum

2184 2595 2456 2653 martirio
2485 2597 2825 2667 coronatur.

2257 2696 2571 2755 Mauricius
2601 2694 2774 2752 annis
2804 2698 2892 2750 2t.
2921 2690 3240 2764 Gregorius
3258 2703 3421 2764 papa
3447 2684 3858 2757 Augustinum

2185 2785 2711 2859 archiepiscopum
2754 2799 2893 2839 cum
2923 2778 3238 2838 monachis
3274 2775 3646 2834 Britanniam
3678 2772 3858 2838 misit,

2184 2879 2252 2931 ut
2275 2875 2436 2946 genti
2465 2874 2799 2944 Anglorum
2819 2872 3073 2929 verbum
3096 2871 3198 2927 Dei
3224 2866 3735 2938 evangelizarent,
3763 2862 3863 2919 do-

2187 2965 2423 3020 minicae
2450 2961 2878 3020 incarnationis
2909 2975 3071 3016 anno
3103 2961 3227 3015 596.

2260 3056 2443 3109 Focas
2468 3052 2641 3109 annis
2699 3055 2752 3108 8.
2780 3048 3252 3119 Angli-Saxones
3302 3043 3491 3100 ﬁdem
3519 3040 3745 3098 Christi
3772 3056 3862 3095 su-

384 3128 551 3198 'eam
606 3137 859 3201 Romani
915 3136 1120 3195 sedem
1175 3132 1411 3215 imperii
1468 3132 1767 3211 totiusque
1826 3129 2077 3187 Orientis
2117 3117 2159 3174 Ο
2190 3157 2294 3214 see:

2258 3145 2530 3215 cperunt.

416 3232 598 3302 caput
649 3243 778 3284 esse
826 3225 1147 3291 constituit,
1207 3212 1379 3294 cujus
1426 3221 1606 3278 etiam
1662 3218 1957 3279 industria
1980 3217 2081 3290 {si-

416 3317 611 3375 nodus
642 3316 861 3373 Nicena
903 3315 1139 3371 decimo
1170 3311 1408 3371 Calend.
1444 3310 1555 3367 Jul.
1606 3309 1702 3364 die
1734 3306 2080 3365 collectione

416 3412 519 3466 318
546 3411 788 3479 patrum
833 3404 1186 3472 celebratur,
1234 3417 1396 3457 anno
1443 3398 1763 3456 dominicae
1802 3398 2080 3454 incarna-

415 3494 592 3552 tionis
617 3498 740 3550 318.

490 3692 714 3746 Mortuo
745 3685 1151 3757 Constantino,
1182 3688 1301 3741 tres
1328 3683 1433 3739 ﬁlii
1459 3682 1571 3751 sui,
1632 3680 2086 3749 Constantinus,

420 3781 716 3836 Constans
761 3780 818 3834 et
867 3773 1265 3847 Constantius,
1327 3772 1719 3847 imperatores
1766 3775 2080 3838 creantur;

419 3866 714 3924 defunctis
744 3882 883 3922 vero
913 3863 1175 3934 duobus,
1227 3862 1390 3918 solus
1422 3858 1803 3918 Constantius
1835 3874 2081 3915 monar-

420 3956 618 4015 chiam
666 3956 923 4013 obtinuit
960 3954 1142 4031 impie
1190 3952 1474 4011 Arrianus
1514 3949 1780 4019 effectus,
1827 3948 2085 4006 Maximi-

419 4064 537 4104 nus
563 4045 919 4103 Trevirensis
948 4044 1270 4120 episcopus
1316 4041 1513 4097 clarus
1551 4039 1827 4095 habetur.
1867 4038 2084 4094 Antho-

421 4137 559 4192 nius
609 4135 946 4191 monachus
980 4138 1099 4189 105.
1149 4130 1337 4187 aetatis
1387 4146 1506 4186 suae
1533 4143 1693 4189 anno
1739 4126 1801 4183 in
1840 4127 2085 4183 heremo

423 4224 694 4281 moritur.

2261 3243 2526 3300 Eraclius
2586 3242 2761 3299 annis
2793 3245 2880 3298 36.
2927 3238 3116 3298 Judzei
3166 3237 3230 3294 in
3276 3233 3568 3311 Hispania
3594 3231 3863 3295 cristiani

2190 3333 2330 3390 facti
2360 3337 2520 3389 sunt.

2262 3429 2583 3486 Eraclonas
2623 3445 2762 3485 cum
2793 3432 2983 3485 matre
3027 3442 3136 3483 sua
3175 3423 3421 3483 Martina
3450 3420 3629 3478 annis
3660 3424 3723 3481 2.
3751 3419 3863 3483 Pir-

2188 3533 2291 3573 rus
2316 3519 2496 3590 regiae
2524 3518 2689 3577 urbis
2738 3518 3060 3599 episcopus
3092 3532 3130 3574 a
3156 3512 3469 3577 Theodoro
3498 3525 3669 3587 papa
3692 3508 3861 3572 dam-

2189 3610 2387 3663 natur.

2265 3695 2705 3764 Constantinus,
2758 3694 2967 3759 Eraclii
3007 3692 3188 3762 ﬁlius,
3239 3705 3479 3751 menses
3528 3692 3582 3744 6.
3619 3686 3862 3755 Paulus,

2190 3783 2335 3840 Pirri
2362 3800 2691 3856 successor,
2746 3783 2826 3841 ob
2879 3782 3135 3843 eandem
3186 3794 3477 3836 vesanam
3522 3775 3867 3837 doctrinam

2192 3873 2518 3931 damnatus
2539 3879 2645 3929 est.

2266 3981 2711 4052 Constantinus,
2770 3977 3142 4039 Constantini
3191 3975 3352 4033 ﬁlius
3401 3972 3581 4031 annis
3636 3976 3725 4029 l7.
3771 3970 3866 4027 Hic

2195 4075 2426 4127 sextam
2460 4070 2745 4127 sinodum
2798 4067 3206 4142 congregavit.
3258 4065 3439 4141 Cujus
3468 4066 3697 4135 rogatu
3724 4066 3868 4131 Aga-

2194 4161 2297 4216 tho
2328 4176 2491 4233 papa
2519 4159 2682 4216 misit
2708 4159 2770 4216 in
2823 4158 3055 4229 regiam
3085 4156 3303 4217 urbem
3338 4154 3574 4223 legatos
3606 4167 3783 4218 suos,
3810 4148 3871 4209 in

2192 4249 2416 4325 quibus
2445 4249 2550 4305 fuit
2577 4249 2900 4317 Johannes,
2947 4251 3232 4309 Romanae
3262 4242 3533 4301 ecclesiae
3574 4244 3719 4305 tunc
3746 4239 3870 4302 dia-

2196 4355 2404 4406 conus,
2437 4354 2561 4395 non
2590 4338 2769 4409 longe
2798 4341 2935 4419 post
2963 4336 3315 4417 episcopus,
3355 4348 3467 4411 pro
3497 4329 3871 4395 adunatione

490 4415 988 4524 διξῙξδηΡΑδ-ῗηίε
1217 4414 1532 4471 menSibus
1581 4418 1645 4524 3’;
1678 4410 1777 4468 Hic
1826 4428 1923 4524 ex)
1939 4410 2089 4524 (ξξιιτί-
2123 4466 2172 4524 D
2201 4427 2479 4486 facienda
2507 4432 2729 4483 sanctae
2759 4410 3041 4489 ecclesiae.
3079 4410 3215 4481 Haec
3241 4410 3408 4485 sexta
3437 4418 3703 4484 sinodus
3733 4421 3872 4479 Con-

430 4506 626 4562 stiano
677 4520 953 4578 paganus
1024 4501 1287 4574 effectus,
1343 4502 1719 4583 persequitur
1773 4499 2090 4565 crudeliter
2123 4499 2172 4524 ”
2204 4516 2652 4592 Stantinopolim
2684 4520 2819 4573 acta
2842 4520 2947 4572 est.
2982 4514 3094 4575 Ubi
3120 4513 3419 4577 affuerunt
3447 4508 3731 4587 episcopi
3758 4510 3873 4575 ίδθ1

431 4594 802 4652 christianos.

502 4789 851 4848 Iovinianus
907 4803 1069 4845 anno
1121 4785 1241 4843 fere
1279 4802 1403 4842 uno
1443 4784 1734 4857 regnavit.
1780 4783 1895 4841 Iste
1945 4796 2091 4841 cum

435 4880 602 4938 omni
631 4879 891 4937 exercitu
916 4874 1272 4934 christianus
1293 4874 1564 4943 efﬁcitur,
1584 4874 1690 4930 sed
1718 4874 1847 4946 ejus
1875 4873 1977 4948 pia
1999 4872 2093 4929 lae-

436 4973 617 5045 taque
644 4968 940 5044 principia
971 4983 1135 5023 mors
1163 4964 1487 5022 immatura
1510 4962 1791 5036 eorrupit.

2198 4606 2553 4680 praesidente
2570 4605 2819 4678 Georgio
2836 4603 3177 4683 patriarcha
3189 4600 3355 4657 urbis
3366 4597 3638 4670 regite,“
3649 4596 3876 4657 Macha-

2200 4695 2289 4752 rio
2345 4694 2511 4751 urbis
2549 4693 2897 4761 Antiochiae,
2943 4696 3000 4753 et
3034 4689 3292 4754 convicti
3326 4691 3487 4757 sunt,
3538 4686 3653 4763 qui
3690 4699 3881 4747 unam

2200 4783 2567 4841 voluntatem
2626 4786 2683 4839 et
2734 4781 3148 4857 operationem
3203 4775 3559 4837 astruebant
3601 4774 3675 4837 in.
3714 4772 3877 4835 Chri-

2203 4877 2314 4941 sto,
2363 4872 2612 4929 falsasse
2650 4876 2893 4946 patrum
2940 4869 3376 4931 catholicorum
3421 4864 3588 4925 dicta
3633 4863 3879 4947 perplu-

2200 4977 2374 5018 rima.

2275 5050 2643 5123 Tagobertus
2667 5066 2772 5108 rex
2803 5053 3167 5107 Francorum
3195 5042 3639 5109 monasterium
3671 5041 3741 5105 in
3765 5038 3881 5097 Wi-

2202 5139 2508 5196 zenburck
2563 5138 2893 5196 construxit
2939 5152 3099 5199 anno
3145 5134 3387 5205 Domini
3410 5136 3547 5203 623,.

2208 5232 2297 5297 23.
2331 5229 2459 5286 Huc
2482 5245 2680 5303 usque
2707 5228 2890 5291 Beda.

2557 5404 3106 5479 (Continuationem
3135 5417 3193 5469 υ.
3226 5400 3347 5467 col.
3371 5399 3523 5473 466).

527 5670 637 5744 (52)
665 5669 889 5737 Addit:
922 5666 1024 5723 Hic
1053 5682 1225 5723 sacra
1250 5680 1396 5723 ossa
1426 5658 1718 5721 Samuelis
1746 5658 2036 5736 praphete
2065 5660 2145 5722 de
2167 5657 2377 5721 Judaei).
2399 5656 2701 5717 transtulit
2722 5658 2785 5715 in
2807 5654 3098 5717 Traciam.
