3986 6178
228 207 298 260 m
1120 203 1210 259 ET
1246 200 1617 259 LAMBERTI
1656 198 2244 266 ASCHAFNABURG.
2285 213 2463 271 PARS
2499 214 2735 276 PRIOR.
3566 227 3676 286 662

541 325 544 327 ’
1365 327 1711 382 ANNALES
1753 326 2496 397 QUEDLINBURGENSES.

276 450 716 547 Valentinianus
744 467 886 547 cum
912 451 1092 547 fratre
1116 450 1361 547 Yalente
1392 466 1612 547 annos.
1634 453 1699 504 lI.
1729 449 2147 547 Valentiniano
2175 475 2320 530 ergo
2350 463 2411 519 in
2436 464 2562 522 ﬁde
2605 466 2906 526 catholica
2949 469 3207 530 ﬁdeliter
3260 481 3658 547 permanente

220 542 377 597 frater
405 557 552 596 suus
581 539 790 596 Valens
812 541 892 598 ab
925 540 1188 597 Eudoxio
1218 539 1488 596 Arriano
1517 537 1809 629 episcopo
1831 522 2276 616 rebaptisatus:
2299 522 2675 610 christianos

217 629 507 704 potestatis
531 629 769 686 decreto
790 631 1132 719 monachos
1151 629 1439 719 militare,
1457 626 1860 719 nolentesque
1877 628 2143 690 fustibus
2154 636 2398 706 juberet
2422 626 2716 699 interﬁci:
2731 647 2852 701 Hoc
2872 626 3146 719 tempore
3167 664 3318 719 gens
3348 655 3662 714 Hunorum

216 719 305 775 diu
331 719 658 809 inaccessis
689 718 928 809 seclusa
951 718 1282 809 montibus,
1310 716 1646 809 repentina
1663 714 1838 809 rabie
1868 721 2104 788 percita
2126 700 2356 784 exarsit
2382 729 2446 786 in
2469 732 2719 800 Gothos,
2738 700 3685 809 eosqae'sbaéi‘E—SoEKi-BAEI

213 809 284 865 ab
308 808 574 901 antiquis
603 807 846 901 sedibus
877 808 1031 864 ultra
1058 807 1397 901 Danubium
1435 803 1692 901 expulit:
1861 821 1910 901 a.
1929 809 2187 867 Valente
2235 814 2607 889 imperatore
2635 789 2764 878 sine
3130 789 3690 901 Vdeposi-tioh-e‘sju:

214 898 403 996 Epig.
429 914 597 996 mox“
628 896 786 954 fame
809 912 918 996 per
948 896 1260 996 avaritiam
1612 890 2035 996 rebellandum
2085 903 2295 995 coacti
2325 913 2487 975 sunt,
2522 908 2806 983 victoque
2857 890 3258 986 imperatoris.
3269 921 3550 990 exercitu,
3582 890 3690 996 per

212 986 515 1044 Thraciam
539 985 962 1057 discurrentes,
983 985 1188 1041 omnia
1216 981 1521 1052 caedibus,
1544 979 1856 1049 incendiis,
1881 983 2268 1058 rapinisque
2283 964 3399 1063 vastarunt.A11n—bro;tistetvllartin:s

211 1075 566 1140 claruerunt,
601 1077 656 1129 et
687 1073 857 1166 Gothi
885 1073 1144 1166 haeretici
1171 1071 1306 1166 facti
1336 1075 1518 1166 sunt.
1542 1073 1620 1126 Eo
1653 1071 2088 1166 (53)Atemp'ore
2126 1089 2282 1166 gens
2314 1081 2791 1143 Alamannorum
2822 1104 3014 1161 prava
3039 1107 3109 1148 ac
3139 1095 3403 1166 pessima
3430 1071 3685 1156 ιιᾉδθιιῇ-

209 1168 416 1221 verunt
472 1166 686 1254 contra
726 1161 1711 1254 Yalentinianumirim-peratorem.
1765 1156 1888 1254 Qui
1914 1156 2208 1254 Victiaab
2257 1183 2348 1236 eo,
2398 1188 2579 1245 super
2626 1156 2967 1234 Danubium
3013 1156 3268 1238 ﬂuvium
3296 1184 3600 1254 fugerunt,
3631 1191 3690 1243 et

207 1255 576 1309 intraverunt
604 1250 886 1307 Meotidas
914 1250 1188 1323 paludes.
1223 1249 1374 1305 Dixit
1399 1254 1610 1305 autem
1639 1248 1966 1338 imperator
2010 1261 2029 1338 ξ
2081 1246 2439 1328 Quicunque
2461 1264 2729 1330 potuerit
2758 1265 3010 1324 introire
3043 1268 3107 1323 in
3129 1246 3596 1338 paludesvistas,’
3624 1281 3682 1330 et

207 1349 433 1414 gentem
454 1342 634 1396 istam
655 1318 935 1431 pravam-
947 1339 1563 1431 ejecerit,_copcedam
1595 1339 1675 1431 eis
1709 1318 1939 1431 tributa
1969 1333 2265 1431 donaria
2287 1318 2478 1402 annis;
2497 1353 2578 1404 10.
2614 1351 2786 1415 Quod
3129 1318 3679 1431 ’1»;

207 1431 400 1504 liquiaa
432 1434 606 1485 erant
629 1428 923 1483 exercitus
950 1428 1262 1515 Antenoris
1290 1426 1576 1515 fugientis
1612 1426 1688 1515 de
1721 1426 1924 1498 Troja,
1955 1428 2026 1481 et
2060 1441 2210 1487 eum
2239 1435 2406 1506 sequi
2432 1451 2555 1492 non
2577 1438 2861 1507 valentes,
2897 1445 2958 1496 12
2989 1443 3154 1499 milia
3206 1426 3474 1515 ingressi
3487 1448 3682 1504 Μθοιί.

205 1519 312 1574 das
341 1516 623 1592 paludes,
647 1515 821 1586 juxta
851 1514 1136 1570 terminos
1167 1514 1492 1570 Pannoniae
1537 1513 2000 1571 aediﬁcaverunt
2049 1516 2357 1578 civitatem
2383 1523 2626 1580 nomine
2661 1527 3077 1599 Sicambriam,
3132 1513 3680 1607 habitaveruntque

205 1609 316 1664 illic
346 1605 553 1662 multis
585 1605 780 1670 annis,
814 1603 1009 1659 donec
1042 1606 1350 1659 creverunt
1374 1602 1435 1656 in
1458 1607 1705 1672 gentem
1741 1619 2060 1674 magnam.
2111 1610 2373 1680 Ingressi
2423 1619 2672 1686 propter
2698 1614 3114 1672 remissionem
3165 1617 3527 1676 decennium
3573 1602 3679 1677 tri-

204 1699 493 1754 butorum
522 1698 664 1768 post
692 1693 1042 1759 Almannos,
1084 1691 1508 1748 interfecerunt
1571 1707 1704 1748 eos.
1769 1695 1929 1750 Tunc
1960 1697 2290 1768 appellavit
2337 1699 2468 1757 illos
2496 1701 2793 1773 Trojanos
2843 1703 3294 1761 Valentinianus
3348 1706 3678 1779 imperator

206 1787 392 1843 Attica
417 1785 626 1855 lingua
653 1785 936 1843 Francos,
962 1781 1077 1836 hoc
1107 1785 1193 1836 est
1217 1781 1390 1852 feros,
1422 1796 1461 1836 a
1494 1779 1729 1838 duritia
1758 1782 1855 1838 vel
1883 1783 2144 1842 audacia
2168 1787 2366 1843 cordis
2424 1804 2656 1846 eorum.
2696 1793 2906 1848 Postea
2957 1792 3188 1862 egressi
3225 1809 3263 1849 a
3319 1793 3672 1866 Sieambria,

205 1879 500 1932 venerunt
526 1873 589 1928 in
620 1871 1004 1928 Germaniam
1027 1870 1196 1941 juxta
1211 1870 1485 1925 Rhenum
1521 1869 1812 1939 ﬂuvium,
1845 1873 2132 1931 habentes
2163 1892 2344 1949 super
2370 1894 2435 1934 se
2463 1877 2618 1934 duos
2649 1879 2972 1952 principes,
2998 1881 3307 1937 Priamum
3335 1887 3394 1938 et
3418 1887 3677 1940 Anteno-

209 1981 357 2020 rem.
388 1963 498 2028 Qui
523 1961 886 2018 rebellantes
920 1964 1128 2016 contra
1157 1961 1451 2014 Romanos
1485 1959 1634 2016 victi
1653 1965 1828 2028 sunt,
1851 1961 1930 2018 ab
1955 1963 2292 2022 Aristarcho
2314 1966 2584 2040 principe
2605 1967 2830 2025 militiae
2854 1973 2913 2025 et
2934 1968 3160 2027 tributo
3178 1967 3673 2040 subjecti,occisis

215 2054 476 2126 utrisque
508 2050 809 2125 praedictis
837 2048 1229 2122 principibus.
1255 2050 1482 2104 Mortuo
1516 2054 1729 2105 autem
1766 2052 2048 2108 Sunnone
2079 2053 2190 2125 (54)
2219 2053 2341 2112 ﬁlio
2373 2055 2707 2123 Antenoris,
2739 2060 2797 2114 et
2841 2057 3228 2114 Marchomire
3257 2056 3382 2115 ﬁlio
3433 2057 3672 2129 Priami,

211 2142 318 2215 qui
347 2157 532 2214 super
561 2143 827 2196 Francos
853 2137 1147 2195 defunctis
1176 2135 1442 2208 patribus
1467 2145 1908 2208 regnaverunt,
1935 2140 2243 2211 elegerunt
2271 2144 2726 2201 Faramundum
2756 2145 3122 2202 Marcondris
3148 2144 3358 2212 ﬁlium,
3392 2150 3452 2203 et
3473 2147 3671 2208 eleva-

211 2235 430 2287 verunt
459 2246 602 2286 eum
630 2245 814 2302 super
841 2244 907 2283 se
927 2242 1132 2296 regem
1151 2223 1443 2280 crinitum.
1470 2227 1703 2282 Exhinc
1737 2227 1944 2284 Franci
1965 2228 2208 2287 crinitos
2233 2247 2405 2303 reges
2420 2231 2643 2288 habere
2663 2237 2974 2306 coeperunt
2992 2249 3184 2306 usque
3204 2232 3287 2290 ad
3311 2233 3672 2294 Hildericum

212 2336 439 2390 regem,
475 2319 653 2389 cujus
681 2317 997 2390 Pippinus,
1031 2313 1238 2384 magni
1267 2311 1482 2379 Caroli,
1510 2316 1614 2386 qui
1644 2316 1848 2386 major
1875 2316 2093 2372 domus
2125 2320 2478 2392 vocabatur,
2509 2324 2701 2391 pater,
2731 2336 2987 2392 regnum
3017 2321 3197 2377 simul
3227 2337 3366 2378 cum
3423 2323 3670 2381 nomine

215 2408 436 2481 rapuit.
472 2411 701 2464 Mortuo
725 2403 1136 2472 Faramundo,
1159 2400 1430 2472 regnavit
1456 2402 1726 2459 ClllOle.
1774 2407 1910 2461 Post
1961 2405 2310 2464 Clodionem
2342 2407 2674 2479 Meroingus
2727 2410 2862 2480 (55),
2914 2425 2951 2465 a
2978 2425 3104 2482 quo
3129 2409 3336 2467 Franci
3388 2412 3671 2484 Meroingi

213 2498 412 2554 vocati
444 2501 603 2552 sunt.
637 2498 778 2552 Post
802 2493 1178 2562 Meroingum
1207 2489 1364 2545 ﬁlius
1395 2506 1542 2544 suus
1574 2492 1938 2560 Heldericus,
1969 2499 2139 2566 pater
2178 2496 2501 2553 Chlodovei
2529 2498 2685 2567 regis
2703 2497 2908 2565 incliti,
2937 2497 3227 2568 regnavit.
3257 2497 3362 2554 Hic
3407 2500 3669 2557 Chlodo-

214 2602 365 2642 vens
418 2603 456 2642 a
481 2587 664 2641 beato
690 2582 966 2653 Remigio
1018 2580 1254 2652 primus
1313 2581 1676 2634 Francorum
1732 2596 1944 2651 regum
2011 2598 2151 2639 cum
2209 2585 2376 2641 omni
2431 2585 2694 2643 exercitu
2719 2585 3080 2659 baptisatus,
3105 2584 3335 2656 expulit
3389 2586 3669 2657 Egidium

215 2674 535 2731 consulem
566 2677 938 2740 Romanum,
968 2668 1282 2740 ﬁliumque
1307 2665 1438 2736 ejus
1468 2665 1766 2735 Siagrium
1795 2669 2032 2737 occidit,
2093 2671 2344 2746 tulitque
2392 2672 2678 2730 Martiano
2732 2673 3079 2746 imperatori
3115 2671 3372 2745 quiquid
3417 2676 3672 2748 Romani

212 2765 372 2821 intra
401 2764 680 2820 Rhenum
724 2766 786 2817 et
803 2760 1077 2829 Ligerem
1105 2756 1321 2812 ﬂuvios
1345 2754 1755 2826 possidebant.
1791 2760 1927 2815 Post
1955 2763 2214 2818 mortem
2241 2761 2565 2820 Chlodovei
2591 2767 2853 2836 quatuor
2878 2762 2984 2819 ﬁlii
3039 2761 3169 2834 ejus
3218 2775 3478 2832 regnum
3533 2764 3666 2836 ejus

212 2851 367 2908 inter
395 2868 459 2908 se
486 2850 828 2906 diviserunt
880 2845 1210 2919 aequaliter,
1262 2842 1326 2898 id
1377 2845 1468 2898 est
1509 2842 1952 2915 Chlodomirus,
2005 2847 2390 2918 Hildibertus,
2420 2849 2758 2915 Lotharius,
2814 2855 2872 2907 et
2897 2853 3070 2921 Hugo
3118 2849 3549 2923 Theodoricus,
3591 2852 3668 2910 de

213 2940 568 2998 concubina
617 2938 877 3008 genitus,
928 2935 1053 3007 qui,
1117 2933 1263 2988 data
1310 2935 1466 2986 terra
1516 2931 1959 3002 Thuringorum
2014 2937 2285 2994 maxima
2336 2955 2410 2994 ex
2464 2943 2633 3012 parte
2689 2938 3052 3009 Saxonibus,
3105 2938 3207 3012 qui
3247 2947 3670 3000 remanserant

217 3028 569 3098 Thuringos
619 3025 802 3096 regiis
858 3021 1166 3080 territoriis
1192 3019 1330 3076 fecit
1384 3018 1729 3074 tributarios
1760 3021 1820 3076 in
1870 3023 2088 3094 porcis.
2119 3028 2344 3083 Mortuo
2375 3027 2766 3096 Theodorico,
2799 3027 3073 3097 regnavit
3090 3026 3476 3088 Theobertus.
3532 3033 3670 3091 Post

211 3117 388 3175 illum
415 3115 826 3173 Theobaldus.
857 3115 1084 3169 Mortuo
1112 3108 1478 3174 Theobaldo,
1511 3110 1786 3177 regnavit
1810 3111 2142 3170 Lotharius.
2172 3117 2312 3172 Post
2338 3117 2500 3172 hunc
2549 3115 2914 3190 Helpericus.
2972 3118 3111 3173 Post
3150 3116 3312 3173 hunc
3346 3120 3659 3178 Lotharius
3714 3111 3715 3115 “

208 3212 388 3279 pater
406 3203 734 3274 Dagoberti
760 3201 944 3271 regis.
978 3199 1076 3256 Hic
1108 3197 1442 3268 Lotharius,
1468 3195 1668 3252 occiso
1700 3198 2019 3256 Bertholdo
2042 3201 2198 3258 duce
2221 3205 2551 3275 Saxonum,
2581 3207 2640 3260 et
2667 3206 2992 3276 pervagata
3019 3204 3187 3260 omni
3243 3208 3404 3264 terra
3427 3223 3663 3280 eorum,

208 3295 459 3352 nullum
489 3292 805 3349 hominem
841 3288 1178 3358 longiorem
1210 3287 1273 3342 in
1303 3302 1396 3358 ea,
1423 3285 1724 3342 viventem
1751 3287 2010 3360 reliquit,
2039 3306 2230 3362 quam
2259 3291 2497 3362 gladius
2524 3309 2669 3348 suus
2698 3292 2910 3362 fuerat,
2942 3309 3130 3365 quem
3156 3296 3396 3366 spetam
3416 3301 3660 3354 vocant.

208 3387 445 3442 Mortuo
474 3381 834 3452 Dagoberto,
863 3378 1135 3448 regnavit
1165 3379 1307 3449 post
1334 3391 1474 3431 eum
1509 3373 1668 3430 ﬁlius
1725 3377 1855 3448 ejus
1887 3377 2234 3448 Sigobertus
2280 3385 2337 3436 et
2367 3379 2719 3437 Clodovens.
2759 3385 2897 3438 Post
2925 3379 3295 3439 Clodoveum
3324 3384 3659 3442 Lotharius.

208 3477 352 3530 Post
381 3489 526 3528 eum
552 3472 762 3527 fratres
791 3469 923 3539 ejus
950 3465 1353 3523 Theodoricus
1379 3468 1436 3519 et
1459 3464 1805 3521 Hildericus.
1837 3469 1972 3522 Erat
2009 3467 2171 3524 enim
2200 3469 2327 3541 ipse
2361 3469 2691 3526 Hildericus
2718 3469 2868 3526 levis
2898 3469 3098 3540 nimis,
3149 3471 3264 3526 sub
3308 3472 3483 3543 cujus
3513 3477 3660 3532 tem-

207 3579 362 3635 pore
390 3560 659 3632 Pipinus,
684 3559 846 3615 ﬁlius
868 3556 1132 3627 Ansgisi,
1164 3556 1362 3625 major
1385 3554 1604 3609 domus
1634 3559 1777 3611 erat.
1812 3558 1951 3610 Post
1974 3557 2136 3613 hunc
2165 3559 2750 3616 administrationem
2781 3559 2932 3617 aulae
2963 3559 3229 3624 Carolus,
3281 3558 3442 3617 ﬁlius
3499 3563 3650 3634 ejus,

208 3649 612 3724 procumbat.
647 3651 778 3714 Quo
799 3651 1061 3712 mortuo,
1089 3644 1299 3700 ultimo
1330 3643 1768 3713 Meroingorum
1795 3643 2086 3702 Hilderico
2109 3663 2295 3718 regno
2327 3647 2586 3718 sublato,
2618 3648 2926 3721 Pippinus,
2959 3647 3152 3706 Caroli
3177 3647 3366 3720 ﬁlius,
3419 3650 3660 3710 decreto

207 3738 517 3796 Zacharia
548 3753 722 3810 papae
754 3753 830 3792 ex
856 3735 1125 3810 palatino
1154 3732 1371 3789 comite
1395 3733 1458 3788 in
1487 3748 1692 3803 regem
1715 3733 1990 3804 ungitur;
2021 3738 2126 3807 qui
2154 3737 2359 3806 genuit
2383 3736 2664 3794 Carolum
2692 3740 2996 3807 Magnum.

281 3831 430 3884 Post
459 3826 942 3883 Valentinianum
970 3823 1286 3882 Gratianus
1314 3822 1642 3896 imperator
1670 3821 1846 3879 annis
1867 3827 1899 3878 6
1926 3825 2219 3896 regnavit,
2253 3841 2394 3882 cum
2421 3825 2838 3883 Valentiniano
2863 3825 3064 3882 fratre.

284 3915 744 3972 Valentinianus
776 3931 916 3970 cum
946 3911 1284 3970 Theodosio
1306 3912 1483 3968 annis
1514 3918 1566 3969 9.

285 4003 662 4061 Theodosius
689 4019 830 4058 cum
854 4001 1111 4059 Arcadio
1134 4000 1259 4058 ﬁlio
1287 4000 1462 4058 annis
1496 4005 1580 4057 11.
1611 3999 2008 4073 Hieronymus
2034 3999 2328 4074 presbiter
2353 3999 2522 4074 apud
2545 4000 2888 4058 Bethlehem
2917 4014 3098 4073 super
3122 4014 3339 4060 omnes
3375 4000 3653 4064 histmio-

207 4093 488 4166 graphos
512 4093 739 4148 enituit.

286 4181 604 4253 Arcadius,
632 4181 788 4237 ﬁlius
820 4179 1162 4247 Theodosii,
1196 4195 1336 4237 cum
1360 4178 1537 4235 fratre
1575 4178 1843 4234 Honorto
1867 4177 2042 4234 annis
2074 4180 2159 4234 13.
2193 4177 2488 4234 Honorius
2508 4193 2650 4234 cum
2678 4176 3020 4234 Theodosio
3041 4177 3298 4248 minore,
3336 4177 3534 4240 fratris
3559 4179 3654 4240 sui

202 4271 460 4328 Arcadii
486 4270 629 4338 ﬁlio,
661 4270 836 4326 annis
864 4274 949 4326 12.
980 4269 1252 4326 Alaricus
1282 4284 1386 4324 rex
1415 4267 1746 4326 Gothorum
1771 4269 2025 4324 Romam
2052 4267 2304 4336 invasit;
2333 4272 2392 4324 et
2417 4267 2673 4340 septimo
2696 4267 2937 4325 Honorii
2964 4268 3274 4340 regnantis
3299 4285 3464 4328 anno
3489 4286 3651 4331 rave-

201 4360 363 4417 lavit
390 4363 545 4415 Deus
575 4359 837 4415 Luciano
863 4357 1194 4431 presbitero
1223 4355 1551 4414 venerabili
1576 4371 1832 4428 corpora
1861 4360 2229 4424 sanctorum,
2262 4355 2453 4413 sancti
2510 4355 2795 4429 Stephani
2819 4357 3300 4430 protomartyris,
3342 4362 3402 4418 et
3433 4361 3650 4420 ϐων

200 4449 369 4506 lielis
399 4449 504 4521 qui
525 4448 732 4504 doctor
757 4447 1010 4521 apostoli
1038 4446 1203 4502 Pauli
1225 4450 1369 4514 erat,
1399 4450 1456 4501 et
1482 4445 1587 4500 ﬁlii
1618 4445 1749 4516 ejus
1780 4443 2035 4514 Abihon,
2068 4450 2124 4502 et
2154 4445 2481 4515 Nicodemi,
2512 4444 2620 4518 qui
2635 4445 2893 4502 venitad
2918 4448 3121 4505 Iesum
3141 4451 3316 4508 necte
3330 4448 3603 4522 primum
3628 4468 3643 4507 :

199 4555 358 4612 quae
386 4538 685 4593 Iohannes
720 4535 1298 4608 Hierosolymitanus
1338 4534 1658 4608 episcopus
1688 4533 1750 4588 in
1783 4537 2054 4590 sanctam
2086 4550 2225 4590 cum
2249 4534 2521 4592 maximo
2546 4534 2776 4590 honore
2805 4534 3110 4593 transtth
3144 4535 3462 4594 ecclesiam
3482 4535 3642 4594 Sion.

201 4626 601 4684 Hieronimus
632 4626 925 4699 presbiter
959 4628 1043 4680 12.
1076 4623 1316 4680 Honorii
1347 4639 1512 4680 anno
1539 4620 1705 4694 apud
1733 4621 2073 4678 Bethlehem
2104 4622 2270 4692 obiit,
2294 4623 2482 4681 anno'
2506 4622 2691 4679 aetatis
2721 4639 2842 4679 suae
2862 4628 2956 4681 91.

283 4715 658 4772 Theodosius
685 4714 902 4781 minor,
931 4713 1167 4769 Arcadii
1189 4711 1368 4784 ﬁlius,
1400 4711 1576 4769 annis
1604 4713 1696 4768 26.
1749 4711 2138 4782 Augustinus,
2179 4711 2606 4787 Hypponensis
2643 4711 2964 4786 episcopus
2994 4714 3052 4768 et
3102 4715 3325 4769 sanctae
3379 4709 3644 4772 ecclesia

195 4805 432 4861 doctor
456 4803 729 4874 eximius,
761 4803 925 4858 obiit.
950 4802 1138 4873 Hujus
1167 4801 1489 4860 Theodosii
1512 4805 1781 4875 tempore
1807 4800 1986 4858 Bleda
2009 4804 2066 4857 et
2087 4801 2264 4859 Attila
2292 4802 2504 4860 fratres
2523 4800 2588 4857 in
2617 4801 2805 4858 Hunis
2835 4804 3238 4870 regnaverunt
3277 4804 3334 4856 et
3363 4799 3643 4856 Illiricum

194 4892 652 4965 Thraciamque
683 4890 1029 4964 depopulati
1064 4893 1219 4946 sunt.
1288 4906 1289 4909 ‘

279 4982 608 5039 Martianus
639 4998 777 5037 cum
801 4979 1231 5046 Valentiniano,
1263 4977 1535 5035 Placidia;
1555 4978 1700 5047 ﬁlio,
1734 4994 1928 5035 annos
1955 4985 2008 5034 7.
2040 4978 2213 5049 Angli
2252 4982 2470 5036 terram
2518 4991 2708 5051 quam
2741 4993 2901 5033 nunc
2933 4976 3080 5033 Dani
3105 4976 3420 5050 possident
3460 4973 3638 5033 relin-

192 5076 496 5144 quentes,
528 5087 665 5126 cum
690 5086 827 5140 rege
858 5085 967 5124 suo
988 5067 1305 5139 Anglingo,
1338 5068 1626 5125 invitante
1656 5073 1712 5126 et
1741 5069 2110 5126 conducente
2141 5084 2243 5126 eos
2275 5084 2414 5139 rege
2443 5067 2806 5137 Vertigerno,
2852 5070 3060 5123 contra
3091 5067 3300 5124 Scotos
3330 5071 3387 5122 et
3445 5064 3640 5123 Pictos

191 5160 588 5219 Britanniam
607 5163 835 5234 petunt.
869 5157 1310 5216 Calcedonense
1335 5157 1662 5218 concilium
1689 5158 1803 5217 sub
1849 5162 2042 5218 Leone
2093 5174 2256 5232 papa
2283 5155 2676 5215 collocatione
2719 5159 2822 5213 630
2872 5157 3117 5229 patrum
3162 5155 3377 5229 agitur.
3409 5158 3639 5218 Mortuo

275 5521 403 5591 (53)
443 5521 580 5584 Quia
608 5522 957 5592 sequuntur,
983 5533 1054 5572 ex
1076 5517 1261 5574 Gestis
1291 5531 1504 5588 regum
1534 5519 1900 5576 Francorum
1928 5514 2248 5577 ﬂuxerunt.

301 5593 404 5658 54)
442 5594 530 5648 ita
559 5590 815 5658 corrbxi,
859 5590 1145 5645 Surmone
1175 5605 1226 5646 c.

301 5599 379 5650 54
442 5599 530 5648 ita
559 5599 815 5658 correxi,
859 5599 1145 5645 Surmone
1175 5605 1226 5646 c.

273 5599 404 5734 ἕως
439 5663 527 5720 ita
555 5663 794 5719 «reﬂexi
823 5661 918 5716 hic
943 5666 996 5716 et
1020 5661 1083 5716 in
1113 5659 1509 5732 sequentibus.
1531 5662 1850 5730 lerongus
1873 5676 1946 5718 c.‘
