3980 6176
383 179 485 232 463
1276 170 1533 225 ANNAL.
1581 167 1955 225 HlliDESHEl?

2202 166 2483 235 suum,
2522 138 2899 223 Μίδεω.
3686 170 3774 226 tu

1541 291 1867 347 ANNAIES
1916 288 2628 355 QUEDLINBURGENSES

381 420 575 486 Bleda,
599 408 774 473 Attila
803 417 931 486 ejus
956 416 1137 472 frater
1167 431 1411 472 omnem
1436 431 1590 488 pene
1617 414 1866 471 Galliam
1894 412 2246 482 devastavit,
2279 428 2402 485 quo
2433 428 2646 485 usque,
2672 413 2793 467 Deo
2823 414 3146 479 annuente,
3189 426 3299 483 per
3355 410 3630 482 Egidium
3678 411 3773 487 (56)

376 506 681 579 patritium
712 509 770 560 et
792 504 1275 571 Thurismodum,
1305 503 1614 559 Remensis
1655 502 1768 574 (57)
1825 500 2076 558 civitatis
2103 500 2438 574 principem
2461 500 2795 569 Gothicum,
2848 499 3091 570 fugatus
3121 503 3226 557 est.
3286 502 3367 555 Eo
3392 504 3658 574 tempore
3692 505 3777 560 Er-

374 593 678 650 manricus
709 609 890 667 super
916 609 1126 649 omnes
1157 593 1375 649 Gothos
1401 593 1692 663 regnavit,
1725 591 1974 665 astutior
2001 590 2063 646 in
2092 589 2253 655 dolo,
2285 588 2508 659 largior
2558 589 2620 645 in
2650 588 2858 659 domo,
2916 588 3021 662 qui
3045 593 3183 662 post
3208 593 3465 645 mortem
3519 589 3773 649 Friderici

372 684 531 739 unici
557 683 662 738 ﬁlii
690 682 802 753 sui,
836 699 944 739 sua
974 686 1315 755 perpetrata
1347 684 1455 753 (58)
1486 681 1810 749 voluntate,
1842 678 2140 753 patrueles
2169 694 2310 734 suos
2331 677 2669 734 Embricam
2696 683 2753 735 et
2804 677 3044 734 Fritlam
3077 679 3190 750 (59)
3238 678 3509 752 patibulo
3541 696 3775 753 suspen-

371 770 472 826 dit.
506 771 938 827 Theodoricum
968 771 1249 837 similiter,
1283 769 1615 842 patruelem
1663 785 1863 840 suum,
1895 766 2298 824 instimulante
2326 766 2599 823 Odoacro
2647 765 2914 839 patruele
2969 782 3104 834 suo,
3134 765 3209 823 de
3256 769 3485 823 Verona
3541 767 3772 841 pulsum

370 860 534 931 apud
562 859 801 915 Attilam
822 858 1062 914 exulare
1092 859 1301 928 coegit.
1330 858 1528 913 Actius
1556 856 1859 930 patricius,
1888 871 2116 927 magna
2143 853 2528 912 occidentalis
2557 854 2643 911 rei
2669 854 2924 927 publicae
2955 854 3117 911 salus
3138 859 3195 911 et
3212 854 3339 926 regi
3367 855 3555 912 Attilae
3604 857 3773 915 etiam

370 952 573 1018 terror,
617 963 653 1003 a
682 946 1092 1003 Valentiniano
1113 946 1349 1017 juniore
1378 945 1685 1001 occiditur.
1715 947 1864 1002 Cum
1893 960 2015 1017 quo
2058 943 2412 1017 Hesperium
2461 942 2671 1000 cecidit
2734 958 3010 1014 regnum,
3039 958 3235 1017 neque
3286 943 3577 1001 hactenus
3600 945 3774 1004 valuit

367 1036 617 1093 relevari
643 1036 777 1108 (60).

438 1129 550 1181 Leo
580 1125 776 1196 major
800 1125 973 1182 annis
1004 1130 1087 1180 t7.
1118 1124 1403 1196 Egyptius
1429 1139 1625 1180 errore
1657 1123 1919 1180 Dioscori
1943 1122 2139 1179 latrat.

438 1216 551 1269 Leo
582 1214 779 1269 minor
799 1229 1028 1269 annum
1060 1218 1106 1267 1.

435 1298 630 1357 Zenon
664 1317 857 1358 annos
900 1309 987 1357 17.
1017 1301 1307 1364 Odoacar.
1340 1319 1442 1358 rex
1469 1303 1818 1371 Gothorum,
1852 1304 2105 1357 Romam
2135 1300 2408 1356 obtinuit.

432 1391 781 1447 Anastasius
799 1406 992 1446 annos
1022 1396 1109 1446 27.
1131 1390 1470 1460 Fulgentius
1488 1391 1806 1464 episcopus
1823 1389 2201 1462 prtedicatur.
2263 1389 2589 1445 Ermanrici
2609 1389 2765 1460 regis
2787 1391 3133 1457 Gothorum,
3164 1407 3197 1445 a
3219 1389 3504 1447 fratribus
3532 1392 3770 1450 Hemido

361 1484 419 1536 et
447 1479 629 1536 Serila
659 1484 714 1535 et
742 1479 1068 1545 Adaccaro,
1101 1495 1359 1552 quorum
1380 1485 1613 1553 patrem
1643 1478 2031 1547 interfecerat,
2061 1477 2388 1551 amputatis
2419 1477 2703 1534 manibus
2734 1482 2791 1535 et
2815 1478 3071 1551 pedibus
3102 1478 3368 1552 turpiter,
3417 1480 3501 1536 uti
3554 1480 3767 1552 dignus

360 1572 506 1636 erat,
536 1568 757 1625 occisio
789 1570 916 1640 (61),
951 1568 1252 1637 Amulung
1276 1568 1596 1624 Theoderic
1621 1567 1868 1636 dicitur;
1898 1583 2163 1640 proavus
2194 1583 2338 1622 suus
2361 1566 2540 1622 Amul
2566 1566 2920 1635 vocabatur,
2945 1567 3049 1640 qui
3075 1569 3401 1625 Gothorum
3427 1569 3768 1643 potissimus

360 1657 733 1714 censebatur.
764 1660 830 1712 Et
853 1657 959 1712 iste
990 1656 1098 1711 fuit
1112 1656 1378 1712 Thideric
1406 1657 1481 1711 de
1499 1643 1714 1721 'Berne,
1738 1656 1813 1712 de
1842 1671 1965 1728 quo
1982 1655 2308 1712 cantabant
2335 1654 2535 1711 rustici
2559 1655 2723 1711 olim.
2748 1654 3156 1712 Theodoricus
3171 1656 3358 1713 Attilae
3380 1657 3537 1729 regis
3553 1660 3769 1717 auxilio

358 1745 419 1802 in
447 1762 703 1817 regnum
729 1745 1056 1802 Gothorum
1082 1744 1382 1810 reductus,
1414 1761 1591 1800 suum
1616 1744 1947 1817 patruelem
1981 1744 2319 1800 Odoacrum
2348 1744 2411 1799 in
2432 1746 2714 1800 Ravenna
2743 1743 2976 1800 civitate
3024 1750 3461 1818 expugnatum,
3519 1746 3767 1805 interve-

355 1833 553 1890 niente
581 1834 776 1903 Attila,
809 1849 884 1889 ne
915 1832 1298 1897 occideretur,
1330 1832 1504 1888 exilio
1520 1832 1895 1905 deputatum,
1928 1832 2138 1905 paucis
2157 1831 2313 1887 villis
2338 1832 2511 1904 juxta
2540 1831 2969 1890 conﬂuenttam
2990 1832 3178 1890 Albia!
3205 1837 3262 1890 et
3287 1833 3438 1891 Sale:
3453 1834 3769 1895 ﬂuminum

355 1922 620 1978 donavit.
652 1922 1001 1978 Anastasius
1029 1924 1233 1977 autem
1263 1920 1606 1994 imperator,
1634 1920 1925 1977 haereticis
1952 1919 2182 1991 favens,
2205 1920 2453 1976 fulmine
2475 1920 2710 1977 interiit.

424 2011 689 2067 Justinus
719 2011 892 2068 annis
920 2017 973 2067 9.
1008 2010 1407 2066 Theodoricus
1439 2014 1626 2066 Roma
1655 2011 1901 2083 potitus,
1935 2014 2215 2066 sanctum
2243 2009 2583 2065 Johannem
2612 2012 2951 2066 Romanum
2980 2010 3329 2084 pontiﬁcem
3374 2012 3436 2069 in
3487 2016 3770 2072 Ravenna

353 2116 587 2157 carcere
648 2105 897 2169 tentum,
943 2099 1023 2154 ad
1051 2103 1305 2155 mortem
1333 2114 1526 2171 usque
1556 2099 1911 2170 perducens,
1943 2099 2263 2171 praeclaros
2295 2114 2539 2171 quoque
2587 2098 2863 2155 consules
2919 2101 3353 2171 Symmachum
3404 2107 3462 2158 et
3505 2103 3768 2161 Boetium

352 2188 584 2244 occidit.
622 2194 750 2261 Ipse
779 2204 921 2243 vero
946 2187 1366 2246 Theodoricus.
1399 2190 1487 2242 98.
1513 2187 1608 2242 die
1635 2192 1961 2261 postquam
1983 2188 2283 2243 Johannes
2304 2202 2467 2260 papa
2486 2186 2802 2243 defunctus
2827 2194 2935 2257 est,
2959 2189 3273 2246 subitanea
3292 2196 3485 2248 morte
3506 2191 3731 2249 interiit
3756 2212 3769 2262 ;

352 2278 524 2348 cujus
553 2293 807 2348 regnum
838 2292 1027 2349 nepos
1055 2292 1201 2331 suus
1227 2275 1600 2331 Athalaricus
1632 2275 1911 2348 suscepit.
1944 2276 2167 2332 Eodem
2195 2280 2462 2348 tempore
2493 2280 2735 2331 sanctus
2766 2276 3116 2333 Benedictus
3170 2278 3232 2334 in
3259 2283 3463 2336 monte
3521 2280 3771 2338 Cassino

349 2365 511 2422 velut
532 2366 621 2421 sol
652 2365 912 2421 emicuit.

418 2453 784 2510 Justinianus
809 2453 1133 2526 imperator
1152 2444 1326 2508 annis
1357 2458 1444 2509 39.
1479 2453 1663 2522 Hujus
1689 2457 1720 2509 6
1742 2468 1903 2509 anno
1927 2453 2139 2526 quinta
2163 2453 2435 2525 synodus
2453 2451 2803 2509 celebratur.
2832 2454 3063 2511 Primus
3086 2455 3349 2529 Dionysii
3390 2457 3657 2516 circulus
3681 2459 3773 2516 in-

348 2541 526 2597 choat
557 2557 719 2597 anno
744 2541 1061 2597 dominica:
1090 2540 1516 2597 incarnationis
1539 2545 1662 2609 532,
1692 2545 1750 2597 et
1769 2541 1959 2597 codex
1977 2541 2382 2598 Justinianeus
2407 2541 2481 2597 de
2495 2541 2731 2613 legibus
2763 2545 3035 2600 Romano
3060 2544 3191 2601 orbi
3212 2546 3640 2619 promulgatus
3664 2552 3770 2605 est.

346 2630 570 2687 Eodem
596 2646 756 2686 anno
787 2633 955 2700 Hugo
982 2629 1384 2685 Theodoricus
1415 2645 1540 2700 rex,
1570 2629 1895 2686 Chlodovei
1920 2630 2076 2701 regis
2107 2630 2265 2686 ﬁlius
2290 2646 2362 2685 ex
2389 2631 2730 2687 concubina
2758 2637 2957 2702 natus,
2990 2648 3131 2689 cum
3168 2635 3327 2707 patri
3376 2638 3776 2694 successisset

343 2717 406 2774 in
434 2734 710 2788 regnum,
734 2717 811 2773 ad
837 2717 1186 2774 electionem
1217 2734 1389 2773 suam
1424 2716 1827 2773 lrminfridum
1857 2734 2062 2788 regem
2092 2718 2533 2789 ’l‘huringorum
2569 2720 2898 2776 honoriﬁce
2924 2721 3213 2779 invitavit.
3246 2726 3415 2794 Hugo
3445 2726 3774 2783 Theodori-

344 2823 450 2862 cus
475 2807 582 2862 iste
606 2805 842 2874 dicitur,
902 2805 961 2860 id
989 2809 1076 2861 est
1134 2809 1415 2869 Francus,
1465 2806 1610 2878 quia
1653 2805 1797 2861 olim
1826 2822 2039 2862 omnes
2070 2806 2279 2863 Franci
2326 2810 2604 2878 Hugones
2654 2809 3029 2866 vocabantur
3065 2827 3102 2867 a
3131 2827 3242 2868 suo
3291 2813 3569 2886 quodam
3618 2816 3776 2872 duce

342 2894 611 2963 Hugone.
646 2893 753 2956 Qui
782 2894 1060 2965 quamvis
1092 2895 1311 2950 nothus
1342 2899 1513 2958 esset,
1540 2910 1575 2949 a
1604 2898 1771 2966 patre
1794 2895 2134 2952 (Jblodoveo
2165 2901 2407 2969 propter
2428 2897 2785 2969 sapientiam
2807 2904 2863 2954 et
2886 2897 3296 2957 fortitudinem
3326 2894 3440 2958 sibi
3469 2902 3772 2959 divinitus

343 2983 625 3039 collatam
656 2983 877 3039 caeteris
904 2983 1038 3039 ﬁliis
1069 2984 1190 3040 suis
1219 2984 1355 3056 plus
1382 2983 1652 3049 dilectus,
1688 3001 1800 3041 suo
1819 2986 1998 3056 jussu
2027 2987 2325 3059 totiusque
2356 2987 2565 3060 populi
2594 3003 2901 3044 consensu
2923 2989 3074 3045 inter
3104 2990 3314 3047 fratres
3340 3009 3479 3048 suos
3498 2993 3777 3063 nobiles,

337 3073 399 3130 id
424 3078 511 3130 est
543 3073 970 3144 Clodomirum,
1004 3073 1429 3139 Hildebertum,
1458 3079 1515 3130 et
1547 3075 1910 3143 Lotharium,
1945 3076 2241 3148 aequalem
2267 3076 2435 3147 regni
2465 3082 2699 3150 partem
2730 3078 3011 3151 suscepit.
3048 3080 3229 3150 Cujus
3252 3082 3409 3153 parti
3439 3098 3586 3137 cum
3616 3084 3782 3139 Thu-

336 3162 530 3235 ringia
551 3162 840 3234 cessisset,
865 3163 1257 3231 Irminfridus,
1272 3178 1455 3233 gener
1474 3164 1624 3235 ejus,
1638 3164 1876 3220 hortatu
1898 3163 2099 3220 uxoris
2118 3181 2239 3219 suae
2257 3164 2637 3234 Amelburgte
2655 3165 3067 3221 invitationem
3087 3167 3244 3236 regis
3258 3170 3507 3241 respuit,
3527 3170 3777 3243 dicens,

334 3252 765 3309 Theodoricum
782 3252 984 3308 uxoris
1007 3268 1305 3323 suaa,qute
1326 3268 1496 3307 soror
1514 3258 1640 3309 erat
1659 3251 2025 3318 Theodorici,
2046 3251 2244 3324 potius
2269 3267 2397 3308 esse
2419 3251 2637 3308 debere
2658 3268 2922 3324 servum,
2943 3269 3129 3325 quam
3151 3253 3262 3309 sibi
3281 3255 3378 3311 vel
3397 3256 3535 3313 aliis
3557 3275 3776 3332 regem

332 3342 423 3396 vel
443 3341 779 3396 dominum.
799 3342 1005 3395 Veniat
1024 3341 1308 3408 primum,
1332 3339 1479 3394 dixit
1494 3339 1572 3394 ad
1590 3339 1898 3408 nuncium,-
1910 3340 2112 3408 ferens
2127 3355 2322 3395 secum
2343 3341 2732 3409 multiformis
2747 3342 3018 3409 pecuniae
3037 3342 3364 3411 cumulum,
3406 3350 3474 3400 ut
3495 3356 3678 3405 emat
3704 3349 3777 3406 ab

334 3443 522 3483 uxore
534 3441 685 3494 mea,
700 3427 775 3481 ab
792 3432 1043 3496 utroque
1052 3432 1306 3494 parente
1321 3426 1528 3487 nobili,
1547 3427 1906 3495 mejubente,
1928 3427 2221 3482 libertatis
2239 3432 2674 3483 testamentum.
2697 3429 2825 3494 Quo
2839 3444 3150 3501 responso,
3184 3431 3458 3487 unanimi
3493 3434 3773 3493 Franco-

329 3529 467 3569 rum
479 3513 698 3581 furore,
723 3516 1062 3568 commotus
1076 3511 1498 3582 Theodoricus,
1520 3513 1899 3569 remandavit
1909 3514 1961 3569 ei
1973 3513 2206 3570 dicens:
2244 3516 2502 3582 Veniam,
2525 3521 2588 3571 ut
2598 3517 2854 3585 jussisti.
2872 3518 2951 3572 Et
2966 3518 3021 3573 si
3037 3533 3255 3575 aurum
3275 3520 3430 3576 mihi
3444 3538 3581 3581 non
3593 3528 3776 3597 su/fe-

330 3603 500 3671 cerit,
507 3618 574 3672 p7
589 3616 622 3656 ο
636 3600 1048 3656 libertatemea
1061 3599 1506 3671 Thuringorum
1518 3601 2011 3673 Francorumque
2021 3604 2223 3672 capita
2240 3608 2261 3659 ι
2267 3604 2351 3659 ibi
2365 3602 2477 3674 (62)
2497 3604 2652 3661 dabo
2669 3620 2917 3662 numero
2932 3607 3408 3677 inexplicabilia.
3419 3611 3774 3687 Statimque

330 3689 575 3747 collecto
590 3688 870 3759 exercitu,
886 3689 1049 3745 venit
1060 3689 1124 3744 in
1134 3689 1442 3759 regionem
1454 3691 1618 3746 Maers
1627 3694 1741 3745 tem
1757 3691 1870 3761 (63)
1893 3696 2187 3760 vocatam,
2202 3696 2259 3748 et
2274 3691 2680 3749 lrminfridum
2691 3693 2808 3751 illic
2820 3694 2935 3750 sibi
2944 3694 3101 3752 bello
3117 3703 3541 3758 occurrentem
3571 3702 3775 3761 multa

330 3779 493 3836 cede
506 3794 755 3835 suorum
771 3777 908 3835 vicit
919 3782 976 3833 et
990 3777 1236 3847 fugavit.
1257 3780 1300 3844 Ο
1311 3794 1446 3834 uem
1462 3778 1769 3835 insecutus
1790 3766 1983 3852 usque
1997 3780 2075 3836 ad
2090 3782 2418 3838 Ovaccram
2439 3781 2715 3855 ﬂuvium,
2723 3783 2745 3854 j
2755 3787 2896 3840 uxta
2910 3784 3115 3842 villam
3128 3785 3324 3843 Arhen
3340 3788 3456 3861 (64)
3469 3796 3771 3849 vocatam

327 3868 596 3926 maximo
616 3866 822 3940 prtelio
838 3866 992 3956 fudit
1013 3884 1027 3935 ;
1050 3866 1272 3956 illoque
1302 3866 1527 3956 fugato,
1555 3871 1798 3940 propter
1818 3884 2065 3925 suorum
2082 3885 2292 3926 casum
2310 3874 2365 3926 et
2385 3869 2709 3927 viventium
2728 3871 2982 3929 vulnera
3020 3874 3281 3948 amplius
3300 3891 3440 3933 eum
3469 3880 3770 3956 persequi

327 3957 568 4028 destitit,
599 3971 781 4030 seque
803 3955 883 4012 ob
912 3954 1281 4012 curationem
1302 3954 1634 4012 dolentium
1655 3956 1885 4012 statutis
1905 3957 2203 4015 munierat
2226 3959 2455 4016 castris.
2486 3959 2752 4017 Audiens
2783 3966 2985 4018 autem
3006 3963 3427 4033 Theodoricus,
3454 3954 3767 4037 Saxones,

326 4061 589 4119 quorum
604 4046 733 4116 jam
756 4044 1039 4100 fortitudo
1054 4060 1162 4116 per
1185 4049 1373 4100 totum
1394 4060 1547 4118 pene
1564 4044 1991 4114 divulgabatur
2008 4047 2330 4115 mundum,
2343 4048 2407 4103 in
2429 4047 2563 4105 loco
2590 4050 2715 4105 Had
2724 4049 2901 4107 alaon
2918 4051 3077 4109 dicto
3097 4052 3487 4126 applicuisse,
3500 4056 3573 4115 in
3585 4075 3772 4116 suum

326 4148 433 4221 eos
458 4132 810 4221 convocavit
842 4132 1152 4221 auxilium,
1176 4133 1527 4205 promittens
1550 4133 1634 4189 eis
1649 4150 1787 4189 cum
1809 4151 1920 4190 suo
1940 4150 2311 4208 suorumque
2338 4140 2401 4191 12
2417 4137 2930 4196 nobilissimorum
2946 4141 3314 4212 juramento,
3345 4143 3395 4199 si
3410 4145 3771 4221 Thuringos

326 4219 441 4277 sibi
460 4220 846 4276 adversantes
869 4220 1192 4288 vincerent,
1212 4237 1456 4277 omnem
1476 4221 1590 4277 illis
1617 4238 1827 4278 eorum
1850 4228 2068 4279 terram
2089 4224 2396 4293 daturum,
2420 4241 2613 4298 usque
2634 4226 2714 4283 ad
2730 4228 3159 4287 conﬂuentiam
3184 4230 3329 4289 Salsa
3353 4236 3411 4289 et
3432 4219 3768 4294 Unstrada:

321 4308 667 4366 ﬂuviorum.
691 4309 802 4374 Qui
823 4308 969 4364 nihil
988 4314 1310 4378 morantes,
1334 4316 1626 4366 venerunt
1655 4311 1735 4367 ad
1764 4328 1926 4382 eum,
1957 4316 2015 4369 et
2027 4318 2456 4386 persequentes
2486 4314 2911 4385 lrminfridum,
2935 4325 3356 4391 pugnaverunt
3374 4330 3610 4383 contra
3624 4341 3768 4383 eum

322 4413 504 4472 super
515 4396 1136 4464 Unstradanﬂuvium,
1159 4402 1508 4471 tantamque
1530 4400 1970 4471 Thuringorum
1990 4406 2250 4472 stragem
2266 4401 2384 4458 illic
2405 4401 2719 4473 dederunt,
2746 4410 2809 4462 ut
2826 4406 2952 4480 ipse
2968 4408 3187 4465 ﬂuvius
3207 4425 3420 4468 eorum
3442 4414 3771 4473 cadaveri-

319 4486 437 4544 bus
449 4486 729 4560 repletus,
757 4490 1005 4559 pontem
1024 4485 1138 4541 illis
1158 4486 1469 4559 praeberet.
1507 4488 1879 4545 lrminfridus
1909 4493 2110 4546 autem
2132 4507 2271 4546 cum
2311 4507 2495 4547 uxore
2511 4497 2568 4548 ct
2586 4492 2741 4563 ﬁliis,
2778 4500 2835 4551 et
2862 4512 2984 4553 uno
3012 4497 3195 4554 milite
3244 4499 3447 4571 lringo
3476 4506 3763 4573 nomine,

319 4580 559 4670 captaa
589 4574 926 4670 saxonibus
954 4575 1401 4670 noctuncivitate
1446 4576 1768 4670 $_chidinga
1810 4594 1933 4650 qua
1980 4594 2041 4634 se
2082 4578 2472 4670 concluserat,
2496 4580 2595 4637 vix
2619 4582 2820 4640 evasit.
2843 4588 3004 4641 Tunc
3033 4588 3462 4659 Theodoricus,
3500 4600 3766 4670 accepto

316 4664 588 4734 consilio,
614 4663 938 4720 victoribus
959 4662 1221 4720 tradidit.
1253 4664 1590 4721 Saxonibus
1611 4681 1856 4723 omnem
1882 4670 2101 4724 terram
2121 4666 2586 4740 Thuringorum,
2609 4677 2857 4745 excepta
2877 4689 3066 4747 quam
3090 4672 3313 4734 Louvia
3341 4680 3457 4752 (65)
3482 4689 3550 4741 et
3572 4662 3767 4743 ﬂagra

383 4915 490 4986 (56)
528 4916 680 4987 Lege
706 4914 1032 4987 Egeticum,
1060 4914 1100 4969 ἰ.
1135 4929 1183 4971 e.
1210 4915 1469 4987 Aetium.

382 4985 490 5057 (57)
533 4985 873 5057 Legendum
902 4985 1142 5042 videtur
1169 4985 1507 5043 Tolosensis
1533 4990 1627 5045 vel
1664 4988 2087 5046 Narbonensis.

379 5058 492 5129 (:38)
529 5058 627 5113 Ita
641 5072 705 5129 _c.
730 5061 1159 5129 perpetratam‘
1177 5057 1447 5113 LEIBN.

378 5125 487 5223 (Si?)
528 5125 888 5197 Herlungos;
919 5127 1015 5183 hic
1043 5132 1101 5183 et
1148 5126 1207 5183 in
1238 5144 1404 5202 seqq.
1414 5171 1431 5200 ,
1462 5128 1536 5185 cf.
1599 5129 1886 5186 Wilhelmi
1917 5130 2142 5188 Grimm
2197 5132 2385 5189 nostri
2427 5132 2650 5189 librum
2680 5136 2775 5192 die
2803 5137 3085 5197 deutsche
3111 5142 3514 5216 Heldensage
3572 5164 3638 5223 p.
3670 5154 3759 5222 l9,

300 5210 485 5345 ωῗᾷδ)
522 5266 665 5345 [late
689 5266 937 5345 ex_libro
970 5272 1193 5345 antea.
1225 5273 1318 5325 801
1361 5269 1582 5343 scripto
1610 5271 1935 5345 desumpta
1965 5288 2100 5329 esse
2131 5273 2428 5330 videntur.

368 5336 481 5407 (6t)
524 5336 607 5394 Cf.
638 5337 961 5393 Jordanem
991 5354 1041 5393 c.
1066 5342 1155 5395 24.

369 5409 474 5481 (62)
516 5412 582 5465 Et
611 5423 767 5481 corr,
788 5408 892 5463 tibi
917 5424 1104 5481 manu
1133 5411 1394 5467 secunda
1427 5428 1477 5467 ε.

366 5478 476 5551 ('63)
518 5482 721 5551 Pagus
739 5478 801 5533 in
818 5495 939 5551 qu_o
960 5479 1319 5551 Hannovera
1351 5482 1574 5551 civitas,

367 5549 475 5626 (tit)
513 5548 1130 5626 Annalium—Otheim,
1160 5553 1491 5626 Horheim;
1513 5548 1593 5626 cf.
1627 5569 1685 5610 a.
1711 5559 1835 5610 780.

364 5621 476 5689 (65)
515 5622 737 5675 Montes
767 5619 1207 5689 'l‘huringorum
1234 5619 1656 5680 meridionales
1681 5639 1811 5681 esse
1836 5624 2133 5685 videntur.
