3980 6176
333 217 437 271 467

585 339 746 393 ANN.
786 333 1152 410 QUEDLINB.

339 425 708 485 orationibus
743 437 933 496 usque
975 421 1055 479 ad
1082 419 1242 476 diem
1272 432 1404 491 per-

1214 199 1469 260 ANNAL.
1508 199 1971 272 HILDESHEIL,
2011 201 2405 270 QUEDL!NB.,
2445 203 2847 272 WEISSEMB.,

1674 330 1766 383 ΑΝ
1773 330 1834 382 Ν.
1877 327 2412 384 WEISSEMBURG.

1510 417 1789 492 precibus
1828 419 1906 476 ad
1936 417 2097 474 diem
2140 417 2409 492 pervenit
2452 418 2579 474 ulti-

3639 213 3739 268 468

2857 331 3197 385 LAMBEBTI
3234 333 3575 389 ANNALES.

2680 417 2924 488 jejuniis
2949 422 3006 474 et
3035 419 3314 491 precibus
3339 420 3418 476 ad
3437 421 3596 478 diem
3619 439 3740 496 per-

340 515 560 574 mansit
605 513 904 571 ultimum.
959 510 1185 569 Eodem
1243 523 1404 565 anno
1512 525 1685 565 mum
1728 507 1951 565 Eodem
1979 522 2143 565 anno
2185 513 2457 565 mortuus
2491 511 2580 564 est
2687 507 2849 562 venit
2877 506 3178 564 ultimum.

343 609 616 664 mortuus
645 607 733 661 est
761 607 1021 675 Druogo.

415 699 540 754 709.
556 697 771 766 Durus,
784 698 842 750 et
851 691 1134 751 deﬁciens
1158 691 1404 748 fructus.

419 877 548 933 710.
577 872 863 947 Pippinus
915 888 1020 930 rex
1049 870 1308 946 perrexit
1350 869 1413 926 in

350 961 770 1020 Alamaniam.‘

420 1145 481 1197 71
496 1145 548 1200 1.
559 1144 744 1213 Aquae
759 1138 1207 1196 inundaverunt
1216 1137 1408 1195 valde.

421 1322 548 1374 712.
578 1320 728 1374 Mors
748 1316 1052 1387 Heriberti,
1078 1316 1235 1386 regis
1261 1317 1415 1372 Lon-

351 1406 784 1479 gobardorum.

421 1501 546 1553 713.

418 1588 547 1642 714.
575 1587 727 1642 Mors
750 1582 944 1657 Pipini
967 1581 1145 1654 regis,
1177 1581 1282 1655 qui
1309 1581 1420 1638 fuit

350 1675 510 1734 ﬁlius
526 1675 760 1747 Ansgisi
777 1694 788 1744 ;
813 1676 950 1750 post
963 1690 1147 1748 quem
1170 1673 1416 1732 Carolus

352 1768 482 1840 ejus
510 1765 669 1822 ﬁlius
694 1764 985 1835 regnavit.

423 1859 761 1927 715.Pugna
776 1857 1165 1923 Francorum;
1186 1855 1243 1910 et
1254 1869 1417 1910 mors

355 1945 672 2020 Dagoberti
701 1944 878 2014 regis.

423 2039 548 2092 716.
583 2032 876 2105 Pugnavit
919 2031 1174 2096 Carolus
1211 2034 1420 2087 contra

356 2124 701 2182 Ratbodum
727 2137 951 2193 regem.

423 2218 548 2271 717.
597 2211 889 2285 Pugnavit
926 2208 1168 2268 Carolus
1213 2213 1422 2266 contra

355 2306 612 2360 Francos
658 2301 721 2357 in
765 2299 1069 2357 dominica
1120 2298 1215 2356 die
1282 2302 1418 2355 ante

354 2393 602 2467 pascha.

425 2478 816 2540 718.Vastavit
832 2477 1076 2538 Carolus
1095 2477 1418 2536 Saxoniam

355 2568 558 2644 plaga.

427 2850 550 2903 719.
609 2845 838 2902 Occisio
911 2846 1278 2900 Francorum
1341 2842 1420 2898 ad

363 2934 700 2993 Suessionis
761 2933 1077 3002 civitatem,
1137 2936 1195 2989 et
1257 2947 1420 2988 mors

357 3023 612 3080 Ratbodi
638 3022 815 3093 regis.

429 3115 552 3167 720.
585 3110 879 3182 Pugnavit
925 3108 1169 3168 Carolus
1215 3113 1424 3166 contra

361 3201 648 3259 Saxones.

430 3295 554 3349 721.

430 3385 534 3439 722
557 3381 726 3454 (721).
741 3383 954 3451 Magna
981 3379 1246 3437 fertilitas
1268 3378 1424 3435 facta

363 3473 470 3526 est.

432 3561 557 3614 723.

433 3737 560 3791 724.

432 3828 535 3880 725
569 3824 734 3896 (724).
781 3822 1089 3880 Sarraceni
1144 3820 1422 3896 primitus

360 3913 592 3971 Italiam
629 3913 741 3987 (71)
772 3912 1207 3984 ingrediuntur.

432 4009 558 4062 726.

433 4097 559 4150 727.
576 4094 828 4150 Sanctus
847 4092 1138 4163 Egbertus
1151 4091 1428 4163 migravit

361 4179 441 4238 ad
468 4182 786 4241 Christum.

436 4274 561 4327 728.

435 4363 559 4419 729.
593 4362 850 4418 Cometen
888 4366 1322 4434 apparuerunt.

435 4542 567 4598 730.

435 4633 533 4688 731
561 4625 808 4688 Carolus
823 4626 1082 4685 vastavit
1100 4625 1254 4686 ultra
1269 4627 1428 4700 Lige-

361 4719 476 4777 rim
501 4737 516 4789 ;
547 4722 605 4776 et
629 4718 1007 4790 Raginfridus
1022 4723 1295 4774 mortuus
1315 4720 1422 4776 est.

433 4813 558 4866 732.
601 4807 846 4866 Carolus
885 4807 1179 4880 pugnavit
1219 4812 1427 4866 contra

365 4899 698 4958 Saracenos
722 4898 820 4955 die
850 4898 1130 4957 sabatbo.

431 4993 558 5048 733.
586 4987 830 5064 Eclipsis
860 4988 1004 5047 solis
1033 4989 1191 5047 facta
1219 4992 1324 5046 est.

399 5081 563 5176 .734.
591 5079 840 5139 Carolus
879 5078 1139 5153 perrexit
1173 5076 1236 5136 in
1287 5079 1424 5138 Fre-

363 5181 546 5224 nam.

431 5386 548 5488 $2.12
572 5385 860 5488 ἔίῗέἐ
876 5389 1466 5488 ’ἐξηνῖξιέέέὲζῖιι
1510 5464 1680 5488 ..-μὴ
1713 5467 1744 5488 .,
1822 5476 2005 5488 mm.
2189 5390 2280 5488 ςΖέ

431 5457 552 5542 (72)
579 5457 849 5542 Tiber-iugi
884 5462 1067 5542 qm‘et
1105 5457 1466 5522 Abaimaru:
1504 5464 1683 5522 annis
1713 5467 1767 5531 7,
1822 5476 2011 5518 manu
2189 5457 2276 5542 (75

359 5530 573 5588 eadem
602 5530 940 5589 posteriori.
1756 5530 1760 5531 ⁷
2191 5530 2278 5589 (76

431 5603 544 5673 (73)
576 5603 874 5672 Bippz'nus
901 5607 954 5661 2.
996 5606 1012 5659 1

360 5689 502 5737 men
527 5673 692 5737 varie
721 5673 1012 5737 scribitur.

633 5603 874 5672 ippinus
901 5607 954 5661 2.
996 5605 1290 5662 Bibbinus
1327 5610 1382 5665 4.
1433 5611 1485 5667 5.
1515 5606 1600 5665 ita
1629 5609 1688 5664 et
1708 5603 1864 5662 infra
1903 5618 2010 5661 no-

1514 602 1775 669 Druogo.

1588 695 1714 747 709.
1748 693 1941 746 Durus
1970 692 2027 745 et
2049 687 2332 746 deﬁciens
2353 687 2579 744 fructus

1518 781 1718 925 ful:10.
1752 868 2038 925 Bibbinus
2084 883 2190 924 rex
2226 865 2483 938 perrexit
2520 865 2582 920 in

1519 961 1894 1025 Alamannia.

1591 1148 1687 1200 711
1723 1141 1854 1214 (72).
1928 1141 2095 1210 Aque
2140 1132 2588 1190 inundaverunt

1521 1233 1717 1379 mg;
1765 1322 2025 1376 Mortuus
2077 1318 2165 1370 est
2221 1311 2581 1378 Heribertus,

1522 1428 1627 1469 rex
1658 1405 2212 1481 Langobardorum.

1754 1587 2012 1644 Mortuus
2041 1585 2130 1637 est
2157 1578 2441 1652 Pippinus
2459 1591 2584 1644 rex;

1524 1682 1664 1753 post
1693 1691 1877 1750 quem
1928 1670 2199 1743 regnavit
2229 1666 2481 1724 Karolus
2524 1664 2590 1720 ﬁ-

1526 1768 1638 1824 lius
1669 1767 1800 1838 ejus
1834 1763 2008 1820 annis
2045 1765 2133 1817 27.

1597 1861 1720 1912 715.
1768 1851 2140 1923 Dagobertus
2169 1863 2275 1903 rex
2303 1844 2585 1912 moritur;

1525 1943 1755 2016 fuitque
1792 1956 1999 2015 pugna
2027 1942 2408 1995 Francorum.

1599 2039 1722 2090 716.
1745 2029 2038 2102 Pugnavit
2054 2045 2159 2084 rex
2181 2024 2430 2083 Karolus
2446 2037 2588 2079 con-

1526 2127 1616 2181 tra
1643 2138 1847 2192 regem
1871 2117 2230 2176 Batbodum.

1597 2217 1721 2268 717.
1762 2208 2050 2280 Pugnavit
2097 2204 2345 2263 Karolus
2385 2206 2592 2258 contra

1529 2306 1787 2359 Francos
1834 2300 1895 2356 in
1945 2295 2248 2353 dominica
2309 2296 2442 2348 ante
2481 2307 2589 2365 pa-

1529 2393 1722 2538 scgﬁé.
1777 2477 2039 2534 Vastavit
2097 2472 2348 2532 Karolus
2407 2472 2590 2528 Saxo-

1528 2570 1691 2628 niam
1722 2567 1905 2644 plaga
1933 2579 2177 2637 magna.

1600 2853 1724 2904 719.
1787 2844 2018 2902 Occisio
2075 2845 2439 2898 Francorum
2515 2839 2594 2896 ad

1533 2935 1864 2996 Suessionis
1895 2933 2210 2991 civitatem.

1602 3119 1726 3172 720.
1767 3111 2057 3185 Pugnavit
2087 3110 2335 3168 Karolus
2387 3112 2596 3165 contra

1535 3209 1825 3264 Saxones.

1605 3299 1728 3351 721.

1603 3388 1728 3440 722.
1757 3385 1969 3451 Magna
2006 3378 2270 3435 fertilitas
2300 3377 2457 3434 facta
2482 3379 2590 3432 est.

1604 3562 1728 3616 723.
1761 3561 1887 3614 Duo
1934 3555 2040 3610 ﬁlii
2069 3553 2364 3624 Drugonis
2407 3552 2593 3624 ligati,

1533 3650 1591 3704 et
1618 3645 1870 3703 Karolus
1896 3642 2255 3701 inﬁrmatur.

1605 3738 1728 3792 724.

1605 3830 1729 3881 725.
1760 3823 2011 3881 Karolus
2042 3822 2297 3895 perrexit
2326 3820 2597 3891 Andega-

1533 3932 1644 3971 VlS.

1493 4065 1499 4070 _
1606 4009 1730 4062 726.

1606 4100 1730 4151 727.
1765 4095 2014 4151 Sanctus
2052 4091 2340 4164 Egbertus
2376 4091 2598 4161 migra-

1535 4185 1621 4242 vit
1644 4185 1721 4241 ad
1743 4183 2061 4242 Christum.

1607 4279 1732 4332 728.

1607 4368 1731 4422 729.
1783 4365 2039 4420 Cometa:
2088 4359 2251 4418 stelle
2307 4377 2600 4434 apparue-

1535 4459 1692 4512 runt.

1607 4545 1732 4600 730.

1607 4635 1732 4690 731.
1767 4629 2016 4688 Karolus
2044 4629 2299 4686 vastavit
2337 4628 2492 4688 ultra
2518 4630 2603 4686 Li-

1539 4738 1773 4793 goram.

1608 4816 1732 4869 732.
1781 4809 2032 4867 Karolus
2061 4809 2355 4882 pugnavit
2391 4815 2600 4867 contra

1539 4904 1886 4960 Saracenos.

1606 4995 1729 5048 733.
1765 4990 2011 5064 Eclipsis
2043 4990 2188 5048 solis
2212 4991 2369 5047 facta
2393 4994 2503 5048 est.

1605 5083 1731 5136 734.
1764 5077 2016 5137 Karolus
2049 5079 2308 5153 perrexit
2348 5079 2410 5135 in
2458 5079 2594 5134 Fre-

1535 5186 1710 5228 31am.

2212 5610 2276 5660 77

2211 5679 2277 5733 78

2284 5390 2304 5750 ἕ

2188 5492 2210 5751 ξ

2759 687 2884 741 709.

2761 867 2886 920 710.
2911 863 3200 921 Pibbinus
3215 867 3413 937 major
3431 866 3650 924 domus
3667 882 3750 924 re-

2693 953 2793 1024 gni
2824 957 3186 1012 Francorum
3233 957 3490 1028 perrexit
3516 956 3578 1013 in
3622 957 3749 1016 Ale-

2691 1059 3025 1100 manmam.

2764 1137 2887 1190 711.

2765 1317 2889 1367 712.
2952 1314 3212 1369 Mortuus
3262 1317 3352 1369 est
3398 1313 3750 1384 Heribertus,

2693 1418 2797 1458 rex
2830 1402 3386 1473 Langobardorum.

2767 1495 2890 1547 713.

2699 1589 2711 1595 '
2767 1585 2891 1636 714.
2921 1583 3178 1637 Mortuus
3209 1586 3296 1638 est
3337 1581 3624 1656 Pippinus
3647 1584 3753 1656 (73)

2698 1671 2896 1741 major
2924 1671 3164 1741 domus,
3195 1671 3293 1727 cui
3333 1671 3620 1728 successit
3649 1675 3754 1729 Ka-

2699 1759 2861 1815 rolus
2887 1761 3001 1832 (74)
3027 1760 3186 1816 ﬁlius
3215 1762 3363 1831 ejus.

2771 1854 2892 1905 715.
2950 1853 3207 1906 Mortuus
3251 1855 3338 1906 est
3390 1850 3753 1920 Dagobertus

2699 1955 2803 1994 rex
2828 1957 2840 2006 ;
2883 1938 3108 2012 fuitque
3139 1955 3344 2010 pugna
3375 1941 3751 1996 Francorum.

2771 2030 2893 2084 716.
2936 2029 3228 2099 Pugnavit
3257 2029 3506 2086 Karolus
3555 2033 3757 2087 contra

2699 2131 2903 2188 regem
2933 2118 3294 2174 Ratbodum.

2770 2212 2894 2263 717.
2929 2208 3216 2278 Pugnavit
3253 2206 3504 2264 Karolus
3555 2213 3757 2265 contra

2703 2300 2957 2354 Francos
3010 2296 3071 2352 in
3119 2295 3423 2352 dominica
3478 2297 3576 2353 die
3630 2300 3759 2353 ante

2700 2386 2949 2459 pascha.

2772 2479 2897 2530 718.
2947 2472 3210 2530 Vastavit
3266 2473 3516 2530 Karolus
3580 2477 3760 2533 Saxo-

2701 2563 2866 2619 niam
2891 2563 3075 2636 plaga
3101 2576 3344 2632 magna.
3375 2564 3631 2620 Sanctus
3653 2565 3760 2636 (711)

2705 2651 3039 2708 Bonifacius
3088 2651 3400 2708 ordinatur
3446 2653 3763 2726 episcopus

2701 2745 2753 2798 2.
2785 2740 2909 2798 Kal.
2944 2740 3308 2798 Decembris.

2774 2833 2898 2886 719.
2971 2830 3197 2888 Occisio
3268 2833 3634 2887 Francorum
3689 2828 3764 2886 ad

2708 2921 3040 2979 Suessionis
3065 2920 3382 2977 civitatem.

2776 3102 2900 3155 720.
2933 3097 3224 3168 Pugnavit
3261 3096 3510 3155 Karolus
3553 3099 3770 3153 contra

2708 3189 2991 3244 Saxones.

2775 3279 2900 3330 721.

2776 3366 2900 3418 722.
2933 3365 3145 3432 Magna
3172 3359 3442 3418 fertilitas
3470 3363 3638 3420 facta.
3668 3365 3766 3420 est.

2776 3543 2899 3596 723.
2933 3536 3184 3596 Karolus
3213 3537 3553 3596 inﬁrmatur
3579 3539 3718 3612 (76).

2778 3723 2902 3777 724.

2779 3815 2902 3867 725.
2938 3808 3188 3866 Karolus
3217 3807 3474 3880 perrexit
3501 3807 3772 3877 Andega—

2709 3900 2818 3957 vis.

2781 3996 2903 4047 726.

2781 4086 2903 4137 727.
2937 4082 3187 4138 Sanctus
3217 4078 3506 4149 Egbertus
3551 4076 3767 4148 migra-

2709 4174 2791 4230 vit
2820 4172 2900 4228 ad
2929 4172 3246 4230 Christum.

2781 4267 2906 4318 728.

2781 4357 2906 4410 729.
2957 4355 3213 4410 Cometa:
3267 4349 3432 4408 stelle
3475 4363 3767 4424 apparue-

2710 4445 2867 4499 runt.

2782 4535 2908 4589 730.

2780 4626 2904 4679 731.
2939 4621 3190 4678 Karolus
3218 4619 3476 4677 vastavit
3501 4617 3660 4674 ultra
3684 4616 3767 4673 L1-

2710 4728 2942 4784 guram.

2778 4808 2881 4860 732
2904 4804 3037 4876 (77).
3063 4802 3314 4859 Karolus
3329 4800 3623 4874 pugnavit
3637 4814 3767 4856 con-

2708 4899 2798 4950 tra
2829 4895 3210 4951 Sarracenos.

2777 4995 2902 5048 733.
2920 4991 3163 5063 Eclipsis
3185 4989 3342 5046 facta
3364 4993 3456 5045 est
3477 4987 3620 5044 solis
3637 4986 3762 5058 (78).

2775 5083 2899 5137 734.
2937 5080 3187 5137 Karolus
3215 5078 3473 5153 perrexit
3523 5077 3584 5133 in
3638 5078 3763 5132 Fro-

2704 5187 2879 5228 51am.

2328 5387 2406 5464 Κ.
2438 5388 2778 5464 Δζᾳνεειιᾳε.
2800 5396 2853 5448 4.
2886 5407 3003 5449 vox
3025 5387 3196 5449 lineae
3223 5387 3623 5464 superscripta
3642 5387 3693 5444 5.

2330 5463 2396 5518 L.
2428 5460 2659 5535 reliqua
2677 5462 2896 5522 desunt
2931 5467 2983 5520 2.

2334 5535 2465 5589 Haec
2496 5533 2714 5590 desunt
2741 5540 2794 5591 2.

2335 5607 2466 5660 Haac
2497 5604 2712 5662 desunt
2741 5609 2793 5663 2.

2305 5678 2466 5750 illac
2496 5675 2716 5738 desunt
2737 5680 2793 5735 2.
