3980 6176
383 271 477 321 471
1276 256 1530 312 ANNAL.
1575 256 2011 311 HILDESHEIM.
2056 256 2450 327 QUEDLINB.,
2489 256 2891 322 WEISSEMB.,

626 388 789 441 ANN.
836 384 1205 448 QUEDLINB.

460 481 582 530 753.
612 473 948 544 Stephanus
982 486 1142 543 papa
1190 470 1267 526 ad
1323 470 1452 542 Pip-

391 565 600 637 pinum
630 561 691 616 in
725 559 1033 616 Franciam
1065 558 1328 626 veniens,
1357 559 1454 613 de-

391 651 722 706 fensionem
754 649 896 722 petit
945 653 1151 704 contra
1199 646 1454 702 Haistul-

393 740 520 794 fum
550 755 772 807 regem.

467 830 589 882 754.
629 827 964 899 Stephanus
994 842 1154 898 papa
1185 826 1336 880 duos
1393 826 1458 879 ti-

395 914 505 971 lios
536 915 785 987 Pippini,
822 915 1098 971 Carolum
1138 918 1194 969 et
1223 913 1457 970 Carolo-

398 1021 714 1070 mannum,
743 1004 907 1058 unxit
935 1003 995 1058 in
1018 1019 1205 1073 reges.

470 1099 593 1149 755.
621 1093 954 1148 Bonifacius
974 1091 1458 1164 archiepiscopus

399 1196 510 1252 pro
539 1180 744 1235 Christi
777 1181 1020 1236 nomine
1052 1179 1338 1250 martyrio
1370 1195 1455 1235 co-

399 1275 664 1335 ronatur,
695 1269 788 1324 cui
820 1269 943 1324 l.ull
971 1269 1272 1324 successit.

470 1359 593 1414 756.

473 1455 594 1504 757.
630 1450 868 1518 Organa
893 1454 1184 1504 venerunt
1203 1449 1264 1504 in
1294 1452 1466 1504 Fran-

404 1539 579 1595 ciam.

473 1633 598 1684 758.
624 1629 905 1701 Pippinus
939 1630 1274 1686 Saxonibus
1295 1646 1467 1702 supe-

405 1719 546 1774 ratis
581 1719 871 1774 tributum
902 1720 1209 1791 imposuit,
1243 1724 1306 1774 ut
1365 1725 1468 1774 300

407 1824 592 1880 equos
624 1807 870 1876 singulis
932 1809 1228 1864 solverent
1273 1808 1465 1864 annis.

476 1901 600 1951 759.

477 1988 600 2039 760.
641 1984 923 2055 Pippinus
981 1984 1040 2039 in
1094 1985 1469 2040 Wasconiam

406 2073 586 2128 venit.

479 2166 601 2216 761.
645 2165 746 2216 762
792 2165 914 2216 763.

481 2253 601 2304 76’».
638 2249 833 2304 Hiems
867 2249 1128 2319 grandis.

481 2447 602 2500 765.

479 2628 600 2678 766.

479 2807 600 2858 767.

479 2895 602 2945 768.
655 2889 938 2961 Pippinus
1005 2905 1108 2944 rex
1146 2888 1474 2961 acquisivit

407 2976 650 3015 omnem
709 2959 938 3031 partem
1004 2959 1362 3031 Aquitaniae,
1417 2965 1473 3016 et

407 3031 678 3085 Wifarius
705 3036 797 3084 est
838 3030 1197 3086 interfectus.
1248 3030 1471 3086 Eodem

409 3117 578 3182 anno.
601 3101 885 3182 Pippinus
914 3118 1015 3182 rex
1043 3108 1359 3182 revertens.
1393 3102 1470 3157 ab

409 3173 727 3245 Aquitania
741 3173 815 3245 ad
832 3178 1106 3228 sanctum
1122 3173 1470 3245 Dionysium

407 3248 438 3299 8
472 3243 595 3299 Kal.
633 3243 836 3299 Octob.
863 3245 1028 3309 obiit,
1060 3245 1194 3300 ﬁliis
1222 3243 1345 3300 suis
1371 3248 1473 3302 Ca-

405 3315 762 3388 rolomanno
785 3321 842 3371 et
863 3317 1093 3387 Carolo,
1121 3317 1224 3388 qui
1255 3331 1472 3388 cogno-

407 3387 672 3443 minatur
701 3389 966 3456 Magnus,
997 3386 1253 3456 regnum
1294 3386 1470 3442 relin-

406 3473 617 3528 quens.

479 3533 605 3582 769.

479 3619 600 3669 770.
638 3617 754 3669 Hoc
778 3631 938 3671 anno
983 3616 1286 3686 Berthrad,
1341 3636 1470 3674 ma-

410 3707 493 3758 ter
526 3703 738 3774 Caroli,
766 3703 950 3760 ﬁliam
985 3705 1268 3762 Desiderii
1312 3709 1468 3778 regis

408 3791 482 3846 de
505 3791 669 3847 Italia
696 3792 946 3850 adduxit
974 3794 1030 3851 in
1065 3795 1397 3854 Franciam.

477 3885 601 3938 771.
634 3882 1106 3941 Carolomannus
1137 3885 1318 3971 frater
1371 3892 1473 3946 Ca-

405 3970 512 4026 roli
537 3970 700 4041 obiit,
734 3989 989 4043 regnum
1005 3970 1348 4050 relinquens
1363 3979 1474 4036 fra-

405 4059 476 4114 tri
502 4076 609 4115 suo
641 4061 849 4118 Carolo
872 4080 1114 4135 magno.

477 4153 600 4202 772.
635 4150 879 4206 Carolus
905 4153 964 4208 in
990 4156 1248 4213 Saxonia
1274 4161 1474 4215 Heres-

407 4232 564 4304 burg
592 4245 918 4308 expugnat,
939 4246 994 4296 et
1011 4242 1221 4300 fanum
1239 4262 1468 4315 eorum,

409 4322 570 4392 quod
585 4330 831 4379 vocatur
850 4329 1142 4402 lrminsul,
1163 4335 1468 4394 subvertit.

479 4414 601 4465 773.
630 4412 873 4468 Carolus
904 4415 1185 4475 invitatus
1231 4423 1308 4478 ab
1367 4429 1474 4481 Ha-

407 4497 620 4554 driano
651 4516 830 4573 papa,
861 4505 1084 4563 Italiam
1133 4509 1472 4579 ingrediens

412 4589 778 4646 Desiderium
805 4608 1008 4662 regem
1038 4596 1098 4653 in
1142 4600 1325 4672 Papia
1367 4602 1472 4658 ob-

410 4677 583 4734 sedit.

479 4771 601 4853 774‘.
638 4769 880 4850 Carolus
906 4774 1198 4853 Papiam_
1211 4780 1384 4853 cepit,
1417 4787 1474 4838 et

408 4839 776 4913 Desiderium
806 4839 1009 4913 regem
1048 4846 1110 4902 in
1159 4839 1472 4908 Franciam

406 4909 592 4990 duxit.
629 4909 1043 4990 Eodem_anno
1075 4920 1339 4978 Saxones
1382 4942 1473 4980 ec-

407 4981 725 5063 cles_i_am_i_n
747 4985 1076 5063 Ij‘ridislare,
1101 5006 1287 5063 quam
1300 5011 1472 5051 sanc-

406 5057 499 5105 tus
517 5054 852 5133 bonifacius
874 5054 1190 5133 aedificavit
1205 5069 1262 5120 et
1301 5066 1468 5122 dedi-

406 5124 576 5206 cavit,
594 5124 778 5206 lignis
797 5132 854 5206 e_t
871 5128 1006 5200 igne
1029 5131 1345 5206 implentes
1386 5138 1471 5195 in-

405 5193 674 5270 cendere,
689 5193 968 5257 volebant
986 5221 998 5270 ;
1067 5193 1171 5260 séd
1222 5193 1469 5268 minime

403 5261 702 5321 valebant.

409 5337 877 5426 ..-Z.7§;.EEI919$
907 5341 1159 5426 Slemk
1187 5353 1360 5426 cepit.
1411 5361 1467 5412 et

399 5407 571 5471 juxta
584 5407 990 5469 Brunesberch
1004 5407 1282 5478 Saxones‘
1283 5407 1461 5484 138116;

1740 381 1902 434 ANN.
1929 381 2449 437 WEISSEMBURG.

1635 471 1757 522 753.
1795 467 2131 538 Stephanus
2156 485 2319 541 papa
2348 469 2427 525 ad
2442 468 2631 542 Pippi-

1565 572 1712 610 num
1741 555 2008 623 veniens,
2042 557 2456 614 defensionem
2487 559 2631 632 petit

1565 648 1770 699 contra
1801 643 2151 700 Haistolfum
2181 662 2403 717 regem.

1638 825 1760 877 754.
1799 822 2138 895 Stephanus
2159 839 2323 898 papa
2375 825 2530 880 duos
2569 825 2633 879 ﬁ-

1564 910 1676 966 lios
1731 909 1986 982 Pippini,
2038 911 2318 967 Karolum
2372 918 2429 968 et
2477 913 2636 969 Karl-

1568 1016 1882 1067 mannum,
1914 1001 2082 1055 unxit
2110 1001 2172 1056 in
2201 1018 2390 1072 reges.

1641 1094 1764 1145 755.
1799 1090 2048 1145 Sanctus
2091 1092 2429 1148 Bonifacius
2480 1110 2631 1149 mar-

1571 1176 1725 1250 tyrio
1757 1183 2095 1236 coronatur.

1644 1362 1767 1414 756.

1646 1451 1769 1501 757.
1805 1449 2110 1516 Organum
2153 1449 2313 1505 venit
2355 1450 2415 1505 in
2462 1453 2638 1508 Fran-

1573 1535 1739 1591 tiam.

1646 1630 1768 1681 758.
1804 1626 2088 1698 Pippinus
2113 1628 2447 1684 Saxonibus
2469 1647 2640 1704 supe-

1574 1712 1717 1767 ratis
1741 1713 2026 1769 tributum
2073 1716 2378 1788 imposuit,
2424 1723 2489 1772 ut
2535 1722 2639 1775 300

1577 1817 1763 1872 equos
1797 1801 2043 1873 singulis
2076 1804 2250 1858 annis
2274 1805 2636 1877 persolvant.

1647 1895 1770 1947 759.

1648 1984 1772 2037 760.

1650 2162 1774 2214 761.
1808 2163 1932 2214 762.
1963 2163 2086 2216 763.

1651 2233 1773 2285 764.
1830 2230 2115 2303 Pippinus
2157 2248 2266 2303 rex
2348 2250 2640 2303 magnum

1580 2301 1954 2375 conventuin
1985 2301 2264 2375 habuitin
2293 2301 2590 2375 Carisiago
2626 2325 2639 2373 ;

1581 2372 1806 2443 fuitque
1834 2372 2120 2427 hibernus
2147 2374 2354 2430 durus.

1650 2450 1678 2498 7
1688 2449 1773 2497 65.
1793 2446 2177 2527 Ruqtganguﬂs
2189 2446 2506 2527 episcopus
2521 2464 2644 2527 cor-

1580 2529 1729 2586 pora
1760 2519 2102 2586 sanctorum
2128 2517 2427 2585 Gordiani,
2453 2519 2644 2574 Nabo-

1579 2585 1658 2640 ris
1689 2589 1745 2639 et
1775 2586 1998 2640 Nazarii
2029 2585 2103 2640 de
2134 2590 2321 2644 Roma
2372 2589 2638 2645 adduxit.

1618 2660 1773 2737 .766.
1814 2657 1953 2711 Victi
1978 2661 2116 2712 sunt
2147 2659 2334 2714 Sclavi
2386 2676 2422 2715 a
2471 2663 2644 2717 Fran-

1579 2743 1683 2782 eis.

1649 2803 1772 2854 767.

1651 2891 1774 2942 768.
1831 2886 2114 2960 Pippinus
2164 2905 2266 2944 rex
2323 2890 2646 2963 adquisivit

1579 2974 1965 3046 Aquitaniam
1994 2979 2199 3031 totam.
2229 2977 2450 3033 Eodem
2482 2995 2642 3035 anno

1582 3065 1785 3138 Pippin
1796 3082 1862 3119 us
1888 3083 1990 3120 rex
2011 3067 2090 3121 ab
2111 3067 2429 3138 Aquitania
2453 3085 2645 3125 rever-

1580 3159 1708 3230 tens
1757 3155 1835 3230 ad
1889 3161 2163 3230 sanctum
2220 3159 2568 3230 Dionisium,
2611 3165 2642 3216 8

1582 3226 1705 3282 Kal.
1754 3229 1876 3282 Oct.
1937 3227 2101 3294 obiit,
2154 3229 2328 3285 Karlo
2383 3236 2439 3286 et
2483 3226 2642 3287 Karl-

1581 3332 1806 3372 manno
1828 3332 2083 3386 regnum
2108 3317 2472 3390 relinquens.

1649 3497 1773 3550 769.

1651 3585 1773 3636 770.
1837 3581 2046 3638 Berhta
2105 3584 2312 3654 regina
2358 3586 2520 3642 venit
2567 3587 2641 3644 de

1577 3668 1760 3740 Italia,
1811 3675 1867 3726 et
1915 3671 2194 3728 Desiderii
2245 3674 2402 3743 regis
2454 3674 2641 3732 ﬁliam

1580 3757 1828 3814 adduxit
1857 3759 1919 3815 in
1945 3762 2270 3818 Franciam.

1651 3853 1775 3905 771.
1805 3850 2246 3908 Karlomannus
2276 3869 2378 3909 rex
2425 3853 2640 3910 defun-

1580 3943 1708 3994 ctus
1739 3944 1826 3996 est
1853 3940 1985 4012 (81).
2021 3941 2422 3999 Karlmannus
2475 3943 2639 4016 obiit,

1579 4029 1744 4086 fratri
1771 4030 1945 4086 Karlo
1985 4047 2243 4102 regnum
2275 4033 2637 4108 relinquens.

1650 4123 1773 4176 772.
1809 4119 2062 4176 Karolus
2084 4120 2147 4176 in
2172 4123 2429 4179 Saxonia
2476 4126 2641 4180 Eres-

1578 4189 1736 4260 burg
1763 4193 2146 4264 expugnavit,
2179 4198 2235 4249 et
2291 4193 2500 4250 fanum
2548 4211 2643 4251 eo-

1579 4279 1736 4389 auntl,
1768 4263 1934 4389 qupd
1974 4264 2303 4322 vocabatur
2345 4265 2639 4334 lrminsul,

1623 4350 1686 4389 es
1731 4351 1846 4389 'ux1
1877 4377 1889 4388 .

1651 4377 2057 4461 773ΐῒίξιόιυε
2083 4405 2161 4462 ab
2191 4407 2450 4464 Adriano
2480 4424 2643 4482 papa

1582 4496 1832 4550 Romam
1866 4501 2132 4565 vocatus,
2175 4497 2403 4554 Italiam
2445 4498 2640 4568 ingra-

1579 4581 1750 4638 diens
1779 4600 1982 4654 regem
2015 4585 2382 4643 Desiderium
2417 4587 2477 4643 in
2531 4589 2641 4643 Pa-

1580 4670 1679 4744 pia
1708 4672 1962 4730 obsedit.

1652 4763 2050 4839 77-’i_.1§arolus
2079 4765 2326 4839 Papiam
2371 4767 2544 4839 cepit,
2587 4769 2644 4822 et

1580 4832 1952 4905 Desiderium
1983 4832 2186 4905 regem
2218 4836 2278 4892 in
2327 4832 2642 4893 Frahciam

1579 4903 1766 4959 duxit.
1799 4906 2017 4961 Eodem
2051 4903 2210 4963 anno
2257 4912 2520 4965 Saxones
2555 4925 2644 4964 ec-

1581 4973 1827 5051 clesiam
1871 4978 1942 5051 in
1994 4979 2315 5051 Frideslare
2363 4981 2539 5051 lignis
2588 4984 2645 5035 et

1580 5045 2056 5120 igneimplentes
2113 5045 2437 5107 incendere
2483 5051 2643 5108 vole-

1581 5117 1730 5174 bant
1762 5137 1776 5186 ;
1809 5117 1910 5176 sed
1941 5121 2186 5178 minime
2214 5123 2517 5181 valebant.

1645 5411 1768 5463 775.

471 5608 586 5748 ἕξὲ)
631 5611 719 5665 W-
753 5612 979 5672 efAnn.
1015 5622 1358 5687 Weissemb.
1394 5635 1496 5693 SS.
1529 5639 1590 5695 Τ.
1616 5642 1659 5708 Ι,
1688 5657 1747 5714 p.
1787 5644 1906 5697 111.

562 5680 682 5748 lAn
702 5691 965 5746 castrum
993 5695 1154 5748 quod
1177 5697 1321 5748 urbs
1349 5704 1612 5748 Widnnin
1638 5719 1842 5748 mm...
1869 5727 1906 5748 ..

495 5680 682 5748 82)An
702 5691 965 5746 castrum
993 5695 1154 5762 quod

3699 268 3805 320 472

2907 383 3247 439 LAMBERTI
3286 387 3628 443 ANNALES.

2810 474 2932 526 753.
2971 471 3308 542 Stephanus
3339 490 3500 546 papa
3546 475 3624 530 ad
3681 476 3807 550 Pip-

2739 557 2950 630 pinum
2968 560 3234 628 veniens,
3263 561 3675 620 defensionem
3703 582 3813 642 pe-

2740 649 2828 707 tiit
2857 653 3065 704 contra
3097 650 3454 709 Haistulfum
3484 670 3710 724 regem.

2813 829 2935 881 754.
2973 826 3309 898 Stephanus
3335 845 3496 902 papa
3547 831 3704 887 duos
3750 833 3813 887 ﬁ-

2741 918 2851 974 lios
2875 915 3105 989 Pippini
3120 917 3408 974 Karolum
3427 924 3483 974 et.
3506 920 3817 977 Karlman-

2742 1025 2891 1064 num
2920 1007 3090 1062 unxit
3114 1009 3174 1062 in
3205 1025 3394 1077 reges.

2815 1101 2938 1152 755.
2977 1098 3228 1153 Sanctus
3259 1098 3598 1155 Bonifacius
3652 1117 3814 1157 mar-

2743 1186 2898 1258 tyrio
2924 1191 3244 1242 coronatur
3271 1203 3433 1243 anno
3469 1189 3815 1261 peregrina-

2744 1274 2921 1330 tionis
2953 1292 3070 1330 suae
3096 1280 3210 1332 40°.

2818 1368 2940 1419 756.

2817 1458 2917 1508 757
2986 1454 3150 1526 (756).
3249 1457 3487 1524 Organa
3547 1456 3816 1529 primum

2746 1545 2938 1601 missa
2964 1551 3101 1600 sunt
3139 1546 3389 1618 Pippino
3439 1546 3515 1602 de
3568 1547 3815 1602 Graecia.

2819 1638 2942 1690 758.
2975 1635 3258 1707 Pippinus
3280 1635 3618 1691 Saxonibus
3643 1652 3817 1708 supe-

2747 1725 2890 1779 ratis
2916 1723 3204 1779 tributum
3243 1724 3550 1797 imposuit,
3595 1730 3660 1780 ut
3714 1729 3816 1780 300

2749 1829 2937 1886 equos
2951 1813 3202 1883 singulis
3220 1814 3394 1870 annis
3407 1813 3818 1887 persolverent

2819 1907 2944 1958 759.

2821 1995 2945 2046 760.

2821 2170 2946 2223 761.
2976 2171 3099 2223 76'2.
3132 2171 3236 2223 763

2821 2241 2944 2294 764.
2997 2238 3278 2364 Pippinus
3324 2254 3611 2308 magnum
3665 2254 3818 2293 con-

2826 2315 2995 2364 ntum
3101 2309 3266 2364 abuit
3324 2310 3386 2363 in
3461 2309 3814 2364 Carisiago:

2751 2315 2995 2366 ventum
3057 2310 3266 2365 habuit
3324 2310 3386 2363 in
3461 2310 3814 2378 Carisiago;

2752 2381 2979 2452 fuitque
3008 2381 3223 2452 hyems
3255 2380 3594 2452 durissima.

2823 2451 2946 2507 765.
3031 2451 3420 2532 Rnotgangus
3499 2451 3817 2532 episcopus

2753 2539 3007 2604 corpora
3029 2527 3370 2602 sanctorum
3385 2525 3682 2593 Gorgonii,
3709 2525 3813 2602 Na-

2751 2594 2916 2649 boris
2930 2598 2985 2648 et
3005 2593 3230 2649 Nazarii
3252 2593 3325 2648 de
3344 2596 3531 2649 Roma
3557 2594 3813 2649 advexit.

2827 2669 2948 2720 766.
2984 2637 3124 2721 Victi
3155 2669 3295 2720 sunt
3324 2665 3517 2721 Sclavi
3565 2665 3625 2724 in
3656 2665 3816 2720 VVei-

2755 2736 3067 2862 dah6aiburc
3095 2736 3198 2808 (82)
3231 2752 3267 2791 a
3295 2736 3553 2792 Francis.

2838 2831 2850 2862 l
2938 2850 2950 2862 .

2825 2900 2950 2952 768.
3009 2896 3292 2968 Pippinus
3338 2912 3442 2952 rex
3505 2894 3824 2968 acquisivit

2755 2985 3134 3058 Equitaniam
3159 2989 3359 3050 totam,
3391 2989 3447 3039 et
3475 2984 3616 3040 inde
3632 2999 3826 3038 rever-

2754 3079 2882 3131 tens
2940 3074 3018 3129 ad
3049 3080 3319 3130 sanctum
3349 3073 3723 3144 Dionysium,
3773 3075 3824 3126 8.

2755 3165 2875 3220 Kal.
2908 3166 3174 3221 Octobris
3201 3165 3363 3230 obiit,
3411 3163 3620 3220 Karolo
3695 3179 3827 3219 ma-

2754 3269 2872 3323 gno
2895 3258 2950 3308 et
2980 3253 3345 3309 Karlmanno
3378 3268 3633 3322 regnum
3655 3251 3830 3307 relin-

2750 3357 2960 3414 quens.

2750 3523 2872 3576 769.

2820 3611 2943 3664 770.
3003 3607 3211 3662 Berhta
3269 3605 3478 3675 regina
3530 3607 3694 3662 venit
3743 3606 3818 3662 de

2753 3696 2933 3763 Italia,
2987 3701 3041 3752 et
3095 3695 3374 3751 Desiderii
3421 3695 3579 3763 regis
3627 3694 3819 3751 ﬁliam

2752 3785 3004 3842 adduxit
3027 3784 3088 3839 in
3111 3784 3440 3840 Franciam.

2823 3878 2948 3930 771.
2979 3873 3379 3930 Karlmannus
3433 3871 3600 3938 obiit,
3653 3872 3819 3928 fratri

2751 3961 2972 4018 Karolo
3002 3976 3256 4032 regnum
3283 3959 3648 4031 relinquens.

2824 4143 2946 4196 772.
2980 4137 3235 4195 Karolus
3264 4136 3325 4193 in
3349 4136 3606 4194 Saxonia
3645 4137 3818 4191 Eres-

2753 4229 2908 4298 burg
2937 4227 3321 4301 expugnavit,
3337 4230 3394 4282 et
3405 4225 3628 4290 fanum,
3643 4223 3822 4296 quod

2751 4317 3078 4373 vocabatur
3108 4315 3404 4382 lrminsul,
3431 4313 3745 4370 destruxit.

2823 4411 2946 4462 773.
2981 4404 3233 4460 Karolus
3263 4404 3343 4460 ab
3364 4403 3628 4458 Adriano
3654 4418 3821 4475 papa

2750 4493 3054 4558 invitatus,
3087 4493 3455 4548 Desiderium
3504 4506 3711 4560 regem
3758 4491 3820 4545 in

2752 4582 2933 4656 Papia
2957 4580 3209 4638 obsedit.

2823 4764 2947 4817 774.
2983 4758 3232 4816 Karolus
3261 4757 3509 4830 Papiam
3539 4755 3718 4830 cepit,
3765 4760 3826 4811 et

2755 4831 3124 4889 Desiderium
3163 4828 3366 4898 regem
3397 4829 3457 4884 in
3506 4828 3823 4883 Franciam

2753 4903 2941 4960 duxit.
2976 4901 3198 4957 Eodem
3225 4915 3386 4956 anno
3417 4902 3683 4955 Saxones
3735 4915 3826 4953 ec-

2755 4975 2998 5031 clesiam
3061 4973 3119 5027 in
3180 4971 3482 5026 Friteslare
3543 4970 3720 5039 lignis
3768 4974 3826 5024 et

2754 5045 2891 5116 igne
2917 5043 3140 5116 impleri
3151 5049 3230 5116 tes
3252 5113 3262 5116 _
3289 5043 3609 5116 incendere
3664 5040 3825 5095 vole-

2755 5111 2905 5174 b'ani
2937 5134 2950 5189 ;
2983 5111 3092 5170 s'ed
3120 5113 3366 5172 minime
3395 5111 3696 5170 valebant.

2829 5410 2953 5462 775.

1177 5697 1321 5756 urbs
1349 5704 1613 5767 Widonis
1632 5697 1844 5782 ῥὸειεα
1869 5719 2143 5786 vocatur,
2159 5731 2354 5788 prope
2382 5721 2779 5792 conﬂuentem
2800 5722 2966 5780 Solae
2994 5726 3052 5778 et
3095 5720 3432 5778 Umtruota-
3461 5723 3489 5777 ?
