3986 6178
337 227 439 282 475

586 353 750 407 ΑΝΝ.
783 353 1154 416 QUEDLINB.

409 442 530 512 786A.
548 440 790 496 Carolus
801 441 1129 512 perrexitin
1148 440 1394 511 Italiam,

337 514 394 566 et
421 510 558 566 inde
591 510 863 584 Romam.
885 512 1288 584 Eclipsissolis
1309 510 1395 568 fa;

336 585 428 636 cta
453 586 539 636 est
567 585 630 636 15
648 582 889 638 Calend.
910 582 1179 638 Octobris
1203 583 1281 638 ab
1295 584 1398 638 ho-

334 651 562 725 radici
609 653 806 725 prima
849 670 1044 725 usque
1074 654 1149 709 ad
1180 655 1395 710 horam

221 766 238 771 -
331 723 1040 804 quintamlMultaetiam
1062 726 1397 804 referuntur

334 795 508 869 signa
539 795 755 850 eodem
785 799 1051 869 tempore
1083 797 1396 869 apparuis-

334 881 418 920 se.
456 866 706 934 Signum
737 865 1199 923 enim—crucisin
1224 869 1400 924 vesti-

332 936 552 1011 mentis
584 936 913 1011 _hominum
940 939 1238 1011 apparuit.
1273 939 1398 994 Lull

334 1006 821 1088 archiepisc0pus
851 1006 1144 1081 obiit,'cui
1174 1010 1401 1066 Richol—

334 1076 428 1132 fus
459 1076 763 1134 successit.

405 1152 528 1204 787.
561 1148 807 1205 Carolus
837 1158 1080 1207 omnem
1107 1166 1260 1224 pene
1286 1151 1396 1208 Ca-

331 1235 588 1292 labriam
619 1241 795 1308 atque
826 1237 1106 1310 Apuliam
1137 1240 1197 1296 in
1227 1240 1398 1296 ditio-

331 1340 472 1380 nem
504 1325 780 1396 suscepit.

402 1427 528 1485 788.
564 1430 808 1504 _Carolus
838 1447 945 1504 per
971 1433 1394 1491 Alamanniam

374 1502 612 1577 ervenit
643 1502 921 1577 ad_ﬁ_nes
949 1507 1311 1577 _Bajovariae,
1341 1510 1398 1562 et

374 1517 602 1558 ervemt
643 1517 726 1557 ad
770 1517 921 1559 nnes
966 1517 1311 1577 uaJovarne,
1341 1517 1398 1562 et

329 1517 552 1644 Eassilo
576 1573 700 1628 dux
727 1574 1140 1644 Bajoariorum
1167 1577 1247 1632 ob
1267 1578 1398 1632 inti-

329 1642 635 1699 delitatem
646 1645 720 1700 de
736 1642 1076 1719 principatu
1092 1648 1320 1772 eiicitur
1339 1653 1396 1704 et

329 1718 691 1772 tonsoratur.
724 1721 780 1772 et
807 1717 1030 1772 Thiado
1079 1718 1118 1772 ﬁ
1143 1719 1235 1772 ius
1264 1719 1393 1772 eius

327 1718 691 1788 tonsoratur,
724 1717 780 1772 et
807 1717 1030 1773 Thiado
1079 1717 1235 1773 ﬁlius
1264 1719 1393 1788 ejus

329 1785 613 1858 similiter,
643 1792 892 1858 uterque
922 1791 1203 1844 monachi
1234 1785 1389 1845 facti.

399 1859 522 1911 789.
554 1856 1058 1923 Carolus—gentem
1073 1860 1392 1915 Vulzorum

329 1927 696 1999 subegit,qui
720 1929 900 1999 Lutici
918 1935 1226 1997 vocantur,
1241 1931 1392 1986 duo;

327 1997 444 2075 bus
477 1997 678 2075 _super
714 1997 899 2054 Albiae
947 2003 1174 2058 ﬂumen
1202 2003 1393 2075 ponti-

325 2067 441 2123 bus
470 2067 658 2124 factis.

399 2143 523 2195 790.
555 2139 847 2215 Palatium
876 2144 1209 2200 Wormatiae
1237 2145 1392 2215 ignis

326 2211 720 2283 consumpsit,

398 2286 520 2338 791.
556 2282 802 2339 Carolus
830 2288 1184 2356 Avarorum,
1216 2286 1277 2342 id
1303 2291 1392 2342 est

326 2355 656 2427 _Hunorum,
681 2359 918 2424 gentem
941 2355 1193 2427 subegit.
1217 2360 1390 2414 Caro-

324 2423 418 2506 Lus
433 2421 672 2506 habuit;
655 2421 915 2506 quatuor
925 2426 1076 2482 ﬁlios
1092 2421 1388 2506 {primum

326 2495 494 2569 Caro!
503 2509 600 2550 um
610 2495 950 2569 ,Pippinum
967 2495 1169 2568 regem
1189 2500 1387 2567 Italiae,

325 2566 775 2642 liuothowictim
801 2584 1004 2642 regem
1031 2566 1386 2642 Aquitaniae,

323 2640 670 2716 Drogoneni
682 2640 954 2716 Metensis
970 2640 1238 2716 ecclesiae
1264 2643 1388 2716 epit

323 2724 596 2795 eorum
650 2707 926 2795 Istevero
969 2707 1389 2795 Piermuasiui

1111 2785 1201 2840 ius
1232 2782 1388 2841 illius

322 2855 448 2907 erat
471 2852 561 2928 d_e
595 2853 844 2928 _obscuri
893 2856 1125 2925 generis
1173 2863 1386 2928 matre,

322 2937 446 2978 non
468 2922 563 2977 ille
594 2924 877 2996 Pippinus
901 2922 1028 2982 rex.

394 2997 517 3048 792.
551 2996 893 3066 Conjuratio
923 2998 1152 3070 Pippini
1178 3003 1388 3056 contra

322 3083 555 3152 patrem
585 3097 764 3138 suum
805 3085 1082 3143 Carolum
1110 3103 1218 3160 per
1250 3091 1387 3144 Far-

322 3165 558 3227 dulfum
578 3169 886 3246 publicata
909 3180 1000 3233 est
1025 3197 1037 3246 ;
1073 3179 1232 3236 unde
1253 3181 1386 3252 ipse

321 3251 604 3335 Pippinus
661 3268 929 3322 attonsus
972 3267 1034 3323 in
1081 3251 1385 3327 monaste-

319 3349 475 3406 rium
515 3353 855 3420 recluditur,
899 3358 1213 3430 czeterique
1253 3374 1384 3414 om-

318 3454 444 3506 nes,
479 3442 574 3496 alii
619 3443 912 3512 decollati,
968 3446 1066 3501 alii
1113 3447 1383 3519 patibulo

321 3529 600 3598 suspensi
632 3537 786 3586 sunt.
819 3535 885 3587 Et
921 3534 1192 3590 Fardolfo
1220 3551 1382 3590 com-

316 3613 626 3671 mendavit
685 3621 1119 3676 monasterium
1195 3625 1386 3680 sancti

315 3702 580 3776 Dionysii
604 3720 712 3777 pro
736 3712 1238 3768 remuneratione.

393 3779 516 3831 793.
553 3777 818 3834 Saxones
871 3781 1086 3838 iterum
1136 3783 1386 3841 rebella-

313 3847 544 3912 verunt,
579 3845 921 3906 deﬁcientes
947 3867 982 3908 a
1008 3853 1148 3910 ﬁde.

387 3919 540 3998 791ζ
545 3921 800 3998 Haeresis
828 3923 1119 3998 Feliciana
1145 3941 1255 3998 syn

321 2779 383 2834 in
415 2779 554 2836 eum
582 2781 1019 2852 coniuraverat,

1262 3927 1382 3983 odo

312 3989 478 4059 apud
502 3993 889 4050 Franconfort
904 3996 1111 4053 habita
1131 3989 1383 4056 damna-

311 4063 374 4115 ta
404 4065 513 4117 est.
547 4064 796 4144 Vastrad
821 4067 1029 4144 regina
1055 4068 1200 4144 obiit
1225 4089 1236 4137 ;
1271 4087 1382 4144 pro

312 4145 437 4210 qua
482 4147 587 4214 re;
632 4135 1035 4214 biudgardam
1078 4139 1139 4195 in
1171 4135 1380 4213 conju-

314 4202 480 4267 gium
525 4202 712 4284 duxit.
748 4202 812 4284 Et
861 4211 1203 4284 aequivocus
1251 4202 1381 4284 eius

311 4272 604 4341 pugnavit
641 4280 848 4331 contra
896 4272 1162 4336 Saxones
1191 4283 1253 4338 in
1282 4272 1383 4340 "Si-

312 4342 662 4398 nadevelde.

384 4417 506 4468 795.
574 4415 818 4496 Carolus
871 4419 931 4496 in
994 4421 1380 4482 Bardenwick

312 4497 451 4538 cum
477 4490 740 4541 exercitu
767 4490 946 4546 venit.

382 4577 505 4656 796.
535 4575 869 4656 Hadrianus
889 4595 1052 4656 papa
1073 4584 1379 4642 Romanus

309 4642 476 4714 obiit,
507 4645 605 4702 cui
637 4650 752 4704 Leo
779 4642 1083 4710 successit.
1113 4656 1180 4711 Et
1204 4657 1380 4714 Caro-

308 4713 401 4770 lus
431 4717 754 4776 Saxoniam
785 4727 997 4781 vastat.

348 4791 501 4866 “797:
532 4791 780 4866 Carolus
802 4792 1016 4866 iterum
1045 4812 1185 4853 cum
1210 4801 1377 4855 exer-

461 4860 783 4944 Saxoniam
805 4864 1052 4944 invadit,
1068 4872 1377 4944 totamque

307 4927 568 4987 hiemem
597 4933 660 4989 in
691 4935 990 4995 Herestelli
1011 4927 1194 4997 ducit.

377 5005 502 5087 798.
534 5004 780 5063 Carolus
822 5011 1214 5087 Nordelingos
1239 5013 1375 5087 (89),

307 5068 649 5154 legatorum
667 5095 916 5136 suorum
951 5068 1372 5154 interfectores;

309 5141 498 5220 multa
527 5149 688 5220 caede
719 5155 1055 5220 prostravit.

381 5216 503 5267 799.
530 5218 642 5293 l_.eo
674 5216 838 5293 papa
866 5222 1072 5293 lingua
1104 5229 1377 5285 truncata

309 5286 642 5370 etcaacatus
654 5286 695 5370 a
717 5286 996 5370 Romanis
1020 5302 1074 5351 et
1091 5297 1165 5370 d_e
1188 5299 1378 5370 ponti-

307 5353 489 5441 ﬁcatu
521 5356 1003 5441 eiecﬂtushvidens
1034 5373 1090 5441 et
1123 5353 1376 5441 loquens

307 5429 470 5482 venit
499 5429 578 5482 ad
624 5429 903 5488 CarOlum
935 5435 995 5491 in
1027 5429 1372 5512 Saxoriiam,

377 5587 489 5728 589)
530 5589 684 5660 Lege
710 5592 1086 5652 Nordlindos.

399 5663 491 5728 90)
532 5660 592 5716 C.
628 5663 690 5718 R.
727 5680 772 5720 s.
801 5665 1016 5722 desunt
1045 5673 1086 5723 2

399 5663 491 5723 90)
532 5660 592 5716 C.
628 5663 690 5718 R.
727 5680 772 5720 s.
801 5665 1016 5722 desunt
1045 5673 1098 5723 2.

377 5663 467 5728 (90
532 5663 592 5716 C.
628 5663 690 5718 R.
727 5680 772 5720 s.
801 5665 1016 5722 desunt
1045 5673 1076 5723 2

375 5663 492 5808 (91)
531 5735 590 5792 L.
625 5731 750 5797 haec
777 5739 994 5799 desunt
1030 5744 1084 5801 2.

1678 360 1769 412 AN
1775 360 1838 412 N.
1874 356 2396 412 WEISSEMBURG.

1577 449 1701 501 786.
1739 448 1985 502 Sanctus
2038 443 2235 500 Lullus
2285 444 2569 517 archiepi-

1507 550 1698 606 copus
1716 533 1880 602 obiit,
1899 537 1956 589 et
1971 533 2220 589 Karolus
2243 532 2319 588 ad
2340 532 2567 589 Italiam

1504 623 1697 689 venit;
1747 623 1937 678 multa
1983 637 2225 695 quoque
2259 622 2388 677 visa
2431 625 2568 678 sunt

1504 711 1798 785 prodigia.
1832 711 2078 781 Signum
2106 710 2265 766 enim
2294 713 2485 766 crucis
2505 711 2566 766 in

1506 800 1869 856 vestimentis
1910 799 2227 856 hominum
2265 800 2562 872 apparuit,

1505 894 1563 946 et
1585 890 1828 960 sanguis
1852 889 1927 946 de
1951 889 2101 946 coelo
2130 892 2406 962 terraque
2435 904 2568 960 pro-

1506 979 1693 1035 ﬂuxit.

1577 1161 1699 1213 787.
1739 1157 1988 1213 Karolus
2019 1160 2270 1214 Romam
2295 1157 2564 1225 veniens,

1507 1231 1903 1310 Beneventum
1925 1228 2224 1310 profectus
2242 1233 2347 1310 est,
2361 1245 2570 1310 {nonat

1506 1300 1747 1355 sterium
1780 1300 1969 1356 sancti
2001 1300 2294 1356 Benedicti
2313 1300 2484 1369 adiit;
2513 1305 2570 1356 et

1505 1371 1739 1443 eclipsis
1767 1372 1908 1427 solis
1937 1372 2092 1428 facta
2120 1376 2226 1427 est.

1576 1446 1700 1497 788.

1571 1869 1694 1921 789.
1744 1866 2000 1921 Karolus
2045 1867 2281 1936 subegit
2327 1872 2564 1938 gentem

1502 1953 1837 2010 Wilzorum.

1569 2154 1692 2208 790.

1569 2299 1664 2351 791
1702 2296 1870 2366 (790).
1900 2295 2156 2352 Karolus
2206 2297 2462 2369 perrexit
2502 2299 2562 2356 in

1498 2384 1889 2440 Pannoniam.
1923 2385 2091 2456 (791.)
2118 2379 2374 2443 Karolus
2393 2385 2568 2444 sube-

1499 2472 1583 2543 git
1611 2477 1849 2543 gentem
1886 2479 2240 2531 Avarorum.

1567 3012 1689 3064 792.
1725 3008 2068 3079 Conjuratio
2093 3009 2326 3083 Pippini
2351 3016 2560 3068 contra

1495 3099 1725 3168 patrem
1743 3113 1920 3153 suum
1931 3113 2084 3170 ,quee
2099 3115 2207 3172 per
2218 3099 2559 3157 Faldorfum

1493 3184 1813 3264 publicata
1839 3190 1958 3256 est;
2004 3187 2164 3244 unde
2191 3191 2248 3246 et
2272 3189 2556 3264 Pippinus

1494 3279 1766 3332 attonsus
1807 3263 1868 3332 in
1918 3279 2348 3334 monasterium
2380 3263 2561 3337 mitti-

1495 3368 1608 3433 tur,
1640 3367 1936 3438 ceterique
1968 3383 2178 3423 omnes
2203 3368 2435 3441 perditi,
2461 3370 2558 3426 alii

1494 3453 1789 3521 decollati,
1824 3455 1919 3510 alii
1951 3457 2225 3529 suspensi
2253 3459 2560 3515 miserabi-

1492 3541 1621 3597 liter
1650 3545 2048 3611 suntmortui,
2073 3551 2130 3602 et
2149 3547 2261 3619 ipsi
2281 3535 2557 3606 Fardalfo

1493 3630 1704 3687 datum
1733 3637 1822 3688 est
1849 3623 2168 3692 cenobium
2201 3638 2387 3694 sancti
2427 3639 2559 3696 Dio-

1492 3718 1646 3774 nisii.

1565 3795 1688 3847 793.

1562 3935 1686 3988 794.

1559 4435 1689 4517 795.Δ
1727 4432 2235 4517 adi-ianuspapa
2288 4438 2434 4495 obiit
2488 4441 2546 4496 in

1487 4507 1792 4559 nativitate
1823 4507 2076 4564 Domini.

1559 4595 1682 4648 796.

1557 4806 1682 4861 797.

1555 5022 1680 5074 798.

1557 5231 1679 5289 799.
1717 5221 1831 5289 Leo
1862 5247 2022 5361 ρειἓᾶ
2050 5237 2258 5319 lingua
2279 5235 2550 5298 truncata

1571 5310 1810 5360 cecatus
1844 5312 1896 5361 et
1985 5325 2015 5361 e
2049 5310 2396 5361 nontlﬁcntn
2430 5315 2546 5361 eie—

1486 5307 1542 5383 et
1571 5310 1810 5383 cecatus
1844 5312 1896 5362 et
1942 5307 2015 5383 de
2049 5310 2400 5380 pontiﬁcatu
2430 5315 2546 5383 eje-

1487 5379 1639 5451 ctus,
1675 5375 1880 5451 videns
1911 5381 1970 5451 et
1995 5375 2248 5451 loquens
2279 5382 2338 5437 in
2372 5375 2550 5440 Seio-

1485 5447 1648 5500 niam
1692 5448 1852 5521 venit
1888 5449 1975 5521 ad
2020 5447 2327 5521 Karolum,
2360 5455 2420 5510 in
2459 5456 2546 5511 lo-

1486 5532 1624 5572 cum
1651 5519 1754 5591 qui
1783 5519 1998 5576 dicitur
2025 5519 2328 5579 Heristelli.

1241 228 1498 285 ANNAL.
1539 229 1982 287 HILDESHEIM.
2025 229 2420 300 QUEDLINB.,
2459 230 2842 288 WEISSEMB.
3632 238 3732 291 478

2851 356 3195 411 LAMBERTI
3236 356 3579 413 ANNALES.

2750 448 2875 500 786.
2922 445 3168 500 Sanctus
3211 443 3411 499 Lullus
3454 447 3737 520 archiepi-

2679 540 2903 604 scopus
2949 531 3113 601 obiit,
3148 532 3242 587 cui
3290 534 3406 604 (90)
3448 531 3738 591 Richolfus

2678 621 2980 687 successit,
3013 623 3067 676 et
3097 613 3352 676 Karolus
3396 621 3474 679 ad
3516 621 3739 680 Italiam

2675 708 2856 766 venit.
2879 701 3052 766 Multa
3061 725 3305 782 quoque
3316 709 3447 766 visa
3460 717 3738 785 suntpro-

2675 798 2859 869 digia.
2871 798 3116 869 Signum
3129 800 3286 854 enim
3300 801 3495 855 crucis
3506 801 3567 856 in
3580 803 3740 857 vesti-

2675 887 2891 943 mentis
2904 887 3220 943 hominum
3238 889 3601 962 appar'uit,et
3612 905 3743 946 san-

2676 976 2809 1046 guis
2834 993 2865 1034 e
2909 976 3057 1034 caelo
3107 981 3382 1050 terraque
3438 975 3736 1052 proﬂuxit.

2749 1157 2873 1209 787.
2906 1153 3163 1209 Karolus
3195 1157 3449 1211 Romam
3471 1156 3738 1224 veniens,

2677 1226 3081 1297 Beneventum
3097 1225 3398 1297 profectus
3421 1232 3528 1290 est,
3549 1233 3606 1283 et
3623 1244 3744 1283 mo-

2675 1295 3000 1351 nasterium
3031 1295 3217 1351 sancti
3250 1298 3547 1353 Benedicti
3579 1299 3738 1355 adiit.

2677 1368 2744 1421 Et
2771 1367 2874 1436 (91)
2908 1367 3146 1440 eclipsis
3179 1368 3334 1424 facta
3364 1375 3451 1424 est
3481 1369 3644 1425 solis.

2747 1865 2870 1918 789.
2913 1862 3167 1919 Karolus
3219 1863 3458 1935 subegit
3504 1869 3736 1934 gentem

2675 1949 2986 2008 Wilzorum
2997 1995 3009 2006 .

2745 2141 2871 2205 790.

2743 2293 2838 2345 791
2878 2291 3049 2362 (790).
3090 2285 3350 2346 Karolus
3395 2291 3658 2364 perrexit
3683 2291 3739 2348 in

2673 2378 3065 2436 Pannoniam.
3101 2379 3269 2451 (791).
3313 2379 3570 2436 Karolus
3603 2380 3737 2436 sub-

2671 2467 2791 2538 egit
2830 2473 3066 2538 gentem
3116 2473 3471 2525 Av'arorum.
3507 2471 3578 2525 Et
3611 2470 3738 2526 fun-

2670 2556 2812 2612 data
2842 2560 2934 2613 est
2957 2556 3205 2616 ecclesia
3233 2559 3425 2616 sancti
3459 2559 3738 2616 Bonifacii

2670 2644 2732 2700 in
2764 2639 2972 2702 Fulda.

2739 3024 2864 3075 792.
2896 3020 3238 3092 Conjuratio
3269 3021 3508 3095 Pippini
3533 3029 3738 3080 contra

2666 3111 2901 3180 patrem
2915 3117 3257 3186 ‘suum,qme
3275 3117 3385 3185 per
3397 3108 3735 3169 Fardolfum

2666 3197 2976 3271 publicata
3004 3203 3108 3256 est.
3144 3200 3309 3258 Unde
3337 3201 3631 3277 Pippinus
3660 3207 3736 3259 at-

2668 3291 2878 3344 tonsus
2909 3290 2971 3345 in
2999 3292 3436 3349 monasterium
3465 3293 3734 3362 mittitur,

2663 3379 2967 3452 ceterique
3007 3388 3221 3437 Omnes
3251 3383 3489 3455 perditi,
3517 3383 3618 3439 alii
3648 3383 3738 3439 de;

2667 3467 2885 3538 collati,
2921 3470 3017 3525 alii
3052 3472 3351 3545 suspensi,
3384 3472 3734 3529 miserabili-

2667 3559 2757 3612 ter
2781 3563 2920 3614 sunt
2944 3561 3180 3616 mortui.
3225 3562 3293 3616 Et
3317 3560 3432 3634 ipsi
3463 3563 3736 3618 Fardolfo

2665 3645 2880 3702 datum
2906 3652 2998 3705 est
3017 3647 3369 3707 coenobium
3391 3652 3582 3708 sancti
3616 3652 3738 3708 Dio-

2666 3735 2845 3806 nysii.

2739 3810 2841 3863 793
2851 3852 2863 3863 .

2737 3943 2861 4005 794.
2904 3939 3157 4006 Ηωίθθείε
3190 3943 3489 4009 Feliciana
3521 3951 3735 4026 damp-

2663 4040 2807 4094 nata
2822 4039 2910 4094 est
2924 4039 2986 4112 in
3007 4037 3244 4112 synodo
3264 4040 3729 4108 Frankenefurt;

2661 4130 2719 4182 et
2745 4128 3015 4185 Vastrath
3045 4129 3254 4200 regina
3276 4131 3441 4188 obiit.

2732 4454 2863 4526 795:
2911 4449 3226 4526 adrianus
3259 4461 3421 4526 papa
3473 4454 3624 4512 obiit
3670 4455 3729 4511 in

2660 4520 2964 4605 nativitate
2996 4521 3250 4578 Domini.

2730 4613 2832 4666 796
2862 4607 2994 4682 (92).

2727 4813 2852 4878 '797.

2728 5035 2852 5089 798-.
2927 5033 3186 5092 Balthart
3241 5036 3432 5094 abbas
3492 5040 3729 5096 Hert-'el-

2658 5103 2861 5160 densis
2896 5106 3061 5162 obiit.

2729 5252 2851 5302 799.
2877 5250 2988 5303 Leo
3009 5265 3186 5320 papa,
3202 5245 3407 5319 lingua
3426 5257 3724 5321 truncata,

2657 5324 2990 5397 eiiciecatus
3022 5325 3078 5375 et
3106 5321 3181 5397 de
3213 5324 3568 5397 pontiﬁcatu
3610 5328 3726 5397 eje-

2656 5392 2806 5465 ctus,
2838 5390 3042 5465 videns
3083 5397 3136 5465 et
3165 5390 3421 5465 loquens
3454 5390 3512 5451 in
3548 5390 3727 5454 Fran-

2657 5458 2813 5516 ciam
2859 5458 3013 5536 venit
3059 5459 3138 5536 ad
3188 5458 3498 5536 Karolum,
3532 5469 3594 5524 in
3637 5469 3723 5524 lo-

2657 5547 2796 5586 cum
2823 5533 2926 5603 qui
2956 5533 3168 5591 dicitur
3196 5533 3511 5594 Herislelle.

2260 5615 2462 5698 (9:2)_L.
2498 5621 3146 5698 Mpnasteriumisancti
3183 5627 3393 5684 Albani
3426 5632 3721 5698 Moguntie

2188 5683 2522 5748 fundatum
2534 5693 2804 5752 Richolfo
2825 5697 3276 5775 archiepiscopo
3292 5705 3348 5756 ὅ.
3363 5683 3489 5759 ait}:
3512 5683 3715 5760 5.3932
