3986 6178
379 208 485 263 479

630 332 792 385 ΑΝΝ.
826 330 1195 394 QUEDLINB.
1440 367 1444 375 -

382 404 452 474 Et
472 400 796 474 imperator
824 399 1016 474 ﬁlium
1042 417 1224 474 suum
1255 402 1449 457 Ludo-

380 470 601 541 vicuui,
637 470 1063 543 impositasibi
1094 488 1337 538 corona,
1363 478 1451 528 to-

381 544 499 599 tius
529 541 870 615 consortem
894 541 1005 597 sibi
1030 543 1265 615 imperii
1294 543 1448 600 fecit.

454 617 576 670 814.
594 613 839 671 Carolus
852 613 1179 686 imperator
1190 630 1451 685 magnus

384 690 441 766 βε
468 688 774 766 salsam
802 685 1112 766 820839.198
1148 686 1260 766 (98.).
1284 691 1314 741 5
1348 689 1452 743 Ca-

381 756 541 812 lend.
578 755 881 812 Februarii
910 755 1075 825 obiit,
1107 755 1296 812 aetatis
1328 772 1450 811 sua:

382 844 545 884 anno
567 832 655 883 71.
687 827 855 895 regni
878 832 1078 883 autem
1104 831 1193 897 47,
1218 826 1451 897 imperii

382 914 526 954 vero
552 902 617 953 14
653 916 667 965 ;
699 899 793 953 cui
825 897 983 953 ﬁlius
1022 915 1165 953 suus
1198 897 1450 953 Ludovi-

384 985 510 1036 cus,
534 970 639 1042 qui
664 969 1130 1039 cognominatur
1144 969 1303 1039 Pius,
1323 985 1452 1024 suc-

385 1040 563 1097 cessit
586 1040 648 1096 in
677 1056 953 1097 regnum.

385 1056 563 1097 cessn
586 1056 648 1096 in
677 1056 953 1111 regnum.

709 1166 1031 1220 ANNALES
1070 1165 1722 1221 HILDESHEIMENSES.

456 1254 758 1307 815.Anno
790 1256 819 1307 3
849 1251 1172 1307 Hludowici
1201 1252 1425 1308 factum
1453 1256 1542 1308 est
1570 1251 1890 1308 concilium
1914 1266 2043 1306 ma-

386 1338 576 1404 gnum
690 1323 1047 1404 aquisgrani
1078 1324 1137 1377 in
1164 1340 1369 1379 mense
1397 1328 1685 1392 Augusto,
1709 1328 1765 1378 et
1777 1337 2045 1404 praecep-

387 1398 516 1448 tum
548 1399 639 1449 est
662 1398 726 1449 ut
754 1394 1038 1449 monachi
1073 1411 1283 1450 omnes
1334 1411 1579 1450 cursum
1625 1394 1812 1449 sancti
1864 1396 2044 1450 Bene-

384 1462 525 1519 dicti
550 1469 858 1521 cantarent
881 1466 1089 1520 ordine
1110 1465 1387 1534 regulari.
1406 1468 1470 1521 Et
1497 1465 1619 1520 duo
1642 1465 1876 1521 codices
1907 1463 2045 1519 scri-

385 1534 471 1606 pti
497 1540 653 1602 sunt,
682 1552 841 1591 unus
868 1536 941 1591 de
968 1536 1085 1591 vita
1142 1536 1513 1601 clericorum,
1573 1540 1628 1591 et
1693 1534 1841 1591 alter
1860 1534 1934 1589 de
1965 1534 2048 1589 vi-

392 1609 453 1661 ta
480 1622 844 1680 nonnarum.
863 1610 941 1662 Eo
967 1622 1127 1680 anno
1144 1610 1440 1680 Leopapa
1462 1606 1711 1680 obiit,et
1735 1606 2046 1680 ordinatus

388 1680 475 1751 est
506 1678 843 1751 Stephanus
868 1694 978 1750 pro
1009 1678 1164 1751 eoin
1186 1678 1600 1751 episcopatum
1632 1679 1898 1751 Romane
1940 1679 2045 1751 Ec-

387 1747 561 1803 clesie
586 1747 739 1815 {qui
763 1748 823 1804 in
845 1747 1051 1803 mense
1078 1747 1583 1804 Octir’nbre‘venit
1622 1748 1702 1803 ad
1746 1747 2046 1804 Hludowi-

389 1834 529 1873 cum
560 1818 674 1891 (995
694 1819 1118 1891 imperatorem
1150 1818 1696 1891 civitatemiﬂemis,
1746 1824 1803 1875 et
1857 1834 2051 1891 rever-

390 1906 493 1971 sus
524 1894 615 1969 est
640 1890 700 1944 in
722 1889 894 1971 pace.
930 1890 1120 1971 Bicgo_
1161 1889 1528 1971 demamicis‘
1550 1890 1725 1971 regis,
1772 1890 1878 1964 qui
1901 1895 1957 1945 et
1984 1890 2050 1944 ﬁ-

386 1959 531 2034 liam
552 1959 929 2034 imperatoris
958 1959 1202 2016 nomine
1224 1961 1473 2034 Elpheid
1492 1959 1663 2017 duxit
1680 1959 1951 2029 uxo'rem,
1976 1976 2048 2017 eo

388 2030 659 2101 tempore
680 2030 998 2086 defunctus
1028 2037 1138 2088 est.

459 2121 583 2173 816.
617 2120 791 2175 Anno
820 2122 873 2187 4,
906 2125 1271 2176 conventum
1312 2137 1491 2176 suum
1563 2120 1775 2177 habuit
1827 2119 2050 2176 Hludo—

387 2206 571 2264 wicus
596 2208 921 2281 imperator
951 2226 1091 2265 cum
1123 2209 1377 2275 Francis,
1410 2210 1471 2265 in
1493 2209 1858 2283 Aquisgrani
1887 2209 2051 2282 pala-

390 2295 461 2350 cii
488 2312 696 2351 mense
723 2296 919 2364 Junio,
952 2302 1009 2353 et
1023 2298 1252 2369 jejunio
1280 2298 1503 2355 indicto
1533 2298 1844 2355 ordinatus
1876 2303 1965 2353 est
1988 2297 2055 2352 ﬁ-

387 2383 503 2440 lius
536 2384 876 2441 Hlotharius
908 2402 967 2441 1n
998 2387 1445 2459 imperatorem,
1476 2392 1539 2442 ut
1587 2402 1836 2443 consors
1881 2385 2052 2455 regni

388 2470 719 2528 ﬁeretcum
749 2478 939 2545 patre.
970 2477 1049 2529 Eo
1112 2491 1271 2531 anno
1291 2475 1629 2548 Stephanus
1656 2490 1817 2548 papa
1845 2474 2052 2531 deces-

390 2561 464 2616 sit
502 2561 598 2616 cui
629 2562 917 2617 successit
943 2564 1246 2620 Paschalis
1268 2564 1329 2619 in
1360 2564 1729 2637 pontiﬁcatu.

462 2654 587 2706 817.
623 2652 960 2707 Bernardus
992 2669 1254 2726 quoque,
1296 2670 1400 2710 rex
1449 2654 1628 2722 Italic,
1686 2654 2053 2710 sedicionem

392 2738 615 2795 levavit
635 2744 845 2797 contra
869 2741 1342 2814 imperatorem;
1397 2747 1453 2799 et
1510 2742 1889 2799 Hludowicus
1942 2746 2055 2799 Au-

395 2832 608 2899 gustus
638 2829 866 2886 Italiam
897 2847 1037 2887 cum
1066 2832 1327 2888 exercitu
1363 2832 1639 2905 perrexit.

465 2920 589 2974 818.
624 2921 796 2974 Anno
826 2922 857 2973 6
884 2918 1215 2976 Hludowici
1243 2920 1643 2993 imperatoris,
1682 2920 1797 2976 hoc
1827 2924 1915 2976 est
1944 2935 2053 2977 an-

394 3021 475 3060 no
505 3005 828 3061 Dominicte
860 3008 1288 3065 Incarnationis
1318 3013 1421 3065 818
1451 3009 1511 3065 in
1545 3009 1868 3065 Brittannia
1905 3012 2053 3067 Mor-

394 3107 694 3149 mannum
720 3110 924 3165 regem
951 3095 1109 3152 vicit.

464 3402 589 3454 819.
619 3402 948 3472 Imperator
977 3416 1139 3457 anno
1169 3408 1199 3456 7
1222 3401 1390 3470 regni
1444 3400 1535 3455 sui
1587 3400 1809 3469 Iudith,
1867 3400 2054 3456 ﬁliam

393 3486 643 3558 Welphi,
677 3487 847 3543 duxit
868 3488 927 3543 in
985 3505 1283 3557 uxorem;
1339 3495 1395 3545 et
1446 3488 1693 3544 basilica
1748 3489 2054 3545 Fuldensis

394 3575 653 3630 cmnobii
682 3576 957 3633 dedicata
990 3582 1097 3634 est.
1120 3581 1258 3633 Post
1278 3580 1387 3633 hec
1419 3578 1595 3635 annis
1640 3583 1922 3651 quattuor
1966 3595 2054 3635 re-

392 3663 639 3735 quievit,
672 3668 729 3720 et
752 3664 899 3721 nihil
929 3666 1190 3722 historia!
1222 3667 1444 3724 factum
1470 3672 1575 3723 est.

466 3755 591 3809 820.

461 4040 587 4093 821.

463 4128 589 4180 822.

464 4214 590 4269 823.

465 4496 587 4549 824.
620 4498 794 4549 Anno
861 4511 1003 4551 vero
1048 4499 1111 4550 12
1138 4496 1308 4565 regni
1338 4497 1744 4569 imperatoris,
1802 4500 1918 4556 hoc
1962 4505 2052 4557 est

392 4598 554 4639 anno
585 4586 689 4639 824
715 4584 1034 4640 Dominica:
1066 4584 1518 4653 Incarnationis,
1564 4589 1829 4645 secunda
1882 4606 2051 4663 expe-

392 4669 547 4727 dicio
573 4672 728 4729 facta
758 4676 847 4728 est
876 4678 1084 4728 contra
1112 4672 1513 4730 Wiomarcum
1543 4691 1767 4745 regem,
1818 4681 1876 4733 et
1908 4679 2050 4734 Brit-

392 4762 661 4819 tanniam
690 4768 905 4819 vastat.

468 5258 592 5310 825.
616 5256 986 5311 Wiomarcus
1017 5272 1180 5313 anno
1217 5262 1279 5314 13
1318 5258 1695 5319 imperatoris
1751 5260 1814 5317 in
1867 5263 2053 5319 domo

397 5325 643 5450 propria
672 5326 909 5406 occisus
926 5332 1013 5407 est
1057 5328 1136 5383 ab
1179 5325 1531 5411 hominibus
1585 5332 1942 5403 Landberti;
1997 5339 2055 5390 et

451 5394 719 5450 eistolfus
749 5396 1236 5450 arcinemsconus
1264 5399 1427 5450 ohnt.

451 5394 719 5451 eistolfus
749 5396 1236 5472 archiepiscopus
1264 5399 1427 5456 obiit.

493 5593 584 5665 99)
615 5593 968 5651 Hluchicum
995 5597 1383 5665 superaddzto
1409 5597 1489 5655 do
1514 5616 1564 5656 ο.

493 5524 580 5580 98)
608 5523 795 5579 Poeta
826 5524 1011 5580 Saxo.

493 5524 561 5578 98
608 5523 795 5579 Poeta
826 5524 1011 5580 Saxo.

471 5522 584 5735 :99;
615 5593 968 5676 Hluchicum
995 5597 1367 5665 superaddite

498 5665 618 5737 100)
646 5668 729 5722 Ex
756 5666 925 5723 Einh.
957 5669 1135 5736 Ann.,
1162 5683 1218 5724 a.
1244 5671 1367 5729 825.

1296 209 1552 263 ANNAL.
1586 206 2025 262 HILDESHEIM.
2058 204 2458 277 QUEDLINB.,
2486 202 2878 260 WEISSEMB.

1728 332 1889 385 ANN.
1927 330 2452 386 WEISSEMBURG.

1632 617 1756 670 814.
1798 612 2054 669 Karolus
2084 613 2411 686 imperator
2438 613 2621 680 obiit;

1562 703 1658 760 cui
1690 702 2039 759 Ludowicus
2068 702 2370 758 successit.

3694 201 3814 255 480

2906 327 3248 382 LAMBERTI
3286 325 3631 383 ANNALES.

2804 616 2908 669 814
2940 611 3195 668 Karolus
3233 625 3497 680 magnus
3544 609 3819 683 impera-

2734 707 2826 758 tor
2849 701 2999 757 obiit
3028 719 3040 769 ;
3073 700 3166 756 cui
3190 699 3550 755 Ludowicus
3573 714 3821 753 succes-

2736 790 2825 858 sit,
2856 790 2960 863 qui
2986 789 3403 862 episcopatum
3453 788 3515 843 in
3543 787 3823 843 Hiltines-

2735 879 2896 936 heim
2925 878 3273 935 construxit.

2424 1165 2745 1219 ANNALES
2793 1161 3527 1229 QUEDLINBURGENSES.

2225 1256 2349 1309 815.
2375 1252 2631 1309 Consilio
2663 1252 3087 1324 episcoporum
3128 1249 3472 1306 Ludewicus
3521 1248 3829 1322 praecepit

2153 1346 2219 1397 ut
2246 1358 2459 1398 omnes
2490 1341 2773 1399 monachi
2804 1356 3048 1397 cursum
3077 1339 3265 1395 sancti
3310 1337 3607 1393 Benedicti
3664 1354 3825 1393 can-

2155 1435 2365 1488 tarent.

2229 2129 2353 2181 816.
2391 2124 2721 2180 Ludovicus
2753 2122 3078 2196 imperator
3107 2120 3473 2194 Aquisgrani
3526 2135 3826 2190 magnam

2157 2213 2368 2269 habuit
2404 2212 2727 2286 synodum,
2759 2211 2962 2284 ibique
2992 2210 3290 2267 constituit
3320 2208 3599 2280 regulam
3642 2226 3827 2265 cano-

2159 2318 2431 2358 nieorum
2440 2345 2452 2357 .

2234 2658 2355 2712 817.
2388 2658 2730 2728 Conjuratio
2761 2657 3109 2725 Bernhardi,
3144 2656 3409 2714 fratuelis
3443 2656 3560 2724 sui,
3612 2661 3830 2713 contra

2161 2759 2365 2814 regem
2393 2745 2782 2803 Ludovicum.

2234 2942 2356 3020 818.
2392 2939 2742 3020 Ludpwicus
2771 2942 3098 3020 imperator
3128 2938 3546 3020 Bernhardum
3592 2955 3827 3020 regem,

2161 3010 2357 3066 fratris
2387 3011 2478 3093 sui
2505 3010 3297 3093 Pippin‘i.iilium,_excazcari
3315 3011 3501 3093 jussit
3533 3029 3546 3075 ;
3605 3010 3829 3093 deinde

2162 3086 2559 3154 compunctus
2568 3081 2896 3163 ;publica_1n
2908 3082 3026 3153 egit
3032 3081 3457 3163 paenitentiam
3462 3086 3599 3163 .lrm
3606 3081 3829 3163 ingard

2162 3098 2559 3154 compunctus
2568 3098 2896 3155 ,pubucam
2908 3098 3475 3211 egugaemtennam.
3485 3098 3829 3163 Irmmgaro

2161 3169 2327 3280 231??
2332 3159 2805 3281 Eid‘f‘iii.s}i&§
2823 3157 2973 3280 ἓξὲξ·
2997 3152 3830 3280 νυῗξξξξίεοέἓὲὶυξέ⁰¹ἐ¹ἐέῗ

2160 3299 2349 3351 catur.

2234 3405 2357 3460 819.
2389 3406 2717 3475 Imperator
2742 3401 3077 3459 Ludovicus
3104 3402 3325 3471 Iudith,
3355 3400 3545 3458 ﬁliam
3570 3400 3826 3473 Welphi,

2161 3490 2332 3547 duxit
2354 3490 2416 3547 in
2448 3506 2717 3547 uxorem.

2233 3794 2358 3847 820.
2396 3794 2511 3847 Isto
2538 3806 2698 3848 anno
2720 3791 2872 3847 aeris
2925 3791 3307 3865 intemperies
3359 3790 3714 3848 hominibus
3772 3793 3829 3843 et

2157 3879 2448 3952 jumentis
2478 3884 2711 3953 pestem
2739 3880 2976 3949 infudit,
3010 3896 3343 3955 omnesque
3388 3895 3545 3953 pene
3594 3878 3824 3935 fructus

2163 3969 2558 4043 consumpsit.

2232 4061 2359 4115 821.

2232 4150 2359 4204 822.

2232 4240 2358 4293 823.
2392 4236 2728 4294 Ludovicus
2756 4238 3083 4313 imperator
3121 4240 3363 4298 fratrem
3391 4256 3575 4297 suum
3602 4244 3833 4311 Drugo-

2160 4341 2301 4382 nem
2332 4326 2603 4383 Metensis
2633 4328 2897 4384 ecclesia:
2923 4329 3274 4403 episcopum
3330 4329 3675 4404 supposuit.
3738 4334 3831 4385 ln-

2161 4413 2399 4471 choatio
2425 4415 2653 4472 Corbis:
2686 4433 2860 4473 novae
2882 4420 3248 4477 monasterii.

2232 4524 2357 4577 824.
2382 4526 2444 4577 In
2476 4522 2769 4579 territorio
2793 4524 3065 4581 Tullense
3094 4524 3297 4598 puella
3321 4525 3611 4599 quedam
3644 4543 3831 4584 anno-

2156 4627 2295 4667 rum
2329 4616 2394 4667 12
2422 4616 2558 4684 post
2584 4614 2959 4670 eucharistia'
3022 4659 3035 4681 ,
3077 4632 3265 4688 quam
3291 4616 3354 4671 in
3406 4616 3638 4689 pascha
3700 4634 3833 4690 per-

2160 4705 2417 4774 ceperat,
2437 4701 2632 4773 primo
2648 4718 2804 4775 pane
2817 4702 2855 4758 d
2898 4709 3057 4774 inde,
3079 4703 3246 4760 omni
3267 4704 3401 4760 cibo
3416 4709 3695 4779 potuque
3710 4707 3831 4781 ple-

2159 4804 2240 4844 no
2264 4788 2518 4846 triennio
2549 4790 2688 4861 (100‘
2719 4790 3049 4858 abstinuit;
3082 4792 3219 4848 etin
3250 4793 3512 4850 Saxonia
3569 4794 3637 4850 in
3670 4811 3832 4868 pago

2160 4876 2387 4933 Virsedi
2411 4882 2480 4933 26
2507 4877 2678 4934 villas
2710 4894 2772 4935 iu
2798 4895 2910 4950 gur
2962 4880 3355 4954 consumpsit.
3417 4885 3480 4937 In
3528 4884 3830 4941 territorio

2161 4966 2705 5035 Augustodunense
2734 4968 2946 5037 ingens
2975 4967 3381 5038 fragmentum
3414 4986 3488 5026 ex
3525 4971 3719 5042 glacie
3752 4974 3831 5029 si-

2163 5054 2291 5110 mul
2309 5071 2447 5110 cum
2471 5056 2763 5126 grandine
2793 5056 3032 5125 decidit,
3056 5058 3232 5129 cujus
3262 5058 3580 5130 longitudo
3630 5068 3714 5128 15,
3746 5063 3829 5119 la-

2162 5142 2356 5199 titudo
2386 5150 2440 5214 7,
2468 5145 2802 5201 crassitudo
2832 5146 2986 5201 duos
3013 5146 3199 5219 pedes
3219 5147 3503 5205 habuisse
3525 5150 3767 5208 dicitur.

2235 5286 2336 5339 825
2362 5284 2682 5341 Haistolfus
2707 5285 3195 5363 archiepiscopus
3215 5286 3381 5355 obiit,
3408 5289 3505 5344 cui
3529 5290 3828 5362 0thgerns

2163 5373 2470 5431 successit.
