3986 6178
165 186 257 240 481
1090 181 1174 234 ET
1203 178 1545 234 LAMBERLI
1574 175 2163 233 ASCHAFNABURG.
2200 176 2400 232 PARS.
2424 177 2649 234 PRIOR.

426 1261 748 1317 ANNALES
779 1254 1536 1315 WEISSEMBUBGENSES.

217 1376 347 1427 815.
397 1373 707 1426 Decretum
736 1371 843 1433 est,
877 1371 941 1421 ut
986 1381 1197 1421 omnes
1242 1360 1521 1419 monachi
1565 1370 1810 1414 cursum

143 1461 341 1517 sancti
371 1458 667 1516 Benedicti
699 1458 1028 1514 cantarent.

222 2141 348 2194 816.

218 2674 346 2725 817.

214 3011 339 3064 818.
372 3004 725 3062 Ludowicus
748 3002 1074 3076 imperator
1100 3001 1161 3057 in
1189 2999 1489 3056 Britannia
1518 3002 1809 3056 Morman-

146 3112 293 3153 num
322 3110 535 3165 regem
564 3093 719 3150 vicit.

212 3420 343 3473 819.
402 3413 754 3470 Ludovvicus
820 3427 1007 3468 caesar
1065 3410 1245 3482 Judit,
1299 3410 1486 3465 ﬁliam
1558 3407 1807 3480 Welphi,

142 3521 401 3563 uxorem
431 3504 677 3577 accepit.

215 3812 347 3865 820.

214 4132 345 4183 89.1.

214 4219 346 4273 822.

214 4308 345 4361 8‘23.

215 4627 344 4681 824.
382 4622 731 4679 Ludowicus
783 4624 1090 4690 Augustus
1156 4623 1361 4675 contra
1407 4617 1809 4673 Wiomarcum

146 4728 353 4785 regem
378 4711 687 4785 pugnavit,
716 4714 772 4766 et
804 4707 1149 4765 Brittaniam
1174 4706 1447 4764 vastavit.

215 5248 342 5301 825.
372 5244 739 5301 Wiomarcus
782 5241 1166 5299 occidebatur
1208 5240 1268 5297 in
1312 5240 1495 5297 domo
1537 5238 1800 5313 propria.

3480 186 3588 240 482

2389 1254 2731 1314 LAMBEBTI
2778 1261 3119 1316 ANNALES.

1992 1363 2116 1414 815.
2152 1362 2474 1433 Baugolfus
2504 1364 2698 1420 abbas
2732 1364 3041 1420 Fuldensis
3070 1366 3236 1421 obiit.
3272 1369 3339 1422 Et
3366 1382 3588 1439 praece-

1920 1452 2095 1521 ptum
2147 1456 2235 1507 est
2284 1456 2349 1507 ut
2390 1469 2603 1509 omnes
2649 1454 2931 1509 monachi
2980 1460 3293 1512 cantarent
3340 1472 3587 1512 cursum

1923 1541 2116 1597 sancti
2141 1541 2458 1598 Benedicti.

1993 2115 2117 2168 816.

1989 2650 2112 2701 817.
2149 2643 2502 2702 Ludowicus
2522 2646 2849 2718 imperator
2868 2646 3231 2718 Aquisgrani
3254 2650 3468 2707 habuit
3488 2666 3587 2723 sy-

1915 2734 2170 2804 nodum,
2200 2732 2404 2805 ibique
2434 2734 2733 2790 ordinavit
2761 2734 2944 2790 vitam
2971 2737 3438 2794 monachorum.

1988 2990 2111 3040 818.
2149 2985 2501 3041 Ludowicus
2526 2985 2849 3059 imperator
2876 2985 2936 3041 in
2968 2986 3271 3045 Britannia
3294 2993 3585 3047 Norman-

1915 3087 2066 3128 num
2094 3088 2297 3143 regem
2327 3073 2481 3129 vicit.

1989 3396 2113 3447 819.
2146 3392 2500 3449 Ludowicus
2542 3393 2763 3461 Iudith,
2804 3393 2989 3449 ﬁliam
3020 3394 3208 3466 Welﬁ,
3238 3394 3301 3449 in
3327 3410 3578 3451 uxorem

1918 3482 2146 3554 accepit
2170 3499 2182 3549 ;
2212 3486 2268 3538 et
2296 3482 2356 3538 in
2390 3481 2575 3539 Fulda
2606 3482 2882 3539 dedicata
2908 3488 2996 3539 est
3024 3484 3292 3540 ecclesia.

1988 3790 2114 3842 820.

2021 4108 2110 4160 21.
2141 4108 2313 4160 (101).

2021 4108 2110 4160 21.
2169 4108 2261 4159 101
2300 4144 2313 4155 .

1986 4109 2111 4250 :22.
2140 4104 2446 4248 ξηοέοᾶἥο
2468 4190 2812 4247 monasterii
2840 4205 3013 4247 novae
3040 4188 3323 4246 Corbeice.

1989 4287 2090 4341 823
2100 4325 2112 4337 .

1987 4607 2111 4660 824.
2141 4601 2493 4658 Ludowicus
2522 4604 2729 4656 contra
2766 4600 3207 4656 Wivomarcum
3232 4612 3436 4666 regem
3466 4612 3575 4667 pu-

1916 4692 2143 4763 gnavit,
2175 4695 2231 4748 et
2256 4689 2619 4747 Britanniam
2643 4688 2912 4745 vastavit.

1981 5231 2103 5281 825.
2137 5224 2561 5280 Wivomarcus
2590 5217 2821 5273 occisus
2865 5218 2952 5269 est
2980 5212 3041 5269 in
3071 5212 3254 5268 domo
3283 5209 3527 5285 propria
3553 5229 3565 5279 ;

1910 5320 1967 5372 et
2012 5311 2329 5370 Haistolfus
2376 5307 2686 5378 Moguntiae
2733 5302 3219 5376 archiepiscopus
3275 5301 3439 5370 obiit,
3469 5299 3569 5357 cui

1911 5403 2183 5475 Otgarius
2215 5401 2362 5471 (102)
2402 5395 2700 5453 successit.

215 5618 368 5689 (101)
408 5616 717 5689 Ratgarius
746 5579 940 5689 abbas
969 5612 1272 5689 Fuldensis
1301 5611 1467 5668 obiit.
1498 5610 1621 5681 Egil
1652 5608 1941 5666 successit
1968 5604 2143 5662 annis
2167 5599 2432 5674 quinque
2464 5602 2513 5653 5.
2548 5596 2674 5652 alia
2701 5609 2907 5650 manu.

221 5685 378 5755 (102)
408 5685 690 5745 Rabanus
717 5688 785 5743 ﬁt
811 5685 1005 5743 abbas
1038 5692 1091 5741 ὅ.
1121 5687 1249 5743 alia
1271 5698 1476 5740 manu.
