3986 6178
723 284 1043 340 ANNALES
1072 280 1718 339 HlLDESHElMENSES

467 396 589 450 826.
637 397 809 446 Anno
859 393 923 446 14
968 388 1298 445 Hluldovici
1336 388 1645 444 Hiltvvinus
1672 384 1865 441 abbas
1907 399 2053 440 ossa

395 481 582 539 sancti
611 479 948 538 Sebastiani
974 479 1034 535 in
1062 479 1311 535 Galliam
1342 477 1655 535 transtulit.

462 576 586 628 827.
636 570 1014 643 Imperatoris
1061 586 1223 626 anno
1255 575 1338 637 15,
1369 573 1425 625 et
1474 564 1899 624 lncarnationis
1944 564 2053 619 Do-

390 659 627 716 minicis
678 664 804 730 827,
857 658 1165 716 Sarraceni
1209 658 1360 716 ﬁnes
1421 654 1954 714 Barcinonensium
1996 657 2053 708 et

392 749 870 807 Gerundensium
896 752 1146 806 vastant.

461 844 587 896 828.

462 951 587 1003 829.

463 1288 586 1340 830.

461 1483 585 1535 831.
617 1477 1055 1546 Ιηοδνηᾶιὶοηίες
1080 1477 1416 1543 ῡοωὶῑιίοω,
1450 1479 1508 1531 et
1539 1479 1602 1532 19
1648 1475 1817 1545 regni
1859 1475 2048 1532 Ludo-

388 1567 544 1634 wici,
599 1569 727 1622 Bun
777 1566 936 1622 abba
985 1565 1396 1632 Herfeldensis,
1447 1568 1504 1620 et
1559 1563 1842 1620 Rabanus
1889 1565 2050 1622 abba

391 1658 721 1726 Fuldensis,
754 1657 1214 1712 fundamentum
1241 1654 1507 1711 ecclesiae
1539 1655 1727 1711 sancti
1758 1655 2050 1725 Wigberti

389 1748 592 1805 fodere
618 1749 904 1820 ceperunt
926 1745 986 1800 in
1014 1750 1044 1800 6
1076 1745 1159 1800 Id.
1187 1744 1298 1800 Jul.
1332 1745 1395 1799 in
1414 1749 1446 1801 2
1475 1744 1639 1800 feria.

461 1841 583 1893 832.
627 1834 982 1891 Ludowicus
1027 1831 1182 1888 ﬁlius
1240 1832 1613 1904 imperatoris
1671 1849 1832 1889 anno
1884 1833 2048 1902 regni

389 1926 518 1996 ejus
558 1930 628 1980 20
671 1921 1145 1994 conjurationem
1172 1921 1307 1977 fecit
1353 1925 1561 1978 contra
1592 1925 1824 1995 patrem
1873 1939 2050 1979 suum

389 2012 555 2087 apud
581 2011 1184 2081 Longobardonheim
1211 2013 1381 2077 (103).

459 2107 583 2159 833.
615 2105 885 2170 Regnum
918 2104 1280 2156 Francorum
1312 2100 1391 2156 ad
1424 2101 1765 2157 Lotharium
1794 2101 2050 2166 impera-

389 2199 577 2251 torem
606 2208 964 2249 conversum
994 2196 1102 2247 est.

459 2285 580 2339 834.
637 2285 809 2336 Anno
883 2284 951 2335 22
1018 2280 1184 2348 regni
1239 2279 1562 2351 Ludowici,
1638 2281 1924 2354 Pippinus
1994 2286 2050 2336 et

388 2370 740 2428 Ludowicus
769 2369 946 2425 frater
965 2370 1095 2440 ejus
1123 2369 1504 2427 restituerunt
1523 2375 1753 2443 patrem
1777 2387 1957 2426 suum
1985 2370 2046 2426 in

383 2473 639 2528 regnum
668 2457 817 2528 ejus.

454 2551 578 2604 835.

454 2640 580 2694 838.

454 2835 578 2886 837.

454 2922 578 2975 838.
627 2917 794 2988 regni
827 2934 965 2976 vero
997 2919 1296 2976 Ludowici
1330 2925 1414 2988 16,
1445 2921 1660 2978 iterum
1708 2925 2041 2996 conjuratio

385 3007 549 3078 apud
577 3008 1004 3063 Franconofort
1053 3009 1348 3065 Ludowici
1376 3011 1631 3082 junioris
1660 3029 1674 3080 ;
1705 3016 1762 3067 et
1792 3027 2039 3068 conver-

384 3111 519 3150 sum
545 3100 636 3151 est
662 3110 916 3164 regnum
946 3097 1025 3153 ad
1049 3102 1281 3170 patrem
1309 3100 1457 3171 ejus.

455 3187 576 3242 839.
609 3184 984 3258 imperatoris
1028 3203 1188 3243 anno
1236 3192 1326 3259 27,
1363 3193 1575 3246 ventus
1613 3191 1824 3260 ingens
1863 3191 2039 3247 innu-

383 3289 552 3328 mera
596 3272 851 3330 aediﬁcia
889 3274 1197 3346 subvertit,
1229 3281 1286 3332 et
1314 3277 1501 3334 multa
1529 3278 1804 3352 dampna
1830 3281 2040 3337 effecta

381 3367 520 3420 sunt
545 3361 608 3419 in
635 3366 668 3418 6
698 3366 844 3418 Non.
869 3364 1243 3420 Novembris.

451 3454 574 3506 840.
627 3451 980 3510 Ludowieus
1036 3453 1359 3524 imperator
1426 3455 1798 3528 insequendo
1849 3458 2037 3514 ﬁlium

379 3539 540 3594 venit
592 3539 671 3593 ad
737 3540 1133 3596 Herolfesfeldi
1204 3545 1634 3600 monasterium
1692 3547 1753 3601 in
1809 3553 1838 3603 6
1899 3549 2036 3604 ldus

378 3625 620 3699 Aprilis,
667 3627 986 3700 statimque
1039 3630 1252 3686 eodem
1302 3648 1462 3688 anno
1500 3635 1562 3689 in
1624 3639 1686 3691 12
1732 3637 1856 3694 Kal.
1905 3638 2038 3694 Julii

377 3715 543 3786 obiit,
599 3717 766 3786 regni
811 3717 1079 3775 videlicet
1127 3719 1312 3792 ipsius
1369 3727 1457 3779 28.
1526 3724 1630 3781 Cui
1683 3727 2036 3786 Ludowicus

374 3804 534 3861 ﬁlius
565 3805 696 3876 ejus
721 3807 1020 3863 successit.

446 3898 570 3951 841.
605 3896 772 3966 regni
798 3913 941 3953 vero
987 3897 1286 3954 Ludowici
1312 3901 1565 3971 junioris
1593 3908 1647 3974 2,
1682 3905 2036 3963 Adalbertus

373 4000 576 4040 comes
601 3984 834 4040 occisus
862 3991 949 4043 est
976 4005 988 4042 :
1025 3991 1082 4043 et
1117 3988 1321 4044 infelix
1362 3989 1587 4046 bellum
1619 3995 1874 4051 Lotharii
1901 4011 2041 4052 con-

371 4077 462 4128 tra
489 4073 698 4128 fratres
730 4091 871 4130 suos
894 4075 1281 4133 Ludowicum
1312 4083 1369 4134 et
1420 4081 1724 4138 Karolum.

443 4165 568 4216 842.
601 4162 904 4231 Rabanus,
961 4165 1122 4221 abba
1153 4167 1460 4224 Fuldensis
1497 4171 1776 4242 emnobii,
1825 4175 2033 4246 expul-

372 4264 474 4302 sus
513 4248 586 4304 de
619 4252 1002 4320 monasterio,
1035 4259 1092 4309 et
1145 4256 1453 4312 Lotharius
1494 4258 1568 4314 de
1620 4275 1827 4331 regno,
1873 4278 2034 4320 anno

372 4336 672 4392 LudOWici
711 4341 928 4411 (104)...

441 4429 564 4482 843.
599 4429 717 4482 Hoc
749 4444 908 4484 anno
951 4430 1106 4487 facta
1135 4437 1223 4488 est
1250 4448 1368 4504 pax
1400 4436 1549 4492 inter
1579 4439 1944 4510 Lotharium,
1979 4447 2032 4498 et

370 4515 759 4571 Ludowicum
789 4523 846 4573 et
874 4519 1180 4590 Karolum,
1209 4521 1420 4578 fratres
1451 4543 1610 4583 suos.

438 4608 564 4661 844.
615 4607 922 4662 Lotharius
977 4625 1082 4665 rex
1139 4627 1277 4666 cum
1345 4613 1732 4673 orientalibus
1795 4620 2030 4677 Francis

366 4693 528 4749 venit
568 4693 628 4749 in
680 4694 994 4765 Sclaviam,
1039 4700 1096 4754 et
1135 4715 1344 4757 eorum
1393 4718 1596 4773 regem
1639 4707 2030 4765 Gestimulum

365 4781 582 4838 occidit
605 4787 954 4858 ceterosque
986 4785 1099 4841 sibi.
1131 4787 1382 4859 subegit.

436 4875 558 4926 845.
611 4875 729 4928 Hoc
775 4890 936 4930 anno
993 4878 1276 4933 monachi
1315 4879 1389 4934 de
1440 4880 1856 4941 Herolfesfelde
1887 4902 2026 4943 cum

365 4960 601 5031 Otgario
643 4963 928 5036 episcopo
951 4967 1314 5024 reconciliati
1341 4973 1496 5036 sunt,
1536 4975 1591 5026 et
1623 4971 1836 5030 eodem
1865 4991 2025 5033 anno

362 5048 717 5106 Ludowicus
751 5056 899 5125 (lO‘o‘)
925 5054 1252 5127 imperator
1298 5057 1376 5112 ad
1406 5057 1567 5116 idem
1592 5065 2024 5123 monasterium

360 5136 523 5194 venit
544 5137 608 5194 in
637 5142 670 5193 2
699 5140 830 5196 Kal.
875 5143 1252 5213 Novembris,
1283 5149 1338 5201 et
1385 5146 1696 5220 privilegia
1723 5153 1780 5208 et
1829 5151 2025 5208 muni-

360 5227 512 5283 tates
538 5229 853 5288 monachis
881 5230 1132 5292 donavit
1151 5237 1209 5292 et
1231 5234 1424 5307 sigillo
1441 5237 1714 5299 munivit.

432 5467 582 5542 (103)
603 5467 1062 5542 Lampertheim.
1093 5473 1190 5530 SS.
1224 5477 1284 5530 T.
1319 5479 1359 5530 Ι.
1390 5478 1514 5534 425.

455 5541 578 5608 104)
609 5541 674 5596 Η.
706 5541 990 5599 numerus
1019 5543 1200 5603 deest.

451 5609 579 5684 105)
603 5610 945 5684 Legenda»:
991 5615 1394 5675 Hludowicus.
1443 5617 1561 5676 Hic
1613 5621 1776 5683 locus
1812 5627 1900 5686 ita
1929 5629 2012 5686 vi-

1339 155 1598 214 ANNAL.
1625 149 2069 211 musa.
2099 142 2454 217 omnum;
2481 163 2874 227 warssm.

3729 183 3846 238 484

2445 293 2767 351 ANNALES
2797 297 3528 361 QUEDLINBURGENSES.

2229 394 2352 450 826.

2229 557 2353 609 827.
2387 556 2786 627 Hildegrimus
2836 564 3154 638 episcopus
3207 572 3355 635 (106)
3395 571 3599 627 senior
3659 572 3842 628 obiit.

2160 642 2265 698 Cui
2293 645 2692 716 Thiatgrimus
2726 654 3032 710 successit.

2228 805 2351 859 828.

2227 897 2350 949 829.
2385 894 2651 955 Pretiosa
2690 917 2945 973 corpora
2993 906 3176 962 sancti
3209 907 3461 964 Valentis
3505 915 3564 965 et
3599 913 3844 967 Senesii

2155 979 2216 1036 in
2246 987 2514 1054 Augeam
2542 987 2804 1046 insulam
2838 998 3126 1050 venerunt
3154 1001 3184 1051 5
3219 996 3300 1052 ld.
3335 999 3572 1070 Aprilis.

2434 1126 2826 1217 PARS
2933 1134 3537 1225 ALTERA

2227 1291 2351 1344 830.
2381 1290 2714 1349 Ludovicus
2743 1294 3067 1368 imperator
3093 1299 3404 1372 depositus
3432 1308 3521 1360 est
3566 1304 3645 1359 de
3681 1305 3846 1360 solio

2157 1389 2194 1429 a
2221 1374 2356 1432 ﬁliis
2388 1379 2528 1448 suis,
2561 1383 2858 1452 Lothario,
2895 1385 3214 1459 Ludovico,
3248 1390 3478 1446 Carolo.

2227 1469 2349 1523 831.

2230 1829 2352 1880 832.
2382 1825 2724 1897 Conjuratio
2765 1829 3046 1886 Ludovici
3071 1838 3276 1890 contra
3330 1839 3563 1908 patrem
3619 1854 3838 1895 suum.

2229 2113 2352 2166 833.
2383 2113 2654 2180 Regnum
2709 2117 3068 2173 Francorum
3111 2119 3186 2175 ad
3237 2122 3583 2179 Lotharium
3633 2124 3840 2198 impe-

2157 2202 2417 2254 ratorem
2438 2217 2795 2258 conversum
2828 2210 2932 2261 est.

2229 2287 2351 2343 834.
2388 2288 2671 2360 Pippinus
2717 2297 2774 2347 et
2805 2293 3156 2366 Ludovicus,
3210 2296 3389 2353 frater
3435 2300 3589 2370 ejus,
3621 2300 3687 2355 in
3740 2319 3840 2357 re-

2156 2392 2344 2446 gnum
2367 2379 2495 2450 ejus
2524 2381 2904 2439 restituerunt
2933 2390 3165 2457 patrem
3192 2405 3388 2442 suum.

2224 2559 2348 2611 835.

2223 2651 2347 2702 836.

2221 2848 2345 2900 837.

2223 2939 2344 2990 838.
2383 2939 2522 2991 Item
2554 2937 2885 3008 conjuratio
2911 2938 3072 3012 apud
3098 2941 3481 2998 Frankenfort
3508 2944 3828 3014 Ludovici,

2151 3029 2208 3080 et
2234 3039 2593 3080 conversum
2623 3031 2711 3082 est
2740 3044 2992 3098 regnum
3024 3029 3102 3085 ad
3131 3037 3357 3103 patrem
3390 3033 3542 3105 ejus.

2222 3205 2343 3257 839.
2372 3205 2589 3258 Ventus
2619 3203 2830 3274 ingens
2873 3205 3191 3263 innumera
3222 3208 3509 3265 subvertit
3541 3210 3824 3278 aediﬁcia,

2150 3296 2204 3346 et
2231 3291 2418 3348 multa
2449 3293 2674 3350 damna
2703 3294 2914 3351 effecta
2946 3301 3085 3353 sunt
3113 3297 3173 3352 in
3202 3301 3234 3354 4
3264 3300 3635 3356 Novembris.

2220 3386 2345 3438 840.
2401 3382 2732 3440 Ludovicus
2783 3385 3111 3458 imperator
3176 3388 3558 3462 insequendo
3625 3389 3822 3447 ﬁlium

2147 3470 2308 3526 venit
2344 3471 2729 3527 Herolfesfeld
2779 3477 3207 3532 monasterium
3259 3478 3320 3532 in
3359 3482 3393 3532 6
3447 3478 3528 3534 id.
3580 3479 3819 3551 Aprilis.

2151 3559 2356 3615 Statim
2413 3562 2625 3617 eodem
2681 3580 2842 3620 anno
2866 3566 2927 3620 in
2986 3571 3048 3622 12
3079 3567 3319 3622 Calend.
3352 3567 3464 3623 Jul.
3520 3568 3692 3637 obiit,
3726 3568 3822 3623 cui

2149 3649 2481 3706 Ludovicus
2511 3651 2666 3707 ﬁlius
2709 3654 2838 3720 eius
2883 3656 3186 3712 successit.
3232 3656 3637 3725 Thiatgrimus
3670 3658 3824 3729 epis-

2146 3754 2334 3812 copus
2363 3741 2513 3814 (106)
2543 3742 2707 3809 obiit,
2737 3744 2832 3800 cui
2873 3745 3119 3801 Heinmo
3149 3747 3452 3802 successit.

2216 3886 2340 3939 841.
2368 3884 2717 3941 Adelbertus
2746 3903 2946 3943 comes
2976 3892 3063 3943 est
3091 3888 3361 3955 occisus;
3391 3892 3449 3944 et
3469 3888 3817 3944 infelixbel-

2143 3972 2270 4028 lum
2299 3974 2549 4030 Lotharii
2577 3979 2781 4032 contra
2811 3975 3018 4032 fratres
3045 3993 3186 4032 suos
3219 3977 3587 4033 Ludovicum
3616 3983 3678 4035 et
3705 3980 3819 4035 Ca-

2144 4063 2341 4118 rolum
2371 4063 2595 4120 factum
2625 4070 2734 4121 est.

2215 4173 2337 4226 842.
2373 4170 2676 4237 Rabanus,
2714 4170 3016 4226 Fuldensis
3073 4172 3330 4228 ccenobii
3357 4172 3575 4244 abbas,
3601 4174 3816 4246 expul-

2145 4275 2249 4314 sus
2281 4263 2370 4314 est
2399 4258 2474 4314 de
2504 4259 2888 4331 monasterio,
2920 4264 2977 4315 et
3008 4260 3316 4316 Lotharius
3347 4261 3421 4317 de
3452 4278 3664 4332 regno.

2213 4436 2334 4488 843.
2368 4434 2487 4486 Hoc
2514 4447 2675 4487 anno
2709 4430 2867 4503 facta
2904 4435 2992 4486 est
3020 4447 3139 4503 pax
3164 4433 3315 4488 inter
3353 4434 3724 4500 Lotharium,
3755 4437 3812 4489 et

2142 4503 2510 4559 Ludovicum
2535 4507 2592 4558 et
2613 4502 2910 4573 Carolum,
2944 4502 3155 4558 fratres
3179 4521 3339 4559 suos.

2211 4596 2336 4648 844.
2390 4592 2697 4648 Lotharius
2765 4607 2868 4646 rex
2925 4608 3062 4648 cum
3121 4592 3513 4648 orientalibus
3563 4593 3809 4650 Francis

2137 4663 2300 4719 venit
2345 4663 2406 4719 in
2453 4663 2768 4724 Sclaviam.
2809 4668 3111 4734 etgregem
3153 4680 3361 4720 eorum
3403 4664 3810 4722 Gestimulum

2137 4733 2370 4808 occidit,
2419 4739 2782 4808 cmterosque
2832 4733 2946 4790 sibi
2977 4733 3226 4805 Subegit.
3283 4735 3590 4792 Dedicatio
3623 4735 3808 4792 eccle-

2138 4805 2234 4861 siae
2270 4821 2444 4861 novae
2477 4805 2757 4863 Corbeiae.

2207 4899 2329 4950 845.
2377 4899 2495 4952 Hoc
2549 4910 2709 4950 anno
2757 4895 3034 4950 monachi
3082 4895 3156 4950 de
3205 4895 3596 4952 Herolfesfcld
3663 4913 3805 4952 cum

2137 4984 2377 5040 Otkario
2407 4985 2689 5057 episcopo
2718 4983 3077 5040 reconciliati
3127 4990 3285 5041 sunt.
3320 4988 3437 5040 Hoc
3470 4986 3659 5042 etiam
3692 5002 3802 5042 an-

2132 5088 2213 5129 no
2254 5073 2583 5129 Ludovicus
2627 5088 2731 5128 rex
2763 5073 2842 5128 ad
2885 5072 3045 5128 idem
3093 5074 3531 5130 monasterium
3577 5075 3740 5131 venit
3765 5078 3798 5130 2

2133 5161 2254 5219 Cal.
2301 5162 2671 5230 Novembris,
2703 5165 2760 5218 et
2789 5161 3101 5234 privilegia
3126 5167 3184 5219 et
3218 5163 3640 5221 immunitates
3670 5179 3800 5221 mo-

2130 5249 2336 5310 nachis
2365 5250 2631 5321 donavit,
2663 5252 2721 5308 et
2750 5267 2860 5308 suo
2892 5250 3082 5322 sigillo
3110 5251 3383 5310 munivit.

2127 5489 2310 5545 tiatus
2353 5486 2694 5544 Annalibus
2721 5484 3134 5542 Corbiensz’bus
3163 5486 3381 5540 saeculo
3421 5486 3554 5542 XII
3575 5487 3790 5542 illatus

2124 5565 2242 5698 es?!
2252 5630 2340 5702 06)
2369 5627 2904 5690 Hanerstadensis.
