3980 6176
289 164 389 218 485

550 285 872 341 ANNALES
908 285 1652 343 WEISSEMBUBGENSES.

356 396 478 449 8‘26.
513 389 877 447 Hildewinus
906 407 1045 449 ossa
1087 391 1275 450 sancti
1321 392 1651 450 Sebastiani
1692 391 1755 448 in
1805 389 1936 447 Gal-

283 480 429 536 liam
455 480 766 537 transtulit.

354 574 455 627 827
466 612 479 624 .

353 822 475 875 828.

352 910 475 963 829.

281 1098 1271 1189 GENUINA
1411 1101 1929 1187 A.830-973

349 1230 473 1284 830.

348 1408 472 1461 831.

345 1784 469 1836 832.
502 1777 845 1851 Conjuratio
874 1777 1171 1834 Ludowici
1196 1780 1404 1833 contra
1449 1778 1681 1850 patrem
1728 1791 1925 1833 suum.

352 2068 475 2121 833.
508 2068 777 2135 Regnum
800 2067 1157 2121 Francorum
1182 2063 1262 2120 ad
1287 2062 1629 2120 Lotharium
1658 2064 1747 2117 est
1783 2075 1928 2120 con-

274 2170 540 2212 versum.

314 2168 787 2319 Pippinus
814 2246 871 2301 et
900 2242 1253 2303 Ludowicus
1280 2246 1515 2316 patrem
1557 2257 1740 2301 suum
1783 2255 1929 2299 con-

272 2330 590 2392 stituerunt
612 2332 675 2387 in
702 2347 979 2403 regnum.

344 2478 470 2531 835.

347 2566 473 2625 836.

347 2869 472 2922 837.

502 2954 843 3027 Conjuratio
870 2954 1173 3011 Ludowici
1222 2955 1437 3011 iterum
1493 2956 1572 3012 ad
1599 2959 1933 3012 Francono-

269 3045 415 3116 furt,
442 3049 498 3101 et
528 3061 885 3102 conversum
913 3048 1003 3101 est
1025 3060 1281 3115 regnum
1310 3045 1388 3102 ad
1414 3049 1645 3118 patrem
1674 3046 1823 3117 ejus.

348 3227 475 3281 839.

350 3439 475 3493 840.
532 3434 886 3501 Ludowicus
938 3436 1264 3515 imperator
1316 3435 1699 3517 insequendo
1743 3436 1936 3497 ﬁlium

273 3525 438 3582 venit
465 3524 546 3583 ad
575 3524 954 3583 Herolfesfelt.

351 3849 447 3903 8M
464 3888 477 3901 .
513 3843 828 3901 Lutharius
853 3844 1098 3901 bellavit
1138 3848 1346 3901 contra
1381 3845 1594 3902 fratres
1643 3861 1787 3902 suos
1823 3848 1937 3902 Lu-

278 3934 567 3991 dovicum
620 3938 679 3990 et
722 3932 988 4001 Karlum,
1038 3936 1094 3990 et
1139 3932 1492 3992 Adelbertus
1535 3949 1741 3990 eomes
1786 3933 1938 3991 occi-

282 4039 390 4078 sus
413 4027 524 4079 est.

353 4185 478 4239 842.
512 4181 748 4237 Lutheri
770 4180 1058 4254 expulsus
1088 4183 1182 4237 est
1208 4195 1247 4237 a
1267 4195 1475 4252 regno.

357 4433 485 4488 843.
516 4430 857 4501 Lutharius,
884 4429 1241 4493 Ludowicus.
1265 4433 1323 4491 et
1348 4429 1561 4493 Karlus
1607 4445 1827 4504 pacem
1863 4429 1945 4487 fee

289 4537 320 4576 c
502 4566 516 4577 .

322 4526 499 4671 818::
535 4608 848 4681 Lutharius
873 4625 978 4669 rex
1001 4624 1211 4681 regem
1255 4608 1604 4671 Sclavorum
1654 4607 1944 4671 Gestimu-

287 4700 418 4756 lum
444 4699 681 4771 occidit,
714 4704 1081 4772 craterasque
1112 4699 1227 4755 sibi
1257 4699 1515 4770 subegit.

360 4881 487 4939 845.
522 4878 857 4937 Ludovicus
879 4877 1206 4957 imperator
1242 4876 1403 4937 venit
1445 4877 1527 4937 ad
1562 4876 1947 4949 Herolfesfelt,

288 4971 349 5031 et
369 4968 685 5042 privilegia
708 4967 1026 5030 monachis
1067 4966 1253 5039 dedit,
1299 4982 1535 5044 suoque
1579 4966 1769 5039 sigillo
1815 4984 1947 5029 mu-

285 5058 457 5125 nivit.
1724 5110 1733 5115 .

393 5499 518 5578 ΨΊ)
544 5495 691 5578 ἔξεο
710 5496 938 5578 ἔθεμηέ
950 5496 1008 5578 δῖ·

390 5567 515 5639 108)
544 5568 656 5623 vu.
690 5566 787 5627 die
811 5566 943 5639 julii
971 5571 1023 5623 5.

393 5642 520 5709 109)
541 5638 814 5709 Otgan’us
841 5636 1329 5710 archiepiscopus
1352 5632 1649 5692 transtulit
1676 5638 1953 5694 sanctum

996 159 1083 215 ET
1118 160 1460 217 LAMBERTI
1497 152 2071 216 ASCHAFNABURG.
2125 158 2303 219 PARS
2340 158 2617 222 ALTERA
2654 164 2978 226 GENUINA.

3587 177 3695 235 486

2509 293 2857 351 LAMBERTI
2892 298 3232 356 ANNALBS.

2046 483 2098 535 tr
2115 394 2577 540 826£ulgiltwinus
2609 416 2749 459 ossa
2778 403 2972 460 sancti
3002 403 3332 463 Sebastiani
3358 405 3420 464 in
3449 407 3695 467 Galliam

2098 496 2207 536 ans
2344 528 2356 540 .

2098 496 2356 540 austum.

2114 574 2215 626 827
2225 614 2237 626 .

2115 820 2238 873 828.

2116 909 2238 992 829.
2272 907 2622 966 Ludowicus
2649 911 2972 987 imperator
3018 916 3326 992 depositus
3357 921 3448 985 est
3485 936 3523 977 a
3559 919 3695 983 ﬁliis

1952 1016 1959 1027 -
2045 991 2168 1047 suis
2197 994 2491 1067 Lothario,
2520 998 2837 1057 Ludowico
2864 1006 2920 1059 et
2949 991 3181 1063 Karolo.

2112 1224 2237 1278 830.

2111 1402 2208 1457 831
2236 1400 2405 1472 (107).
2438 1403 2567 1460 Bun
2606 1406 2664 1461 et
2695 1390 2902 1462 Raban
2944 1405 3193 1464 abbates
3233 1408 3694 1468 fundamentum

2037 1486 2299 1543 ecclesias
2330 1489 2520 1545 sancti
2544 1490 2826 1561 Wigberti
2852 1492 3133 1553 foderunt
3150 1501 3181 1552 6
3203 1496 3344 1555 ldus
3362 1497 3515 1569 (108)
3539 1498 3694 1567 Julii,

2038 1576 2305 1633 secunda
2333 1577 2498 1635 feria.

2107 1776 2232 1829 832.
2266 1772 2517 1847 [Corpus
2547 1776 2738 1832 sancti
2780 1778 2998 1835 Aurelii
3021 1779 3082 1835 in
3114 1782 3493 1839 Germaniam
3537 1782 3696 1839 dela-

2036 1863 2165 1916 tum
2218 1864 2324 1927 est,
2383 1866 2441 1918 et
2496 1862 2804 1933 Hirsaugia
2855 1865 3151 1941 fundata.]
3193 1870 3535 1941 Conjuratio
3591 1874 3697 1926 Lu-

2035 1947 2252 2005 dowici
2279 1952 2485 2006 contra
2503 1956 2736 2023 patrem
2760 1970 2959 2010 suum.

2107 2060 2230 2113 833.
2263 2060 2534 2128 Regnum
2557 2063 2916 2117 Francorum
2942 2062 3021 2119 ad
3050 2064 3395 2122 Lotharium
3435 2069 3522 2123 est
3547 2083 3690 2124 con-

2036 2161 2301 2202 versum.

2108 2237 2231 2291 834.
2268 2233 2551 2309 Pippinus
2580 2240 2637 2293 et
2668 2237 3003 2295 Ludovicus
3031 2244 3267 2314 patrem
3305 2259 3483 2300 suum
3532 2244 3694 2300 resti-

2036 2327 2277 2383 tuerunt
2304 2324 2367 2382 in
2393 2341 2668 2398 regnum.

2110 2469 2236 2522 835.

2110 2552 2567 2678 836._1l)9tjgaﬁas
2584 2554 2735 2626 (l09)
2759 2556 3023 2678 ar_cl_1ie%.
3049 2573 3189 2615 ossa
3218 2562 3275 2617 S.
3306 2562 3500 2619 Severi
3522 2564 3695 2645 .epis-

2110 2639 2176 2678 *Dl
2206 2640 2255 2677 Si
2302 2639 2321 2678 1
2387 2623 2539 2678 elata
2565 2627 2940 2678 transtuhtm
3016 2628 3331 2678 rnhesfm't-
3360 2631 3695 2678 Thllnnmm

2110 2568 2735 2678 830._1‘)u:igar1asuu9)
2759 2568 3023 2682 arcnieg.
3049 2573 3189 2615 ossa
3218 2568 3275 2617 S.
3306 2568 3500 2619 Severi
3522 2568 3695 2645 'epis-

2040 2638 2176 2709 copi
2206 2640 2255 2709 si
2302 2639 2321 2678 1
2387 2623 2539 2709 elata
2565 2627 2967 2709 transtuhtm‘
3016 2628 3695 2709 rphesfurt.’l‘_hur1ngiz_e

2040 2695 2360 2839 gritagein,
2392 2698 2449 2750 et
2473 2695 2536 2750 in
2565 2695 2687 2752 alto
2733 2695 3098 2755 monasterio
3146 2700 3411 2774 reposuit
3461 2706 3516 2757 11
3568 2695 3692 2760 Kal.

2110 2786 2127 2819 ›
2174 2806 2186 2819 ο
2258 2807 2270 2821 ι

2113 2875 2236 2928 837.

2114 2964 2237 3017 838.
2273 2960 2614 3031 Conjuratio
2660 2962 2957 3021 Ludowici
2996 2966 3211 3023 iterum
3250 2968 3329 3024 ad
3376 2971 3699 3028 Francone-

2043 3047 2181 3117 furt,
2214 3054 2272 3106 et
2298 3066 2657 3109 conversum
2685 3058 2742 3110 et
2764 3069 3017 3124 regnum
3041 3056 3120 3113 ad
3148 3061 3381 3130 patrem
3410 3061 3459 3132 ej
3470 3077 3558 3117 us.

2116 3231 2240 3285 839.

2116 3447 2240 3501 840.
2274 3444 2627 3501 Ludowicus
2662 3445 3037 3519 insequendo
3056 3445 3247 3504 ﬁlium
3279 3448 3441 3505 venit
3468 3448 3549 3507 ad
3591 3453 3700 3507 He-

2043 3532 2325 3591 rolfesfelt
2352 3534 2783 3591 monasterium
2811 3540 2842 3592 6
2882 3535 3021 3593 ldus
3063 3537 3295 3613 Aprilis.
3347 3538 3701 3599 Ludowicus

2042 3621 2370 3695 imperator
2406 3622 2584 3692 obiit;
2635 3624 2733 3683 cui
2772 3623 2933 3681 ﬁlius
2975 3625 3112 3699 ejus
3155 3627 3509 3688 Ludowicus
3563 3646 3699 3695 suc-

2043 3711 2236 3768 cessit.

2117 3840 2242 3895 841.
2274 3839 2587 3897 Lutharius
2609 3839 2849 3898 bellavit
2872 3844 3082 3898 contra
3111 3840 3323 3903 fratres
3343 3859 3485 3903 suos
3507 3846 3701 3903 Ludo-

2048 3927 2267 3982 wicum
2289 3932 2346 3983 et
2370 3927 2653 3983 Karolum
2674 3947 2685 3983 :
2716 3928 2777 3983 in
2806 3944 2929 3999 quo
2950 3928 3161 3999 pralio
3178 3945 3332 4000 pene
3353 3931 3432 3987 ad
3450 3931 3705 3991 interne-

2048 4014 2287 4072 cionem
2308 4014 2485 4072 deleti
2510 4020 2651 4073 sunt
2678 4015 2909 4081 Franci,
2939 4019 2997 4070 et
3024 4016 3339 4075 Lutharius
3366 4017 3562 4075 vietus
3581 4025 3701 4089 est;

2048 4103 2156 4160 ubi
2182 4107 2239 4160 et
2265 4103 2617 4160 Adelbertus
2650 4118 2854 4160 comes
2884 4102 3119 4159 occisus
3147 4110 3253 4162 est.

2123 4197 2253 4251 842.
2280 4193 2518 4251 ιιιὼαὶ
2545 4193 2832 4267 expulsus
2853 4197 2950 4252 est
2973 4210 3011 4251 a
3036 4210 3231 4267 regno
3262 4197 3555 4259 etﬂaban
3595 4200 3703 4260 ab-

2049 4282 2162 4339 bas
2190 4282 2266 4338 de
2294 4280 2678 4338 monasterio.

2123 4427 2247 4480 843.
2283 4423 2535 4493 Lutheri,
2568 4424 2943 4493 Ludowicus,
2975 4429 3032 4483 et
3059 4428 3308 4486 Karolus
3356 4446 3572 4505 pacem
3620 4432 3704 4488 fe-

2051 4516 2279 4570 cerunt.

2124 4606 2248 4663 84L
2277 4603 2593 4662 Lutharius
2627 4620 2733 4663 rex
2771 4620 2976 4677 regem
3026 4606 3377 4664 Sclavorum
3414 4604 3705 4663 Gestimu-

2051 4694 2181 4751 lum
2209 4693 2443 4751 occidit.

2124 4875 2253 4931 845.
2282 4871 2636 4929 Ludowicus
2658 4870 2817 4927 venit
2846 4869 2924 4926 ad
2953 4867 3319 4925 Herolfesfelt
3344 4873 3377 4923 2
3406 4868 3704 4927 Kalendas

2054 4943 2508 5016 Novembris,pet
2526 4942 2834 5016 privilegia
2862 4940 3173 5016 monachis
3194 4938 3612 5016 dedit_§uoqt_1e
3636 4941 3709 4997 si-

2056 5016 2195 5087 gillo
2214 5008 2487 5087 munivit.
2518 5008 2785 5087 Ilionaclii
2804 5026 3047 5087 quoque
3063 5008 3337 5087 ejusdem
3355 5008 3710 5087 Henelden-

2056 5029 2195 5087 guio
2214 5029 2487 5071 munmt.
2518 5029 2785 5070 monacm
2804 5029 3047 5138 (Eloque
3063 5029 3337 5079 θμιεαθω
3355 5029 3710 5069 ueneram-

2055 5087 2134 5143 sis
2164 5084 2489 5143 monasteri
2512 5084 2829 5139 reeoncilia
2857 5083 2867 5094 '
2896 5084 3036 5137 sunt
3060 5095 3203 5136 eum
3234 5080 3481 5150 Otgaﬁo
3521 5083 3715 5140 uchi.

2055 5157 2338 5284 ἵζὶεορρο
2368 5154 2447 5212 de
2471 5152 2721 5212 decimis
2749 5153 2995 5223 ﬁ'ugum
3018 5153 3077 5207 et
3102 5165 3429 5236 porcorum
3455 5169 3530 5211 ex
3553 5157 3709 5239 terra

2144 5241 2496 5284 unnRorum
2536 5239 2645 5284 Der
2669 5222 2881 5280 fideles
2912 5222 3141 5284 legatos
3168 5221 3381 5281 domm
3408 5225 3709 5284 ιιιιὰοπιιοι

2055 5221 2496 5310 ﬁmrixigorum
2536 5239 2645 5298 per
2669 5221 2881 5280 ﬁdeles
2912 5221 3141 5306 legatos
3168 5221 3381 5281 domui

2055 5300 2327 5370 Augusti,
2356 5295 2673 5371 episcopos
2698 5294 2853 5365 (110)
2874 5291 3150 5355 Videlicet
3170 5298 3230 5354 et
3253 5296 3562 5371 praesides.

2062 5494 2347 5551 Severum
2375 5488 2455 5546 ad
2483 5488 2831 5547 Franckfurt
2858 5495 2911 5548 6.

2129 5564 2176 5635 (1
2190 5562 2287 5635 10)
2304 5560 2630 5634 Episcopos
2655 5560 3156 5623 monasteriorum
3180 5566 3240 5625 et
3261 5578 3353 5643 pr.
3384 5569 3435 5625 1.
