3980 6176
332 125 436 178 487

675 245 994 301 ANNALES
1033 240 1644 298 HIDESHEIMENSES.

403 356 526 409 846.
589 352 964 420 Ludowicus,
1021 349 1177 406 ﬁlius
1247 347 1566 415 Ludowici,
1617 338 1990 401 Pannoniam

333 441 586 513 subegit,
613 445 670 497 et
699 441 986 497 Behemos
1009 439 1262 496 domum
1289 438 1524 496 rediens
1547 431 1826 493 vastavit.

400 659 524 712 84⁸7.
586 655 762 726 Otger
813 652 1300 726 archiepiscopus
1353 650 1516 718 obiit,
1563 648 1659 705 cui
1704 646 1990 704 Rabanus

329 745 520 802 abbas
545 744 850 802 Fuldensis
882 742 1187 800 successit.

359 963 362 970 ι
397 945 521 998 848.
555 939 909 998 Ludowicus
939 938 1106 1011 apud
1136 935 1497 1007 Mogontiam
1534 933 1741 991 habito
1790 933 1986 990 conci-

324 1030 403 1087 lio
435 1030 707 1098 sinodali,
747 1029 952 1102 ibique
1000 1027 1396 1085 Godescalcus
1446 1024 1740 1082 hereticus
1787 1022 1985 1078 convi-

325 1124 454 1176 ctus
482 1124 540 1176 et
565 1121 888 1175 damnatus
918 1123 1026 1174 est.

548 1297 668 1353 Hoc
699 1310 860 1353 anno
891 1301 920 1351 5
954 1295 1078 1351 Kal.
1109 1293 1454 1350 Novembris
1501 1291 1750 1349 ecclesia
1795 1290 1983 1346 sancti

322 1386 600 1458 Wigberti
639 1387 786 1459 (111)
815 1385 1089 1441 dedicata
1133 1389 1221 1440 est
1265 1401 1301 1440 a
1347 1383 1613 1450 Rabano,
1661 1380 1982 1452 Mogontia-

323 1477 519 1533 censis
549 1474 813 1532 ecclesiae
846 1472 1318 1546 archiepiscopo.

393 1571 517 1622 851.

392 1660 518 1713 852.

392 1928 518 1981 853.

390 2104 514 2158 854.

389 2198 512 2250 855.
547 2189 900 2247 Ludowicus
937 2203 1043 2242 rex
1090 2203 1228 2242 cum
1269 2201 1494 2256 magno
1532 2185 1792 2240 exercitu
1837 2199 1972 2255 per-

315 2265 466 2320 rexit
494 2267 699 2318 contra
730 2259 1037 2316 Ratzidum
1066 2273 1268 2328 regem
1299 2256 1766 2328 Marahensium;
1797 2259 1853 2310 et
1872 2271 1972 2328 eo-

316 2336 457 2392 dem
489 2349 649 2390 anno
679 2331 927 2388 ecclesia
957 2324 1160 2384 sancti
1175 2328 1385 2384 Kiliani
1414 2327 1472 2382 in
1504 2326 1844 2396 Wirzeburg
1869 2324 1972 2380 ful-

315 2406 580 2463 minibus
633 2407 842 2460 exusta
886 2405 990 2457 est.
1053 2399 1366 2456 Lutharius
1402 2415 1506 2454 rex
1553 2403 1864 2454 tonsuram
1917 2399 1974 2452 et

316 2476 742 2534 monachicum
769 2473 1048 2529 habitum
1074 2471 1338 2543 suscepit
1368 2470 1709 2526 moriturus.

387 2570 510 2622 856.
543 2565 826 2622 Rabanus
856 2560 1341 2634 archiepiscopus
1373 2558 1555 2628 obiit;
1593 2557 1688 2613 cui
1720 2555 1970 2613 Karolus

316 2660 794 2803 suggfslitarolus
812 2741 976 2816 apud
998 2739 1357 2812 Mogontiam
1372 2752 1662 2808 magnam
1687 2734 1970 2792 sinodum

313 2833 713 2903 congregavit.

386 2927 508 2979 858.
542 2918 893 2977 Ludowicus
931 2919 1123 2975 ﬁlium
1173 2933 1350 2973 suum
1397 2913 1782 2971 Ludowicum
1828 2928 1968 2968 cum

311 3026 535 3080 magno
561 3009 820 3065 exercitu
847 3007 1011 3063 misit
1041 3007 1118 3062 ad
1149 3004 1466 3061 Abotritos.

239 3268 241 3270 ,
380 3213 503 3267 859.
537 3205 912 3274 Ludowicus,
945 3203 1215 3271 Karolus,
1248 3205 1305 3259 et
1347 3199 1662 3258 Lutharius
1711 3215 1846 3256 cum
1873 3197 1966 3269 ju-

306 3302 580 3358 ramento
609 3297 866 3355 invicem
895 3311 1109 3369 pacem
1135 3293 1546 3348 ﬁrmaverunt.

558 3563 703 3631 Udo,
748 3563 982 3630 Ernust,
1039 3562 1313 3628 Bernger,
1359 3555 1604 3612 comites
1651 3555 1709 3608 et
1753 3549 1960 3607 Waldo

305 3651 467 3709 abba
498 3652 665 3722 (H2),
695 3649 1027 3706 honoribus
1053 3645 1329 3719 depositi.

373 3833 496 3886 862.
526 3832 736 3886 Fames
761 3841 987 3897 magna
1014 3827 1071 3882 et
1097 3821 1347 3879 morbus
1375 3820 1438 3876 in
1464 3817 1781 3877 Germania
1810 3821 1867 3874 et
1896 3816 1957 3873 in

301 3919 429 3976 aliis
457 3919 728 3993 partibus
757 3920 1027 3990 Europae.

371 4014 494 4067 863.
531 4008 779 4065 Karolus
809 4003 1298 4078 archiepiscopus
1331 4000 1514 4068 obiit;
1561 3997 1657 4055 cui
1698 3997 1955 4054 Luitber-

299 4103 392 4154 tus
419 4098 720 4154 successit.

369 4190 491 4242 864.
523 4185 875 4242 Ludowicus
890 4200 994 4240 rex
1022 4183 1392 4238 Francorum
1416 4176 1724 4234 Ratzidum
1748 4191 1952 4246 regem

296 4273 735 4329 Marahensium
765 4271 878 4328 sibi
909 4269 1162 4339 subegit.

367 4365 489 4418 865.
526 4362 916 4419 Subitaneum
942 4358 1233 4415 diluvium
1259 4361 1316 4414 et
1353 4356 1674 4412 vehemens
1717 4352 1950 4423 grando

292 4451 496 4521 fruges
528 4450 872 4525 assumpsit.

517 4631 734 4684 Ventus
763 4626 976 4691 ingens
1019 4639 1157 4680 cum
1206 4619 1442 4677 turbine
1475 4617 1666 4674 multa
1713 4615 1947 4672 ediﬁcia

289 4723 726 4865 sugtingames
748 4805 950 4862 valida
972 4807 1031 4860 et
1053 4802 1379 4859 vehemens
1409 4803 1532 4854 tam
1563 4795 1944 4854 Germaniam

286 4914 474 4971 quam
502 4902 728 4953 ceteras
767 4898 1017 4967 Europa:
1045 4890 1386 4966 provincias
1413 4887 1668 4944 nimium
1711 4883 1938 4941 afflixit.

357 4991 480 5045 869.
515 4986 751 5044 Lutheri
777 4999 948 5057 rexia
991 4984 1655 5057 Beneventoreversus,
1685 4973 1810 5057 _qui
1861 4973 1940 5029 ob

285 5059 480 5115 fratris
510 5058 601 5114 sui
637 5056 1000 5113 discordiam
1049 5051 1349 5109 Ludowici
1381 5049 1655 5122 perrexit,
1685 5049 1938 5122 Romam

283 5131 462 5201 venit.
490 5129 692 5201 ibique
713 5129 802 5201 ab
817 5127 1076 5182 Adriano
1097 5139 1257 5201 papa
1277 5115 1937 5201 dampnatus-,domum

283 5187 519 5272 rediens
716 5198 838 5272 suis
868 5187 1333 5272 peneofnn'ibus
1387 5187 1577 5272 periit.
1624 5192 1688 5272 fit
1723 5187 1936 5272 eodem

282 5287 444 5345 anno
463 5270 710 5345 Thiodo,
725 5261 888 5345 abba
899 5267 1207 5345 Ful_c_le_nsis
1225 5261 1588 5345 monasterii,
1606 5261 1933 5345 depositus,

281 5347 339 5398 et
366 5341 456 5398 vir
472 5332 826 5397 venerabilis
851 5345 907 5397 et
932 5339 1242 5414 religiosus
1290 5334 1546 5406 Sigihart
1572 5332 1794 5388 electus
1821 5335 1930 5386 est.

374 5523 464 5574 111
483 5521 497 5574 )
525 5515 1085 5573 Herolfesfeldensis.

374 5523 464 5574 111
525 5521 1085 5573 Herolfesfeldensis.

350 5521 516 5664 (112).
552 5587 990 5647 Swarzahensis
1021 5587 1098 5644 ad
1129 5586 1401 5642 Rhenum
1429 5599 1482 5639 v.
1520 5584 1615 5640 SS.
1651 5585 1689 5636 1.
1719 5581 1841 5637 374.

1246 117 1501 172 ANNAL.
1543 106 1977 169 HILDESHEIN.
2019 101 2416 174 QUEDLlND.,
2450 108 2827 167 WEISSEMB.

3642 111 3756 166 388

2371 233 2694 292 ANNALES
2734 237 3469 302 QUEDLINBURGENSES.

2169 340 2292 394 846.
2326 341 2656 398 Ludovicus
2704 359 2829 415 rex,
2858 343 3016 399 ﬁlius
3061 342 3341 399 Ludovici
3382 341 3762 399 Pannoniam

2098 426 2350 498 subegit,
2384 434 2440 486 et
2467 432 2764 488 Bohemos
2793 433 3042 489 domum
3076 433 3311 489 rediens
3339 432 3614 490 vastavit.

2167 644 2289 697 847.
2323 644 2502 701 Otker
2545 646 3034 720 archiepiscopus
3082 647 3263 716 obiit;
3305 648 3403 705 cui
3445 648 3757 717 Rabanus,

2095 731 2288 789 abbas
2319 734 2624 792 Fuldensis
2649 737 3014 806 monasterii,
3047 739 3347 794 successit.

2164 931 2287 984 848.
2323 929 2658 986 Ludovicus
2688 947 2792 988 rex
2817 931 2982 1004 apud
3011 932 3374 1002 Moguntiam
3402 932 3581 989 habet
3613 950 3758 990 con-

2092 1016 2293 1073 cilium
2334 1018 2644 1091 synodale,
2688 1020 2892 1094 ibique
2946 1021 3395 1078 Ghodeschalck
3437 1022 3756 1079 haereticus

2091 1107 2401 1164 convictus
2428 1114 2520 1166 est
2546 1115 2602 1167 et
2631 1110 2973 1168 damnatus.

2201 1200 2219 1229 ι

2201 1201 2219 1229 1

2313 1266 2485 1341 (849)ῗ
2530 1271 2779 1328 Basilica
2828 1271 3014 1328 sancti
3066 1271 3339 1328 Wicberti
3387 1271 3752 1328 confessoris

2087 1355 2360 1413 dedicata
2390 1363 2494 1414 est.

2158 1540 2282 1592 85L

2157 1627 2302 1697 852.3“.
2332 1624 2635 1682 lnchoatio
2680 1626 3244 1683 Gandesheimensis
3292 1628 3635 1684 monasterii
3681 1628 3750 1684 in

2085 1713 2408 1786 antiquiori
2435 1713 2589 1785 loco,
2629 1718 2686 1770 et
2723 1715 3013 1772 adventus
3052 1720 3396 1773 sanctorum
3445 1716 3749 1773 confesso-

2083 1817 2220 1857 rum
2250 1802 2544 1859 Anastasii
2570 1807 2750 1876 atque
2778 1804 3121 1860 Innocentii.

2155 1895 2278 1948 853.
2330 1894 2560 1964 Haymo
2609 1891 2931 1966 episcopus
2970 1892 3152 1961 obiit;
3208 1894 3303 1950 cui
3346 1893 3742 1965 Hildegrimus

2077 1979 2282 2051 junior
2311 1981 2611 2038 successit.

2155 2071 2278 2123 854.

2153 2160 2274 2212 355.
2311 2156 2569 2213 Ecclesia
2599 2157 2791 2213 sancti
2819 2157 3030 2214 Kiliani
3060 2157 3120 2214 in
3148 2159 3512 2228 Wirtzeburg
3540 2159 3742 2215 fulmi-

2079 2243 2260 2300 nibus
2291 2249 2500 2302 exusta
2541 2251 2650 2302 est.
2686 2247 2993 2302 Lotharius
3021 2263 3124 2303 rex
3155 2252 3466 2303 tonsuram
3514 2252 3572 2303 et
3620 2264 3746 2303 mo—
3775 2274 3780 2280 -

2079 2334 2398 2390 nachicum
2429 2335 2704 2392 habitum
2735 2336 2995 2409 suscepit
3023 2336 3365 2393 moriturus.

2151 2551 2273 2604 856.
2309 2551 2420 2604 Leo
2450 2564 2613 2622 papa
2640 2549 2805 2620 obiit,
2827 2555 2884 2606 et
2908 2550 3192 2608 Rabonus
3227 2550 3734 2626 archiepiscopus,

2079 2637 2175 2693 cui
2204 2637 2447 2694 Carolus
2479 2639 2785 2694 successit.

2149 2729 2271 2783 857.
2327 2726 2572 2783 Carolus
2624 2727 3110 2802 archiepiscopus
3161 2729 3325 2802 apud
3369 2729 3737 2801 Moguntiam

2076 2830 2366 2884 magnam
2399 2816 2701 2888 synodum
2731 2818 3134 2889 congregavit.

2147 2907 2269 2960 858.
2328 2905 2663 2961 Ludovicus
2715 2905 2906 2962 ﬁlium
2957 2924 3137 2962 suum
3187 2907 3554 2964 Ludovicum
3593 2924 3737 2963 cum

2076 3011 2300 3065 magno
2329 2995 2589 3052 exercitu
2617 2995 2781 3052 misit
2806 2996 2884 3053 ab
2913 2997 3249 3054 Abodritos.

2145 3191 2267 3245 859.
2303 3187 2638 3244 Ludovicus
2666 3193 2723 3245 et
2749 3189 2995 3246 Carolus
3028 3193 3085 3247 et
3112 3190 3442 3257 Lotharius,
3475 3189 3580 3245 ﬁlii
3630 3193 3740 3246 Lo-

2072 3277 2244 3332 tharii
2274 3276 2467 3332 fratris
2507 3277 2635 3349 ejus
2679 3278 2844 3350 (H3),
2896 3295 3036 3334 cum
3077 3279 3420 3350 juramento
3475 3279 3732 3336 invicem

2069 3381 2283 3438 pacem
2305 3365 2772 3423 afﬁrmaverunt.

2140 3457 2263 3510 860.
2293 3455 2670 3525 Maginradus
2699 3457 2988 3515 heremita
3011 3458 3408 3515 martirizatus
3438 3463 3546 3515 est.

2139 3545 2262 3598 861.

2136 3812 2258 3866 862.
2287 3811 2499 3868 Fames
2530 3827 2755 3882 magna
2784 3816 2842 3869 et
2863 3812 3114 3869 morbus
3139 3813 3200 3868 in
3231 3813 3549 3871 Germania
3576 3818 3636 3870 et
3661 3814 3725 3870 in

2065 3897 2196 3954 aliis
2229 3899 2502 3972 partibus
2533 3903 2685 3956 Euro
2690 3919 2804 3974 pas.

2135 3991 2256 4045 863.
2288 3989 2532 4046 Carolus
2555 3988 3041 4063 archiepiscopus
3070 3990 3235 4047 obiit.
3283 3991 3388 4048 Cui
3410 3991 3724 4048 Lutbertus

2064 4079 2364 4136 successit.

2132 4171 2254 4225 864.

2130 4349 2252 4402 865.
2288 4346 2677 4403 Subitaneum
2725 4347 3016 4404 diluvium
3046 4353 3103 4405 et
3131 4350 3455 4406 vehemens
3484 4350 3719 4422 grando

2056 4435 2257 4507 fruges
2287 4436 2654 4510 absumpsit;
2687 4438 3008 4494 Anscarius
3037 4439 3358 4513 episcopus
3387 4440 3550 4497 obiit.

2128 4528 2250 4580 866.
2285 4525 2558 4582 Nicolaus
2583 4541 2745 4598 papa
2775 4526 2940 4583 obiit.
3204 4543 3209 4548 ·

2127 4616 2249 4670 867.
2282 4616 2501 4670 Ventus
2529 4613 2741 4684 ingens
2788 4631 2929 4671 cum
2958 4614 3194 4672 turbine
3224 4615 3416 4673 multa
3461 4616 3719 4675 aediﬁcia

2054 4701 2277 4758 stravit.

2054 4797 2058 4801 ’
2124 4793 2245 4847 868.
2279 4792 2492 4848 Fames
2519 4790 2721 4848 valida
2747 4795 2804 4848 et
2833 4793 3158 4849 vehemens
3183 4798 3302 4850 tam
3330 4795 3715 4852 Germaniam

2050 4897 2237 4954 quam
2263 4886 2506 4939 caeteras
2541 4884 2790 4954 Europae
2829 4883 3168 4955 provincias
3194 4883 3450 4940 nimium
3481 4883 3712 4942 afflixit.

2121 4970 2243 5028 869.
2279 4970 2514 5027 Lutheri
2548 4987 2652 5026 rex
2683 4987 2719 5026 a
2749 4973 3082 5028 Benevento
3113 4989 3410 5043 reversus,
3458 4989 3584 5046 quo
3632 4973 3713 5030 ob

2049 5059 2245 5115 fratris
2275 5060 2366 5116 sui
2403 5060 2767 5116 discordiam
2813 5060 3094 5117 Ludovici
3132 5061 3409 5135 perrexit,
3455 5064 3712 5119 Romam

2051 5149 2225 5211 venit,
2256 5149 2458 5222 ibique
2479 5148 2558 5205 ab
2584 5147 2884 5204 Hadriano
2899 5165 3061 5222 papa
3081 5150 3424 5219 damnatus,
3453 5151 3711 5207 domum

2046 5239 2282 5295 rediens
2313 5255 2452 5294 cum
2480 5238 2605 5294 suis
2634 5254 2787 5312 pene
2817 5239 3101 5295 omnibus
3128 5240 3317 5312 periit.

2115 5581 2263 5644 (113)
2291 5577 2340 5631 Ι.
2374 5591 2422 5632 e.
2458 5575 2782 5632 Hludowici
2811 5576 3139 5632 Germaniae
3170 5576 3345 5647 regis.
